4004 6200
151 353 256 410 453

972 347 1435 406 PACHYMERE
1474 348 1973 403 PARAPHRASIS
2009 349 2083 402 IN
2121 352 2277 403 EPP.
2317 353 2375 406 S.
2417 353 2759 408 DIONYBII.

3463 360 3568 414 454

154 478 392 553 quando
424 474 644 533 mentis
675 471 986 530 elationem
1015 492 1027 542 ;
1061 474 1161 530 sed
1195 490 1301 531 nec
1332 489 1439 546 Ope
1469 473 1666 529 divina
1697 471 2051 528 destituetur
2087 477 2350 546 eatenus,
2385 479 2471 547 ut,
2502 477 2640 533 dum
2675 477 2823 535 alios
2853 480 3250 553 reprehendit,
3284 488 3416 541 ruat
3445 484 3572 557 ipse

152 587 256 643 per
287 583 547 642 praeceps
577 565 640 620 iu
674 563 916 620 alteram
941 559 1267 635 quamlibet
1298 563 1469 637 lapsu
1502 561 1814 636 proclivem
1849 560 2302 634 blasphemiam.

575 683 688 737 ΕΙΣ
727 683 859 732 ΤΗΝ
899 679 1296 736 ΕΠΙΣΤΟΛΗΝ
1336 679 1406 734 Z'.
1849 678 1903 744 Α

233 783 295 838 Ὁ
357 779 516 853 ἅγιος
581 775 738 838 οὗτος
799 771 1160 850 Πολύκαρπος
1236 773 1494 849 Σμύρνης
1543 771 1596 828 ἂν
1666 770 1818 842 Ἀσίᾳ

2403 681 2475 739 IN
2515 684 2918 742 EPISTULAM
2972 687 3092 743 VII.

1999 777 2354 851 Polyoarpus
2386 780 2500 849 hic,
2532 781 2620 838 vir
2648 783 2873 839 eximiae
2906 785 3263 857 sanctitatis,
3311 789 3571 862 Smyrnae

163 865 378 948 γέγονεν
431 866 754 933 ἐπίσκοπος,
813 863 1089 939 ἀκροατὴρ
1146 863 1439 939 γενόμενος
1494 866 1591 918 τοῦ
1665 859 1818 949 ἁγίου

1980 867 2193 924 siaticue
2246 869 2355 925 fuit
2403 870 2734 945 episcopus,
2785 874 3018 931 auditor
3066 877 3324 949 primum
3385 859 3580 936 sancti

171 955 486 1013 ἀποστόλου
543 953 632 1008 καὶ
706 951 1092 1028 εὐαγγελιστοῦ
1147 951 1396 1010 Ἰωάννου
1458 954 1556 1006 τοῦ
1625 947 1821 1039 θεολό-

1980 957 2174 1026 postoli
2207 963 2263 1016 et
2293 961 2662 1034 evangelistae
2692 961 2958 1035 Joannis,
3001 947 3386 1039 cognomento
3409 971 3573 1028 thco-

168 1069 293 1123 γου,
355 1046 537 1109 καθὼς
597 1043 685 1098 καὶ
768 1041 1061 1116 Εἰρηναῖος
1119 1041 1171 1097 ἦν
1228 1047 1308 1115 τῷ
1382 1040 1550 1116 τρίτῳ
1622 1034 1822 1133 βιϐλίῳ

1980 1048 2085 1119 μεὶ;
2119 1049 2616 1120 quemadmodum
2643 1053 2896 1110 Irenaeus
2923 1055 2982 1110 in
3005 1058 3177 1113 tertio
3200 1075 3400 1115 eorum
3425 1078 3574 1133 quos

165 1143 272 1192 τῶν
355 1134 509 1190 Κατά
591 1139 690 1202 τῆς
776 1129 1136 1204 ψευδωνύμου
1211 1132 1466 1207 γνώσεως
1552 1132 1688 1202 (56),

1980 1136 2213 1193 dversus
2244 1137 2374 1194 falsi
2407 1140 2662 1196 nominis
2714 1139 3022 1200 scientiam
3057 1146 3309 1219 scripsit,
3341 1127 3572 1221 asserit,

171 1227 220 1282 οἱ
279 1223 516 1280 πα)αιοί
574 1220 822 1296 λέγουσι,
879 1220 1035 1295 φησὶ,
1095 1222 1181 1276 καὶ
1259 1219 1538 1296 μαρτυρίῳ
1601 1222 1682 1291 τῷ
1736 1215 1826 1272 διὰ

1980 1227 2282 1296 tmajores
2315 1243 2549 1301 quoque
2589 1231 2773 1287 nostri
2823 1231 3033 1290 litteris
3083 1215 3488 1307 prodiderunt.
3525 1215 3578 1294 Is

169 1315 345 1389 πυρὸς
379 1311 698 1380 ἐτελειώθη.
733 1311 887 1386 Ἔχει
939 1307 997 1364 δὶ
1049 1309 1346 1378 ὶπιστολὴν
1392 1310 1420 1364 ὁ
1468 1307 1634 1399 nuto:
1683 1308 1825 1366 θεῖος

1980 1331 2069 1385 ςιιο
2099 1316 2472 1389 absumptus,
2507 1317 2769 1392 martyrii
2794 1321 3038 1394 gloriam
3072 1323 3318 1399 adeptus
3349 1327 3580 1383 est.Ex-

169 1401 542 1478 Πολύκαρπος
594 1399 729 1474 πρὸς
789 1396 1223 1470 Φιλιππησίους.
1263 1397 1638 1455 Ἐπιστὲλλων
1695 1399 1824 1487 γοῦν

1980 1407 2262 1461 tatautem
2281 1405 2388 1461 viri
2416 1407 2596 1479 hujus
2621 1409 2984 1468 admirabilis
3007 1396 3307 1487 Polycarpi
3332 1413 3583 1487 epistola

171 1493 308 1568 πρὸς
361 1495 558 1545 τοῦτον
613 1489 640 1541 ὁ
688 1493 830 1550 θεῖος
889 1490 1168 1550 Διονύσιος
1224 1487 1290 1542 τὰ
1337 1487 1460 1560 περὶ
1490 1491 1588 1542 τοῦ
1619 1481 1830 1541 Ἀπολ-

1940 1491 2010 1546 ad
2056 1489 2480 1564 Pbiiippenses.
2529 1495 2729 1553 Adhuc
2771 1496 2955 1571 igitur
3004 1499 3206 1557 beatus
3246 1501 3582 1576 Dionysius,

175 1579 457 1658 λοφάνους
538 1574 804 1649 διέξεισιν,
864 1578 921 1639 ’ὸς
1001 1575 1213 1647 Ἕλλην
1292 1573 1389 1648 ὢν,
1440 1576 1530 1631 καὶ
1589 1573 1834 1636 Ἀσιανὸς

1980 1579 2127 1636 iissa
2157 1581 2403 1652 epistola
2433 1583 2504 1639 de
2535 1584 3112 1659 Apollophane,talia
3142 1573 3450 1648 edisserit:
3485 1573 3586 1664 qui

179 1669 514 1748 φιλόσοφος,
546 1666 734 1723 πολλά
785 1671 884 1723 τοῦ
944 1668 1103 1742 ἁγίου
1134 1669 1430 1743 κατηγόρει
1482 1671 1561 1739 τῷ
1618 1668 1833 1742 Χριστῷ

1980 1668 2182 1725 'entilis
2213 1685 2348 1726 cum
2387 1677 2561 1742 esset,
2595 1674 2988 1748 philosophus
3040 1679 3284 1752 insuper
3312 1675 3588 1751 Asianus,

176 1759 595 1838 προσελθόντος
629 1775 643 1791 ·
703 1757 882 1812 καίτοι
938 1778 1001 1832 γε
1055 1757 1168 1831 ἅμα
1237 1756 1418 1829 τούτῳ
1485 1753 1838 1832 συνεωρακὼς

1980 1755 2268 1842 dentidem
2301 1760 2666 1819 obtrectabat
2712 1769 2938 1834 sancto,
2991 1763 3194 1826 dolens
3243 1769 3397 1842 quod
3429 1768 3593 1826 Chri-

177 1851 247 1906 τα
305 1846 497 1903 πολλὰ
552 1845 730 1902 ἐκεῖνα
776 1847 866 1901 καὶ
925 1845 1298 1919 θαυμαστάτά
1327 1844 1415 1900 ἐπὶ
1456 1849 1525 1919 τῇ
1566 1844 1702 1900 κατά
1744 1843 1836 1899 τὸν

183 1939 422 2012 σταυρὸν
483 1934 694 2010 ἡλιακῇ
743 1935 978 2009 ἐκλείψει
1010 1938 1145 2010 (57).
1174 1937 1330 2010 Λέγει
1379 1939 1509 2010 γοῦν
1559 1934 1696 2007 πρὸς
1747 1934 1840 1988 τὸν

1949 1839 2155 1902 εῑιαηω
2183 1847 2316 1904 fidei
2366 1851 2734 1922 accessisset,
2784 1850 3017 1912 etiamsi
3061 1873 3194 1913 cum
3245 1839 3414 1915 beato
3460 1859 3598 1916 Dio-

1953 1936 2120 2008 nysio
2151 1951 2265 1993 non
2299 1951 2487 2010 pauca
2519 1939 2619 1998 illa
2666 1945 2724 1997 et
2771 1957 2904 2000 cum
2961 1943 3169 2018 primis
3218 1945 3397 2021 digna
3443 1949 3592 2006 255

190 2034 338 2086 θεῖον
373 2024 764 2100 Πολόκαρπον,
798 2024 880 2079 ὅτι
911 2027 1054 2100 Ἐγὼ
1107 2025 1202 2098 μὶν
1231 2023 1330 2080 οὐκ
1359 2022 1479 2080 οἶδα
1508 2023 1644 2100 πρός
1697 2043 1846 2087 τινας

1980 2023 2347 2083 idmiratione
2406 2042 2520 2085 una
2572 2032 2984 2104 perspexisset,
3039 2047 3168 2107 quae
3232 2035 3479 2093 Domino
3538 2036 3599 2094 in

190 2115 543 2194 ἒτεροδόξους
595 2113 782 2185 εἰπὼν,
825 2113 915 2169 καὶ
969 2112 1225 2190 διασύρας
1280 2115 1379 2183 τήν
1435 2113 1655 2169 ἐκείνων
1713 2125 1846 2189 θρη.

192 2209 401 2279 σκείαν,
435 2205 618 2282 ἀρκεῖν
647 2203 903 2277 οἰόμενος
931 2201 1010 2276 τῷ
1039 2203 1228 2278 ἀγαθῷ
1276 2204 1570 2278 ἀνθρώπῳ,
1602 2202 1689 2257 ἐὰν
1751 2199 1847 2256 δυ-

188 2297 386 2370 νηθείη
446 2295 578 2351 αὐτὸ
623 2295 741 2349 καθ’
784 2295 916 2349 αὐτὸ
965 2294 1027 2348 τὸ
1075 2293 1296 2364 ἀληθὲς,
1340 2295 1518 2356 καθὼς
1566 2289 1706 2367 ἔχει,
1755 2292 1847 2346 καὶ

188 2392 396 2462 γνῶναι
428 2385 523 2439 καὶ
555 2383 749 2440 εἰπεῖν.
782 2386 984 2456 Ὥσπερ
1027 2382 1129 2458 γὰρ
1175 2381 1274 2438 οὐκ
1319 2377 1437 2459 ἔχει
1484 2382 1650 2457 λόγον
1703 2382 1846 2436 συνί-

191 2476 415 2532 στασθαι
445 2475 512 2528 τὸ
539 2472 764 2543 ἀληθὲς,
797 2470 857 2527 ἐκ
884 2477 980 2528 τοῦ
1009 2472 1071 2526 τὸ
1097 2468 1296 2545 ψεῦδος
1327 2470 1646 2546 ἐλέγχεσθαι
1677 2489 1690 2504 ⁶
1725 2468 1849 2524 ἀλλ’

192 2565 325 2622 αὐτὸ
380 2565 505 2628 καθ’
536 2564 668 2618 αὐτὸ
717 2560 976 2639 αὔταρκές
1022 2561 1164 2618 ἐστιν
1217 2562 1292 2625 εἲς
1334 2564 1396 2617 τὸ
1419 2569 1580 2618 πᾶσιν
1628 2560 1847 2640 ἀναφαί-

189 2677 295 2712 νειν
331 2655 439 2722 τήν
502 2653 696 2707 ἱαυτοῦ
747 2651 1135 2728 λαμπρότητα,
1168 2649 1266 2707 κᾶν
1314 2652 1661 2727 συγκρίνηται
1713 2651 1849 2726 πρὸς

193 2745 256 2800 τὸ
287 2747 519 2817 ψεῦθος,
549 2739 645 2796 κᾶν
678 2739 739 2796 οὗ
773 2740 1116 2817 συγκρίνηται
1152 2760 1165 2774 °
1211 2741 1426 2814 μᾶλλον
1477 2741 1570 2815 μὶν
1623 2742 1712 2796 οὖν
1759 2739 1852 2796 καὶ

194 2840 292 2902 τῆς
326 2830 537 2894 οἷκείας
566 2827 846 2903 δυνάμεως
879 2832 995 2885 οἷον
1019 2830 1187 2884 εἰπεῖν
1205 2826 1535 2885 κινδυνεύσει
1556 2829 1618 2885 οὐ
1647 2830 1709 2884 τὸ
1735 2826 1854 2883 δλάο

197 2942 393 2999 χιστον
422 2914 889 2994 προσαποϐαλεῖν,
909 2916 1160 2990 δόξαντός
1186 2937 1327 2974 τισιν
1359 2919 1422 2974 οὐ
1451 2920 1568 2974 καθ’
1599 2917 1728 2974 αὐτὸ
1752 2918 1853 2987 τὴν

201 3010 363 3086 ἰσχὺν
397 3006 547 3084 ἔχειν
584 3026 598 3038 ·
635 3006 780 3064 ἀλλὰ
810 3012 908 3064 τοῦ
939 3007 1113 3080 πάντη
1156 3008 1410 3072 ἀσθενοῦς
1464 3007 1854 3086 ἆλεγχομὲνου,

206 3097 467 3170 δηλονότι
498 3103 597 3154 τοῦ
618 3095 870 3172 ψεύδους,
896 3097 1140 3168 αὐτὸ,ὠς
1175 3100 1250 3172 μὴ
1282 3102 1529 3154 τοιοῦτον
1559 3097 1858 3170 τελιως,τὸ

203 3191 410 3264 κράτος
458 3187 800 3262 κληροῦσθαι
834 3207 847 3220 ·
883 3187 1057 3251 οὕτως
1111 3184 1224 3243 οὐδ’
1254 3187 1485 3264 ἀγαθοὺς
1540 3187 1862 3261 ἀνθρώπους

209 3280 420 3351 πρέπον
452 3276 566 3332 ιστὶ
599 3275 941 3332 συνίστασθαι
969 3278 1105 3332 κατᾶ
1131 3278 1193 3332 τὸ
1224 3277 1422 3333 οἰκεῖον
1456 3271 1637 3347 σῦϐας,
1661 3276 1736 3339 ὡς
1765 3296 1861 3330 κα-

209 3367 325 3429 λῶς
357 3363 727 3434 πιστεύουσιν,
758 3365 864 3420 ἀπὸ
889 3370 986 3420 τοῦ
1014 3361 1426 3442 καθυϐρίζεσθαι
1470 3365 1600 3428 τοὺς
1648 3365 1864 3441 ἑτάρους

211 3421 728 3531 ἢέξελὲγχεσθιιζ
777 3452 923 3509 ἀλλὰ
999 3421 1119 3518 ιιιίθζ
1176 3421 1372 3518 αὐτοὺς
1429 3421 1763 3526 ἆξετάξεσθέι
1816 3421 1865 3508 si
1895 3421 1939 3491 C

214 3547 314 3622 ἄρα
371 3541 516 3615 ἄξιοί
576 3541 677 3599 εἶσι
739 3543 1066 3617 θαυμασμοῦ
1121 3551 1222 3614 τῆς
1258 3544 1427 3620 ὀρθῆς
1479 3544 1705 3620 κρίσεως
1751 3541 1869 3598 “vs-

213 3656 280 3690 κα
340 3636 480 3707 (58)’
513 3637 610 3689 τοῦ
665 3632 764 3709 γὰρ
821 3630 1086 3704 ἀληθοῦς,
1119 3634 1148 3688 ’ὀ
1177 3633 1229 3688 τί
1266 3635 1403 3689 ποτέ
1451 3632 1616 3706 ἐστιν,
1649 3629 1872 3688 ἀποδει-

218 3724 484 3798 κνυμὲνου
541 3723 658 3776 κατ’
689 3721 849 3778 αὐτὸν
897 3723 988 3778 τὸν
1047 3729 1146 3792 τῆς
1196 3721 1453 3793 ἀληθείας
1481 3722 1650 3796 νόμον
1683 3720 1870 3796 (νόμος

222 3812 276 3868 δὲ
324 3812 594 3884 ἀληθείας
648 3812 709 3867 τὸ
766 3813 880 3866 καθ’
907 3811 1075 3880 αὐτὴν
1130 3811 1505 3883 ἰξετάζεσθαι),
1564 3812 1655 3866 καὶ
1711 3813 1875 3866 καθα-

222 3907 329 3978 ρῶς
362 3899 685 3973 ἑστηκότος,
715 3905 818 3955 πᾶν
847 3901 910 3955 τὸ
941 3898 1128 3964 ἄλλως
1161 3899 1289 3976 ἕχον
1320 3899 1410 3956 καὶ
1447 3895 1873 3976 ὑποκρινόμενον

220 3995 318 4061 τὴν
349 3989 614 4061 ἀλήθειαν
647 3988 1041 4066 ἐλεγχθήσεται
1085 3987 1267 4066 ἕτερον
1317 3989 1453 4046 κατά
1485 3989 1744 4064 ἀνόμοιον
1775 3995 1875 4046 τοῦ

223 4079 392 4143 ὄντως
427 4077 608 4150 ὄντος,
633 4076 801 4154 ἤγουν
833 4083 931 4134 τοῦ
959 4077 1222 4148 ἀληθοῦς·
1255 4083 1346 4135 καὶ
1380 4077 1574 4135 δοκοῦν
1606 4078 1878 4155 ἐλεγχθή-

225 4192 372 4226 σεται
409 4168 626 4243 μᾶλλον
659 4169 694 4237 ἢ
727 4164 808 4226 ὅν.
837 4167 1096 4244 Περιττὸν
1140 4168 1321 4223 τοίνυν
1371 4169 1463 4223 τὸν
1513 4167 1601 4224 ἐπὶ
1661 4168 1875 4224 πάντων

227 4260 466 4336 λέγοντα
513 4260 603 4314 καὶ
651 4262 982 4333 φανεροῦντα
1041 4258 1137 4327 τὴν
1168 4258 1455 4329 ἀλήθειαν,
1487 4260 1623 4334 πρὸς
1649 4259 1878 4321 τούτους

227 4349 263 4418 ἢ
294 4347 540 4412 ἐκείνους
586 4346 978 4422 διαμάχεσθαι.
1008 4348 1270 4410 Ἕκαστος
1319 4350 1446 4424 γὰρ,
1493 4346 1879 4422 πλανώμενος,

229 4439 401 4495 οἴεται
433 4440 535 4507 τήν
567 4437 826 4508 ἀλήθειαν
858 4439 1134 4514 κατέχειν,
1165 4436 1346 4514 ὥσπερ
1379 4460 1433 4494 τι
1485 4437 1766 4514 βασιλικὸν
1794 4440 1882 4494 νόο

230 4551 413 4604 μισμα
447 4548 460 4560 ’
493 4527 585 4584 καὶ
619 4526 747 4590 ἴσως
778 4530 996 4604 κατέχει
1039 4527 1237 4604 μορίου
1280 4529 1426 4590 τινὸς
1470 4531 1567 4597 τῆς
1599 4526 1884 4601 ἀληθείας,

230 4619 292 4674 οὐ
358 4620 474 4692 μήν
530 4639 592 4694 γε
648 4620 826 4687 πάσης
883 4624 982 4686 τῆς
1040 4617 1300 4688 ἀληθείας
1368 4617 1652 4689 ἀπατηλὸν
1722 4616 1885 4674 εἷ’δω·

231 4708 326 4764 λον
535 4709 844 4780 Θαυμάσιον
897 4703 957 4760 δὶ
978 4707 1071 4761 καὶ
1098 4708 1161 4761 τὸ
1193 4703 1422 4761 εἴδωλον
1453 4710 1589 4781 (60),
1622 4708 1757 4762 καθὸ
1794 4706 1886 4762 καὶ

233 4793 644 4866 εἰδωλολάτραι
675 4793 994 4865 καλοῦνται,
1021 4796 1096 4859 ὡς
1129 4793 1383 4859 εἰδώλοις
1427 4795 1734 4867 ἀπατηλοῖς
1788 4817 1888 4870 μοι

232 4888 356 4962 ρίου
383 4885 646 4956 ἀληθείας
679 4884 1052 4961 λατρεύοντες,
1085 4884 1375 4963 φάσκοντες
1424 4885 1552 4949 τοὺς
1612 4886 1675 4941 οὗ
1735 4885 1892 4949 θεοὺς

233 4975 410 5046 θεοὺς,
461 4976 549 5031 καὶ
607 4977 671 5030 τὸ
728 4974 1088 5052 ἀφειλόμινον
1136 4980 1217 5048 τῷ
1250 4979 1369 5048 Θεῷ
1419 4971 1577 5039 σέϐας
1635 4973 1712 5038 είς
1766 4973 1894 5037 τοὺς

233 5063 633 5139 ψευδωνύμως
689 5063 844 5126 θεοὺς
893 5062 1277 5138 ἀπονέμοντες.
1336 5059 1483 5120 Λάϐε
1556 5063 1733 5120 τοίνυν
1800 5065 1892 5120 τὸν

239 5155 331 5227 μὶν
364 5156 446 5228 μή
480 5151 742 5224 ἀλήθειαν
777 5151 978 5230 ἔχοντα
1008 5153 1083 5217 ὡς
1138 5153 1229 5208 τὸν
1288 5153 1353 5209 τὸ
1406 5151 1688 5229 βασιλικὸν
1735 5153 1895 5210 and.

236 5264 411 5321 χοντα
465 5243 738 5317 νόμισμα.
788 5242 853 5300 Εἰ
901 5245 1033 5318 γοῦν
1088 5243 1246 5305 οὗτος
1310 5240 1613 5319 ἰξελὲγχειν
1695 5245 1898 5318 πειρώ-

240 5355 404 5406 μενος
435 5334 568 5396 τοὺς
598 5334 677 5405 μὴ
707 5335 1039 5408 κατέχοντας
1071 5334 1165 5388 καὶ
1218 5331 1528 5406 οἰομένους,
1558 5331 1656 5388 κᾶν
1707 5337 1897 5388 τοῦτον

240 5423 522 5500 title-(Ep,
577 5422 762 5495 ἕτερος
837 5419 1211 5500 φιλονεικήσει
1249 5441 1262 5455 ⁸

247 5711 350 5755 τως
412 5688 579 5765 ἔχον,
617 5687 750 5746 αὐτὸ
808 5691 895 5766 ὑφ’
943 5689 1135 5748 ἐαυτοῦ
1189 5687 1684 5763 καταϐληθήσεται,
1730 5709 1899 5767 προσ-

1321 5419 1419 5478 κᾶν
1478 5421 1665 5494 αὐτὸν,
1717 5420 1900 5498 Rapo:

243 5513 414 5570 πάλιν
448 5533 463 5546 ·
498 5511 600 5567 κᾶν
653 5513 805 5574 αὖθις
859 5515 1076 5585 τοῦτον,
1132 5509 1314 5588 ἕτερος
1375 5511 1753 5583 ἀναστήσεται.
1787 5515 1901 5571 Τοῦ

246 5602 373 5677 γοῦν
403 5600 655 5671 ἀληθοῦς
681 5598 1064 5677 ἀνεξελὲγκτου
1101 5603 1386 5675 μένοντος,
1415 5607 1522 5657 πᾶν
1566 5603 1632 5658 τὸ
1681 5603 1760 5676 μὴ
1807 5595 1902 5658 οὔ.

1956 2129 2130 2170 cruce
2159 2117 2450 2187 pendente
2479 2119 2853 2191 contigerunt
2901 2137 3004 2194 per
3046 2125 3235 2180 solare
3284 2123 3427 2181 illud
3463 2123 3602 2182 deii-

1957 2203 2185 2274 quium.
2219 2204 2371 2260 Dicit
2413 2206 2595 2278 igitur
2641 2213 2842 2265 sancto
2883 2209 3200 2284 Polycarpo
3253 2229 3265 2269 :
3315 2212 3599 2286 Equidem

1959 2291 2103 2346 mihi
2133 2293 2406 2350 conscius
2431 2307 2546 2350 non
2577 2309 2708 2352 sum
2735 2297 2952 2354 dixisse
2983 2299 3298 2372 aliquando
3322 2302 3606 2358 adversus

1957 2379 2199 2436 alterius
2223 2390 2392 2439 sectis
2413 2385 2792 2456 professores,
2814 2393 2914 2443 aut
2937 2388 3172 2444 illorum
3193 2392 3600 2448 caeremoniam

1958 2469 2304 2541 cultumque
2325 2486 2586 2544 unquam
2609 2473 2761 2545 stylo
2780 2476 3489 2548 perstrinxisse,suflicere
3513 2498 3604 2537 ar-

1959 2557 2213 2616 bitratus
2243 2561 2317 2628 ei,
2348 2561 2447 2633 qui
2481 2563 2668 2620 bonus
2692 2578 2820 2621 esse
2843 2567 3108 2639 pergit,si
3132 2567 3370 2641 id,quod
3400 2583 3605 2626 verum

1960 2649 2277 2722 est,ipsum
2295 2652 2618 2708 secundum
2652 2669 2713 2709 se
2744 2653 2921 2710 sicuti
2938 2668 3001 2711 se
3022 2654 3400 2729 habet,nosse
3423 2655 3611 2732 possit

1961 2737 2139 2793 simul
2183 2743 2240 2794 et
2308 2751 2663 2812 expromere.
2719 2743 3224 2807 Quemadmodum
3275 2746 3432 2804 enim
3485 2745 3608 2802 ulla

1962 2829 2222 2899 suppetit
2251 2828 2399 2884 ratio
2429 2831 2851 2887 constituenda:
2882 2835 3434 2892 commendandaeve
3456 2835 3612 2892 veri-

1961 2915 2100 2972 tatis
2130 2933 2198 2973 ex
2226 2929 2314 2984 eo,
2348 2917 2500 2990 quod
2539 2921 2909 2979 mendacium
2935 2920 3614 2998 deprehenditur,quan-

1967 3005 2039 3061 do
2070 3005 2199 3078 ipsa
2229 3008 2554 3064 secundum
2586 3023 2646 3066 se
2677 3011 2908 3066 abunde
2940 3026 3005 3070 se
3034 3012 3331 3069 sufﬁcitin
3358 3029 3624 3071 commu-

1968 3107 2040 3150 ne
2069 3095 2345 3152 omnibus
2369 3097 2560 3170 palam
2577 3113 2840 3156 exserere
2863 3100 3125 3158 nativum
3153 3119 3325 3158 suum
3350 3103 3624 3176 splendo-

1969 3201 2114 3252 rem,
2141 3185 2263 3242 aive
2290 3202 2358 3242 ea
2387 3203 2519 3243 cum
2553 3189 2857 3247 mendacio
2889 3195 3294 3264 componatur,
3327 3194 3447 3250 sive
3479 3209 3619 3250 non.

1971 3274 2121 3341 Quin
2153 3275 2347 3347 potius
2381 3276 2809 3348 periclitabitur
2835 3280 2908 3351 (si
2932 3280 3124 3338 dicere
3146 3279 3234 3337 fas
3261 3281 3354 3354 sit)
3378 3297 3490 3338 non
3511 3283 3620 3338 mi-

1973 3364 2196 3420 nimam
2228 3365 2554 3437 portionem
2579 3367 2895 3440 deperdere
2936 3369 3186 3443 proprias
3214 3368 3450 3427 virtutis
3484 3386 3496 3426 :
3522 3370 3623 3428 ubi

1978 3454 2335 3526 quibusdam
2363 3455 2492 3512 visa
2514 3457 2688 3512 fuerit
2719 3471 3086 3530 nequaquam
3119 3458 3235 3515 vim
3269 3459 3428 3516 illam
3454 3475 3622 3516 suam

1979 3543 2243 3600 obtinere
2273 3549 2480 3617 suapte
2511 3548 2852 3614 natura,sed
2871 3548 3120 3619 pendere
3141 3565 3209 3604 ex
3229 3550 3358 3620 ejus
3380 3549 3624 3606 demon-

1979 3633 2282 3700 stratione,
2315 3635 2471 3705 quod
2504 3637 2663 3690 omni
2694 3649 2762 3691 ex
2793 3641 2955 3708 parte
2987 3636 3294 3694 inﬁrmum
3327 3637 3620 3706 est,nimi-

1981 3735 2112 3776 rum
2139 3737 2207 3777 ex
2235 3721 2544 3778 collatione
2576 3724 2888 3790 mendacii,
2921 3724 3090 3796 quasi
3121 3739 3253 3782 vero
3286 3725 3484 3782 minus
3515 3741 3622 3798 per

1981 3823 2044 3866 se
2075 3811 2406 3866 absolutam
2437 3816 2494 3867 et
2522 3813 2819 3869 efﬁcacem
2865 3814 3189 3886 potentiam
3227 3814 3434 3871 sortito
3479 3813 3628 3871 obti-

1983 3901 2225 3956 neat.Ad
2257 3902 2531 3957 eumdem
2563 3903 2800 3958 modum
2835 3904 3179 3975 neutiquam
3215 3903 3457 3960 addecet
3477 3903 3633 3960 viros

1984 3993 2048 4045 ut
2075 3991 2263 4046 bonos
2291 3989 2605 4063 praedicam
2634 3991 2878 4064 propriis
2906 3992 3208 4065 religionis
3249 3993 3629 4053 commenda-

1983 4078 2164 4146 tione,
2195 4079 2366 4151 quasi
2397 4079 2507 4136 hoc
2538 4081 2776 4136 nomine
2806 4085 2972 4137 rectae
3001 4080 3122 4137 sint
3150 4081 3474 4153 ﬁdei,quod
3498 4081 3637 4138 alio-

1987 4181 2118 4223 rum
2151 4173 2342 4224 sectas
2373 4169 2572 4225 norint
2589 4167 2816 4225 fortiter
2839 4168 3070 4242 probris
3092 4181 3401 4244 aspergere
3425 4176 3527 4228 aut
3548 4187 3635 4228 re-

1988 4260 2367 4333 prehendere;
2384 4261 2574 4333 magis
2590 4275 2724 4318 vero
2741 4263 3069 4318 secundum
3085 4278 3148 4319 se
3164 4265 3527 4336 expendendi
3544 4278 3638 4320 ve-

1989 4349 2163 4404 niunt
2190 4353 2249 4405 et
2277 4349 2667 4418 examinandi,
2697 4350 2747 4405 si
2779 4347 2994 4407 mirum
3036 4352 3200 4424 digni
3232 4353 3351 4408 sint
3382 4352 3638 4408 admirao

1990 4439 2148 4495 tione
2203 4443 2440 4511 propter
2478 4442 2700 4494 rectum
2748 4440 3072 4510 judicium.
3131 4441 3245 4496 Hoc
3293 4442 3451 4497 enim
3502 4458 3636 4499 vero

1991 4529 2408 4600 (quodcunque
2427 4529 2665 4584 tandem
2694 4528 2842 4585 illud
2863 4530 2976 4600 est)
2995 4530 3638 4599 demonstrato,secun-

1993 4619 2135 4673 dum
2162 4618 2353 4689 ipsam
2381 4618 2569 4690 legem
2600 4618 2883 4686 veritatis,
2915 4619 3008 4674 lex
3032 4624 3225 4675 autem
3257 4618 3517 4676 veritatis
3549 4622 3640 4676 est

1993 4707 2109 4763 tale
2136 4705 2358 4779 aliquid
2391 4708 2714 4764 secundum
2745 4709 2936 4780 ipsam
2958 4707 3263 4764 veritatem
3293 4709 3643 4781 eapendere)

1918 4817 1966 4884 Ι)
1995 4801 2054 4854 et
2084 4797 2386 4852 sinceriter
2415 4801 2740 4864 constante,
2773 4797 3057 4868 quidquid
3090 4797 3361 4869 est,quod
3383 4796 3552 4853 aliter
3583 4813 3647 4854 se

2000 4885 2179 4943 habet
2199 4886 2598 4960 mentiturque
2619 4887 3332 4954 veritatem,couvincetur
3346 4885 3649 4954 falsitatis;

2002 4975 2408 5046 dissimileque
2436 4980 2494 5031 et
2521 4973 2679 5032 aliud
2713 4989 2891 5047 quam
2922 4989 2984 5030 re
3015 4975 3144 5048 ipsa
3173 4974 3538 5047 sit,alienum
3561 4976 3651 5032 vi-

2002 5064 2211 5120 delicet
2231 5081 2266 5120 a
2284 5065 2526 5121 veritate
2550 5063 2800 5134 (etiamsi
2824 5077 2956 5121 esse
2972 5064 3238 5120 videatur
3260 5063 3450 5138 magis
3473 5079 3650 5137 quam

2006 5155 2105 5225 sit)
2132 5157 2481 5226 coarguatur
2507 5155 2768 5210 tandem.

2074 5244 2582 5315 Supervacaneum
2601 5257 2735 5300 vero
2754 5242 2834 5298 sit
2858 5242 3127 5314 eum,qui
3157 5243 3230 5300 de
3247 5242 3525 5300 omnibus
3549 5257 3650 5316 pa-

2007 5337 2101 5390 rat
2129 5333 2527 5403 dicere,simul
2549 5337 2607 5388 et
2625 5332 2963 5389 varietatem
2985 5331 3239 5389 assumit
3257 5334 3647 5390 maniiestan-

2007 5422 2522 5488 dam,velitaribus
2546 5421 2739 5478 verbis
2767 5422 3108 5496 depugnem
3128 5423 3530 5480 adversusbos
3553 5425 3654 5480 aut

2009 5511 2499 5570 illos.Arbitratur
2528 5510 2684 5567 enim
2707 5511 3294 5585 quivit,quantolibet
3313 5513 3365 5569 is
3390 5516 3658 5570 teneatur

2010 5602 2332 5659 obstrictus
2359 5615 2578 5670 errore,
2608 5617 2785 5675 penes
2806 5613 2870 5660 sa
2896 5613 3030 5659 esse
3057 5602 3381 5670 veritatem,
3415 5601 3657 5675 perinde

2013 5697 2184 5766 atque
2211 5693 2437 5766 regium
2469 5693 2768 5765 quoddam
2799 5692 3119 5751 numisma.
3152 5692 3222 5750 Et
3262 5692 3511 5752 fortasse
3541 5691 3656 5749 ali-
