4004 6200
439 247 546 300 455

433 459 714 529 veritatis)
730 458 1048 530 imaginem
1064 456 1376 514 subdolam
1394 454 1938 512 tenet.Admirabile
1951 470 2082 510 vero

437 550 612 605 etiam
649 545 822 601 εωλον
855 564 956 604 seu
986 545 1206 618 imago,
1240 544 1538 617 particulae
1555 543 2085 615 veritatis,propter

437 639 592 709 quod
623 635 942 693 idololatras
964 639 1347 701 vocantur,ut
1377 634 1481 704 qui
1511 632 1738 690 cultum
1767 632 2082 688 exhibeant

436 726 889 796 idolis,fucatam
923 729 982 781 et
1001 723 1266 780 fallacem
1291 722 1639 795 particulam
1659 721 1924 777 veritatis
1967 737 2081 793 pre

434 833 498 871 se
521 811 1698 884 ferentibuszdeosqueasserant,quinihil
1721 809 1920 866 minus
1943 813 2084 865 sunt

432 921 610 976 quam
643 903 722 959 dii
749 922 764 974 ;
793 902 1195 960 venerabilem
1227 901 1380 958 256
1403 899 1645 972 insuper
1672 896 2081 955 caeremoniam

433 998 546 1050 Deo
577 993 688 1049 soli
719 991 977 1048 debitam
1028 990 1087 1046 in
1122 989 1269 1046 tales
1320 989 1626 1045 conferant
1672 993 1730 1045 et
1777 988 2085 1059 patiantur

431 1084 707 1141 ementito
739 1081 975 1137 nomine
1003 1081 1158 1137 deos.
1211 1081 1360 1136 Eum
1403 1080 1604 1153 igitur,
1646 1078 1746 1150 qui
1778 1077 2080 1134 veritatem

431 1190 608 1246 penes
640 1189 702 1228 se
733 1171 929 1237 habet,
957 1169 1219 1241 intellige
1247 1169 1344 1224 hic
1373 1169 1698 1240 dici,quasi
1732 1167 1833 1239 qui
1854 1168 2081 1240 regium

428 1261 727 1318 numisma
756 1259 1076 1330 possideat.
1103 1259 1265 1323 Quod
1299 1257 1349 1314 si
1379 1257 1473 1313 hic
1505 1262 1750 1313 conetur
1779 1273 1879 1312 eos
1910 1273 2081 1327 argu-

427 1350 644 1407 mentis
675 1349 960 1417 evincere,
993 1348 1094 1420 qui
1134 1346 1441 1404 veritatem
1473 1347 1713 1418 quidem
1750 1346 1940 1418 ipsam
1963 1362 2081 1402 non

425 1441 1130 1510 assequuntur,putantes
1154 1437 1375 1509 alioqui
1397 1453 1460 1493 e
1477 1452 1606 1493 eam
1629 1435 2081 1506 assecutos,sive

424 1527 581 1583 hunc
612 1526 710 1582 ille
739 1530 1043 1598 coarguat,
1072 1525 1221 1582 alter
1268 1526 1632 1583 contentiosa
1689 1525 1805 1582 sibi
1853 1528 2080 1582 astruet

422 1616 769 1684 victoriam;
812 1614 934 1672 sive
983 1615 1165 1672 istum
1217 1615 1630 1688 reprehendat,
1675 1631 1885 1670 rursus
1932 1613 2080 1670 alter

428 1705 896 1773 conﬂictabitur;
930 1703 1114 1760 alium
1155 1703 1410 1775 denique
1454 1703 1502 1759 si
1551 1703 1866 1774 incuset,et
1890 1701 1942 1758 is
1973 1703 2076 1758 ad-

427 1811 632 1851 versus
663 1811 726 1850 se
756 1793 1125 1848 incusantem
1156 1792 1468 1848 restitabit.
1501 1792 1758 1849 Veritate
1781 1796 1979 1848 tamen
2001 1791 2076 1848 ir-

429 1882 876 1956 reprehensibili
907 1887 1307 1955 permanente,
1343 1881 1629 1954 quidquid
1678 1881 1825 1938 illud
1876 1881 2073 1952 fuerit,

427 1982 583 2054 quod
617 1999 731 2038 non
765 1981 845 2037 ita
866 1997 929 2036 se
949 1980 1383 2052 habeat,ipsum
1414 1996 1447 2034 a
1477 1979 1670 2051 seipso
1693 1977 1996 2048 dejicietur
2017 1981 2075 2034 et

426 2071 694 2128 concidet
719 2089 732 2139 ;
762 2071 863 2126 ubi
883 2069 1041 2126 enim
1065 2069 1254 2140 ipsam
1277 2069 1582 2125 veritatem
1603 2067 2074 2136 offendorit,mox

424 2159 747 2217 invincibili
772 2157 1097 2215 constantia
1117 2158 1378 2214 veritatis
1401 2156 1674 2229 repulsus
1696 2160 1827 2212 ruet
1845 2156 1906 2212 in
1931 2172 2074 2228 prm-

425 2249 736 2320 ceps.Nam
769 2249 1002 2321 quando
1034 2249 1316 2304 adversus
1335 2246 1637 2303 veritatem
1669 2244 1816 2300 nihil
1842 2245 2072 2301 obtine-

426 2340 512 2394 bit
541 2338 768 2394 falsitas
800 2339 943 2409 (Ι)ωο
973 2338 1130 2393 enim
1166 2336 1251 2391 illi
1291 2352 1522 2409 semper
1552 2339 1619 2391 ut
1649 2334 1942 2392 contraria
1969 2334 2071 2389 ad-

424 2429 709 2493 versatur)
743 2443 985 2498 prorsus
1031 2426 1158 2497 ipsa
1202 2424 1428 2481 falsitas
1470 2425 1778 2496 impinget,
1829 2423 2072 2495 ipsaque

424 2524 674 2572 corruet.
708 2518 843 2583 Quae
872 2515 1030 2572 enim
1082 2513 1207 2570 ollas
1252 2515 1324 2569 ad
1375 2513 1624 2570 lsbetem
1673 2510 1906 2568 collatio
1937 2509 2072 2566 est?

423 2606 556 2678 Ipsa
579 2605 818 2678 quidem
841 2603 1129 2675 impinget
1157 2602 1333 2658 lebeti
1369 2619 1383 2658 :
1416 2608 1475 2658 at
1504 2602 1708 2658 eadem
1736 2599 2070 2672 confringe-

422 2698 536 2750 tur.
572 2694 689 2749 Hoc
718 2693 916 2764 igitur,
951 2692 1009 2746 ni
1047 2690 1233 2761 fallor,
1269 2691 1448 2762 probe
1478 2706 1613 2745 cum
1643 2694 1896 2756 teneam,
1922 2686 2070 2743 nihil

423 2781 484 2837 in
516 2782 667 2838 hanc
696 2784 922 2854 partem
945 2778 1280 2849 incubui,ut
1309 2779 1590 2834 adversus
1609 2791 1970 2848 quamquam
1986 2774 2070 2830 vi-

437 2871 610 2927 derer
638 2868 960 2925 conﬂictari
992 2867 1266 2924 voluisse.
1293 2867 1449 2922 Satis
1478 2865 1626 2922 mihi
1653 2867 1868 2922 factum
1901 2868 2070 2936 puta-

429 2959 520 3024 bo,
548 2957 597 3013 si
630 2958 867 3028 quidem
899 2956 1133 3012 donarit
1166 2961 1314 3012 Deus
1347 2972 1360 3011 :
1395 2957 1461 3010 ut
1489 2972 1615 3027 quae
1635 2954 1938 3011 veritatem
1967 2953 2072 3008 ad-

433 3047 658 3114 decent,
709 3033 966 3100 noverim
1018 3045 1275 3116 primum
1310 3060 1324 3112 ;
1377 3045 1606 3113 deinde,
1647 3047 1712 3099 ut
1741 3059 1871 3114 quae
1902 3042 1974 3097 de
2003 3057 2072 3097 ea

2107 1750 2155 1815 B

1225 242 1617 298 .APPENDIX
1656 244 1754 296 AD
1793 241 2034 296 orsaa
2070 243 2128 295 s.
2169 242 2483 298 momen
2522 246 3023 305 AREOPAGITJE.
3718 258 3802 315 456

430 371 599 442 cujus
613 368 911 442 particulae
925 367 1604 439 veritatis(nequaquam
1629 383 1760 422 vero
1787 366 2069 422 universae

2185 369 2416 439 κροῦσαν
2467 367 2560 438 μὶν
2601 373 2681 442 τῷ
2710 368 2909 441 ἀληθεῖ
2933 375 3067 446 (61),
3100 373 3230 430 αὐτὸ
3257 373 3314 430 δὲ
3344 378 3504 432 πεσὸν
3537 382 3601 451 τῇ
3627 379 3772 451 ἁηττή

2223 428 2231 439 '
2467 428 2478 438 ‘
2654 428 2665 442 ο
2805 428 2816 441 ι
2935 428 2949 446 \
3027 428 3067 444 n
3268 428 3310 430 νν
3352 428 3495 432 ην-ν-
3548 428 3601 451 π,
3629 428 3775 452 ν--μη,

2191 473 2272 525 τῳ
2327 455 2503 510 στάσει
2547 459 2646 526 τῆς
2695 457 2954 528 ἀληθείας
3003 462 3372 540 ἀποκρουσθὲν
3405 484 3418 497 ·
3453 465 3563 521 ἐπεί
3613 469 3703 544 γὰρ
3755 472 3804 526 οὗ

2191 542 2506 618 κατισχύσει
2538 547 2669 600 ποτὲ
2715 553 2814 617 τῆς
2861 547 3120 618 ἀληθείας
3171 553 3232 607 τὸ
3291 551 3509 628 ψεῦδος,
3539 542 3634 610 ἀεὶ.
3659 554 3708 612 δὶ
3744 559 3804 621 ὡς

2195 627 2425 685 ἐναντίον
2478 631 2712 708 μάχεται
2765 640 2925 691 τοῦτο
2971 635 3174 715 ἐκείνῃ,
3217 643 3435 706 παντως
3490 642 3614 698 αὐτὸ
3668 665 3806 719 προσ-

2192 718 2430 794 κρούσει,
2463 722 2552 775 καὶ
2609 723 2740 778 αὐτὸ
2793 731 3032 781 πεσεῖται
3092 730 3225 803 (62).
3279 729 3379 792 Τίς
3428 729 3528 806 γὰρ
3586 718 3806 788 κοινωνία

2193 805 2399 883 χύτρας
2443 811 2578 885 πρὸς
2626 807 2874 883 Mensa;
2929 814 3060 870 αὐτὸ
3117 805 3504 892 προσκρούσει,
3560 821 3647 875 καὶ
3701 822 3807 878 αὐτὸ

2193 895 2670 969 συνθλασθήσεται.
2715 906 2883 958 Τοῦτο
2943 909 3097 980 γοῦν,
3159 906 3236 968 ὡς
3295 907 3472 980 οἶμαι,
3528 907 3700 972 καλῶς
3748 910 3804 966 εἴ·

2193 981 2320 1057 δὼς,
2361 986 2460 1042 οὐκ
2512 985 2741 1044 ἔσπευσα
2795 991 2933 1067 πρός
2988 1014 3138 1057 τινας
3197 992 3673 1072 διαμαχέσασθαι·
3703 998 3806 1055 ἀλλ’

2192 1073 2374 1127 ἱκανόν
2407 1096 2500 1148 μοι
2532 1081 2694 1132 τοῦτο
2744 1075 2866 1151 δοίη
2918 1082 3072 1153 Θεὸς,
3103 1089 3323 1158 πρῶτον
3372 1087 3657 1161 γινώσκειν
3707 1089 3805 1161 περῖ

2187 1168 2289 1251 τῆς
2318 1161 2576 1251 ᾲληθείας
2605 1167 2680 1229 ὡς
2722 1164 2804 1223 δεῖ
2835 1187 2848 1202 ·
2882 1171 3093 1226 κᾶπειτ’
3127 1169 3334 1242 εἰδότα,
3363 1172 3544 1249 λέγειν
3579 1177 3650 1238 ὡς
3697 1178 3807 1251 χρή.

2192 1249 2268 1303 Σὺ
2327 1249 2384 1306 δὲ
2441 1250 2639 1330 λίγεις,
2672 1254 2754 1311 ὅτι
2817 1255 3154 1335 λοιδορεῖταί
3203 1282 3295 1334 μοι
3323 1241 3358 1316 ὸ
3392 1241 3805 1342 Ἀπολλοφάνης,

2190 1348 2482 1405 ἀποκαλῶν
2537 1373 2604 1426 με
2661 1353 3021 1430 πατραλοίαν,
3053 1357 3136 1413 ὅτι
3199 1357 3358 1430 δῆθεν
3410 1367 3530 1426 τοῖς
3588 1364 3806 1438 πατρίοις

2189 1443 2332 1502 θεοῖς
2381 1439 2792 1515 ἐμνησικάκησα
2822 1449 2956 1519 (63),
2987 1448 3074 1502 καἓ
3117 1448 3199 1504 δτι
3251 1456 3370 1514 τοῖς
3410 1456 3518 1506 τῶν
3551 1450 3803 1524 Ἑλλήνων

2185 1528 2322 1584 κατὰ
2364 1534 2468 1585 τῶν
2495 1531 2780 1604 Ἑλλήνων
2827 1535 3253 1612 ἆπεχρησάμην.
3289 1539 3476 1595 Καίτοι
3521 1562 3588 1617 γε
3639 1540 3806 1612 ἀληθί-

2187 1617 2372 1693 στερόν
2402 1617 2540 1676 ἐστιν
2573 1622 2601 1676 ὃ
2630 1631 2921 1700 κατηγορεῖ
2953 1625 3112 1699 ἐμοῦ,
3144 1632 3307 1683 τοῦτο
3339 1627 3437 1702 ἐμὲ
3485 1631 3623 1704 πρὸς
3665 1632 3802 1686 αὐτὸν

2186 1705 2378 1796 είπεῖν,
2411 1709 2486 1773 ὡς
2514 1708 2787 1783 Ἕλληνες
2823 1712 3036 1786 μᾶλλον
3093 1719 3160 1789 τῇ
3195 1716 3313 1789 θεία
3342 1718 3505 1796 σοφίᾳ
3535 1723 3699 1783 κακῶς
3725 1722 3802 1776 καί

2185 1794 2292 1871 οὐχ
2343 1796 2507 1861 ὁσίως
2565 1799 2870 1876 ἐχρήσαντο
2904 1821 2918 1836 ⁸
2981 1799 3240 1868 λαϐόντες
3302 1794 3430 1879 μὶν.
3464 1807 3631 1876 αὐτὴν
3683 1809 3805 1883 παρᾶ

2184 1889 2341 1957 Θεοῦ,
2368 1883 2460 1941 ’ίνα
2495 1889 2588 1943 τὸν
2636 1891 2766 1945 Θεὸν
2802 1896 3022 1967 γνῶσιν,
3056 1893 3534 1966 ἀποπλανηθέντες
3595 1894 3649 1952 δὲ
3690 1898 3804 1972 πρὸς

2186 1976 2260 2048 μὴ
2297 1972 2456 2040 ὄντας
2486 1978 2661 2042 θεούς.
2697 1980 2799 2038 Καὶ
2834 1981 2893 2036 οὐ
2933 1984 3032 2053 τήν
3062 1982 3295 2040 πολλῶν
3328 2007 3472 2063 φημι
3506 1983 3681 2058 δόξαν,
3715 1991 3802 2041 τῶν

2181 2063 2471 2140 προσύλως
2540 2069 2629 2122 καὶ
2716 2068 2975 2144 ἐμπαθῶς
3057 2071 3496 2148 ἐναπομενόντων
3543 2081 3658 2138 τοῖς
3707 2080 3798 2130 τῶν

2180 2159 2424 2224 ποιητῶν
2455 2174 2469 2188 ·
2503 2156 2698 2212 ἐκεῖνοι
2730 2159 2856 2236 γὰρ,
2891 2161 3267 2236 ἀγαπήσαντες
3298 2164 3398 2233 τήν
3452 2163 3593 2236 ὅλην
3621 2165 3701 2219 καί
3750 2165 3804 2218 τὰ

2180 2242 2350 2313 πάθη,
2380 2245 2670 2320 ἠγάπησαν
2698 2248 2787 2303 καὶ
2817 2251 2884 2304 τα
2925 2255 3032 2305 τῶν
3090 2258 3360 2324 ποιητῶν,
3392 2255 3481 2309 καὶ
3546 2253 3802 2327 ἐναπέμει-

2178 2352 2271 2386 ναν
2300 2338 2416 2394 τοῖς
2447 2333 2663 2390 ἐκείνων
2692 2339 3126 2414 συγγράμμασιν,
3158 2340 3393 2413 ἐμπαθὲς
3423 2343 3485 2397 τὸ
3549 2349 3684 2408 θεῖον
3724 2341 3798 2397 λε·

2179 2422 2386 2496 γόντων
2423 2440 2435 2453 ·
2471 2423 2532 2477 οὐ
2563 2425 2687 2501 περὶ
2734 2425 2942 2482 τούτων
2979 2426 3106 2502 γοῦν
3159 2427 3324 2506 λέγω,
3351 2437 3460 2486 τῶν
3505 2433 3609 2501 τήν
3653 2433 3799 2486 γτίσιν

2179 2512 2322 2587 παρᾶ
2373 2513 2465 2567 τὸν
2520 2513 2776 2570 κτίσαντα
2849 2514 3220 2591 λατρευόντων
3255 2539 3267 2551 ·
3321 2518 3468 2575 ἀλλὰ
3522 2522 3616 2576 καί
3666 2521 3802 2581 αὐτὸς

2181 2598 2607 2679 Ἀπολλοφάνης
2641 2603 2701 2658 οὐ
2731 2602 2915 2668 καλῶς
2959 2611 3077 2670 τοῖς
3129 2607 3313 2676 θείοις,
3346 2609 3488 2684 λέγω
3518 2615 3639 2674 τοῖς
3666 2609 3799 2682 ἐμυε-

2179 2691 2440 2768 λοσόφοις
2473 2690 2656 2766 λόγοις
2701 2700 2948 2769 χρᾶται·
2983 2693 3090 2750 ἔδει
3138 2699 3240 2772 γὰρ
3289 2697 3584 2773 ἀνάγεσθαι
3647 2698 3799 2768 αὐτὸν,

2181 2787 2426 2874 εἶ’περλῆν
2458 2787 2673 2860 ἀληθής
2702 2789 3023 2871 φιλόσοφος,
3054 2794 3144 2848 καὶ
3193 2796 3227 2864 ἡ
3287 2791 3590 2874 φιλοσοφία
3631 2801 3802 2870 γνῶσις

2177 2881 2284 2931 τῶν
2319 2872 2486 2932 ὅντων
2516 2877 2655 2932 ἐστὶν
2752 2875 2880 2935 ὅντα
2911 2884 3049 2954 (64),
3081 2883 3218 2956 πρὸς
3247 2884 3338 2938 τὸν
3369 2888 3476 2939 τῶν
3503 2872 3696 2939 Ὕὸντων
3731 2882 3801 2938 αἴ·

2177 2985 2292 3020 τιον
2348 2967 2477 3022 Θεὸν
2528 2967 2812 3042 χρώμενον
2857 2973 2924 3035 τῆ
2964 2975 3072 3026 τῶν
3107 2967 3275 3026 ὅντων
3305 2973 3525 3046 γνώσει,
3551 2975 3614 3043 ἦν
3665 2972 3800 3032 αὐτὸς

2185 3055 2277 3126 μὲν
2309 3051 2634 3133 φιλοσοφίαν
2665 3057 2841 3125 καλεῖ,
2875 3059 2903 3113 ὸ
2954 3056 3011 3113 δὲ
3043 3065 3185 3123 θεῖος
3226 3059 3441 3124 Παῦλος
3469 3066 3607 3116 Θεοῦ
3636 3060 3796 3138 σοφίαν

431 3137 731 3207 comperta
750 3114 1192 3205 habuerim,pro
1214 3133 1420 3189 decore
1436 3131 1698 3188 veritatis
1721 3131 2065 3188 edisseram.

2180 3140 2450 3213 ἐκάλεσεν,
2482 3143 2533 3198 ἐν
2563 3148 2632 3219 τῇ
2662 3145 2798 3219 πρὸς
2831 3146 3147 3223 Κορινθίους
3194 3150 3383 3223 πρώτη
3421 3149 3646 3227 γράφων
3669 3121 3797 3205 Tim-

429 3235 559 3301 Ipse
586 3231 825 3303 insuper
852 3228 1312 3302 Apollophanem
1342 3229 1510 3286 illum
1542 3229 1759 3286 asseris
1788 3245 1854 3285 eo
1885 3228 2067 3284 male-

428 3319 692 3376 dicentia:
722 3318 781 3373 in
816 3333 907 3374 me
939 3321 1372 3389 provectum,ut
1401 3333 1496 3373 me
1515 3317 1839 3374 etiamnum
1862 3332 2067 3372 vocare

427 3428 543 3466 non
566 3410 798 3465 dubitet
818 3407 1172 3479 parricidam
1198 3426 1213 3478 ;
1245 3408 1386 3478 quia
1404 3407 1672 3464 videlicet
1693 3422 1830 3479 erga
1844 3405 2066 3479 patrios

425 3501 567 3556 deos
593 3499 665 3555 ob
692 3497 1000 3569 antiquam
1027 3497 1307 3568 iniuriam
1357 3496 1639 3553 malevolo
1688 3495 1800 3552 sim
1849 3495 2061 3551 animo.

427 3586 681 3661 Sugillat
719 3603 927 3642 rursus
976 3585 1144 3655 illud,
1191 3586 1350 3658 quod
1399 3586 1729 3641 Graecorum
1773 3581 2064 3656 dogmatis

424 3679 704 3736 adversus
735 3677 964 3733 Graecos
987 3675 1097 3731 sim
1116 3675 1540 3747 abusus.Atqui
1559 3691 1677 3747 quo
1700 3690 1793 3730 me
1824 3673 2063 3728 nomine

423 3767 483 3823 in
507 3767 609 3837 jus
641 3770 825 3834 vocat,
849 3765 957 3822 hoc
1006 3763 1134 3836 ipso
1186 3763 1568 3820 conveniebat
1604 3763 1850 3835 justius,
1883 3760 1969 3816 illi
2001 3763 2066 3816 ut

423 3859 805 3914 inscriberem
837 3857 1051 3914 dicam.
1084 3856 1264 3913 Graeci
1292 3855 1506 3912 etenim
1537 3854 1809 3925 maxime,
1841 3867 2064 3925 praepo-

421 3950 593 4016 stere,
643 3947 764 4001 imo
813 3946 1074 4016 profane,
1115 3943 1314 4000 divina
1363 3943 1653 4016 sapientia
1700 3941 1870 3999 abusi
1899 3943 2060 3998 sunt.

420 4043 566 4097 Nam
599 4042 833 4112 quando
866 4040 1174 4097 scientiam
1205 4041 1276 4096 ab
1308 4041 1436 4113 ipso
1467 4041 1584 4097 Deo
1613 4043 1964 4111 acceperunt
1997 4041 2064 4094 ut

421 4136 607 4186 Deum
638 4129 1052 4200 glorificarent,
1084 4128 1226 4184 adeo
1255 4144 1368 4185 non
1396 4129 1981 4200 g10riﬂcaverunt,ut,
2000 4127 2061 4182 in

421 4218 611 4276 varios
642 4217 904 4290 prolapsi
935 4218 1262 4285 errores,ad
1285 4233 1487 4272 eorum
1511 4216 1851 4273 deﬂexerint
1881 4217 2066 4271 cultu-

422 4325 571 4378 ram,
605 4306 706 4380 qui
736 4305 816 4362 dii
848 4322 963 4361 non
994 4309 1152 4360 sunt.
1189 4304 1428 4360 Interim
1459 4304 1667 4360 omitto
1697 4303 2060 4360 numerosis-

422 4398 586 4454 simis
620 4394 1025 4452 multitudinis
1055 4393 1394 4466 opinionem
1429 4409 1632 4449 eorum
1651 4393 2063 4465 qui,concretaa

2177 3229 2349 3304 στολῇ
2384 3250 2396 3264 ⁶
2431 3229 2616 3302 ἐπειδὴ
2644 3235 2744 3308 γὰρ
2780 3233 2830 3288 ἐν
2863 3238 2930 3309 τῇ
2964 3234 3126 3310 σοφίᾳ
3153 3241 3251 3291 τοῦ
3283 3242 3416 3293 Θεοῦ
3464 3238 3568 3293 οὐκ
3612 3235 3734 3312 ἔγνω
3773 3236 3796 3290 ὁ

2173 3319 2379 3392 κόσμος
2410 3318 2500 3375 διὰ
2527 3328 2627 3391 τῆς
2659 3324 2849 3400 σοφίας
2875 3325 2967 3379 τὸν
2999 3324 3153 3394 Θεὸν,
3183 3326 3424 3381 τουτέστι
3471 3333 3576 3396 τῆς
3627 3325 3797 3399 ἐμφαι-

2171 3408 2408 3480 νομένης
2461 3413 2540 3480 τῷ
2615 3409 2922 3484 ἐναρμονίῳ
2991 3414 3081 3468 καὶ
3148 3413 3456 3490 τεταγμένῳ
3531 3421 3631 3483 τῆς
3694 3412 3794 3468 κτί-

2174 3516 2307 3557 σεως
2343 3498 2476 3570 (65).
2510 3498 2606 3552 Καὶ
2660 3496 2749 3553 τίνα
2802 3501 2879 3572 μή
2938 3500 3164 3564 τούτους
3211 3499 3504 3578 ἐλέγχοιμι
3562 3503 3699 3579 παρὰ
3744 3501 3795 3556 τὸ

2173 3579 2327 3655 δόξαν
2357 3582 2479 3658 ἐμοὶ
2512 3587 2774 3661 ἀρχῆθεν,
2807 3590 2894 3643 καὶ
2948 3590 3039 3644 τὸν
3090 3591 3291 3646 σκοπὸν
3342 3589 3413 3646 δι’
3444 3593 3501 3646 ὃν
3533 3589 3655 3647 οὔτε
3683 3590 3797 3646 κατὰ

2171 3672 2474 3744 Ἑλλήνων,
2508 3672 2631 3730 οὔτε
2668 3678 2788 3741 καθ’
2814 3677 3008 3753 ἑτέρων
3069 3681 3394 3755 συνέγραψα,
3428 3676 3539 3735 ἔδει
3591 3677 3799 3735 συνιδεῖν

2170 3771 2333 3847 σοφὸν
2365 3771 2456 3826 τὸν
2477 3770 2864 3852 Ἀπολλοφάνη
2898 3771 3046 3846 ὅντα,
3073 3777 3149 3848 μή
3187 3775 3246 3830 ἃν
3277 3773 3465 3839 ἄλλως
3496 3774 3716 3832 δυνατὸν
3734 3796 3803 3850 γει

2170 3860 2348 3923 νὲσθαι
2379 3863 2795 3936 παρατραπῆναί
2825 3884 2876 3918 τι
2905 3871 3006 3933 τῆς
3040 3861 3179 3927 ἰδίας
3223 3865 3446 3936 τάξεως,
3480 3864 3532 3920 εἴ
3586 3866 3662 3939 μὴ
3709 3864 3802 3919 ἐχίο

2169 3969 2329 4018 νησεν
2363 3949 2438 4011 εἷς
2466 3955 2629 4004 τοῦτο
2659 3951 2686 4005 ὁ
2719 3948 2893 4014 αἶ’τιος
2925 3953 3014 4007 καί
3064 3952 3330 4029 συνοχεὸς
3381 3955 3578 4024 αὐτοῦ,
3613 3955 3686 4016 ὡς
3732 3951 3804 4006 ἐπὶ

2172 4037 2352 4108 Ἰησοῦ
2381 4043 2478 4094 τοῦ
2528 4046 2700 4109 Ναυῆ,
2729 4039 2818 4095 καὶ
2865 4045 2964 4096 τοῦ
3021 4042 3276 4118 Ἐζεχίου
3331 4041 3549 4118 ἐγένετο
3609 4042 3684 4105 εἰς
3727 4041 3803 4096 τὸν

2169 4125 2330 4195 ἥλιον
2391 4126 2479 4182 καὶ
2538 4127 2614 4190 εἷς
2641 4128 2740 4198 τὴν
2775 4127 3030 4201 σελήνῆν.
3066 4131 3220 4193 Tito:
3252 4129 3311 4186 δὶ
3342 4131 3537 4203 ἱστίον,
3575 4134 3656 4188 ὅτι
3715 4130 3806 4185 ἀπὸ

2166 4220 2275 4273 τῶν
2333 4218 2459 4289 παρ’
2488 4215 2760 4288 Ἕλλησιν
2791 4216 3256 4295 ὁμολογουμένων
3282 4221 3381 4290 τήν
3425 4219 3666 4292 διάταξιν
3722 4219 3805 4274 τοῦ

2170 4304 2383 4361 πάντων
2407 4305 2586 4362 αἲτίου
2609 4308 2957 4384 παρατίθεται
2991 4327 3005 4340 ·
3049 4311 3224 4387 φήσας
3273 4311 3404 4386 γὰρ,
3434 4309 3516 4365 ὅτι
3571 4309 3716 4383 ἄξιον
3758 4307 3809 4362 ἐκ

2169 4393 2366 4450 τούτου
2415 4392 2708 4470 ἐπιγνῶναι
2757 4397 2850 4451 τὸν
2911 4396 3173 4472 ὁροθὲτην
3227 4401 3324 4453 τοῦ
3353 4399 3554 4460 παντὸς
3586 4399 3712 4453 Θεὸν
3758 4393 3810 4449 ἐκ

421 4485 695 4557 materias,
727 4484 888 4542 carni
919 4483 1207 4550 videlicet,
1234 4481 1719 4551 adherescentes,
1754 4483 2059 4538 affectibus

2178 4487 2262 4539 τοῦ
2289 4483 2381 4538 τὸν
2414 4482 2575 4552 ἥλιον
2607 4485 2695 4539 καὶ
2738 4485 2838 4554 τήν
2899 4483 3136 4557 σελήνην
3186 4485 3315 4550 τοὺς
3369 4484 3807 4563 διατεταγμένους

423 4595 655 4651 quoque
685 4576 892 4649 perciti
923 4575 1288 4632 continenter
1331 4572 1566 4629 lectioni
1598 4577 1899 4645 poetarum
1948 4573 2058 4629 im-

424 4670 749 4724 morantur.
782 4664 873 4720 Illi
905 4663 1201 4736 siquidem
1235 4679 1371 4719 cum
1421 4661 1637 4718 molem
1683 4662 1836 4718 hanc
1870 4661 2064 4718 carnis

423 4755 734 4828 diligerent
780 4752 954 4810 simul
1005 4760 1062 4808 et
1128 4751 1434 4824 passiones
1483 4751 1645 4808 carni
1703 4751 2061 4823 congenitas,

424 4842 858 4900 commentitias
907 4841 1137 4898 fabulas
1194 4845 1499 4912 poetarum
1543 4841 1725 4897 nimio
1776 4839 2064 4912 complexi

425 4949 639 4999 amore,
667 4932 908 4988 illorum
937 4929 1174 4987 lectioni
1202 4929 1378 4984 ﬂxius
1408 4928 2061 4998 inheserunt,asseren-

421 5020 569 5077 tium
600 5035 816 5076 numen
843 5017 989 5073 illud
1021 5017 1199 5072 etiam
1232 5015 1392 5087 tangi
1424 5015 1835 5072 aﬂ‘ectibus.De
1858 5015 1952 5072 his
1972 5015 2061 5071 ni-

418 5107 497 5163 hil
533 5108 628 5163 hic
654 5108 962 5179 attingam,
996 5105 1097 5176 qui
1127 5109 1426 5172 creaturae,
1467 5105 1729 5177 neglecto
1777 5110 2057 5174 creatore,

417 5205 808 5263 venerabilem
840 5204 1073 5260 latriam
1105 5202 1382 5259 exhibent
1406 5203 1593 5275 impii.
1626 5208 1701 5258 At
1730 5207 1886 5260 certe
1934 5204 2060 5275 ipse

419 5297 746 5350 etiamnum
777 5295 927 5350 257
961 5291 1396 5364 Apollophanes
1425 5292 1662 5361 divinis,
1691 5291 2056 5364 iis,inquam,

421 5400 547 5453 quae
579 5381 866 5439 naturalis
899 5379 1280 5453 philosophia;
1312 5381 1635 5438 rationibus
1664 5381 1953 5451 nituntur,
1967 5399 2058 5438 se-

420 5489 524 5527 cus
554 5472 740 5527 utitur
767 5473 941 5541 atque
973 5470 1156 5525 decet.
1199 5468 1515 5540 Oportebat
1555 5486 1697 5527 sane
1727 5471 1941 5543 surrigi
1969 5472 2058 5544 ip-

419 5574 552 5625 sum
582 5559 875 5641 siquidem
898 5573 1074 5614 verus
1105 5556 1182 5612 sit
1202 5555 1674 5636 philosophus,et
1689 5559 2058 5637 philosophia

2172 4579 2272 4642 τῆς
2304 4573 2514 4648 ἡμέρας
2537 4571 2751 4649 τρέχειν
2797 4571 2981 4650 ὅρους,
3025 4575 3116 4630 καὶ
3163 4580 3244 4647 τῷ
3292 4575 3453 4631 παντῖ
3504 4581 3606 4631 τοῦ
3654 4575 3806 4650 οὖρα·

2172 4664 2268 4716 νοῦ
2297 4658 2488 4734 κύκλῳ
2518 4662 2918 4736 συμπεριθὲειν,
2943 4660 3161 4739 ἐλέγχει
3191 4668 3382 4720 τοῦτον
3413 4667 3528 4738 (66)
3565 4666 3645 4738 μή
3673 4664 3810 4738 γνόν-

2172 4771 2237 4804 τα
2284 4747 2343 4805 ἐκ
2387 4749 2594 4806 τούτων
2651 4748 2792 4823 μηδὲ
2838 4747 3129 4826 σεϐόμενον
3178 4753 3268 4809 τὸν
3299 4751 3665 4830 δημιουργόν.
3700 4756 3810 4811 Πῶς

2174 4847 2264 4902 οὖν
2298 4848 2400 4902 οὐκ
2429 4845 2654 4923 ἕγασται
2684 4847 2774 4903 καὶ
2824 4847 2996 4926 λέγων
3046 4849 3138 4904 καὶ
3185 4849 3346 4913 οὗτος
3400 4852 3492 4906 τὸν
3540 4849 3674 4906 Θεὸν
3719 4855 3810 4916 τῆς

2171 4934 2457 4992 παναιτίου
2530 4937 2620 4992 καί
2702 4936 2944 5014 ἀρῥητου
3012 4935 3329 5012 δυνάμεως;
3391 4941 3810 5014 Ἀναμιμνησκει

2171 5030 2300 5101 γοῦν
2355 5026 2444 5080 τὸν
2501 5027 2650 5102 ἅγιον
2712 5024 3075 5102 Πολύκαρπον
3129 5034 3231 5096 τῆς
3285 5029 3421 5083 κατὰ
3453 5031 3670 5098 Ἰησοῦν
3723 5029 3811 5081 τοῦ

2171 5120 2319 5184 Ναυῆ
2379 5114 2641 5187 ἱστορίας,
2668 5112 2761 5169 ’ίνα
2806 5115 3007 5186 ταύτην
3057 5117 3298 5191 ἂντιτιθῇ
3357 5123 3434 5188 τῷ
3469 5115 3810 5192 Ἀπολλοφά-

2170 5224 2269 5260 νει.
2303 5203 2476 5273 Φησὶν
2533 5203 2624 5256 οὗν
2657 5221 2672 5236 ·
2707 5204 2841 5261 Εἰπὲ
2888 5206 3037 5277 αὗτῷ
3073 5224 3087 5239 ⁶
3128 5207 3279 5262 Μάθε
3323 5210 3438 5268 πῶς
3468 5207 3494 5260 ὁ
3536 5207 3672 5268 Θεὸς
3728 5203 3811 5259 τὸν

2168 5289 2329 5361 ἥλιον
2361 5290 2450 5346 καὶ
2478 5293 2577 5362 τὴν
2612 5294 2847 5364 σελήνην
2879 5282 3015 5348 κατᾶ
3044 5291 3332 5371 διάμετρον
3366 5290 3522 5357 ὄντας
3554 5294 3682 5349 τότε
3731 5288 3816 5346 ἄν·

2163 5399 2351 5456 τικρυς
2383 5377 2678 5451 ἀλλήλων,
2701 5378 2967 5456 δυομένου
2998 5380 3108 5454 ἤδη
3139 5387 3237 5438 τοῦ
3266 5383 3457 5454 ἡλίου,
3483 5378 3709 5454 ἔστησεν
3733 5380 3816 5436 ἐπὶ

2164 5473 2260 5525 τοῦ
2288 5467 2462 5524 τόπου
2489 5468 2615 5532 τοὺς
2647 5477 2961 5548 φωστῆρας,
2993 5473 3178 5527 στάσιν
3228 5473 3348 5527 τινὰ
3398 5470 3530 5526 κατὰ
3585 5468 3815 5545 δύναμιν

2165 5559 2365 5645 ἄφατον
2395 5562 2492 5614 τοῦ
2524 5558 2701 5617 αῐτίου
2733 5559 2909 5617 αὐτῶν
2941 5564 3076 5618 Θεοῦ
3108 5579 3122 5594 ⁸
3156 5560 3244 5617 καὶ
3272 5558 3401 5635 ἔστη
3431 5560 3493 5616 τὸ
3535 5565 3649 5616 πᾶν
3700 5555 3822 5614 ἀκί-
