4004 6200
239 350 342 404 457

1047 352 1505 407 PACHYMERE
1544 351 2052 404 PARAPHRASIS
2087 353 2163 406 IN
2201 351 2356 404 EPP.
2399 353 2458 406 S.
2499 351 2834 409 DIONYSII.

3536 349 3648 403 458

239 491 404 540 νητον
440 469 576 543 μετᾶ
602 474 711 527 τῶν
747 467 839 525 δύο
900 473 1202 548 φωστήρων
1229 491 1242 504 ·
1272 469 1394 526 051s
1448 472 1548 546 γὰρ
1585 470 1612 524 ὁ
1643 464 1890 545 οὐρανὸς,

2005 472 2082 528 sit
2109 489 2302 529 rerum
2335 475 2700 530 conditarum
2756 473 3030 547 cognitio,
3062 476 3349 544 quatenus
3381 479 3540 540 sunt,
3575 475 3649 530 ad

243 557 368 614 οὔτε
406 560 458 614 οἳ
503 559 694 614 λοιποὶ
745 560 958 635 ἀστέρες
1004 561 1388 634 περιεπόλουν,
1423 558 1568 615 ἀλλὰ
1615 562 1892 630 συνειστή-

239 670 423 704 κεισαν
479 654 598 710 τοῖς
657 646 776 703 δυσὶ
836 656 1116 727 φωστῆρσι
1151 669 1164 683 ⁸
1201 654 1362 705 τοῦτο
1393 651 1492 726 γάρ
1525 648 1665 704 ἐστιν
1699 668 1711 681 '
1744 652 1894 721 ’Ἅμα

237 743 317 793 τῶ
379 739 538 792 παντί
598 739 734 813 πρὸς
783 738 846 791 τὸ
903 736 1077 808 πάντη
1138 739 1388 808 ἀκίνητον
1450 739 1759 812 ὁρίζωνται,
1821 739 1895 801 ὡς

241 829 542 902 γενηθῆναι
582 826 775 900 μέτρον
804 826 1014 900 ἡμέρας
1047 825 1207 899 ὅλης,
1240 826 1496 898 δηλονότι
1539 825 1889 900 δωδεκάωρον

243 915 546 989 διάστημα,
581 915 630 970 ἐν
664 917 774 988 ὅσῳ
799 913 1018 970 ’ίσταντο
1052 915 1139 971 ἐπὶ
1171 921 1277 970 τῶν
1309 916 1482 971 αὐτῶν
1513 915 1752 989 σημείων
1803 915 1889 968 καὶ

244 1007 293 1060 οἱ
329 1009 618 1079 φωστῆρες
650 1004 741 1058 καὶ
769 1005 831 1058 τὸ
863 1009 983 1060 πᾶν.
1017 1005 1139 1062 ’Ὁτι
1194 1002 1250 1059 δὶ
1288 1003 1678 1074 ἐδιπλασιάσθη
1706 1007 1740 1072 ἡ
1774 1003 1895 1058 τότε

240 1095 448 1169 ἡμέρα,
507 1098 690 1172 σαφῶς
752 1115 916 1168 φησιν
971 1095 1183 1163 Ἰησοῦς
1235 1095 1262 1148 6
1319 1098 1415 1148 105
1475 1095 1655 1168 Σιρὰχ
1711 1092 1760 1147 ὲν
1813 1097 1892 1164 τῷ

241 1185 402 1256 ὕμνῳ
429 1189 539 1239 τῶν
568 1185 812 1259 πατέρων
852 1205 863 1217 ο
899 1183 1342 1260 εἷκοσιτεσσάρων
1373 1185 1473 1260 γὰρ
1517 1184 1673 1258 ὡρῶν
1719 1186 1753 1254 ἡ
1804 1182 1888 1238 ἐπὶ

238 1279 334 1328 τοῦ
370 1275 556 1343 Ἰησοῦ
615 1274 736 1328 υἱοῦ
795 1274 944 1343 Ναυῆ
995 1273 1177 1349 ἡμέρα
1226 1272 1400 1343 ἐκείνη
1452 1271 1681 1348 ἐγένετο,
1711 1273 1890 1336 καθὼς

238 1361 404 1423 αὐτὸς
437 1359 739 1431 ἐδήλωσεν.
763 1361 829 1415 Εἲ
863 1359 919 1416 δὲ
976 1360 1119 1416 εἷ’ποι
1152 1361 1599 1438 Ἀπολλοφάνης,
1631 1358 1888 1416 ἀδύνατον

241 1450 439 1519 στῆναί
500 1471 632 1504 ποτε
685 1450 777 1505 τὸν
839 1449 1110 1526 οὐρανὸν),
1143 1450 1449 1520 ἀεικίνητος
1477 1451 1626 1525 γάρ.)
1653 1450 1889 1524 ἀπόκρι-

235 1561 317 1593 ναι
352 1539 525 1610 αὐτῷ,
561 1537 643 1593 ὅτι
672 1543 834 1592 τοῦτο
868 1536 1082 1610 μᾶλλον
1130 1540 1590 1611 Θαυμασιώτερον,
1621 1539 1712 1592 καὶ
1759 1543 1888 1594 τοῦ·

233 1649 292 1682 το
324 1625 438 1682 ἔδει
473 1648 531 1681 σε
562 1626 878 1702 ἐπιστρέψαι
924 1629 1058 1700 πρὸς
1088 1627 1179 1682 τὸν
1239 1627 1420 1698 ἀληθῆ
1471 1627 1624 1699 Θεὸν,
1654 1627 1742 1681 καὶ
1787 1628 1886 1696 τήν

235 1715 361 1788 περὶ
420 1715 588 1769 αὐτοῦ
630 1720 827 1789 γνῶσιν
856 1734 869 1748 ο
906 1715 1054 1789 εἷ’περ
1088 1717 1114 1770 6
1149 1717 1244 1784 μὶν
1292 1714 1462 1776 πόλος
1517 1718 1811 1790 περιήγετο
1859 1718 1886 1771 ὁ

2003 578 2197 617 rerum
2232 567 2528 619 auctorem
2563 568 2743 618 Deum
2774 579 2969 618 rerum
2991 561 3321 633 cognitione
3350 567 3646 632 utentem;

2001 667 2177 722 quam
2211 652 2334 724 ipse
2361 653 2597 724 quidem
2636 658 2794 707 vocat
2829 649 3260 722 philosophiam
3301 666 3312 705 :
3345 655 3405 706 at
3437 651 3648 708 Paulus

1999 739 2097 795 ille
2127 741 2490 797 admirabilis
2523 740 2976 812 nuncupandam
3020 740 3250 795 censuit
3283 741 3376 795 Dei
3411 741 3646 811 sapien-

2001 831 2143 884 tiam
2179 830 2235 883 in
2262 832 2452 902 priore
2475 830 2738 886 scribens
2767 828 3081 884 Corinthiis
3100 829 3346 900 cpistola
3368 829 3449 901 (ιι)
3476 830 3648 884 :Nam

2001 918 2134 988 quia
2152 918 2210 972 in
2227 922 2497 990 sapientia
2523 921 2621 974 Dei
2639 935 2748 974 non
2771 921 3016 989 cognovit
3041 918 3279 973 mundus
3299 935 3400 990 per
3421 918 3611 990 sapien
3627 947 3647 958 -

1998 1009 2132 1060 tiam
2159 1008 2325 1063 Deum
2346 1026 2364 1067 ;
2398 1007 2505 1062 hoc
2536 1013 2625 1062 est
2657 1024 2758 1079 per
2787 1006 3140 1079 sapientiam
3165 1008 3452 1062 concinna
3471 1011 3651 1078 atque

2001 1096 2226 1150 decenti
2259 1102 2535 1151 creaturae
2558 1096 2981 1168 compositione
3003 1095 3184 1150 simul
3215 1100 3270 1150 et
3300 1096 3505 1151 ordine
3531 1111 3648 1150 ma-

2000 1185 2208 1240 nifeste
2239 1191 2637 1257 apparentem.
2662 1186 2834 1256 Atqui
2861 1201 2932 1241 ne
2963 1185 3164 1240 videar
3195 1185 3341 1239 istos
3373 1199 3642 1255 coargue-

2001 1290 2082 1343 re,
2118 1280 2325 1346 praeter
2354 1292 2530 1346 quam
2563 1274 2707 1329 mihi
2732 1274 2896 1329 initio
2919 1275 3210 1328 decretum
3237 1277 3344 1338 est,
3372 1279 3647 1345 praterve

2002 1362 2180 1418 animi
2214 1364 2324 1419 mei
2374 1381 2637 1435 scopum,
2689 1364 2842 1435 quod
2894 1364 3112 1418 factum
3147 1367 3212 1417 ut
3259 1362 3401 1417 mihi
3454 1363 3646 1418 modis

1999 1453 2272 1507 omnibus
2300 1453 2676 1523 temperarim
2699 1452 2769 1507 ab
2802 1453 2959 1507 omni
2986 1450 3411 1522 conscriptione
3440 1453 3643 1507 adver-

2000 1559 2103 1596 sus
2147 1545 2271 1596 tum
2327 1541 2575 1608 Graecos,
2611 1546 2736 1596 tum
2787 1541 2934 1596 alios
2965 1539 3221 1610 quosvis,
3267 1541 3646 1596 conveniebat

1996 1628 2480 1701 ApoIIOphanem,
2496 1631 2729 1700 sapiens
2749 1646 2882 1684 cum
2901 1629 2996 1696 sit,
3023 1647 3124 1701 pro
3150 1632 3444 1700 comperto
3467 1629 3642 1685 habe-

1998 1736 2080 1786 re,
2113 1719 2265 1773 haud
2299 1735 2470 1774 secus
2495 1719 2618 1774 fieri
2641 1719 2920 1790 potuisse,
2941 1723 3006 1772 ut
3029 1717 3350 1789 quidquam
3384 1717 3538 1772 vices
3562 1719 3644 1773 in-

236 1803 519 1879 περιέχων
547 1803 673 1865 τοὺς
700 1811 994 1878 φωστῆρας
1027 1823 1038 1834 ·
1071 1807 1232 1858 τοῦτο
1261 1805 1364 1879 γὰρ
1391 1801 1665 1873 ἐδήλωσεν
1699 1803 1886 1875 εἰπὼν,

2005 1810 2239 1862 verteret
2268 1807 2488 1862 ordinis
2512 1808 2621 1862 sibi
2649 1807 2980 1878 praestituti,
3005 1807 3054 1861 si
3088 1823 3201 1861 non
3235 1806 3397 1877 prius
3420 1822 3486 1861 eo
3511 1823 3642 1877 pro-

234 1895 360 1950 Τῶν
425 1893 576 1947 ὅλων
631 1892 858 1947 καὶτῶν
917 1891 1238 1966 κρειττόνων
1289 1892 1377 1947 καὶ
1417 1892 1782 1968 περιεχόντων
1811 1912 1823 1926 ’
1859 1895 1886 1948 ὁ

233 1979 288 2036 δὲ
348 1980 524 2050 ἥλιος
591 1981 681 2035 καὶ
739 1985 773 2051 ἡ
833 1980 1034 2052 σελήνη
1096 1982 1146 2035 οἱ
1202 1981 1585 2058 περιεχόμενοι
1643 1981 1887 2051 ἀκίνητοι

228 2070 480 2142 ἵσταντο,
513 2071 602 2125 καὶ
661 2069 723 2124 οὐ
779 2072 877 2139 τήν
940 2071 1105 2139 αὐτὴν
1163 2070 1330 2147 φορὰν
1384 2074 1760 2124 συνεκινοῦντο
1810 2073 1889 2141 τῷ

228 2160 418 2225 παντὶ,
471 2159 588 2231 μεθ’
647 2159 709 2212 οὗ
766 2159 843 2213 ἀεὶ
904 2160 1365 2233 συμπεριηγοντο.
1421 2156 1594 2211 Πάλιν
1648 2157 1734 2213 ἐπὶ
1792 2161 1888 2212 τοῦ

229 2247 510 2316 Ἐζεκίου,
545 2246 670 2301 ὅταν
712 2245 856 2316 ἄλλη
888 2268 971 2310 τις
1009 2247 1190 2321 ἡμέρα
1231 2247 1366 2300 κατὰ
1423 2247 1698 2320 συνέχειαν
1756 2265 1890 2321 σχε-

236 2334 321 2391 δὸν
385 2333 876 2410 τριπλασιάζηται,
933 2334 996 2388 τὸ
1049 2331 1243 2409 σχεδὸν
1322 2337 1645 2410 προσετέθη,
1702 2333 1886 2403 ἐπειδὴ

233 2425 448 2500 τριπλῆ
477 2424 614 2479 κατᾶ
654 2422 715 2478 τὸ
747 2423 955 2498 πλῆρες
983 2423 1080 2478 οὐκ
1109 2423 1322 2498 ἐγένετο
1353 2426 1388 2493 ἡ
1436 2423 1615 2498 ἡμέρα
1659 2422 1835 2493 ἐκείνη
1875 2442 1887 2455 ·

229 2519 538 2590 τριάκοντα
569 2511 663 2568 δύο
693 2515 791 2588 γὰρ
823 2513 980 2587 ὡρῶν
1038 2515 1245 2588 γέγονε,
1281 2510 1406 2567 δέκα
1463 2513 1567 2566 ἀπὸ
1625 2512 1892 2580 ἀνατολῆς

233 2606 404 2679 μέχρι
440 2603 556 2673 (68)
579 2606 675 2655 τοῦ
703 2602 874 2656 τόπου
908 2599 958 2655 ἐν
991 2602 1036 2672 ᾧ
1065 2601 1254 2676 εὑρέθη
1290 2602 1316 2655 6
1347 2599 1526 2669 ἥλιος·
1551 2601 1673 2655 τότε
1700 2600 1762 2654 τὸ
1795 2621 1891 2669 ση-

235 2696 395 2762 μεῖον
427 2688 590 2758 ἐδόθη
627 2709 638 2721 '
673 2689 762 2744 καὶ
795 2687 922 2744 δέκα
979 2690 1178 2744 ἐκεῖθεν
1237 2688 1399 2745 πάλιν
1460 2688 1546 2743 ἰπὶ
1598 2688 1892 2757 ἀνατολὴν,

231 2780 491 2842 κάκεῖθεν
521 2776 683 2832 πάλιν
717 2774 927 2832 δώδεκα
962 2779 1128 2852 μέχρι
1154 2784 1254 2847 τῆς
1292 2777 1502 2839 τελείας
1552 2775 1774 2838 δόσεως.
1806 2781 1893 2848 Τῷ

237 2869 388 2939 αὐτῷ
423 2865 487 2921 δὲ
520 2869 766 2940 σχήματι
812 2870 909 2920 τοῦ
957 2865 1127 2940 λόγου
1167 2867 1252 2920 καὶ
1315 2867 1538 2920 ἐνταῦθα
1595 2864 1890 2940 ἐχρήσατο,

236 2959 319 3011 ὅτι
343 2958 372 3010 ὁ
393 2955 574 3017 πόλος
607 2954 764 3017 αὐτὸς
794 2955 884 3008 σὺν
916 2959 994 3026 τῷ
1025 2952 1172 3027 ἡλίῳ
1202 2954 1252 3008 ἐν
1285 2959 1363 3026 τῷ
1397 2958 1500 3008 τῶν
1535 2953 1701 3008 ε’ίκοσι
1735 2954 1890 3028 ὡρῶν

236 3042 432 3113 διαστή
448 3064 580 3115 ματι
600 3044 698 3110 τὴν
723 3044 956 3117 ὑπερσυῆ
980 3041 1187 3112 ἐκείνην
1222 3043 1684 3118 ἀντιπεριαγωγήν
1709 3041 1895 3111 ἐποιή-

233 3154 387 3202 σατο,
424 3135 463 3203 ἢ
504 3131 666 3204 μόνος
699 3133 726 3186 6
767 3130 948 3200 ἥλιος.
981 3133 1155 3188 Τοῦτο
1200 3132 1301 3206 γάρ
1350 3129 1490 3184 ἐστιν
1549 3131 1578 3184 ’ὀ
1627 3130 1791 3206 λέγει·
1825 3131 1890 3185 Ἠ

1999 1896 2278 1950 movisset
2308 1900 2658 1965 creaturam,
2695 1896 2792 1968 qui
2825 1895 3012 1967 ipsius
3052 1900 3256 1951 auctor
3284 1900 3393 1962 est,
3425 1897 3644 1967 quique

1997 2000 2123 2038 eam
2157 1985 2344 2040 ambit
2374 1990 2428 2040 et
2445 1984 2856 2057 complectitur
2871 2001 2978 2039 sua
2998 1985 3301 2054 majestate
3327 2001 3339 2039 :
3363 1985 3643 2054 quemad-

1999 2073 2238 2127 modum
2271 2073 2521 2142 legimus
2573 2074 2886 2145 contigisse
2936 2072 3085 2129 circa
3134 2072 3312 2128 solem
3349 2077 3408 2128 et
3439 2072 3637 2128 lunam

1998 2164 2108 2216 sub
2138 2164 2275 2218 Jesu
2310 2163 2462 2218 Nave
2495 2163 2613 2218 ﬁlio
2644 2167 2700 2217 et.
2729 2162 2970 2217 Ezechia
3001 2164 3132 2232 (67).
3168 2161 3427 2232 Denique
3460 2161 3642 2218 scien-

1998 2251 2162 2320 dum,
2190 2252 2342 2322 quod
2376 2253 2528 2306 inter
2547 2268 2613 2306 ea
2638 2267 2764 2322 qua:
2795 2251 2949 2321 apud
2974 2251 3203 2306 Graecos
3236 2267 3336 2322 pro
3359 2235 3643 2306 confessis

1999 2338 2056 2392 in
2092 2339 2270 2393 dubia
2293 2339 2404 2394 ﬁde
2425 2344 2717 2406 tenentur,
2739 2337 2881 2392 illud
2911 2355 3146 2409 quoque
3178 2337 3528 2392 adducitur:
3555 2355 3648 2392 or-

2000 2425 2197 2480 dinem
2230 2432 2398 2495 atque
2420 2426 2854 2481 distinctionem
2875 2443 3068 2481 rerum
3091 2427 3218 2496 ejus
3251 2443 3399 2492 esse,
3426 2425 3526 2496 qui
3549 2442 3650 2482 ea-

2002 2532 2132 2570 rum
2164 2520 2364 2570 auctor
2394 2520 2501 2570 est.
2551 2515 2762 2570 Dicens
2793 2515 2950 2570 enim
3001 2531 3235 2586 aequum
3284 2532 3412 2570 esse
3444 2531 3514 2570 ex
3545 2515 3652 2569 hoc

2002 2604 2338 2675 cognovisse
2359 2603 2540 2658 Deum
2571 2603 2837 2658 universo
2869 2602 3023 2675 leges
3056 2619 3291 2674 ponere,
3315 2603 3454 2674 quia
3476 2602 3564 2659 sol
3595 2607 3653 2658 et

1999 2691 2142 2746 luna
2171 2692 2434 2747 terminis
2465 2691 2577 2746 diei
2613 2691 2900 2747 naturalis
2931 2692 3269 2747 constitutis
3298 2695 3561 2758 currunt,
3593 2696 3650 2747 et

2003 2779 2179 2836 simul
2212 2797 2346 2834 cum
2381 2780 2650 2835 universo
2682 2779 2956 2835 cmlorum
3010 2780 3146 2835 orbe
3178 2780 3646 2835 circumvolvunu

2002 2873 2117 2936 tur,
2149 2867 2341 2939 arguit
2366 2867 2521 2922 hunc
2554 2871 2618 2922 ut
2647 2868 2747 2938 qui
2777 2866 2983 2922 talium
3017 2866 3509 2938 contemplatione
3535 2885 3648 2922 non

2003 2961 2300 3029 agnoscat,
2336 2973 2440 3013 nec
2489 2957 2686 3012 adoret
2740 2959 3067 3011 reverenter
3112 2973 3311 3012 eorum
3353 2956 3645 3028 opificem.

2003 3045 2215 3112 Quidni
2245 3045 2426 3117 igitur
2446 3046 2624 3101 Deum
2653 3045 2742 3099 hic
2762 3043 3168 3099 admirabilem
3194 3044 3491 3114 praedicat,
3516 3060 3650 3115 pro-

2005 3135 2193 3188 fessus
2224 3133 2490 3204 potentiae
2511 3149 2638 3188 esse
2661 3149 2854 3188 rerum
2884 3133 3149 3187 omnium
3169 3131 3494 3198 etl‘ectricis,
3519 3131 3649 3186 nul-

232 3224 293 3276 τὸ
350 3228 460 3276 πᾶν
516 3219 779 3275 τοσούτου
837 3220 1064 3295 χρόνου,
1123 3217 1383 3291 δηλονότι
1439 3217 1636 3274 εἷ’κοσιν
1707 3219 1887 3291 ὡρῶν,

2005 3223 2192 3293 lisque
2223 3223 2363 3277 satis
2394 3222 2746 3293 explicandas
2771 3221 2792 3275 Ρ
2821 3221 2971 3286 Quin
3006 3226 3062 3275 et
3103 3220 3445 3275 memoriam
3479 3238 3650 3276 reno-

238 3309 413 3385 ιρορᾶς
495 3307 729 3368 ἐναντίας
783 3303 1126 3376 ἁναποδίζει·
1186 3305 1221 3375 ἢ
1280 3306 1308 3359 ὁ
1358 3303 1520 3374 ἥλιος
1584 3303 1707 3378 ἰδίῳ
1775 3304 1892 3380 δρό-

237 3419 324 3469 μῳ
355 3397 463 3464 τήν
519 3395 774 3465 τοιαύτην
831 3395 1043 3465 κίνησιν
1099 3394 1413 3464 ἐποιήσατο.
1471 3395 1546 3451 Τὸ
1602 3393 1892 3468 πεντάτρο-

236 3506 339 3538 πον
372 3482 434 3538 δὲ
484 3491 584 3552 τῆς
631 3489 728 3538 105
776 3482 939 3553 ἡλίου
981 3486 1247 3553 κινήσεως
1279 3481 1420 3537 οὕτω
1458 3481 1675 3551 νόησον·
1708 3484 1768 3538 Ἡ
1801 3487 1894 3536 τοῦ

233 3572 408 3642 ἡλίου
461 3571 730 3635 ἐνιαύσιος
781 3570 994 3641 κίνησις
1026 3571 1182 3626 πέντε
1227 3576 1463 3625 ποιεῖται
1509 3570 1734 3642 τροπὰς,
1768 3570 1892 3625 ἀνά-

235 3657 396 3715 6ασιν
458 3660 699 3735 βορείαν,
730 3661 1004 3714 τουτέστιν
1055 3660 1160 3714 ἀπὸ
1209 3658 1426 3734 ἐαρινῆς
1476 3659 1762 3733 ἰσημερίας
1819 3658 1894 3720 εἷς

229 3751 323 3804 τὸν
391 3750 607 3821 θερινὸν
665 3748 923 3823 τροπικόν
960 3767 972 3780 ·
1032 3743 1322 3803 κατάϐασιν
1373 3747 1610 3823 βορείαν,
1663 3748 1751 3801 ἀπ⁴
1803 3747 1896 3804 αὐ-

229 3843 331 3893 τοῦ
425 3835 691 3903 δηλονότι
779 3836 865 3891 ἐπὶ
945 3837 1036 3890 τὸν
1100 3836 1468 3911 μετοπωρινὸν
1531 3834 1845 3908 ἰσημερινόν
1882 3849 1896 3863 ⁸

230 3922 545 3982 κατάϐασιν
602 3924 786 3979 νοτίαν
840 3925 945 3979 ἀπὸ
996 3929 1093 3979 τοῦ
1129 3924 1383 3979 τοιούτου
1433 3921 1756 3997 ΐσημερινοῦ
1813 3921 1899 3976 ἐπὶ

230 4017 328 4070 τὸν
363 4015 692 4090 χειμερινὸν
731 4009 992 4088 τροπικόν
1024 4032 1036 4044 ⁸
1087 4013 1177 4067 καὶ
1225 4007 1479 4067 ἀνάϐασιν
1539 4014 1744 4080 νοτίαν,
1795 4012 1899 4066 ἀπὸ

231 4108 337 4159 τοῦ
400 4106 728 4177 χειμερινοῦ
775 4105 1038 4173 τροπικοῦ
1113 4101 1200 4155 ἐπὶ
1249 4101 1340 4155 τὸν
1403 4101 1609 4176 έαρινὸν
1650 4101 1901 4176 ἰσημερι-

237 4192 332 4245 νόν
389 4194 510 4264 (69)
540 4210 553 4222 ’
589 4190 679 4244 καὶ
723 4190 977 4260 πέμπτην
1027 4190 1126 4255 τήν
1176 4187 1415 4242 ἐναντίαν
1456 4193 1536 4259 τῷ
1590 4188 1770 4244 παντί.
1805 4188 1902 4241 Ei-

236 4281 364 4335 πὼν
450 4276 542 4333 οῦν
619 4279 722 4346 τήν
797 4276 1164 4352 πεντάτροπον
1242 4276 1406 4331 αὐτοῦ
1491 4275 1701 4345 κίνησιν
1740 4319 1753 4345 ,
1815 4273 1904 4329 διὰ

235 4373 344 4432 τῆς
396 4369 720 4438 προσθήκης
774 4370 869 4419 τοῦ
927 4363 1127 4438 ἄρθρου
1160 4367 1272 4437 (70)
1326 4365 1424 4432 τὴν
1480 4365 1755 4439 γνώριμον
1813 4364 1902 4418 καὶ

237 4458 461 4526 συνήθη
523 4454 778 4533 ὑπέφηνε.
827 4453 902 4508 Τὸ
960 4451 1017 4507 δὲ
1064 4451 1116 4506 έν
1174 4453 1389 4516 τούτοις
1445 4451 1739 4526 λεγόμενον
1802 4453 1902 4506 ὑπὸ

2003 3318 2097 3367 vat
2120 3315 2286 3367 Pater
2305 3317 2508 3365 sancto
2533 3310 2848 3382 Polycarpo
2881 3310 3010 3378 ejus
3042 3309 3327 3376 historiae,
3349 3326 3479 3380 quas
3509 3326 3651 3365 con-

2003 3399 2136 3470 tigit
2166 3399 2275 3453 sub
2306 3398 2433 3470 ipso
2463 3399 2604 3453 Jesu
2634 3398 2808 3466 Nave,
2833 3401 2895 3451 ut
2917 3414 3044 3452 eam
3068 3397 3457 3469 Apollophani
3479 3414 3656 3470 oppo-

2006 3493 2126 3542 nat.
2159 3488 2251 3541 Ait
2282 3487 2563 3557 ergozDic
2593 3489 2653 3540 tu
2686 3485 2770 3539 illi
2791 3502 2804 3540 :
2825 3485 2927 3539 Vel
2952 3486 3076 3555 jam
3097 3487 3311 3556 accipe,
3338 3503 3454 3557 qua
3476 3487 3654 3540 ratio-

2007 3593 2078 3630 ne
2110 3576 2263 3630 Deus
2295 3575 2476 3630 solem
2510 3579 2567 3630 et
2596 3575 2798 3629 lunam
2831 3578 2972 3629 tunc
3002 3589 3135 3628 cum
3168 3575 3494 3628 secundum
3527 3575 3651 3628 dia.

2008 3663 2310 3718 metralem
2343 3662 2559 3717 lineam
2591 3679 2620 3717 e
2652 3662 2885 3732 regione
2916 3676 3043 3716 sese
3083 3667 3500 3733 respectarent,
3535 3661 3656 3716 sole

2007 3751 2241 3822 quidem
2265 3752 2391 3821 jam
2424 3751 2768 3820 devergente
2800 3750 2859 3803 in
2892 3765 3186 3819 occasum,
3213 3754 3531 3817 utrumque
3558 3749 3652 3802 lu-

2008 3839 2232 3894 minare
2262 3839 2589 3894 subsistere
2609 3838 2795 3908 jussit
2829 3840 2882 3892 in
2917 3837 3165 3892 statione
3195 3854 3332 3901 sua;
3359 3837 3534 3907 idque
3569 3837 3652 3891 fu-

2009 3931 2167 3982 ctum
2199 3943 2327 3981 esse
2357 3925 2557 3997 negari
2590 3942 2702 3980 non
2738 3929 2930 3997 potest
2959 3924 3236 3979 ineffabili
3261 3925 3363 3980 Dei
3390 3925 3653 3995 ipsorum

2009 4014 2231 4085 opiﬁcis
2263 4014 2550 4086 potentia:
2573 4019 2760 4069 totum
2795 4013 3353 4084 insuperimmobile
3385 4013 3659 4068 subsistit

2011 4120 2127 4157 una
2158 4119 2290 4157 cum
2325 4107 2574 4173 utroque
2605 4101 2905 4157 luminari.
2933 4099 3158 4156 Etenim
3185 4117 3299 4156 non
3324 4099 3535 4156 caelum
3567 4101 3655 4172 ip-

2011 4209 2165 4256 sum,
2182 4208 2294 4246 non
2320 4191 2581 4262 reliquus
2599 4189 2902 4245 stellarum
2927 4189 3142 4245 chorus
3165 4194 3283 4244 toto
3306 4189 3660 4244 oberrabant

2014 4281 2170 4351 polo;
2189 4280 2288 4334 sed
2305 4296 2434 4334 cum
2457 4280 2685 4334 duobus
2702 4278 2818 4333 illis
2841 4277 3256 4346 luminaribus,
3273 4278 3397 4332 suis
3417 4293 3660 4347 quisque

2012 4369 2250 4423 sedibus
2281 4368 2693 4422 substiterunt.
2719 4367 2833 4422 Hoc
2863 4367 3021 4421 enim
3044 4366 3263 4421 indicat
3289 4383 3300 4420 :
3327 4365 3478 4421 258
3509 4365 3658 4434 ’Ἀμα

2010 4459 2089 4525 τῷ
2115 4455 2272 4508 παντὶ
2305 4453 2441 4530 πρὸς
2486 4455 2547 4508 τὸ
2577 4453 2751 4524 πάντη
2785 4453 3039 4522 ἀκίνητον
3075 4454 3384 4527 ὁρίζωνται,
3420 4453 3660 4524 perinde

236 4550 343 4600 τοῦ
397 4565 629 4617 πατρος,
659 4545 945 4614 νοήσωμεν
988 4540 1180 4602 οὕτως.
1213 4541 1566 4613 Ὑποθώμεθα
1609 4541 1701 4594 τὸν
1741 4539 1890 4608 ἥλιον

2013 4548 2187 4614 atque
2218 4546 2346 4614 ejus
2393 4545 2578 4599 totius
2609 4544 2723 4598 diei
2774 4543 3063 4598 dimensio
3113 4540 3426 4596 excreverit
3470 4541 3662 4612 spatio

242 4637 390 4688 εἶναι
423 4632 564 4686 κατᾶ
592 4632 690 4699 τήν
722 4628 934 4704 ἡμέραν
963 4629 1170 4697 ἐκείνην
1202 4631 1270 4700 τῇ
1316 4627 1432 4698 ὥρᾳ
1480 4635 1581 4696 τῆς
1635 4625 1906 4696 ἀνατολῆς

240 4721 295 4777 έν
351 4724 428 4793 τῇ
483 4721 676 4793 πρώτῃ
735 4717 901 4791 μοίρᾳ
946 4721 1043 4771 τοῦ
1085 4720 1270 4789 Κριοῦ.
1314 4715 1405 4778 Εἷς
1449 4717 1547 4783 τήν
1597 4716 1761 4783 αὐτὴν
1813 4715 1903 4769 οῦν

250 4815 463 4883 μοῖραν
500 4804 813 4869 ἐπανελθεῖν
848 4804 1005 4860 αὐτὸν
1039 4803 1136 4858 οὐκ
1163 4805 1230 4872 ἦν
1263 4801 1507 4871 δυνατὸν,
1536 4804 1580 4857 εὶ
1634 4805 1709 4874 μὴ
1740 4805 1906 4872 ποιή-

241 4918 400 4952 σεται
435 4896 536 4963 τὴν
564 4899 926 4968 προταγεῖσαν
957 4892 1325 4965 πεντάτροπον
1369 4890 1605 4961 κίνησιν,
1636 4889 1805 4966 ἤγουν
1841 4890 1910 4947 δι’

239 4988 485 5059 ἡμερῶν
539 4985 638 5054 τξε¹
683 4984 818 5054 (74),
861 4981 949 5035 καὶ
1005 4979 1459 5054 τεταρτημόριον.
1495 4981 1582 5034 Ἐν
1641 4981 1730 5033 οῦν
1788 4987 1906 5043 ταῖς

237 5072 378 5127 δίκα
412 5071 606 5145 ὥραις,
637 5075 758 5129 ταῖς
790 5069 894 5122 ἀπὸ
923 5072 1020 5122 τοῦ
1051 5067 1220 5121 τόπου
1253 5067 1304 5121 έν
1356 5069 1401 5138 ᾧ
1456 5070 1647 5142 γέγονε
1697 5070 1760 5123 τὸ
1818 5091 1911 5139 ση,

247 5167 442 5234 μεῖον,
476 5157 578 5220 ἕως
635 5157 800 5212 πάλιν
859 5163 958 5225 τῆς
993 5155 1044 5210 ἰν
1093 5157 1163 5226 τῇ
1211 5153 1450 5228 ἀνατολῇ
1508 5158 1732 5231 πρώτης
1786 5157 1910 5228 μοί-

243 5272 347 5324 ρας
410 5252 515 5302 τοῦ
573 5251 760 5321 Κριοῦ,
811 5246 910 5312 τήν
967 5243 1178 5299 τελείαν
1233 5244 1662 5299 ἀποκατάστασιν
1720 5244 1910 5314 ἐποιή-

243 5358 409 5394 σατο.
451 5335 552 5389 Καὶ
603 5335 738 5388 κατὰ
779 5338 964 5398 τοῦτο,
1021 5332 1136 5386 ἐπεὶ
1191 5330 1377 5394 ἄλλως
1439 5331 1535 5386 οὐκ
1579 5332 1644 5400 ἦν
1679 5330 1909 5405 ἅψασθαι

237 5430 345 5482 τοῦ
407 5430 516 5493 τῆς
566 5422 791 5496 πρώτης
853 5421 1046 5496 μοίρας
1108 5422 1340 5493 σημείου
1409 5425 1506 5476 τοῦ
1578 5423 1748 5494 Κριοῦ
1817 5422 1906 5475 τὸν

315 5614 416 5689 (ιι)
446 5613 586 5686 Cap.
621 5629 662 5683 ι,
695 5626 747 5669 v.
778 5610 869 5668 24.
950 5610 1021 5682 (υ)
1053 5609 1225 5668 Eccli.
1259 5625 1414 5681 XLVI,
1445 5609 1500 5664 5.

590 5740 855 5806 Ρλποι.
904 5739 1015 5804 Gn.
1060 5737 1164 5804 IV.

2016 4632 2322 4687 duodecim
2355 4632 2670 4698 horarum;
2704 4632 2926 4686 interea
2958 4629 3236 4700 temporis
3267 4629 3324 4683 in
3359 4629 3485 4684 suis
3512 4646 3666 4699 quaa-

2017 4737 2128 4790 que
2160 4720 2344 4789 signis
2378 4719 2714 4786 luminaria,
2747 4718 2958 4773 ccelum
2993 4735 3227 4789 quoque
3265 4717 3457 4788 ipsum
3489 4718 3662 4771 tixius

2019 4808 2372 4863 restiterunt.
2410 4809 2572 4874 Quod
2604 4813 2797 4862 autem
2831 4806 3011 4876 dupla
3041 4807 3111 4861 ad
3145 4810 3384 4861 cmteros
3417 4821 3662 4876 propor-

2020 4895 2174 4950 tione
2205 4912 2271 4950 ea
2301 4897 2424 4951 dies
2474 4896 2822 4961 accreverit;
2867 4893 3196 4949 luculenter
3241 4893 3464 4948 indicat
3492 4895 3662 4950 Jesus

2018 4984 2175 5038 ﬁlius
2205 4983 2405 5038 Siracb
2440 4984 2497 5037 in
2543 4983 2760 5054 hymno
2793 4983 3028 5037 Patrum
3061 4983 3157 5053 (υ).
3208 4986 3354 5036 Nam
3385 4982 3455 5036 ad
3493 4981 3664 5037 horas

2019 5077 2270 5143 quatuor
2299 5088 2479 5141 supra
2511 5069 2718 5140 viginti
2751 5069 2876 5124 dies
2907 5069 3010 5124 illa
3045 5070 3155 5124 sub
3187 5069 3322 5124 Jesu
3352 5069 3506 5125 Nave
3533 5086 3664 5140 por-

2019 5165 2176 5214 recta
2209 5163 2584 5219 memoratur,
2617 5157 3117 5227 quemadmodum
3170 5156 3220 5210 is
3267 5158 3574 5226 expressit.
3607 5157 3667 5212 Si

2019 5263 2150 5301 vero
2182 5247 2457 5301 reclamet
2485 5245 2934 5316 Apollophanes,
2969 5244 3336 5316 impossibile
3374 5246 3576 5300 dicens
3608 5252 3672 5300 ut

2019 5335 2144 5388 ccnli
2177 5351 2386 5389 cursus
2427 5334 2654 5387 restitet
2700 5334 3004 5402 (perpetuo
3053 5333 3211 5387 enim
3242 5333 3438 5404 agitur
3466 5338 3670 5417 motu),

2016 5422 2147 5477 vide
2178 5421 2262 5476 illi
2297 5425 2360 5475 ut
2407 5421 2785 5493 respondeas,
2831 5419 2970 5491 quia
3015 5420 3104 5476 vel
3135 5420 3244 5476 hoc
3290 5422 3527 5478 nomine
3561 5421 3674 5478 tale

3270 5738 3348 5798 15
