4004 6200
335 314 439 370 459

1140 309 1506 364 APPENDIX
1542 308 1641 363 AD
1679 305 1922 361 OPERA
1960 306 2018 358 Β.
2058 303 2378 359 DlONYSll
2415 302 2922 359 AREOPAGITB.

3650 309 3750 364 460

335 436 667 509 prodigium
687 435 930 507 dignum
948 432 1129 489 videri
1149 432 1320 488 debet
1349 429 1556 501 majori
1581 426 1765 484 multo
1793 427 1977 482 admi-

2093 422 2260 492 ἥλιον
2293 422 2498 494 πάλιν’,
2529 423 2574 477 εἰ
2627 424 2703 496 μὴ
2767 425 2900 497 μετά
2946 423 3158 480 τελείου
3187 425 3395 501 χρόνου
3425 428 3744 504 περαίωσιν,

334 527 582 593 ratione,
608 525 764 596 quod
795 529 853 578 et
884 528 939 579 te
961 523 1166 578 debuit
1195 523 1264 577 ad
1292 519 1739 592 amplexandam
1765 517 1881 572 veri
1903 515 1986 587 ip-

333 615 460 671 sius
497 615 590 669 Dei
624 614 796 668 ﬁdem
830 621 1182 676 convertere,
1214 615 1271 666 et
1317 611 1388 665 ad
1439 625 1639 664 eorum
1673 607 1987 678 perducere

333 703 750 775 cognitionem,
783 719 912 773 quae
944 702 1014 756 de
1065 702 1191 772 ipso
1242 699 1632 771 praedicantur
1663 713 1676 752 :
1711 695 1880 768 polus
1913 695 1988 749 si-

331 793 593 864 quidem,
625 792 725 863 qui
779 790 1098 844 luminaria
1149 789 1426 857 continet,
1457 786 1982 857 circumagebatur.

330 890 476 945 Nam
510 894 567 945 et
614 890 723 944 hoc
777 888 1063 958 expressit
1106 886 1304 942 dicens
1338 903 1350 941 :
1383 886 1502 940 Τῶν
1551 882 1695 936 ὅλων
1744 881 1834 935 καὶ
1879 884 1986 935 τῶν

330 976 652 1052 κρειττόνων
714 976 803 1029 καὶ
863 973 1256 1048 περιεχόντων.
1309 974 1543 1029 Contra.
1597 971 1693 1027 Sol
1743 977 1800 1026 et
1847 970 1987 1025 luna

335 1067 554 1138 alioqui
608 1065 738 1137 polo
797 1066 924 1136 ipso
982 1063 1260 1132 contenti,
1324 1061 1661 1118 immobiles
1719 1060 1987 1132 persiste-

334 1158 498 1223 bant,
545 1170 649 1209 nec
693 1155 817 1224 jam
869 1154 1041 1223 juxta
1089 1156 1428 1208 consuetam
1477 1150 1754 1205 lationem
1806 1148 1987 1204 simul

337 1261 471 1298 cum
506 1242 634 1313 polo
668 1243 1072 1305 movebantur,
1108 1257 1360 1312 quocum
1407 1255 1637 1311 semper
1665 1237 1987 1308 circumagi

337 1345 710 1398 consuerant.
747 1339 975 1394 Rursus
1006 1339 1258 1394 Ezechiae
1289 1341 1572 1408 tempore,
1598 1335 1832 1408 quando
1873 1333 1987 1388 alia

336 1431 605 1502 quaedam
637 1428 762 1483 dies
792 1427 968 1498 tripla
985 1426 1407 1499 propemodum
1427 1425 1798 1497 proportione
1829 1427 1988 1478 cate-

337 1519 415 1573 ris
446 1519 633 1588 major
660 1517 1172 1572 continenterfuit.
1194 1515 1375 1570 Dictio
1409 1510 1603 1587 σχεδόν
1639 1529 1704 1568 eo
1727 1512 1983 1581 accessit,

337 1608 490 1679 quod
517 1605 619 1660 illa
647 1605 768 1661 dies
801 1622 915 1660 non
935 1620 1360 1677 usquequaque
1383 1604 1556 1676 plena
1579 1602 1751 1657 fuerit
1775 1600 1986 1671 triplici

339 1694 708 1750 dimensione
733 1710 746 1747 :
774 1695 1024 1748 duarum
1043 1693 1199 1748 enim
1219 1698 1275 1748 et
1291 1693 1526 1764 triginta
1557 1692 1665 1746 fuit
1685 1691 1982 1746 horarum.

338 1794 422 1849 Ab
455 1793 678 1848 oriente
708 1791 1003 1862 siquidem
1037 1791 1107 1846 ad
1141 1806 1270 1845 eum
1304 1805 1492 1861 usque
1523 1789 1739 1855 locum,
1771 1789 1830 1842 in
1863 1805 1978 1858 quo
2019 1796 2066 1860 Β

338 1882 424 1938 sol
463 1887 589 1935 tum
620 1880 895 1936 inventus
925 1885 1038 1942 est,
1071 1880 1302 1950 quando
1325 1878 1546 1934 editum
1578 1881 1666 1932 est
1694 1877 1981 1948 ejusmodi

338 1970 599 2040 signum,
631 1969 831 2023 decem
864 1967 1023 2023 illius
1069 1967 1182 2022 diei
1229 1967 1488 2022 exierant
1517 1966 1692 2020 boris.
1728 1965 1981 2020 Rursum

337 2057 533 2113 alterae
565 2058 790 2123 decem,
824 2073 938 2128 quo
970 2072 1216 2112 excursu
1249 2054 1531 2126 temporis
1563 2054 1724 2109 illinc
1754 2053 1864 2109 iter
1893 2070 1980 2109 re-

336 2146 494 2202 ﬂexit
523 2146 608 2202 sol
643 2147 713 2201 ad
747 2145 1050 2201 orientem.
1088 2144 1349 2215 Itemque
1380 2144 1541 2199 illinc
1563 2145 1636 2198 ab
1657 2143 1876 2198 oriente
1907 2144 1977 2198 ad

332 2235 642 2292 occiduum
674 2251 861 2306 usque
891 2233 1135 2289 limitem
1167 2233 1422 2304 perlatus
1452 2237 1542 2288 est
1571 2232 1730 2288 horis
1760 2233 1978 2287 duode-

331 2323 445 2380 cim
489 2325 556 2379 “.
607 2328 722 2379 Hac
771 2339 907 2378 sane
957 2322 1187 2377 dicendi
1232 2320 1486 2376 formula
1532 2337 1676 2376 usus
1725 2321 1819 2375 hic
1867 2326 1976 2388 est,

327 2415 482 2494 quod
510 2422 680 2493 polus
713 2422 840 2493 ipse
870 2438 987 2476 una
1018 2437 1152 2475 cum
1184 2419 1461 2486 sole,t0to
1489 2417 1587 2474 illo
1618 2418 1978 2473 interceden-

325 2518 382 2566 te
413 2511 600 2581 spatio
649 2510 926 2564 horarum
979 2509 1206 2580 viginti,
1240 2509 1543 2564 obversam
1596 2507 1756 2562 illam
1802 2513 1978 2578 atque

327 2599 671 2654 circularem
703 2598 981 2653 lationem
1013 2614 1193 2668 supra
1237 2603 1458 2652 natura
1488 2596 1976 2652 consuetudinem

325 2687 632 2759 peregerit,
683 2691 784 2741 aut
835 2686 975 2756 quia
1022 2685 1104 2740 sol
1154 2685 1278 2755 ipse
1328 2701 1458 2739 eam
1506 2683 1747 2739 absolvit
1791 2683 1972 2739 solus.

324 2788 444 2839 Hoc
475 2785 648 2856 plane
680 2784 901 2838 indicat
939 2785 1136 2839 dicens
1170 2800 1183 2838 :
1216 2783 1284 2835 ’Ή
1330 2782 1391 2835 τὸ
1425 2787 1526 2835 πᾶν
1555 2781 1814 2835 τοσούτου
1846 2781 1978 2856 χρό-

326 2891 442 2940 νου,
504 2868 764 2940 δηλονότι
822 2867 1024 2923 εἷ’κοσιν
1085 2870 1266 2944 ὡρῶν,
1327 2869 1498 2945 φορὰς
1566 2868 1796 2929 ἐναντίας
1856 2869 1977 2922 ἀνα-

325 2955 560 3028 ποδίζει,
600 2957 634 3025 ἢ
668 2958 695 3012 ὁ
744 2958 900 3026 ἣλιος
947 2955 1075 3030 ΐδίῳ
1122 2955 1314 3030 δρόμῳ
1343 2957 1442 3026 τήν
1473 2956 1731 3027 τοιαύτην
1763 2956 1972 3026 κίνησιν

325 3045 642 3114 ἐποιήσατο.
694 3049 855 3110 Quod
906 3053 1098 3102 autem
1147 3048 1246 3117 ait,
1295 3047 1688 3120 πεντάτροπον,
1735 3047 1844 3102 hoc
1889 3052 1977 3102 est

325 3135 825 3207 quinquiformem
874 3135 1036 3189 illam
1086 3136 1227 3190 solis
1279 3137 1617 3203 motionem,
1651 3137 1735 3191 sic
1772 3136 1968 3207 accipe
1999 3153 2042 3222 α

323 3225 548 3279 dictum
583 3239 596 3277 :
631 3223 1082 3278 Anniversarius
1107 3223 1239 3278 solis
1267 3228 1462 3279 motus
1491 3224 1746 3294 quinque
1777 3226 1966 3280 absol-

322 3311 480 3366 vitur
511 3309 946 3365 mutationibus
994 3310 1114 3365 sive
1164 3311 1662 3366 conversionibus.
1699 3311 1971 3381 Primam,

327 3423 504 3480 quam
539 3423 850 3462 ascensum
901 3405 1304 3478 aquilonarem
1356 3407 1627 3474 dicimus,
1679 3408 1912 3462 conficit
1942 3426 1976 3463 a

327 3513 502 3552 verno
548 3495 896 3567 aequinoctio
953 3496 1024 3550 ad
1083 3496 1345 3550 aestivum
1398 3513 1586 3567 usque
1633 3496 1972 3568 solstitium,

324 3585 592 3651 alteram,
623 3601 801 3655 quam
835 3583 1128 3639 borealem
1176 3588 1387 3640 vocant
1438 3586 1808 3653 descensum,
1844 3602 1976 3658 per.

322 3675 505 3730 currit
537 3673 608 3728 ab
640 3674 748 3728 hoc
775 3672 1025 3728 solstitio
1058 3674 1129 3728 ad
1163 3673 1507 3729 autumnale
1529 3675 1976 3758 aequinoctium;

317 3774 575 3843 tertiam,
599 3789 724 3842 quae
750 3773 1056 3828 austrinus
1079 3772 1297 3828 dicitur
1314 3774 1437 3829 sive
1461 3776 1865 3833 meridionalis
1885 3779 1977 3833 de-

316 3879 586 3928 scensus,
623 3862 774 3917 259
824 3878 857 3916 a
903 3863 1166 3932 proximo
1214 3862 1568 3933 aequinoctio
1617 3867 1874 3921 extendit
1903 3869 1976 3923 ad

314 3949 633 4003 hibernum
658 3949 1010 4017 solstitium;
1036 3955 1466 4022 quartam,quaa
1494 3953 1796 4009 austrinus
1814 3971 1976 4010 voca-

311 4048 414 4098 tur
443 4052 746 4103 ascensus,
779 4037 849 4090 ab
882 4038 1126 4092 hiberno
1158 4039 1380 4108 tropico
1413 4041 1480 4093 ad
1514 4057 1758 4096 vernum
1787 4043 1974 4097 dedu-

317 4123 402 4178 xit
457 4122 892 4192 aequinoctium.
955 4125 1132 4179 Porro
1202 4126 1407 4196 quinta
1475 4129 1776 4184 conversio
1833 4130 1974 4186 solis

321 4235 566 4291 prorsus
625 4220 918 4272 contraria
977 4220 1087 4290 ipsi
1147 4221 1276 4291 polo
1331 4227 1438 4276 est.
1495 4223 1738 4285 Quando
1798 4225 1975 4296 igitur

313 4307 460 4362 dixit
485 4306 585 4374 τὴν
618 4303 1007 4379 πεντάτροπον,
1041 4307 1200 4362 illam
1234 4308 1734 4380 quinquiformem
1766 4314 1975 4370 motio-

312 4412 445 4451 nem
479 4395 642 4464 solis,
695 4395 1064 4466 oppositione
1116 4397 1349 4452 articuli
1394 4399 1518 4468 τήν,
1573 4401 1972 4458 subindicavit

2095 511 2147 566 ἐν
2173 513 2218 583 ᾦ
2251 510 2316 582 δὴ
2348 511 2534 586 χρόνῳ
2577 513 2669 566 καὶ
2721 515 2755 582 ἡ
2790 512 3165 589 πεντάτροπος
3225 514 3464 570 τελεῖται
3517 518 3749 592 κίνησις,

2097 599 2410 676 λογίζονται
2453 601 2506 654 αἱ
2567 597 2692 654 δέκα
2724 602 2886 676 ὧραι,
2919 603 3032 676 οὐχ
3054 603 3111 656 αἱ
3141 606 3353 677 πρῶται
3385 601 3631 676 δηλαδὴ,
3668 607 3750 662 αἶ-

2094 710 2237 750 τινες
2297 690 2455 758 ἦσαν,
2504 689 2820 759 κινηθέντος
2897 691 3004 744 ἀπὸ
3086 689 3358 758 ἀνατολῆς
3429 699 3526 749 106
3587 694 3753 764 ἡλίου

2100 776 2264 852 μέχρι
2324 783 2418 830 τοῦ
2463 777 2635 832 τόπου
2683 777 2734 832 έν
2786 780 2831 850 ᾧ
2877 779 2940 833 τὸ
2989 785 3217 850 σημεῖον
3269 780 3355 836 ἐπὶ
3405 788 3487 855 τῷ
3545 785 3756 858 Ἐζεκίᾳ

2097 866 2333 941 ἐγένετο,
2390 866 2518 922 ἀλλ’
2576 869 2630 922 αἱ
2690 869 2794 923 ἀπὸ
2849 869 3045 924 τούτου
3097 874 3197 924 106
3246 872 3478 944 σημείου
3521 875 3600 937 εἷς
3661 878 3756 946 τὴν

2094 954 2362 1024 ἀνατολὴν
2389 955 2967 1032 ὀπισθοδρομήσαντος
2983 963 3079 1013 106
3102 957 3268 1028 ἡλίου
3293 957 3751 1023 διαϐιϐασθεῖσαι,

2093 1044 2260 1100 Αὗται
2320 1046 2410 1099 οὖν
2462 1046 2515 1099 αἱ
2558 1043 2684 1100 δέκα
2730 1044 2888 1122 ὧραι,
2924 1046 3038 1101 ἐπεὶ
3085 1047 3249 1102 πάλιν
3283 1049 3358 1112 είς
3388 1052 3488 1119 τὴν
3529 1051 3753 1109 ὑποκει-

2098 1134 2262 1206 μένην
2317 1133 2541 1208 πρώτην
2599 1139 2792 1209 μοῖραν
2844 1140 2938 1190 106
2994 1141 3159 1209 Κριοῦ
3191 1137 3219 1190 ὁ
3273 1137 3436 1207 ἥλιος
3491 1138 3754 1215 ἐγεγόνει,

2095 1219 2411 1296 λογίζονται
2441 1222 2515 1284 ὡς
2546 1221 2783 1285 ἐνιαυτὸς
2809 1222 3120 1297 ὁλόκληρος
3153 1243 3166 1256 ·
3215 1226 3429 1282 συνεῖλε
3469 1229 3570 1304 γὰρ
3636 1233 3754 1286 ἀνα-

2094 1306 2332 1373 λυτικῶς
2394 1313 2602 1366 ἅπασαν
2658 1314 2758 1382 τὴν
2802 1317 2897 1366 τοῦ
2928 1313 3134 1388 χρόνου
3164 1313 3442 1390 περίοδον,
3473 1318 3752 1376 ἀποκατα-

2095 1400 2219 1460 στὰς
2298 1400 2351 1454 ἐν
2430 1406 2509 1472 τῷ
2592 1402 2708 1456 κατ’
2762 1401 2968 1472 ἐκείνην
3029 1404 3129 1471 τήν
3188 1403 3396 1478 ἡμέραν
3454 1408 3753 1469 ἀνέτειλεν.

2093 1493 2340 1556 Ἔπειτα,
2399 1489 2562 1544 πάλιν
2623 1492 2937 1560 κινηθέντος
2996 1493 3087 1544 ἀπ’
3143 1491 3435 1564 ἀνατολῆς,
3479 1495 3595 1552 ἐπεὶ
3655 1500 3756 1556 οὐκ

2091 1577 2158 1644 ἦν
2218 1575 2405 1641 ἄλλως
2453 1577 2764 1642 ἐπανελθεῖν
2817 1578 2893 1642 είς
2954 1579 3124 1634 ἐκεῖνο
3180 1581 3243 1635 τὸ
3303 1590 3558 1658 σημεῖον,
3603 1587 3662 1642 ἐν
3704 1591 3747 1661 ᾧ

2094 1662 2249 1729 ὄντος
2289 1665 2453 1720 αὐτοῦ
2506 1667 2568 1720 τὸ
2627 1665 2714 1720 ἐπὶ
2769 1671 2848 1738 τῷ
2880 1667 3090 1738 Ἐζεκίᾳ
3147 1675 3374 1742 σημεῖον
3437 1669 3673 1748 ίγένετο,
3706 1678 3750 1732 εί

2099 1753 2174 1825 μή
2202 1754 2337 1807 κατά
2365 1753 2657 1841 περαίωσιν
2689 1752 3004 1841 ὁλοκλήρου
3047 1757 3253 1831 ’χρόνου
3312 1757 3403 1813 καί
3453 1763 3748 1841 πεντάτρο-

2093 1861 2194 1894 πον
2228 1841 2438 1911 κίνησιν
2471 1860 2483 1872 ·
2512 1840 2562 1896 ἐν
2609 1839 2734 1897 δέκα
2762 1840 2818 1897 δὲ
2842 1842 3006 1898 πάλιν
3053 1844 3218 1918 ὥραις
3275 1845 3448 1903 ἐκεῖσε
3498 1839 3750 1908 ἀποκατ-

2092 1928 2216 2000 έστη
2258 1927 2394 1984 ’διὰ
2449 1935 2610 1986 τοῦτο
2657 1931 2752 1994 τὰς
2799 1930 3050 1995 τοιαύτας
3098 1931 3224 1989 δέκα
3268 1934 3432 2010 ὥρας,
3480 1941 3581 2005 τὰς
3643 1942 3750 2000 ἀπὸ

2092 2019 2358 2090 ἀνατολῆς
2415 2017 2520 2083 ἕως
2576 2025 2670 2076 106
2730 2022 2960 2094 σημείου
3020 2021 3244 2097 ἐκείνου,
3306 2026 3422 2082 ἀντὶ
3467 2027 3749 2088 ἐνιαυσίου

2089 2104 2364 2182 παρέλαϐε
2410 2109 2499 2163 καὶ
2557 2111 2928 2186 πεντατρόπου
2985 2114 3251 2182 κινήσεως
3287 2132 3300 2146 ·
3355 2116 3459 2170 οὐκ
3509 2119 3578 2187 ἦν
3641 2121 3741 2195 γὰρ

2086 2198 2177 2251 τὸν
2209 2195 2370 2265 ἥλιον
2433 2200 2568 2270 ἅπαξ
2628 2199 2933 2255 ἀποστάντα
2989 2205 3086 2255 106
3141 2203 3276 2257 κατά
3302 2205 3402 2273 τὴν
3466 2207 3745 2280 ἀνατολὴν

2087 2286 2343 2358 σημείου,
2378 2287 2688 2343 ἐπανελθεῖν
2743 2289 2819 2352 εἰς
2878 2288 3030 2358 αὐτὸ,
3064 2289 3106 2344 εἰ
3161 2293 3238 2362 μή
3286 2293 3422 2348 κατά
3477 2295 3750 2354 ἐνιαύσιον

2085 2373 2338 2450 περίοδον
2377 2395 2390 2408 ο
2422 2376 2511 2430 καὶ
2569 2376 2669 2431 οὐκ
2715 2378 2781 2445 ἦν
2830 2376 3039 2448 ἄλλως,
3071 2379 3208 2448 ἅπαξ
3266 2381 3580 2438 ἀποστάντα
3642 2388 3748 2442 ἀπὸ

2084 2467 2181 2516 τοῦ
2242 2462 2493 2535 σημείου,
2551 2465 2683 2527 καθὸ
2735 2464 2796 2518 τὸ
2838 2463 2927 2518 ἐπὶ
2996 2466 3207 2539 Ἐζεκίᾳ
3251 2474 3480 2542 σημεῖον
3525 2473 3745 2547 γέγονε,

2084 2550 2248 2605 πάλιν
2296 2550 2611 2615 ἐπανελθεῖν
2661 2552 2738 2615 εἰς
2790 2553 2942 2622 αὐτὸ,
2994 2555 3039 2609 εἰ
3092 2556 3168 2628 μή
3225 2577 3360 2611 κατα
3410 2558 3743 2616 ένιαυσιαίαν

2085 2640 2266 2714 ἑτέραν
2299 2639 2389 2694 κάὶ
2420 2639 2585 2696 πάλιν
2627 2639 2883 2716 πρόοδον.
2920 2642 3016 2697 Καὶ
3068 2641 3158 2698 διὰ
3201 2649 3362 2700 τοῦτο
3411 2645 3556 2722 λέγει
3593 2669 3607 2681 ·
3645 2652 3741 2707 Ἠν

2086 2727 2410 2783 ἐνιαυσιαίαν
2486 2728 2699 2799 κίνησιν
2790 2731 3032 2786 συνεῖλεν
3113 2730 3452 2797 ἂναλυτικῶς
3505 2736 3559 2790 ἒν
3615 2735 3741 2793 δέκα

2086 2817 2274 2892 ὥραις,
2329 2819 2434 2873 ἀπὸ
2477 2824 2576 2873 106
2628 2821 2798 2874 τόπου
2857 2821 2909 2875 ἐν
2965 2822 3011 2894 ᾧ
3063 2822 3126 2875 τὸ
3171 2824 3308 2876 κατὰ
3353 2824 3445 2878 τὸν
3494 2826 3740 2894 Ἐζεκίαν

2085 2912 2312 2978 σημεῖον
2371 2903 2529 2978 ἐδόθη
2591 2907 2679 2962 ἐπὶ
2743 2910 2842 2978 τήν
2901 2910 3172 2979 ἀνατολὴν
3231 2911 3578 2985 κινούμενος,
3635 2919 3734 2986 τὴν

2082 2995 2249 3063 αὐτὴν
2302 2992 2439 3064 ὅλην
2515 2994 2840 3050 ἐνιαυσιαίαν
2921 2992 3107 3070 τρίϐον
3187 2997 3239 3052 ἐν
3314 3001 3520 3076 ἑτέραις
3607 3000 3737 3059 δέκα

2083 3081 2248 3156 ὥραις
2293 3084 2382 3136 ἀπ’
2415 3082 2685 3152 ἀνατολῆς
2741 3085 2906 3160 μέχρι
2953 3088 3050 3138 106
3106 3087 3276 3141 τόπου
3336 3085 3388 3142 ἓν
3430 3089 3475 3161 ᾧ
3527 3091 3591 3144 τὸ
3636 3113 3737 3160 ση-

2085 3176 2236 3244 μεῖον
2287 3171 2522 3246 γέγονεν,
2553 3171 2867 3242 ἐποιήσατο.
2903 3175 3080 3230 T0610
3134 3172 3191 3230 δὲ
3235 3175 3300 3243 ἦν
3355 3178 3443 3231 καὶ
3495 3179 3558 3232 τὸ
3606 3179 3738 3242 τοὺς

2081 3255 2466 3322 Βαϐυλωνίους
2523 3259 2819 3333 ἐκπλῆξαν,
2876 3263 2967 3317 ἅτε
3018 3265 3106 3319 καὶ
3165 3265 3363 3330 αὐτοὺς
3406 3267 3734 3343 οὖρανοθεά-

2085 3369 2248 3421 μονας
2315 3348 2405 3402 καὶ
2489 3347 2862 3424 ἀστρολέσχας
2945 3346 3133 3421 ὄντας,
3190 3352 3280 3406 καὶ
3363 3355 3739 3426 καθυποτάξαν

2086 3439 2271 3512 μάχης
2329 3435 2480 3498 ἐκτὸς
2536 3442 2617 3510 τῷ
2681 3445 2781 3507 τῆς
2829 3439 3194 3512 Ἰερουσαλὴμ
3247 3441 3482 3516 βασιλεῖ,
3533 3443 3737 3499 ὡσανεὶ

2084 3525 2276 3597 ἷσοθὲῳ
2322 3525 2428 3580 τινὶ
2478 3522 2614 3597 ὄντι,
2646 3526 2733 3581 καὶ
2769 3527 2901 3602 ὑπὲρ
2941 3527 3069 3590 τοὺς
3131 3527 3337 3591 ἄλλους
3383 3532 3735 3607 ἀνθρώπους.

2083 3614 2181 3669 Καὶ
2237 3613 2298 3668 οὐ
2339 3613 2485 3689 λέγω
2549 3614 2643 3678 τὰς
2706 3614 2756 3669 ὲν
2835 3615 3098 3691 Αἰγύπτῳ
3175 3621 3643 3695 θαυματουργίας,
3699 3623 3734 3692 ἢ

2083 3701 2257 3766 ἄλλας
2285 3703 2432 3766 τινας
2461 3702 2714 3778 ἀλλαχοῦ
2743 3706 3105 3780 γεγενημένας
3141 3726 3153 3738 ·
3192 3703 3315 3762 ἀλλ’
3346 3705 3525 3762 ἐκεῖνα
3557 3709 3736 3785 λέγω,

2085 3793 2217 3866 ἅπερ
2265 3793 2353 3847 καὶ
2415 3791 2466 3846 ἐν
2513 3797 2591 3864 τῷ
2649 3793 2862 3867 οὐρανῷ
2915 3792 3271 3869 ἐγεγόνεισαν,
3311 3797 3401 3850 καὶ
3454 3798 3591 3852 κατά
3639 3801 3732 3855 τὸν

2082 3883 2242 3952 ἥλιον
2295 3879 2606 3955 συνέϐησαν,
2638 3885 2728 3938 καί
2779 3881 2868 3938 διά
2911 3888 3069 3940 τοῦτο
3118 3892 3276 3942 πᾶσιν
3329 3885 3736 3963 ἇθριαμϐεύθη-

2083 3993 2174 4026 σαν
2220 3993 2232 4006 '
2287 3970 2340 4027 εἶ’
2386 3994 2437 4026 τι
2492 3973 2594 4046 γὰρ
2651 3977 2731 4044 τῷ
2769 3972 2914 4044 ἡλίῳ
2943 3969 3206 4046 συμϐαίη,
3239 3973 3420 4040 οὐδείς
3460 3977 3574 4033 ἐστι
3622 3985 3732 4034 τῶν

2084 4062 2336 4135 ὁρώντων
2364 4059 2456 4114 τὸν
2489 4059 2675 4130 ἥλιον,
2708 4061 2766 4122 ’ὸς
2825 4061 2926 4115 οὐκ
2971 4059 3138 4116 ἐκεῖνο
3189 4062 3459 4127 θεάσαιτο.
3491 4065 3560 4122 Ei
3605 4070 3736 4140 μέν·

2079 4170 2163 4203 τοι
2224 4169 2286 4224 γε
2336 4146 2675 4218 διαπιστήσει
2735 4151 2763 4204 ὁ
2795 4147 3219 4227 Ἀπολλοφάνης
3270 4153 3402 4225 πρὸς
3446 4158 3638 4223 ταῦτα,
3681 4157 3736 4211 οἱ

2083 4239 2277 4311 Πέρσαι
2356 4239 2815 4312 μαρτυρήσουσιν,
2895 4238 3087 4300 οἰτινις
3173 4241 3375 4315 Μίθραν
3468 4242 3562 4314 μὶν
3636 4245 3734 4299 τὸν

2080 4328 2243 4398 ἥλιον
2304 4327 2567 4402 λέγουσι·
2613 4328 2675 4382 τὸ
2726 4327 3046 4404 παρέκταμα
3095 4327 3152 4384 δὲ
3189 4337 3289 4399 τῆς
3325 4331 3534 4406 ἡμέρας
3590 4332 3738 4390 ἔκιε..

2079 4441 2178 4489 νης
2235 4415 2324 4472 διὰ
2376 4423 2477 4485 τῆς
2531 4415 2756 4486 τελετῆς
2801 4423 2907 4472 τῶν
2947 4419 3313 4491 μνημοσόνων
3368 4425 3464 4475 106
3491 4422 3737 4496 τριπλα-

310 4501 438 4541 eam
475 4484 617 4540 solis
651 4484 968 4539 motionem
1003 4484 1152 4540 nulli
1203 4502 1317 4541 non
1352 4502 1480 4542 esse
1512 4490 1884 4560 perspicuam
1915 4503 1975 4556 et

2086 4508 2198 4562 σίου
2259 4506 2611 4580 σημαίνουσιν
2654 4509 2786 4580 (72).
2819 4505 2972 4564 Ἀλλ’
3019 4502 3155 4563 ἔστω
3208 4514 3367 4565 τοῦτο
3401 4530 3415 4543 ·
3459 4484 3737 4591 ﬂuat-15¢“

309 4598 414 4654 per
444 4582 933 4636 consuetudinem
983 4587 1203 4637 notam.
1253 4582 1502 4638 Proinde
1533 4585 1604 4639 ad
1653 4585 1811 4641 hunc
1847 4604 1970 4644 m0-

311 4671 451 4724 dum
484 4671 886 4742 expendamus
938 4671 1078 4742 quid
1131 4670 1281 4726 Patri
1315 4688 1418 4743 per
1465 4671 1586 4728 haec
1630 4675 1804 4730 verba
1848 4677 1967 4732 dic-

310 4762 440 4814 tum
501 4758 594 4814 sit.
653 4759 1070 4830 Supponamus
1124 4758 1307 4816 solem
1359 4759 1460 4816 illa
1509 4761 1626 4832 die,
1683 4763 1821 4819 hora
1875 4751 1968 4820 sui

309 4853 472 4903 ortus
503 4848 684 4903 fuisse
729 4848 786 4902 in
841 4849 1031 4920 prima
1081 4857 1247 4920 parte
1292 4848 1525 4905 Arietis.
1578 4851 1780 4922 Itaque
1812 4855 1966 4924 quod

302 4937 387 4991 sol
422 4936 632 5008 ipsein
686 4936 834 4991 hanc
864 4938 1114 5009 primam
1169 4936 1376 4992 Arietis
1426 4942 1651 5009 partem
1702 4942 1966 5010 redierit,

303 5035 418 5088 nisi
450 5035 712 5089 confecta
759 5039 957 5104 (quam
989 5035 1485 5106 praeseripsimus)
1536 5037 1965 5110 quinquiformi

303 5122 580 5189 motione,
615 5139 786 5177 nemo
817 5122 1095 5194 possibile
1127 5123 1358 5191 dixerit,
1400 5141 1505 5196 per
1537 5126 1660 5181 dies
1693 5127 1967 5184 videlicet

302 5215 590 5277 trecentos
620 5211 922 5282 sexaginta
969 5212 1228 5282 quinque
1277 5221 1330 5267 et
1383 5219 1657 5283 quartam
1713 5220 1960 5285 partem.

302 5297 374 5350 At
412 5313 543 5352 vero
595 5298 652 5352 in
699 5298 856 5354 horis
908 5300 1131 5370 decem,
1177 5318 1211 5356 a
1262 5300 1390 5357 loco
1436 5301 1496 5356 in
1546 5318 1664 5372 quo
1715 5305 1963 5375 contigit

2072 5213 2419 5271 καιδεκαταία
2483 5211 2633 5281 οὖσα,
2691 5217 2770 5284 τῷ
2841 5212 2988 5285 ἡλίῳ
3045 5215 3111 5281 ἦν
3152 5233 3164 5245 ·

2073 5303 2334 5359 οὐδέποτε
2385 5297 2669 5374 συμϐαίνει
2725 5300 2891 5370 ἡλίου
2950 5300 3190 5377 ἔκλειψιν
3223 5304 3510 5378 γίνεσθαι·
3547 5307 3590 5360 εἰ
3644 5309 3727 5379 μὴ

2081 4598 2202 4672 περὶ
2262 4599 2359 4665 τῆς
2405 4595 2541 4650 κατὰ
2586 4596 2680 4650 τὸν
2721 4598 2988 4670 σωτήριον
3023 4599 3248 4670 σταυρὸν
3277 4598 3591 4674 ἐκλείψεως,
3620 4604 3731 4675 ἀμ·-

2081 4687 2299 4763 φότεροι
2339 4684 2442 4759 γὰρ
2473 4686 2655 4754 ἡμεῖς,
2690 4682 2794 4758 ἐγώ
2836 4705 2894 4738 τε
2941 4684 3029 4739 καὶ
3072 4685 3255 4759 αὐτὸς,
3286 4689 3424 4742 κατά
3469 4690 3567 4757 τὴν
3627 4698 3733 4760 τῆς

2076 4773 2354 4848 Αἰγύπτου
2384 4771 2743 4828 Ἡλιούπολιν
2803 4773 3085 4844 παρόντες,
3145 4773 3289 4848 (ἔθος
3344 4777 3447 4853 γὰρ
3504 4781 3569 4847 ἦν
3601 4779 3733 4835 τότε

2075 4868 2190 4924 τοῖς
2241 4858 2588 4930 ὁπουδήποτε
2616 4858 2913 4930 ⁸Ἐλλησιν,
2953 4859 3258 4934 ἀποδημεῖν
3321 4864 3398 4928 εἷς
3446 4865 3728 4942 Αἴγυπτον

2080 4952 2366 5024 μαθήσεως
2411 4947 2564 5003 ἕνεκα
2670 4953 3032 5023 καθεωρῶμεν
3080 4951 3178 5018 τὴν
3230 4952 3485 5024 τοιαύτην
3547 4953 3731 5010 ὲκλει-

2075 5040 2303 5114 ψιν,καὶ
2367 5039 2517 5099 ὅπως
2571 5037 2691 5107 ξένη
2749 5037 2839 5091 καὶ
2892 5039 3040 5113 παρά
3096 5037 3262 5114 λόγον
3311 5040 3732 5114 ἐγένετο,ἒθαυ-

2415 5127 2550 5179 κατά
2607 5123 2898 5197 διάμετρον
2955 5126 3057 5199 γὰρ
3108 5128 3142 5194 ἡ
3177 5129 3727 5203 σελήνη,τεσσαρεσ-

3221 5218 3339 5270 καθ’
3415 5218 3472 5272 ’ὸν
3535 5221 3727 5294 καιρὸν

2078 5130 2316 5201 μάζομεν
2351 5144 2364 5157 ’

1464 5468 1704 5526 νΑΒΙίΕ
1736 5471 2121 5530 LECTIONES
2153 5473 2244 5528 ET
2276 5469 2509 5526 NOT/E.

373 5576 416 5610 ’θ’
446 5571 730 5628 Eruditam
758 5576 858 5628 hac
887 5573 950 5629 de
979 5590 1038 5628 re
1065 5576 1503 5645 disputationem
1531 5585 1595 5641 P.
1618 5584 1848 5644 Martini
1864 5588 2194 5646 Couvreuriz‘
2220 5583 2498 5644 societatis
2511 5586 2642 5642 lem
2663 5584 2904 5656 theologi
2933 5586 2992 5643 in
3017 5585 3440 5646 Commentariis
3459 5585 3602 5642 vide.
3623 5601 3723 5642 ευ.
