4004 6200
294 336 391 393 461
1101 341 1557 397 ΡΔΟΗῩΜΕΒᾸΞ
1597 340 1931 394 PARAPHR

2043 337 2100 392 IS
2135 339 2212 392 IN
2249 339 2403 391 EPP.
2447 340 2508 391 8.
2548 339 2889 395 DIONYSII.

3590 340 3698 394 462

289 462 388 536 γὰρ
420 459 758 533 παρεμπέσοι
789 461 824 530 ἡ
868 459 1096 532 σελήνη,
1128 460 1217 516 καὶ
1275 459 1582 536 ὑποδράμοι
1612 461 1704 516 τὸν
1738 459 1928 528 ἥλιον,

2043 459 2166 515 fieri
2201 459 2596 532 prodigiosum
2628 460 2776 516 illud
2809 461 3070 532 signum,
3103 461 3294 516 denuo
3325 464 3395 518 ad
3442 463 3693 535 primam

292 549 352 603 ού
387 551 464 622 μή
507 551 789 624 γενήσεται
830 553 864 620 ἡ
916 555 1012 604 τοῦ
1073 549 1240 619 ἡλίου
1289 546 1554 624 ἔκλειψις.
1614 549 1754 607 Τότε
1804 552 1930 622 γοῦν

293 638 391 692 οὐκ
438 641 504 706 ἦν
553 636 782 692 συνόδου
830 637 1021 714 καιρός
1052 659 1064 670 ’
1119 639 1206 694 καὶ
1253 641 1314 695 τὸ
1363 641 1682 713 θαυμάσιον,
1717 640 1799 693 ὅτι
1845 636 1934 692 καὶ

292 725 535 800 ἔκλειψις
597 726 812 800 ἐγένετο
901 726 1008 782 ἀπὸ
1094 729 1238 803 ὥρας
1318 750 1348 793 ς
1429 726 1532 790 ἕως
1592 728 1733 803 ὥρας
1784 725 1934 782 ἐννά-

290 837 390 885 της
425 833 438 846 ⁸
491 817 579 870 καὶ
639 816 732 870 ἀπ’
808 815 1032 886 ἐννάτης
1117 817 1262 890 ὥρας
1333 815 1436 880 ἕως
1493 818 1719 892 ἑσπέρας
1767 814 1932 870 πάλιν

290 905 426 959 κατᾶ
473 901 762 979 διάμετρον
822 909 901 977 τῷ
954 903 1102 976 ἡλίῳ
1160 908 1194 974 ἡ
1255 905 1456 976 σελήνη
1508 905 1738 980 ἐγένετο.
1773 906 1934 960 Ἀνά-

292 1014 504 1064 μνησον
535 991 594 1048 δὲ
613 993 703 1048 καὶ
746 990 926 1064 ἕτερον
969 992 1129 1048 αὐτὸν
1178 999 1298 1048 ταῖς
1345 994 1768 1066 ἀστρονομικαῖς
1802 993 1936 1047 ἀκό-

238 1107 243 1111 ·
289 1079 490 1145 λουθον
521 1102 534 1115 °
570 1081 629 1136 ἐκ
681 1081 780 1157 γὰρ
832 1085 900 1154 τῇ
950 1082 1086 1136 κατά
1132 1081 1274 1153 τάξιν
1328 1081 1567 1156 ἐκλείψει
1617 1086 1712 1137 τοῦ
1743 1080 1932 1151 ἡλίου,

288 1170 346 1225 ἐκ
372 1169 474 1225 τοῦ
505 1170 669 1225 αὑτοῦ
702 1171 898 1244 μέρους
941 1172 1037 1225 τοῦ
1082 1169 1318 1239 ἡλιακοῦ
1367 1168 1550 1225 δίσκου
1603 1170 1809 1244 ἀνάγκη
1844 1169 1930 1224 καὶ

285 1260 384 1327 τήν
412 1254 717 1333 ἔμπτωσιν,
749 1257 1005 1329 δηλονότι
1056 1259 1154 1328 τὴν
1202 1259 1485 1331 σκὸτωσιν,
1516 1259 1602 1314 καὶ
1637 1257 1799 1312 πάλιν
1832 1258 1930 1326 τὴν

285 1347 674 1421 ἀνακάθαρσιν,
716 1346 976 1416 δηλονότι
1005 1349 1106 1417 τήν
1135 1353 1345 1426 φαῦσιν,
1379 1347 1618 1422 γίνεσθαι
1655 1369 1667 1381 ·
1700 1351 1797 1401 τοῦ
1828 1349 1932 1421 γὰρ

287 1435 458 1506 ἡλίου
490 1435 601 1491 ἄνω
634 1434 996 1512 διερχομένου
1044 1437 1180 1492 κατὰ
1227 1438 1318 1492 τὸν
1359 1437 1558 1491 οἰκεῖον
1586 1434 1809 1504 κύκλον,
1842 1434 1931 1489 καὶ

285 1528 384 1594 τῆς
443 1524 684 1597 σελήνης
739 1525 1077 1596 ὐποθιούσης
1145 1527 1281 1580 κατὰ
1347 1526 1439 1580 τὸν
1503 1523 1663 1596 ἴδιον,
1723 1521 1929 1598 ἀνάγκη

285 1609 704 1689 προλαμϐάνειν
751 1617 848 1685 τὴν
897 1613 1156 1686 σελήνην,
1207 1616 1283 1677 ὡς
1330 1614 1593 1670 ἐλάττονα
1622 1615 1758 1668 κατὰ
1788 1611 1931 1668 πολὺ

287 1702 658 1779 διερχομένην
708 1702 912 1759 κύκλον
947 1723 960 1735 ·
1024 1703 1238 1772 λοιπὸν,
1299 1703 1344 1758 εἰ
1395 1703 1484 1758 καὶ
1529 1702 1826 1780 ἀμφότεροι
1879 1702 1930 1756 οἱ

285 1799 576 1871 φωστῆρες
628 1794 726 1862 τὴν
789 1791 1025 1847 ἐναντίαν
1078 1797 1158 1864 τῷ
1222 1791 1379 1847 παντὶ
1435 1793 1744 1867 τρέχουσιν,
1805 1788 1931 1846 ἀλλ’

284 1881 385 1936 οὖν
434 1883 641 1952 σελήνη
693 1883 1057 1956 προλήψεται.
1117 1880 1277 1946 Εἰκὸς
1331 1885 1456 1958 γοῦν
1516 1877 1618 1947 ἔνι,
1677 1879 1706 1934 ὅ
1767 1878 1929 1955 μέρος

283 1970 592 2025 ἐπισκοτεῖν
682 1970 1112 2042 συμπίπτουσαν,
1194 1975 1354 2025 τοῦτο
1427 1969 1516 2024 καὶ
1591 1968 1931 2036 ἀπολείπειν,

283 2060 421 2114 ὥστε
453 2059 676 2114 κάκεῖνο
722 2059 1068 2132 φωτίζεσθαι.
1119 2059 1205 2114 Ἐν
1257 2055 1313 2112 δὲ
1359 2057 1427 2132 τῇ
1477 2058 1656 2133 ἡμέρᾳ
1693 2062 1790 2112 τοῦ
1821 2077 1932 2111 σω-

281 2148 478 2224 τηρίου
521 2152 772 2221 σταυροῦ,
825 2147 938 2203 ἐπεὶ
989 2147 1094 2202 ἀπὸ
1140 2147 1411 2217 ἀνατολῆς
1470 2145 1764 2221 ἀκαριαίως
1814 2168 1932 2200 συν-

281 2235 450 2305 ῆλθεν
487 2239 521 2306 ἡ
555 2235 760 2306 σελήνη
791 2241 869 2307 τῷ
897 2235 1066 2308 ἡλίῳ,
1097 2237 1186 2290 καὶ
1218 2235 1484 2306 πεποίηκε
1513 2237 1609 2304 τὴν
1645 2231 1885 2309 ἔκλειψιν
1913 2253 1925 2266 ·

282 2320 383 2380 ἔδει
422 2323 485 2379 δὲ
504 2323 669 2379 πάλιν
693 2326 1002 2380 ὑπονοστεῖν
1023 2325 1099 2387 εἰς
1117 2324 1208 2379 τὸν
1235 2323 1438 2380 οἲίκεῖον
1464 2325 1654 2391 τόπον,
1675 2322 1766 2378 ’ίνα
1787 2326 1821 2392 ἡ
1838 2323 1934 2378 τά·

284 2414 358 2485 ξις
393 2414 569 2483 αὐτῆς
604 2412 860 2492 φυλαχθῇ
895 2433 906 2445 ⁸
933 2412 1023 2468 καὶ
1053 2411 1141 2468 διὰ
1170 2418 1328 2468 τοῦτο
1360 2413 1708 2468 ἀπολιποῦσα
1735 2417 1929 2467 τοῦτον

283 2502 448 2559 πάλιν
488 2502 841 2572 ὑπενόστησε,
875 2497 1068 2572 συνέϐη
1110 2505 1245 2574 (73).
1281 2503 1374 2557 Καὶ
1397 2504 1432 2571 ἡ
1465 2503 1557 2573 μὲν
1581 2499 1825 2574 ἔκλειψις
1849 2502 1933 2576 γέ-

283 2612 430 2665 γονε,
471 2591 837 2652 σκοτισθέντος
868 2587 1130 2664 πρὸτερον
1152 2593 1248 2643 τοὺ
1267 2587 1591 2643 ἀνατολικοῦ
1619 2587 1814 2662 μέρους
1836 2590 1932 2641 τοῦ

281 2680 526 2749 ἡλιακοῦ
545 2677 732 2734 δίσκου
756 2696 769 2711 ⁸
791 2677 1098 2750 μετέπειτα,
1126 2675 1550 2750 ὑποδραμούσης
1572 2675 1772 2744 ταύτης
1799 2674 1932 2730 ὅλον

280 2769 367 2823 τὸν
401 2768 598 2837 ἥλιον,
628 2767 717 2823 καὶ
746 2764 852 2836 ἤδη
887 2766 1186 2842 ἀρξαμένης
1217 2766 1552 2834 ὑπονοστεῖν,
1586 2764 1728 2826 εἰκὸς
1760 2767 1846 2833 ἦν,
1872 2762 1934 2818 τὰ

284 2855 505 2911 δυτικὸν
543 2857 706 2931 μέρος
735 2859 833 2909 τοῦ
873 2852 1061 2908 δίσκου
1108 2858 1323 2929 πρῶτον
1379 2852 1812 2922 ἀπολειπούσης,
1839 2850 1934 2906 ’ίνα

279 2946 338 2999 τὸ
365 2948 480 3009 τῆς
512 2942 787 3012 ἀνατολῆς
837 2937 1120 3013 καταλάϐῃ
1171 2942 1354 3018 μέρος,
1398 2940 1571 2996 έκεῖνο
1600 2940 1688 2994 καὶ
1721 2943 1935 3015 πρῶτον

281 3034 622 3110 φωτίζεσθαι
655 3035 789 3102 (74).
821 3033 1060 3088 Τοιαῦτα
1104 3031 1227 3085 τότε
1277 3028 1630 3100 έτελέσθησαν
1685 3033 1764 3101 τῷ
1805 3049 1935 3082 παν-

283 3121 444 3193 αιτίῳ
485 3120 636 3193 μόνῳ
667 3125 781 3190 Θεῷ
812 3117 1202 3191 διαταττόμενα
1229 3119 1317 3173 καὶ
1348 3114 1751 3193 κυϐερνώμενα.

2047 565 2230 620 usque
2263 554 2489 621 partem
2540 549 2751 604 Arietis
2804 550 2861 605 in
2913 550 3155 615 oriente,
3207 551 3454 618 pristino
3485 554 3692 625 gradui

2045 655 2108 694 se
2140 638 2225 695 sol
2257 639 2317 694 in
2367 639 2621 695 solidum
2675 639 2951 695 restituit.
3000 640 3333 694 Secundum
3382 641 3532 696 hanc
3561 660 3697 715 sup-

2045 729 2418 801 positionem,
2445 729 2680 800 quando
2702 729 2954 802 primam
2976 727 3138 782 illam
3162 728 3310 800 signi
3336 729 3540 785 Arietis
3564 748 3695 803 par-
3785 765 3787 768 ‹

2044 823 2161 873 tem
2195 817 2353 873 haud
2387 835 2556 874 secus
2591 822 2817 888 poterat
2863 817 2948 873 sol
2998 835 3206 873 rursus
3244 819 3550 890 attingere,
3584 821 3699 879 nisi

2045 907 2315 962 absoluto
2339 907 2489 977 justi
2521 908 2588 962 ad
2625 908 2681 961 id
2723 906 3005 978 temporis
3052 907 3392 974 interstitio,
3428 925 3543 979 quo
3576 915 3696 967 toto

2044 1001 2305 1067 tempore
2330 994 2797 1066 quinqueformis
2816 995 2910 1050 ille
2927 994 3134 1050 solaris
3159 999 3353 1051 motus
3377 997 3696 1067 perficitur,

2044 1085 2244 1138 decem
2291 1083 2522 1138 interim
2574 1087 2973 1154 supputantur
3020 1082 3196 1149 horae,
3248 1100 3363 1138 non
3404 1086 3530 1156 jam
3581 1086 3694 1144 illa:

2046 1171 2327 1226 nimirum
2364 1173 2584 1243 primas,
2630 1189 2755 1242 quas
2787 1172 2834 1226 ei
2883 1171 3133 1242 tempori
3187 1172 3481 1228 attributas
3532 1180 3694 1244 sunt,

2045 1277 2159 1332 quo
2187 1260 2273 1315 sol
2305 1261 2376 1316 ab
2427 1261 2650 1316 oriente
2699 1260 2924 1315 excitus
2971 1262 3042 1315 ad
3094 1277 3227 1315 eum
3283 1278 3469 1333 usque
3497 1262 3689 1318 locum

2044 1354 2350 1420 provectus
2397 1354 2506 1419 est,
2558 1350 2613 1404 id
2667 1366 2781 1420 quo
2827 1350 2937 1403 sub
2988 1349 3232 1404 Ezechia
3276 1351 3522 1423 contigit
3572 1352 3694 1408 lieri

2042 1439 2315 1509 signum;
2369 1439 2470 1493 sed
2502 1438 2625 1494 aliae
2675 1438 2892 1510 quibus
2943 1438 3028 1494 sol
3082 1440 3417 1511 retrogrado
3450 1456 3628 1496 cursu
3659 1459 3694 1496 a

2041 1526 2164 1582 loco
2192 1526 2339 1596 signi
2373 1527 2641 1595 recurrit,
2675 1528 3014 1598 relatusque
3037 1532 3124 1581 est
3155 1527 3215 1581 in
3240 1528 3545 1582 orientem.
3566 1530 3691 1585 Istze

2042 1615 2223 1688 igitur
2255 1614 2408 1670 horae
2441 1617 2663 1681 decem,
2699 1615 2916 1687 quibus
2946 1614 3028 1670 sol
3065 1614 3266 1686 primae
3295 1616 3445 1687 parti
3478 1617 3690 1674 Arietis

2041 1703 2277 1775 propior
2309 1705 2494 1759 factus
2526 1708 2615 1759 est
2643 1721 2710 1758 ex
2750 1703 3152 1775 suppositione
3201 1709 3423 1772 nostra,
3454 1722 3690 1761 censen-

2039 1796 2138 1846 tur
2169 1791 2530 1863 implentque
2563 1793 2745 1846 vicem
2777 1791 2949 1847 solidi
2981 1792 3156 1847 unius
3188 1793 3347 1848 anni.
3383 1793 3686 1866 Siquidem

2040 1881 2098 1935 in
2133 1881 2186 1933 id
2231 1880 2506 1935 horarum
2561 1880 2970 1951 compendium
3024 1898 3129 1936 suo
3181 1882 3367 1937 reditu
3401 1883 3688 1938 contraxit

2042 1969 2374 2024 universam
2408 1969 2568 2024 illam
2602 1970 2782 2024 annui
2831 1971 3114 2041 temporis
3164 1971 3490 2043 periodum,
3525 1970 3689 2027 resti-

2042 2062 2216 2113 tuens
2243 2075 2303 2113 se
2334 2058 2408 2128 ei,
2441 2059 2497 2112 in
2527 2057 2769 2123 oriente,
2813 2059 3026 2113 Arietis
3056 2059 3247 2130 signo,
3278 2077 3311 2114 a
3343 2076 3457 2130 quo
3489 2060 3690 2131 utique

2044 2147 2144 2202 illa
2169 2148 2370 2202 eadem
2405 2148 2498 2202 die
2530 2147 2781 2219 primum
2809 2154 3039 2202 exortus
3076 2148 3281 2203 fuerat.
3308 2148 3548 2218 Deinde,
3571 2148 3694 2203 sole

2044 2253 2251 2291 rursus
2281 2237 2352 2290 ab
2386 2236 2609 2290 oriente
2652 2241 2829 2301 moto,
2867 2237 3100 2307 quando
3152 2237 3319 2291 aliter
3349 2237 3694 2308 neutiquam

2043 2340 2300 2379 remeare
2326 2324 2577 2395 potuerit
2596 2324 2666 2378 ad
2691 2324 2835 2378 illud
2864 2325 3124 2394 signum,
3143 2324 3199 2379 in
3221 2342 3335 2395 quo
3356 2330 3478 2380 tum
3509 2326 3698 2379 fuerat

2044 2413 2276 2484 quando
2319 2413 2388 2466 ad
2421 2411 2673 2467 Ezechiae
2717 2429 2918 2474 preces
2950 2412 3181 2484 insigne
3213 2413 3544 2484 prodigium
3580 2414 3699 2468 edi-

2043 2504 2168 2554 tum
2192 2504 2298 2561 est.
2327 2500 2439 2554 nisi
2467 2517 2565 2569 per
2587 2500 2766 2554 totius
2790 2501 2968 2554 annui
2993 2502 3274 2572 temporis
3294 2502 3697 2571 trajectionem

2043 2588 2221 2643 simul
2246 2592 2302 2642 et
2323 2589 2638 2643 motionem
2662 2588 2820 2643 illam
2847 2589 3370 2660 quinquiformem,
3395 2589 3453 2644 in
3493 2591 3695 2645 decem

2043 2677 2256 2731 iterum
2285 2676 2444 2730 horis
2477 2675 2575 2730 illo
2607 2694 2668 2732 se
2702 2677 2949 2747 recepit;
2984 2693 3165 2748 quare
3197 2677 3342 2733 alias
3375 2679 3572 2733 decem
3607 2695 3698 2732 ac-

2045 2765 2199 2836 cepit
2229 2766 2402 2820 horas
2433 2782 2536 2836 pro
2567 2781 2674 2820 suo
2708 2764 2804 2820 illo
2825 2783 3063 2821 recursu
3084 2766 3153 2820 ab
3185 2766 3406 2821 oriente
3427 2767 3695 2836 adusque

2046 2854 2198 2924 signi
2233 2852 2422 2908 locum
2452 2870 2553 2924 pro
2586 2853 2984 2909 anniversaria
3016 2859 3073 2910 et
3123 2853 3541 2926 quinquiformi
3577 2872 3696 2910 mu-

2045 2941 2222 2997 tione.
2244 2941 2442 3012 Neque
2460 2943 2613 2996 enim
2635 2940 2814 2997 semel
2840 2958 3112 3014 egressus
3135 2943 3373 3014 signum
3401 2942 3616 2998 Arietis
3635 2942 3694 2998 in

2047 3029 2288 3095 oriente,
2323 3034 2578 3100 repetere
2628 3028 2769 3083 illud
2824 3033 3073 3100 poterat,
3112 3030 3222 3084 nisi
3256 3031 3501 3085 decursa
3535 3031 3697 3101 prius

2048 3117 2448 3173 anniversaria
2474 3118 2710 3188 periodo
2735 3135 2748 3184 ;
2783 3120 2880 3173 sed
2917 3135 3105 3189 neque
3137 3117 3306 3174 aliter
3328 3124 3553 3191 poterat
3572 3120 3698 3174 fieri

281 3227 345 3276 ut
373 3223 482 3293 qui
514 3220 696 3277 semel
727 3219 1073 3276 descivisset
1102 3219 1174 3274 ab
1207 3236 1274 3274 eo
1305 3219 1496 3289 signo,
1537 3235 1653 3289 quo
1705 3222 1830 3272 tum
1881 3217 2034 3273 260
2083 3222 2224 3285 erat,
2259 3218 2494 3289 quando
2526 3218 2636 3272 sub
2688 3217 2931 3273 Ezechia
2975 3218 3218 3289 conligit
3246 3218 3508 3291 signum,
3538 3219 3697 3274 velut

282 3309 664 3381 postlimonio
696 3325 759 3364 se
789 3310 845 3364 in
876 3309 1026 3363 idem
1056 3309 1496 3379 redintegraret,
1531 3306 1643 3361 nisi
1675 3307 1996 3361 intercessu
2029 3305 2276 3361 alterius
2297 3305 2709 3361 anniversaria:
2743 3307 3190 3378 progressionis.
3226 3307 3534 3378 Propterea
3564 3309 3644 3362 ait
3679 3323 3692 3361 :

285 3414 475 3477 Quam
509 3408 973 3465 anniversarium
1008 3407 1325 3463 motionem
1359 3407 1512 3460 intra
1543 3405 1717 3461 horas
1748 3406 1947 3461 decem
1979 3423 2086 3461 suo
2120 3407 2306 3460 reditu
2342 3407 2628 3461 contraxit
2659 3423 2692 3461 a
2726 3406 2848 3461 loco
2883 3405 2940 3459 in
2974 3422 3089 3476 quo
3121 3406 3412 3462 indultum
3439 3412 3528 3462 est
3551 3408 3695 3462 Eze-

285 3500 428 3556 chiae
461 3499 720 3570 signum,
755 3501 985 3553 emotus
1033 3496 1119 3551 sol
1166 3497 1226 3550 in
1275 3495 1580 3561 orientem,
1610 3497 1876 3550 eamdem
1930 3512 2168 3566 prorsus
2217 3496 2353 3550 anni
2401 3496 2608 3567 integri
2642 3495 2795 3549 viam
2846 3493 2933 3549 sol
2974 3496 3046 3548 ab
3078 3500 3207 3551 ortu
3255 3497 3326 3551 ad
3359 3495 3553 3552 locum
3591 3514 3694 3552 us-

283 3603 396 3657 que
429 3585 490 3639 in
525 3602 642 3657 quo
672 3584 997 3640 exhibitum
1030 3587 1118 3637 est
1148 3582 1408 3654 signum,
1441 3582 1640 3636 decem
1674 3581 1806 3636 aliis
1841 3582 2079 3653 perfecit
2111 3582 2296 3638 horis.
2358 3583 2424 3636 Et
2454 3597 2593 3636 sane
2627 3581 2732 3636 hoc
2763 3585 2908 3648 erat,
2941 3582 3094 3650 quod
3141 3583 3530 3637 admiratione
3561 3588 3690 3637 stu-

273 3690 539 3746 poreque
593 3672 856 3744 implevit
902 3677 1040 3727 tunc
1092 3671 1458 3743 Babylonios.
1497 3684 1704 3740 nempe
1758 3670 1858 3724 uni
1907 3670 2168 3725 addictos
2223 3669 2539 3726 cmlestium
2596 3670 2900 3740 signorum
2951 3670 3455 3739 contemplationi,
3503 3672 3692 3740 deque

271 3763 452 3818 astris
487 3759 674 3816 multa
704 3759 1088 3816 commentari
1138 3759 1360 3814 solitos.
1412 3758 1528 3812 Hoc
1580 3757 1908 3829 prodigium
1939 3757 2098 3813 nullo
2151 3774 2357 3829 pugnae
2409 3757 2620 3829 pravio
2653 3773 2968 3828 congressu
3003 3758 3237 3812 eosdem
3283 3759 3516 3829 subegit
3547 3759 3689 3813 Eze-

266 3850 412 3905 chiae
447 3847 575 3921 regi
607 3848 971 3904 Hierusalem
1007 3865 1019 3902 :
1053 3846 1220 3918 quasi
1271 3845 1372 3916 qui
1422 3850 1533 3900 Deo
1582 3845 1838 3915 cuipiam
1891 3863 1993 3916 par
2023 3851 2198 3913 esset,
2233 3863 2298 3901 ac
2345 3846 2396 3900 vi
2444 3847 2698 3916 quadam
2732 3845 3071 3916 augustiore
3117 3845 3415 3916 praeditus,
3447 3851 3688 3902 caeteros

269 3937 526 3994 anteiret
557 3937 852 3993 mortales.
884 3936 997 3991 Nec
1019 3936 1146 4006 jam
1178 3935 1344 4002 signa
1375 3934 1474 3988 illa
1502 3934 1748 4005 profero,
1785 3934 1971 3990 multa
1997 3934 2131 3989 licet
2162 3933 2330 4006 plena
2379 3933 2804 3998 admirationis,
2839 3933 2995 3988 edita
3027 3934 3084 3987 in
3117 3935 3358 4006 {Egypto
3391 3933 3554 4000 olim,
3589 3932 3691 3988 aut

270 4027 386 4081 alia
420 4027 644 4097 quaevis
673 4025 804 4080 aliis
828 4025 886 4079 in
909 4025 1050 4080 locis
1073 4024 1335 4080 exhibita
1368 4039 1380 4076 :
1417 4040 1616 4077 verum
1644 4039 1712 4078 ea
1743 4039 2158 4087 commemoro,
2193 4040 2320 4093 quas
2368 4023 2637 4078 auditum
2669 4028 2758 4078 est
2789 4023 2847 4077 in
2880 4022 3024 4077 ccelo
3074 4023 3185 4078 isto
3217 4023 3490 4079 omnibus
3523 4041 3692 4078 cons-

268 4114 444 4184 picuo
478 4114 818 4186 contigisse,
868 4113 1046 4184 idque
1094 4111 1420 4184 praesertim
1471 4128 1572 4182 per
1615 4111 1819 4167 solem.
1871 4111 2092 4181 Siquid
2144 4112 2301 4165 enim
2336 4129 2493 4166 novae
2549 4113 2628 4165 rei
2662 4111 2768 4166 soli
2803 4111 3122 4179 obvenerit,
3171 4128 3342 4168 nemo
3374 4117 3464 4168 est
3492 4113 3691 4185 (modo

266 4203 322 4260 is
353 4204 543 4260 solem
579 4205 774 4276 ipsum
809 4203 1262 4274 contempletur)
1293 4201 1393 4274 qui
1425 4219 1540 4256 non
1581 4201 1723 4255 illud
1776 4201 2031 4256 dilucide
2077 4206 2375 4273 agnoscat.
2426 4205 2587 4267 Quod
2623 4202 2673 4258 si
2705 4219 2777 4257 ne
2808 4203 2899 4257 his
2931 4203 3170 4273 quidem
3220 4203 3395 4258 ﬁdem
3431 4219 3693 4260 commo-

271 4293 439 4348 dabit
499 4291 956 4365 Apollopbanes,
1012 4291 1100 4346 vel
1158 4295 1344 4345 Persae
1397 4290 1507 4361 ipsi
1562 4289 1896 4345 testimonio
1948 4306 2076 4345 esse
2121 4294 2415 4360 poterunt,
2463 4291 2563 4362 qui
2617 4292 2890 4346 Mithram
2949 4291 3186 4360 quidem
3248 4292 3430 4347 solem
3491 4292 3689 4363 ipsum

263 4385 521 4450 vocant;
562 4381 674 4436 diei
706 4385 902 4436 autem
939 4379 1097 4434 illius
1129 4378 1458 4434 mirabilem
1486 4395 1727 4449 prorsus
1759 4378 2176 4447 extensionem,
2211 4396 2310 4450 per
2357 4380 2506 4434 ritus
2559 4396 2708 4451 quos
2755 4384 2992 4451 propter
3025 4380 3371 4436 memoriam
3404 4379 3689 4450 triplicati

267 4477 414 4534 solis
447 4479 778 4543 observant,
813 4475 1166 4548 significant.
1203 4477 1311 4532 Sed
1345 4481 1402 4530 et
1430 4475 1539 4530 hoc
1572 4479 1636 4529 ut
1664 4475 1904 4530 interim
1946 4477 2156 4530 donem
2207 4477 2337 4547 ejus
2383 4476 2740 4544 infidelitati,
2773 4480 2906 4547 quid
2939 4495 3142 4549 speras
3171 4477 3464 4532 dicturum
3494 4476 3564 4532 de
3595 4493 3693 4531 ce-

265 4565 414 4622 lebri
453 4566 552 4621 illo
582 4565 840 4637 deliquio
868 4566 1033 4628 solis,
1066 4566 1219 4636 quod
1254 4566 1471 4619 factum
1505 4564 1691 4618 scitur
1726 4563 1966 4619 Domino
2001 4580 2034 4618 a
2060 4564 2305 4619 salutari
2347 4582 2517 4620 cruce
2548 4567 2858 4636 pendente.
2894 4568 3081 4622 Ambo
3115 4583 3240 4631 nos,
3273 4582 3375 4635 ego
3409 4564 3690 4620 nimirum

266 4659 322 4709 et
352 4654 507 4726 ipse,
540 4655 696 4725 apud
726 4653 1053 4725 Heliopolin
1084 4653 1311 4724 {Egypti
1345 4656 1659 4724 praesentes
1711 4652 1870 4723 (nam
1921 4668 1986 4706 ea
2026 4652 2344 4707 inoleverat
2392 4655 2546 4725 apud
2598 4655 2826 4710 Graecos
2859 4654 3243 4720 consuetudo,
3279 4656 3342 4707 ut
3389 4653 3689 4707 undecun-

268 4758 383 4811 que
417 4743 952 4815 peregrinationem
979 4743 1038 4797 in
1069 4743 1378 4814 Egyptum
1411 4744 1783 4811 capesserent
1813 4757 1992 4796 causa
2041 4743 2436 4811 perdiscenda
2482 4744 2858 4815 matheseos),
2892 4745 3062 4799 ambo
3093 4759 3233 4798 sane
3275 4758 3450 4813 quam
3485 4735 3694 4797 attenti

263 4832 522 4886 solerem
580 4831 729 4886 hanc
781 4831 1027 4901 eclipsin
1088 4829 1515 4901 perspeximus,
1565 4834 1623 4883 et
1676 4830 1832 4899 quod
1888 4831 2181 4900 stupenda
2229 4832 2483 4901 quadam
2542 4833 2798 4887 novitate
2847 4848 2914 4886 ac
2964 4836 3172 4902 praeter
3228 4830 3511 4886 rationem
3573 4847 3693 4886 ma-

259 4919 650 4975 thematicam
703 4920 1084 4991 contingeret,
1118 4917 1416 4990 impendio
1467 4917 1850 4973 mirabamur.
1905 4919 2068 4972 Luna
2107 4920 2323 4990 quippe
2373 4925 2582 4991 quarta
2626 4925 2750 4976 erat
2796 4926 2852 4975 et
2897 4921 3120 4976 decima
3168 4920 3236 4972 ad
3286 4917 3467 4974 solem
3510 4919 3695 4974 relata

255 5008 434 5078 juxta
479 5006 751 5063 diametri
803 5008 1128 5073 rationem;
1181 5023 1296 5076 quo
1329 5006 1565 5077 quidem
1619 5010 1882 5077 tempore
1935 5023 2240 5077 nunquam
2291 5007 2436 5063 alias
2487 5009 2737 5081 contigit
2766 5008 2908 5064 solis
2940 5008 3063 5063 fieri
3114 5006 3464 5078 deliquium.
3499 5012 3696 5078 Neque

261 5105 424 5160 enim
459 5105 695 5174 eclipsis
725 5105 932 5161 solaris
963 5104 1195 5174 accidit,
1227 5104 1339 5159 nisi
1374 5103 1484 5158 soli
1515 5103 1657 5158 luna
1688 5103 1980 5172 inciderit,
2014 5105 2244 5176 subque
2275 5106 2456 5161 solem
2493 5107 2860 5162 intercalaris
2889 5111 3047 5163 recta
3076 5122 3250 5161 suum
3286 5110 3528 5179 peragat
3559 5123 3694 5162 cur-

264 5209 426 5247 sum.
460 5193 610 5249 Tum
639 5209 773 5248 vero
806 5193 1144 5264 importuna
1168 5198 1290 5248 erat
1312 5197 1369 5247 et
1397 5191 1807 5263 intempestiva
1839 5191 1986 5247 ratio
2016 5193 2393 5249 interlunaris
2419 5195 2648 5265 synodi.
2682 5195 2792 5250 Sed
2826 5199 2884 5250 et
2911 5195 3018 5250 hoc
3051 5194 3442 5250 admiratione
3473 5195 3698 5266 dignis-

260 5280 512 5336 simum.
545 5281 628 5336 Ab
659 5280 804 5336 hora
834 5281 1126 5353 siquidem
1162 5284 1322 5336 sexta
1353 5281 1426 5336 ad
1462 5295 1676 5334 nonam
1715 5295 1901 5351 usque
1931 5295 1999 5334 ea
2029 5281 2274 5351 contigit
2319 5281 2576 5350 eclipsis,
2627 5287 2684 5336 et
2713 5299 2746 5337 a
2777 5299 2932 5337 nona
2961 5283 3229 5353 adusque
3261 5299 3563 5354 vesperam
3596 5299 3689 5338 se-

258 5369 529 5423 cundum
581 5369 933 5424 diametrum
981 5368 1091 5424 soli
1134 5369 1275 5424 luna
1305 5371 1429 5422 erat
1458 5367 1749 5439 opposita.
1805 5366 2050 5423 Proinde
2094 5369 2438 5424 memoriam
2486 5368 2568 5422 illi
2603 5385 2814 5425 renova
2861 5369 3105 5426 alterius
3153 5371 3298 5425 26!
3357 5371 3689 5442 cujuspiam

258 5457 424 5527 quod
477 5473 546 5512 ex
591 5457 1008 5514 astronomicis
1063 5456 1390 5513 canonibus
1449 5457 1780 5512 necessario
1841 5455 2240 5526 consequitur.
2295 5457 2524 5511 Etenim
2559 5459 2616 5512 in
2667 5458 2809 5514 solis
2861 5458 3084 5530 eclipsi,
3140 5476 3264 5529 quae
3297 5477 3404 5515 suo
3454 5461 3689 5516 tandem

257 5546 478 5601 ordine
506 5545 814 5618 contingit,
847 5563 916 5603 ex
945 5546 1076 5618 ipsa
1104 5547 1308 5602 eadem
1331 5547 1495 5617 parte
1527 5544 1739 5600 solaris
1781 5544 1928 5599 disci
1978 5559 2214 5599 necesse
2265 5549 2354 5600 est
2399 5545 2522 5601 fieri
2572 5546 2973 5615 incidentium,
3016 5548 3390 5604 tenebrarum
3423 5549 3696 5606 videlicet

257 5634 642 5704 eﬁ‘uslonem,
674 5638 732 5693 et
757 5651 827 5692 ex
876 5635 1117 5708 obliquo
1166 5633 1664 5707 repurgationem,
1713 5633 1820 5690 hoc
1849 5635 1940 5690 est
1986 5631 2464 5692 illustrationem.
2495 5634 2626 5693 Sole
2658 5636 2811 5694 enim
2861 5653 3098 5696 sursum
3147 5637 3450 5712 proprium
3501 5639 3690 5696 circu-
