4004 6200
310 303 415 383 463
1138 325 1504 380 APPENDIX
1544 325 1640 380 AD
1679 323 1920 380 OPERA
1955 325 2015 378 Β.
2054 323 2371 380 DIONYBII
2408 325 2905 382 AREOPAGITE.
3621 324 3723 380 464

306 451 455 518 lum,
490 452 890 523 permanente,
923 448 1066 504 luna
1096 448 1298 503 itidem
1347 463 1519 504 suum
1568 447 1742 502 etiam
1794 448 2262 502 subtercurrente
2310 445 2620 515 circulum,
2671 448 3004 504 necessario
3053 447 3197 503 luna
3240 447 3532 520 praevertit
3573 449 3710 505 solis

309 556 640 608 excursum,
689 543 754 593 ut
800 554 927 608 qua:
979 538 1264 592 minorem
1318 536 1503 591 multo
1551 536 1840 592 ambitum
1889 553 1995 591 suo
2025 540 2371 590 transcursu
2421 536 2712 592 conficiat.
2764 535 3024 608 Denique
3053 537 3232 592 etiam
3283 537 3331 592 si
3381 537 3555 592 ambo
3587 536 3705 594 haec

307 627 627 683 luminaria
650 628 805 682 viam
839 627 1246 698 ingrediantur
1277 625 1388 697 ipsi
1435 625 1566 696 polo
1598 625 1901 680 obversam
1933 643 1949 678 :
1982 628 2040 679 at
2068 629 2222 678 certe
2271 625 2408 679 luna
2453 641 2559 680 suo
2601 640 2847 680 excursu
2882 630 3208 680 antevertet
3254 625 3459 680 solem.
3492 627 3708 681 Conse-

313 736 502 791 quens
535 718 715 789 igitur
747 719 918 772 fuerit
949 734 1015 771 ea
1049 721 1208 784 parte
1239 716 1437 770 lunam
1469 715 1967 780 obtcnebrescere,
2003 730 2120 786 qua
2150 714 2356 769 incidit
2387 714 2495 769 soli
2531 731 2544 770 :
2578 719 2756 786 atque
2788 719 2853 768 ut
2883 713 2990 768 hac
3041 719 3203 785 parte
3243 714 3586 770 destituitur
3616 717 3721 770 fra-

313 811 480 862 terno
512 806 756 874 lumine,
791 805 872 859 ita
901 811 959 860 et
1005 804 1106 859 illa
1138 808 1300 874 parte
1349 803 1616 874 opposita
1661 821 1695 858 a
1741 803 1861 857 sole
1892 803 2018 873 ipso
2067 802 2420 858 illustratur.
2472 803 2574 857 Die
2605 806 2798 858 autem
2847 802 3122 858 salutaris
3155 802 3314 858 illius
3355 804 3553 858 crucis
3587 804 3727 858 alio-

315 896 416 966 qui
448 895 519 949 ab
551 894 766 949 orienle
799 910 974 964 quam
1012 894 1324 948 minimum
1357 893 1669 962 conjuncta
1710 891 1840 957 soli,
1875 891 2269 962 prodigiosam
2317 897 2510 946 tamen
2560 891 2720 946 illam
2754 891 2932 946 edidit
2962 891 3228 963 eclipsin.
3275 891 3595 962 Oportebat
3624 909 3724 947 au-

319 987 435 1038 tem
471 982 632 1037 illam
685 983 743 1036 in
800 982 1098 1052 proprium
1149 980 1343 1035 locum
1393 981 1599 1034 reverti
1645 985 1710 1035 ut
1740 981 1880 1035 ordo
1927 978 2011 1033 illi
2050 979 2448 1034 connaturalis
2493 985 2892 1035 asservaretur
2925 996 2936 1034 :
2975 979 3110 1034 hinc
3159 980 3444 1046 contingit
3495 985 3563 1034 ut
3614 981 3726 1036 sole

315 1089 525 1128 rursus
558 1072 758 1127 relicto
788 1072 1026 1126 redierit
1073 1072 1166 1142 (ad
1199 1089 1373 1126 suum
1409 1071 1646 1141 locum).
1697 1071 1766 1126 Et
1797 1071 1918 1125 haec
1968 1071 2204 1141 quidem
2256 1070 2490 1138 eclipsis
2524 1071 2677 1125 facta
2720 1075 2828 1137 est,
2882 1071 3197 1125 obscurata
3241 1071 3404 1142 prius
3438 1076 3608 1142 parte
3640 1089 3729 1126 so-

314 1161 458 1224 ]aris
489 1161 636 1215 disci
669 1160 1017 1230 respiciente
1065 1160 1344 1214 orientem
1374 1176 1387 1226 ;
1433 1159 1642 1214 deinde
1674 1158 1817 1214 luna
1864 1163 2052 1213 totum
2101 1158 2578 1214 subtercurrente
2625 1158 2832 1224 solem,
2864 1175 2996 1213 cum
3022 1159 3146 1230 jam
3196 1159 3469 1230 coepisset
3499 1160 3729 1224 reverti,

312 1248 717 1312 conveniebat,
751 1247 881 1318 ipsa
910 1248 1212 1303 occiduam
1244 1251 1468 1319 partem
1499 1247 1640 1302 disci
1675 1247 1865 1319 primo
1895 1249 2200 1304 deserente
2235 1253 2294 1302 ut
2327 1246 2667 1302 orientalem
2701 1253 2925 1318 partem
2957 1252 3292 1318 occuparet,
3317 1248 3472 1318 quod
3508 1247 3616 1302 illa
3644 1266 3730 1303 oc-

321 1337 496 1397 cidua
527 1353 662 1408 pars
693 1335 866 1391 etiam
902 1336 1091 1408 primo
1117 1336 1570 1392 illuminaretur.
1607 1337 1735 1391 Haec
1762 1341 1899 1392 sunt
1930 1353 2056 1408 quas
2089 1352 2192 1407 per
2221 1335 2645 1408 providentiam
2692 1336 2797 1392 Dei
2829 1335 3012 1392 solius
3045 1352 3236 1392 rerum
3271 1335 3501 1408 opiﬁcis
3537 1339 3730 1393 omnia

315 1425 729 1496 disponentem
763 1425 1305 1495 moderantemque,
1339 1425 1396 1479 id
1429 1425 1709 1496 temporis
1743 1425 1996 1497 perfecta
2025 1429 2185 1480 sunt.

385 1531 548 1593 Quod
581 1530 630 1584 si
663 1529 863 1584 minus
925 1547 1062 1585 vera
1115 1531 1383 1602 praedico,
1435 1548 1466 1585 ο
1517 1530 1972 1602 Apollophanes.
2005 1531 2060 1596 Α

315 1618 422 1672 tibi
458 1633 558 1688 per
599 1634 688 1672 me
733 1617 933 1672 licebit
981 1618 1041 1672 in
1096 1623 1391 1690 posterum
1444 1635 1510 1674 ea
1556 1626 1619 1674 ut
1668 1636 1971 1690 coarguas.

318 1711 434 1779 Ego
469 1707 701 1761 interim
735 1709 1082 1762 memoriam
1107 1709 1211 1763 tibi
1246 1709 1527 1764 refricabo
1551 1709 1684 1764 facti
1709 1708 1971 1764 alterius.

319 1797 406 1850 Tu
439 1797 595 1850 enim
629 1795 870 1866 perinde
888 1800 1065 1866 atque
1089 1797 1328 1852 numine
1355 1798 1632 1868 quopiam
1656 1802 1781 1852 tum
1806 1798 1968 1852 affla-

319 1888 416 1939 tus
450 1884 587 1954 (quo
621 1887 816 1938 autem
845 1901 962 1938 non
994 1885 1140 1940 satis
1170 1885 1336 1956 scio),
1362 1885 1650 1956 primitias
1683 1887 1970 1957 quasdam

320 1971 698 2026 divinationis
733 1973 1140 2042 depromebas,
1163 1991 1292 2028 cum
1319 1975 1388 2028 ad
1424 1989 1516 2028 me
1548 1990 1862 2028 conversus
1885 1974 1972 2028 di-

319 2077 480 2116 ceres
516 2077 528 2114 :
565 2059 713 2127 Haec,
747 2077 778 2116 ο
813 2063 1085 2132 praaclare
1113 2062 1364 2135 Dionysi,
1391 2064 1720 2117 divinarum
1745 2063 1970 2117 vicariae

317 2149 783 2221 permutationes
815 2167 1008 2205 rerum
1043 2156 1199 2205 sunt.
1254 2153 1448 2222 Ecqua
1480 2153 1718 2206 tandem
1752 2151 1851 2206 illa
1881 2157 1972 2206 est

318 2254 516 2293 rerum
549 2239 765 2294 vicaria
797 2238 1067 2305 mutatio,
1119 2256 1248 2310 quae
1299 2257 1402 2296 nos
1431 2241 1502 2295 ab
1548 2257 1741 2296 errore
1771 2241 1969 2295 tradu-

317 2325 400 2380 xit
428 2327 497 2380 ad
531 2326 856 2391 veritatem,
889 2327 959 2381 ad
995 2327 1182 2382 lucem
1223 2327 1612 2383 clarissimam
1650 2345 1683 2383 a
1714 2328 1971 2384 tenebris

318 2414 716 2485 transcripsit,
753 2431 785 2467 a
817 2419 1002 2468 morte
1035 2416 1246 2470 revexit
1277 2417 1348 2470 ad
1380 2417 1580 2481 vitam,
1613 2417 1866 2488 denique
1900 2417 1972 2471 ab

320 2501 744 2572 impurissimis
778 2503 946 2556 idolis
979 2503 1049 2558 ad
1085 2503 1185 2558 Dei
1216 2503 1446 2559 latriam
1467 2504 1688 2560 ascivit.
1716 2505 1845 2560 Haec
1866 2520 1972 2576 ego

324 2592 394 2644 ad
432 2590 626 2660 ipsum
659 2592 983 2646 secundum
1012 2591 1273 2661 epistolae
1305 2593 1611 2658 rationem,
1643 2608 1972 2648 sermonem

2162 1526 2236 1582 Σὺ
2270 1525 2326 1581 δὲ
2365 1526 2582 1597 λοιπὸν,
2623 1525 3058 1603 Ἀπολλόφανες,
3105 1526 3253 1604 εἴπερ
3313 1527 3413 1582 οὐκ
3444 1526 3728 1598 ἀληθεύω,

2088 1614 2343 1690 ἐξέλεγχε
2376 1634 2388 1647 ·
2437 1615 2545 1690 ἐγὼ
2587 1613 2643 1670 δὲ
2687 1614 2827 1670 ἄλλο
2883 1637 2941 1670 σε
2984 1617 3276 1688 ἀναμνήσω
3321 1636 3334 1649 °
3384 1617 3466 1671 ὅτι
3519 1617 3587 1671 σὺ
3617 1618 3730 1672 τότε

2085 1703 2270 1767 ἔνθους
2331 1705 2496 1758 οἱονεὶ
2543 1705 2858 1779 γενόμενος,
2910 1705 3008 1760 οὐκ
3051 1705 3154 1760 οἶδ’
3202 1704 3417 1774 ὁπόθεν,
3472 1706 3726 1778 μαντείας

2081 1794 2360 1868 ἀπήρχου,
2393 1793 2479 1846 καὶ
2516 1788 2698 1868 ἔλεγες
2742 1793 2879 1869 πρὸς
2929 1793 3026 1867 ἆμὲ
3067 1813 3079 1826 ⁸
3138 1797 3340 1850 Ταῦτα.
3373 1795 3418 1848 ὦ
3451 1793 3591 1848 καλὲ
3618 1803 3730 1849 Azo-

2078 1881 2240 1949 νόσιε,
2275 1881 2430 1935 θείων
2481 1883 2812 1958 πραγμάτων
2867 1878 3186 1956 μεταϐολαί.
3234 1883 3339 1938 Καὶ
3393 1881 3512 1938 ἰδοὺ
3563 1887 3599 1953 ἡ
3637 1907 3725 1956 με·

2077 1964 2288 2038 ταϐολὴ
2325 1968 2499 2038 ἐκείνη
2555 1971 2842 2043 μετέθηκεν
2892 1973 3042 2043 ἡμᾶς
3098 1971 3202 2025 ἀπὸ
3245 1973 3346 2040 τὴς
3397 1969 3618 2042 πλάνης
3651 1973 3724 2034 εἷς

2077 2058 2176 2125 τὴν
2209 2055 2493 2128 ἀλήθειαν,
2526 2058 2630 2113 ἀπὸ
2676 2063 2771 2113 τοῦ
2821 2060 3044 2121 σκότους
3083 2059 3161 2122 είς
3202 2061 3264 2114 τὸ
3317 2065 3452 2137 φῶς,
3500 2061 3613 2116 ἅπὸ
3636 2063 3726 2116 τοῦ

2081 2145 2310 2201 θανάτου
2361 2146 2435 2208 εἷς
2491 2148 2587 2214 τήν
2652 2151 2815 2220 ζωὴν,
2861 2149 2967 2202 ἀπὸ
3023 2153 3130 2202 τῶν
3189 2145 3437 2204 εἰδώλων
3498 2149 3582 2212 είς
3640 2152 3724 2206 τὸν

2081 2234 2250 2299 ὅντως
2283 2236 2434 2295 Θεόν.
2478 2239 2637 2292 Ταῦτ’
2687 2238 2794 2313 ἐγὼ
2839 2240 2955 2294 κατ’
3005 2238 3300 2308 ἐπιστολὴν
3356 2241 3429 2312 μὴ
3471 2241 3723 2312 μηκύνων

2077 2327 2168 2381 τόν
2204 2323 2365 2400 λόγον
2402 2329 2513 2397 (75)
2548 2345 2559 2358 ⁸
2596 2325 2656 2380 σὺ
2707 2324 2786 2395 δὲ,
2838 2329 2882 2380 ὧ
2928 2329 3033 2382 θεῖε
3067 2325 3410 2402 Πολύκαρπε.
3445 2330 3725 2403 προστίθει

2078 2415 2166 2468 καὶ
2225 2413 2290 2467 τὰ
2347 2411 2665 2486 λειπόμενα,
2737 2413 2828 2468 ’ίνα
2907 2417 3173 2491 προσάξῃς
3254 2421 3501 2471 τοιοῦτον
3569 2416 3730 2492 ἄνδρα

2083 2503 2243 2579 σοφὸν
2305 2501 2381 2564 εἷς
2430 2503 2528 2570 τήν
2595 2502 2897 2581 ὑπίρσοφον
2953 2509 3050 2559 τοῦ
3099 2505 3530 2578 Χριστιανισμοῦ
3597 2506 3727 2578 ἀλήο

2085 2601 2254 2654 θειαν.

325 2677 570 2732 minime
606 2679 952 2749 producens.
987 2679 1041 2732 Si
1077 2696 1191 2749 qua
1238 2680 1750 2745 desiderabuntur,
1806 2685 1920 2736 tua:
1951 2684 2122 2735 erunt
2169 2683 2384 2749 partes,
2417 2697 2449 2736 ο
2497 2681 2706 2736 eximie
2754 2681 3088 2754 Polycarpe,
3137 2682 3433 2755 supplere,
3468 2701 3599 2757 quas
3633 2687 3726 2742 de-

325 2771 486 2836 sunt,
518 2767 734 2838 quibus
764 2769 952 2822 virum
984 2767 1141 2822 hunc
1180 2785 1311 2823 cum
1344 2769 1554 2840 primis
1605 2769 1926 2839 sapientem
1975 2768 2286 2825 conciliare
2317 2770 2510 2842 possis
2558 2771 3007 2842 sapientissimae
3055 2771 3392 2828 christiana:
3424 2771 3724 2846 religionis

321 2855 573 2910 veritati.

690 2943 843 3000 262
885 2943 956 2998 IN
996 2943 1398 2999 EPISTOLAM
1439 2942 1593 2999 VIII.

387 3045 801 3116 Demophilum
835 3049 989 3103 hunc
1021 3048 1203 3104 fuisse
1250 3049 1604 3105 monachum
1639 3051 1832 3122 arguit
1863 3067 1965 3106 vox

311 3131 417 3187 illa
455 3133 828 3204 therapeutze;
879 3135 927 3189 is
961 3135 1325 3206 Iyrannicum
1378 3138 1657 3208 quiddam
1693 3140 1964 3209 designa-

305 3226 398 3275 rat
428 3221 711 3277 adversus
744 3224 1148 3295 presbyterum
1194 3241 1388 3280 suum.
1443 3227 1666 3282 Etenim
1699 3228 1756 3281 in
1790 3226 1954 3282 illum

298 3309 667 3365 consciverat
706 3311 1027 3380 graviorem
1078 3329 1245 3384 aequo
1295 3315 1766 3384 quarimoniam,
1802 3317 1956 3386 quod

301 3413 491 3451 unum
526 3397 779 3468 aliquem
815 3417 846 3454 e
876 3400 1294 3471 paenitentibus
1345 3401 1660 3457 clementer
1705 3403 1960 3475 excepis-

301 3489 411 3540 set.
444 3487 625 3550 Quem
661 3487 815 3541 cnim
863 3488 1177 3558 poenitebat
1210 3489 1684 3557 commissorum,
1719 3493 1959 3562 indigne

303 3572 606 3643 pulsatum
639 3574 964 3630 eliminavit
1009 3578 1253 3649 templo,
1302 3579 1708 3650 presbyterum
1760 3587 1957 3634 autem

305 3661 518 3730 dejecit
536 3664 717 3734 gradu
748 3689 762 3730 ;
794 3664 917 3735 ipse
949 3681 1082 3721 vero
1107 3666 1386 3722 functioni
1407 3669 1781 3738 sacras,quod
1818 3685 1958 3723 neu-

305 3750 534 3821 tiquam
569 3752 675 3819 fas,
730 3770 969 3808 manum
1011 3755 1330 3810 admolitus
1380 3761 1468 3811 est
1517 3755 1857 3827 impudens.
1891 3758 1960 3811 Et

307 3838 466 3893 hunc
497 3841 671 3894 talem
705 3846 872 3896 vocat
921 3846 1084 3912 pater
1129 3846 1394 3915 γενναῖον,
1444 3843 1620 3898 tacita
1649 3844 1835 3899 ironia
1864 3861 1959 3915 op-

309 3927 597 3994 probrans
615 3928 892 3983 illianimi
910 3931 1708 4001 magnitudinem:atinterim
1730 3933 1959 3987 nullum

308 4012 378 4066 de
401 4012 614 4082 pietate
630 4017 876 4072 reddens
899 4020 1319 4074 testimonium.
1339 4019 1421 4075 Ob
1437 4020 1638 4076 oculos
1658 4021 1842 4093 igitur
1857 4021 1964 4076 im-

303 4098 512 4168 primis
546 4100 629 4154 illi
661 4105 894 4172 exponit
914 4106 1090 4160 Mosis
1120 4107 1393 4161 eximiam
1419 4109 1956 4178 mansuetudinem,

303 4187 474 4254 cujus
509 4187 682 4242 unius
712 4192 903 4260 gratia
933 4191 1152 4262 dignus
1205 4193 1281 4248 sit
1313 4194 1550 4250 habitus
1583 4195 1681 4250 Dei
1714 4197 1954 4250 visione.

297 4273 504 4345 Itaque
536 4292 714 4331 sacrae
751 4277 992 4348 Litterae,
1028 4281 1262 4349 quando
1287 4281 1443 4336 hunc
1485 4282 1790 4337 insinuant
1821 4283 1956 4338 inci-

298 4363 457 4418 disse
499 4363 559 4419 in
605 4365 705 4420 Dei
751 4365 1238 4438 indignationem,
1288 4385 1475 4440 eoque
1520 4371 1741 4425 factum
1792 4376 1857 4425 ut
1897 4372 1954 4427 in

2467 2950 2580 2999 ΕΙΣ
2614 2945 2761 3000 ΤΗΝ
2793 2946 2853 3000 Η¹
2884 2948 3308 3004 ΕΠΙΣΤΟΛΙῙΝ.

2144 3049 2204 3105 Ὀ
2238 3047 2551 3124 Δημόφιλος
2584 3049 2740 3112 οὗτος
2795 3053 3036 3127 μοναχὸς
3078 3053 3167 3125 ἦν,
3214 3053 3288 3115 ὡς
3331 3050 3497 3123 δηλοῖ
3524 3054 3612 3125 τὸ,
3649 3055 3721 3108 θε·

2075 3141 2334 3212 ραπευτῇ.
2407 3141 2752 3214 Τυραννήσας
2837 3140 2894 3194 δὲ
2971 3141 3106 3196 κατὰ
3183 3146 3280 3196 τοῦ
3349 3137 3718 3217 πρεσϐυτέρου

2069 3227 2256 3294 αὑτοῦ,
2309 3225 2344 3295 ἤ
2401 3228 2490 3282 καὶ
2571 3227 2972 3302 ἀγανακτήσας,
3052 3229 3134 3284 ὅτι
3211 3227 3423 3300 ἐδὲξατό
3494 3252 3619 3284 τινα
3672 3230 3719 3285 ἐν

2073 3315 2329 3385 μετανοίᾳ
2412 3311 2539 3369 ὄντα
2614 3317 3058 3392 ἁμαρτημάτων,
3141 3313 3359 3388 ἐξέϐαλε
3439 3321 3718 3388 τυπτήσεις

2066 3402 2158 3456 τὸν
2205 3408 2586 3474 μετανοοῦντα,
2639 3406 2732 3459 τὸν
2792 3402 2848 3459 δὲ
2891 3401 3250 3482 πρεσϐύτερον
3311 3407 3569 3477 ἑξώθησε,
3632 3409 3719 3462 καὶ

2070 3488 2231 3551 αὐτὸς
2279 3497 2393 3553 τοῖς
2440 3493 2628 3566 ἱεροῖς,
2679 3491 2740 3546 οὗ
2794 3494 3009 3565 θεμιτὸν
3063 3490 3144 3566 ὅν,
3195 3493 3515 3570 ἐπεχείρησε
3551 3515 3563 3526 ·
3597 3517 3716 3570 γενο

2069 3582 2212 3631 ναῖον
2247 3575 2304 3632 δὲ
2343 3577 2489 3653 λέγει
2546 3585 2764 3647 τοῦτον,
2817 3581 2944 3656 ίσχὺ
2994 3582 3069 3636 εἷς
3118 3583 3181 3637 τὸ
3224 3585 3387 3638 κακὸν
3441 3585 3718 3657 ὀνειδίζων

2069 3663 2235 3738 αῦτῷ,
2280 3665 2406 3723 ἀλλ’
2462 3667 2559 3722 οὐκ
2610 3664 2893 3723 εὐλάϐειαν
2943 3668 3361 3746 ἐπιμαρτυρῶν·
3422 3677 3716 3749 προτίθησι

2068 3754 2245 3808 τοίνυν
2278 3756 2374 3824 τὴν
2412 3757 2686 3820 Μωυσέως
2733 3757 3035 3833 πραότητα,
3069 3757 3139 3814 δι’
3167 3757 3235 3828 ἤν
3263 3762 3352 3814 καὶ
3381 3766 3482 3827 τῆς
3514 3765 3713 3842 θεσφα-

2067 3843 2208 3903 νείας
2238 3844 2439 3913 ἠξίωτο
2474 3888 2485 3900 .
2522 3845 2677 3911 ὥστε,
2711 3848 2800 3900 καὶ
2849 3846 2975 3902 ὅταν
3027 3846 3257 3923 λὲγωσιν
3293 3849 3448 3904 αὐτὸν
3485 3853 3535 3905 αἱ
3575 3860 3714 3926 Γρα-

2068 3932 2161 4006 φαὶ
2195 3931 2244 3986 ἰν
2278 3931 2637 4006 ἀγανακτήσει
2670 3939 2766 3988 τοῦ
2811 3939 2944 3989 Θεοῦ
2991 3939 3288 4010 γεγονέναι,
3329 3939 3416 3992 καὶ
3473 3938 3524 3994 ἐν
3578 3941 3717 3996 ἀπο-

2067 4022 2275 4096 στροφῇ
2325 4024 2420 4073 τοῦ
2459 4022 2754 4095 προσώπου
2813 4021 2998 4091 αὐτοῦ,
3048 4024 3333 4097 πρότερον,
3397 4027 3552 4101 φησὶ,
3605 4026 3715 4084 δει-

2066 4107 2318 4162 κνύουσιν
2348 4108 2504 4163 αὐτὸν
2540 4107 2638 4179 ἔξω
2681 4110 2959 4184 γεγονέναι
3003 4118 3100 4181 τῆς
3131 4113 3459 4187 πραότητος,
3497 4117 3588 4172 καὶ
3625 4120 3719 4173 εἶθ’

2068 4193 2210 4248 οὕτω
2241 4201 2428 4258 παθεῖν
2477 4197 2538 4250 τὸ
2589 4199 2680 4252 ἀπ’
2730 4194 2908 4272 ὅψεως
2955 4201 3201 4274 γενέσθαι
3254 4206 3350 4256 τοῦ
3394 4209 3546 4261 Θεοῦ.
3586 4209 3720 4263 ’Ότε

2067 4279 2123 4335 δὲ
2166 4281 2620 4356 ἀνακηρύττουσιν
2683 4286 2841 4340 αὐτὸν
2888 4287 2952 4341 τὸ
3001 4293 3250 4364 προῦχον
3307 4290 3398 4344 καὶ
3449 4293 3718 4368 ἐξαίρετον

2063 4376 2163 4439 τῆς
2194 4372 2580 4444 θεομιμησίας,
2633 4373 3062 4450 ἀνακηρύττουσι
3117 4379 3216 4446 τὴν
3237 4378 3518 4453 πραότητα
3549 4386 3668 4456 (76)
3703 4404 3714 4416 ·

294 4451 596 4508 aversione
628 4455 804 4510 fuerit
851 4455 1032 4509 divini
1073 4456 1290 4524 vultus,
1325 4458 1538 4512 exedem
1581 4459 1685 4528 (ait
1715 4465 1952 4516 sanctus

2072 4459 2150 4511 καὶ
2201 4459 2301 4534 γὰρ
2360 4459 2448 4513 καὶ
2509 4457 2596 4515 διὰ
2658 4463 2858 4532 ταύτην
2937 4462 3151 4538 λέγεται
3222 4465 3466 4538 θεράπων
3527 4476 3664 4526 Θεοῦ
3699 4489 3714 4505 ⁶

295 4539 480 4610 Pater)
515 4543 852 4614 exprimunt
882 4545 1076 4614 ipsum
1110 4545 1273 4616 prius
1301 4562 1363 4601 se
1386 4546 1750 4602 abalienasse
1777 4565 1808 4602 a
1839 4549 1951 4602 vir-

294 4632 419 4684 tute
469 4631 961 4701 mansuetudinis,
1014 4633 1218 4704 sicque
1251 4634 1489 4689 demum
1539 4636 1862 4705 contigisse
1895 4641 1959 4691 ut

295 4717 524 4773 alienus
556 4720 720 4775 fieret
751 4739 784 4774 a
815 4721 912 4775 Dei
966 4721 1254 4776 contuitu.
1307 4725 1449 4777 Cum
1500 4739 1633 4778 vero
1680 4724 1952 4780 eumdem

293 4807 874 4882 depraedicant,quod
898 4810 1235 4881 praeeminet
1252 4811 1650 4883 eximiumque
1671 4818 1759 4868 est
1775 4813 1835 4868 in
1854 4814 1951 4868 Dei

291 4895 1168 4967 imitatione,mansuetudinem
1194 4897 1521 4968 celebrant;
1548 4901 1725 4970 hujus
1747 4901 1948 4957 etiam-

296 4999 438 5038 num
487 4985 694 5041 merito
742 4987 853 5042 dici
906 4987 1230 5060 promeruit
1278 4987 1375 5043 Dei
1429 4988 1708 5045 famulus.
1754 4990 1860 5045 Sed
1894 5001 1951 5046 et

296 5073 531 5141 quando
563 5074 840 5130 adversus
880 5075 1078 5147 ipsum
1111 5076 1348 5146 quidem
1381 5094 1484 5148 pro
1517 5078 1775 5148 primatu
1807 5094 1946 5149 gen-

287 5157 385 5226 tis,
419 5161 700 5217 adversus
735 5168 929 5219 autem
953 5167 1240 5219 Aaronem
1267 5182 1368 5236 pro
1403 5165 1746 5236 pontificatu
1770 5169 1948 5232 teme_

287 5246 422 5299 rarii
457 5249 696 5317 quidam
750 5251 1238 5322 vehementerque
1283 5254 1659 5324 impudentes
1712 5254 1946 5324 conspi-

286 5341 534 5402 rassent,
568 5339 771 5407 etjam
805 5341 1185 5407 coorirentur,
1221 5339 1490 5396 libertate
1521 5340 1685 5396 valde
1718 5341 1945 5412 placide

286 5421 580 5488 utebatur,
615 5431 671 5479 et
720 5427 770 5480 ei
823 5426 1128 5481 ultroneus
1178 5429 1533 5483 concedebat
1584 5429 1785 5500 populi
1820 5446 1942 5484 ma-

286 5509 623 5580 gistratum,
657 5514 747 5569 cui
797 5515 1207 5571 decerneretur
1255 5516 1354 5571 Dei
1398 5519 1645 5586 judicio.
1679 5519 1763 5572 Ad
1797 5518 1939 5580 hac,

285 5598 686 5656 innocentiam
724 5617 893 5657 suam
929 5604 1380 5660 testatiseimam
1413 5605 1666 5661 reddidit
1700 5621 1712 5660 :
1745 5610 1943 5662 conte-

2065 4545 2210 4601 ἀλλα
2259 4548 2346 4601 καὶ
2413 4547 2523 4618 ὅτε,
2602 4549 2738 4623 πρὸς
2818 4551 2977 4605 αὐτὸν
3052 4554 3144 4624 μὲν
3207 4554 3338 4628 ὑπὲρ
3400 4555 3713 4634 ἰθναρχίας,

2061 4636 2196 4708 πρὸς
2274 4637 2484 4710 Ἀαρὼν
2572 4635 2628 4692 δὶ
2706 4639 2834 4713 ὑπὲρ
2917 4647 3014 4709 τῆς
3095 4641 3530 4716 ἀρχιερωσύνης,
3596 4648 3711 4703 ἰτα-

2068 4723 2161 4795 μοί
2215 4745 2358 4786 τινες
2417 4727 2505 4781 καὶ
2593 4726 2940 4802 ἀναίσχυντοι
3023 4727 3464 4803 ἐπισυνέστησαν,
3541 4734 3708 4811 ἄπαρ-

2064 4807 2354 4884 ῥησιάζετο
2389 4808 2506 4866 λίαν
2559 4813 2772 4887 πραέως
2824 4817 2957 4883 (77),
3015 4813 3106 4868 καὶ
3158 4819 3239 4886 τῷ
3268 4817 3344 4878 εἷς
3378 4807 3708 4893 προστασίᾲν

2062 4897 2197 4953 λαοῦ
2228 4902 2605 4976 κριθησομὲνφ
2634 4901 2780 4974 παρά
2805 4906 2937 4955 Θεοῦ
2977 4904 3291 4978 παρεχώρει
3342 4913 3441 4976 τῆς
3477 4907 3656 4984 ἀρχῆς
3693 4929 3706 4941 ο

2061 4987 2462 5067 ἐπεμαρτύρετο
2495 4989 2571 5063 δὲ,
2627 4993 2700 5054 ὡς
2753 4992 2991 5054 ἀναίτιός
3051 4992 3162 5047 ἐστι
3205 5000 3323 5058 τοῖς
3374 4997 3707 5073 ἀρχομένοις

2059 5078 2304 5132 ἁπάντων
2353 5084 2459 5132 τῶν
2507 5086 2707 5136 κακῶν.
2755 5081 3118 5155 Ἀρχομὲνοις
3166 5079 3222 5136 δὲ
3269 5085 3402 5161 φησί
3447 5092 3561 5148 τοῖς
3602 5089 3706 5144 ὑπὸ

2056 5163 2316 5249 ἐξουσίαν,
2346 5164 2558 5236 δηλαδὴ
2582 5174 2660 5240 τῷ
2708 5168 2851 5240 λαῷ.
2911 5169 3208 5226 Ἠπίστατο
3259 5173 3381 5247 γὰρ,
3410 5173 3491 5228 ὅτι
3525 5177 3551 5230 ὁ
3585 5178 3706 5249 ὁμισ

2058 5248 2168 5304 λῶν
2201 5257 2278 5323 τῷ
2310 5252 2489 5338 ἀγαθῷ
2521 5261 2657 5328 Θεῷ,
2708 5256 2920 5330 ὀφείλει
2975 5259 3380 5316 ἀποτυποῦσθαι
3432 5264 3567 5338 πρὸς

2055 5339 2259 5393 ἐκείνου
2293 5337 2617 5413 ἀγαθότητα.
2651 5346 2715 5400 Τί
2767 5343 2824 5400 δὲ
2873 5346 2964 5400 τὸν
3011 5347 3313 5422 θεοπάτορα
3341 5337 3502 5406 Δαυίδ
3526 5353 3700 5409 ἐποίει

2053 5424 2211 5499 φίλον
2245 5432 2358 5498 Θεῷ
2395 5431 2468 5500 μὴ
2510 5433 2543 5499 ἡ
2596 5432 2839 5503 πραότης
2875 5453 2888 5502 ;
2939 5435 3256 5510 Θεοπάτορα
3308 5435 3364 5492 δί
3410 5439 3568 5494 καλεῖ
3611 5439 3702 5496 διὰ

2049 5515 2140 5568 τὸν
2175 5516 2403 5604 Χριστόν
2437 5536 2447 5548 ·
2492 5539 2620 5595 φησι
2652 5522 2752 5596 γὰρ
2805 5522 2832 5575 ὁ
2873 5527 3016 5586 θεῖος
3065 5522 3284 5588 Παῦλος
3313 5547 3325 5559 ·
3360 5527 3699 5604 ’Δφωρισμὲο

2049 5621 2140 5663 νος
2193 5603 2268 5665 εἷς
2355 5605 2710 5682 Εὐαγγὲλιον,
2797 5610 2825 5664 ’ὀ
2911 5612 3386 5690 προεπηγγείλατο
3440 5603 3498 5672 γὲν
3558 5624 3692 5690 Γρα-
