  <div class='ocr_page' id='page_1' title='image "/cluster/home/n/w/nwhite01/storage/ocr_20150623/4/hvd.32044073426538/242.png"; bbox 0 0 4004 6200; ppageno 0'>
   <div class='ocr_carea' id='block_1_1' title="bbox 326 333 434 406">
    <p class='ocr_par' dir='ltr' id='par_1_1' title="bbox 326 333 434 406">
     <span class='ocr_line' id='line_1_1' title="bbox 326 333 434 406; baseline -0.019 0"><span class='ocrx_word' id='word_1_1' title='bbox 326 333 434 406; x_wconf 61' lang='grc' dir='ltr'>λεδ</span> 
     </span>
    </p>
   </div>
   <div class='ocr_carea' id='block_1_2' title="bbox 1161 349 2960 411">
    <p class='ocr_par' dir='ltr' id='par_1_2' title="bbox 1161 349 2960 411">
     <span class='ocr_line' id='line_1_2' title="bbox 1161 349 2960 411; baseline 0.004 -8"><span class='ocrx_word' id='word_1_2' title='bbox 1161 350 1624 404; x_wconf 73' lang='lat' dir='ltr'>PACHYMERE</span> <span class='ocrx_word' id='word_1_3' title='bbox 1665 349 2173 404; x_wconf 76' lang='lat' dir='ltr'>PARAPHRABIS</span> <span class='ocrx_word' id='word_1_4' title='bbox 2213 351 2287 402; x_wconf 88' lang='lat' dir='ltr'>IN</span> <span class='ocrx_word' id='word_1_5' title='bbox 2325 351 2481 405; x_wconf 84' lang='lat' dir='ltr'>EPP.</span> <span class='ocrx_word' id='word_1_6' title='bbox 2522 355 2580 408; x_wconf 85' lang='lat'>8.</span> <span class='ocrx_word' id='word_1_7' title='bbox 2621 355 2960 411; x_wconf 83' lang='lat' dir='ltr'>DIONYSII.</span> 
     </span>
    </p>
   </div>
   <div class='ocr_carea' id='block_1_3' title="bbox 3653 359 3760 415">
    <p class='ocr_par' dir='ltr' id='par_1_3' title="bbox 3653 359 3760 415">
     <span class='ocr_line' id='line_1_3' title="bbox 3653 359 3760 415; baseline 0.028 -3"><span class='ocrx_word' id='word_1_8' title='bbox 3653 359 3760 415; x_wconf 82' lang='grc'>466</span> 
     </span>
    </p>
   </div>
   <div class='ocr_carea' id='block_1_4' title="bbox 323 470 1963 553">
    <p class='ocr_par' dir='ltr' id='par_1_4' title="bbox 323 470 1963 551">
     <span class='ocr_line' id='line_1_4' title="bbox 323 470 1963 551; baseline -0.002 -23"><span class='ocrx_word' id='word_1_9' title='bbox 323 480 449 551; x_wconf 79' lang='grc' dir='ltr'>φαῖς</span> <span class='ocrx_word' id='word_1_10' title='bbox 509 473 688 546; x_wconf 78' lang='grc' dir='ltr'>ἁγίαις</span> <span class='ocrx_word' id='word_1_11' title='bbox 742 471 864 547; x_wconf 82' lang='grc' dir='ltr'>περὶ</span> <span class='ocrx_word' id='word_1_12' title='bbox 940 474 1035 525; x_wconf 86' lang='grc' dir='ltr'>τοῦ</span> <span class='ocrx_word' id='word_1_13' title='bbox 1109 470 1238 526; x_wconf 78' lang='grc' dir='ltr'>Υἱοῦ</span> <span class='ocrx_word' id='word_1_14' title='bbox 1309 471 1472 525; x_wconf 85' lang='grc' dir='ltr'>αὑτοῦ</span> <span class='ocrx_word' id='word_1_15' title='bbox 1532 474 1626 524; x_wconf 89' lang='grc' dir='ltr'>τοῦ</span> <span class='ocrx_word' id='word_1_16' title='bbox 1682 470 1963 545; x_wconf 73' lang='grc' dir='ltr'>γενομένοι</span> 
     </span>
    </p>
   </div>
   <div class='ocr_carea' id='block_1_5' title="bbox 2076 470 3759 553">
    <p class='ocr_par' dir='ltr' id='par_1_5' title="bbox 2094 476 3759 553">
     <span class='ocr_line' id='line_1_5' title="bbox 2094 476 3759 553; baseline 0.008 -27"><span class='ocrx_word' id='word_1_17' title='bbox 2094 476 2258 528; x_wconf 83' lang='lat' dir='ltr'>stans</span> <span class='ocrx_word' id='word_1_18' title='bbox 2278 476 2433 544; x_wconf 93' lang='lat' dir='ltr'>quod</span> <span class='ocrx_word' id='word_1_19' title='bbox 2459 482 2663 533; x_wconf 79' lang='lat' dir='ltr'>auctor</span> <span class='ocrx_word' id='word_1_20' title='bbox 2681 479 3022 550; x_wconf 70' lang='lat' dir='ltr'>neutiquam</span> <span class='ocrx_word' id='word_1_21' title='bbox 3051 479 3228 535; x_wconf 84' lang='lat' dir='ltr'>fuerit</span> <span class='ocrx_word' id='word_1_22' title='bbox 3246 497 3445 536; x_wconf 87' lang='lat' dir='ltr'>eorum</span> <span class='ocrx_word' id='word_1_23' title='bbox 3471 481 3759 553; x_wconf 90' lang='lat' dir='ltr'>omnium,</span> 
     </span>
    </p>
   </div>
   <div class='ocr_carea' id='block_1_6' title="bbox 320 556 1980 637">
    <p class='ocr_par' dir='ltr' id='par_1_6' title="bbox 320 556 1980 637">
     <span class='ocr_line' id='line_1_6' title="bbox 320 556 1980 637; baseline -0.003 -20"><span class='ocrx_word' id='word_1_24' title='bbox 320 564 377 618; x_wconf 87' lang='grc' dir='ltr'>ἐκ</span> <span class='ocrx_word' id='word_1_25' title='bbox 434 562 754 637; x_wconf 76' lang='grc' dir='ltr'>σπέρματος</span> <span class='ocrx_word' id='word_1_26' title='bbox 817 558 980 614; x_wconf 85' lang='grc' dir='ltr'>Δαυὶδ</span> <span class='ocrx_word' id='word_1_27' title='bbox 1033 559 1169 614; x_wconf 72' lang='grc' dir='ltr'>κατὰ</span> <span class='ocrx_word' id='word_1_28' title='bbox 1228 560 1420 634; x_wconf 84' lang='grc' dir='ltr'>σάρκα.</span> <span class='ocrx_word' id='word_1_29' title='bbox 1483 559 1712 627; x_wconf 81' lang='grc' dir='ltr'>Λοιπὸν,</span> <span class='ocrx_word' id='word_1_30' title='bbox 1774 556 1857 612; x_wconf 87' lang='grc' dir='ltr'>διὸ</span> <span class='ocrx_word' id='word_1_31' title='bbox 1915 558 1980 626; x_wconf 72' lang='grc' dir='ltr'>ἦν</span> 
     </span>
    </p>
   </div>
   <div class='ocr_carea' id='block_1_7' title="bbox 322 646 1986 723">
    <p class='ocr_par' dir='ltr' id='par_1_7' title="bbox 322 646 1986 723">
     <span class='ocr_line' id='line_1_7' title="bbox 322 646 1986 723; baseline -0.004 -17"><span class='ocrx_word' id='word_1_32' title='bbox 322 651 480 712; x_wconf 77' lang='grc' dir='ltr'>οὗτος</span> <span class='ocrx_word' id='word_1_33' title='bbox 542 656 720 722; x_wconf 81' lang='grc' dir='ltr'>πρᾶος</span> <span class='ocrx_word' id='word_1_34' title='bbox 778 650 915 723; x_wconf 84' lang='grc' dir='ltr'>πρὸς</span> <span class='ocrx_word' id='word_1_35' title='bbox 979 653 1104 710; x_wconf 88' lang='grc' dir='ltr'>τοῦς</span> <span class='ocrx_word' id='word_1_36' title='bbox 1158 647 1394 722; x_wconf 80' lang='grc' dir='ltr'>ἐχθροὺς</span> <span class='ocrx_word' id='word_1_37' title='bbox 1453 670 1542 702; x_wconf 92' lang='grc' dir='ltr'>και</span> <span class='ocrx_word' id='word_1_38' title='bbox 1601 646 1986 723; x_wconf 80' lang='grc' dir='ltr'>ἁγαθὸς,κατᾶ</span> 
     </span>
    </p>
   </div>
   <div class='ocr_carea' id='block_1_8' title="bbox 317 737 1986 814">
    <p class='ocr_par' dir='ltr' id='par_1_8' title="bbox 317 737 1986 814">
     <span class='ocr_line' id='line_1_8' title="bbox 317 737 1986 814; baseline -0.002 -20"><span class='ocrx_word' id='word_1_39' title='bbox 317 743 418 809; x_wconf 74' lang='grc' dir='ltr'>τὴν</span> <span class='ocrx_word' id='word_1_40' title='bbox 451 737 680 814; x_wconf 83' lang='grc' dir='ltr'>καρδίαν</span> <span class='ocrx_word' id='word_1_41' title='bbox 731 741 865 794; x_wconf 82' lang='grc' dir='ltr'>εἶναι</span> <span class='ocrx_word' id='word_1_42' title='bbox 915 742 1012 793; x_wconf 91' lang='grc' dir='ltr'>τοῦ</span> <span class='ocrx_word' id='word_1_43' title='bbox 1074 743 1207 792; x_wconf 88' lang='grc' dir='ltr'>Θεοῦ</span> <span class='ocrx_word' id='word_1_44' title='bbox 1271 742 1644 812; x_wconf 82' lang='grc' dir='ltr'>μαρτυρεῖται.</span> <span class='ocrx_word' id='word_1_45' title='bbox 1698 737 1880 791; x_wconf 86' lang='grc' dir='ltr'>Καίτοι</span> <span class='ocrx_word' id='word_1_46' title='bbox 1925 757 1986 811; x_wconf 90' lang='grc' dir='ltr'>γε</span> 
     </span>
    </p>
   </div>
   <div class='ocr_carea' id='block_1_9' title="bbox 317 824 1985 901">
    <p class='ocr_par' dir='ltr' id='par_1_9' title="bbox 317 824 1985 901">
     <span class='ocr_line' id='line_1_9' title="bbox 317 824 1985 901; baseline -0.002 -19"><span class='ocrx_word' id='word_1_47' title='bbox 317 830 381 884; x_wconf 85' lang='grc' dir='ltr'>οὐ</span> <span class='ocrx_word' id='word_1_48' title='bbox 414 830 565 899; x_wconf 81' lang='grc' dir='ltr'>ξένον</span> <span class='ocrx_word' id='word_1_49' title='bbox 616 827 683 896; x_wconf 78' lang='grc' dir='ltr'>ἦν</span> <span class='ocrx_word' id='word_1_50' title='bbox 739 829 801 882; x_wconf 90' lang='grc' dir='ltr'>τὸ</span> <span class='ocrx_word' id='word_1_51' title='bbox 862 827 994 882; x_wconf 77' lang='grc' dir='ltr'>εἶναί</span> <span class='ocrx_word' id='word_1_52' title='bbox 1055 848 1177 881; x_wconf 88' lang='grc' dir='ltr'>τινα</span> <span class='ocrx_word' id='word_1_53' title='bbox 1236 827 1374 901; x_wconf 89' lang='grc' dir='ltr'>πρὸς</span> <span class='ocrx_word' id='word_1_54' title='bbox 1433 827 1525 881; x_wconf 88' lang='grc' dir='ltr'>τὸν</span> <span class='ocrx_word' id='word_1_55' title='bbox 1572 825 1767 901; x_wconf 72' lang='grc' dir='ltr'>ἐχθρὸν</span> <span class='ocrx_word' id='word_1_56' title='bbox 1820 824 1985 879; x_wconf 83' lang='grc' dir='ltr'>αὑτοῦ</span> 
     </span>
    </p>
   </div>
   <div class='ocr_carea' id='block_1_10' title="bbox 315 912 1984 992">
    <p class='ocr_par' dir='ltr' id='par_1_10' title="bbox 315 912 1984 992">
     <span class='ocr_line' id='line_1_10' title="bbox 315 912 1984 992; baseline -0.003 -21"><span class='ocrx_word' id='word_1_57' title='bbox 315 924 601 992; x_wconf 81' lang='grc' dir='ltr'>προσηνῆ,</span> <span class='ocrx_word' id='word_1_58' title='bbox 635 917 749 971; x_wconf 77' lang='grc' dir='ltr'>ἐπεὶ</span> <span class='ocrx_word' id='word_1_59' title='bbox 779 915 868 970; x_wconf 83' lang='grc' dir='ltr'>καὶ</span> <span class='ocrx_word' id='word_1_60' title='bbox 922 916 1112 990; x_wconf 83' lang='grc' dir='ltr'>Νόμος</span> <span class='ocrx_word' id='word_1_61' title='bbox 1161 912 1334 970; x_wconf 74' lang='grc' dir='ltr'>ἔκειτο</span> <span class='ocrx_word' id='word_1_62' title='bbox 1397 916 1561 988; x_wconf 76' lang='grc' dir='ltr'>ἱερὸς,</span> <span class='ocrx_word' id='word_1_63' title='bbox 1611 915 1701 969; x_wconf 86' lang='grc' dir='ltr'>καὶ</span> <span class='ocrx_word' id='word_1_64' title='bbox 1749 919 1856 969; x_wconf 91' lang='grc' dir='ltr'>τῶν</span> <span class='ocrx_word' id='word_1_65' title='bbox 1888 917 1984 968; x_wconf 88' lang='grc' dir='ltr'>τοῦ</span> 
     </span>
    </p>
   </div>
   <div class='ocr_carea' id='block_1_11' title="bbox 321 1003 1986 1082">
    <p class='ocr_par' dir='ltr' id='par_1_11' title="bbox 321 1003 1986 1082">
     <span class='ocr_line' id='line_1_11' title="bbox 321 1003 1986 1082; baseline -0.004 -20"><span class='ocrx_word' id='word_1_66' title='bbox 321 1006 530 1082; x_wconf 87' lang='grc' dir='ltr'>ἐχθροῦ</span> <span class='ocrx_word' id='word_1_67' title='bbox 562 1005 865 1081; x_wconf 81' lang='grc' dir='ltr'>ὑποζυγίῶν</span> <span class='ocrx_word' id='word_1_68' title='bbox 898 1011 1150 1081; x_wconf 73' lang='grc' dir='ltr'>προνοεῖν</span> <span class='ocrx_word' id='word_1_69' title='bbox 1185 1025 1198 1038; x_wconf 76' lang='grc'><strong><em>⁸</em></strong></span> <span class='ocrx_word' id='word_1_70' title='bbox 1233 1005 1532 1080; x_wconf 78' lang='grc' dir='ltr'>γέγραπται</span> <span class='ocrx_word' id='word_1_71' title='bbox 1566 1010 1666 1079; x_wconf 80' lang='grc' dir='ltr'>γ’ἀρ</span> <span class='ocrx_word' id='word_1_72' title='bbox 1700 1003 1751 1057; x_wconf 77' lang='grc' dir='ltr'>ἐν</span> <span class='ocrx_word' id='word_1_73' title='bbox 1779 1009 1857 1075; x_wconf 78' lang='grc' dir='ltr'>τῷ</span> <span class='ocrx_word' id='word_1_74' title='bbox 1882 1003 1986 1060; x_wconf 81' lang='grc' dir='ltr'>Νό-</span> 
     </span>
    </p>
   </div>
   <div class='ocr_carea' id='block_1_12' title="bbox 320 1091 1984 1169">
    <p class='ocr_par' dir='ltr' id='par_1_12' title="bbox 320 1091 1984 1169">
     <span class='ocr_line' id='line_1_12' title="bbox 320 1091 1984 1169; baseline -0.002 -20"><span class='ocrx_word' id='word_1_75' title='bbox 320 1119 435 1169; x_wconf 87' lang='grc' dir='ltr'>μῳ,</span> <span class='ocrx_word' id='word_1_76' title='bbox 467 1091 606 1151; x_wconf 79' lang='grc' dir='ltr'>ὥστε</span> <span class='ocrx_word' id='word_1_77' title='bbox 657 1095 748 1150; x_wconf 81' lang='grc' dir='ltr'>καὶ</span> <span class='ocrx_word' id='word_1_78' title='bbox 794 1096 857 1149; x_wconf 89' lang='grc' dir='ltr'>τὸ</span> <span class='ocrx_word' id='word_1_79' title='bbox 909 1099 1006 1150; x_wconf 88' lang='grc' dir='ltr'>τοῦ</span> <span class='ocrx_word' id='word_1_80' title='bbox 1055 1094 1258 1169; x_wconf 86' lang='grc' dir='ltr'>ἐχθροῦ</span> <span class='ocrx_word' id='word_1_81' title='bbox 1321 1093 1618 1168; x_wconf 79' lang='grc' dir='ltr'>ὑποζύγιον</span> <span class='ocrx_word' id='word_1_82' title='bbox 1649 1091 1984 1147; x_wconf 88' lang='grc' dir='ltr'>καταπίπτον</span> 
     </span>
    </p>
   </div>
   <div class='ocr_carea' id='block_1_13' title="bbox 316 1176 1978 1260">
    <p class='ocr_par' dir='ltr' id='par_1_13' title="bbox 316 1176 1978 1260">
     <span class='ocr_line' id='line_1_13' title="bbox 316 1176 1978 1260; baseline -0.004 -21"><span class='ocrx_word' id='word_1_83' title='bbox 316 1184 639 1260; x_wconf 81' lang='grc' dir='ltr'>ἀνεγείρειν.</span> <span class='ocrx_word' id='word_1_84' title='bbox 672 1178 867 1240; x_wconf 72' lang='grc' dir='ltr'>Ἰακὼϐ</span> <span class='ocrx_word' id='word_1_85' title='bbox 919 1179 997 1252; x_wconf 75' lang='grc' dir='ltr'>δὲ,</span> <span class='ocrx_word' id='word_1_86' title='bbox 1057 1182 1146 1236; x_wconf 76' lang='grc' dir='ltr'>καὶ</span> <span class='ocrx_word' id='word_1_87' title='bbox 1208 1183 1432 1259; x_wconf 75' lang='grc' dir='ltr'>Ἰωσὴφ,</span> <span class='ocrx_word' id='word_1_88' title='bbox 1482 1182 1568 1235; x_wconf 87' lang='grc' dir='ltr'>καὶ</span> <span class='ocrx_word' id='word_1_89' title='bbox 1600 1176 1766 1236; x_wconf 77' lang='grc' dir='ltr'>Ἅϐελ</span> <span class='ocrx_word' id='word_1_90' title='bbox 1800 1181 1850 1252; x_wconf 90' lang='lat'>(6</span> <span class='ocrx_word' id='word_1_91' title='bbox 1885 1179 1978 1252; x_wconf 73' lang='grc' dir='ltr'>μὶν</span> 
     </span>
    </p>
   </div>
   <div class='ocr_carea' id='block_1_14' title="bbox 318 1266 1980 1345">
    <p class='ocr_par' dir='ltr' id='par_1_14' title="bbox 318 1266 1980 1345">
     <span class='ocr_line' id='line_1_14' title="bbox 318 1266 1980 1345; baseline -0.003 -19"><span class='ocrx_word' id='word_1_92' title='bbox 318 1274 396 1334; x_wconf 82' lang='grc' dir='ltr'>ὡς</span> <span class='ocrx_word' id='word_1_93' title='bbox 429 1271 709 1335; x_wconf 75' lang='grc' dir='ltr'>ἄπλαστος</span> <span class='ocrx_word' id='word_1_94' title='bbox 739 1270 812 1325; x_wconf 81' lang='grc' dir='ltr'>ὤν</span> <span class='ocrx_word' id='word_1_95' title='bbox 871 1271 964 1325; x_wconf 80' lang='grc' dir='ltr'>καὶ</span> <span class='ocrx_word' id='word_1_96' title='bbox 1009 1269 1204 1333; x_wconf 77' lang='grc' dir='ltr'><strong>κακίας</strong></span> <span class='ocrx_word' id='word_1_97' title='bbox 1257 1269 1558 1345; x_wconf 84' lang='grc' dir='ltr'>ἐλεύθερος,</span> <span class='ocrx_word' id='word_1_98' title='bbox 1608 1270 1635 1323; x_wconf 97' lang='lat'>6</span> <span class='ocrx_word' id='word_1_99' title='bbox 1669 1266 1724 1323; x_wconf 77' lang='grc' dir='ltr'>δὲ</span> <span class='ocrx_word' id='word_1_100' title='bbox 1754 1269 1826 1329; x_wconf 85' lang='grc' dir='ltr'>ὡς</span> <span class='ocrx_word' id='word_1_101' title='bbox 1854 1267 1980 1328; x_wconf 82' lang='grc' dir='ltr'>τοὺς</span> 
     </span>
    </p>
   </div>
   <div class='ocr_carea' id='block_1_15' title="bbox 316 1356 1976 1438">
    <p class='ocr_par' dir='ltr' id='par_1_15' title="bbox 316 1356 1976 1438">
     <span class='ocr_line' id='line_1_15' title="bbox 316 1356 1976 1438; baseline -0.004 -23"><span class='ocrx_word' id='word_1_102' title='bbox 316 1359 618 1438; x_wconf 69' lang='grc' dir='ltr'>ἀδελφοὺς,</span> <span class='ocrx_word' id='word_1_103' title='bbox 669 1362 757 1415; x_wconf 82' lang='grc' dir='ltr'>ὅτε</span> <span class='ocrx_word' id='word_1_104' title='bbox 811 1357 1164 1435; x_wconf 70' lang='grc' dir='ltr'>ὑποχειρίους</span> <span class='ocrx_word' id='word_1_105' title='bbox 1226 1361 1374 1434; x_wconf 73' lang='grc' dir='ltr'>εἶχεν</span> <span class='ocrx_word' id='word_1_106' title='bbox 1431 1357 1626 1421; x_wconf 78' lang='grc' dir='ltr'>αὐτοὺς</span> <span class='ocrx_word' id='word_1_107' title='bbox 1684 1356 1976 1429; x_wconf 73' lang='grc' dir='ltr'>οἱκονόμος</span> 
     </span>
    </p>
   </div>
   <div class='ocr_carea' id='block_1_16' title="bbox 318 1445 1974 1523">
    <p class='ocr_par' dir='ltr' id='par_1_16' title="bbox 318 1445 1974 1523">
     <span class='ocr_line' id='line_1_16' title="bbox 318 1445 1974 1523; baseline -0.002 -21"><span class='ocrx_word' id='word_1_108' title='bbox 318 1447 398 1502; x_wconf 79' lang='grc' dir='ltr'>ὢν</span> <span class='ocrx_word' id='word_1_109' title='bbox 426 1451 640 1517; x_wconf 80' lang='grc' dir='ltr'>ἁπάσης</span> <span class='ocrx_word' id='word_1_110' title='bbox 699 1448 1003 1523; x_wconf 72' lang='grc' dir='ltr'>Αἰγύπτου,</span> <span class='ocrx_word' id='word_1_111' title='bbox 1065 1448 1164 1502; x_wconf 81' lang='grc' dir='ltr'>οὐκ</span> <span class='ocrx_word' id='word_1_112' title='bbox 1217 1446 1578 1520; x_wconf 81' lang='grc' dir='ltr'>ἀμυνόμενος,</span> <span class='ocrx_word' id='word_1_113' title='bbox 1640 1445 1804 1500; x_wconf 83' lang='grc' dir='ltr'>εἰπὼν</span> <span class='ocrx_word' id='word_1_114' title='bbox 1837 1446 1974 1518; x_wconf 88' lang='grc' dir='ltr'>πρὸς</span> 
     </span>
    </p>
   </div>
   <div class='ocr_carea' id='block_1_17' title="bbox 317 1530 1975 1611">
    <p class='ocr_par' dir='ltr' id='par_1_17' title="bbox 317 1530 1975 1611">
     <span class='ocr_line' id='line_1_17' title="bbox 317 1530 1975 1611; baseline -0.004 -19"><span class='ocrx_word' id='word_1_115' title='bbox 317 1537 527 1599; x_wconf 80' lang='grc' dir='ltr'>αὐτούς</span> <span class='ocrx_word' id='word_1_116' title='bbox 564 1558 577 1572; x_wconf 73' lang='grc' dir='ltr'><strong>ο</strong></span> <span class='ocrx_word' id='word_1_117' title='bbox 612 1539 700 1606; x_wconf 80' lang='grc' dir='ltr'>Μὴ</span> <span class='ocrx_word' id='word_1_118' title='bbox 736 1532 1006 1611; x_wconf 77' lang='grc' dir='ltr'>φοϐεῖσθε·</span> <span class='ocrx_word' id='word_1_119' title='bbox 1066 1541 1162 1590; x_wconf 88' lang='grc' dir='ltr'>τοῦ</span> <span class='ocrx_word' id='word_1_120' title='bbox 1213 1536 1316 1610; x_wconf 74' lang='grc' dir='ltr'>γὰρ</span> <span class='ocrx_word' id='word_1_121' title='bbox 1346 1539 1482 1590; x_wconf 94' lang='grc' dir='ltr'>Θεοῦ</span> <span class='ocrx_word' id='word_1_122' title='bbox 1516 1533 1620 1608; x_wconf 81' lang='grc' dir='ltr'>ἐγώ</span> <span class='ocrx_word' id='word_1_123' title='bbox 1655 1533 1766 1606; x_wconf 84' lang='grc' dir='ltr'>εἰμι</span> <span class='ocrx_word' id='word_1_124' title='bbox 1800 1551 1812 1564; x_wconf 91' lang='grc'><strong>·</strong></span> <span class='ocrx_word' id='word_1_125' title='bbox 1857 1533 1884 1587; x_wconf 92' lang='lat'>6</span> <span class='ocrx_word' id='word_1_126' title='bbox 1917 1530 1975 1586; x_wconf 67' lang='grc' dir='ltr'>δὲ</span> 
     </span>
    </p>
   </div>
   <div class='ocr_carea' id='block_1_18' title="bbox 311 1623 1970 1703">
    <p class='ocr_par' dir='ltr' id='par_1_18' title="bbox 311 1623 1970 1703">
     <span class='ocr_line' id='line_1_18' title="bbox 311 1623 1970 1703; baseline -0.002 -22"><span class='ocrx_word' id='word_1_127' title='bbox 311 1632 398 1699; x_wconf 80' lang='grc' dir='ltr'>τῷ</span> <span class='ocrx_word' id='word_1_128' title='bbox 451 1624 673 1703; x_wconf 76' lang='grc' dir='ltr'>ἀδελφῷ</span> <span class='ocrx_word' id='word_1_129' title='bbox 732 1629 858 1680; x_wconf 82' lang='grc' dir='ltr'>Κάϊν</span> <span class='ocrx_word' id='word_1_130' title='bbox 917 1624 1238 1686; x_wconf 79' lang='grc' dir='ltr'>ἀνυπόπτως</span> <span class='ocrx_word' id='word_1_131' title='bbox 1301 1623 1775 1697; x_wconf 83' lang='grc' dir='ltr'>συμπορευόμενος</span> <span class='ocrx_word' id='word_1_132' title='bbox 1807 1625 1921 1694; x_wconf 88' lang='grc'>(78)</span> <span class='ocrx_word' id='word_1_133' title='bbox 1958 1642 1970 1654; x_wconf 90' lang='grc'><strong>·</strong></span> 
     </span>
    </p>
   </div>
   <div class='ocr_carea' id='block_1_19' title="bbox 315 1711 1969 1790">
    <p class='ocr_par' dir='ltr' id='par_1_19' title="bbox 315 1711 1969 1790">
     <span class='ocr_line' id='line_1_19' title="bbox 315 1711 1969 1790; baseline -0.004 -20"><span class='ocrx_word' id='word_1_134' title='bbox 315 1713 666 1790; x_wconf 78' lang='grc' dir='ltr'>ἆγαθοειδεῖς</span> <span class='ocrx_word' id='word_1_135' title='bbox 706 1714 1186 1790; x_wconf 82' lang='grc' dir='ltr'>ἀνακηρύττονται.</span> <span class='ocrx_word' id='word_1_136' title='bbox 1243 1713 1318 1770; x_wconf 87' lang='grc' dir='ltr'>Ού</span> <span class='ocrx_word' id='word_1_137' title='bbox 1361 1714 1463 1787; x_wconf 76' lang='grc' dir='ltr'>γὰρ</span> <span class='ocrx_word' id='word_1_138' title='bbox 1503 1714 1614 1788; x_wconf 74' lang='grc' dir='ltr'>χρή</span> <span class='ocrx_word' id='word_1_139' title='bbox 1647 1711 1736 1766; x_wconf 83' lang='grc' dir='ltr'>τὸν</span> <span class='ocrx_word' id='word_1_140' title='bbox 1769 1711 1969 1785; x_wconf 79' lang='grc' dir='ltr'>ἀγαθὸν</span> 
     </span>
    </p>
   </div>
   <div class='ocr_carea' id='block_1_20' title="bbox 2097 563 3754 642">
    <p class='ocr_par' dir='ltr' id='par_1_20' title="bbox 2097 563 3754 642">
     <span class='ocr_line' id='line_1_20' title="bbox 2097 563 3754 642; baseline 0.007 -27"><span class='ocrx_word' id='word_1_141' title='bbox 2097 578 2226 632; x_wconf 71' lang='lat' dir='ltr'>qua:</span> <span class='ocrx_word' id='word_1_142' title='bbox 2264 563 2522 620; x_wconf 90' lang='lat' dir='ltr'>subditis</span> <span class='ocrx_word' id='word_1_143' title='bbox 2571 567 2864 634; x_wconf 86' lang='lat' dir='ltr'>obvenire,</span> <span class='ocrx_word' id='word_1_144' title='bbox 2914 567 3228 622; x_wconf 87' lang='lat' dir='ltr'>malorum.</span> <span class='ocrx_word' id='word_1_145' title='bbox 3258 567 3619 641; x_wconf 74' lang='grc' dir='ltr'>Ἀρχομένοις</span> <span class='ocrx_word' id='word_1_146' title='bbox 3653 573 3754 642; x_wconf 88' lang='lat' dir='ltr'>ait,</span> 
     </span>
    </p>
   </div>
   <div class='ocr_carea' id='block_1_21' title="bbox 2095 651 3755 731">
    <p class='ocr_par' dir='ltr' id='par_1_21' title="bbox 2095 651 3755 731">
     <span class='ocr_line' id='line_1_21' title="bbox 2095 651 3755 731; baseline 0.007 -27"><span class='ocrx_word' id='word_1_147' title='bbox 2095 664 2194 705; x_wconf 85' lang='lat' dir='ltr'>eos</span> <span class='ocrx_word' id='word_1_148' title='bbox 2228 651 2540 709; x_wconf 84' lang='lat' dir='ltr'>insinuans</span> <span class='ocrx_word' id='word_1_149' title='bbox 2573 673 2720 726; x_wconf 92' lang='lat' dir='ltr'>quos</span> <span class='ocrx_word' id='word_1_150' title='bbox 2752 656 2862 710; x_wconf 86' lang='lat' dir='ltr'>sub</span> <span class='ocrx_word' id='word_1_151' title='bbox 2897 660 3189 727; x_wconf 79' lang='lat' dir='ltr'>potestate</span> <span class='ocrx_word' id='word_1_152' title='bbox 3223 656 3476 712; x_wconf 83' lang='lat' dir='ltr'>habebat</span> <span class='ocrx_word' id='word_1_153' title='bbox 3505 659 3755 731; x_wconf 72' lang='lat' dir='ltr'>Moyses;</span> 
     </span>
    </p>
   </div>
   <div class='ocr_carea' id='block_1_22' title="bbox 2095 739 3752 817">
    <p class='ocr_par' dir='ltr' id='par_1_22' title="bbox 2095 739 3752 817">
     <span class='ocr_line' id='line_1_22' title="bbox 2095 739 3752 817; baseline 0.009 -28"><span class='ocrx_word' id='word_1_154' title='bbox 2095 739 2376 810; x_wconf 84' lang='lat' dir='ltr'>populum</span> <span class='ocrx_word' id='word_1_155' title='bbox 2392 743 2888 815; x_wconf 88' lang='lat' dir='ltr'>videlicet.Neque</span> <span class='ocrx_word' id='word_1_156' title='bbox 2909 745 3066 799; x_wconf 89' lang='lat' dir='ltr'>enim</span> <span class='ocrx_word' id='word_1_157' title='bbox 3091 747 3325 800; x_wconf 90' lang='lat' dir='ltr'>nescius</span> <span class='ocrx_word' id='word_1_158' title='bbox 3345 752 3469 800; x_wconf 89' lang='lat' dir='ltr'>erat</span> <span class='ocrx_word' id='word_1_159' title='bbox 3483 749 3752 817; x_wconf 86' lang='lat' dir='ltr'>quoniam</span> 
     </span>
    </p>
   </div>
   <div class='ocr_carea' id='block_1_23' title="bbox 2095 829 3747 906">
    <p class='ocr_par' dir='ltr' id='par_1_23' title="bbox 2095 829 3747 906">
     <span class='ocr_line' id='line_1_23' title="bbox 2095 829 3747 906; baseline 0.006 -26"><span class='ocrx_word' id='word_1_160' title='bbox 2095 829 2194 898; x_wconf 89' lang='lat' dir='ltr'>qui</span> <span class='ocrx_word' id='word_1_161' title='bbox 2220 829 2334 884; x_wconf 87' lang='lat' dir='ltr'>Deo</span> <span class='ocrx_word' id='word_1_162' title='bbox 2368 848 2651 902; x_wconf 83' lang='lat' dir='ltr'>perquam</span> <span class='ocrx_word' id='word_1_163' title='bbox 2677 834 2828 888; x_wconf 88' lang='lat' dir='ltr'>bono</span> <span class='ocrx_word' id='word_1_164' title='bbox 2853 834 3233 906; x_wconf 82' lang='lat' dir='ltr'>congreditur</span> <span class='ocrx_word' id='word_1_165' title='bbox 3253 834 3747 902; x_wconf 83' lang='lat' dir='ltr'>familiariter,de-</span> 
     </span>
    </p>
   </div>
   <div class='ocr_carea' id='block_1_24' title="bbox 2090 915 3752 993">
    <p class='ocr_par' dir='ltr' id='par_1_24' title="bbox 2090 915 3752 993">
     <span class='ocr_line' id='line_1_24' title="bbox 2090 915 3752 993; baseline 0.007 -24"><span class='ocrx_word' id='word_1_166' title='bbox 2090 915 2188 970; x_wconf 92' lang='lat' dir='ltr'>bet</span> <span class='ocrx_word' id='word_1_167' title='bbox 2243 918 2292 972; x_wconf 91' lang='lat' dir='ltr'>is</span> <span class='ocrx_word' id='word_1_168' title='bbox 2344 937 2447 990; x_wconf 92' lang='lat' dir='ltr'>pro</span> <span class='ocrx_word' id='word_1_169' title='bbox 2475 920 2624 974; x_wconf 82' lang='lat' dir='ltr'>virili</span> <span class='ocrx_word' id='word_1_170' title='bbox 2657 921 2973 993; x_wconf 81' lang='lat' dir='ltr'>imaginem</span> <span class='ocrx_word' id='word_1_171' title='bbox 3006 916 3331 992; x_wconf 75' lang='lat' dir='ltr'>exprimere</span> <span class='ocrx_word' id='word_1_172' title='bbox 3353 923 3560 978; x_wconf 56' lang='lat' dir='ltr'>divinas</span> <span class='ocrx_word' id='word_1_173' title='bbox 3594 923 3752 980; x_wconf 86' lang='lat' dir='ltr'>illius</span> 
     </span>
    </p>
   </div>
   <div class='ocr_carea' id='block_1_25' title="bbox 2091 1005 3746 1084">
    <p class='ocr_par' dir='ltr' id='par_1_25' title="bbox 2091 1005 3746 1084">
     <span class='ocr_line' id='line_1_25' title="bbox 2091 1005 3746 1084; baseline 0.005 -26"><span class='ocrx_word' id='word_1_174' title='bbox 2091 1005 2393 1062; x_wconf 80' lang='lat' dir='ltr'>bonitatis.</span> <span class='ocrx_word' id='word_1_175' title='bbox 2431 1009 2622 1076; x_wconf 87' lang='lat' dir='ltr'>Porro,</span> <span class='ocrx_word' id='word_1_176' title='bbox 2659 1011 2798 1080; x_wconf 86' lang='lat' dir='ltr'>quid</span> <span class='ocrx_word' id='word_1_177' title='bbox 2850 1010 3007 1065; x_wconf 84' lang='lat' dir='ltr'>aliud</span> <span class='ocrx_word' id='word_1_178' title='bbox 3043 1010 3322 1065; x_wconf 86' lang='lat' dir='ltr'>eximium</span> <span class='ocrx_word' id='word_1_179' title='bbox 3370 1011 3469 1066; x_wconf 91' lang='lat' dir='ltr'>Dei</span> <span class='ocrx_word' id='word_1_180' title='bbox 3521 1016 3746 1084; x_wconf 80' lang='lat' dir='ltr'>patrem</span> 
     </span>
    </p>
   </div>
   <div class='ocr_carea' id='block_1_26' title="bbox 2091 1092 3746 1172">
    <p class='ocr_par' dir='ltr' id='par_1_26' title="bbox 2091 1092 3746 1172">
     <span class='ocr_line' id='line_1_26' title="bbox 2091 1092 3746 1172; baseline 0.007 -27"><span class='ocrx_word' id='word_1_181' title='bbox 2091 1092 2269 1147; x_wconf 89' lang='lat' dir='ltr'>David</span> <span class='ocrx_word' id='word_1_182' title='bbox 2306 1095 2421 1166; x_wconf 87' lang='lat' dir='ltr'>ipsi</span> <span class='ocrx_word' id='word_1_183' title='bbox 2453 1096 2566 1152; x_wconf 91' lang='lat' dir='ltr'>Deo</span> <span class='ocrx_word' id='word_1_184' title='bbox 2597 1102 2714 1152; x_wconf 88' lang='lat' dir='ltr'>tam</span> <span class='ocrx_word' id='word_1_185' title='bbox 2769 1099 3044 1153; x_wconf 87' lang='lat' dir='ltr'>reddebat</span> <span class='ocrx_word' id='word_1_186' title='bbox 3096 1099 3413 1155; x_wconf 89' lang='lat' dir='ltr'>amabilem</span> <span class='ocrx_word' id='word_1_187' title='bbox 3445 1106 3502 1155; x_wconf 90' lang='lat' dir='ltr'>et</span> <span class='ocrx_word' id='word_1_188' title='bbox 3531 1102 3746 1172; x_wconf 87' lang='lat' dir='ltr'>gratio-</span> 
     </span>
    </p>
   </div>
   <div class='ocr_carea' id='block_1_27' title="bbox 2089 1183 3743 1259">
    <p class='ocr_par' dir='ltr' id='par_1_27' title="bbox 2089 1183 3743 1259">
     <span class='ocr_line' id='line_1_27' title="bbox 2089 1183 3743 1259; baseline 0.005 -23"><span class='ocrx_word' id='word_1_189' title='bbox 2089 1198 2244 1248; x_wconf 88' lang='lat' dir='ltr'>sum,</span> <span class='ocrx_word' id='word_1_190' title='bbox 2270 1183 2317 1238; x_wconf 91' lang='lat' dir='ltr'>si</span> <span class='ocrx_word' id='word_1_191' title='bbox 2363 1201 2478 1238; x_wconf 90' lang='lat' dir='ltr'>non</span> <span class='ocrx_word' id='word_1_192' title='bbox 2515 1186 2704 1241; x_wconf 88' lang='lat' dir='ltr'>virtus</span> <span class='ocrx_word' id='word_1_193' title='bbox 2736 1188 3248 1242; x_wconf 85' lang='lat' dir='ltr'>mansuetudinis?</span> <span class='ocrx_word' id='word_1_194' title='bbox 3282 1189 3378 1244; x_wconf 89' lang='lat' dir='ltr'>Dei</span> <span class='ocrx_word' id='word_1_195' title='bbox 3412 1193 3607 1244; x_wconf 91' lang='lat' dir='ltr'>autem</span> <span class='ocrx_word' id='word_1_196' title='bbox 3642 1206 3743 1259; x_wconf 88' lang='lat' dir='ltr'>pa-</span> 
     </span>
    </p>
   </div>
   <div class='ocr_carea' id='block_1_28' title="bbox 2089 1273 3743 1348">
    <p class='ocr_par' dir='ltr' id='par_1_28' title="bbox 2089 1273 3743 1348">
     <span class='ocr_line' id='line_1_28' title="bbox 2089 1273 3743 1348; baseline 0.006 -25"><span class='ocrx_word' id='word_1_197' title='bbox 2089 1273 2234 1325; x_wconf 83' lang='lat' dir='ltr'>trem</span> <span class='ocrx_word' id='word_1_198' title='bbox 2265 1277 2430 1327; x_wconf 89' lang='lat' dir='ltr'>vocat</span> <span class='ocrx_word' id='word_1_199' title='bbox 2461 1278 2700 1344; x_wconf 87' lang='lat' dir='ltr'>propter</span> <span class='ocrx_word' id='word_1_200' title='bbox 2718 1275 3038 1330; x_wconf 89' lang='lat' dir='ltr'>Christum.</span> <span class='ocrx_word' id='word_1_201' title='bbox 3068 1276 3164 1330; x_wconf 83' lang='lat' dir='ltr'>Ait</span> <span class='ocrx_word' id='word_1_202' title='bbox 3195 1293 3452 1348; x_wconf 77' lang='lat' dir='ltr'>namque</span> <span class='ocrx_word' id='word_1_203' title='bbox 3481 1278 3743 1334; x_wconf 90' lang='lat' dir='ltr'>admira-</span> 
     </span>
    </p>
   </div>
   <div class='ocr_carea' id='block_1_29' title="bbox 2087 1358 3742 1438">
    <p class='ocr_par' dir='ltr' id='par_1_29' title="bbox 2087 1358 3742 1438">
     <span class='ocr_line' id='line_1_29' title="bbox 2087 1358 3742 1438; baseline 0.005 -26"><span class='ocrx_word' id='word_1_204' title='bbox 2087 1358 2222 1413; x_wconf 87' lang='lat' dir='ltr'>bilis</span> <span class='ocrx_word' id='word_1_205' title='bbox 2278 1361 2535 1416; x_wconf 87' lang='lat' dir='ltr'>Paulus:</span> <span class='ocrx_word' id='word_1_206' title='bbox 2570 1364 2892 1435; x_wconf 77' lang='lat' dir='ltr'>Segrcgatus</span> <span class='ocrx_word' id='word_1_207' title='bbox 2921 1366 2978 1419; x_wconf 81' lang='lat' dir='ltr'>in</span> <span class='ocrx_word' id='word_1_208' title='bbox 3012 1366 3370 1435; x_wconf 80' lang='lat' dir='ltr'>Evangelium</span> <span class='ocrx_word' id='word_1_209' title='bbox 3420 1367 3559 1437; x_wconf 83' lang='lat' dir='ltr'>quod</span> <span class='ocrx_word' id='word_1_210' title='bbox 3605 1383 3742 1438; x_wconf 82' lang='lat' dir='ltr'>pro-</span> 
     </span>
    </p>
   </div>
   <div class='ocr_carea' id='block_1_30' title="bbox 2085 1450 3742 1526">
    <p class='ocr_par' dir='ltr' id='par_1_30' title="bbox 2085 1450 3742 1526">
     <span class='ocr_line' id='line_1_30' title="bbox 2085 1450 3742 1526; baseline 0.005 -25"><span class='ocrx_word' id='word_1_211' title='bbox 2085 1450 2236 1503; x_wconf 78' lang='lat' dir='ltr'>misit</span> <span class='ocrx_word' id='word_1_212' title='bbox 2270 1451 2328 1503; x_wconf 82' lang='lat' dir='ltr'>in</span> <span class='ocrx_word' id='word_1_213' title='bbox 2375 1450 2680 1522; x_wconf 74' lang='lat' dir='ltr'>Scripturis</span> <span class='ocrx_word' id='word_1_214' title='bbox 2728 1455 2930 1508; x_wconf 79' lang='lat' dir='ltr'>sanctis</span> <span class='ocrx_word' id='word_1_215' title='bbox 2977 1454 3042 1509; x_wconf 84' lang='lat' dir='ltr'>de</span> <span class='ocrx_word' id='word_1_216' title='bbox 3089 1455 3232 1509; x_wconf 76' lang='lat' dir='ltr'>Filio</span> <span class='ocrx_word' id='word_1_217' title='bbox 3277 1471 3396 1523; x_wconf 77' lang='lat' dir='ltr'>suo,</span> <span class='ocrx_word' id='word_1_218' title='bbox 3424 1455 3521 1525; x_wconf 78' lang='lat' dir='ltr'>qui</span> <span class='ocrx_word' id='word_1_219' title='bbox 3560 1460 3742 1526; x_wconf 77' lang='lat' dir='ltr'>[actus</span> 
     </span>
    </p>
   </div>
   <div class='ocr_carea' id='block_1_31' title="bbox 2083 1541 3745 1612">
    <p class='ocr_par' dir='ltr' id='par_1_31' title="bbox 2083 1541 3745 1612">
     <span class='ocr_line' id='line_1_31' title="bbox 2083 1541 3745 1612; baseline 0.004 -20"><span class='ocrx_word' id='word_1_220' title='bbox 2083 1542 2162 1592; x_wconf 80' lang='lat' dir='ltr'>est</span> <span class='ocrx_word' id='word_1_221' title='bbox 2192 1555 2262 1593; x_wconf 72' lang='lat' dir='ltr'>ex</span> <span class='ocrx_word' id='word_1_222' title='bbox 2306 1541 2514 1594; x_wconf 75' lang='lat' dir='ltr'>semine</span> <span class='ocrx_word' id='word_1_223' title='bbox 2564 1542 2742 1596; x_wconf 76' lang='lat' dir='ltr'>David</span> <span class='ocrx_word' id='word_1_224' title='bbox 2784 1544 3094 1596; x_wconf 73' lang='lat' dir='ltr'>secundum</span> <span class='ocrx_word' id='word_1_225' title='bbox 3140 1559 3363 1598; x_wconf 84' lang='lat' dir='ltr'>carnem</span> <span class='ocrx_word' id='word_1_226' title='bbox 3388 1543 3488 1612; x_wconf 77' lang='lat' dir='ltr'>(ac).</span> <span class='ocrx_word' id='word_1_227' title='bbox 3523 1544 3745 1598; x_wconf 91' lang='lat' dir='ltr'>Deinde</span> 
     </span>
    </p>
   </div>
   <div class='ocr_carea' id='block_1_32' title="bbox 2085 1627 3741 1702">
    <p class='ocr_par' dir='ltr' id='par_1_32' title="bbox 2085 1627 3741 1702">
     <span class='ocr_line' id='line_1_32' title="bbox 2085 1627 3741 1702; baseline 0.005 -23"><span class='ocrx_word' id='word_1_228' title='bbox 2085 1627 2239 1696; x_wconf 92' lang='lat' dir='ltr'>quod</span> <span class='ocrx_word' id='word_1_229' title='bbox 2294 1627 2344 1683; x_wconf 90' lang='lat' dir='ltr'>is</span> <span class='ocrx_word' id='word_1_230' title='bbox 2393 1634 2509 1684; x_wconf 90' lang='lat' dir='ltr'>tam</span> <span class='ocrx_word' id='word_1_231' title='bbox 2543 1635 2698 1685; x_wconf 88' lang='lat' dir='ltr'>esset</span> <span class='ocrx_word' id='word_1_232' title='bbox 2745 1646 2884 1702; x_wconf 85' lang='lat' dir='ltr'>erga</span> <span class='ocrx_word' id='word_1_233' title='bbox 2936 1631 3130 1687; x_wconf 88' lang='lat' dir='ltr'>hostes</span> <span class='ocrx_word' id='word_1_234' title='bbox 3182 1648 3318 1687; x_wconf 89' lang='lat' dir='ltr'>suos</span> <span class='ocrx_word' id='word_1_235' title='bbox 3366 1631 3625 1686; x_wconf 89' lang='lat' dir='ltr'>clemens</span> <span class='ocrx_word' id='word_1_236' title='bbox 3675 1649 3741 1687; x_wconf 89' lang='lat' dir='ltr'>ac</span> 
     </span>
    </p>
   </div>
   <div class='ocr_carea' id='block_1_33' title="bbox 2083 1714 3735 1787">
    <p class='ocr_par' dir='ltr' id='par_1_33' title="bbox 2083 1714 3735 1787">
     <span class='ocr_line' id='line_1_33' title="bbox 2083 1714 3735 1787; baseline 0.005 -21"><span class='ocrx_word' id='word_1_237' title='bbox 2083 1714 2395 1787; x_wconf 86' lang='lat' dir='ltr'>benignus,</span> <span class='ocrx_word' id='word_1_238' title='bbox 2446 1718 2643 1772; x_wconf 90' lang='lat' dir='ltr'>divino</span> <span class='ocrx_word' id='word_1_239' title='bbox 2691 1720 3028 1774; x_wconf 72' lang='lat' dir='ltr'>testimonio</span> <span class='ocrx_word' id='word_1_240' title='bbox 3081 1721 3274 1775; x_wconf 90' lang='lat' dir='ltr'>dictus</span> <span class='ocrx_word' id='word_1_241' title='bbox 3327 1725 3416 1775; x_wconf 90' lang='lat' dir='ltr'>est</span> <span class='ocrx_word' id='word_1_242' title='bbox 3462 1736 3588 1776; x_wconf 87' lang='lat' dir='ltr'>esse</span> <span class='ocrx_word' id='word_1_243' title='bbox 3638 1737 3735 1775; x_wconf 87' lang='lat' dir='ltr'>se-</span> 
     </span>
    </p>
   </div>
   <div class='ocr_carea' id='block_1_34' title="bbox 316 1799 1963 1905">
    <p class='ocr_par' dir='ltr' id='par_1_34' title="bbox 316 1799 1963 1905">
     <span class='ocr_line' id='line_1_34' title="bbox 316 1799 1963 1881; baseline -0.004 -21"><span class='ocrx_word' id='word_1_244' title='bbox 316 1806 449 1860; x_wconf 71' lang='grc' dir='ltr'>οίὶτε</span> <span class='ocrx_word' id='word_1_245' title='bbox 481 1810 852 1881; x_wconf 83' lang='grc' dir='ltr'>προεπινοεῖν,</span> <span class='ocrx_word' id='word_1_246' title='bbox 887 1801 1010 1858; x_wconf 73' lang='grc' dir='ltr'>οὕτε</span> <span class='ocrx_word' id='word_1_247' title='bbox 1052 1807 1370 1876; x_wconf 83' lang='grc' dir='ltr'>προσποιεῖν</span> <span class='ocrx_word' id='word_1_248' title='bbox 1403 1802 1468 1856; x_wconf 82' lang='grc' dir='ltr'>τὰ</span> <span class='ocrx_word' id='word_1_249' title='bbox 1496 1801 1633 1856; x_wconf 84' lang='grc' dir='ltr'>κακᾶ</span> <span class='ocrx_word' id='word_1_250' title='bbox 1667 1804 1797 1874; x_wconf 86' lang='grc'>(79),</span> <span class='ocrx_word' id='word_1_251' title='bbox 1831 1799 1963 1856; x_wconf 83' lang='grc' dir='ltr'>ἀλλᾶ</span> 
     </span>
     <span class='ocr_line' id='line_1_35' title="bbox 415 1887 1928 1905; baseline 0 0"><span class='ocrx_word' id='word_1_252' title='bbox 415 1892 456 1905; x_wconf 77' lang='grc'>...</span> <span class='ocrx_word' id='word_1_253' title='bbox 692 1894 702 1905; x_wconf 92' lang='grc'><strong><em>,</em></strong></span> <span class='ocrx_word' id='word_1_254' title='bbox 912 1892 926 1905; x_wconf 79' lang='grc'>,</span> <span class='ocrx_word' id='word_1_255' title='bbox 1089 1897 1115 1905; x_wconf 82' lang='lat'>-</span> <span class='ocrx_word' id='word_1_256' title='bbox 1181 1892 1194 1905; x_wconf 93' lang='lat'>.</span> <span class='ocrx_word' id='word_1_257' title='bbox 1275 1893 1297 1905; x_wconf 62' lang='grc' dir='ltr'>,ι</span> <span class='ocrx_word' id='word_1_258' title='bbox 1339 1895 1365 1905; x_wconf 81' lang='grc'>..</span> <span class='ocrx_word' id='word_1_259' title='bbox 1457 1890 1470 1905; x_wconf 83' lang='grc'>.</span> <span class='ocrx_word' id='word_1_260' title='bbox 1645 1890 1656 1905; x_wconf 88' lang='grc'><strong><em>,</em></strong></span> <span class='ocrx_word' id='word_1_261' title='bbox 1755 1887 1778 1905; x_wconf 55' lang='grc' dir='ltr'>μ</span> <span class='ocrx_word' id='word_1_262' title='bbox 1817 1889 1831 1905; x_wconf 59' lang='grc' dir='ltr'><strong>ς</strong></span> <span class='ocrx_word' id='word_1_263' title='bbox 1914 1891 1928 1905; x_wconf 62' lang='grc' dir='ltr'><strong>ε</strong></span> 
     </span>
    </p>
   </div>
   <div class='ocr_carea' id='block_1_35' title="bbox 2076 1799 3731 1905">
    <p class='ocr_par' dir='ltr' id='par_1_35' title="bbox 2082 1805 3731 1880">
     <span class='ocr_line' id='line_1_36' title="bbox 2082 1805 3731 1880; baseline 0.004 -22"><span class='ocrx_word' id='word_1_264' title='bbox 2082 1805 2342 1859; x_wconf 91' lang='lat' dir='ltr'>cundum</span> <span class='ocrx_word' id='word_1_265' title='bbox 2403 1823 2502 1861; x_wconf 90' lang='lat' dir='ltr'>cor</span> <span class='ocrx_word' id='word_1_266' title='bbox 2555 1806 2657 1862; x_wconf 89' lang='lat' dir='ltr'>Dei</span> <span class='ocrx_word' id='word_1_267' title='bbox 2691 1809 2790 1878; x_wconf 70' lang='grc' dir='ltr'>(ῃ).</span> <span class='ocrx_word' id='word_1_268' title='bbox 2844 1810 3184 1879; x_wconf 89' lang='lat' dir='ltr'>Quanquam</span> <span class='ocrx_word' id='word_1_269' title='bbox 3245 1825 3315 1864; x_wconf 92' lang='lat' dir='ltr'>ne</span> <span class='ocrx_word' id='word_1_270' title='bbox 3372 1808 3430 1863; x_wconf 82' lang='lat' dir='ltr'>id</span> <span class='ocrx_word' id='word_1_271' title='bbox 3492 1809 3731 1880; x_wconf 88' lang='lat' dir='ltr'>quidem</span> 
     </span>
    </p>
   </div>
   <div class='ocr_carea' id='block_1_36' title="bbox 318 1887 1968 1967">
    <p class='ocr_par' dir='ltr' id='par_1_36' title="bbox 318 1887 1968 1967">
     <span class='ocr_line' id='line_1_37' title="bbox 318 1887 1968 1967; baseline -0.003 -18"><span class='ocrx_word' id='word_1_272' title='bbox 318 1892 469 1967; x_wconf 62' lang='grc' dir='ltr'>μηδὲ</span> <span class='ocrx_word' id='word_1_273' title='bbox 505 1894 859 1966; x_wconf 77' lang='grc' dir='ltr'>μεταπίπτειν</span> <span class='ocrx_word' id='word_1_274' title='bbox 909 1892 968 1947; x_wconf 72' lang='grc' dir='ltr'>ἐκ</span> <span class='ocrx_word' id='word_1_275' title='bbox 1024 1897 1119 1946; x_wconf 92' lang='grc' dir='ltr'>τοῦ</span> <span class='ocrx_word' id='word_1_276' title='bbox 1171 1892 1368 1965; x_wconf 80' lang='grc' dir='ltr'>ἀγαθοῦ</span> <span class='ocrx_word' id='word_1_277' title='bbox 1429 1890 1502 1952; x_wconf 84' lang='grc' dir='ltr'>εἰς</span> <span class='ocrx_word' id='word_1_278' title='bbox 1533 1890 1720 1944; x_wconf 79' lang='grc' dir='ltr'>κακίαν</span> <span class='ocrx_word' id='word_1_279' title='bbox 1751 1887 1840 1944; x_wconf 75' lang='grc' dir='ltr'>διὰ</span> <span class='ocrx_word' id='word_1_280' title='bbox 1869 1891 1968 1958; x_wconf 74' lang='grc' dir='ltr'>τὴν</span> 
     </span>
    </p>
   </div>
   <div class='ocr_carea' id='block_1_37' title="bbox 309 1978 1972 2059">
    <p class='ocr_par' dir='ltr' id='par_1_37' title="bbox 309 1978 1972 2059">
     <span class='ocr_line' id='line_1_38' title="bbox 309 1978 1972 2059; baseline -0.002 -21"><span class='ocrx_word' id='word_1_281' title='bbox 309 1989 427 2038; x_wconf 91' lang='grc' dir='ltr'>τῶν</span> <span class='ocrx_word' id='word_1_282' title='bbox 454 1985 650 2059; x_wconf 76' lang='grc' dir='ltr'>ἑτέρων</span> <span class='ocrx_word' id='word_1_283' title='bbox 681 1983 890 2051; x_wconf 83' lang='grc' dir='ltr'>κακίαν,</span> <span class='ocrx_word' id='word_1_284' title='bbox 943 1980 1089 2036; x_wconf 82' lang='grc' dir='ltr'>ἀλλᾶ</span> <span class='ocrx_word' id='word_1_285' title='bbox 1131 1980 1348 2053; x_wconf 83' lang='grc' dir='ltr'>μᾶλλον</span> <span class='ocrx_word' id='word_1_286' title='bbox 1389 1979 1706 2048; x_wconf 81' lang='grc' dir='ltr'>πλεονάζειν</span> <span class='ocrx_word' id='word_1_287' title='bbox 1732 1980 1820 2033; x_wconf 88' lang='grc' dir='ltr'>καὶ</span> <span class='ocrx_word' id='word_1_288' title='bbox 1849 1978 1972 2034; x_wconf 85' lang='grc' dir='ltr'>τότε</span> 
     </span>
    </p>
   </div>
   <div class='ocr_carea' id='block_1_38' title="bbox 310 2067 1972 2147">
    <p class='ocr_par' dir='ltr' id='par_1_38' title="bbox 310 2067 1972 2147">
     <span class='ocr_line' id='line_1_39' title="bbox 310 2067 1972 2147; baseline -0.004 -20"><span class='ocrx_word' id='word_1_289' title='bbox 310 2074 418 2141; x_wconf 70' lang='grc' dir='ltr'>τὴν</span> <span class='ocrx_word' id='word_1_290' title='bbox 455 2072 788 2147; x_wconf 82' lang='grc' dir='ltr'>ἀγαθὸτητα,</span> <span class='ocrx_word' id='word_1_291' title='bbox 834 2072 907 2133; x_wconf 83' lang='grc' dir='ltr'>ὡς</span> <span class='ocrx_word' id='word_1_292' title='bbox 965 2069 1024 2124; x_wconf 75' lang='grc' dir='ltr'>ἂν</span> <span class='ocrx_word' id='word_1_293' title='bbox 1074 2071 1352 2131; x_wconf 67' lang='grc' dir='ltr'>κάκείνους</span> <span class='ocrx_word' id='word_1_294' title='bbox 1411 2067 1670 2139; x_wconf 84' lang='grc' dir='ltr'>ἐκκαλοίη</span> <span class='ocrx_word' id='word_1_295' title='bbox 1714 2069 1850 2142; x_wconf 85' lang='grc' dir='ltr'>πρὸς</span> <span class='ocrx_word' id='word_1_296' title='bbox 1882 2069 1972 2122; x_wconf 84' lang='grc' dir='ltr'>τὸν</span> 
     </span>
    </p>
   </div>
   <div class='ocr_carea' id='block_1_39' title="bbox 309 2154 1972 2234">
    <p class='ocr_par' dir='ltr' id='par_1_39' title="bbox 309 2154 1972 2234">
     <span class='ocr_line' id='line_1_40' title="bbox 309 2154 1972 2234; baseline -0.002 -20"><span class='ocrx_word' id='word_1_297' title='bbox 309 2163 516 2233; x_wconf 80' lang='grc' dir='ltr'>ὅμοιον</span> <span class='ocrx_word' id='word_1_298' title='bbox 554 2159 742 2230; x_wconf 83' lang='grc' dir='ltr'>ζῆλον.</span> <span class='ocrx_word' id='word_1_299' title='bbox 789 2157 1009 2227; x_wconf 80' lang='grc' dir='ltr'>Ἐπειδὴ</span> <span class='ocrx_word' id='word_1_300' title='bbox 1059 2160 1183 2227; x_wconf 87' lang='grc' dir='ltr'>περὶ</span> <span class='ocrx_word' id='word_1_301' title='bbox 1225 2156 1435 2234; x_wconf 81' lang='grc' dir='ltr'>ἀνδρῶν</span> <span class='ocrx_word' id='word_1_302' title='bbox 1485 2157 1854 2230; x_wconf 76' lang='grc' dir='ltr'>ἐμνήσθημεν,</span> <span class='ocrx_word' id='word_1_303' title='bbox 1888 2154 1972 2210; x_wconf 86' lang='grc' dir='ltr'>δεῖ</span> 
     </span>
    </p>
   </div>
   <div class='ocr_carea' id='block_1_40' title="bbox 307 2244 1964 2323">
    <p class='ocr_par' dir='ltr' id='par_1_40' title="bbox 307 2244 1964 2323">
     <span class='ocr_line' id='line_1_41' title="bbox 307 2244 1964 2323; baseline -0.002 -19"><span class='ocrx_word' id='word_1_304' title='bbox 307 2247 370 2304; x_wconf 81' lang='grc' dir='ltr'>δέ</span> <span class='ocrx_word' id='word_1_305' title='bbox 401 2251 496 2304; x_wconf 85' lang='grc' dir='ltr'>καὶ</span> <span class='ocrx_word' id='word_1_306' title='bbox 527 2247 882 2323; x_wconf 74' lang='grc' dir='ltr'>ὑψηλοτέρων</span> <span class='ocrx_word' id='word_1_307' title='bbox 939 2249 1193 2322; x_wconf 74' lang='grc' dir='ltr'>ἅψασθαι,</span> <span class='ocrx_word' id='word_1_308' title='bbox 1238 2246 1610 2319; x_wconf 82' lang='grc' dir='ltr'>ἀνανεύσωμεν</span> <span class='ocrx_word' id='word_1_309' title='bbox 1655 2244 1743 2300; x_wconf 73' lang='grc' dir='ltr'>καῖ</span> <span class='ocrx_word' id='word_1_310' title='bbox 1795 2267 1964 2300; x_wconf 89' lang='grc' dir='ltr'>κατα-</span> 
     </span>
    </p>
   </div>
   <div class='ocr_carea' id='block_1_41' title="bbox 303 2333 1967 2413">
    <p class='ocr_par' dir='ltr' id='par_1_41' title="bbox 303 2333 1967 2413">
     <span class='ocr_line' id='line_1_42' title="bbox 303 2333 1967 2413; baseline -0.002 -21"><span class='ocrx_word' id='word_1_311' title='bbox 303 2341 628 2410; x_wconf 71' lang='grc' dir='ltr'>νοήσωμεν,</span> <span class='ocrx_word' id='word_1_312' title='bbox 661 2339 723 2392; x_wconf 86' lang='grc' dir='ltr'>ού</span> <span class='ocrx_word' id='word_1_313' title='bbox 775 2336 923 2413; x_wconf 86' lang='grc' dir='ltr'>λέγω</span> <span class='ocrx_word' id='word_1_314' title='bbox 973 2336 1220 2413; x_wconf 73' lang='grc' dir='ltr'>ἀγγέλων</span> <span class='ocrx_word' id='word_1_315' title='bbox 1276 2335 1613 2411; x_wconf 85' lang='grc' dir='ltr'>ἀγαθότητας</span> <span class='ocrx_word' id='word_1_316' title='bbox 1661 2333 1967 2412; x_wconf 75' lang='grc' dir='ltr'>φιλανθρώ-</span> 
     </span>
    </p>
   </div>
   <div class='ocr_carea' id='block_1_42' title="bbox 305 2423 1963 2501">
    <p class='ocr_par' dir='ltr' id='par_1_42' title="bbox 305 2423 1963 2501">
     <span class='ocr_line' id='line_1_43' title="bbox 305 2423 1963 2501; baseline -0.002 -20"><span class='ocrx_word' id='word_1_317' title='bbox 305 2448 454 2498; x_wconf 85' lang='grc' dir='ltr'>πων,</span> <span class='ocrx_word' id='word_1_318' title='bbox 489 2429 578 2481; x_wconf 84' lang='grc' dir='ltr'>καὶ</span> <span class='ocrx_word' id='word_1_319' title='bbox 643 2428 775 2501; x_wconf 79' lang='grc' dir='ltr'>ὑπὲρ</span> <span class='ocrx_word' id='word_1_320' title='bbox 828 2425 991 2481; x_wconf 81' lang='grc' dir='ltr'>ἐθνῶν</span> <span class='ocrx_word' id='word_1_321' title='bbox 1042 2423 1311 2498; x_wconf 73' lang='grc' dir='ltr'>δεομένων</span> <span class='ocrx_word' id='word_1_322' title='bbox 1367 2429 1464 2479; x_wconf 88' lang='grc' dir='ltr'>τοῦ</span> <span class='ocrx_word' id='word_1_323' title='bbox 1514 2428 1668 2495; x_wconf 87' lang='grc' dir='ltr'>Θεοῦ,</span> <span class='ocrx_word' id='word_1_324' title='bbox 1717 2425 1806 2478; x_wconf 86' lang='grc' dir='ltr'>καὶ</span> <span class='ocrx_word' id='word_1_325' title='bbox 1847 2423 1963 2477; x_wconf 84' lang='grc' dir='ltr'>ἐπι-</span> 
     </span>
    </p>
   </div>
   <div class='ocr_carea' id='block_1_43' title="bbox 303 2509 1963 2588">
    <p class='ocr_par' dir='ltr' id='par_1_43' title="bbox 303 2509 1963 2588">
     <span class='ocr_line' id='line_1_44' title="bbox 303 2509 1963 2588; baseline -0.003 -18"><span class='ocrx_word' id='word_1_326' title='bbox 303 2516 605 2588; x_wconf 84' lang='grc' dir='ltr'>τιμώντων</span> <span class='ocrx_word' id='word_1_327' title='bbox 669 2515 800 2586; x_wconf 76' lang='grc' dir='ltr'>ὑπὲρ</span> <span class='ocrx_word' id='word_1_328' title='bbox 851 2515 1149 2588; x_wconf 84' lang='grc' dir='ltr'>ἀνθρώπων</span> <span class='ocrx_word' id='word_1_329' title='bbox 1207 2518 1324 2575; x_wconf 83' lang='grc' dir='ltr'>ταῖς</span> <span class='ocrx_word' id='word_1_330' title='bbox 1374 2514 1757 2574; x_wconf 82' lang='grc' dir='ltr'>ἀποστατικαῖς</span> <span class='ocrx_word' id='word_1_331' title='bbox 1806 2509 1963 2566; x_wconf 80' lang='grc' dir='ltr'>δυνά-</span> 
     </span>
    </p>
   </div>
   <div class='ocr_carea' id='block_1_44' title="bbox 312 2600 1962 2677">
    <p class='ocr_par' dir='ltr' id='par_1_44' title="bbox 312 2600 1962 2677">
     <span class='ocr_line' id='line_1_45' title="bbox 312 2600 1962 2677; baseline -0.003 -18"><span class='ocrx_word' id='word_1_332' title='bbox 312 2627 468 2677; x_wconf 88' lang='grc' dir='ltr'>μεσι,</span> <span class='ocrx_word' id='word_1_333' title='bbox 526 2602 786 2672; x_wconf 83' lang='grc' dir='ltr'>δηλονότι</span> <span class='ocrx_word' id='word_1_334' title='bbox 818 2610 934 2666; x_wconf 91' lang='grc' dir='ltr'>τοῖς</span> <span class='ocrx_word' id='word_1_335' title='bbox 982 2601 1254 2674; x_wconf 78' lang='grc' dir='ltr'>δαίμοσιν,</span> <span class='ocrx_word' id='word_1_336' title='bbox 1306 2600 1364 2664; x_wconf 81' lang='grc' dir='ltr'>ἂς</span> <span class='ocrx_word' id='word_1_337' title='bbox 1414 2601 1501 2656; x_wconf 75' lang='grc' dir='ltr'>καὶ</span> <span class='ocrx_word' id='word_1_338' title='bbox 1546 2600 1759 2670; x_wconf 81' lang='grc' dir='ltr'>πληθῦς</span> <span class='ocrx_word' id='word_1_339' title='bbox 1793 2600 1962 2676; x_wconf 89' lang='grc' dir='ltr'>λέγει,</span> 
     </span>
    </p>
   </div>
   <div class='ocr_carea' id='block_1_45' title="bbox 310 2689 1963 2767">
    <p class='ocr_par' dir='ltr' id='par_1_45' title="bbox 310 2689 1963 2767">
     <span class='ocr_line' id='line_1_46' title="bbox 310 2689 1963 2767; baseline -0.003 -20"><span class='ocrx_word' id='word_1_340' title='bbox 310 2693 374 2748; x_wconf 81' lang='grc' dir='ltr'>οὗ</span> <span class='ocrx_word' id='word_1_341' title='bbox 413 2691 507 2746; x_wconf 77' lang='grc' dir='ltr'>διὰ</span> <span class='ocrx_word' id='word_1_342' title='bbox 534 2692 596 2746; x_wconf 86' lang='grc' dir='ltr'>τὸ</span> <span class='ocrx_word' id='word_1_343' title='bbox 624 2697 736 2746; x_wconf 91' lang='grc' dir='ltr'>τῶν</span> <span class='ocrx_word' id='word_1_344' title='bbox 780 2693 1022 2767; x_wconf 77' lang='grc' dir='ltr'>ἀριθμῶν</span> <span class='ocrx_word' id='word_1_345' title='bbox 1069 2689 1300 2758; x_wconf 81' lang='grc' dir='ltr'>πλῆθος,</span> <span class='ocrx_word' id='word_1_346' title='bbox 1353 2689 1478 2746; x_wconf 85' lang='grc' dir='ltr'>ἀλλ’</span> <span class='ocrx_word' id='word_1_347' title='bbox 1523 2691 1605 2743; x_wconf 84' lang='grc' dir='ltr'>δτι</span> <span class='ocrx_word' id='word_1_348' title='bbox 1633 2694 1734 2743; x_wconf 87' lang='grc' dir='ltr'>τοῦ</span> <span class='ocrx_word' id='word_1_349' title='bbox 1763 2689 1963 2743; x_wconf 63' lang='grc' dir='ltr'>ἐκιαίου</span> 
     </span>
    </p>
   </div>
   <div class='ocr_carea' id='block_1_46' title="bbox 311 2777 1962 2857">
    <p class='ocr_par' dir='ltr' id='par_1_46' title="bbox 311 2777 1962 2857">
     <span class='ocr_line' id='line_1_47' title="bbox 311 2777 1962 2857; baseline -0.002 -21"><span class='ocrx_word' id='word_1_350' title='bbox 311 2783 460 2837; x_wconf 80' lang='grc' dir='ltr'>Θεοῦ</span> <span class='ocrx_word' id='word_1_351' title='bbox 497 2782 683 2857; x_wconf 73' lang='grc' dir='ltr'>πορῥω</span> <span class='ocrx_word' id='word_1_352' title='bbox 737 2781 1043 2849; x_wconf 86' lang='grc' dir='ltr'>ἀπέστησαν</span> <span class='ocrx_word' id='word_1_353' title='bbox 1075 2800 1088 2812; x_wconf 87' lang='grc'><strong>·</strong></span> <span class='ocrx_word' id='word_1_354' title='bbox 1147 2780 1210 2834; x_wconf 85' lang='grc' dir='ltr'>τὸ</span> <span class='ocrx_word' id='word_1_355' title='bbox 1265 2777 1322 2834; x_wconf 79' lang='grc' dir='ltr'>δὶ</span> <span class='ocrx_word' id='word_1_356' title='bbox 1377 2778 1589 2848; x_wconf 79' lang='grc' dir='ltr'>πλῆθος</span> <span class='ocrx_word' id='word_1_357' title='bbox 1644 2778 1833 2854; x_wconf 72' lang='grc' dir='ltr'>πόρρω</span> <span class='ocrx_word' id='word_1_358' title='bbox 1862 2785 1962 2846; x_wconf 84' lang='grc' dir='ltr'>τῆς</span> 
     </span>
    </p>
   </div>
   <div class='ocr_carea' id='block_1_47' title="bbox 307 2866 1962 2946">
    <p class='ocr_par' dir='ltr' id='par_1_47' title="bbox 307 2866 1962 2946">
     <span class='ocr_line' id='line_1_48' title="bbox 307 2866 1962 2946; baseline -0.002 -21"><span class='ocrx_word' id='word_1_359' title='bbox 307 2868 562 2944; x_wconf 76' lang='grc' dir='ltr'>μονάδος</span> <span class='ocrx_word' id='word_1_360' title='bbox 593 2871 786 2946; x_wconf 70' lang='grc' dir='ltr'>ἀπέχει</span> <span class='ocrx_word' id='word_1_361' title='bbox 821 2889 832 2902; x_wconf 91' lang='grc'><strong>·</strong></span> <span class='ocrx_word' id='word_1_362' title='bbox 869 2870 934 2923; x_wconf 85' lang='grc' dir='ltr'>ού</span> <span class='ocrx_word' id='word_1_363' title='bbox 987 2868 1134 2944; x_wconf 86' lang='grc' dir='ltr'>λέγω</span> <span class='ocrx_word' id='word_1_364' title='bbox 1192 2873 1322 2944; x_wconf 87' lang='grc' dir='ltr'>γοῦν</span> <span class='ocrx_word' id='word_1_365' title='bbox 1381 2868 1504 2942; x_wconf 83' lang='grc' dir='ltr'>περὶ</span> <span class='ocrx_word' id='word_1_366' title='bbox 1551 2867 1758 2922; x_wconf 89' lang='grc' dir='ltr'>τούτων</span> <span class='ocrx_word' id='word_1_367' title='bbox 1791 2886 1804 2899; x_wconf 79' lang='grc'><strong>⁸</strong></span> <span class='ocrx_word' id='word_1_368' title='bbox 1838 2866 1962 2922; x_wconf 85' lang='grc' dir='ltr'>ἀλλ’</span> 
     </span>
    </p>
   </div>
   <div class='ocr_carea' id='block_1_48' title="bbox 305 2957 1962 3034">
    <p class='ocr_par' dir='ltr' id='par_1_48' title="bbox 305 2957 1962 3034">
     <span class='ocr_line' id='line_1_49' title="bbox 305 2957 1962 3034; baseline -0.002 -20"><span class='ocrx_word' id='word_1_369' title='bbox 305 2958 520 3032; x_wconf 73' lang='grc' dir='ltr'>ἴδωμεν</span> <span class='ocrx_word' id='word_1_370' title='bbox 579 2960 678 3028; x_wconf 82' lang='grc' dir='ltr'>τὴν</span> <span class='ocrx_word' id='word_1_371' title='bbox 739 2959 1044 3034; x_wconf 81' lang='grc' dir='ltr'>ἇγαθότητα</span> <span class='ocrx_word' id='word_1_372' title='bbox 1110 2962 1205 3012; x_wconf 86' lang='grc' dir='ltr'>τοῦ</span> <span class='ocrx_word' id='word_1_373' title='bbox 1276 2957 1480 3032; x_wconf 83' lang='grc' dir='ltr'>Κυρίου</span> <span class='ocrx_word' id='word_1_374' title='bbox 1565 2959 1726 3028; x_wconf 77' lang='grc' dir='ltr'>ἡμῶν</span> <span class='ocrx_word' id='word_1_375' title='bbox 1782 2957 1962 3027; x_wconf 83' lang='grc' dir='ltr'>Ἰησοῦ</span> 
     </span>
    </p>
   </div>
   <div class='ocr_carea' id='block_1_49' title="bbox 307 3044 1959 3124">
    <p class='ocr_par' dir='ltr' id='par_1_49' title="bbox 307 3044 1959 3124">
     <span class='ocr_line' id='line_1_50' title="bbox 307 3044 1959 3124; baseline -0.004 -19"><span class='ocrx_word' id='word_1_376' title='bbox 307 3052 556 3124; x_wconf 81' lang='grc' dir='ltr'>Χριστοῦ</span> <span class='ocrx_word' id='word_1_377' title='bbox 586 3048 675 3102; x_wconf 79' lang='grc' dir='ltr'>καὶ</span> <span class='ocrx_word' id='word_1_378' title='bbox 713 3048 968 3102; x_wconf 87' lang='grc' dir='ltr'>ἁλτθινοῦ</span> <span class='ocrx_word' id='word_1_379' title='bbox 1003 3051 1136 3102; x_wconf 86' lang='grc' dir='ltr'>Θεοῦ</span> <span class='ocrx_word' id='word_1_380' title='bbox 1185 3048 1366 3120; x_wconf 80' lang='grc' dir='ltr'>ἡμῶν,</span> <span class='ocrx_word' id='word_1_381' title='bbox 1397 3044 1837 3121; x_wconf 81' lang='grc' dir='ltr'>παραδεχόμενοι</span> <span class='ocrx_word' id='word_1_382' title='bbox 1867 3045 1959 3107; x_wconf 74' lang='grc' dir='ltr'>τὰς</span> 
     </span>
    </p>
   </div>
   <div class='ocr_carea' id='block_1_50' title="bbox 308 3134 1958 3211">
    <p class='ocr_par' dir='ltr' id='par_1_50' title="bbox 308 3134 1958 3211">
     <span class='ocr_line' id='line_1_51' title="bbox 308 3134 1958 3211; baseline -0.002 -19"><span class='ocrx_word' id='word_1_383' title='bbox 308 3145 413 3206; x_wconf 80' lang='grc' dir='ltr'>τῆς</span> <span class='ocrx_word' id='word_1_384' title='bbox 445 3137 784 3211; x_wconf 79' lang='grc' dir='ltr'>ἁγαθότητος</span> <span class='ocrx_word' id='word_1_385' title='bbox 816 3136 978 3191; x_wconf 81' lang='grc' dir='ltr'>αὐτοῦ</span> <span class='ocrx_word' id='word_1_386' title='bbox 1023 3137 1236 3197; x_wconf 81' lang='grc' dir='ltr'>ἀκτῖνας</span> <span class='ocrx_word' id='word_1_387' title='bbox 1291 3135 1342 3190; x_wconf 87' lang='grc' dir='ltr'>ἐν</span> <span class='ocrx_word' id='word_1_388' title='bbox 1384 3134 1612 3210; x_wconf 83' lang='grc' dir='ltr'>ἡσυχίᾳ.</span> <span class='ocrx_word' id='word_1_389' title='bbox 1645 3135 1833 3209; x_wconf 88' lang='grc' dir='ltr'>Χαίρει</span> <span class='ocrx_word' id='word_1_390' title='bbox 1858 3135 1958 3211; x_wconf 73' lang='grc' dir='ltr'>γὰρ</span> 
     </span>
    </p>
   </div>
   <div class='ocr_carea' id='block_1_51' title="bbox 2081 1892 3735 1969">
    <p class='ocr_par' dir='ltr' id='par_1_51' title="bbox 2081 1892 3735 1969">
     <span class='ocr_line' id='line_1_52' title="bbox 2081 1892 3735 1969; baseline 0.005 -23"><span class='ocrx_word' id='word_1_391' title='bbox 2081 1892 2286 1947; x_wconf 85' lang='lat' dir='ltr'>debuit</span> <span class='ocrx_word' id='word_1_392' title='bbox 2325 1894 2505 1949; x_wconf 88' lang='lat' dir='ltr'>videri</span> <span class='ocrx_word' id='word_1_393' title='bbox 2548 1895 2811 1951; x_wconf 88' lang='lat' dir='ltr'>mirabile</span> <span class='ocrx_word' id='word_1_394' title='bbox 2861 1914 3043 1951; x_wconf 90' lang='lat' dir='ltr'>unum</span> <span class='ocrx_word' id='word_1_395' title='bbox 3095 1896 3351 1969; x_wconf 89' lang='lat' dir='ltr'>aliquem</span> <span class='ocrx_word' id='word_1_396' title='bbox 3386 1898 3538 1953; x_wconf 74' lang='lat'>263</span> <span class='ocrx_word' id='word_1_397' title='bbox 3570 1897 3735 1954; x_wconf 62' lang='lat' dir='ltr'>inve-1</span> 
     </span>
    </p>
   </div>
   <div class='ocr_carea' id='block_1_52' title="bbox 2067 1982 3725 2058">
    <p class='ocr_par' dir='ltr' id='par_1_52' title="bbox 2067 1982 3725 2058">
     <span class='ocr_line' id='line_1_53' title="bbox 2067 1982 3725 2058; baseline 0.004 -22"><span class='ocrx_word' id='word_1_398' title='bbox 2067 1982 2214 2050; x_wconf 73' lang='lat' dir='ltr'>&#39;niri,</span> <span class='ocrx_word' id='word_1_399' title='bbox 2249 1984 2347 2054; x_wconf 90' lang='lat' dir='ltr'>qui</span> <span class='ocrx_word' id='word_1_400' title='bbox 2375 2001 2438 2040; x_wconf 91' lang='lat' dir='ltr'>se</span> <span class='ocrx_word' id='word_1_401' title='bbox 2467 1985 2765 2041; x_wconf 84' lang='lat' dir='ltr'>exhiberet</span> <span class='ocrx_word' id='word_1_402' title='bbox 2811 2002 2951 2058; x_wconf 87' lang='lat' dir='ltr'>erga</span> <span class='ocrx_word' id='word_1_403' title='bbox 2996 1987 3304 2042; x_wconf 90' lang='lat' dir='ltr'>inimicum</span> <span class='ocrx_word' id='word_1_404' title='bbox 3340 2005 3514 2043; x_wconf 89' lang='lat' dir='ltr'>suum</span> <span class='ocrx_word' id='word_1_405' title='bbox 3548 1988 3725 2043; x_wconf 87' lang='lat' dir='ltr'>bene-</span> 
     </span>
    </p>
   </div>
   <div class='ocr_carea' id='block_1_53' title="bbox 2077 2071 3727 2149">
    <p class='ocr_par' dir='ltr' id='par_1_53' title="bbox 2077 2071 3727 2149">
     <span class='ocr_line' id='line_1_54' title="bbox 2077 2071 3727 2149; baseline 0.004 -24"><span class='ocrx_word' id='word_1_406' title='bbox 2077 2071 2272 2127; x_wconf 92' lang='lat' dir='ltr'>volum</span> <span class='ocrx_word' id='word_1_407' title='bbox 2317 2091 2382 2128; x_wconf 90' lang='lat' dir='ltr'>ac</span> <span class='ocrx_word' id='word_1_408' title='bbox 2425 2075 2630 2140; x_wconf 88' lang='lat' dir='ltr'>levem,</span> <span class='ocrx_word' id='word_1_409' title='bbox 2664 2077 2900 2145; x_wconf 87' lang='lat' dir='ltr'>quando</span> <span class='ocrx_word' id='word_1_410' title='bbox 2949 2082 3322 2131; x_wconf 87' lang='lat' dir='ltr'>sacrosancta</span> <span class='ocrx_word' id='word_1_411' title='bbox 3373 2078 3488 2131; x_wconf 88' lang='lat' dir='ltr'>Lex</span> <span class='ocrx_word' id='word_1_412' title='bbox 3533 2077 3727 2149; x_wconf 82' lang='lat' dir='ltr'>posita</span> 
     </span>
    </p>
   </div>
   <div class='ocr_carea' id='block_1_54' title="bbox 2078 2163 3728 2238">
    <p class='ocr_par' dir='ltr' id='par_1_54' title="bbox 2078 2163 3728 2238">
     <span class='ocr_line' id='line_1_55' title="bbox 2078 2163 3728 2238; baseline 0.002 -22"><span class='ocrx_word' id='word_1_413' title='bbox 2078 2167 2203 2216; x_wconf 88' lang='lat' dir='ltr'>erat</span> <span class='ocrx_word' id='word_1_414' title='bbox 2229 2163 2299 2218; x_wconf 89' lang='lat' dir='ltr'>de</span> <span class='ocrx_word' id='word_1_415' title='bbox 2329 2163 2589 2218; x_wconf 92' lang='lat' dir='ltr'>curando</span> <span class='ocrx_word' id='word_1_416' title='bbox 2612 2163 2884 2233; x_wconf 88' lang='lat' dir='ltr'>jumento</span> <span class='ocrx_word' id='word_1_417' title='bbox 2911 2164 3153 2219; x_wconf 91' lang='lat' dir='ltr'>inimici.</span> <span class='ocrx_word' id='word_1_418' title='bbox 3181 2166 3474 2236; x_wconf 86' lang='lat' dir='ltr'>Scriptum</span> <span class='ocrx_word' id='word_1_419' title='bbox 3511 2165 3728 2238; x_wconf 89' lang='lat' dir='ltr'>quippe</span> 
     </span>
    </p>
   </div>
   <div class='ocr_carea' id='block_1_55' title="bbox 2077 2249 3728 2324">
    <p class='ocr_par' dir='ltr' id='par_1_55' title="bbox 2077 2249 3728 2324">
     <span class='ocr_line' id='line_1_56' title="bbox 2077 2249 3728 2324; baseline 0.003 -20"><span class='ocrx_word' id='word_1_420' title='bbox 2077 2249 2137 2304; x_wconf 88' lang='lat' dir='ltr'>in</span> <span class='ocrx_word' id='word_1_421' title='bbox 2174 2252 2320 2322; x_wconf 83' lang='lat' dir='ltr'>Lege</span> <span class='ocrx_word' id='word_1_422' title='bbox 2353 2257 2441 2306; x_wconf 88' lang='lat' dir='ltr'>est</span> <span class='ocrx_word' id='word_1_423' title='bbox 2467 2270 2478 2306; x_wconf 94' lang='lat'>:</span> <span class='ocrx_word' id='word_1_424' title='bbox 2505 2251 2576 2306; x_wconf 95' lang='lat' dir='ltr'>Ut</span> <span class='ocrx_word' id='word_1_425' title='bbox 2597 2252 2681 2306; x_wconf 90' lang='lat' dir='ltr'>vel</span> <span class='ocrx_word' id='word_1_426' title='bbox 2713 2253 3020 2324; x_wconf 87' lang='lat' dir='ltr'>subjugale</span> <span class='ocrx_word' id='word_1_427' title='bbox 3049 2253 3296 2319; x_wconf 90' lang='lat' dir='ltr'>inimici,</span> <span class='ocrx_word' id='word_1_428' title='bbox 3321 2255 3368 2308; x_wconf 92' lang='lat' dir='ltr'>si</span> <span class='ocrx_word' id='word_1_429' title='bbox 3393 2256 3546 2324; x_wconf 91' lang='lat' dir='ltr'>quod</span> <span class='ocrx_word' id='word_1_430' title='bbox 3580 2257 3728 2309; x_wconf 87' lang='lat' dir='ltr'>forte</span> 
     </span>
    </p>
   </div>
   <div class='ocr_carea' id='block_1_56' title="bbox 2077 2339 3726 2413">
    <p class='ocr_par' dir='ltr' id='par_1_56' title="bbox 2077 2339 3726 2413">
     <span class='ocr_line' id='line_1_57' title="bbox 2077 2339 3726 2413; baseline 0.002 -20"><span class='ocrx_word' id='word_1_431' title='bbox 2077 2339 2411 2405; x_wconf 78' lang='lat' dir='ltr'>decidisset,</span> <span class='ocrx_word' id='word_1_432' title='bbox 2463 2340 2613 2395; x_wconf 88' lang='lat' dir='ltr'>alius</span> <span class='ocrx_word' id='word_1_433' title='bbox 2661 2341 2851 2411; x_wconf 89' lang='lat' dir='ltr'>quivis</span> <span class='ocrx_word' id='word_1_434' title='bbox 2917 2342 3104 2397; x_wconf 90' lang='lat' dir='ltr'>obiter</span> <span class='ocrx_word' id='word_1_435' title='bbox 3149 2341 3425 2397; x_wconf 87' lang='lat' dir='ltr'>allevaret</span> <span class='ocrx_word' id='word_1_436' title='bbox 3462 2343 3556 2413; x_wconf 59' lang='grc' dir='ltr'>(π).</span> <span class='ocrx_word' id='word_1_437' title='bbox 3614 2343 3726 2397; x_wconf 90' lang='lat' dir='ltr'>Sed</span> 
     </span>
    </p>
   </div>
   <div class='ocr_carea' id='block_1_57' title="bbox 2077 2428 3725 2500">
    <p class='ocr_par' dir='ltr' id='par_1_57' title="bbox 2077 2428 3725 2500">
     <span class='ocr_line' id='line_1_58' title="bbox 2077 2428 3725 2500; baseline 0 -16"><span class='ocrx_word' id='word_1_438' title='bbox 2077 2431 2133 2484; x_wconf 88' lang='lat' dir='ltr'>et</span> <span class='ocrx_word' id='word_1_439' title='bbox 2156 2429 2355 2497; x_wconf 87' lang='lat' dir='ltr'>Jacob,</span> <span class='ocrx_word' id='word_1_440' title='bbox 2387 2428 2627 2499; x_wconf 80' lang='lat' dir='ltr'>Joseph,</span> <span class='ocrx_word' id='word_1_441' title='bbox 2659 2428 2799 2483; x_wconf 89' lang='lat' dir='ltr'>Abel</span> <span class='ocrx_word' id='word_1_442' title='bbox 2832 2445 3063 2500; x_wconf 91' lang='lat' dir='ltr'>quoque</span> <span class='ocrx_word' id='word_1_443' title='bbox 3096 2429 3213 2497; x_wconf 88' lang='lat' dir='ltr'>(ille</span> <span class='ocrx_word' id='word_1_444' title='bbox 3245 2430 3504 2500; x_wconf 84' lang='lat' dir='ltr'>quidem,</span> <span class='ocrx_word' id='word_1_445' title='bbox 3527 2434 3593 2484; x_wconf 89' lang='lat' dir='ltr'>ut</span> <span class='ocrx_word' id='word_1_446' title='bbox 3623 2430 3725 2500; x_wconf 90' lang='lat' dir='ltr'>qui</span> 
     </span>
    </p>
   </div>
   <div class='ocr_carea' id='block_1_58' title="bbox 2075 2516 3723 2585">
    <p class='ocr_par' dir='ltr' id='par_1_58' title="bbox 2075 2516 3723 2585">
     <span class='ocr_line' id='line_1_59' title="bbox 2075 2516 3723 2585; baseline 0.001 -15"><span class='ocrx_word' id='word_1_447' title='bbox 2075 2516 2320 2571; x_wconf 87' lang='lat' dir='ltr'>minime</span> <span class='ocrx_word' id='word_1_448' title='bbox 2351 2522 2506 2572; x_wconf 87' lang='lat' dir='ltr'>esset</span> <span class='ocrx_word' id='word_1_449' title='bbox 2538 2517 2788 2583; x_wconf 83' lang='lat' dir='ltr'>fucatus,</span> <span class='ocrx_word' id='word_1_450' title='bbox 2822 2519 2922 2572; x_wconf 91' lang='lat' dir='ltr'>sed</span> <span class='ocrx_word' id='word_1_451' title='bbox 2957 2523 3013 2572; x_wconf 91' lang='lat' dir='ltr'>et</span> <span class='ocrx_word' id='word_1_452' title='bbox 3042 2517 3234 2573; x_wconf 89' lang='lat' dir='ltr'>omnis</span> <span class='ocrx_word' id='word_1_453' title='bbox 3276 2517 3509 2573; x_wconf 73' lang='lat' dir='ltr'>malitis:</span> <span class='ocrx_word' id='word_1_454' title='bbox 3541 2516 3723 2585; x_wconf 88' lang='lat' dir='ltr'>liber;</span> 
     </span>
    </p>
   </div>
   <div class='ocr_carea' id='block_1_59' title="bbox 2064 2605 3722 2678">
    <p class='ocr_par' dir='ltr' id='par_1_59' title="bbox 2064 2605 3722 2678">
     <span class='ocr_line' id='line_1_60' title="bbox 2064 2605 3722 2678; baseline 0.001 -18"><span class='ocrx_word' id='word_1_455' title='bbox 2064 2606 2189 2676; x_wconf 88' lang='lat' dir='ltr'>jam</span> <span class='ocrx_word' id='word_1_456' title='bbox 2225 2605 2386 2675; x_wconf 87' lang='lat' dir='ltr'>alter,</span> <span class='ocrx_word' id='word_1_457' title='bbox 2423 2606 2630 2660; x_wconf 84' lang='lat' dir='ltr'>fratres</span> <span class='ocrx_word' id='word_1_458' title='bbox 2661 2622 2794 2661; x_wconf 91' lang='lat' dir='ltr'>cum</span> <span class='ocrx_word' id='word_1_459' title='bbox 2827 2606 3069 2662; x_wconf 87' lang='lat' dir='ltr'>haberet</span> <span class='ocrx_word' id='word_1_460' title='bbox 3093 2605 3251 2661; x_wconf 90' lang='lat' dir='ltr'>velut</span> <span class='ocrx_word' id='word_1_461' title='bbox 3281 2606 3593 2678; x_wconf 88' lang='lat' dir='ltr'>mancipia,</span> <span class='ocrx_word' id='word_1_462' title='bbox 3618 2623 3722 2662; x_wconf 89' lang='lat' dir='ltr'>seu</span> 
     </span>
    </p>
   </div>
   <div class='ocr_carea' id='block_1_60' title="bbox 2071 2694 3721 2767">
    <p class='ocr_par' dir='ltr' id='par_1_60' title="bbox 2071 2694 3721 2767">
     <span class='ocr_line' id='line_1_61' title="bbox 2071 2694 3721 2767; baseline -0.001 -17"><span class='ocrx_word' id='word_1_463' title='bbox 2071 2694 2279 2750; x_wconf 91' lang='lat' dir='ltr'>ditioni</span> <span class='ocrx_word' id='word_1_464' title='bbox 2312 2695 2674 2760; x_wconf 88' lang='lat' dir='ltr'>subdititios,</span> <span class='ocrx_word' id='word_1_465' title='bbox 2708 2695 2924 2767; x_wconf 90' lang='lat' dir='ltr'>quippe</span> <span class='ocrx_word' id='word_1_466' title='bbox 2975 2696 3064 2750; x_wconf 89' lang='lat' dir='ltr'>cui</span> <span class='ocrx_word' id='word_1_467' title='bbox 3116 2696 3450 2751; x_wconf 86' lang='lat' dir='ltr'>universam</span> <span class='ocrx_word' id='word_1_468' title='bbox 3483 2697 3721 2767; x_wconf 85' lang='lat' dir='ltr'>dispen-</span> 
     </span>
    </p>
   </div>
   <div class='ocr_carea' id='block_1_61' title="bbox 2072 2783 3720 2855">
    <p class='ocr_par' dir='ltr' id='par_1_61' title="bbox 2072 2783 3720 2855">
     <span class='ocr_line' id='line_1_62' title="bbox 2072 2783 3720 2855; baseline 0 -16"><span class='ocrx_word' id='word_1_469' title='bbox 2072 2785 2241 2839; x_wconf 86' lang='lat' dir='ltr'>sabat</span> <span class='ocrx_word' id='word_1_470' title='bbox 2276 2784 2830 2855; x_wconf 76' lang='lat' dir='ltr'>&#39;moderabaturque</span> <span class='ocrx_word' id='word_1_471' title='bbox 2897 2785 3244 2855; x_wconf 64' lang='lat' dir='ltr'>ngyptum,</span> <span class='ocrx_word' id='word_1_472' title='bbox 3307 2785 3449 2839; x_wconf 90' lang='lat' dir='ltr'>adeo</span> <span class='ocrx_word' id='word_1_473' title='bbox 3505 2785 3577 2839; x_wconf 89' lang='lat' dir='ltr'>de</span> <span class='ocrx_word' id='word_1_474' title='bbox 3635 2783 3720 2839; x_wconf 88' lang='lat' dir='ltr'>eis</span> 
     </span>
    </p>
   </div>
   <div class='ocr_carea' id='block_1_62' title="bbox 2071 2871 3721 2943">
    <p class='ocr_par' dir='ltr' id='par_1_62' title="bbox 2071 2871 3721 2943">
     <span class='ocr_line' id='line_1_63' title="bbox 2071 2871 3721 2943; baseline 0.001 -16"><span class='ocrx_word' id='word_1_475' title='bbox 2071 2872 2293 2928; x_wconf 89' lang='lat' dir='ltr'>nullam</span> <span class='ocrx_word' id='word_1_476' title='bbox 2327 2873 2599 2943; x_wconf 86' lang='lat' dir='ltr'>expetivit</span> <span class='ocrx_word' id='word_1_477' title='bbox 2633 2872 2936 2938; x_wconf 87' lang='lat' dir='ltr'>ultionem,</span> <span class='ocrx_word' id='word_1_478' title='bbox 2966 2878 3032 2926; x_wconf 93' lang='lat' dir='ltr'>ut</span> <span class='ocrx_word' id='word_1_479' title='bbox 3061 2873 3235 2927; x_wconf 89' lang='lat' dir='ltr'>etiam</span> <span class='ocrx_word' id='word_1_480' title='bbox 3265 2871 3512 2927; x_wconf 88' lang='lat' dir='ltr'>dixerit:</span> <span class='ocrx_word' id='word_1_481' title='bbox 3547 2874 3721 2928; x_wconf 75' lang='lat' dir='ltr'>Nolite</span> 
     </span>
    </p>
   </div>
   <div class='ocr_carea' id='block_1_63' title="bbox 2072 2960 3722 3031">
    <p class='ocr_par' dir='ltr' id='par_1_63' title="bbox 2072 2960 3722 3031">
     <span class='ocr_line' id='line_1_64' title="bbox 2072 2960 3722 3031; baseline 0 -15"><span class='ocrx_word' id='word_1_482' title='bbox 2072 2961 2296 3028; x_wconf 69' lang='lat' dir='ltr'>timere;</span> <span class='ocrx_word' id='word_1_483' title='bbox 2349 2962 2453 3016; x_wconf 80' lang='lat' dir='ltr'>Dei</span> <span class='ocrx_word' id='word_1_484' title='bbox 2509 2961 2661 3016; x_wconf 79' lang='lat' dir='ltr'>enim</span> <span class='ocrx_word' id='word_1_485' title='bbox 2709 2977 2805 3029; x_wconf 88' lang='lat' dir='ltr'>ego</span> <span class='ocrx_word' id='word_1_486' title='bbox 2850 2977 2972 3016; x_wconf 84' lang='lat' dir='ltr'>sum</span> <span class='ocrx_word' id='word_1_487' title='bbox 3003 2960 3107 3031; x_wconf 85' lang='lat' dir='ltr'>(a);</span> <span class='ocrx_word' id='word_1_488' title='bbox 3159 2961 3369 3016; x_wconf 90' lang='lat' dir='ltr'>tertius</span> <span class='ocrx_word' id='word_1_489' title='bbox 3421 2978 3539 3016; x_wconf 90' lang='lat' dir='ltr'>una</span> <span class='ocrx_word' id='word_1_490' title='bbox 3589 2978 3722 3016; x_wconf 89' lang='lat' dir='ltr'>cum</span> 
     </span>
    </p>
   </div>
   <div class='ocr_carea' id='block_1_64' title="bbox 2070 3049 3721 3121">
    <p class='ocr_par' dir='ltr' id='par_1_64' title="bbox 2070 3049 3721 3121">
     <span class='ocr_line' id='line_1_65' title="bbox 2070 3049 3721 3121; baseline 0 -17"><span class='ocrx_word' id='word_1_491' title='bbox 2070 3051 2246 3104; x_wconf 84' lang='lat' dir='ltr'>fratre</span> <span class='ocrx_word' id='word_1_492' title='bbox 2297 3053 2435 3104; x_wconf 88' lang='lat' dir='ltr'>Cain</span> <span class='ocrx_word' id='word_1_493' title='bbox 2489 3049 2635 3104; x_wconf 89' lang='lat' dir='ltr'>nihil</span> <span class='ocrx_word' id='word_1_494' title='bbox 2694 3049 3005 3121; x_wconf 89' lang='lat' dir='ltr'>suspicans</span> <span class='ocrx_word' id='word_1_495' title='bbox 3055 3049 3215 3118; x_wconf 87' lang='lat' dir='ltr'>mali,</span> <span class='ocrx_word' id='word_1_496' title='bbox 3266 3049 3561 3121; x_wconf 83' lang='lat' dir='ltr'>profectus</span> <span class='ocrx_word' id='word_1_497' title='bbox 3610 3053 3721 3120; x_wconf 86' lang='lat' dir='ltr'>est)</span> 
     </span>
    </p>
   </div>
   <div class='ocr_carea' id='block_1_65' title="bbox 2072 3137 3723 3209">
    <p class='ocr_par' dir='ltr' id='par_1_65' title="bbox 2072 3137 3723 3209">
     <span class='ocr_line' id='line_1_66' title="bbox 2072 3137 3723 3209; baseline 0.001 -17"><span class='ocrx_word' id='word_1_498' title='bbox 2072 3138 2306 3208; x_wconf 82' lang='lat' dir='ltr'>benigni</span> <span class='ocrx_word' id='word_1_499' title='bbox 2359 3138 2772 3209; x_wconf 72' lang='lat' dir='ltr'>praedicantur.</span> <span class='ocrx_word' id='word_1_500' title='bbox 2818 3142 3017 3208; x_wconf 90' lang='lat' dir='ltr'>Neque</span> <span class='ocrx_word' id='word_1_501' title='bbox 3078 3137 3231 3193; x_wconf 88' lang='lat' dir='ltr'>enim</span> <span class='ocrx_word' id='word_1_502' title='bbox 3286 3155 3418 3193; x_wconf 90' lang='lat' dir='ltr'>eum</span> <span class='ocrx_word' id='word_1_503' title='bbox 3471 3138 3569 3209; x_wconf 92' lang='lat' dir='ltr'>qui</span> <span class='ocrx_word' id='word_1_504' title='bbox 3623 3139 3723 3193; x_wconf 80' lang='lat' dir='ltr'>bo-</span> 
     </span>
    </p>
   </div>
   <div class='ocr_carea' id='block_1_66' title="bbox 299 3206 1963 3301">
    <p class='ocr_par' dir='ltr' id='par_1_66' title="bbox 299 3206 1957 3301">
     <span class='ocr_line' id='line_1_67' title="bbox 299 3206 1957 3301; baseline -0.001 -21"><span class='ocrx_word' id='word_1_505' title='bbox 299 3228 365 3280; x_wconf 75' lang='grc' dir='ltr'>τὰ</span> <span class='ocrx_word' id='word_1_506' title='bbox 397 3206 520 3280; x_wconf 80' lang='grc' dir='ltr'>θεῖα</span> <span class='ocrx_word' id='word_1_507' title='bbox 549 3229 620 3298; x_wconf 58' lang='grc' dir='ltr'>τιξ.</span> <span class='ocrx_word' id='word_1_508' title='bbox 649 3206 878 3300; x_wconf 60' lang='grc' dir='ltr'>ἡσυχίᾳ,</span> <span class='ocrx_word' id='word_1_509' title='bbox 930 3221 1110 3301; x_wconf 80' lang='grc' dir='ltr'>ὥσπερ</span> <span class='ocrx_word' id='word_1_510' title='bbox 1167 3229 1247 3298; x_wconf 74' lang='grc' dir='ltr'>τῷ</span> <span class='ocrx_word' id='word_1_511' title='bbox 1301 3221 1460 3299; x_wconf 68' lang='grc' dir='ltr'>ὄχλῳ</span> <span class='ocrx_word' id='word_1_512' title='bbox 1497 3206 1572 3278; x_wconf 48' lang='lat' dir='ltr'>Ea</span> <span class='ocrx_word' id='word_1_513' title='bbox 1604 3206 1814 3279; x_wconf 78' lang='grc' dir='ltr'>ἐναντία</span> <span class='ocrx_word' id='word_1_514' title='bbox 1847 3206 1957 3278; x_wconf 27' lang='grc' dir='ltr'>’τοῦ</span> 
     </span>
    </p>
   </div>
   <div class='ocr_carea' id='block_1_67' title="bbox 2076 3206 3725 3301">
    <p class='ocr_par' dir='ltr' id='par_1_67' title="bbox 2076 3206 3725 3298">
     <span class='ocr_line' id='line_1_68' title="bbox 2076 3206 3725 3298; baseline -0.001 -17"><span class='ocrx_word' id='word_1_515' title='bbox 2076 3244 2187 3282; x_wconf 90' lang='lat' dir='ltr'>nus</span> <span class='ocrx_word' id='word_1_516' title='bbox 2218 3206 2375 3282; x_wconf 27' lang='lat' dir='ltr'>esse“</span> <span class='ocrx_word' id='word_1_517' title='bbox 2396 3227 2719 3294; x_wconf 85' lang='lat' dir='ltr'>contendit,</span> <span class='ocrx_word' id='word_1_518' title='bbox 2747 3206 2976 3298; x_wconf 79' lang='lat' dir='ltr'>oportet</span> <span class='ocrx_word' id='word_1_519' title='bbox 3007 3225 3161 3282; x_wconf 88' lang='lat' dir='ltr'>mala</span> <span class='ocrx_word' id='word_1_520' title='bbox 3190 3225 3275 3281; x_wconf 88' lang='lat' dir='ltr'>vel</span> <span class='ocrx_word' id='word_1_521' title='bbox 3329 3206 3725 3298; x_wconf 73' lang='lat' dir='ltr'>praecogitare,</span> 
     </span>
    </p>
   </div>
   <div class='ocr_carea' id='block_1_68' title="bbox 298 3309 1961 3393">
    <p class='ocr_par' dir='ltr' id='par_1_68' title="bbox 298 3309 1961 3393">
     <span class='ocr_line' id='line_1_69' title="bbox 298 3309 1961 3393; baseline -0.002 -24"><span class='ocrx_word' id='word_1_522' title='bbox 298 3317 404 3390; x_wconf 77' lang='grc' dir='ltr'>γὰρ</span> <span class='ocrx_word' id='word_1_523' title='bbox 442 3317 648 3393; x_wconf 68' lang='grc' dir='ltr'>ἀφατου</span> <span class='ocrx_word' id='word_1_524' title='bbox 677 3310 1012 3389; x_wconf 83' lang='grc' dir='ltr'>ἀγαθότητος</span> <span class='ocrx_word' id='word_1_525' title='bbox 1069 3314 1132 3369; x_wconf 90' lang='grc' dir='ltr'>τὸ</span> <span class='ocrx_word' id='word_1_526' title='bbox 1177 3315 1244 3369; x_wconf 71' lang='grc' dir='ltr'>τὰ</span> <span class='ocrx_word' id='word_1_527' title='bbox 1298 3315 1372 3386; x_wconf 78' lang='grc' dir='ltr'>μὴ</span> <span class='ocrx_word' id='word_1_528' title='bbox 1428 3309 1555 3368; x_wconf 75' lang='grc' dir='ltr'>ὄντα</span> <span class='ocrx_word' id='word_1_529' title='bbox 1596 3319 1770 3367; x_wconf 85' lang='grc' dir='ltr'>ποιεῖν</span> <span class='ocrx_word' id='word_1_530' title='bbox 1807 3314 1961 3381; x_wconf 73' lang='grc' dir='ltr'>εἶναι,</span> 
     </span>
    </p>
   </div>
   <div class='ocr_carea' id='block_1_69' title="bbox 295 3401 1964 3478">
    <p class='ocr_par' dir='ltr' id='par_1_69' title="bbox 295 3401 1964 3478">
     <span class='ocr_line' id='line_1_70' title="bbox 295 3401 1964 3478; baseline -0.002 -19"><span class='ocrx_word' id='word_1_531' title='bbox 295 3407 548 3459; x_wconf 73' lang='grc' dir='ltr'>τουτέστι</span> <span class='ocrx_word' id='word_1_532' title='bbox 597 3402 914 3477; x_wconf 82' lang='grc' dir='ltr'>διακρατεῖν</span> <span class='ocrx_word' id='word_1_533' title='bbox 963 3405 1100 3478; x_wconf 86' lang='grc' dir='ltr'>πρὸς</span> <span class='ocrx_word' id='word_1_534' title='bbox 1149 3401 1436 3476; x_wconf 75' lang='grc' dir='ltr'>διαμονὴν,</span> <span class='ocrx_word' id='word_1_535' title='bbox 1486 3401 1623 3457; x_wconf 83' lang='grc' dir='ltr'>ὣστε</span> <span class='ocrx_word' id='word_1_536' title='bbox 1667 3403 1758 3456; x_wconf 83' lang='grc' dir='ltr'>τὸν</span> <span class='ocrx_word' id='word_1_537' title='bbox 1803 3403 1964 3456; x_wconf 79' lang='grc' dir='ltr'>αὑτὸν</span> 
     </span>
    </p>
   </div>
   <div class='ocr_carea' id='block_1_70' title="bbox 299 3491 1961 3566">
    <p class='ocr_par' dir='ltr' id='par_1_70' title="bbox 299 3491 1961 3566">
     <span class='ocr_line' id='line_1_71' title="bbox 299 3491 1961 3566; baseline -0.002 -18"><span class='ocrx_word' id='word_1_538' title='bbox 299 3495 437 3548; x_wconf 75' lang='grc' dir='ltr'>εἶναι</span> <span class='ocrx_word' id='word_1_539' title='bbox 493 3493 582 3548; x_wconf 81' lang='grc' dir='ltr'>καὶ</span> <span class='ocrx_word' id='word_1_540' title='bbox 631 3494 884 3562; x_wconf 74' lang='grc' dir='ltr'>ποιητὴν</span> <span class='ocrx_word' id='word_1_541' title='bbox 938 3491 1029 3546; x_wconf 88' lang='grc' dir='ltr'>καὶ</span> <span class='ocrx_word' id='word_1_542' title='bbox 1086 3492 1320 3566; x_wconf 86' lang='grc' dir='ltr'>συνοχέα</span> <span class='ocrx_word' id='word_1_543' title='bbox 1352 3493 1488 3564; x_wconf 90' lang='grc'>(80),</span> <span class='ocrx_word' id='word_1_544' title='bbox 1539 3491 1627 3545; x_wconf 78' lang='grc' dir='ltr'>καὶ</span> <span class='ocrx_word' id='word_1_545' title='bbox 1674 3492 1736 3544; x_wconf 87' lang='grc' dir='ltr'>τὸ</span> <span class='ocrx_word' id='word_1_546' title='bbox 1766 3491 1961 3563; x_wconf 82' lang='grc' dir='ltr'>πάντα,</span> 
     </span>
    </p>
   </div>
   <div class='ocr_carea' id='block_1_71' title="bbox 298 3577 1962 3654">
    <p class='ocr_par' dir='ltr' id='par_1_71' title="bbox 298 3577 1962 3654">
     <span class='ocr_line' id='line_1_72' title="bbox 298 3577 1962 3654; baseline -0.002 -18"><span class='ocrx_word' id='word_1_547' title='bbox 298 3583 444 3637; x_wconf 83' lang='grc' dir='ltr'>κατὰ</span> <span class='ocrx_word' id='word_1_548' title='bbox 473 3584 578 3650; x_wconf 77' lang='grc' dir='ltr'>τήν</span> <span class='ocrx_word' id='word_1_549' title='bbox 617 3582 848 3637; x_wconf 71' lang='grc' dir='ltr'>ἑκάστου</span> <span class='ocrx_word' id='word_1_550' title='bbox 903 3577 1351 3650; x_wconf 78' lang='grc' dir='ltr'>ἐπιπηδειότητα,</span> <span class='ocrx_word' id='word_1_551' title='bbox 1397 3577 1686 3654; x_wconf 84' lang='grc' dir='ltr'>βούλεσθαι</span> <span class='ocrx_word' id='word_1_552' title='bbox 1719 3577 1962 3634; x_wconf 78' lang='grc' dir='ltr'>ἐκκαλεῖ-</span> 
     </span>
    </p>
   </div>
   <div class='ocr_carea' id='block_1_72' title="bbox 303 3665 1959 3746">
    <p class='ocr_par' dir='ltr' id='par_1_72' title="bbox 303 3665 1959 3746">
     <span class='ocr_line' id='line_1_73' title="bbox 303 3665 1959 3746; baseline -0.003 -21"><span class='ocrx_word' id='word_1_553' title='bbox 303 3683 430 3735; x_wconf 84' lang='grc' dir='ltr'>σθαι</span> <span class='ocrx_word' id='word_1_554' title='bbox 464 3673 600 3746; x_wconf 82' lang='grc' dir='ltr'>πρὸς</span> <span class='ocrx_word' id='word_1_555' title='bbox 646 3673 745 3740; x_wconf 72' lang='grc' dir='ltr'>τὴν</span> <span class='ocrx_word' id='word_1_556' title='bbox 800 3671 989 3724; x_wconf 71' lang='grc' dir='ltr'>ἑαυτοῦ</span> <span class='ocrx_word' id='word_1_557' title='bbox 1044 3670 1304 3742; x_wconf 84' lang='grc' dir='ltr'>μίμησιν,</span> <span class='ocrx_word' id='word_1_558' title='bbox 1359 3667 1423 3725; x_wconf 90' lang='grc' dir='ltr'>Τί</span> <span class='ocrx_word' id='word_1_559' title='bbox 1474 3665 1576 3737; x_wconf 89' lang='grc' dir='ltr'>δέ;</span> <span class='ocrx_word' id='word_1_560' title='bbox 1624 3667 1704 3722; x_wconf 80' lang='grc' dir='ltr'>ὅτι</span> <span class='ocrx_word' id='word_1_561' title='bbox 1735 3667 1824 3723; x_wconf 84' lang='grc' dir='ltr'>καὶ</span> <span class='ocrx_word' id='word_1_562' title='bbox 1852 3672 1959 3722; x_wconf 86' lang='grc' dir='ltr'>τῶν</span> 
     </span>
    </p>
   </div>
   <div class='ocr_carea' id='block_1_73' title="bbox 303 3755 1962 3837">
    <p class='ocr_par' dir='ltr' id='par_1_73' title="bbox 303 3755 1962 3837">
     <span class='ocr_line' id='line_1_74' title="bbox 303 3755 1962 3837; baseline -0.004 -21"><span class='ocrx_word' id='word_1_563' title='bbox 303 3760 738 3837; x_wconf 66' lang='grc' dir='ltr'>ἀποφοιτώντων</span> <span class='ocrx_word' id='word_1_564' title='bbox 789 3761 904 3834; x_wconf 68' lang='grc' dir='ltr'>ἐρᾷ,</span> <span class='ocrx_word' id='word_1_565' title='bbox 952 3758 1041 3812; x_wconf 85' lang='grc' dir='ltr'>καὶ</span> <span class='ocrx_word' id='word_1_566' title='bbox 1091 3757 1400 3832; x_wconf 88' lang='grc' dir='ltr'>παρακαλεῖ</span> <span class='ocrx_word' id='word_1_567' title='bbox 1452 3759 1526 3829; x_wconf 83' lang='grc' dir='ltr'>μή</span> <span class='ocrx_word' id='word_1_568' title='bbox 1582 3756 1819 3810; x_wconf 82' lang='grc' dir='ltr'>ἐκπεσεῖν</span> <span class='ocrx_word' id='word_1_569' title='bbox 1864 3755 1962 3810; x_wconf 86' lang='grc' dir='ltr'>αύ-</span> 
     </span>
    </p>
   </div>
   <div class='ocr_carea' id='block_1_74' title="bbox 302 3844 1966 3921">
    <p class='ocr_par' dir='ltr' id='par_1_74' title="bbox 302 3844 1966 3921">
     <span class='ocr_line' id='line_1_75' title="bbox 302 3844 1966 3921; baseline -0.003 -18"><span class='ocrx_word' id='word_1_570' title='bbox 302 3854 404 3904; x_wconf 88' lang='grc' dir='ltr'>τοῦ</span> <span class='ocrx_word' id='word_1_571' title='bbox 443 3847 632 3903; x_wconf 87' lang='grc' dir='ltr'>τέλεον</span> <span class='ocrx_word' id='word_1_572' title='bbox 669 3867 682 3880; x_wconf 85' lang='grc'><strong>·</strong></span> <span class='ocrx_word' id='word_1_573' title='bbox 721 3845 809 3902; x_wconf 76' lang='grc' dir='ltr'>διὰ</span> <span class='ocrx_word' id='word_1_574' title='bbox 837 3852 998 3902; x_wconf 87' lang='grc' dir='ltr'>τοῦτο</span> <span class='ocrx_word' id='word_1_575' title='bbox 1042 3848 1144 3921; x_wconf 78' lang='grc' dir='ltr'>γὰρ</span> <span class='ocrx_word' id='word_1_576' title='bbox 1198 3846 1287 3901; x_wconf 87' lang='grc' dir='ltr'>καὶ</span> <span class='ocrx_word' id='word_1_577' title='bbox 1337 3844 1696 3921; x_wconf 82' lang='grc' dir='ltr'>Παράκλητος</span> <span class='ocrx_word' id='word_1_578' title='bbox 1729 3844 1910 3900; x_wconf 82' lang='grc' dir='ltr'>ἀκούει</span> <span class='ocrx_word' id='word_1_579' title='bbox 1948 3861 1966 3881; x_wconf 85' lang='grc'>⁶</span> 
     </span>
    </p>
   </div>
   <div class='ocr_carea' id='block_1_75' title="bbox 301 3933 1955 4013">
    <p class='ocr_par' dir='ltr' id='par_1_75' title="bbox 301 3933 1955 4013">
     <span class='ocr_line' id='line_1_76' title="bbox 301 3933 1955 4013; baseline -0.003 -21"><span class='ocrx_word' id='word_1_580' title='bbox 301 3936 619 4013; x_wconf 83' lang='grc' dir='ltr'>παρακαλεῖ</span> <span class='ocrx_word' id='word_1_581' title='bbox 665 3937 767 4010; x_wconf 64' lang='grc' dir='ltr'>γὰρ</span> <span class='ocrx_word' id='word_1_582' title='bbox 831 3937 906 4008; x_wconf 78' lang='grc' dir='ltr'>μὴ</span> <span class='ocrx_word' id='word_1_583' title='bbox 967 3936 1337 4005; x_wconf 80' lang='grc' dir='ltr'>ἁπαξιωθῆναι</span> <span class='ocrx_word' id='word_1_584' title='bbox 1397 3935 1524 4009; x_wconf 91' lang='grc' dir='ltr'>παρ’</span> <span class='ocrx_word' id='word_1_585' title='bbox 1581 3933 1793 3988; x_wconf 80' lang='grc' dir='ltr'>ἐκείνων</span> <span class='ocrx_word' id='word_1_586' title='bbox 1848 3938 1955 3988; x_wconf 87' lang='grc' dir='ltr'>τῶν</span> 
     </span>
    </p>
   </div>
   <div class='ocr_carea' id='block_1_76' title="bbox 302 4019 1960 4102">
    <p class='ocr_par' dir='ltr' id='par_1_76' title="bbox 302 4019 1960 4102">
     <span class='ocr_line' id='line_1_77' title="bbox 302 4019 1960 4102; baseline -0.004 -21"><span class='ocrx_word' id='word_1_587' title='bbox 302 4026 698 4102; x_wconf 80' lang='grc' dir='ltr'>θρυπτομένων</span> <span class='ocrx_word' id='word_1_588' title='bbox 751 4025 838 4078; x_wconf 87' lang='grc' dir='ltr'>καὶ</span> <span class='ocrx_word' id='word_1_589' title='bbox 898 4021 1375 4096; x_wconf 84' lang='grc' dir='ltr'>ἁλαζονευομὲνων</span> <span class='ocrx_word' id='word_1_590' title='bbox 1423 4025 1554 4094; x_wconf 80' lang='grc'>(81).</span> <span class='ocrx_word' id='word_1_591' title='bbox 1603 4024 1666 4078; x_wconf 87' lang='grc' dir='ltr'><strong><em>Ἡ</em></strong></span> <span class='ocrx_word' id='word_1_592' title='bbox 1713 4020 1853 4094; x_wconf 82' lang='grc' dir='ltr'>λέξις</span> <span class='ocrx_word' id='word_1_593' title='bbox 1903 4019 1960 4076; x_wconf 74' lang='grc' dir='ltr'>δὲ</span> 
     </span>
    </p>
   </div>
   <div class='ocr_carea' id='block_1_77' title="bbox 303 4111 1958 4188">
    <p class='ocr_par' dir='ltr' id='par_1_77' title="bbox 303 4111 1958 4188">
     <span class='ocr_line' id='line_1_78' title="bbox 303 4111 1958 4188; baseline -0.002 -20"><span class='ocrx_word' id='word_1_594' title='bbox 303 4115 392 4170; x_wconf 76' lang='grc' dir='ltr'>ἐπὶ</span> <span class='ocrx_word' id='word_1_595' title='bbox 440 4118 551 4168; x_wconf 89' lang='grc' dir='ltr'>τῶν</span> <span class='ocrx_word' id='word_1_596' title='bbox 593 4113 901 4188; x_wconf 71' lang='grc' dir='ltr'>ἐρωμένων,</span> <span class='ocrx_word' id='word_1_597' title='bbox 951 4113 1001 4166; x_wconf 80' lang='grc' dir='ltr'>οἳ</span> <span class='ocrx_word' id='word_1_598' title='bbox 1051 4113 1150 4180; x_wconf 67' lang='grc' dir='ltr'>τὴν</span> <span class='ocrx_word' id='word_1_599' title='bbox 1203 4113 1340 4186; x_wconf 87' lang='grc' dir='ltr'>πρὸς</span> <span class='ocrx_word' id='word_1_600' title='bbox 1388 4111 1514 4173; x_wconf 76' lang='grc' dir='ltr'>τοὺς</span> <span class='ocrx_word' id='word_1_601' title='bbox 1565 4112 1800 4186; x_wconf 72' lang='grc' dir='ltr'>ἐρῶντας</span> <span class='ocrx_word' id='word_1_602' title='bbox 1833 4112 1958 4164; x_wconf 81' lang='grc' dir='ltr'>ἁνα-</span> 
     </span>
    </p>
   </div>
   <div class='ocr_carea' id='block_1_78' title="bbox 305 4198 1958 4276">
    <p class='ocr_par' dir='ltr' id='par_1_78' title="bbox 305 4198 1958 4276">
     <span class='ocr_line' id='line_1_79' title="bbox 305 4198 1958 4276; baseline -0.001 -20"><span class='ocrx_word' id='word_1_603' title='bbox 305 4198 652 4275; x_wconf 77' lang='grc' dir='ltr'>ϐαλλόμενοι</span> <span class='ocrx_word' id='word_1_604' title='bbox 685 4201 993 4276; x_wconf 86' lang='grc' dir='ltr'>συντυχίαν,</span> <span class='ocrx_word' id='word_1_605' title='bbox 1045 4201 1281 4272; x_wconf 83' lang='grc' dir='ltr'>τοιούτῳ</span> <span class='ocrx_word' id='word_1_606' title='bbox 1323 4205 1401 4272; x_wconf 77' lang='grc' dir='ltr'>τῷ</span> <span class='ocrx_word' id='word_1_607' title='bbox 1452 4204 1770 4273; x_wconf 77' lang='grc' dir='ltr'>σωματικῷ,</span> <span class='ocrx_word' id='word_1_608' title='bbox 1799 4221 1958 4254; x_wconf 88' lang='grc' dir='ltr'>τουτ-</span> 
     </span>
    </p>
   </div>
   <div class='ocr_carea' id='block_1_79' title="bbox 304 4283 1958 4364">
    <p class='ocr_par' dir='ltr' id='par_1_79' title="bbox 304 4283 1958 4364">
     <span class='ocr_line' id='line_1_80' title="bbox 304 4283 1958 4364; baseline -0.003 -17"><span class='ocrx_word' id='word_1_609' title='bbox 304 4292 416 4347; x_wconf 85' lang='grc' dir='ltr'>έστι</span> <span class='ocrx_word' id='word_1_610' title='bbox 465 4291 841 4363; x_wconf 82' lang='grc' dir='ltr'>κεκλασμένῳ,</span> <span class='ocrx_word' id='word_1_611' title='bbox 900 4288 1020 4359; x_wconf 71' lang='grc' dir='ltr'>ἤθει</span> <span class='ocrx_word' id='word_1_612' title='bbox 1068 4291 1409 4364; x_wconf 76' lang='grc' dir='ltr'>κέχρηνται“</span> <span class='ocrx_word' id='word_1_613' title='bbox 1458 4288 1576 4344; x_wconf 79' lang='grc' dir='ltr'>ὅθεν</span> <span class='ocrx_word' id='word_1_614' title='bbox 1625 4283 1958 4362; x_wconf 77' lang='grc' dir='ltr'>λαμϐάνεται</span> 
     </span>
    </p>
   </div>
   <div class='ocr_carea' id='block_1_80' title="bbox 303 4377 1961 4454">
    <p class='ocr_par' dir='ltr' id='par_1_80' title="bbox 303 4377 1961 4454">
     <span class='ocr_line' id='line_1_81' title="bbox 303 4377 1961 4454; baseline -0.003 -19"><span class='ocrx_word' id='word_1_615' title='bbox 303 4383 398 4436; x_wconf 77' lang='grc' dir='ltr'>καὶ</span> <span class='ocrx_word' id='word_1_616' title='bbox 435 4379 524 4435; x_wconf 65' lang='grc' dir='ltr'>ἐπὶ</span> <span class='ocrx_word' id='word_1_617' title='bbox 555 4385 660 4434; x_wconf 87' lang='grc' dir='ltr'>τῶν</span> <span class='ocrx_word' id='word_1_618' title='bbox 711 4379 898 4435; x_wconf 74' lang='grc' dir='ltr'>ἄλλων</span> <span class='ocrx_word' id='word_1_619' title='bbox 949 4378 1337 4453; x_wconf 83' lang='grc' dir='ltr'>ὁμοιοτρόπων</span> <span class='ocrx_word' id='word_1_620' title='bbox 1387 4380 1748 4454; x_wconf 85' lang='grc' dir='ltr'>πραγμάτων,</span> <span class='ocrx_word' id='word_1_621' title='bbox 1783 4377 1961 4432; x_wconf 84' lang='grc' dir='ltr'>κάκεί-</span> 
     </span>
    </p>
   </div>
   <div class='ocr_carea' id='block_1_81' title="bbox 304 4465 1958 4543">
    <p class='ocr_par' dir='ltr' id='par_1_81' title="bbox 304 4465 1958 4543">
     <span class='ocr_line' id='line_1_82' title="bbox 304 4465 1958 4543; baseline -0.001 -21"><span class='ocrx_word' id='word_1_622' title='bbox 304 4492 417 4524; x_wconf 88' lang='grc' dir='ltr'>νων</span> <span class='ocrx_word' id='word_1_623' title='bbox 480 4469 598 4537; x_wconf 81' lang='grc' dir='ltr'>εἷκῆ</span> <span class='ocrx_word' id='word_1_624' title='bbox 647 4469 738 4523; x_wconf 82' lang='grc' dir='ltr'>καὶ</span> <span class='ocrx_word' id='word_1_625' title='bbox 788 4468 960 4541; x_wconf 80' lang='grc' dir='ltr'>μάτην</span> <span class='ocrx_word' id='word_1_626' title='bbox 1018 4465 1518 4541; x_wconf 85' lang='grc' dir='ltr'>κατεγκαλούντων,</span> <span class='ocrx_word' id='word_1_627' title='bbox 1566 4467 1726 4531; x_wconf 85' lang='grc' dir='ltr'>αὑτὸς</span> <span class='ocrx_word' id='word_1_628' title='bbox 1769 4469 1958 4543; x_wconf 79' lang='grc' dir='ltr'>πράως</span> 
     </span>
    </p>
   </div>
   <div class='ocr_carea' id='block_1_82' title="bbox 2074 3315 3726 3388">
    <p class='ocr_par' dir='ltr' id='par_1_82' title="bbox 2074 3315 3726 3388">
     <span class='ocr_line' id='line_1_83' title="bbox 2074 3315 3726 3388; baseline -0.001 -17"><span class='ocrx_word' id='word_1_629' title='bbox 2074 3315 2162 3372; x_wconf 92' lang='lat' dir='ltr'>vel</span> <span class='ocrx_word' id='word_1_630' title='bbox 2194 3316 2473 3371; x_wconf 88' lang='lat' dir='ltr'>simulate</span> <span class='ocrx_word' id='word_1_631' title='bbox 2495 3316 2736 3388; x_wconf 86' lang='lat' dir='ltr'>fingere,</span> <span class='ocrx_word' id='word_1_632' title='bbox 2762 3316 2862 3371; x_wconf 92' lang='lat' dir='ltr'>sed</span> <span class='ocrx_word' id='word_1_633' title='bbox 2886 3332 3075 3387; x_wconf 91' lang='lat' dir='ltr'>neque</span> <span class='ocrx_word' id='word_1_634' title='bbox 3107 3333 3137 3370; x_wconf 88' lang='lat' dir='ltr'>a</span> <span class='ocrx_word' id='word_1_635' title='bbox 3170 3315 3319 3371; x_wconf 93' lang='lat' dir='ltr'>bono</span> <span class='ocrx_word' id='word_1_636' title='bbox 3348 3316 3726 3386; x_wconf 85' lang='lat' dir='ltr'>degenerare,</span> 
     </span>
    </p>
   </div>
   <div class='ocr_carea' id='block_1_83' title="bbox 2077 3402 3725 3476">
    <p class='ocr_par' dir='ltr' id='par_1_83' title="bbox 2077 3402 3725 3476">
     <span class='ocr_line' id='line_1_84' title="bbox 2077 3402 3725 3476; baseline -0.001 -16"><span class='ocrx_word' id='word_1_637' title='bbox 2077 3409 2178 3460; x_wconf 87' lang='lat' dir='ltr'>aut</span> <span class='ocrx_word' id='word_1_638' title='bbox 2208 3405 2406 3460; x_wconf 89' lang='lat' dir='ltr'>diduci</span> <span class='ocrx_word' id='word_1_639' title='bbox 2437 3406 2508 3460; x_wconf 89' lang='lat' dir='ltr'>ad</span> <span class='ocrx_word' id='word_1_640' title='bbox 2544 3404 2765 3460; x_wconf 88' lang='lat' dir='ltr'>malum</span> <span class='ocrx_word' id='word_1_641' title='bbox 2799 3421 2902 3476; x_wconf 91' lang='lat' dir='ltr'>per</span> <span class='ocrx_word' id='word_1_642' title='bbox 2941 3404 3192 3459; x_wconf 89' lang='lat' dir='ltr'>alienam</span> <span class='ocrx_word' id='word_1_643' title='bbox 3227 3403 3545 3472; x_wconf 87' lang='lat' dir='ltr'>malitiam;</span> <span class='ocrx_word' id='word_1_644' title='bbox 3580 3402 3725 3475; x_wconf 85' lang='lat' dir='ltr'>quin</span> 
     </span>
    </p>
   </div>
   <div class='ocr_carea' id='block_1_84' title="bbox 2075 3493 3727 3565">
    <p class='ocr_par' dir='ltr' id='par_1_84' title="bbox 2075 3493 3727 3565">
     <span class='ocr_line' id='line_1_85' title="bbox 2075 3493 3727 3565; baseline -0.001 -16"><span class='ocrx_word' id='word_1_645' title='bbox 2075 3496 2270 3565; x_wconf 88' lang='lat' dir='ltr'>potius</span> <span class='ocrx_word' id='word_1_646' title='bbox 2303 3494 2690 3548; x_wconf 87' lang='lat' dir='ltr'>adnitendum</span> <span class='ocrx_word' id='word_1_647' title='bbox 2739 3493 2818 3547; x_wconf 91' lang='lat' dir='ltr'>illi</span> <span class='ocrx_word' id='word_1_648' title='bbox 2852 3497 2959 3560; x_wconf 90' lang='lat' dir='ltr'>est,</span> <span class='ocrx_word' id='word_1_649' title='bbox 2994 3498 3058 3547; x_wconf 92' lang='lat' dir='ltr'>ut</span> <span class='ocrx_word' id='word_1_650' title='bbox 3087 3495 3363 3564; x_wconf 88' lang='lat' dir='ltr'>operibus</span> <span class='ocrx_word' id='word_1_651' title='bbox 3395 3493 3727 3565; x_wconf 87' lang='lat' dir='ltr'>benignita-</span> 
     </span>
    </p>
   </div>
   <div class='ocr_carea' id='block_1_85' title="bbox 2077 3581 3726 3653">
    <p class='ocr_par' dir='ltr' id='par_1_85' title="bbox 2077 3581 3726 3653">
     <span class='ocr_line' id='line_1_86' title="bbox 2077 3581 3726 3653; baseline -0.001 -17"><span class='ocrx_word' id='word_1_652' title='bbox 2077 3582 2150 3636; x_wconf 91' lang='lat' dir='ltr'>tis</span> <span class='ocrx_word' id='word_1_653' title='bbox 2183 3583 2443 3636; x_wconf 75' lang='lat' dir='ltr'>abundet</span> <span class='ocrx_word' id='word_1_654' title='bbox 2474 3582 2664 3652; x_wconf 84' lang='lat' dir='ltr'>magis</span> <span class='ocrx_word' id='word_1_655' title='bbox 2695 3587 2869 3651; x_wconf 87' lang='lat' dir='ltr'>atque</span> <span class='ocrx_word' id='word_1_656' title='bbox 2902 3581 3112 3653; x_wconf 90' lang='lat' dir='ltr'>magis,</span> <span class='ocrx_word' id='word_1_657' title='bbox 3141 3599 3252 3651; x_wconf 92' lang='lat' dir='ltr'>quo</span> <span class='ocrx_word' id='word_1_658' title='bbox 3284 3581 3416 3636; x_wconf 91' lang='lat' dir='ltr'>illos</span> <span class='ocrx_word' id='word_1_659' title='bbox 3446 3583 3517 3635; x_wconf 84' lang='lat' dir='ltr'>ad</span> <span class='ocrx_word' id='word_1_660' title='bbox 3551 3598 3726 3636; x_wconf 78' lang='lat' dir='ltr'>aemu-</span> 
     </span>
    </p>
   </div>
   <div class='ocr_carea' id='block_1_86' title="bbox 2071 3668 3724 3740">
    <p class='ocr_par' dir='ltr' id='par_1_86' title="bbox 2071 3668 3724 3740">
     <span class='ocr_line' id='line_1_87' title="bbox 2071 3668 3724 3740; baseline 0 -16"><span class='ocrx_word' id='word_1_661' title='bbox 2071 3670 2352 3725; x_wconf 91' lang='lat' dir='ltr'>lationem</span> <span class='ocrx_word' id='word_1_662' title='bbox 2399 3669 2580 3724; x_wconf 90' lang='lat' dir='ltr'>studii</span> <span class='ocrx_word' id='word_1_663' title='bbox 2634 3668 2963 3724; x_wconf 89' lang='lat' dir='ltr'>consimilis</span> <span class='ocrx_word' id='word_1_664' title='bbox 3014 3675 3302 3740; x_wconf 87' lang='lat' dir='ltr'>provocet.</span> <span class='ocrx_word' id='word_1_665' title='bbox 3330 3670 3459 3724; x_wconf 89' lang='lat' dir='ltr'>Jam</span> <span class='ocrx_word' id='word_1_666' title='bbox 3487 3669 3724 3740; x_wconf 88' lang='lat' dir='ltr'>quando</span> 
     </span>
    </p>
   </div>
   <div class='ocr_carea' id='block_1_87' title="bbox 2070 3756 3724 3828">
    <p class='ocr_par' dir='ltr' id='par_1_87' title="bbox 2070 3756 3724 3828">
     <span class='ocr_line' id='line_1_88' title="bbox 2070 3756 3724 3828; baseline -0.001 -16"><span class='ocrx_word' id='word_1_667' title='bbox 2070 3758 2326 3813; x_wconf 90' lang='lat' dir='ltr'>virorum</span> <span class='ocrx_word' id='word_1_668' title='bbox 2362 3756 2584 3827; x_wconf 89' lang='lat' dir='ltr'>aliquot</span> <span class='ocrx_word' id='word_1_669' title='bbox 2617 3757 3019 3823; x_wconf 89' lang='lat' dir='ltr'>meminimus,</span> <span class='ocrx_word' id='word_1_670' title='bbox 3044 3773 3229 3827; x_wconf 62' lang='lat' dir='ltr'>operai</span> <span class='ocrx_word' id='word_1_671' title='bbox 3263 3756 3518 3828; x_wconf 85' lang='lat' dir='ltr'>pretium</span> <span class='ocrx_word' id='word_1_672' title='bbox 3549 3757 3724 3811; x_wconf 80' lang='lat' dir='ltr'>fuerit</span> 
     </span>
    </p>
   </div>
   <div class='ocr_carea' id='block_1_88' title="bbox 2071 3844 3723 3918">
    <p class='ocr_par' dir='ltr' id='par_1_88' title="bbox 2071 3844 3723 3918">
     <span class='ocr_line' id='line_1_89' title="bbox 2071 3844 3723 3918; baseline -0.001 -16"><span class='ocrx_word' id='word_1_673' title='bbox 2071 3862 2139 3902; x_wconf 85' lang='lat' dir='ltr'>ea</span> <span class='ocrx_word' id='word_1_674' title='bbox 2173 3847 2477 3918; x_wconf 85' lang='lat' dir='ltr'>attingere,</span> <span class='ocrx_word' id='word_1_675' title='bbox 2503 3862 2628 3916; x_wconf 64' lang='lat' dir='ltr'>qua;</span> <span class='ocrx_word' id='word_1_676' title='bbox 2662 3861 2765 3916; x_wconf 89' lang='lat' dir='ltr'>per</span> <span class='ocrx_word' id='word_1_677' title='bbox 2811 3861 2873 3900; x_wconf 92' lang='lat' dir='ltr'>se</span> <span class='ocrx_word' id='word_1_678' title='bbox 2919 3844 3268 3900; x_wconf 87' lang='lat' dir='ltr'>sublimiora</span> <span class='ocrx_word' id='word_1_679' title='bbox 3293 3849 3454 3900; x_wconf 89' lang='lat' dir='ltr'>sunt.</span> <span class='ocrx_word' id='word_1_680' title='bbox 3487 3846 3565 3900; x_wconf 87' lang='lat' dir='ltr'>Ad</span> <span class='ocrx_word' id='word_1_681' title='bbox 3601 3845 3723 3900; x_wconf 73' lang='lat' dir='ltr'>haec</span> 
     </span>
    </p>
   </div>
   <div class='ocr_carea' id='block_1_89' title="bbox 2070 3933 3718 4008">
    <p class='ocr_par' dir='ltr' id='par_1_89' title="bbox 2070 3933 3718 4008">
     <span class='ocr_line' id='line_1_90' title="bbox 2070 3933 3718 4008; baseline 0 -18"><span class='ocrx_word' id='word_1_682' title='bbox 2070 3936 2252 4008; x_wconf 88' lang='lat' dir='ltr'>igitur</span> <span class='ocrx_word' id='word_1_683' title='bbox 2300 3935 2607 4006; x_wconf 87' lang='lat' dir='ltr'>superiora</span> <span class='ocrx_word' id='word_1_684' title='bbox 2654 3933 3061 4004; x_wconf 89' lang='lat' dir='ltr'>provehamur,</span> <span class='ocrx_word' id='word_1_685' title='bbox 3112 3933 3718 4005; x_wconf 87' lang='lat' dir='ltr'>contemplemurque,</span> 
     </span>
    </p>
   </div>
   <div class='ocr_carea' id='block_1_90' title="bbox 2071 4022 3722 4096">
    <p class='ocr_par' dir='ltr' id='par_1_90' title="bbox 2071 4022 3722 4096">
     <span class='ocr_line' id='line_1_91' title="bbox 2071 4022 3722 4096; baseline -0.001 -16"><span class='ocrx_word' id='word_1_686' title='bbox 2071 4041 2184 4080; x_wconf 92' lang='lat' dir='ltr'>non</span> <span class='ocrx_word' id='word_1_687' title='bbox 2213 4023 2554 4096; x_wconf 88' lang='lat' dir='ltr'>angelorum</span> <span class='ocrx_word' id='word_1_688' title='bbox 2581 4022 2964 4078; x_wconf 87' lang='lat' dir='ltr'>multifariam</span> <span class='ocrx_word' id='word_1_689' title='bbox 2983 4039 3120 4094; x_wconf 88' lang='lat' dir='ltr'>erga</span> <span class='ocrx_word' id='word_1_690' title='bbox 3143 4039 3248 4078; x_wconf 89' lang='lat' dir='ltr'>nos</span> <span class='ocrx_word' id='word_1_691' title='bbox 3272 4023 3722 4095; x_wconf 85' lang='lat' dir='ltr'>benignitatem,</span> 
     </span>
    </p>
   </div>
   <div class='ocr_carea' id='block_1_91' title="bbox 2071 4111 3725 4184">
    <p class='ocr_par' dir='ltr' id='par_1_91' title="bbox 2071 4111 3725 4184">
     <span class='ocr_line' id='line_1_92' title="bbox 2071 4111 3725 4184; baseline -0.001 -16"><span class='ocrx_word' id='word_1_692' title='bbox 2071 4113 2172 4184; x_wconf 87' lang='lat' dir='ltr'>qui</span> <span class='ocrx_word' id='word_1_693' title='bbox 2213 4129 2316 4184; x_wconf 91' lang='lat' dir='ltr'>pro</span> <span class='ocrx_word' id='word_1_694' title='bbox 2348 4111 2648 4166; x_wconf 90' lang='lat' dir='ltr'>communi</span> <span class='ocrx_word' id='word_1_695' title='bbox 2681 4112 2947 4182; x_wconf 85' lang='lat' dir='ltr'>gentium</span> <span class='ocrx_word' id='word_1_696' title='bbox 2995 4111 3186 4167; x_wconf 87' lang='lat' dir='ltr'>salute</span> <span class='ocrx_word' id='word_1_697' title='bbox 3217 4113 3290 4167; x_wconf 85' lang='lat' dir='ltr'>ad</span> <span class='ocrx_word' id='word_1_698' title='bbox 3323 4112 3508 4168; x_wconf 90' lang='lat' dir='ltr'>Deum</span> <span class='ocrx_word' id='word_1_699' title='bbox 3541 4113 3725 4167; x_wconf 79' lang='lat' dir='ltr'>cti‘un-</span> 
     </span>
    </p>
   </div>
   <div class='ocr_carea' id='block_1_92' title="bbox 2071 4200 3726 4273">
    <p class='ocr_par' dir='ltr' id='par_1_92' title="bbox 2071 4200 3726 4273">
     <span class='ocr_line' id='line_1_93' title="bbox 2071 4200 3726 4273; baseline 0 -17"><span class='ocrx_word' id='word_1_700' title='bbox 2071 4204 2218 4257; x_wconf 92' lang='lat' dir='ltr'>dunt</span> <span class='ocrx_word' id='word_1_701' title='bbox 2261 4218 2481 4272; x_wconf 87' lang='lat' dir='ltr'>preces,</span> <span class='ocrx_word' id='word_1_702' title='bbox 2507 4200 2608 4273; x_wconf 91' lang='lat' dir='ltr'>qui</span> <span class='ocrx_word' id='word_1_703' title='bbox 2657 4201 3004 4256; x_wconf 88' lang='lat' dir='ltr'>desertrices</span> <span class='ocrx_word' id='word_1_704' title='bbox 3037 4207 3094 4256; x_wconf 90' lang='lat' dir='ltr'>et</span> <span class='ocrx_word' id='word_1_705' title='bbox 3125 4203 3360 4273; x_wconf 84' lang='lat' dir='ltr'>refugas</span> <span class='ocrx_word' id='word_1_706' title='bbox 3408 4206 3726 4273; x_wconf 85' lang='lat' dir='ltr'>potestates</span> 
     </span>
    </p>
   </div>
   <div class='ocr_carea' id='block_1_93' title="bbox 2072 4288 3728 4361">
    <p class='ocr_par' dir='ltr' id='par_1_93' title="bbox 2072 4288 3728 4361">
     <span class='ocr_line' id='line_1_94' title="bbox 2072 4288 3728 4361; baseline -0.002 -16"><span class='ocrx_word' id='word_1_707' title='bbox 2072 4290 2383 4346; x_wconf 90' lang='lat' dir='ltr'>hominum</span> <span class='ocrx_word' id='word_1_708' title='bbox 2422 4306 2601 4344; x_wconf 87' lang='lat' dir='ltr'>causa</span> <span class='ocrx_word' id='word_1_709' title='bbox 2632 4289 2839 4344; x_wconf 89' lang='lat' dir='ltr'>durius</span> <span class='ocrx_word' id='word_1_710' title='bbox 2872 4290 3198 4361; x_wconf 88' lang='lat' dir='ltr'>increpant,</span> <span class='ocrx_word' id='word_1_711' title='bbox 3225 4292 3520 4345; x_wconf 66' lang='lat' dir='ltr'>daemones</span> <span class='ocrx_word' id='word_1_712' title='bbox 3551 4288 3728 4344; x_wconf 90' lang='lat' dir='ltr'>nimi-</span> 
     </span>
    </p>
   </div>
   <div class='ocr_carea' id='block_1_94' title="bbox 2070 4379 3723 4449">
    <p class='ocr_par' dir='ltr' id='par_1_94' title="bbox 2070 4379 3723 4449">
     <span class='ocr_line' id='line_1_95' title="bbox 2070 4379 3723 4449; baseline -0.001 -15"><span class='ocrx_word' id='word_1_713' title='bbox 2070 4396 2225 4446; x_wconf 89' lang='lat' dir='ltr'>rum,</span> <span class='ocrx_word' id='word_1_714' title='bbox 2246 4395 2393 4449; x_wconf 89' lang='lat' dir='ltr'>quos</span> <span class='ocrx_word' id='word_1_715' title='bbox 2415 4382 2580 4433; x_wconf 88' lang='lat' dir='ltr'>vocat</span> <span class='ocrx_word' id='word_1_716' title='bbox 2605 4379 3043 4446; x_wconf 88' lang='lat' dir='ltr'>multitudines;</span> <span class='ocrx_word' id='word_1_717' title='bbox 3079 4395 3194 4434; x_wconf 92' lang='lat' dir='ltr'>non</span> <span class='ocrx_word' id='word_1_718' title='bbox 3219 4379 3374 4448; x_wconf 93' lang='lat' dir='ltr'>quod</span> <span class='ocrx_word' id='word_1_719' title='bbox 3401 4394 3723 4433; x_wconf 65' lang='lat' dir='ltr'>numerosae</span> 
     </span>
    </p>
   </div>
   <div class='ocr_carea' id='block_1_95' title="bbox 2069 4465 3722 4538">
    <p class='ocr_par' dir='ltr' id='par_1_95' title="bbox 2069 4465 3722 4538">
     <span class='ocr_line' id='line_1_96' title="bbox 2069 4465 3722 4538; baseline -0.002 -15"><span class='ocrx_word' id='word_1_720' title='bbox 2069 4470 2190 4524; x_wconf 89' lang='lat' dir='ltr'>sint</span> <span class='ocrx_word' id='word_1_721' title='bbox 2222 4467 2646 4537; x_wconf 89' lang='lat' dir='ltr'>multitudinis,</span> <span class='ocrx_word' id='word_1_722' title='bbox 2676 4483 2880 4522; x_wconf 90' lang='lat' dir='ltr'>verum</span> <span class='ocrx_word' id='word_1_723' title='bbox 2935 4467 3073 4538; x_wconf 88' lang='lat' dir='ltr'>quia</span> <span class='ocrx_word' id='word_1_724' title='bbox 3108 4467 3178 4521; x_wconf 91' lang='lat' dir='ltr'>ab</span> <span class='ocrx_word' id='word_1_725' title='bbox 3211 4465 3388 4520; x_wconf 91' lang='lat' dir='ltr'>unius</span> <span class='ocrx_word' id='word_1_726' title='bbox 3442 4466 3536 4521; x_wconf 92' lang='lat' dir='ltr'>Dei</span> <span class='ocrx_word' id='word_1_727' title='bbox 3587 4467 3722 4520; x_wconf 85' lang='lat' dir='ltr'>obe-</span> 
     </span>
    </p>
   </div>
   <div class='ocr_carea' id='block_1_96' title="bbox 303 4551 1963 4639">
    <p class='ocr_par' dir='ltr' id='par_1_96' title="bbox 303 4551 1956 4632">
     <span class='ocr_line' id='line_1_97' title="bbox 303 4551 1956 4632; baseline -0.001 -22"><span class='ocrx_word' id='word_1_728' title='bbox 303 4557 662 4631; x_wconf 83' lang='grc' dir='ltr'>ἀπολογεῖται</span> <span class='ocrx_word' id='word_1_729' title='bbox 690 4558 781 4612; x_wconf 88' lang='grc' dir='ltr'>καὶ</span> <span class='ocrx_word' id='word_1_730' title='bbox 814 4555 1161 4632; x_wconf 71' lang='grc' dir='ltr'>θεραπεύσειν</span> <span class='ocrx_word' id='word_1_731' title='bbox 1220 4555 1611 4632; x_wconf 74' lang='grc' dir='ltr'>ἐπαγγέλλεται</span> <span class='ocrx_word' id='word_1_732' title='bbox 1641 4558 1777 4628; x_wconf 87' lang='grc'>(82).</span> <span class='ocrx_word' id='word_1_733' title='bbox 1812 4551 1956 4609; x_wconf 76' lang='grc' dir='ltr'>Λάϐε</span> 
     </span>
    </p>
   </div>
   <div class='ocr_carea' id='block_1_97' title="bbox 2076 4551 3722 4639">
    <p class='ocr_par' dir='ltr' id='par_1_97' title="bbox 2076 4554 3722 4627">
     <span class='ocr_line' id='line_1_98' title="bbox 2076 4554 3722 4627; baseline -0.002 -15"><span class='ocrx_word' id='word_1_734' title='bbox 2076 4556 2290 4612; x_wconf 86' lang='lat' dir='ltr'>dientia</span> <span class='ocrx_word' id='word_1_735' title='bbox 2353 4555 2588 4627; x_wconf 87' lang='lat' dir='ltr'>longius</span> <span class='ocrx_word' id='word_1_736' title='bbox 2634 4556 3033 4621; x_wconf 88' lang='lat' dir='ltr'>desciverunt;</span> <span class='ocrx_word' id='word_1_737' title='bbox 3080 4555 3397 4609; x_wconf 87' lang='lat' dir='ltr'>multitudo</span> <span class='ocrx_word' id='word_1_738' title='bbox 3430 4554 3722 4622; x_wconf 86' lang='lat' dir='ltr'>siquidem</span> 
     </span>
    </p>
   </div>
   <div class='ocr_carea' id='block_1_98' title="bbox 309 4640 1954 4718">
    <p class='ocr_par' dir='ltr' id='par_1_98' title="bbox 309 4640 1954 4718">
     <span class='ocr_line' id='line_1_99' title="bbox 309 4640 1954 4718; baseline -0.002 -17"><span class='ocrx_word' id='word_1_739' title='bbox 309 4668 405 4718; x_wconf 89' lang='grc' dir='ltr'>μοι</span> <span class='ocrx_word' id='word_1_740' title='bbox 441 4644 498 4700; x_wconf 70' lang='grc' dir='ltr'>δέ</span> <span class='ocrx_word' id='word_1_741' title='bbox 528 4645 617 4700; x_wconf 80' lang='grc' dir='ltr'>καὶ</span> <span class='ocrx_word' id='word_1_742' title='bbox 648 4651 744 4701; x_wconf 87' lang='grc' dir='ltr'>τοῦ</span> <span class='ocrx_word' id='word_1_743' title='bbox 792 4646 1000 4700; x_wconf 83' lang='grc' dir='ltr'>ἀσώτου</span> <span class='ocrx_word' id='word_1_744' title='bbox 1050 4640 1378 4718; x_wconf 76' lang='grc' dir='ltr'>παραϐολὴν</span> <span class='ocrx_word' id='word_1_745' title='bbox 1429 4645 1516 4698; x_wconf 73' lang='grc' dir='ltr'>ἐπὶ</span> <span class='ocrx_word' id='word_1_746' title='bbox 1546 4644 1781 4712; x_wconf 87' lang='grc' dir='ltr'>τούτοις,</span> <span class='ocrx_word' id='word_1_747' title='bbox 1814 4649 1954 4716; x_wconf 87' lang='grc' dir='ltr'>πῶς,</span> 
     </span>
    </p>
   </div>
   <div class='ocr_carea' id='block_1_99' title="bbox 303 4732 1962 4811">
    <p class='ocr_par' dir='ltr' id='par_1_99' title="bbox 303 4732 1962 4811">
     <span class='ocr_line' id='line_1_100' title="bbox 303 4732 1962 4811; baseline -0.002 -22"><span class='ocrx_word' id='word_1_748' title='bbox 303 4732 382 4789; x_wconf 74' lang='grc' dir='ltr'>ἔτι</span> <span class='ocrx_word' id='word_1_749' title='bbox 420 4737 722 4811; x_wconf 77' lang='grc' dir='ltr'>ἀπέχοντος</span> <span class='ocrx_word' id='word_1_750' title='bbox 749 4738 846 4789; x_wconf 87' lang='grc' dir='ltr'>τοῦ</span> <span class='ocrx_word' id='word_1_751' title='bbox 886 4735 1120 4803; x_wconf 80' lang='grc' dir='ltr'>ἀσώτου,</span> <span class='ocrx_word' id='word_1_752' title='bbox 1163 4732 1336 4806; x_wconf 81' lang='grc' dir='ltr'>ὅμως,</span> <span class='ocrx_word' id='word_1_753' title='bbox 1368 4733 1484 4787; x_wconf 68' lang='grc' dir='ltr'>ἐπεὶ</span> <span class='ocrx_word' id='word_1_754' title='bbox 1505 4733 1775 4807; x_wconf 87' lang='grc' dir='ltr'>πρόσεισι,</span> <span class='ocrx_word' id='word_1_755' title='bbox 1797 4752 1962 4807; x_wconf 88' lang='grc' dir='ltr'>προσ-</span> 
     </span>
    </p>
   </div>
   <div class='ocr_carea' id='block_1_100' title="bbox 302 4819 1960 4900">
    <p class='ocr_par' dir='ltr' id='par_1_100' title="bbox 302 4819 1960 4900">
     <span class='ocr_line' id='line_1_101' title="bbox 302 4819 1960 4900; baseline 0.025 -22"><span class='ocrx_word' id='word_1_756' title='bbox 302 4821 488 4900; x_wconf 69' lang='grc' dir='ltr'>τρέχει</span> <span class='ocrx_word' id='word_1_757' title='bbox 543 4825 632 4878; x_wconf 79' lang='grc' dir='ltr'>καὶ</span> <span class='ocrx_word' id='word_1_758' title='bbox 686 4824 916 4893; x_wconf 66' lang='grc' dir='ltr'>ὑπαντᾷ,</span> <span class='ocrx_word' id='word_1_759' title='bbox 964 4822 1056 4876; x_wconf 66' lang='grc' dir='ltr'>καὶ</span> <span class='ocrx_word' id='word_1_760' title='bbox 1109 4820 1467 4895; x_wconf 63' lang='grc' dir='ltr'>περιπλακεὶς</span> <span class='ocrx_word' id='word_1_761' title='bbox 1522 4822 1840 4889; x_wconf 62' lang='grc' dir='ltr'><strong>ἀσπάζεται’</strong></span> <span class='ocrx_word' id='word_1_762' title='bbox 1871 4819 1960 4873; x_wconf 66' lang='grc' dir='ltr'>καὶ</span> 
     </span>
    </p>
   </div>
   <div class='ocr_carea' id='block_1_101' title="bbox 309 4909 1963 4986">
    <p class='ocr_par' dir='ltr' id='par_1_101' title="bbox 309 4909 1963 4986">
     <span class='ocr_line' id='line_1_102' title="bbox 309 4909 1963 4986; baseline -0.003 -20"><span class='ocrx_word' id='word_1_763' title='bbox 309 4915 630 4986; x_wconf 85' lang='grc' dir='ltr'>ἀμνημονεῖ</span> <span class='ocrx_word' id='word_1_764' title='bbox 657 4916 764 4967; x_wconf 88' lang='grc' dir='ltr'>τῶν</span> <span class='ocrx_word' id='word_1_765' title='bbox 816 4911 1118 4984; x_wconf 86' lang='grc' dir='ltr'>προτέρων,</span> <span class='ocrx_word' id='word_1_766' title='bbox 1173 4911 1264 4964; x_wconf 91' lang='grc' dir='ltr'>καὶ</span> <span class='ocrx_word' id='word_1_767' title='bbox 1306 4915 1422 4972; x_wconf 87' lang='grc' dir='ltr'>τοῖς</span> <span class='ocrx_word' id='word_1_768' title='bbox 1472 4914 1736 4985; x_wconf 87' lang='grc' dir='ltr'>παροῦσιν</span> <span class='ocrx_word' id='word_1_769' title='bbox 1789 4909 1963 4982; x_wconf 74' lang='grc' dir='ltr'>ἐνεορ-</span> 
     </span>
    </p>
   </div>
   <div class='ocr_carea' id='block_1_102' title="bbox 298 4996 1959 5076">
    <p class='ocr_par' dir='ltr' id='par_1_102' title="bbox 298 4996 1959 5076">
     <span class='ocr_line' id='line_1_103' title="bbox 298 4996 1959 5076; baseline -0.004 -20"><span class='ocrx_word' id='word_1_770' title='bbox 298 5003 450 5070; x_wconf 72' lang='grc' dir='ltr'>τάζει</span> <span class='ocrx_word' id='word_1_771' title='bbox 483 5003 696 5072; x_wconf 79' lang='grc' dir='ltr'>συνάμα</span> <span class='ocrx_word' id='word_1_772' title='bbox 744 5005 862 5061; x_wconf 88' lang='grc' dir='ltr'>ταῖς</span> <span class='ocrx_word' id='word_1_773' title='bbox 920 4997 1105 5076; x_wconf 76' lang='grc' dir='ltr'>φίλαις</span> <span class='ocrx_word' id='word_1_774' title='bbox 1165 4996 1481 5072; x_wconf 81' lang='grc' dir='ltr'>δυνάμεσιν,</span> <span class='ocrx_word' id='word_1_775' title='bbox 1531 4996 1619 5051; x_wconf 67' lang='grc' dir='ltr'>’ίνα</span> <span class='ocrx_word' id='word_1_776' title='bbox 1676 4997 1959 5070; x_wconf 76' lang='grc' dir='ltr'>ᾖπάντων</span> 
     </span>
    </p>
   </div>
   <div class='ocr_carea' id='block_1_103' title="bbox 305 5085 1962 5168">
    <p class='ocr_par' dir='ltr' id='par_1_103' title="bbox 305 5085 1962 5168">
     <span class='ocr_line' id='line_1_104' title="bbox 305 5085 1962 5168; baseline -0.002 -24"><span class='ocrx_word' id='word_1_777' title='bbox 305 5091 744 5168; x_wconf 67' lang='grc' dir='ltr'>εὖφραινομένων</span> <span class='ocrx_word' id='word_1_778' title='bbox 866 5087 1114 5142; x_wconf 87' lang='grc' dir='ltr'>κατοικία</span> <span class='ocrx_word' id='word_1_779' title='bbox 1147 5106 1160 5119; x_wconf 73' lang='grc' dir='ltr'><strong>ο</strong></span> <span class='ocrx_word' id='word_1_780' title='bbox 1209 5085 1302 5142; x_wconf 69' lang='grc' dir='ltr'>’ίνα</span> <span class='ocrx_word' id='word_1_781' title='bbox 1347 5085 1606 5156; x_wconf 85' lang='grc' dir='ltr'>δηλονότι</span> <span class='ocrx_word' id='word_1_782' title='bbox 1638 5087 1752 5159; x_wconf 77' lang='grc' dir='ltr'>ἅμα</span> <span class='ocrx_word' id='word_1_783' title='bbox 1785 5086 1872 5141; x_wconf 72' lang='grc' dir='ltr'>ἐπὶ</span> <span class='ocrx_word' id='word_1_784' title='bbox 1900 5087 1962 5140; x_wconf 87' lang='grc' dir='ltr'>τὸ</span> 
     </span>
    </p>
   </div>
   <div class='ocr_carea' id='block_1_104' title="bbox 303 5170 1962 5254">
    <p class='ocr_par' dir='ltr' id='par_1_104' title="bbox 303 5170 1962 5254">
     <span class='ocr_line' id='line_1_105' title="bbox 303 5170 1962 5254; baseline -0.003 -20"><span class='ocrx_word' id='word_1_785' title='bbox 303 5181 438 5234; x_wconf 81' lang='grc' dir='ltr'>αὑτὸ</span> <span class='ocrx_word' id='word_1_786' title='bbox 473 5179 666 5240; x_wconf 81' lang='grc' dir='ltr'>πάντες</span> <span class='ocrx_word' id='word_1_787' title='bbox 721 5177 1095 5254; x_wconf 79' lang='grc' dir='ltr'>εὑφραίνοιντο</span> <span class='ocrx_word' id='word_1_788' title='bbox 1131 5194 1143 5207; x_wconf 92' lang='grc'><strong>·</strong></span> <span class='ocrx_word' id='word_1_789' title='bbox 1201 5176 1344 5231; x_wconf 72' lang='grc' dir='ltr'>οὕτω</span> <span class='ocrx_word' id='word_1_790' title='bbox 1392 5176 1492 5252; x_wconf 77' lang='grc' dir='ltr'>γὰρ</span> <span class='ocrx_word' id='word_1_791' title='bbox 1548 5170 1878 5248; x_wconf 75' lang='grc' dir='ltr'>ἐκλαμϐάνει</span> <span class='ocrx_word' id='word_1_792' title='bbox 1901 5176 1962 5230; x_wconf 84' lang='grc' dir='ltr'>τὸ</span> 
     </span>
    </p>
   </div>
   <div class='ocr_carea' id='block_1_105' title="bbox 305 5264 1962 5345">
    <p class='ocr_par' dir='ltr' id='par_1_105' title="bbox 305 5264 1962 5345">
     <span class='ocr_line' id='line_1_106' title="bbox 305 5264 1962 5345; baseline -0.002 -23"><span class='ocrx_word' id='word_1_793' title='bbox 305 5270 474 5345; x_wconf 78' lang='grc' dir='ltr'>ῥητὸν</span> <span class='ocrx_word' id='word_1_794' title='bbox 503 5270 641 5323; x_wconf 77' lang='grc' dir='ltr'>κατὰ</span> <span class='ocrx_word' id='word_1_795' title='bbox 667 5267 731 5322; x_wconf 86' lang='grc' dir='ltr'>τὸ</span> <span class='ocrx_word' id='word_1_796' title='bbox 760 5269 932 5340; x_wconf 85' lang='grc' dir='ltr'>παρὸν</span> <span class='ocrx_word' id='word_1_797' title='bbox 978 5268 1006 5320; x_wconf 93' lang='lat'>6</span> <span class='ocrx_word' id='word_1_798' title='bbox 1052 5267 1226 5340; x_wconf 82' lang='grc' dir='ltr'>ἅγιος.</span> <span class='ocrx_word' id='word_1_799' title='bbox 1259 5267 1338 5322; x_wconf 86' lang='grc' dir='ltr'>Τὸ</span> <span class='ocrx_word' id='word_1_800' title='bbox 1364 5264 1421 5320; x_wconf 71' lang='grc' dir='ltr'>δὲ</span> <span class='ocrx_word' id='word_1_801' title='bbox 1452 5266 1582 5328; x_wconf 79' lang='grc' dir='ltr'>ὅλος</span> <span class='ocrx_word' id='word_1_802' title='bbox 1613 5264 1776 5328; x_wconf 81' lang='grc' dir='ltr'>ὅλους</span> <span class='ocrx_word' id='word_1_803' title='bbox 1806 5285 1962 5339; x_wconf 82' lang='grc' dir='ltr'>περι-</span> 
     </span>
    </p>
   </div>
   <div class='ocr_carea' id='block_1_106' title="bbox 303 5353 1964 5432">
    <p class='ocr_par' dir='ltr' id='par_1_106' title="bbox 303 5353 1964 5432">
     <span class='ocr_line' id='line_1_107' title="bbox 303 5353 1964 5432; baseline -0.003 -20"><span class='ocrx_word' id='word_1_804' title='bbox 303 5358 419 5419; x_wconf 73' lang='grc' dir='ltr'>θεὶς</span> <span class='ocrx_word' id='word_1_805' title='bbox 446 5357 758 5431; x_wconf 86' lang='grc' dir='ltr'>θαυμασίως</span> <span class='ocrx_word' id='word_1_806' title='bbox 789 5355 946 5432; x_wconf 77' lang='grc' dir='ltr'>φησὶ,</span> <span class='ocrx_word' id='word_1_807' title='bbox 995 5355 1373 5430; x_wconf 89' lang='grc' dir='ltr'>καταισχύνων</span> <span class='ocrx_word' id='word_1_808' title='bbox 1425 5355 1553 5416; x_wconf 77' lang='grc' dir='ltr'>τοὺς</span> <span class='ocrx_word' id='word_1_809' title='bbox 1599 5353 1723 5409; x_wconf 82' lang='grc' dir='ltr'>τότε</span> <span class='ocrx_word' id='word_1_810' title='bbox 1763 5355 1964 5428; x_wconf 72' lang='grc' dir='ltr'>αἱρετι-</span> 
     </span>
    </p>
   </div>
   <div class='ocr_carea' id='block_1_107' title="bbox 301 5442 1961 5521">
    <p class='ocr_par' dir='ltr' id='par_1_107' title="bbox 301 5442 1961 5521">
     <span class='ocr_line' id='line_1_108' title="bbox 301 5442 1961 5521; baseline -0.004 -19"><span class='ocrx_word' id='word_1_811' title='bbox 301 5447 466 5521; x_wconf 77' lang='grc' dir='ltr'>κοὺς,</span> <span class='ocrx_word' id='word_1_812' title='bbox 494 5445 689 5509; x_wconf 62' lang='grc' dir='ltr'>οἵτινες</span> <span class='ocrx_word' id='word_1_813' title='bbox 716 5445 900 5521; x_wconf 78' lang='grc' dir='ltr'>ψυχὴν</span> <span class='ocrx_word' id='word_1_814' title='bbox 935 5443 1103 5518; x_wconf 85' lang='grc' dir='ltr'>μόνην</span> <span class='ocrx_word' id='word_1_815' title='bbox 1143 5443 1404 5513; x_wconf 84' lang='grc' dir='ltr'>σώζεσθαι</span> <span class='ocrx_word' id='word_1_816' title='bbox 1441 5445 1545 5500; x_wconf 82' lang='grc' dir='ltr'>ὑπὸ</span> <span class='ocrx_word' id='word_1_817' title='bbox 1575 5448 1730 5516; x_wconf 84' lang='grc' dir='ltr'>Θεοῦ,</span> <span class='ocrx_word' id='word_1_818' title='bbox 1760 5442 1820 5498; x_wconf 82' lang='grc' dir='ltr'>οὐ</span> <span class='ocrx_word' id='word_1_819' title='bbox 1855 5444 1961 5516; x_wconf 77' lang='grc' dir='ltr'>μὴν</span> 
     </span>
    </p>
   </div>
   <div class='ocr_carea' id='block_1_108' title="bbox 383 5659 1422 5736">
    <p class='ocr_par' dir='ltr' id='par_1_108' title="bbox 383 5659 1422 5736">
     <span class='ocr_line' id='line_1_109' title="bbox 383 5659 1422 5736; baseline -0.007 -13"><span class='ocrx_word' id='word_1_820' title='bbox 383 5664 471 5736; x_wconf 66' lang='grc' dir='ltr'>(κ)</span> <span class='ocrx_word' id='word_1_821' title='bbox 499 5664 666 5724; x_wconf 82' lang='lat' dir='ltr'>Rom.</span> <span class='ocrx_word' id='word_1_822' title='bbox 699 5679 741 5735; x_wconf 85' lang='grc' dir='ltr'>ι,</span> <span class='ocrx_word' id='word_1_823' title='bbox 771 5663 826 5718; x_wconf 88' lang='lat'>6.</span> <span class='ocrx_word' id='word_1_824' title='bbox 905 5661 984 5734; x_wconf 71' lang='grc' dir='ltr'>(ῃ)</span> <span class='ocrx_word' id='word_1_825' title='bbox 1009 5661 1134 5720; x_wconf 80' lang='lat' dir='ltr'>Act.</span> <span class='ocrx_word' id='word_1_826' title='bbox 1172 5676 1299 5732; x_wconf 84' lang='lat' dir='ltr'>xm,</span> <span class='ocrx_word' id='word_1_827' title='bbox 1331 5659 1422 5717; x_wconf 86' lang='lat'>22.</span> 
     </span>
    </p>
   </div>
   <div class='ocr_carea' id='block_1_109' title="bbox 1499 5657 2025 5733">
    <p class='ocr_par' dir='ltr' id='par_1_109' title="bbox 1499 5657 2025 5733">
     <span class='ocr_line' id='line_1_110' title="bbox 1499 5657 2025 5733; baseline -0.006 -18"><span class='ocrx_word' id='word_1_828' title='bbox 1499 5660 1573 5733; x_wconf 63' lang='grc' dir='ltr'>(π)</span> <span class='ocrx_word' id='word_1_829' title='bbox 1607 5660 1768 5716; x_wconf 87' lang='lat' dir='ltr'>Deut.</span> <span class='ocrx_word' id='word_1_830' title='bbox 1802 5674 1946 5730; x_wconf 86' lang='lat' dir='ltr'>xxn,</span> <span class='ocrx_word' id='word_1_831' title='bbox 1972 5657 2025 5713; x_wconf 76' lang='grc'>4.</span> 
     </span>
    </p>
   </div>
   <div class='ocr_carea' id='block_1_110' title="bbox 2070 4642 3726 4718">
    <p class='ocr_par' dir='ltr' id='par_1_110' title="bbox 2070 4642 3726 4718">
     <span class='ocr_line' id='line_1_111' title="bbox 2070 4642 3726 4718; baseline -0.001 -18"><span class='ocrx_word' id='word_1_832' title='bbox 2070 4663 2242 4718; x_wconf 90' lang='lat' dir='ltr'>porro</span> <span class='ocrx_word' id='word_1_833' title='bbox 2276 4646 2440 4700; x_wconf 89' lang='lat' dir='ltr'>abest</span> <span class='ocrx_word' id='word_1_834' title='bbox 2471 4645 2544 4699; x_wconf 89' lang='lat' dir='ltr'>ab</span> <span class='ocrx_word' id='word_1_835' title='bbox 2576 4645 2819 4699; x_wconf 89' lang='lat' dir='ltr'>unitate.</span> <span class='ocrx_word' id='word_1_836' title='bbox 2844 4643 2967 4698; x_wconf 91' lang='lat' dir='ltr'>Non</span> <span class='ocrx_word' id='word_1_837' title='bbox 3001 4645 3195 4713; x_wconf 86' lang='lat' dir='ltr'>itaque</span> <span class='ocrx_word' id='word_1_838' title='bbox 3227 4644 3296 4697; x_wconf 92' lang='lat' dir='ltr'>de</span> <span class='ocrx_word' id='word_1_839' title='bbox 3322 4643 3410 4697; x_wconf 89' lang='lat' dir='ltr'>his</span> <span class='ocrx_word' id='word_1_840' title='bbox 3440 4643 3584 4697; x_wconf 89' lang='lat' dir='ltr'>mihi</span> <span class='ocrx_word' id='word_1_841' title='bbox 3610 4642 3726 4698; x_wconf 91' lang='lat' dir='ltr'>dis-</span> 
     </span>
    </p>
   </div>
   <div class='ocr_carea' id='block_1_111' title="bbox 2073 4731 3723 4803">
    <p class='ocr_par' dir='ltr' id='par_1_111' title="bbox 2073 4731 3723 4803">
     <span class='ocr_line' id='line_1_112' title="bbox 2073 4731 3723 4803; baseline -0.002 -12"><span class='ocrx_word' id='word_1_842' title='bbox 2073 4735 2388 4791; x_wconf 89' lang='lat' dir='ltr'>serendum</span> <span class='ocrx_word' id='word_1_843' title='bbox 2424 4750 2602 4803; x_wconf 91' lang='lat' dir='ltr'>nunc,</span> <span class='ocrx_word' id='word_1_844' title='bbox 2627 4732 2815 4803; x_wconf 88' lang='lat' dir='ltr'>magis</span> <span class='ocrx_word' id='word_1_845' title='bbox 2840 4748 2976 4787; x_wconf 85' lang='lat' dir='ltr'>vero</span> <span class='ocrx_word' id='word_1_846' title='bbox 3008 4731 3276 4786; x_wconf 87' lang='lat' dir='ltr'>eximiam</span> <span class='ocrx_word' id='word_1_847' title='bbox 3297 4732 3723 4802; x_wconf 86' lang='lat' dir='ltr'>benignitatem</span> 
     </span>
    </p>
   </div>
   <div class='ocr_carea' id='block_1_112' title="bbox 2073 4819 3724 4895">
    <p class='ocr_par' dir='ltr' id='par_1_112' title="bbox 2073 4819 3724 4895">
     <span class='ocr_line' id='line_1_113' title="bbox 2073 4819 3724 4895; baseline -0.002 -17"><span class='ocrx_word' id='word_1_848' title='bbox 2073 4822 2503 4895; x_wconf 82' lang='lat' dir='ltr'>perspiciamus</span> <span class='ocrx_word' id='word_1_849' title='bbox 2553 4821 2781 4877; x_wconf 91' lang='lat' dir='ltr'>Domini</span> <span class='ocrx_word' id='word_1_850' title='bbox 2825 4821 3009 4876; x_wconf 90' lang='lat' dir='ltr'>nostri</span> <span class='ocrx_word' id='word_1_851' title='bbox 3039 4821 3177 4875; x_wconf 86' lang='lat' dir='ltr'>Jesu</span> <span class='ocrx_word' id='word_1_852' title='bbox 3209 4820 3423 4874; x_wconf 89' lang='lat' dir='ltr'>Christi</span> <span class='ocrx_word' id='word_1_853' title='bbox 3455 4819 3633 4875; x_wconf 89' lang='lat' dir='ltr'>simul</span> <span class='ocrx_word' id='word_1_854' title='bbox 3665 4824 3724 4876; x_wconf 90' lang='lat' dir='ltr'>et</span> 
     </span>
    </p>
   </div>
   <div class='ocr_carea' id='block_1_113' title="bbox 2069 4908 3725 4980">
    <p class='ocr_par' dir='ltr' id='par_1_113' title="bbox 2069 4908 3725 4980">
     <span class='ocr_line' id='line_1_114' title="bbox 2069 4908 3725 4980; baseline -0.002 -13"><span class='ocrx_word' id='word_1_855' title='bbox 2069 4911 2187 4967; x_wconf 88' lang='lat' dir='ltr'>veri</span> <span class='ocrx_word' id='word_1_856' title='bbox 2221 4910 2320 4966; x_wconf 92' lang='lat' dir='ltr'>Dei</span> <span class='ocrx_word' id='word_1_857' title='bbox 2355 4911 2561 4978; x_wconf 91' lang='lat' dir='ltr'>nostri,</span> <span class='ocrx_word' id='word_1_858' title='bbox 2587 4909 2940 4980; x_wconf 89' lang='lat' dir='ltr'>excipientes</span> <span class='ocrx_word' id='word_1_859' title='bbox 2975 4908 3044 4968; x_wconf 56' lang='lat' dir='ltr'>.in</span> <span class='ocrx_word' id='word_1_860' title='bbox 3078 4908 3314 4964; x_wconf 88' lang='lat' dir='ltr'>silentio</span> <span class='ocrx_word' id='word_1_861' title='bbox 3345 4913 3519 4963; x_wconf 68' lang='lat' dir='ltr'>tanta:</span> <span class='ocrx_word' id='word_1_862' title='bbox 3551 4909 3725 4964; x_wconf 87' lang='lat' dir='ltr'>istius</span> 
     </span>
    </p>
   </div>
   <div class='ocr_carea' id='block_1_114' title="bbox 2073 4996 3726 5069">
    <p class='ocr_par' dir='ltr' id='par_1_114' title="bbox 2073 4996 3726 5069">
     <span class='ocr_line' id='line_1_115' title="bbox 2073 4996 3726 5069; baseline -0.001 -14"><span class='ocrx_word' id='word_1_863' title='bbox 2073 5000 2357 5055; x_wconf 87' lang='lat' dir='ltr'>bonitatis</span> <span class='ocrx_word' id='word_1_864' title='bbox 2392 5001 2605 5055; x_wconf 87' lang='lat' dir='ltr'>radios.</span> <span class='ocrx_word' id='word_1_865' title='bbox 2632 5000 2830 5052; x_wconf 81' lang='lat' dir='ltr'>Divina</span> <span class='ocrx_word' id='word_1_866' title='bbox 2855 5014 3105 5067; x_wconf 86' lang='lat' dir='ltr'>namque</span> <span class='ocrx_word' id='word_1_867' title='bbox 3128 4996 3322 5052; x_wconf 86' lang='lat' dir='ltr'>silenti</span> <span class='ocrx_word' id='word_1_868' title='bbox 3355 4998 3557 5069; x_wconf 90' lang='lat' dir='ltr'>requie</span> <span class='ocrx_word' id='word_1_869' title='bbox 3581 4998 3726 5054; x_wconf 84' lang='lat' dir='ltr'>mire</span> 
     </span>
    </p>
   </div>
   <div class='ocr_carea' id='block_1_115' title="bbox 2073 5085 3725 5158">
    <p class='ocr_par' dir='ltr' id='par_1_115' title="bbox 2073 5085 3725 5158">
     <span class='ocr_line' id='line_1_116' title="bbox 2073 5085 3725 5158; baseline -0.001 -14"><span class='ocrx_word' id='word_1_870' title='bbox 2073 5088 2448 5144; x_wconf 89' lang='lat' dir='ltr'>oblectantur</span> <span class='ocrx_word' id='word_1_871' title='bbox 2476 5105 2488 5142; x_wconf 90' lang='lat'><strong>:</strong></span> <span class='ocrx_word' id='word_1_872' title='bbox 2519 5093 2581 5142; x_wconf 91' lang='lat' dir='ltr'>ut</span> <span class='ocrx_word' id='word_1_873' title='bbox 2610 5085 2950 5142; x_wconf 89' lang='lat' dir='ltr'>turbulento</span> <span class='ocrx_word' id='word_1_874' title='bbox 2983 5091 3158 5157; x_wconf 91' lang='lat' dir='ltr'>atque</span> <span class='ocrx_word' id='word_1_875' title='bbox 3191 5086 3505 5158; x_wconf 87' lang='lat' dir='ltr'>irrequieto</span> <span class='ocrx_word' id='word_1_876' title='bbox 3538 5092 3725 5153; x_wconf 90' lang='lat' dir='ltr'>motu,</span> 
     </span>
    </p>
   </div>
   <div class='ocr_carea' id='block_1_116' title="bbox 2075 5175 3726 5248">
    <p class='ocr_par' dir='ltr' id='par_1_116' title="bbox 2075 5175 3726 5248">
     <span class='ocr_line' id='line_1_117' title="bbox 2075 5175 3726 5248; baseline 0 -17"><span class='ocrx_word' id='word_1_877' title='bbox 2075 5195 2206 5248; x_wconf 74' lang='lat' dir='ltr'>quze</span> <span class='ocrx_word' id='word_1_878' title='bbox 2230 5177 2538 5232; x_wconf 76' lang='lat' dir='ltr'>contrarias</span> <span class='ocrx_word' id='word_1_879' title='bbox 2561 5180 2698 5230; x_wconf 90' lang='lat' dir='ltr'>sunt</span> <span class='ocrx_word' id='word_1_880' title='bbox 2729 5179 3065 5246; x_wconf 87' lang='lat' dir='ltr'>potestates.</span> <span class='ocrx_word' id='word_1_881' title='bbox 3087 5175 3288 5229; x_wconf 91' lang='lat' dir='ltr'>Nonne</span> <span class='ocrx_word' id='word_1_882' title='bbox 3314 5175 3596 5231; x_wconf 80' lang='lat' dir='ltr'>inell&#39;abili</span> <span class='ocrx_word' id='word_1_883' title='bbox 3621 5176 3726 5231; x_wconf 87' lang='lat' dir='ltr'>bo-</span> 
     </span>
    </p>
   </div>
   <div class='ocr_carea' id='block_1_117' title="bbox 2075 5262 3725 5333">
    <p class='ocr_par' dir='ltr' id='par_1_117' title="bbox 2075 5262 3725 5333">
     <span class='ocr_line' id='line_1_118' title="bbox 2075 5262 3725 5333; baseline 0 -13"><span class='ocrx_word' id='word_1_884' title='bbox 2075 5265 2244 5321; x_wconf 87' lang='lat' dir='ltr'>nitati</span> <span class='ocrx_word' id='word_1_885' title='bbox 2270 5265 2686 5320; x_wconf 90' lang='lat' dir='ltr'>ascribendum</span> <span class='ocrx_word' id='word_1_886' title='bbox 2713 5267 2821 5332; x_wconf 87' lang='lat' dir='ltr'>est,</span> <span class='ocrx_word' id='word_1_887' title='bbox 2846 5262 3024 5332; x_wconf 91' lang='lat' dir='ltr'>quod,</span> <span class='ocrx_word' id='word_1_888' title='bbox 3051 5279 3177 5332; x_wconf 68' lang='lat' dir='ltr'>qua:</span> <span class='ocrx_word' id='word_1_889' title='bbox 3200 5263 3375 5333; x_wconf 90' lang='lat' dir='ltr'>prius</span> <span class='ocrx_word' id='word_1_890' title='bbox 3400 5281 3512 5319; x_wconf 91' lang='lat' dir='ltr'>non</span> <span class='ocrx_word' id='word_1_891' title='bbox 3537 5268 3725 5333; x_wconf 90' lang='lat' dir='ltr'>erant,</span> 
     </span>
    </p>
   </div>
   <div class='ocr_carea' id='block_1_118' title="bbox 2075 5351 3725 5423">
    <p class='ocr_par' dir='ltr' id='par_1_118' title="bbox 2075 5351 3725 5423">
     <span class='ocr_line' id='line_1_119' title="bbox 2075 5351 3725 5423; baseline -0.001 -14"><span class='ocrx_word' id='word_1_892' title='bbox 2075 5355 2211 5409; x_wconf 83' lang='lat' dir='ltr'>fecit</span> <span class='ocrx_word' id='word_1_893' title='bbox 2242 5357 2307 5408; x_wconf 91' lang='lat' dir='ltr'>ut</span> <span class='ocrx_word' id='word_1_894' title='bbox 2337 5351 2568 5408; x_wconf 84' lang='lat' dir='ltr'>essent?</span> <span class='ocrx_word' id='word_1_895' title='bbox 2619 5351 2735 5406; x_wconf 86' lang='lat' dir='ltr'>Hoc</span> <span class='ocrx_word' id='word_1_896' title='bbox 2782 5354 2872 5405; x_wconf 88' lang='lat' dir='ltr'>est</span> <span class='ocrx_word' id='word_1_897' title='bbox 2918 5354 2985 5406; x_wconf 92' lang='lat' dir='ltr'>ut</span> <span class='ocrx_word' id='word_1_898' title='bbox 3035 5351 3352 5422; x_wconf 86' lang='lat' dir='ltr'>perdurent</span> <span class='ocrx_word' id='word_1_899' title='bbox 3397 5358 3725 5423; x_wconf 88' lang='lat' dir='ltr'>conservat,</span> 
     </span>
    </p>
   </div>
   <div class='ocr_carea' id='block_1_119' title="bbox 2073 5438 3726 5515">
    <p class='ocr_par' dir='ltr' id='par_1_119' title="bbox 2073 5438 3726 5515">
     <span class='ocr_line' id='line_1_120' title="bbox 2073 5438 3726 5515; baseline -0.001 -16"><span class='ocrx_word' id='word_1_900' title='bbox 2073 5443 2157 5499; x_wconf 90' lang='lat' dir='ltr'>sic</span> <span class='ocrx_word' id='word_1_901' title='bbox 2189 5447 2254 5497; x_wconf 91' lang='lat' dir='ltr'>ut</span> <span class='ocrx_word' id='word_1_902' title='bbox 2283 5441 2440 5497; x_wconf 89' lang='lat' dir='ltr'>idem</span> <span class='ocrx_word' id='word_1_903' title='bbox 2471 5442 2550 5496; x_wconf 90' lang='lat' dir='ltr'>sit</span> <span class='ocrx_word' id='word_1_904' title='bbox 2579 5445 2637 5496; x_wconf 89' lang='lat' dir='ltr'>et</span> <span class='ocrx_word' id='word_1_905' title='bbox 2665 5438 2934 5496; x_wconf 90' lang='lat' dir='ltr'>conditor</span> <span class='ocrx_word' id='word_1_906' title='bbox 2981 5444 3040 5495; x_wconf 87' lang='lat' dir='ltr'>et</span> <span class='ocrx_word' id='word_1_907' title='bbox 3091 5446 3481 5509; x_wconf 88' lang='lat' dir='ltr'>conservator,</span> <span class='ocrx_word' id='word_1_908' title='bbox 3505 5441 3726 5515; x_wconf 86' lang='lat' dir='ltr'>quique</span> 
     </span>
    </p>
   </div>
   <div class='ocr_carea' id='block_1_120' title="bbox 2102 5653 2598 5730">
    <p class='ocr_par' dir='ltr' id='par_1_120' title="bbox 2102 5653 2598 5730">
     <span class='ocr_line' id='line_1_121' title="bbox 2102 5653 2598 5730; baseline -0.01 -17"><span class='ocrx_word' id='word_1_909' title='bbox 2102 5656 2178 5730; x_wconf 90' lang='lat' dir='ltr'>(a)</span> <span class='ocrx_word' id='word_1_910' title='bbox 2210 5655 2352 5713; x_wconf 87' lang='lat' dir='ltr'>Gen.</span> <span class='ocrx_word' id='word_1_911' title='bbox 2383 5671 2512 5723; x_wconf 81' lang='lat' dir='ltr'>XLV,</span> <span class='ocrx_word' id='word_1_912' title='bbox 2541 5653 2598 5709; x_wconf 86' lang='lat'>5.</span> 
     </span>
    </p>
   </div>
  </div>
