4034 6214
311 377 416 432 467

1124 376 1490 434 APPENDIX
1535 380 1630 431 AD
1667 376 1908 432 OPERA
1944 379 2000 431 Β.
2043 377 2358 434 DIONYSII
2393 379 2896 438 AREOPAGITE.

3611 382 3717 437 468

311 499 512 556 omnia
543 499 705 571 cupit
732 497 1106 554 vehementer
1157 516 1260 571 pro
1303 500 1592 570 cujusque
1631 497 1959 570 aptitudine

2085 491 2130 550 Βὶ
2151 497 2239 550 καὶ
2270 501 2429 570 σῶμα
2455 496 2660 576 ἔλεγον.
2707 498 2874 563 Ὀλος
2925 503 3038 569 οὖν,
3088 501 3273 575 φησὶν,
3320 503 3348 558 6
3389 503 3609 576 Κύριος,
3645 503 3723 564 ὡς

313 590 384 644 ad
420 589 506 644 sui
541 605 717 660 quam
752 587 1122 643 simillimam
1160 587 1551 643 imitationem
1583 587 1864 642 advocare
1894 602 1959 640 ac

271 677 648 750 'provehere.
703 677 852 743 Quid
909 681 1126 746 autem,
1153 678 1254 748 qui
1302 688 1355 732 et
1397 694 1430 732 a
1459 694 1520 732 se
1569 675 1962 731 desciscentes

311 767 566 832 deamat,
602 766 952 821 adhortatur
982 767 1308 821 etiamnum
1345 783 1416 821 ne
1446 765 1537 820 vel
1569 766 1805 821 tandem
1840 781 1872 818 a
1903 780 1965 818 se

313 855 622 911 excidant?
652 855 798 910 Nam
824 855 932 910 hac
954 855 1141 926 gratia
1164 851 1521 928 Παρακλητος
1544 858 1802 909 vocatur.
1829 853 1966 907 Hor-

313 948 476 1000 tatur
494 944 649 999 enim
673 947 936 1014 oratque,
963 959 1032 997 ne
1056 943 1139 998 sic
1170 943 1411 1014 indigne
1433 944 1505 997 ab
1527 943 1611 997 eis
1636 943 1962 1007 deseratur,

319 1034 417 1106 qui
443 1033 722 1089 difﬂuunt
744 1032 994 1097 deliciis,
1021 1037 1197 1102 atque
1219 1031 1462 1102 insuper
1493 1031 1853 1087 insolescunt
1875 1047 1968 1084 su-

319 1139 425 1195 pra
456 1123 719 1178 modum.
741 1121 1069 1192 Usurpatur
1091 1124 1285 1175 autem
1311 1120 1431 1176 haec
1465 1120 1640 1176 dictio
1667 1117 1969 1192 θρυπτομέ-

315 1232 448 1282 νων,
483 1213 553 1267 de
585 1212 657 1267 iis
689 1213 791 1283 qui
837 1209 1134 1282 impendio
1177 1215 1470 1279 amantur,
1496 1210 1596 1280 qui
1631 1207 1968 1264 fruitionem

323 1303 478 1358 264
519 1299 861 1355 deliciarum
911 1314 1058 1368 quas
1089 1299 1162 1353 ab
1195 1297 1559 1353 amatoribus
1607 1301 1865 1368 sperant,
1899 1297 1970 1350 de

318 1390 412 1444 die
443 1390 500 1444 in
533 1389 688 1444 diem
721 1389 1086 1456 diﬁ‘erentes,
1118 1387 1229 1442 isto
1264 1392 1514 1440 utuntur
1544 1402 1841 1457 corporeo,
1862 1384 1969 1440 hoc

321 1483 410 1534 est
441 1478 766 1550 praefracto,
792 1482 849 1532 et
881 1475 1040 1530 molli
1065 1481 1230 1547 gestu
1262 1476 1551 1546 corporis;
1585 1490 1765 1546 quare
1797 1472 1970 1528 dictio

321 1567 444 1622 haec
476 1567 544 1620 ad
575 1583 662 1622 res
696 1565 1000 1637 plerasque
1023 1563 1168 1618 alias
1192 1564 1616 1618 transsumitur
1645 1559 1972 1618 consimilis

323 1657 546 1711 formas.
579 1655 711 1710 Jam
745 1654 862 1709 illis
893 1652 1222 1708 inconsulte
1253 1657 1308 1707 et
1340 1651 1555 1708 frustra
1583 1652 1722 1706 vitio
1752 1657 1974 1705 verten-

325 1745 487 1800 tibus
518 1748 740 1800 tantam
769 1741 1214 1814 benignitatem,
1235 1741 1553 1796 clementer
1573 1757 1674 1812 per
1702 1757 1762 1795 se
1785 1740 1976 1794 reddit

330 1851 567 1890 causam
601 1837 776 1888 tantae
806 1831 980 1886 istius
1011 1831 1298 1896 lenitatis;
1332 1829 1473 1902 quin
1511 1829 1704 1900 potius
1737 1828 1819 1883 sic
1847 1827 1972 1882 vul-

331 1939 473 1978 nera
505 1921 711 1976 animaa
763 1924 1103 1976 curaturum
1136 1936 1195 1973 se
1229 1917 1554 1989 pollicetur.
1588 1916 1730 1971 Mihi
1780 1915 1975 1987 accipe

325 2007 422 2066 his
452 2009 644 2064 verbis
678 2007 967 2064 insinuari
1000 2006 1225 2078 prodigi
1257 2006 1417 2060 illius
1449 2003 1808 2077 parabolam,
1834 1994 1976 2074 quo-

327 2115 463 2155 nam
498 2099 667 2154 modo
698 2102 865 2169 pater
913 2096 1038 2167 ipse
1093 2094 1326 2166 longius
1357 2095 1546 2150 adhuc
1577 2093 1783 2149 dissito
1815 2109 1972 2148 acce-

325 2188 483 2243 denti
519 2193 712 2242 tamen
749 2186 908 2256 prior
943 2184 1202 2240 occurrit
1251 2183 1556 2255 pergitque
1602 2183 1832 2247 obvius,
1865 2183 1975 2236 cir-

323 2276 668 2348 cumplexus
699 2275 888 2329 filium
934 2272 1172 2329 amabili
1205 2271 1407 2328 osculo
1455 2272 1672 2344 pariter
1701 2276 1758 2326 et
1789 2270 1978 2326 salute

307 2366 626 2438 dignatur.
660 2381 860 2419 eorum
915 2363 1248 2428 immemor,
1276 2377 1404 2432 quin
1435 2361 1485 2416 is
1517 2361 1786 2416 decoctor
1815 2359 1979 2430 prius

324 2454 679 2521 admiserat;
712 2452 1104 2524 praesentibus
1135 2467 1370 2522 quoque
1402 2450 1556 2504 diem
1590 2449 1796 2504 indicit
1828 2448 1978 2504 cele-
2019 2495 2022 2498 ί

325 2545 512 2600 briter
541 2542 894 2614 exigendum
929 2558 1045 2596 una
1073 2555 1205 2594 cum
1232 2538 1343 2594 sibi
1368 2537 1734 2594 charissimis
1755 2537 1979 2592 virtuti-

325 2632 460 2698 bus,
487 2637 551 2686 ut
596 2649 714 2685 una
760 2630 840 2684 sit
887 2628 1303 2683 collmlantium
1357 2627 1621 2681 omnium
1674 2626 1979 2691 habitatio,

329 2722 616 2778 nimirum
650 2727 714 2775 ut
743 2719 986 2774 insimul
1019 2733 1224 2773 omnes
1254 2715 1684 2770 exhilarescant
1715 2719 1771 2770 et
1802 2713 1980 2770 collzs-

329 2815 550 2867 tentur.
575 2810 658 2865 Ad
683 2827 816 2865 eum
850 2808 1087 2863 modum
1115 2806 1385 2877 praesenti
1417 2804 1542 2858 loco
1565 2806 1982 2875 interpretatur

333 2905 506 2957 Pater
549 2903 675 2971 jam
708 2900 921 2954 dictam
977 2897 1352 2953 sententiam.
1386 2896 1547 2961 Quod
1589 2899 1784 2950 autem
1817 2895 1978 2962 dicit,

333 2986 506 3048 ’Όλος
540 2986 704 3047 ὅλους
732 2986 991 3060 περιθείς.
1013 2986 1069 3040 id
1095 2991 1183 3042 est
1201 2994 1346 3040 totus
1376 2989 1511 3039 totos
1530 2983 1940 3050 circumplexus
1961 3001 1980 3036 :

334 3077 482 3133 mire
512 3076 752 3148 quidem
802 3076 908 3130 hoc
941 3075 1098 3142 facit,
1131 3090 1230 3129 eos
1280 3073 1677 3144 pudefaciens,
1710 3072 1806 3143 qui
1858 3079 1978 3126 tum

2070 587 2253 659 ψυχὴν
2282 586 2369 641 καὶ
2403 591 2559 661 σῶμα
2578 584 2785 657 λαϐῶν,
2815 589 2976 651 ὅλους
2998 592 3145 662 ἡμᾶς
3164 589 3292 652 τοὺς
3325 589 3384 644 ἐκ
3414 594 3602 665 ψυχῆς
3631 592 3724 646 καί

2071 675 2325 758 σώματος
2373 677 2621 733 σέσωκεν.
2675 679 2844 734 Ἦσαν
2906 675 2962 732 δὲ
3017 679 3140 733 τότε
3200 680 3252 732 οἱ
3304 680 3408 734 ἀπὸ
3443 678 3727 752 Σίμωνος,

2070 760 2288 824 καίἓως
2345 764 2505 819 αὐτοῦ
2563 767 2861 842 Κηρίνθου,
2913 767 2989 829 ὡς
3041 764 3304 837 δηλοῦσιν
3362 769 3417 821 οἱ
3467 766 3729 836 παλαιοὶ,

2074 851 2577 928 φησίν,Εῗ’ρηναῖος
2627 857 2712 910 καὶ
2769 855 3101 918 Ἱππόλυτος
3144 858 3272 928 (83).
3309 857 3637 934 Δημόφιλος
3671 854 3729 912 δὲ

2073 939 2161 993 καὶ
2194 937 2349 1003 εἶ’τις
2383 940 2553 1004 ἄλλος
2598 945 2716 998 κατ’
2759 943 2940 1015 αὸτὸν,
2993 943 3327 1017 ὶπιτιμᾶται,
3386 945 3545 1015 φησὶ,
3579 948 3732 1020 παρὰ

2073 1033 2168 1082 τοῦ
2201 1035 2334 1084 Θεοῦ
2366 1027 2619 1102 δηλονότι
2651 1037 2746 1087 τοῦ
2788 1033 2878 1088 καὶ
2926 1031 3291 1108 ἁμαρτωλοὺς
3329 1032 3583 1098 θέλοντος
3614 1057 3732 1089 σω-

2078 1119 2256 1189 θῆναι,
2305 1119 2393 1174 καὶ
2452 1118 2820 1177 ἐκδιδάσκεται
2869 1125 2996 1198 παρ’
3044 1122 3229 1191 αὐτοῦ,
3295 1123 3391 1177 Καὶ
3449 1128 3568 1186 πῶς
3631 1123 3736 1178 οὐκ

2077 1204 2206 1274 ἔδει,
2258 1206 2535 1282 λὲγοντος,
2589 1209 2675 1264 ἐπὶ
2727 1211 2972 1287 σωτηρίᾳ
3023 1215 3090 1285 τῇ
3151 1209 3240 1266 διὰ
3290 1212 3582 1284 μετανοίας
3637 1215 3734 1268 εὖ·

2078 1296 2385 1372 φραίνεσθαι
2420 1317 2434 1369 ;
2469 1298 2639 1360 Αὐτὸς
2661 1300 2760 1375 γάρ
2794 1299 2908 1373 εἶμι
2933 1301 2960 1355 6
2992 1299 3074 1354 ἰπ⁹
3105 1299 3272 1373 ὤμων
3295 1298 3425 1374 ἄρας
3453 1303 3516 1356 τὸ
3545 1301 3732 1357 ἀπολ-

2079 1383 2248 1453 ωλὸς,
2307 1386 2334 1440 6
2394 1387 2634 1461 χρηστὸς
2689 1386 2776 1442 ἐπὶ
2847 1387 2978 1450 τοὺς
3037 1389 3388 1464 ἀχαρίστους.
3437 1392 3560 1446 "Et:
3620 1390 3730 1465 γὰρ

2081 1472 2428 1546 ἁμαρτωλῶν
2463 1471 2631 1530 ὄντων
2682 1477 2868 1550 ᾐμῶν,
2929 1477 3158 1553 Χριστὸς
3211 1478 3340 1553 ὑπὲρ
3399 1481 3562 1551 ἡμῶν
3595 1480 3734 1534 ἀπέ-

2083 1563 2226 1632 θανε,
2275 1563 2437 1640 φησὶν
2507 1564 2536 1618 ὅ
2585 1570 2728 1628 θεῖος
2778 1566 3140 1636 Ἀπόστολος,
3201 1567 3229 1621 6
3285 1565 3600 1622 ἀνατέλλων
3631 1568 3729 1622 τὸν

2080 1649 2243 1719 ¹ἥλιον
2297 1651 2385 1706 ἐπὶ
2441 1653 2716 1728 πονηροὺς
2767 1654 2854 1709 καὶ
2911 1654 3165 1729 ἀγαθοὺς,
3218 1657 3252 1725 ἦ
3313 1656 3444 1734 φησῖ
3501 1657 3570 1711 τὰ
3607 1657 3732 1729 ἱερὰ

2082 1739 2384 1814 Εὐαγγὲλια
2399 1761 2411 1772 ο
2430 1743 2457 1796 6
2474 1742 2640 1804 τιθεὶς
2665 1745 2763 1811 τὴν
2785 1745 2968 1818 ψυχὴν
2997 1744 3129 1816 ὑπὲρ
3149 1748 3257 1798 τῶν
3281 1744 3730 1821 ἀποφευγόντων.

2086 1827 2160 1880 Σὺ
2193 1825 2270 1900 δὲ,
2303 1828 2347 1882 ὦ
2370 1829 2675 1908 Δημόφιλε,
2695 1831 2770 1893 ὡς
2792 1832 2858 1885 τὰ
2875 1831 3171 1907 γράμματᾶ
3201 1853 3294 1887 σου
3327 1829 3514 1903 δηλοῖ,
3538 1835 3734 1906 (αὐτὸς

2082 1917 2183 1991 γὰρ
2228 1918 2620 1992 προαπέστειλε
2647 1925 2728 1992 τῷ
2776 1920 2929 1994 ἁγίῳ,
2978 1916 3406 1997 ἐναϐρυνόμενος
3465 1924 3581 1976 οἷον
3640 1923 3736 1978 ἰπὶ

2082 2010 2161 2077 τῷ
2189 2004 2493 2062 τελεσθὲντι
2599 2005 2780 2082 λέγεις
2826 2014 2978 2084 γοῦν,
3012 2009 3094 2064 ὅτι
3125 2011 3211 2065 καὶ
3244 2010 3624 2086 προσπεσόντα
3650 2016 3735 2083 τῷ

2085 2091 2434 2171 πρεσϐυτέρῳ
2480 2092 2645 2182 ἀσεϐῆ
2700 2097 2794 2152 καὶ
2849 2097 3201 2174 ἁμαρτωλὸν,
3252 2101 3433 2182 (τοῦτο
3489 2097 3545 2155 δὲ
3594 2101 3736 2155 κατὰ

2083 2185 2176 2238 τὸν
2207 2183 2412 2239 ἐκείνου
2445 2181 2588 2259 λέγει
2621 2184 2815 2260 λόγον,
2860 2185 2949 2240 καὶ
3005 2186 3066 2240 οὗ
3107 2181 3288 2250 καθὼς
3319 2190 3354 2258 ἡ
3382 2189 3535 2263 ψυχὴ
3566 2189 3737 2243 αὐτοῦ

2087 2265 2204 2347 ἔχει
2240 2291 2252 2304 α
2289 2269 2412 2327 οὐδὲ
2440 2274 2540 2348 γὰρ
2567 2273 2739 2335 οὕτως
2761 2273 2876 2350 ἔχει
2900 2277 3014 2348 (84)
3035 2270 3200 2345 ἀσεϐῆ
3224 2277 3312 2331 τὸν
3346 2277 3450 2331 ἀπὸ
3469 2277 3742 2352 ἁμαρτίας

2093 2365 2484 2435 μετανοοῗιντα)
2536 2364 2653 2418 κατ’
2724 2363 2888 2418 αὐτοῦ
2963 2363 3149 2440 παρών
3215 2363 3605 2428 ἀπελάκτισας.
3663 2369 3743 2424 Τὸ

2090 2447 2147 2504 δὶ
2177 2445 2346 2519 ἀσεϐῆ
2376 2451 2464 2505 καὶ
2506 2450 2830 2525 ἁμαρτωλὸν
2882 2453 2995 2508 ἀντὶ
3042 2460 3255 2528 γενικῆς
3305 2453 3536 2516 ἆττικῶς
3569 2454 3744 2525 εἴλη-

2090 2561 2204 2617 φεν.
2242 2541 2372 2596 Εἶτα
2405 2542 2431 2594 6
2467 2541 2559 2613 μὶν
2615 2538 2786 2597 ἐδεῖτο
2843 2547 3018 2612 ζητῶν
3075 2543 3358 2616 θεραπείαν
3394 2563 3406 2575 ·
3455 2543 3517 2598 σὺ
3549 2541 3608 2598 δὲ
3639 2547 3744 2599 οὐκ

2090 2625 2326 2701 ἔφριξας,
2359 2623 2504 2682 ἀλλᾶ
2533 2628 2621 2681 καὶ
2664 2630 2756 2683 τὸν
2805 2628 2950 2702 ἱερέα
2997 2626 3337 2705 καθῦὄριζες,
3371 2629 3740 2686 δικαιώσαντα

2087 2716 2178 2770 τὸν
2209 2716 2344 2770 κατᾶ
2374 2717 2431 2770 σε
2483 2711 2647 2786 ἀσεϐῆ
2682 2717 2756 2780 ὡς
2803 2715 3129 2790 ἁμαρτωλὸν
3188 2717 3245 2772 EA
3261 2720 3381 2781 ἐους
3424 2717 3569 2790 ἄξιον
3604 2720 3740 2774 εἶναι

2095 2809 2454 2876 μετανοοῦντα
2486 2823 2499 2837 ⁶
2532 2804 2622 2860 καὶ
2663 2801 2846 2878 τέλος,
2887 2799 3082 2878 ⁸⁸Εξιθι,
3133 2805 3288 2884 ἔφης,
3332 2808 3421 2862 καὶ
3453 2807 3616 2870 αὐτὸς
3651 2809 3731 2871 εἷς

2087 2895 2154 2948 τὰ
2211 2890 2376 2948 ἄδυτα
2455 2891 2841 2966 εἰσεπήδησας,
2919 2896 3009 2950 καὶ
3065 2896 3132 2951 τὰ
3197 2898 3439 2972 ἄχραντα
3501 2897 3740 2970 ’συνῆξας

2096 2986 2387 3057 μυστήρια,
2442 2983 2612 3038 οἱονεὶ
2697 2982 2925 3059 ἐπῆρας,
2985 2985 3090 3039 ἀπὸ
3173 2991 3271 3040 τοῦ
3348 2986 3738 3060 θυσιαστηρίου

2096 3068 2362 3146 βαστάσας
2394 3073 2504 3146 (85)
2538 3092 2550 3105 ⁸
2587 3071 2661 3135 ὥς
2712 3071 2856 3128 ἔοικε
2911 3075 3014 3150 γὰρ
3059 3070 3136 3128 ἔτι
3189 3071 3596 3151 λειτουργοῦντι
3655 3079 3739 3146 τῷ

334 3171 520 3234 erant,
556 3165 896 3221 haereticos:
933 3165 1031 3236 qui
1063 3163 1300 3236 quidem
1346 3163 1604 3219 animam
1637 3162 1850 3218 salvari
1883 3179 1975 3233 per

2089 3160 2226 3233 ἱερεῖ
2271 3159 2466 3230 ἐπέστη
2523 3162 2550 3215 6
2609 3161 2952 3235 Δημόφιλος.
3009 3165 3186 3219 Τοῦτο
3244 3167 3373 3238 γοῦν
3432 3164 3743 3235 πεποίηκας

331 3255 435 3312 Dei
493 3255 770 3330 gratiam,
821 3235 1128 3308 noniitem
1177 3269 1388 3323 corpus
1439 3251 1852 3323 praedicabant.
1887 3251 1975 3304 Ait

2095 3248 2319 3318 ἀναξίως
2353 3267 2367 3280 ⁸
2419 3246 2681 3303 διακόνων
2738 3251 2839 3325 γὰρ
2895 3249 2985 3304 καὶ
3035 3235 3410 3327 πρεσϐυτέρων
3458 3251 3518 3306 τὸ
3557 3258 3739 3306 ποιεῖν

334 3361 472 3417 ergo
504 3349 744 3400 sanctus
771 3360 784 3398 :
808 3344 992 3398 Totus
1048 3340 1350 3406 Dominus,
1381 3344 1445 3396 ut
1477 3340 1576 3411 qui
1622 3342 1679 3394 et
1723 3339 1982 3394 animam

333 3439 391 3490 et
417 3451 629 3507 corpus
663 3432 1006 3504 assumpsit,
1036 3447 1142 3486 nos
1186 3434 1360 3495 totos,
1395 3429 1493 3500 qui
1539 3428 1737 3483 anima
1766 3433 1823 3483 et
1852 3444 1983 3482 cor-

333 3541 475 3596 pore
507 3522 914 3589 subsistimus,
935 3519 1130 3576 salvos
1152 3518 1302 3574 fecit.
1326 3519 1502 3573 Erant
1521 3517 1674 3573 enim
1703 3521 1843 3571 tunc
1875 3516 1984 3572 hoc

333 3630 529 3670 errore
561 3611 770 3668 imbuti
797 3611 867 3666 ab
889 3609 1016 3680 ipso
1040 3609 1276 3664 Simone
1308 3607 1377 3663 ad
1412 3606 1574 3661 illum
1601 3622 1786 3676 usque
1813 3606 1985 3678 pesti-

333 3703 554 3759 lentem
587 3701 926 3758 Cerinthum
958 3716 971 3754 :
1008 3697 1510 3770 quemadmodum
1544 3694 1862 3762 declarant,
1885 3693 1982 3764 qui

333 3793 491 3848 inter
522 3792 746 3864 priscos
791 3792 1202 3846 numerantur.
1236 3789 1492 3842 Irenazus
1529 3789 1586 3840 et
1615 3783 1981 3855 Hippolytus.

333 3886 614 3935 Caeterum
666 3877 1067 3948 Demophilus,
1109 3879 1166 3930 et
1216 3875 1264 3929 si
1316 3872 1449 3945 quis
1500 3872 1652 3927 alius
1703 3870 1983 3926 assimilis

333 3967 495 4034 huic,
521 3987 554 4023 a
576 3969 692 4022 Deo
717 3965 1124 4036 coarguendos
1155 3962 1332 4029 venit,
1356 3963 1426 4017 ab
1457 3979 1523 4017 eo
1556 3961 1860 4029 nimirum,
1882 3960 1982 4032 qui

332 4054 461 4108 vult
491 4059 823 4124 peccatores
853 4054 923 4107 ad
959 4055 1210 4106 salutem
1247 4051 1597 4121 pertingere,
1623 4054 1796 4120 atque
1824 4049 1894 4102 ab
1917 4063 1983 4102 eo

333 4141 749 4211 edocetur,qui
781 4141 861 4194 ait
891 4158 902 4194 :
929 4140 1130 4194 Nonne
1161 4139 1468 4208 oportebat
1499 4141 1552 4191 te
1585 4135 1857 4191 collaatari
1891 4152 1982 4190 sa-

330 4229 474 4286 lutis
502 4246 604 4302 per
629 4229 1030 4301 pcsnitentiam
1054 4226 1350 4298 ομ]ωεὶιωῖ
1373 4225 1651 4295 Equidem
1678 4223 1804 4295 ipse
1826 4241 1983 4292 sum,

331 4319 431 4392 qui
460 4336 562 4391 per
593 4319 871 4373 humeros
921 4315 1136 4371 sustuli
1185 4315 1342 4386 quod
1394 4314 1678 4384 perierat:
1711 4313 1858 4383 ipse,
1883 4312 1983 4384 qui

331 4424 471 4480 erga
501 4406 720 4479 alioqui
754 4405 1017 4478 ingratos
1063 4404 1386 4475 benignum
1433 4419 1525 4456 me
1556 4400 1817 4472 praestiti.
1852 4400 1982 4455 Cum

331 4499 487 4554 enim
539 4497 650 4568 ipsi
705 4501 1022 4567 peccatores
1066 4491 1247 4548 adhuc
1295 4507 1553 4558 essemus,
1588 4489 1834 4544 Christus
1880 4505 1982 4560 pro

2091 3341 2337 3406 τοιαῦτα,
2369 3342 2464 3392 τοῦ
2494 3336 2666 3410 νόμου
2717 3337 2998 3413 λέγοντος,
3051 3340 3150 3396 Καὶ
3200 3341 3252 3394 οἱ
3296 3341 3459 3416 ἱερεῖς
3487 3361 3740 3416 περιστε-

2095 3424 2251 3481 λοῦσι
2283 3426 2348 3480 τὰ
2399 3427 2541 3500 ἅγια,
2598 3426 2671 3489 ὡς
2717 3425 2804 3481 καὶ
2856 3427 2906 3482 ἐν
2949 3433 3065 3490 τοῖς
3113 3429 3237 3498 ἑξῆς
3278 3449 3433 3505 φησι.
3475 3430 3575 3484 Καὶ
3601 3428 3741 3504 γρά-

2094 3536 2234 3589 φεις,
2275 3515 2358 3569 ὅτι
2417 3514 2688 3588 μέλλοντα
2733 3513 3092 3594 διαφθαρῆναι
3145 3517 3211 3572 τὰ
3253 3519 3376 3592 ἅγια
3405 3518 3742 3588 ἆπέσωσαςς

2092 3605 2203 3660 Νῦν
2235 3605 2325 3658 οὖν
2368 3601 2529 3659 ἄκουε
2558 3605 2647 3659 καὶ
2686 3610 2794 3660 τῶν
2853 3604 3155 3680 ἡμετέρων.
3207 3605 3284 3663 Οὐ
3344 3608 3568 3679 θεμιτὸν
3601 3626 3740 3681 πρε-

2093 3687 2369 3768 σϐύτερον,
2417 3690 2513 3748 κᾶν
2561 3691 2882 3769 ἁμαρτάνοι,
2940 3694 3042 3749 ὑπὸ
3094 3691 3346 3750 διακόνου
3391 3693 3742 3772 ὕψηλοτέρου

2091 3802 2208 3847 σου,
2240 3779 2276 3851 ἤ
2324 3781 2414 3836 καὶ
2477 3782 2825 3855 μονάζοντος,
2877 3781 3204 3841 εὐθύνεσθαι.
3255 3783 3411 3854 Τάξις
3451 3784 3557 3858 γὰρ
3611 3806 3742 3838 συνο

2091 3868 2205 3946 ἔχει
2238 3869 2409 3924 πάντα
2441 3889 2454 3902 ·
2488 3871 2643 3942 πόσῳ
2674 3891 2734 3946 γε
2787 3867 3002 3944 μᾶλλον
3047 3870 3134 3925 ἐπὶ
3181 3876 3298 3933 τοῖς
3327 3873 3627 3944 ἡμετέροις
3658 3870 3744 3928 δεῖ

2087 3959 2187 4025 τὴν
2218 3957 2362 4031 τάξιν
2413 3957 2820 4036 φυλάττεσθαις
2871 3959 2915 4014 εἷ
2953 3959 3053 4035 γὰρ
3103 3959 3311 4030 ἀταξία,
3369 3959 3569 4015 λοιπὸν
3612 3961 3742 4034 ἐμε-

2093 4046 2245 4122 ρίσθη
2279 4045 2360 4124 ἐφ’
2392 4047 2576 4102 ἑαυτὸν
2601 4049 2629 4102 6
2680 4043 2808 4110 Θεὸς
2845 4066 2859 4080 ⁸
2910 4054 3055 4103 πᾶσα
3094 4045 3152 4102 δὲ
3185 4048 3454 4125 βασιλεία,
3485 4049 3614 4120 ἥτις
3646 4072 3743 4123 μευ

2092 4137 2422 4211 ρισθήσεται,
2458 4135 2518 4190 οὔ
2577 4139 2918 4206 σταθήσεται.
2979 4136 3075 4194 Καὶ
3138 4136 3184 4192 εἰ
3232 4141 3327 4193 τοῦ
3361 4141 3495 4193 Θεοῦ
3525 4137 3673 4193 ἔστιν
3705 4142 3742 4210 ἡ

2088 4225 2285 4297 κρίσις,
2319 4222 2542 4299 ἄγγελοι
2599 4222 2656 4279 δὲ
2703 4230 2836 4281 Θεοῦ
2887 4225 2938 4280 οἱ
2987 4226 3152 4301 ἱερεῖς
3213 4226 3345 4299 μετᾶ
3389 4225 3520 4288 τοὺς
3551 4227 3744 4304 ἱεράρ-

2091 4333 2193 4389 χας
2229 4312 2352 4369 εἶσί.
2389 4311 2462 4367 Σὺ
2495 4310 2551 4367 δὶ
2582 4311 2708 4368 οὒδὶ
2757 4318 2874 4377 τοῖς
2922 4313 3287 4389 λειτουργοῖς,
3325 4312 3584 4386 δηλονότι
3623 4321 3746 4378 τοῖς

2092 4401 2390 4471 διακόνοις,
2424 4403 2826 4476 συνιστάμενος,
2882 4399 3027 4458 ἀλλᾶ
3061 4405 3176 4476 μετ’
3210 4402 3432 4475 αὐτοὺς,
3457 4401 3531 4458 δι’
3563 4404 3746 4460 αὐτῶν

2089 4489 2409 4545 ἐκδιδάσκου
2440 4492 2586 4566 παρὰ
2639 4495 2747 4545 τῶν
2806 4490 2994 4566 ἱερὲιυν
3049 4493 3184 4564 (86),
3244 4489 3315 4545 δι’
3371 4493 3445 4546 ὧν
3491 4492 3744 4563 ἠξιώθης

329 4587 490 4644 nobis
531 4595 780 4642 mortuus
821 4586 922 4652 est,
957 4581 1162 4639 scribit
1207 4579 1574 4636 admirabilis
1606 4578 1703 4634 ille
1735 4583 1975 4650 Aposto-

2089 4581 2179 4635 καὶ
2210 4581 2270 4633 τὸ
2302 4581 2634 4654 θεραπευτής
2664 4579 2821 4648 εἶναι,
2871 4581 3008 4650 (καθ’
3057 4575 3352 4650 ὑπερϐατὸν
3383 4581 3484 4657 γὰρ
3535 4584 3571 4651 ὴ
3617 4583 3741 4636 σύν-

329 4679 426 4735 lus
443 4679 541 4751 (b).
561 4679 671 4748 Qui
693 4677 1022 4732 etiamnum
1043 4675 1183 4730 oriri
1201 4674 1343 4743 facit
1363 4673 1527 4726 solem
1547 4687 1712 4740 super
1731 4670 1902 4724 malos
1925 4677 1977 4724 et

332 4770 518 4836 bonos,
552 4765 1053 4840 quemadmodum
1087 4761 1260 4817 refert
1290 4761 1438 4816 sacri
1480 4761 1745 4814 doctrina
1790 4761 1974 4814 Evan-

329 4857 462 4930 gelii
490 4858 586 4929 (c);
622 4855 722 4928 qui
755 4854 1013 4910 animam
1040 4868 1272 4923 quoque
1301 4867 1466 4906 suam
1503 4850 1664 4920 ponit
1695 4866 1797 4920 pro
1829 4850 1978 4904 refu-

328 4949 439 5021 gis.
473 4950 561 5003 Tu
595 4951 812 5016 autem,
846 4962 878 5000 o
910 4942 1274 5016 DemOphile,
1299 4945 1362 4996 ut
1393 4945 1504 4994 tua:
1552 4939 1852 4994 declarant
1881 4939 1976 4994 lit-

325 5041 460 5093 tera:
491 5037 679 5110 (prius
709 5034 865 5092 enim
901 5033 970 5089 ad
1007 5035 1277 5087 sanctum
1327 5029 1549 5084 litteras
1584 5029 1708 5100 ipse
1739 5029 1979 5083 dederat

323 5125 710 5198 Demophilus
742 5123 923 5194 hujus
956 5120 1193 5176 nuntias
1228 5119 1360 5174 facti
1397 5136 1409 5173 :
1446 5118 1664 5189 quibus
1695 5133 1822 5172 sese
1852 5117 1974 5188 glo-

324 5217 540 5272 riosius
564 5214 861 5278 eﬂ‘erebat,
889 5211 1059 5282 quasi
1097 5209 1327 5265 facinus
1359 5207 1679 5280 peregisset
1704 5221 1834 5261 cum
1860 5206 1975 5276 pri-

323 5306 437 5360 mis
469 5303 640 5358 laude
667 5301 956 5372 dignum),
975 5299 1123 5354 diois
1148 5299 1345 5370 igitur,
1372 5296 1510 5368 quia
1538 5295 1818 5349 adversus
1839 5309 1972 5349 eum

323 5392 426 5463 qui
469 5391 804 5463 presbytero
851 5388 1200 5460 prociderat,
1234 5386 1486 5458 impium
1520 5388 1577 5439 et
1609 5388 1971 5454 peccatorem

323 5482 502 5539 talem
535 5481 692 5536 hunc
720 5481 896 5536 refert
927 5478 1092 5532 Pater
1131 5479 1304 5547 juxta
1351 5473 1677 5546 Demophili
1708 5474 1971 5539 verbum,

396 5700 474 5772 (ὁ)
506 5697 672 5754 Rom.
705 5712 759 5767 v,
789 5695 842 5750 9.
920 5694 990 5765 (c)
1021 5691 1221 5751 Matth.
1253 5709 1308 5766 v,
1341 5694 1428 5752 45.

2088 4669 2238 4739 ταξις
2273 4675 2342 4738 ·)
2391 4669 2526 4743 πρὸς
2585 4667 2760 4723 αὐτῶν
2810 4665 3070 4738 δηλονότι
3119 4673 3225 4724 τῶν
3286 4669 3471 4744 ἱερέων
3529 4668 3741 4726 ἰκδιδά·

2087 4780 2217 4814 σκου
2249 4760 2382 4830 (87),
2415 4755 2485 4812 δι’
2524 4759 2597 4811 ὧν
2643 4758 2731 4812 καὶ
2787 4759 3088 4834 μοναχῖκόν
3135 4779 3218 4814 σοι
3271 4765 3464 4834 σχῆμα
3497 4757 3736 4818 δέδοται.

2086 4855 2157 4903 Ἤ
2192 4847 2320 4922 οὐχῖ
2355 4852 2616 4921 μαρτυρεῖ
2657 4869 2761 4919 μου
2802 4851 2878 4901 τῶ
2940 4846 3088 4923 λόγῳ
3145 4847 3232 4902 καὶ
3264 4847 3399 4902 αὐτᾶ
3435 4848 3506 4904 τὰ
3535 4857 3637 4919 τῆς
3671 4849 3739 4904 is.

2089 4943 2182 5014 ρᾶς
2213 4935 2412 5006 τάξεως
2470 4932 2769 5008 σόμϐολας
2819 4938 3087 4991 ’Ἰστανται
3144 4938 3244 5012 γὰρ
3296 4935 3345 4991 ἐν
3403 4938 3496 5011 μὲν
3530 4943 3611 5010 τῷ
3644 4949 3740 5002 θυ-

2088 5046 2388 5100 σιαστηριῳ
2418 5028 2634 5099 πρῶτον
2686 5025 2984 5100 ἀρχιερεῖς,
3037 5024 3150 5080 εἶτα
3196 5025 3382 5098 ἱερεῖς,
3435 5028 3553 5081 εἶτα
3607 5029 3742 5103 πρὸς

2083 5120 2201 5176 ταῖς
2260 5111 2461 5176 πύλαις
2487 5112 2729 5167 διάκονοι
2770 5131 2781 5146 ·
2815 5110 3009 5183 ἔξωθεν
3045 5110 3102 5168 δὲ
3129 5119 3236 5168 τῶν
3279 5113 3469 5169 πυλῶν
3493 5117 3546 5169 οἱ
3578 5117 3739 5190 θεραο

2085 5203 2300 5274 πευταὶ,
2333 5203 2468 5276 πρὸς
2501 5201 2686 5263 αὐταῖς
2734 5201 3036 5275 ἱστάμενοι,
3086 5201 3146 5257 οὗ
3195 5203 3330 5278 πρὸς
3361 5200 3617 5278 φυλακὴν
3650 5205 3741 5260 αὐ-

2083 5289 2284 5359 τῶνδή
2315 5295 2424 5345 τῶν
2470 5289 2682 5362 πυλῶν,
2726 5292 2908 5363 (τοῦτο
2951 5292 3052 5367 γὰρ
3107 5295 3212 5345 τῶν
3250 5290 3387 5368 πρὸς
3430 5292 3621 5356 αὐταῖς
3653 5293 3738 5348 ἐν·

2081 5381 2174 5442 τὸς
2222 5377 2522 5452 ἱσταμένων
2576 5377 2933 5455 λειτουργῶν,
3002 5377 3260 5450 δηλονότι
3320 5379 3587 5436 διακόνων
3647 5384 3731 5437 καὶ

2083 5465 2470 5542 ὑποδιακόνων,
2502 5467 2642 5524 ἐστίν
2673 5485 2686 5501 ο
2721 5469 2739 5542 )
2797 5464 2944 5522 ἀλλὰ
2985 5469 3124 5542 πρὸς
3169 5468 3317 5540 τάξιν
3359 5468 3450 5525 καὶ
3495 5469 3731 5548 ἐπίγνωο
