4034 6214
323 382 431 437 469

1135 392 1596 448 ΡΔΟΗῩΜΕΒΙΕ
1635 388 2142 446 PARAPHRASIB
2177 391 2254 442 IN
2291 389 2448 442 EPP.
2490 392 2551 444 Β.
2593 390 2933 445 DlONYSII.

3628 386 3734 440 470

325 526 409 561 σιν
440 507 645 562 έαυτῶν
705 509 838 581 (88),
891 507 983 564 ’ίνα
1034 511 1460 588 ἐπιγινώσκωσιν
1509 512 1732 575 ἑαυτοὺς
1763 514 1830 581 ἧς
1878 511 1959 566 τά·

2083 529 2198 567 non
2232 519 2295 568 ut
2323 529 2432 568 sua
2462 512 2650 585 ipsius
2683 530 2849 568 mens
2881 512 3196 576 sentiebat;
3219 526 3404 581 neque
3425 511 3580 567 enim
3595 527 3731 566 eum

325 594 455 664 ξεως
502 595 592 650 καὶ
641 596 787 667 ἀξίας
825 597 952 672 εἷ’σῖ,
993 600 1082 654 καὶ
1136 603 1210 673 μὴ
1250 607 1358 656 τῶν
1402 602 1726 679 κρειττόνων
1783 622 1974 657 κατεπ-

323 682 605 757 αίρωνται³
662 683 876 756 μᾶλλον
915 687 1016 762 γὰρ
1047 687 1126 760 τῷ
1158 688 1276 762 λαῷ
1305 691 1697 762 πλησιάζουσιν
1758 690 1794 760 ἢ
1854 697 1974 755 ταῖς

322 773 627 845 ἱερατικαῖς
677 775 852 845 τάξεσι
885 777 1018 848 (89).
1053 779 1157 832 Καὶ
1186 783 1346 833 τοῦτο
1386 780 1484 834 οὐκ
1531 781 1831 843 ἀπεικότως
1881 778 1969 834 λέ-

316 880 424 933 γει,
477 859 604 915 ἀλλ’
661 861 744 916 ὅτι
808 864 860 917 οἱ
923 867 1016 937 μὲν
1049 867 1335 942 ἱερωμένοι
1539 868 1682 924 ’ἰδιον
1713 868 1878 923 τόπον
1909 869 1970 923 τὸ

317 948 464 1002 θεῖον
499 949 883 1026 θυσιαστήριον
936 947 1176 1029 ἔχουσιν·
1212 958 1262 1010 οἱ
1296 955 1353 1011 δὲ
1405 959 1637 1034 μοναχοὶ
1700 958 1834 1031 μετά
1874 961 1971 1011 τοῦ

316 1034 456 1090 λαοῦ
488 1031 679 1110 ἔξωθεν
701 1036 967 1113 ἵστανται,
1028 1043 1078 1097 εἴ
1130 1045 1219 1099 καὶ
1276 1049 1373 1100 τοῦ
1431 1031 1583 1102 λαούὴ
1625 1048 1678 1102 οἱ
1734 1046 1969 1122 μοναχοὶ

313 1127 694 1201 προῒστανται.
747 1128 843 1183 Διά
869 1135 1030 1186 τοῦτο
1073 1133 1163 1187 καὶ
1193 1135 1228 1202 ἡ
1260 1135 1378 1210 ἰερά
1427 1136 1747 1208 θεσμοθεσία
1795 1135 1848 1190 ἐν
1893 1138 1972 1206 τῷ

320 1213 762 1290 μεταλαμϐάνειν
795 1220 1022 1286 τούτους
1047 1230 1165 1286 τοῖς
1198 1223 1498 1302 ένδοτέροις
1529 1229 1626 1297 τὴν
1682 1223 1967 1300 μετάδοσιν

315 1306 643 1380 έγχειριζει·
692 1308 781 1363 καὶ
825 1310 927 1385 γὰρ
973 1313 1024 1366 οἱ
1074 1311 1217 1375 ἐντὸς
1249 1314 1702 1389 ἀπερικαλύπτως
1756 1317 1822 1370 τὰ
1852 1320 1970 1379 θεῖα

314 1391 406 1448 διὰ
446 1390 742 1467 συμϐόλων
780 1397 1042 1472 βλέπουσι
1071 1401 1161 1455 καὶ
1212 1402 1494 1458 ἀκούουσι·
1544 1404 1635 1458 καὶ
1693 1403 1781 1459 ἐπὶ
1838 1402 1967 1465 τοὺς

311 1479 508 1552 ’ἔξωθεν
567 1489 674 1538 τῶν
731 1491 1239 1562 παραπετασμάτων
1268 1492 1612 1565 ἱσταμένους,
1670 1493 1964 1567 μοναχοὺς,

311 1567 566 1644 λαϊκοὺς,
616 1572 692 1628 ἔτι
741 1575 957 1640 καὶτὰς
1002 1579 1401 1654 καθαιρομένας
1432 1582 1626 1651 τάξεις,
1683 1601 1966 1655 κατηχού-

318 1659 533 1731 μένους,
577 1662 668 1716 καὶ
717 1664 844 1728 τοὺς
899 1665 950 1720 έν
1014 1668 1292 1740 μετανοίᾳ,
1340 1670 1408 1724 τά
1458 1670 1577 1744 ἱερά
1634 1669 1964 1748 ἐκφαίνουσι,

296 1748 508 1810 ,καλῶς
573 1749 654 1804 ἀεὶ
715 1749 1188 1830 διαφυλαττόμενα
1243 1754 1487 1832 ἄχραντα
1539 1757 1644 1812 ἀπὸ
1690 1763 1796 1812 τῶν
1855 1762 1962 1812 σῶν

314 1837 519 1910 ὄψεων,
591 1841 788 1914 μέχρις
850 1843 931 1914 οὗ,
989 1850 1318 1920 τυραννικῶς
1375 1844 1708 1917 εἰσπηδήσας
1755 1846 1962 1918 αὐτοῖς,

311 1925 624 2013 ἠνάγκασας
675 1927 1116 2002 ἐκπομπευθῆναί
1178 1955 1262 1989 σοι
1319 1936 1385 1989 τὰ
1414 1935 1628 2000 ἀθέατα.
1663 1935 1738 1989 Σὺ
1771 1932 1828 1989 δὲ
1853 1935 1958 2013 φῂς

309 2012 466 2090 ἔχεις
497 2015 586 2070 καί
641 2015 1020 2093 διαφυλάττειν
1076 2023 1143 2076 τὰ
1200 2023 1336 2096 ἱερὰ,
1400 2026 1473 2097 μή
1530 2022 1690 2086 εἲδὼς
1745 2026 1827 2078 δτι
1860 2012 1962 2078 σύκ

306 2100 460 2178 ἔχειν
491 2109 677 2160 ταῦτα·
743 2106 858 2162 ἐπεὶ
912 2106 1172 2183 οὐδαμῶς
1231 2132 1337 2181 σοι,
1392 2111 1536 2167 ἀλλὰ
1589 2118 1706 2174 τοῖς
1761 2113 1958 2186 ἱερεῦσι

307 2189 581 2269 διαφέροι.
637 2195 706 2249 Τὸ
765 2194 822 2252 δὶ
867 2201 1066 2274 ’Ώσπιρ
1116 2197 1240 2254 οὐδὲ
1291 2202 1389 2269 τήν
1440 2201 1718 2271 ἀλήθειαν,
1751 2201 1839 2256 καὶ
1895 2201 1962 2255 τά

305 2277 455 2349 ἰξῆς,
489 2283 644 2358 φησί,
695 2286 1108 2359 καθαπτόμενος
1140 2289 1360 2361 τούτου,
1391 2289 1482 2344 καὶ
1531 2289 1614 2344 ἐπ’
1651 2287 1798 2356 ἄλλη
1832 2288 1959 2343 ἀτα-

304 2367 392 2439 ξίᾳ
448 2371 537 2423 καὶ
593 2370 948 2448 ἀναισχυντίᾳ
979 2377 1108 2448 (91),
1163 2379 1282 2441 καθ’
1310 2380 1374 2448 ἢν
1421 2377 1754 2453 λογομαχῶν
1785 2380 1961 2447 καθη-

307 2459 500 2529 μέραν,
563 2461 664 2515 οὐκ
727 2461 815 2516 ἐπὶ
873 2466 1120 2519 συστάσει
1145 2469 1279 2540 (92),
1307 2465 1435 2521 ἀλλ’
1491 2467 1959 2544 έπὶκαταστροφῆ

299 2550 413 2600 τῶν
444 2547 781 2620 ἀκουόντων,
839 2554 932 2614 τὰς
992 2555 1206 2631 Γραφάς
1235 2555 1602 2630 ἀνεγίνωσκεν.
1640 2554 1790 2611 Ἐπεὶ
1842 2552 1960 2609 δυσί

299 2655 417 2689 τισι
446 2636 765 2714 κεφαλαίοις
814 2642 1110 2718 περιορίζει
1155 2644 1253 2708 τήν
1298 2648 1395 2698 τοῦ
1427 2643 1751 2722 Δημοφίλου
1782 2644 1961 2717 ἀμαρ-

300 2723 425 2777 τίαν
453 2724 543 2779 καί
569 2726 804 2799 ἀταξίαν,
853 2733 933 2800 τῷ
983 2751 1042 2784 τε
1099 2729 1446 2807 ἐπιχειρῆσαι
1476 2738 1594 2794 τοῖς
1624 2732 1822 2809 ἀγίοις,
1871 2733 1958 2787 καὶ

308 2817 392 2883 τῷ
447 2813 539 2868 τὸν
600 2811 964 2892 πρεσϐύτερον
1028 2814 1262 2895 ὑϐρίσαι·
1314 2820 1493 2876 ἐατέον
1533 2822 1636 2897 γὰρ
1670 2823 1770 2890 τὴν
1827 2822 1965 2876 κατὰ

302 2905 405 2956 τοῦ
456 2909 844 2974 μετανοοῦντος
878 2907 1236 2963 ἀπολάκτισιν
1269 2910 1360 2964 καὶ
1393 2911 1674 2982 ἐξώθησιν·
1733 2908 1827 2966 δύο
1858 2911 1962 2986 γὰρ

304 2988 555 3066 ἐργασίας
606 2992 710 3047 ἀπὸ
748 2998 844 3048 τοῦ
895 2994 1181 3052 ἐλάττονον
1228 2994 1522 3073 παρέλαϐε·
1575 3000 1712 3076 πρὸς
1738 3001 1833 3072 μὲν
1862 3000 1964 3067 τήν

303 3081 532 3153 πρώτην
565 3081 832 3156 ἀμαρτίαν
861 3083 1034 3158 λέγων
1084 3085 1170 3140 τό·
1219 3087 1280 3143 Εἰ
1335 3089 1428 3161 μὲν
1463 3075 1722 3164 ἐθναρχίᾳ
1763 3109 1845 3150 τις
1875 3075 1966 3163 ἀφ’

307 3167 502 3223 ἑαυτοῦ
543 3168 875 3245 ἐνεχείρησε,
941 3174 1017 3245 μή
1065 3171 1309 3238 διδόντος
1353 3181 1449 3232 τοῦ
1498 3177 1796 3253 βασιλέως,
1858 3176 1964 3232 ἐτι-

309 3262 550 3330 μωρεῖτο
581 3243 665 3312 ἂν·
695 3243 833 3334 πρὸς
865 3257 921 3314 δέ
943 3243 1048 3330 τήν
1082 3260 1328 3338 δευτέραν
1376 3243 1575 3340 λέγων,
1619 3266 1714 3321 Καὶ
1765 3243 1810 3320 si
1863 3266 1954 3320 τὸν
1990 3243 2033 3310 C

308 3341 619 3402 δικαιοῦντα
677 3346 920 3424 ἄρχοντα
954 3395 968 3419 ,
1027 3350 1062 3420 ἢ
1121 3351 1550 3424 καταδικαζοντά
1604 3377 1726 3411 τινα
1758 3404 1773 3430 ,
1827 3378 1961 3432 παρ-

306 3434 481 3497 εστώς
525 3456 606 3497 τις
663 3436 958 3512 ἀνέκρινεν,
1026 3437 1178 3496 οὔπω
1233 3441 1376 3516 λέγω
1419 3439 1728 3518 καθύϐριζε.
1788 3445 1958 3500 Πάλιν

305 3521 416 3577 ἀπὸ
439 3528 626 3578 κοινοῦ
653 3526 716 3580 τὸ
749 3528 1072 3603 ἐτιμωρεῖτο
1105 3529 1185 3586 ἃν.
1213 3530 1287 3585 Σὺ
1320 3529 1377 3586 δὲ
1400 3538 1656 3588 τοσοῦτον
1675 3532 1961 3610 τολμηρὸς

309 3613 382 3682 εἴ,
417 3611 506 3666 καὶ
539 3611 626 3690 ἀφ’
657 3615 850 3670 ἑαυτοῦ
871 3617 1136 3691 ἱερωσύνῃ
1165 3617 1452 3695 ἐγχειρῶν,
1483 3627 1573 3676 καί
1602 3623 1692 3677 τὸν
1726 3619 1958 3696 πρεσϐύ-

303 3724 464 3778 τερον
516 3705 835 3780 ἀνακρίνων.
887 3710 988 3766 Καὶ
1031 3715 1199 3766 ταῦτα
1254 3708 1359 3767 ἔδει
1415 3714 1584 3769 εἰπεῖν
1630 3714 1706 3777 εἷς
1754 3715 1956 3770 έκεῖνον

302 3792 398 3845 τὸν
450 3794 583 3868 ὑπὲρ
632 3797 731 3865 τὴν
786 3797 931 3867 ἀξίαν
996 3800 1089 3872 μὲν
1148 3801 1456 3876 πράττοντα
1487 3847 1499 3870 ,
1577 3801 1730 3874 ὅμως
1775 3803 1956 3876 μέντοι

303 3879 494 3936 εἰκότα
539 3882 627 3937 καί
672 3886 946 3959 πρέποντα
975 3890 1108 3962 (93).
1156 3888 1232 3943 Σὺ
1275 3888 1332 3944 δὲ
1369 3889 1485 3945 τίνα
1529 3888 1662 3961 ἕξεις
1691 3893 1789 3961 τὴν
1822 3893 1958 3948 ἀπο-

305 3968 520 4044 λογίαν,
553 3971 640 4026 ὅτε
683 3973 771 4027 καὶ
824 3975 969 4050 παρά
997 3977 1093 4043 τήν
1127 3977 1274 4048 ἀξίαν
1320 3978 1409 4033 καὶ
1445 3977 1705 4052 μηδόλως
1736 3981 1953 4050 εἷκότα;

302 4057 410 4114 Καὶ
443 4058 600 4124 εὐθὺς
640 4059 822 4137 ἐπάγει
870 4065 938 4118 τά
984 4063 1416 4140 παραδείγματα,
1471 4068 1559 4122 καὶ
1597 4066 1764 4123 πλέον
1819 4070 1955 4124 ἐκεῖ·

301 4167 396 4200 νον
453 4149 546 4202 τὸν
604 4150 926 4226 Δημόφιλον
979 4156 1277 4224 ποιήσαντα
1325 4154 1611 4213 δείκνυσιν.
1670 4159 1726 4211 Ὁ
1776 4159 1957 4228 Ὀζίας

299 4233 475 4289 καλὸν
524 4235 694 4292 ἐποίει
725 4241 962 4312 θυμιῶν,
1013 4241 1064 4296 εἷ’
1107 4243 1196 4296 καὶ
1245 4246 1390 4318 παρά
1418 4246 1514 4314 τὴν
1547 4245 1717 4316 ἀξίαν·
1753 4248 1804 4302 οἱ
1836 4245 1955 4303 δαί-

309 4344 467 4396 μονες
500 4325 724 4394 ἀληθῶς
754 4325 964 4403 ἔλεγον,
995 4329 1378 4406 θεολογοῦντες
1411 4336 1502 4388 τὸν
1553 4336 1764 4400 Ἰησοῦν
1817 4339 1950 4410 (94),

302 4411 474 4467 εἶκαὶ
511 4412 680 4487 μηδὲν
731 4416 1012 4495 ἐφειμένον
1053 4420 1120 4488 ἧν
1171 4419 1397 4484 ἐκείνοις
1453 4427 1675 4478 τοιαῦτα
1739 4424 1950 4481 λαλεῖν·

303 4499 368 4587 σὺ
416 4502 508 4555 καὶ
539 4505 684 4578 παρᾶ
712 4507 809 4574 τὴν
841 4505 989 4576 ἀξίαν
1039 4508 1364 4582 πεποίηκας,
1417 4511 1506 4566 καὶ
1553 4513 1681 4587 οὐχὶ
1714 4513 1777 4568 τὸ
1809 4514 1952 4578 εἰκὸς

2083 603 2231 659 265
2268 602 2521 658 habebat
2550 620 2653 674 pro
2681 603 2883 672 impio,
2908 617 3078 672 quem
3113 601 3285 672 plane
3315 604 3594 670 cognorat
3626 601 3730 654 ad-

2083 693 2249 746 missi
2303 692 2577 747 facinoris
2610 691 2931 762 poenitere),
2965 691 3245 744 adversus
3287 689 3558 743 eumdem
3590 705 3729 742 con-

2082 782 2318 850 sistens,
2351 781 2613 836 calcibus
2644 781 2943 851 pulsatum
2965 779 3250 849 adjecisti.
3284 777 3529 832 Proinde
3562 793 3734 831 accu-

2082 871 2299 926 sativos
2349 862 2516 936 ἀσεϐῆ
2562 868 2650 922 καὶ
2703 864 3032 942 ἀμαρτωλόν
3068 884 3170 938 pro
3207 866 3480 937 genitivis
3513 865 3736 936 accepit

2081 958 2282 1029 phrasi
2318 960 2514 1013 attica.
2549 961 2614 1013 At
2646 959 2881 1012 interim
2928 956 3176 1028 supplex
3205 955 3302 1011 ille
3336 955 3579 1027 rogabat
3609 953 3739 1009 eni-'

2079 1048 2234 1113 xius,
2269 1064 2536 1118 quarens
2570 1047 2894 1102 remedium
2932 1063 2945 1100 :
2978 1051 3040 1100 tu
3073 1045 3455 1110 contra,adeo
3485 1059 3599 1098 non
3633 1057 3732 1098 ex-

2083 1136 2385 1206 horruisti,
2448 1142 2512 1192 ut
2555 1137 2917 1191 sacerdotem
2969 1135 3212 1205 insuper
3255 1151 3367 1187 non
3429 1131 3734 1188 toleranda

2080 1225 2435 1281 contumelia
2466 1225 2783 1296 asperseris
2810 1241 2823 1282 :
2856 1224 3008 1295 quod
3037 1240 3195 1290 eum,
3229 1222 3329 1293 qui
3361 1225 3461 1276 tua
3493 1225 3728 1276 senten-

2077 1315 2161 1370 tia
2194 1314 2412 1386 impius
2442 1319 2566 1369 erat
2597 1331 2664 1369 ac
2696 1312 3079 1385 peccator,sic
3110 1316 3307 1366 tamen
3343 1311 3729 1381 pcenitentem

2071 1404 2300 1474 justum
2335 1402 2775 1475 pronuntiasset
2805 1406 2860 1457 et
2891 1401 3293 1457 misericordia
3314 1400 3594 1470 dignum;
3625 1399 3728 1452 de-

2078 1493 2256 1564 nique
2305 1492 2463 1547 abire
2509 1492 2770 1563 jussisti,
2823 1507 2930 1546 nec
2978 1490 3068 1545 his
3119 1492 3448 1557 contentus,
3495 1486 3623 1558 ipse
3667 1486 3728 1541 in

2080 1583 2250 1654 adyta
2271 1581 2554 1636 insiluisti
2582 1581 2894 1652 impudens
2918 1597 2984 1635 ac
3002 1578 3148 1634 nulli
3184 1583 3402 1633 temore
3425 1576 3730 1632 tractanda

2077 1671 2354 1742 mysteria
2402 1669 2848 1739 commiscuisti,
2907 1669 3110 1724 eadem
3169 1666 3594 1738 propemodum
3655 1664 3726 1719 ab

2075 1761 2203 1831 ipso
2248 1760 2413 1814 altari
2455 1759 2672 1830 injecta
2721 1775 2896 1813 manu
2950 1756 3287 1829 exportasli.
3339 1754 3413 1810 Ut
3458 1754 3614 1809 enim
3666 1769 3727 1808 re

1993 1881 2042 1945 B
2076 1849 2205 1920 ipsa
2255 1853 2516 1920 apparet,
2549 1848 2839 1903 sacerdoti
2889 1847 3211 1901 etiamnum
3247 1843 3429 1900 sacris
3461 1841 3724 1914 operanti

2072 1938 2523 2009 impressionem
2576 1937 2711 1992 fecit
2739 1933 3142 2008 Demophilus.
3180 1935 3293 1989 Hoc
3326 1933 3506 2003 igitur
3532 1932 3637 1986 abs
3668 1936 3723 1986 te

2069 2025 2310 2097 indigne
2363 2026 2582 2080 factum
2628 2030 2737 2090 est,
2771 2023 3042 2079 Diaconis
3081 2023 3237 2077 enim
3270 2025 3328 2076 et
3361 2019 3715 2091 presbyteris

2069 2115 2271 2170 isthaac
2301 2116 2506 2169 munia
2545 2113 2988 2182 conveniebant,
3023 2111 3250 2166 dicente
3297 2110 3423 2182 lege
3457 2127 3470 2167 :
3505 2113 3572 2163 Et
3619 2124 3718 2163 sa-

2069 2204 2333 2259 cerdotes
2363 2203 2671 2258 obvolvent
2701 2206 2939 2269 sancta;
2965 2200 3461 2272 quemadmodum
3493 2197 3552 2251 in
3587 2213 3720 2268 pro-

2068 2293 2223 2348 xime
2241 2293 2626 2363 sequentibus
2668 2292 2836 2346 Pater
2854 2293 3040 2345 docet.
3077 2291 3144 2343 Et
3163 2305 3296 2343 ecce
3327 2287 3560 2351 scribis,
3592 2301 3722 2340 san-

2070 2386 2320 2445 cta,cum
2337 2382 2456 2450 jam
2472 2379 2989 2435 contaminationis
3003 2377 3359 2449 impenderet
3374 2374 3631 2446 periculu
3644 2390 3721 2440 m,

2068 2469 2412 2524 intemerata
2434 2470 2670 2524 tandem
2704 2473 2758 2523 te
2790 2466 3169 2522 asservasse?
3201 2465 3369 2520 Nunc
3401 2463 3583 2535 igitur
3613 2479 3721 2517 no-

2071 2562 2255 2614 stram
2287 2573 2466 2629 super
2495 2557 2588 2612 his
2620 2557 2817 2626 accipe
2849 2554 3350 2611 sententiam.Fas
3374 2552 3721 2622 neutiquam

2072 2663 2200 2702 esse
2251 2662 2561 2701 censemus
2612 2645 3037 2717 presbyterum,
3069 2643 3245 2698 etiam
3290 2642 3339 2696 si
3372 2639 3540 2695 illum
3581 2657 3719 2695 con-

2071 2736 2263 2807 tingat
2285 2752 2317 2790 a
2334 2734 2682 2790 rectitudine
2701 2733 3033 2799 deflectere,
3067 2732 3138 2786 ab
3158 2731 3281 2802 ipso
3322 2747 3427 2784 suo
3450 2729 3722 2798 diacono,

2073 2827 2174 2895 qui
2206 2830 2258 2880 te
2306 2823 2520 2894 alioqui
2567 2823 2836 2894 superior
2881 2825 2992 2888 est,
3024 2820 3081 2876 in
3115 2818 3589 2889 disquisitionem
3622 2834 3721 2871 vo-

2075 2914 2214 2980 cari,
2247 2914 2367 2968 sive
2415 2913 2590 2967 etiam
2642 2913 2713 2965 ab
2765 2910 2877 2966 alio
2927 2910 3134 2981 quovis
3185 2906 3551 2962 monasticen
3593 2922 3724 2976 pro-

2076 3003 2250 3058 fesso.
2297 3001 2450 3056 Ordo
2509 3001 2665 3056 enim
2711 3004 2822 3066 est,
2857 2999 2958 3070 qui
3012 2998 3285 3054 universa
3333 2995 3723 3050 cohaerescere

2077 3092 2233 3158 facit,
2267 3097 2324 3146 et
2358 3089 2640 3147 continet.
2673 3089 2900 3152 Quanto
2932 3103 3072 3142 sane
3104 3086 3295 3158 magis
3327 3085 3593 3152 addecet,
3628 3098 3723 3137 or-

2077 3181 2272 3235 dinem
2301 3177 2587 3234 asservari
2619 3177 2677 3232 in
2712 3174 3191 3244 nobisnimirum
3224 3171 3641 3240 sacris?Quod
3675 3169 3724 3225 si

2071 3269 2131 3323 in
2166 3268 2257 3323 his
2285 3268 2668 3339 permiscetur
2684 3265 3148 3336 ordo,reliquum
3181 3263 3340 3331 ﬁt,ut
3369 3261 3429 3315 in
3461 3261 3724 3331 seipsum

2070 3357 2226 3413 Deus
2255 3356 2481 3412 divisus
2512 3356 2807 3411 credatur.
2843 3354 3015 3410 Porro
3047 3367 3220 3407 omne
3265 3365 3507 3420 regnum
3540 3347 3722 3418 quod-

2069 3462 2297 3516 cunque
2347 3445 2405 3500 id
2450 3445 2689 3500 tandem
2740 3444 2936 3508 fuerit,
2989 3441 3038 3497 si
3091 3441 3404 3508 dividetur,
3429 3439 3556 3508 jam
3607 3453 3724 3491 non

2069 3534 2426 3606 stabit(d).Et
2459 3534 2507 3589 si
2543 3533 2638 3587 Dei
2673 3536 2761 3588 cst
2786 3531 3107 3603 judicium,
3139 3528 3327 3599 angeli
3361 3533 3560 3583 autem
3593 3525 3719 3591 Dei,

2068 3625 2398 3679 sacerdotes
2429 3622 2632 3677 itidem
2665 3625 2806 3677 sunt
2836 3619 3161 3676 secundum
3205 3633 3345 3672 suos
3391 3615 3717 3688 pontiﬁces.

2066 3715 2150 3768 Tu
2183 3730 2315 3768 vero
2345 3729 2416 3768 ne
2446 3711 2708 3782 ipsorum
2742 3709 2980 3781 quidem
3013 3706 3301 3762 ministris
3335 3705 3529 3759 videre
3557 3718 3715 3757 com-

2064 3799 2681 3873 ponendus,nimirum
2716 3797 2998 3864 diaconis,
3034 3798 3098 3849 ut
3127 3793 3224 3862 qui
3251 3792 3383 3847 istis
3414 3791 3597 3862 gradu
3633 3788 3714 3844 sis

2013 3877 2021 3884 ’
2065 3891 2326 3946 inferior.
2377 3891 2565 3955 Quare
2614 3888 2686 3942 ab
2732 3887 2877 3957 ipsis
2926 3882 3240 3939 instruitor
3287 3877 3712 3945 sacerdotibus,

2065 3995 2314 4050 quorum
2367 3977 2559 4032 ofﬁcio
2614 3972 2992 4047 promeruisti
3042 3970 3368 4027 monachus
3419 3972 3482 4022 ut
3529 3982 3713 4022 esses.

2063 4049 2430 4123 Constructio
2461 4065 2618 4120 enim
2649 4063 2958 4119 verborum
3011 4066 3098 4117 est
3127 4058 3242 4113 καθ’
3279 4049 3577 4130 ὑπερϐατόν
3612 4071 3713 4110 seu

2061 4155 2358 4212 secundum
2404 4155 2802 4222 traiectionem,
2835 4153 2906 4207 ab
2943 4151 3088 4222 ipsis
3122 4148 3350 4205 scilicet
3398 4145 3716 4202 sacerdoti-

2063 4246 2174 4301 bus
2223 4244 2477 4311 erudire,
2517 4259 2619 4314 per
2667 4258 2816 4313 quos
2865 4241 3103 4295 schema
3154 4236 3494 4293 monasticaa
3545 4233 3717 4288 istius

2061 4333 2445 4406 professionis
2493 4331 2600 4386 tibi
2644 4331 2932 4386 traditum
2982 4334 3090 4385 est.
3125 4333 3336 4382 Annon
3370 4322 3711 4380 testimonio

2059 4424 2235 4479 etiam
2272 4439 2376 4478 suo
2427 4423 2666 4477 verbum
2721 4435 2915 4474 meum
2973 4418 3237 4490 symbols
3288 4412 3634 4469 sulfulciunt
3659 4413 3717 4464 et

2061 4513 2444 4568 corroborant
2475 4510 2626 4566 sacri
2660 4509 2833 4564 istius
2867 4507 3091 4563 ordinis
3117 4509 3139 4560 Ρ
3169 4506 3379 4559 Astant
3410 4501 3565 4555 enim
3599 4498 3713 4570 ipsi

303 4585 599 4662 διεπράξω,
636 4587 857 4668 ὑϐρίσας
903 4591 1262 4672 πρεσϐύτερον
1303 4598 1392 4652 τὸν
1441 4598 1570 4663 τοὺς
1625 4585 1952 4672 μετανοοῦν-

2070 4620 2173 4658 ara:
2194 4603 2456 4674 proxime
2482 4600 2789 4672 pontiﬁces
2813 4599 3092 4669 primum,
3125 4593 3334 4650 deinde
3355 4591 3710 4654 sacerdotes,

298 4698 398 4739 τας
431 4677 750 4754 δεχόμενον.
782 4685 923 4757 "Oper
967 4686 1056 4739 καὶ
1090 4687 1193 4741 ἀπὸ
1223 4692 1318 4742 τοῦ
1348 4687 1586 4743 παλαιοῦ
1615 4690 1785 4763 νόμου
1814 4694 1948 4764 (95)·

305 4767 405 4823 Καὶ
452 4766 678 4832 ἕκαστος
723 4777 791 4846 τῇ
835 4774 980 4844 τάξει
1024 4782 1126 4844 τῆς
1176 4776 1516 4853 λειτουργίας
1569 4780 1736 4834 αὐτοῦ
1781 4777 1950 4849 ἔσται,

301 4858 390 4910 καὶ
432 4857 499 4910 τά
529 4858 650 4930 ἑξῆς
698 4858 1098 4936 διοριζομένου·
1144 4865 1232 4920 καὶ
1271 4865 1454 4925 πάλιν.
1505 4867 1761 4943 Ὧργίσθη
1795 4871 1952 4941 θυμῷ

299 4944 501 5021 Κύριος
551 4947 636 5002 ἐπὶ
670 4954 750 5021 τῷ
788 4951 880 5005 τὸν
923 4951 1102 5021 Ὀζίαν
1153 4963 1514 5028 προπετῆσαι·
1571 4959 1672 5025 τὴν
1717 4953 1950 5013 κιϐωτὸι

298 5034 972 5125 ἀνορθοῦνᾲβουλόμενον·
1017 5041 1130 5112 καὶ,
1179 5045 1365 5098 Ἡτοῦ
1413 5046 1690 5107 Μωϋσέως
1744 5047 1948 5125 ἀδελφή

298 5125 538 5198 Μαριάμ
586 5123 906 5201 λεπροῦται·
953 5129 1042 5184 καὶ
1094 5131 1217 5207 περὶ
1264 5137 1372 5186 τῶν
1428 5134 1558 5188 υἱῶν
1609 5138 1706 5188 τοῦ
1757 5123 1952 5205 Σκευᾶ,

297 5216 376 5274 ὡς
408 5212 461 5267 ἐν
490 5220 608 5278 ταῖς
643 5217 872 5292 Πράξεσι
903 5223 1140 5295 φέρεται,
1171 5221 1276 5290 ὅτι,
1314 5223 1452 5294 μήτε
1475 5223 1851 5287 πιστεύσαντες
1880 5224 1956 5288 εἷς

295 5301 557 5376 Χριστὸν,
595 5307 732 5376 μήτε
761 5309 1303 5382 κεχειροτονημένοι,
1353 5309 1640 5386 ἐξώρκιζον
1681 5295 1809 5373 τοὺς
1841 5309 1942 5365 δαίυ

301 5409 497 5463 μονας,
531 5391 662 5468 ὅπερ
691 5400 808 5460 τοῖς
834 5395 1177 5474 ἐφορκισταῖς
1230 5398 1416 5471 μόνοις
1445 5398 1645 5477 ἐφεῖτο.
1698 5399 1795 5455 Καὶ
1846 5401 1956 5454 πά-

297 5477 419 5534 λιν·
485 5481 542 5534 Ὃ
572 5478 792 5555 ἀσεϐὴς,
828 5484 967 5549 θύων
1003 5485 1214 5561 μόσχον
1247 5489 1382 5562 (96),
1433 5489 1507 5551 ὡς
1562 5490 1589 5543 ὁ
1623 5488 1951 5544 ἀποκτείνων

375 5699 457 5772 (ά)
485 5700 690 5758 Matth.
713 5717 816 5787 ιιι,
844 5702 936 5760 25.

2063 4693 2134 4749 ad
2160 4696 2357 4762 portas
2380 4707 2513 4744 mox
2538 4688 2768 4744 diaconi
2795 4705 2808 4755 ;
2835 4687 2906 4741 ab
2930 4689 3166 4739 externa
3193 4687 3492 4754 portarum
3527 4682 3711 4748 parte,

2056 4785 2226 4853 juxta
2255 4784 2474 4846 tamen,
2511 4776 2782 4832 monachi
2815 4774 3166 4835 consistunt,
3220 4787 3332 4824 non
3372 4766 3606 4838 quidem
3638 4763 3710 4818 ad

2063 4870 2326 4942 ipsarum
2360 4866 2715 4930 custodiam,
2747 4864 2804 4918 id
2839 4863 2991 4918 enim
3030 4858 3291 4914 muneris
3321 4873 3420 4912 eos
3451 4853 3710 4924 respicit,

2063 4957 2165 5030 qui
2197 4957 2423 5011 foribus
2454 4955 2780 5021 astant,sed
2815 4953 3384 5018 introrsum,nempe
3413 4944 3712 5010 diaconos,

2062 5053 2163 5102 aut
2211 5047 2671 5118 hypodiaconos,
2706 5043 2860 5097 266
2910 5055 3112 5094 verum
3167 5042 3400 5106 propter
3445 5033 3712 5087 ordinem

2064 5142 2118 5192 et
2150 5135 2544 5206 cognitionem
2578 5132 2670 5187 sui
2719 5131 3006 5202 ipsorum,
3041 5131 3124 5191 ut,
3157 5125 3422 5195 inquam,
3455 5121 3716 5175 interno-

2065 5228 2235 5280 scant
2282 5223 2453 5292 cujus
2496 5221 2616 5276 sint
2649 5223 2706 5274 et
2752 5217 2976 5273 ordinis
3026 5219 3084 5270 et
3112 5212 3436 5284 dignitatis,
3470 5227 3572 5265 seu
3617 5225 3717 5264 su-

2065 5329 2170 5383 pra
2198 5329 2260 5367 se
2291 5309 2725 5381 praestantiores
2759 5304 3180 5361 insolescerent
3209 5300 3392 5371 Magis
3422 5298 3579 5354 enim
3611 5313 3715 5352 ac-

2065 5401 2279 5456 cedunt
2309 5401 2380 5454 ad
2412 5397 2904 5470 populum,quam
2929 5394 3001 5448 ad
3023 5407 3218 5448 sacros
3241 5390 3499 5445 ordines.
3527 5389 3716 5458 Atque

2064 5488 2174 5544 hoc
2203 5503 2320 5542 non
2368 5487 2472 5542 abs
2521 5502 2583 5541 re
2613 5484 2778 5554 dicit,
2809 5499 2875 5538 eo
2907 5481 3086 5554 quod,
3117 5477 3300 5535 sacris
3331 5476 3568 5549 quidem
3598 5473 3714 5529 ini-
