4004 6200
331 319 428 374 471
1176 301 1537 377 Appsamx
1574 325 1672 376 AD
1708 323 1912 376 orant

2161 318 2252 372 ΟΝ
2259 321 2394 372 YSlI
2433 317 2937 372 AREOPAGITE.
3635 316 3742 370 472

328 441 476 512 tiati,
507 441 790 514 peculiari
846 445 1227 515 praerogativa
1273 444 1464 513 locum
1513 445 1628 500 sibi
1672 444 1905 500 vindica

2166 461 2218 493 ια
2265 438 2559 514 λογίζεται,
2612 437 2673 492 οὔ
2726 438 3086 512 προσιεμίνου
3130 438 3230 505 τήν
3285 433 3586 512 φιλότιμον
3643 448 3747 501 θυ-

327 531 495 586 altari
546 533 920 604 proximum:
973 534 1247 589 monachi
1292 550 1425 590 vero
1472 539 1803 590 extrorsum
1834 551 1900 590 co

2158 549 2196 581 tv
2247 532 2343 581 τοῦ
2393 531 2525 582 Θεοῦ
2559 523 2647 580 διὰ
2678 528 2777 595 τήν
2836 530 2932 580 τοῦ
2978 527 3348 600 προσάγοντος
3390 524 3739 596 ἀναξιότητα.

326 621 548 676 sistunt
570 639 687 676 una
708 639 839 677 cum
865 623 1100 694 populo,
1135 623 1364 678 etiamsi
1393 625 1604 695 populo
1636 625 1907 694 superior

2167 616 2183 669 ὶ
2241 614 2417 677 αὖθις.
2457 618 2596 690 "Ops:
2624 617 2724 683 τὴν
2754 619 2850 670 τοῦ
2886 618 3020 669 Θεοῦ
3073 611 3448 680 δικαιοσύνην,
3509 611 3594 666 ὅτι
3651 615 3741 668 καὶ

324 709 759 780 quadamtenus
791 711 1092 765 obtineant
1114 715 1327 781 partes.
1362 714 1521 765 Hanc
1545 713 1616 766 ob
1648 727 1769 765 rem
1803 727 1900 766 sac

2164 705 2345 774 ἐόντων
2377 709 2556 774 τινῶν,
2589 703 2666 760 Οὐ
2723 707 2803 774 τῷ
2851 704 2929 774 σῷ
2982 703 3211 773 ὀνόματι
3271 701 3333 754 τὸ
3369 701 3458 755 οιαὶ
3489 702 3554 755 τὸ
3591 701 3745 756 ἐποι-

323 795 644 852 etiamnum
694 797 1006 869 legislatio,
1041 803 1104 852 ut
1154 798 1214 852 bi
1269 800 1604 854 divinorum
1657 798 1899 870 particip

2167 813 2320 865 ιμεν;
2355 792 2469 849 Οὐκ
2500 790 2621 846 οἴδα
2654 792 2816 864 ὑμᾶς,
2865 790 3236 864 ἀποκρίνεται.
3299 792 3461 844 "Dat:
3522 807 3748 865 συναγε-

321 885 464 944 sint.
492 886 947 941 administrandi
1000 903 1217 942 munus
1270 887 1400 943 istis
1449 887 1831 955 concredidit,
1868 904 1901 958 q

2196 882 2300 936 ἀπὸ
2330 882 2535 936 τούτων
2571 882 2807 949 πάντων,
2837 880 2920 934 ὅτι
2953 881 3013 934 οὐ
3041 879 3262 953 θεμιτὸν
3305 876 3433 933 οὐδὲ
3461 880 3532 932 τὰ
3564 876 3747 933 δίκαια

318 974 528 1029 intima
577 978 883 1046 penetrant
930 975 1108 1047 adyti.
1143 976 1338 1030 Intimi
1389 977 1544 1031 enim
1591 977 1718 1031 sine
1766 977 1899 1030 obui

2167 973 2316 1040 ixstv,
2352 969 2396 1024 εἰ
2463 971 2538 1042 μή
2597 972 2714 1024 κατ’
2771 968 2936 1039 ἀξίαν.
2995 968 3165 1022 Τοῦτο
3207 968 3309 1043 γὰρ
3353 968 3381 1021 ὁ
3440 968 3748 1040 νομοθέτης

319 1060 524 1117 brante
555 1061 904 1129 velamento,
937 1067 994 1118 et
1023 1064 1222 1118 vident
1254 1067 1306 1118 et
1336 1064 1584 1119 audiunt
1612 1064 1830 1130 divina,
1867 1081 1900 1134 p

2168 1059 2314 1112 οἱα-κει
2343 1057 2396 1112 ἦν
2425 1063 2502 1130 τῷ
2529 1057 2938 1133 Δευτερονομίῳ
2971 1059 3233 1126 Μωϋσῆς,
3262 1053 3464 1130 λέγων’
3505 1055 3745 1119 Διχαίως

321 1151 483 1223 signa
512 1155 706 1206 tamen
740 1151 1130 1223 signiﬁcativa
1165 1169 1176 1207 :
1213 1153 1389 1208 iidem
1422 1169 1655 1224 quoque
1685 1154 1836 1223 apud
1869 1169 1899 1207 e

2186 1146 2394 1201 δίκαιον
2428 1144 2658 1216 διώξεις.
2693 1147 2797 1201 Καὶ
2831 1144 3018 1200 πάλιν
3053 1143 3432 1199 Διακελεύιταί
3474 1164 3561 1197 σοι
3621 1150 3747 1198 Σει-

321 1241 420 1310 qui
454 1244 615 1294 extra
665 1238 792 1295 vela
843 1241 1198 1311 consistunt,
1234 1241 1551 1297 monachos
1585 1241 1734 1307 dico,
1767 1240 1902 1296 laicc

2168 1237 2243 1309 ίό
2274 1236 2574 1307 Θαυμάσιος
2610 1237 2742 1308 (97),
2787 1234 3125 1308 ’Υψηλότερά
3157 1255 3252 1288 σου
3284 1233 3359 1306 μὴ
3417 1234 3598 1303 ζήτει,
3659 1231 3749 1285 καὶ

315 1342 414 1382 eos
446 1328 621 1383 etiam
651 1329 748 1398 qui
777 1345 895 1383 suis
946 1330 1278 1401 purgationi
1325 1329 1657 1401 invigilent,
1695 1331 1846 1385 addo
1878 1346 1896 1384 ε

1247 1330 1278 1384 ιί
1325 1329 1657 1401 invigilent,
1695 1331 1846 1385 addo
1878 1346 1958 1384 ca-
2080 1323 2347 1400 βαθύτερά
2378 1345 2472 1378 σου
2508 1325 2582 1397 μὴ
2617 1322 2828 1397 ἐρεύνα.

205 1439 216 1445 ~
311 1416 942 1488 techumenos,quique
972 1418 1325 1488 poenitentiae
1358 1423 1498 1474 sunt
1530 1419 1767 1484 addicti,
1801 1434 1966 1473 sacra

315 1505 596 1577 mysteria
651 1511 930 1561 enarrant
989 1511 1165 1577 atque
1213 1507 1695 1578 interpretantur.
1729 1507 1858 1562 Rite
1911 1507 1982 1561 ab
2021 1505 2207 1561 oculis
2263 1506 2383 1562 tuis
2438 1506 2789 1561 intemerata
2847 1521 3080 1577 semper
3136 1508 3380 1560 eatenus
3440 1508 3753 1559 asservata

317 1597 477 1660 sunt,
523 1611 832 1664 quousque
890 1595 1278 1666 impressione
1337 1596 1635 1668 tyrannica
1691 1594 1957 1650 insiliens
2013 1594 2270 1666 evulgari
2327 1595 2588 1666 coegisti,
2641 1612 2768 1665 quae
2823 1611 2893 1649 ne
2953 1595 3276 1665 spectanda
3337 1593 3441 1647 tibi
3505 1591 3750 1662 quidem

314 1681 574 1736 fuerant.
611 1683 681 1737 Et
712 1684 947 1738 tandem
981 1701 1147 1739 sacra
1177 1685 1296 1739 hac
1329 1702 1507 1756 penes
1537 1690 1592 1740 te
1618 1700 1801 1739 unum
1829 1689 1886 1738 et
1910 1699 2037 1739 esse
2069 1689 2125 1737 et
2153 1684 2433 1738 asservari
2467 1683 2758 1754 gloriaris,
2793 1683 3058 1738 nesciens
3105 1681 3252 1736 nihil
3303 1681 3519 1736 horum
3548 1684 3610 1736 te
3643 1681 3751 1736 ob-

326 1768 554 1837 tinere;
600 1772 835 1842 quando
884 1789 999 1827 non
1049 1778 1150 1828 tua
1208 1774 1308 1828 sed
1359 1774 1729 1828 sacerdotum
1779 1773 2013 1827 intersit
2057 1772 2231 1826 istius
2277 1788 2454 1825 sacrae
2501 1771 2841 1826 functionis.
2895 1772 3040 1825 Illud
3092 1776 3286 1826 autem
3343 1770 3502 1840 quod
3551 1769 3748 1823 addit.

318 1857 467 1913 Sicut
491 1875 679 1915 revera
710 1878 780 1915 ne
810 1863 1098 1915 veritatem
1143 1861 1383 1932 quidem,
1431 1865 1489 1916 et
1535 1866 1734 1917 caetera
1765 1877 1893 1932 quae
1942 1865 2306 1930 sequuntur;
2341 1858 2509 1914 illum
2561 1860 2964 1930 perstringens
2995 1864 3231 1931 propter
3278 1858 3454 1913 aliam
3501 1871 3749 1929 quoque

323 1948 546 2003 ordinis
579 1949 1109 2020 transgressionem
1138 1955 1192 2004 et
1224 1950 1672 2021 impudentiam,
1703 1950 1939 2021 quando
1970 1950 2027 2003 in
2077 1948 2201 2003 dies
2232 1949 2496 2020 singulos
2541 1948 2958 2003 conflictationi
3008 1949 3317 2003 verborum
3369 1947 3585 2002 afﬁxus
3626 1963 3752 2002 non

319 2036 390 2091 ad
425 2038 929 2093 conﬁrmationem
965 2055 1065 2094 seu
1090 2040 1160 2094 ad
1194 2038 1636 2094 aedificationem
1671 2039 1970 2094 lectitabat
2023 2037 2376 2108 Scripturas,
2411 2039 2511 2092 sed
2562 2039 2630 2092 ad
2678 2037 3043 2092 audientium
3093 2037 3562 2092 subversionem.
3621 2035 3739 2091 Ve-

314 2139 449 2180 rum
481 2125 776 2180 enimvero
807 2127 1038 2182 duobus
1070 2126 1246 2182 veluti
1271 2127 1543 2198 capitulis
1573 2127 1904 2198 Demophili
1955 2130 2256 2198 peccatum
2306 2125 2756 2192 circumscribit,
2787 2124 2965 2180 simul
3015 2130 3073 2180 et
3121 2143 3235 2180 non
3285 2129 3587 2180 servatum
3641 2141 3737 2179 or-

314 2213 553 2270 dinem:
591 2231 707 2270 uno
740 2215 1002 2287 quidem,
1036 2218 1188 2286 quod
1222 2222 1427 2272 sancta
1476 2221 1682 2286 praeter
1729 2217 2004 2271 decorum
2055 2215 2368 2282 invaserit;
2404 2214 2607 2282 altero,
2639 2215 2776 2285 quia
2823 2216 3223 2286 presbyterum
3277 2214 3566 2286 appetivit
3615 2229 3736 2268 non

309 2302 574 2358 ferendis
607 2304 1002 2359 contumeliis.
1035 2305 1438 2360 Omittendum
1474 2305 1707 2361 interim
1756 2305 1942 2372 duxit,
1977 2304 2116 2376 quia
2145 2309 2202 2359 et
2250 2302 2627 2374 pmnitentem
2681 2303 2940 2358 calcibus
2989 2303 3140 2358 male
3189 2308 3493 2373 acceptum
3541 2301 3740 2357 elimi-

313 2393 476 2447 navit
527 2394 730 2465 templi
785 2395 966 2450 aditu.
1019 2398 1196 2450 Porro
1247 2396 1393 2451 duas
1442 2394 1574 2450 illas
1625 2395 1991 2466 operationes
2039 2411 2073 2448 a
2121 2391 2332 2447 minori
2376 2394 2703 2464 assumpsit
2748 2393 3104 2447 tractandas.
3149 2393 3445 2447 Adversus
3495 2391 3744 2462 quidem

309 2480 572 2550 primum
629 2481 790 2537 illius
833 2488 1090 2538 erratum
1147 2483 1308 2552 facit,
1354 2484 1508 2554 quod
1555 2483 1772 2538 dicitur
1819 2482 2022 2537 Patri:
2071 2483 2194 2538 Jam
2239 2481 2289 2536 si
2335 2481 2458 2551 quis
2504 2482 2892 2553 principatum
2930 2481 3105 2552 gentis
3151 2482 3463 2552 cujuspiam
3510 2480 3744 2551 privata

315 2569 646 2625 auctoritate
700 2571 986 2642 invaserit,
1045 2589 1142 2627 nec
1197 2573 1265 2626 ab
1321 2589 1447 2643 rege
1493 2573 1730 2643 jussus:
1762 2573 1961 2626 merito
2017 2571 2148 2625 tatis
2203 2571 2544 2640 plecteretur.
2602 2571 2896 2625 Adversus
2951 2587 3084 2625 vero
3141 2570 3414 2634 alterum,
3473 2569 3738 2624 dicens:

308 2656 460 2723 Quod
496 2660 563 2713 ’si
601 2659 912 2731 principem
962 2661 1316 2716 damnantem
1367 2679 1540 2716 unum
1571 2677 1600 2716 e
1629 2661 1878 2729 subditis,
1929 2661 2014 2715 vel
2059 2660 2423 2714 absolventem
2469 2658 2622 2714 alius
2666 2659 2844 2730 quivis
2891 2659 3297 2725 assistentium,
3355 2657 3428 2713 ad
3480 2661 3738 2714 exactio-

305 2761 427 2800 rem
480 2763 665 2804 causae
712 2748 1105 2805 discussionem
1152 2754 1376 2816 revocet,
1421 2750 1701 2804 nihildum
1747 2749 1837 2804 hic
1878 2748 2018 2819 dico,
2068 2747 2292 2820 injuria
2337 2747 2530 2820 affecit
2579 2747 2916 2819 principem.
2969 2749 3196 2803 Rursus
3242 2752 3300 2803 et
3348 2747 3458 2802 hoc
3507 2748 3736 2803 subau-

313 2835 595 2892 diendum
643 2843 777 2893 est:
829 2842 878 2894 Is
925 2842 1114 2910 utique
1155 2843 1506 2911 plecteretur.
1557 2841 1645 2894 Tu
1695 2844 1889 2894 autem
1945 2854 2202 2909 eousque
2251 2837 2599 2893 temeritatis
2643 2842 2952 2910 provectus
3001 2839 3147 2894 267
3202 2855 3311 2894 es:
3363 2843 3427 2892 ut
3473 2841 3580 2892 tua
3633 2854 3732 2892 so-

313 2921 432 2978 lius
465 2927 831 2995 auctoritate,
865 2928 1190 2984 sacerdotio
1223 2928 1542 2984 admolitus
1571 2944 1831 2994 manum,
1863 2926 2024 2982 ausis
2053 2925 2297 2997 insuper
2327 2927 2605 2981 adversus
2649 2927 3048 2998 presbyterum
3081 2926 3394 2996 inquirere.
3425 2925 3557 2980 Haec
3587 2926 3734 2981 sane

319 3014 583 3083 oportuit
614 3015 893 3071 adversus
926 3016 1092 3071 illum
1127 3017 1238 3072 dici
1269 3018 1368 3088 qui
1395 3022 1605 3088 praeter
1657 3017 1746 3072 sui
1779 3016 2001 3071 ordinis
2051 3015 2396 3087 dignitatem
2431 3016 2627 3086 aliqua
2659 3015 2899 3087 quidem
2935 3014 3208 3084 molitur;
3243 3019 3301 3069 at
3328 3019 3484 3069 certe
3515 3014 3731 3069 rationi

313 3097 776 3172 haudquaquam
831 3104 1206 3159 dissentanea
1251 3122 1355 3160 nec
1402 3106 1694 3160 indecora.
1729 3104 1812 3159 'I‘u
1861 3121 1994 3160 vero
2027 3112 2202 3176 quam
2251 3120 2448 3174 speres
2481 3120 2653 3174 posse
2702 3109 2756 3158 te
2803 3108 3115 3174 prmtexere
3161 3103 3430 3158 umbram
3479 3119 3730 3158 excusa-

312 3186 514 3256 tionis,
550 3191 784 3260 quando
839 3196 1046 3262 prazter
1088 3193 1312 3249 ordinis
1360 3194 1442 3249 tui
1495 3194 1787 3258 meritum,
1823 3210 1892 3248 ne
1933 3193 2050 3248 ullo
2101 3193 2334 3263 quidem
2390 3197 2666 3262 praetextu
2719 3192 3051 3247 excusanda
3097 3191 3575 3264 praesumpsisti?
3627 3192 3730 3247 His

310 3277 678 3334 continenter
734 3279 962 3336 inducit
1010 3282 1296 3352 exempla,
1349 3298 1601 3354 quorum
1653 3281 1961 3338 collatione
2009 3281 2316 3354 perspicue
2361 3281 2529 3336 docet
2577 3280 2985 3351 DemOphilum
3035 3298 3148 3336 non
3199 3280 3372 3352 paulo
3420 3279 3539 3334 illis
3589 3297 3728 3352 gra-

303 3363 465 3420 viora
513 3367 874 3436 designasse.
926 3367 1093 3424 Ozias
1137 3387 1235 3424 rex
1293 3387 1415 3425 rem
1467 3387 1569 3442 per
1617 3385 1678 3426 se
1723 3369 1896 3425 laude
1940 3369 2176 3442 dignam
2229 3369 2431 3440 gessit,
2482 3369 2622 3423 dum
2674 3369 2978 3425 incensum
3025 3369 3239 3438 adolet,
3288 3370 3465 3425 etiam
3522 3374 3729 3438 praeter

309 3453 401 3509 sui
437 3454 786 3527 dignitatem
819 3458 1064 3513 ordinis.
1098 3465 1401 3514 Daemones
1432 3475 1562 3515 vere
1593 3459 2002 3530 loquebantur.
2037 3459 2240 3514 Jesum
2275 3463 2454 3513 Deum
2488 3474 2615 3514 esse
2647 3458 2906 3514 dicentes
2941 3474 2953 3514 :
2989 3458 3222 3514 tametsi
3255 3458 3400 3513 nihil
3433 3457 3726 3528 ejusmodi

310 3541 433 3598 illis
464 3542 660 3600 liceret
693 3546 982 3618 proloqui.
1015 3548 1099 3603 Tu
1136 3553 1342 3618 praeter
1372 3553 1484 3602 tua:
1533 3547 1835 3618 dignitatis
1883 3546 2296 3612 conditionem,
2331 3563 2452 3602 rem
2501 3552 2810 3602 exsecutus
2839 3564 2901 3602 es
2951 3547 3326 3602 vehementer
3353 3547 3676 3602 absurdam
3711 3564 3723 3602 :

310 3630 633 3705 designasti
668 3652 788 3690 rem
825 3654 1064 3708 prorsus
1117 3638 1477 3704 indecorem,
1509 3638 1650 3692 dum
1701 3637 1950 3692 onerasti
2002 3637 2407 3708 presbyterum
2453 3635 2826 3691 contumeliis
2875 3635 3224 3707 paenitentes
3274 3635 3589 3691 clementer
3627 3652 3726 3690 ex-

308 3721 668 3792 cipientem;
722 3726 959 3781 demum
1010 3727 1162 3794 vide,
1209 3731 1275 3781 ut
1324 3726 1660 3782 testimonio
1713 3727 1966 3797 antiqua:
2015 3725 2160 3796 legis
2213 3724 2503 3780 sententia
2547 3741 2678 3780 mea
2724 3725 3197 3782 communiatur:
3232 3727 3298 3781 Et
3339 3727 3726 3796 unusquisque

307 3812 549 3868 manebit
581 3815 641 3867 in
665 3814 858 3870 ordine
889 3817 981 3870 sui
1010 3817 1314 3871 ministerii
1343 3817 1429 3883 (e).
1466 3818 1599 3880 Quis
1647 3820 1851 3869 caetera
1899 3829 2134 3886 quoque
2182 3813 2407 3867 deﬁnit.
2457 3813 2681 3867 Rursus
2709 3813 2788 3867 ait
2820 3828 2832 3866 :
2867 3815 3046 3869 Iratus
3091 3817 3167 3869 est
3209 3816 3398 3885 furore
3448 3816 3724 3868 Dominus

305 3917 477 3970 super
538 3907 843 3960 temeritate
897 3907 1057 3962 Oziae
1111 3922 1309 3961 arcam
1363 3905 1652 3978 surrigere
1701 3904 2084 3976 prmsumentis
2139 3903 2229 3972 (Γ).
2292 3903 2397 3956 Sed
2460 3905 2515 3957 et
2571 3903 2745 3957 Maria
2803 3902 2974 3974 Moysi
3027 3919 3180 3959 soror
3235 3905 3384 3976 lepra
3447 3903 3724 3976 respergi-

314 3991 408 4041 tur
437 3989 532 4058 (9).
566 3990 645 4044 De
680 3992 818 4047 ﬁliis
851 4010 1083 4064 quoque
1115 3995 1326 4060 Scevae,
1361 3994 1862 4065 quemadmodum
1892 3993 1946 4046 in
1981 3991 2138 4047 Actis
2172 3990 2507 4062 apostolicis
2531 3990 2610 4062 (h)
2641 3991 3072 4062 refertur,quod
3106 3993 3144 4046 ii
3175 3992 3235 4046 in
3267 3992 3574 4047 Christum
3603 4009 3725 4048 non

312 4076 706 4145 crediderant,
741 4097 929 4151 neque
978 4083 1048 4136 ad
1099 4099 1227 4137 eam
1281 4083 1511 4137 fuerant
1561 4081 1728 4137 asciti
1773 4082 2152 4146 iunctionem,
2188 4080 2539 4150 adjurabant
2585 4079 2970 4136 nihilominus
3013 4082 3308 4137 daemones
3340 4097 3354 4136 :
3387 4082 3541 4152 quod
3588 4098 3726 4136 mu-

310 4179 425 4217 nus
483 4164 858 4234 peculiariter
913 4171 1216 4226 exorcistis
1271 4172 1658 4241 competebat,
1693 4176 1750 4224 et
1806 4171 1966 4225 solis.
2028 4169 2174 4224 Illud
2226 4170 2365 4224 item
2401 4170 2548 4246 :_Qui
2605 4171 2816 4241 impius
2871 4187 2996 4226 cum
3051 4172 3144 4238 sit,
3206 4172 3451 4225 immolat
3508 4170 3725 4239 bovem,

308 4253 480 4307 tatem
503 4257 719 4324 reputat
749 4256 895 4310 hunc
923 4258 1082 4327 quasi
1113 4260 1207 4327 qui
1236 4258 1496 4328 occiderit
1526 4274 1750 4312 carnem
1781 4257 1866 4328 (i).
1901 4259 2034 4312 Ideo
2065 4257 2310 4319 dictum,
2344 4258 2497 4328 quod
2530 4274 2645 4312 non
2691 4259 2972 4329 approbet
3003 4263 3151 4314 Deus
3175 4260 3473 4314 victimam
3505 4276 3724 4330 quam-

303 4340 449 4396 libet
478 4341 779 4398 liberalem
813 4361 878 4400 ac
910 4345 1278 4417 splendidam
1329 4351 1563 4417 propter
1613 4345 2026 4417 indignitatem
2075 4346 2392 4401 offerentis.
2442 4351 2667 4402 Rursus
2704 4364 2716 4401 :
2753 4347 2896 4402 Mihi
2948 4351 3089 4403 tunc
3137 4349 3398 4420 expende
3439 4348 3723 4404 eximiam

306 4429 474 4486 illam
513 4431 605 4487 Dei
633 4433 954 4503 justitiam,
991 4435 1130 4505 quia
1179 4435 1508 4490 dicentibus
1556 4434 1857 4490 nonnullis
1890 4451 1902 4488 :
1937 4435 2196 4506 Nunquid
2243 4451 2353 4490 non
2383 4434 2481 4490 hoc
2508 4444 2560 4490 et
2590 4435 2730 4490 illud
2778 4437 2837 4491 in
2883 4437 3106 4492 nomine
3151 4441 3244 4492 tuo
3289 4439 3570 4508 fecimus?
3598 4437 3724 4492 Non

309 4519 442 4574 novi
471 4535 584 4585 vos,
619 4522 906 4594 respondet
937 4523 1034 4594 (k).
1069 4523 1147 4578 Ex
1176 4523 1266 4578 his
1297 4524 1493 4594 itaque
1524 4523 1797 4578 omnibus
1827 4523 2083 4579 inductis
2126 4523 2479 4579 testimoniis
2528 4523 2823 4595 colligitur
2859 4526 3201 4596 neutiquam
3251 4525 3427 4581 licere
3474 4526 3721 4598 exsequi

314 4607 589 4678 quaslibet
621 4628 719 4682 per
750 4627 812 4666 se
835 4613 1026 4682 justa,
1059 4614 1169 4669 nisi
1202 4618 1258 4668 et
1280 4613 1504 4668 ordinis
1537 4611 1793 4683 dignitas
1822 4619 2217 4668 conservetur.
2252 4612 2430 4668 Docet
2477 4612 2632 4668 enim
2665 4612 2775 4668 hoc
2805 4613 3096 4683 imprimis
3126 4612 3330 4686 legifer
3360 4614 3457 4669 ille
3486 4614 3723 4686 Moyses

311 4697 372 4751 in
406 4697 856 4755 Deuteronomio
893 4716 904 4756 :
938 4703 1086 4756 Juste
1116 4703 1260 4772 quod
1289 4703 1492 4768 iustum
1522 4704 1600 4755 est
1629 4701 1949 4772 exsequaris
1981 4701 2064 4772 (ι).
2096 4701 2308 4756 Eodem
2338 4706 2392 4756 te
2441 4700 2786 4757 adhortatur
2835 4701 2934 4757 ille
2977 4702 3342 4759 admirabilis
3383 4703 3584 4759 Sirach
3634 4703 3721 4759 di-

311 4802 450 4842 cens
486 4804 499 4843 :
526 4788 734 4845 Attiora
766 4793 818 4844 te
843 4806 913 4845 ne
941 4805 1148 4860 quaere,
1180 4795 1230 4845 et
1255 4789 1624 4861 profundiora
1655 4794 1706 4845 te
1734 4806 1803 4845 ne
1829 4796 2109 4846 scrutatus
2132 4790 2307 4861 fueris
2338 4790 2456 4861 (ιη).

379 4894 710 4952 Antithesin
782 4897 906 4952 sive
975 4897 1403 4969 appositionem
1470 4898 1696 4953 inducit
1761 4898 1944 4967 Pater,

2136 4894 2411 4951 Ἀντίθεσιν
2472 4894 2667 4969 εἰσάγει
2703 4939 2717 4965 ,
2787 4895 2862 4958 ὡς
2930 4895 2989 4951 ἐκ
3055 4900 3152 4952 τοῦ
3211 4896 3574 4976 Δημοφίλου,
3629 4898 3717 4954 ὅτι

309 4983 479 5054 quasi
506 4983 842 5057 loquentem
877 4987 1046 5042 faciat
1079 4986 1512 5059 Demophilum,
1533 4987 1670 5059 quia
1700 4991 1754 5042 et
1785 4987 1890 5042 dei!

2140 5005 2206 5038 :ut
2247 4982 2438 5038 λοιπὸν
2480 4980 2697 5038 ἀσέϐεια
2747 4983 2798 5038 ἐν
2848 4991 2966 5047 τοῖς
3010 4987 3230 5059 ἱερεῦσι,
3297 4988 3371 5060 μή
3406 4987 3721 5062 ἰξεταζομὲ-

301 5087 441 5142 ceps
474 5089 586 5128 non
609 5075 898 5130 mediocre
947 5078 1282 5148 contagium
1313 5075 1633 5146 impietatis
1665 5075 1723 5129 in
1751 5093 1882 5130 sace

2138 5095 2163 5124 ν
2198 5071 2392 5143 αὐτῶν,
2430 5075 2568 5144 μήτε
2602 5075 2708 5144 μὴν
2742 5072 3072 5137 εὐθυνόντων
3119 5074 3318 5138 αὐτοὺς
3351 5077 3570 5152 ἑτέρων
3624 5077 3715 5132 καὶ

300 5160 540 5216 dotibus
563 5163 875 5220 coalescet:
902 5165 949 5220 si
975 5167 1210 5236 quidem
1235 5164 1458 5220 nullam
1485 5167 1554 5218 de
1577 5165 1879 5219 sacerdota

2138 5158 2384 5215 ιδυνεύσει
2415 5160 2545 5225 τοὺς
2579 5162 2628 5216 ἐν
2657 5162 2814 5235 νόμῳ
2845 5165 3239 5238 καυχωμένους
3271 5163 3360 5220 διὰ
3389 5174 3492 5236 τῆς
3547 5187 3719 5242 παραυ

302 5247 785 5306 moribuslicebit
807 5268 1038 5308 movere
1060 5253 1470 5324 quaestionem,
1503 5268 1692 5324 neque
1723 5251 1824 5307 ulli
1858 5253 1883 5306 ἰ

2133 5249 2246 5312 σίας
2273 5254 2369 5304 τοῦ
2399 5250 2572 5323 νόμου
2598 5253 2688 5307 τὸν
2735 5253 2862 5307 Θεὸν
2924 5254 3225 5326 ἀτιμάζειν.
3287 5256 3427 5331 Ἐγὼ
3489 5254 3546 5311 δὲ
3575 5276 3714 5331 προ-

379 5542 450 5628 (ί)
481 5541 654 5598 Num.
689 5545 871 5628 vrtus“.
950 5545 1016 5628 (ί)
1046 5546 1262 5628 lInReg.
1293 5563 1369 5614 v1,
1401 5548 1480 5628 ἶ..
1535 5548 1610 5619 (g)
1639 5547 1813 5604 Num.
1846 5563 1945 5616 xu,
1975 5548 2060 5604 10.
2138 5548 2217 5621 (h)
2247 5553 2386 5622 Cap.
2411 5566 2526 5606 xxx.
2605 5510 2678 5624 (ἰ)
2701 5553 2813 5609 Isa.
2845 5567 2995 5624 vax,
3027 5552 3081 5608 3.
3159 5553 3243 5627 (lt)
3275 5553 3480 5613 Matth.
3511 5556 3708 5628 “1,23.

307 5613 368 5686 (ι)
401 5615 536 5686 Cap.
570 5630 684 5682 xvr,
716 5631 767 5669 ν.
797 5615 886 5669 20.
966 5617 1064 5684 (in)
1092 5613 1265 5672 Eocli.
1299 5633 1384 5687 ut,
1413 5619 1502 5672 22.
