4004 6200
229 363 335 418 473

1043 360 1501 415 ΡΔΟΗῩΜΕΕΕ
1541 358 2041 416 PARAPHRASIS
2077 361 2151 414 IN
2189 361 2345 413 EPP.
2386 363 2445 415 S.
2485 361 2822 415 DIONYSII.

3543 360 3644 415 474

216 487 496 554 νοητικῖος
532 483 663 556 ὑπὲρ
694 482 890 536 τούτου
918 479 1373 555 ἀπολογήσομαι·
1435 478 1497 534 οὐ
1528 479 1630 553 γὰρ
1682 479 1876 554 ἐχθρὸς

1992 481 2188 551 fuerit,
2220 481 2349 538 vitae
2382 481 2534 538 288
2569 481 2806 538 illorum
2856 496 3161 553 reposcere
3209 481 3518 550 rationem,
3553 488 3649 540 at-

216 575 243 628 6
307 570 654 649 Δημόφιλος,
707 567 795 625 ’ίνα
851 568 984 643 ἐαθῇ
1039 570 1184 644 παρᾶ
1242 573 1327 640 τῷ
1379 572 1590 637 Σατανᾷ
1662 568 1884 640 τοιαύτῃ

219 659 410 735 πλάνῃ
445 659 835 736 συνεχόμενος.
870 664 1027 725 ’¹Ιστι,
1062 658 1142 711 ὅτι
1176 658 1371 722 ἑκάστη
1401 661 1506 710 τῶν
1541 657 1702 731 ἰερῶν
1765 653 1882 710 δια-

217 751 549 823 κοσμήσεων
631 745 996 820 θεοειδεστέρα
1056 745 1165 800 ἐστὶ
1218 752 1319 814 τῆς
1373 743 1585 818 μᾶλλον
1647 745 1885 822 ἀφεστη-

217 839 401 906 κυίας,
435 841 470 907 ἡ
531 843 611 909 τῷ
663 842 780 908 Θεῷ
826 834 1226 906 πλησιάζουσα,
1283 835 1373 887 καὶ
1441 833 1490 888 ἐν
1549 839 1668 895 τοῖς
1723 835 1886 909 οὖρα-

216 928 366 989 νίοις
417 926 511 981 καὶ
544 925 594 980 ἐν
637 929 795 998 ἡμῖν.
829 927 917 995 Μὴ
950 928 1083 998 γοῦν
1120 918 1352 997 ἐκλάϐῃς
1407 924 1495 978 τὸν
1533 922 1883 996 πλησιασμὸν

210 1021 491 1084 τοπικῶς,
552 1013 699 1070 ἀλλά
751 1013 962 1086 μᾶλλον
1015 1013 1150 1067 κατὰ
1208 1013 1306 1080 τήν
1365 1011 1590 1066 ἑκάστου
1628 1009 1732 1082 ἕξιν
1793 1013 1885 1066 καὶ

214 1102 666 1174 ἐπιτηδειότητα·
702 1103 766 1157 οὐ
822 1103 922 1177 γὰρ
982 1099 1032 1154 ἐν
1087 1101 1239 1173 τόπῳ
1293 1099 1432 1154 ἐστὶν
1496 1102 1523 1154 6
1567 1101 1696 1160 Θεὸς
1748 1103 1883 1173 (98),

209 1193 284 1255 ὠς
348 1192 411 1247 ἄν
459 1191 690 1247 ἐντεῦθεν
746 1190 808 1245 τὸ
862 1189 1016 1264 ἐγγὺς
1064 1189 1153 1244 καὶ
1208 1191 1270 1243 τὸ
1300 1188 1489 1264 πόρῥω
1519 1187 1884 1266 ἐμφαίνηται.

215 1283 279 1338 Εἰ
347 1281 528 1336 τοίνυν
589 1283 623 1350 ἡ
679 1283 788 1335 τῶν
842 1280 1030 1353 ἱερέων
1082 1278 1230 1349 τάξις
1281 1280 1582 1354 φωτιστική
1634 1277 1797 1347 ἐστιν,
1859 1280 1886 1332 6

216 1373 296 1444 μή
367 1369 719 1448 φωτιστικὸς,
778 1367 813 1437 ἢ
879 1366 1094 1441 μᾶλλον
1146 1366 1236 1420 καὶ
1288 1368 1315 1420 6
1375 1366 1706 1440 ἀφώτιστος,
1757 1367 1886 1441 οὐχὶ

213 1460 423 1536 ἱερεὺς,
475 1460 564 1514 καὶ
591 1457 876 1533 τολμηρὸς
936 1456 1095 1519 οὗτος
1155 1454 1306 1511 δοκεῖ
1336 1477 1430 1529 μοι
1482 1457 1572 1511 καὶ
1603 1457 1888 1531 ἀναίσχυν-

214 1568 344 1615 τος,
408 1549 627 1622 ἀγνοεῖν
684 1545 936 1618 οἰόμενος
990 1546 1080 1598 τὸν
1129 1545 1282 1613 Θεὸν,
1339 1545 1484 1617 ἅπερ,
1526 1543 1683 1605 αὐτὸς
1716 1542 1889 1615 ἑαυτῷ

210 1633 462 1702 σύνοιδε,
496 1635 588 1688 καὶ
618 1634 854 1707 νομίξων
910 1633 1116 1702 ἀπατᾷν
1177 1631 1235 1686 ὃν
1295 1630 1454 1692 αὐτὸς
1515 1628 1888 1704 ψευδωνύμως

219 1724 576 1780 ἐπικαλεῖται
634 1723 860 1798 πατέρα,
917 1722 1114 1797 Πάτερ,
1178 1720 1379 1795 λέγων,
1439 1723 1467 1775 6
1525 1721 1575 1774 ἐν
1619 1726 1735 1782 τοῖς
1794 1720 1886 1774 οὐ·

217 1819 441 1887 ρανοῖς·
495 1812 584 1867 καὶ
605 1811 828 1884 τολμῶν
860 1813 958 1872 τὰς
1013 1811 1177 1864 αὐτοῦ
1234 1808 1587 1884 βλασφημίας
1645 1808 1730 1882 (οὐ
1787 1809 1887 1884 γὰρ

215 1900 451 1974 εἴποιμι
498 1901 828 1976 προσευχὰς)
875 1899 962 1954 ἐπὶ
1015 1903 1123 1953 τῶν
1157 1897 1314 1962 θείων
1357 1893 1654 1970 συμϐόλων
1704 1895 1883 1951 ἐπιλέ-

221 2013 370 2065 γειν.
405 1989 576 2053 Οὗτος
606 1994 733 2066 γοῦν
766 1990 868 2044 οῦκ
897 1983 1036 2042 ἔστιν
1098 1986 1290 2061 ἱερεὺς.
1324 1985 1469 2042 ἀλλὰ
1524 1991 1625 2040 πᾶν
1661 1985 1883 2040 τούναν-

219 2080 373 2137 τίον.
435 2079 586 2141 Τέως
618 2077 675 2133 δὲ
727 2078 788 2132 οὐ
839 2075 1047 2132 δίδοται
1076 2081 1156 2149 τῷ
1185 2074 1495 2150 Δημοφίλῳ
1528 2075 1648 2151 περὶ
1677 2074 1882 2130 τούτων

221 2167 578 2240 διεξετάζεινο
641 2166 864 2230 δικαίως
919 2166 1018 2242 γὰρ
1076 2163 1366 2244 ὀφείλομεν
1409 2162 1621 2220 διώκειν
1681 2164 1746 2218 τὰ
1805 2161 1885 2218 δί-

217 2281 356 2314 καια
389 2260 529 2331 (99),
577 2258 714 2312 κατὰ
741 2257 802 2310 τὸ
832 2253 1216 2331 παράγγελμαο
1279 2253 1486 2308 δίκαιον
1549 2252 1605 2308 δέ
1661 2253 1770 2308 ἐστι
1821 2255 1882 2308 τὸ

218 2349 344 2402 κατ’
378 2347 530 2416 ἀξίαν
558 2351 687 2400 πᾶσι
739 2342 1140 2417 διανεμητικὸν,
1198 2341 1313 2397 ἐπεὶ
1361 2343 1449 2396 καὶ
1506 2341 1764 2417 ἀγγέλοις
1821 2341 1883 2394 τὸ

218 2433 445 2490 δίκαιον
478 2433 826 2507 ἀπονέμεται·
891 2432 941 2487 ἐν
996 2437 1125 2486 πᾶσι
1183 2431 1285 2507 γὰρ
1340 2437 1456 2492 τοῖς
1487 2430 1603 2484 οὖσι
1631 2427 1721 2484 διὰ
1772 2433 1879 2484 τῶν

215 2526 469 2601 πρώτων
524 2528 642 2585 τοῖς
701 2520 972 2597 δευτέροις
1031 2521 1098 2575 τὰ
1163 2522 1280 2576 κατ’
1329 2518 1480 2590 ἀξίαν
1533 2519 1879 2591 ἀπονέμεται.

215 2615 286 2671 Οἱ
363 2613 462 2685 μὲν
511 2610 600 2667 οὖν
635 2611 894 2687 ἐπάρχειν
925 2614 1032 2665 τῶν
1064 2606 1252 2663 ἄλλων
1313 2609 1628 2684 ταχθέντες,
1687 2607 1879 2661 ἐκεῖνοι

212 2708 340 2763 τοῖς
407 2701 526 2774 μετ’
585 2699 780 2761 αὐτοὺς
838 2695 1190 2753 ἀποδώσουσι
1242 2698 1311 2751 τὰ
1356 2698 1472 2752 κατ’
1501 2696 1672 2766 ἀξίανε
1714 2696 1740 2749 6
1773 2703 1879 2763 Δη-

219 2789 478 2865 μόφιλος
530 2787 587 2844 δὶ
634 2788 959 2866 ἀφοριζέτω,
1014 2784 1390 2861 διαχωριζέτω
1435 2785 1504 2839 τά
1549 2785 1664 2839 κατ’
1713 2783 1879 2856 ἀξίαν,

214 2885 364 2934 ποῖα
393 2880 492 2950 μέν
541 2879 618 2949 τῷ
673 2877 845 2950 λόγῳ,
889 2880 1020 2930 ποῖα
1051 2873 1107 2929 δὶ
1155 2879 1235 2946 τῷ
1276 2876 1454 2947 θυμῷ,
1514 2879 1646 2927 ποῖα
1701 2870 1758 2926 δὲ
1813 2877 1881 2946 τῇ

215 2966 520 3040 ἐπιθυμίᾳ,
567 2965 697 3042 ὅπερ
747 2965 845 3020 οὐκ
899 2961 958 3018 ἂν
990 2961 1176 3025 ἄλλως
1226 2962 1466 3038 γένηται,
1515 2961 1603 3016 καὶ
1658 2958 1880 3016 ἕκαστον

219 3055 559 3131 πρεπόντως
612 3056 1056 3131 ἀφορισθήσεται,
1114 3052 1163 3107 εἷ’
1213 3052 1286 3124 μή
1334 3050 1579 3123 κατάρξει
1640 3051 1667 3104 6
1721 3049 1884 3123 λόγος

217 3150 337 3199 τῶν
405 3143 758 3219 ὑφειμένων,
836 3147 1010 3215 θυμοῦ
1081 3140 1222 3217 λέγω
1287 3140 1375 3195 καὶ
1429 3139 1736 3212 ἐπιθυμίας,
1795 3137 1885 3192 καὶ

1995 587 2110 641 que
2139 571 2210 625 ad
2247 571 2655 626 rectitudinem
2696 586 2984 625 revocare.
3014 571 3120 624 Sed
3153 575 3210 624 et
3242 569 3375 625 hinc
3409 571 3645 643 impen-

1996 659 2093 713 det
2136 661 2484 730 periculum,
2537 677 2608 714 ne
2657 660 2892 731 quando
2946 658 3005 724 ii,
3039 658 3182 726 legis
3231 661 3467 714 nomine
3519 679 3650 717 sese

1996 750 2388 818 venditantes,
2421 767 2522 820 per
2568 749 2716 821 legis
2765 748 3294 820 transgressionem
3348 748 3650 821 insignem

2003 838 2113 891 Deo
2144 837 2462 908 important
2501 837 2939 892 contumeliam.
2997 837 3283 907 Equidem
3317 836 3443 902 tibi,
3477 854 3509 892 ο
3543 837 3652 892 De-

1996 925 2277 996 m0phile,
2327 943 2504 996 super
2555 926 2662 981 hac
2707 941 2768 980 re
2821 925 3059 996 provide
3108 924 3653 997 prospicienterque

1997 1015 2404 1084 respondebo;
2435 1016 2667 1086 quando
2719 1031 2834 1068 non
2882 1014 3025 1068 adeo
3075 1013 3352 1069 inimicus
3385 1020 3656 1069 censetur

1996 1101 2478 1174 Demophilus,ut
2508 1101 2621 1158 sini
2653 1103 2860 1157 debeat
2892 1119 2926 1156 a
2954 1102 3172 1156 Satana
3201 1107 3364 1158 tanto
3397 1103 3653 1174 opprimi

1996 1206 2210 1246 errore.
2264 1192 2420 1246 Scito
2474 1191 2654 1263 igitur
2701 1192 2840 1262 quia
2887 1208 3252 1262 unaquaeque
3311 1197 3652 1248 sanctarum

1997 1279 2466 1350 distinctionum,
2501 1297 2616 1351 quo
2649 1280 2893 1351 propius
2927 1284 3040 1334 Deo
3093 1279 3392 1350 jungitur,
3419 1279 3530 1334 hoc
3562 1280 3655 1335 di-

1999 1368 2143 1423 vina:
2179 1368 2636 1440 pulchritudinis
2668 1372 3046 1439 repraesentat
3076 1366 3526 1422 similitudinem
3560 1384 3652 1422 cx-

1999 1457 2278 1526 pressius,
2314 1473 2484 1527 quam
2523 1456 2574 1510 is
2606 1457 2745 1511 ordo
2777 1457 2876 1526 qui
2907 1453 3143 1527 longius
3173 1456 3390 1510 recedit
3427 1472 3439 1508 :
3474 1455 3651 1526 idque

1998 1543 2056 1598 in
2108 1545 2328 1600 caelesti
2375 1550 2640 1600 servatur
2691 1551 3010 1615 nostraque
3067 1543 3420 1599 hierarchia.
3455 1544 3643 1598 Nolim

1998 1637 2193 1688 tamen
2239 1635 2456 1689 hancce
2508 1633 3004 1706 prepinquitatem
3039 1632 3292 1704 accipias
3323 1634 3650 1688 secundum

1996 1721 2105 1777 loci
2140 1723 2566 1779 dimensionem
2598 1743 2612 1788 ;
2648 1723 2836 1794 magis
2868 1739 3001 1777 vero
3025 1723 3199 1792 juxta
3239 1722 3648 1776 habitudinem

1999 1817 2470 1887 uniuscujusque
2493 1823 2548 1871 et
2569 1817 2838 1870 idoneam
2864 1815 3650 1885 aptitudinem.Nequeenim

1996 1905 2053 1959 in
2090 1904 2212 1960 loco
2245 1909 2333 1960 est
2386 1911 2558 1975 Deus,
2594 1911 2658 1959 ut
2688 1905 2825 1959 hinc
2857 1903 3106 1976 exprimi
3156 1904 3364 1958 debeat
3394 1903 3510 1959 Deo
3543 1903 3652 1960 hoc

1995 2010 2124 2048 esse
2147 1993 2410 2064 propius,
2447 1993 2588 2048 illud
2623 2009 2756 2047 vero
2808 1996 3113 2047 remotius.
3145 1992 3200 2045 Si
3232 1991 3411 2064 igitur
3451 1991 3510 2046 in
3546 1992 3651 2048 hoc

1994 2082 2330 2136 instituitur
2361 2083 2731 2136 sacerdotum
2765 2081 3001 2149 ordo,ut
3030 2081 3088 2135 in
3109 2080 3256 2136 alios
3281 2082 3374 2135 sui
3405 2079 3649 2138 luminis

1991 2170 2372 2225 transfundat
2414 2169 2636 2240 c0piam
2666 2169 2976 2240 ;quisquis
3013 2171 3158 2224 adeo
3181 2172 3476 2225 neminem
3508 2170 3647 2225 illu-

1995 2261 2273 2325 minat,ut
2298 2275 2370 2312 ne
2399 2259 2458 2312 in
2485 2275 2545 2312 se
2572 2259 2810 2329 quidem
2837 2257 2954 2312 ullo
2988 2258 3378 2328 perfundatur
3398 2258 3643 2329 lumine,

1992 2347 2130 2402 talis
2163 2363 2267 2402 nec
2299 2347 2571 2402 sacerdos
2603 2346 2718 2402 dici
2746 2347 2936 2401 debet.
2975 2345 3115 2401 Hinc
3159 2347 3316 2401 enim
3350 2362 3479 2401 mea
3510 2363 3646 2402 sen-

1992 2435 2178 2492 tentia
2207 2434 2554 2490 temerarius
2595 2451 2774 2505 supra
2801 2435 3042 2488 modum
3086 2439 3172 2489 est
3221 2440 3280 2488 et
3327 2434 3642 2505 impudens

1992 2528 2058 2579 ut
2087 2524 2184 2595 qui
2220 2523 2400 2578 Deum
2452 2523 2771 2578 arbitretur
2801 2540 2868 2578 ea
2914 2522 3208 2593 ignorare,
3240 2539 3493 2594 quorum
3526 2523 3641 2580 sibi

1992 2611 2118 2683 ipse
2149 2611 2298 2666 male
2348 2612 2621 2667 conscius
2668 2617 2796 2678 est;
2830 2611 3242 2682 existimatque
3285 2627 3347 2667 se
3389 2612 3438 2666 ei
3472 2628 3646 2683 posse

1991 2700 2494 2772 imponere,cujus
2519 2700 2908 2771 patrocinium
2933 2699 3234 2771 implorat,
3259 2699 3466 2755 falsam
3502 2718 3644 2772 prae-

1992 2792 2196 2844 texens
2221 2788 2402 2858 patris
2426 2788 2947 2856 nomencloturam,
2973 2790 3208 2860 quando
3231 2789 3374 2844 dicit
3406 2806 3418 2844 :
3456 2795 3641 2860 Pater,

1995 2879 2090 2948 qui
2117 2893 2171 2932 es
2201 2878 2261 2931 in
2281 2876 2456 2930 cazlis.
2493 2882 2556 2931 Et
2586 2877 2761 2931 audet
2793 2877 2843 2931 is
2894 2877 3127 2932 interim
3175 2894 3316 2932 suas
3364 2876 3642 2949 blasphe-

1995 2965 2140 3021 mias
2171 2967 2378 3036 (neque
2408 2965 2563 3020 enim
2596 2965 2960 3037 precationes
2991 2967 3326 3021 censuerim
3349 2967 3647 3039 appellan-

1997 3056 2117 3123 das)
2151 3055 2363 3109 divinis
2395 3071 2702 3110 accessere
2733 3054 3030 3123 symbolis.
3057 3054 3217 3110 Talis
3247 3054 3427 3126 igitur
3458 3056 3645 3111 neuti-

1996 3161 2171 3214 quam
2205 3143 2488 3198 dicendus
2537 3144 2827 3207 sacerdos,
2860 3144 3094 3215 quando
3143 3145 3334 3199 modis
3367 3145 3642 3200 omnibus

216 3233 388 3294 εὐθὺς
436 3213 499 3286 τὸ
537 3213 917 3305 ’παράδειγμα
957 3213 1190 3299 τίθησιν*
1251 3229 1278 3283 ὁ
1339 3227 1505 3303 λόγος
1561 3229 1662 3303 γὰρ
1695 3226 1877 3301 ἐπέχει

1991 3213 2258 3287 diversus
2289 3233 2413 3286 abit
2441 3232 2513 3286 ab
2543 3232 2650 3287 hac
2684 3213 3063 3303 professione.
3087 3235 3156 3287 At
3187 3233 3409 3289 interea
3440 3239 3504 3288 ut
3534 3234 3643 3288 hoc

208 3323 374 3392 τάξιν
408 3319 696 3390 δεσπότου,
756 3315 1144 3395 πρεσϐυτέρου,
1203 3318 1428 3392 πατρός
1485 3318 1514 3371 6
1573 3314 1629 3371 δὲ
1686 3315 1876 3388 θυμὸς,

208 3413 302 3466 καὶ
376 3413 412 3479 ἡ
474 3408 758 3482 ἐπιθυμία,
811 3405 1033 3476 δούλου,
1093 3405 1393 3480 νεωτέρου,
1453 3408 1593 3462 υἱοῦ.
1647 3405 1760 3462 Οὐκ
1817 3403 1875 3458 ἂν

210 3500 311 3555 οὖν
384 3494 594 3554 ἀσεϐεῖν
623 3496 941 3570 ἐδοκοῦμεν,
989 3495 1160 3572 εἴπερ,
1202 3495 1285 3550 ἐπ’
1332 3496 1529 3571 ἀγορᾶς
1557 3499 1664 3549 τῶν
1697 3514 1877 3569 κρειτ-

205 3590 396 3646 τόνων
449 3589 553 3642 ὑπὸ
582 3592 687 3642 τῶν
721 3586 984 3663 χειρόνων
1017 3584 1366 3660 πασχόντων,
1399 3585 1501 3638 οὐκ
1544 3579 1877 3655 ἐϐοηθοῦμεν

205 3685 336 3741 τοῖς
413 3677 723 3752 κρείττοσι;
786 3675 884 3730 Καὶ
955 3674 1041 3729 ἐπὶ
1085 3673 1302 3736 τοῦτοις
1355 3671 1874 3746 ἐνθυμηματίζεται.

206 3769 417 3841 Καίτοι
444 3787 509 3840 γε
558 3765 780 3829 ἐνταῦθα
813 3766 864 3819 οἱ
912 3764 1158 3840 χείρονες
1194 3760 1324 3825 ἴσως
1383 3763 1530 3836 παρὰ
1557 3765 1664 3815 τῶν
1700 3781 1877 3834 κρειτ-

205 3859 389 3913 τόνων
469 3852 941 3930 προηδικήθησαν,
1011 3854 1066 3906 Ὀ
1126 3849 1182 3906 δὶ
1249 3851 1412 3927 λόγος
1464 3851 1704 3916 ἐνταῦθα,
1762 3853 1879 3913 πῶς

207 3945 400 4002 ἀδικεῖ
445 3945 515 3999 τά
561 3945 811 4019 χείρονα,
862 3941 1008 4017 λέγω
1055 3941 1146 3995 τὸν
1193 3942 1364 4014 θυμὸν
1415 3939 1504 3994 καὶ
1543 3941 1641 4007 τήν
1693 3939 1877 4002 ἐπιθυ-

210 4037 374 4109 μίαν,
407 4035 549 4105 ἐπεὶ,
578 4035 677 4102 τήν
710 4031 769 4087 ἐκ
798 4036 931 4088 Θεοῦ
990 4027 1237 4085 δοθεῖσαν
1293 4028 1440 4101 αὐτῷ
1489 4029 1666 4104 ἀρχὴν
1719 4027 1879 4082 κατέ-

204 4147 335 4202 χειν
364 4124 734 4199 βουλόμενος,
758 4122 901 4195 παρά
919 4119 1124 4176 τούτων
1155 4117 1500 4193 ἀπείργεται;
1530 4115 1745 4173 Ἀδικοι
1778 4114 1878 4191 ἄρα

203 4219 408 4286 ἡμεῖς,
443 4211 498 4266 οῗ
529 4212 606 4284 μὴ
637 4215 715 4281 τῷ
763 4209 914 4284 λόγῳ
966 4210 1186 4282 βοηθεῖν
1243 4205 1588 4268 σπεύδοντες.
1641 4204 1900 4268 Εἰκότως

204 4304 308 4359 οὖν
345 4304 376 4356 6
403 4301 570 4375 μέγας
602 4297 816 4360 Παῦλος
848 4298 982 4372 πρὸς
1001 4297 1262 4369 Τιμόθεον
1296 4294 1630 4350 ἐπιστέλλων
1665 4291 1878 4348 διατάτ-

201 4413 387 4456 τεται,
426 4390 506 4463 μὴ
541 4388 617 4449 εἷς
649 4386 978 4461 προστασίαν
1009 4382 1336 4454 Ἐκκλησίας
1364 4383 1637 4454 ἀξιοῦσθαι
1672 4383 1764 4438 τὸν
1801 4383 1876 4455 μὴ

198 4484 308 4536 τοῦ
344 4477 494 4533 ἰδίου
525 4476 678 4532 οἷ’κου
710 4474 1012 4547 προστάντα
1056 4473 1258 4537 καλῶς’
1309 4473 1395 4527 καὶ
1447 4469 1632 4535 καλῶς
1667 4472 1733 4526 τά
1764 4475 1880 4534 θεῖα

1986 3323 2220 3386 donem,
2256 3337 2371 3375 non
2423 3323 2618 3375 statim
2653 3321 3018 3391 permittitur
3068 3321 3409 3392 Demophilo
3443 3321 3642 3392 inqui-

1986 3425 2113 3464 rere
2156 3409 2336 3464 tantis
2367 3410 2438 3464 de
2483 3409 2678 3464 rebus.
2712 3408 2879 3463 Juste
2908 3409 3086 3476 enim,
3121 3426 3248 3481 quae
3287 3410 3449 3480 justa
3481 3414 3639 3480 sunt,

1987 3499 2271 3553 debemus
2319 3498 2574 3568 exsequi,
2599 3499 2770 3568 juxta
2801 3497 3110 3569 Scriptura:
3153 3503 3502 3569 praeceptum
3537 3501 3638 3569 (η).

1985 3586 2222 3641 Justum
2275 3591 2470 3641 autem
2521 3590 2611 3640 est
2641 3585 2916 3640 omnibus
2965 3603 3068 3656 pro
3100 3588 3389 3658 cujusque
3431 3587 3640 3642 merito

1989 3674 2079 3729 sui
2105 3676 2257 3744 juris
2289 3674 2728 3730 distributivum
2766 3689 2778 3727 :
2829 3675 2970 3744 quin
3014 3675 3237 3744 angelis
3293 3676 3642 3744 etiamnum,

1989 3765 2139 3833 quod
2167 3763 2399 3832 justum
2431 3765 2544 3829 est,
2577 3761 2791 3832 partito
2822 3760 3121 3815 tribuitur.
3162 3762 3335 3816 Porro
3363 3761 3421 3815 in
3451 3761 3647 3816 omni-

1987 3851 2100 3906 bus
2132 3867 2259 3921 quaa
2309 3855 2468 3918 sunt,
2523 3867 2624 3921 per
2667 3848 2858 3919 prima
2886 3850 3163 3904 secundis
3197 3867 3299 3920 pro
3340 3850 3642 3905 divinitate

1987 3956 2053 3995 ac
2079 3940 2284 3994 merito
2334 3943 2549 3994 cuncta
2579 3940 2784 3993 sortito
2815 3938 3272 3993 distribuuntur.
3307 3939 3510 4010 Itaque
3540 3940 3642 4010 qui

1986 4028 2047 4083 in
2078 4028 2206 4092 hoc,
2239 4033 2304 4082 ut
2334 4026 2466 4082 aliis
2496 4026 2756 4098 praesint,
2791 4027 2966 4098 positi
3000 4031 3140 4082 sunt
3175 4043 3187 4082 :
3225 4027 3279 4082 hi
3313 4044 3374 4082 se
3406 4027 3644 4084 inferio-

1989 4115 2150 4170 ribus
2186 4133 2287 4187 pro
2320 4117 2613 4186 cujusque
2645 4115 2849 4169 merito
2876 4116 3149 4170 obeunda
3199 4132 3445 4171 munera
3479 4131 3643 4170 com-

1991 4205 2337 4277 partiantur.
2390 4205 2501 4259 Sed
2551 4209 2610 4260 et
2662 4203 3046 4276 DemOphilus
3095 4220 3379 4276 perpenso
3417 4205 3643 4276 judicio

1988 4295 2264 4366 praecidat
2296 4293 2618 4365 singula,et
2639 4309 2745 4347 sua
2768 4294 2979 4363 cuique
3002 4311 3103 4364 pro
3132 4295 3416 4366 dignitate
3447 4310 3644 4365 segre-

1987 4388 2086 4456 get
2130 4383 2345 4452 ofﬁcia,
2379 4383 2644 4454 quaedam
2678 4382 2914 4447 rationi,
2949 4382 3146 4453 aliqua
3197 4399 3328 4438 vero
3360 4383 3477 4452 ira,
3512 4399 3643 4436 rur-

1989 4490 2089 4528 sus
2122 4472 2238 4527 alia
2268 4470 2756 4543 concupiscentia;
2787 4471 3247 4535 tribuens.0uod
3280 4471 3483 4541 utique
3516 4470 3640 4525 fieri

203 4567 474 4642 λέγουσιν
507 4562 835 4640 Εὐαγγέλια.
856 4565 916 4620 Ὁ
964 4561 1014 4616 ἐν
1049 4561 1222 4636 ὀλίγῳ
1248 4562 1459 4630 πιστὸς,
1483 4561 1572 4615 καὶ
1607 4560 1658 4614 ἐν
1679 4557 1879 4630 πολλῷ

1991 4577 2106 4616 non
2143 4560 2311 4616 aliter
2344 4561 2549 4632 possit,
2583 4565 2648 4615 ut
2680 4561 3147 4632 unumquodque
3178 4562 3448 4615 decenter
3474 4559 3546 4614 ab
3574 4574 3638 4615 se

199 4657 434 4719 πιστός,
465 4655 639 4718 Αὐτὸς
673 4655 765 4727 μὶν
802 4651 914 4722 οῦν,
962 4653 1140 4716 καθὼς
1186 4653 1275 4706 καὶ
1328 4649 1685 4727 προείπομεν,
1728 4650 1876 4727 ἀφώ-

201 4753 330 4821 ριζε
360 4746 428 4801 τὰ
462 4744 638 4799 οἷ’κεῖα
691 4748 771 4814 τῷ
825 4741 992 4818 λόγῳ,
1051 4741 1118 4795 τὰ
1157 4739 1330 4795 οῗκεῖα
1383 4745 1464 4812 τῷ
1497 4742 1676 4812 θυμῷ,
1703 4742 1769 4794 τὰ
1801 4738 1872 4792 οἷ.

199 4843 336 4892 κεῖα
378 4838 451 4909 τῇ
507 4833 786 4906 ἐπιθυμίᾳ·
836 4832 898 4886 τό
950 4828 1005 4885 δέ
1055 4829 1189 4902 ἐστι,
1235 4829 1310 4884 Σὺ
1361 4828 1518 4891 αὐτὸς
1554 4830 1629 4901 μὴ
1682 4825 1872 4897 ἄλλον,

199 4922 366 4980 ἀλλὰ
413 4921 634 4977 σεαυτὸν
693 4917 912 4994 διόρθου
973 4917 1064 4972 καὶ
1111 4917 1290 4989 τάττε,
1329 4918 1449 4980 καθ’
1496 4915 1721 4986 εκάστην
1773 4919 1874 4989 ψυ-

197 5014 383 5090 χικὴν
410 5009 641 5082 δύναμιν
675 5009 870 5080 ἑκάστῃ
896 5006 1103 5062 τούτων
1149 5006 1215 5060 τὰ
1261 5007 1375 5061 κατ’
1421 5004 1564 5078 ἀξίαν
1617 5004 1873 5090 ἀιροριζό-

201 5087 395 5176 μενος.
432 5101 527 5154 Σοὶ
564 5096 620 5153 δέ
668 5099 718 5153 οἱ
769 5093 1032 5164 διάκονοι,
1079 5093 1349 5155 κάκείνοις
1395 5094 1447 5148 οἱ
1495 5087 1870 5169 πρεσϐύτεροι,

195 5191 295 5245 καὶ
332 5190 558 5249 τούτοις
586 5188 639 5241 οἱ
670 5184 947 5261 ἱεράρχαι,
1000 5183 1089 5238 καὶ
1135 5189 1252 5245 τοῖς
1305 5183 1590 5258 ἱερᾶρχαις
1633 5183 1684 5236 οἱ
1735 5182 1872 5236 ἀπό-

194 5279 432 5348 στολοι,
480 5277 568 5332 καὶ
599 5277 652 5330 οἱ
679 5279 788 5329 τῶν
817 5272 1140 5328 ἀποστόλων
1175 5268 1429 5348 διάδοχοι
1459 5274 1626 5344 (1ΟΟ)’
1661 5269 1737 5325 ἔτι
1768 5270 1868 5346 γὰρ

192 5369 349 5437 ἦσαν
384 5367 436 5422 ἐν
469 5366 664 5439 κόσμῳ
710 5364 800 5418 καί
827 5383 967 5425 τινες
993 5366 1099 5417 τῶν
1151 5359 1496 5429 ἀποστόλων,
1548 5359 1637 5415 καί
1680 5357 1869 5414 διάδο-

193 5478 301 5533 χοι
367 5462 492 5531 παρ’
539 5453 756 5511 ἐκείνων
813 5453 1100 5528 ταχθέντες
1137 5470 1149 5482 ·
1211 5449 1300 5506 καὶ
1358 5449 1866 5526 ἐπανορθωθήσεται

281 5675 380 5751 (η)
410 5672 577 5734 Dent.
606 5689 726 5745 xvi,
747 5671 838 5729 20.

1987 4650 2238 4706 invicem
2287 4654 2611 4720 separetur,
2645 4648 2760 4703 nisi
2805 4647 2935 4718 ipsa
2967 4647 3025 4701 in
3074 4646 3280 4718 primis
3311 4646 3464 4701 ratio
3513 4663 3643 4702 mo-

1989 4740 2128 4794 dum
2174 4738 2511 4810 przescribat
2559 4753 2623 4792 se
2673 4736 3078 4804 interioribus,
3114 4736 3208 4790 irae
3267 4735 3549 4790 nimirum
3584 4739 3642 4790 et

1985 4826 2492 4899 concupiscentiae.
2527 4826 2681 4881 269
2732 4824 2922 4880 Simul
2973 4824 3128 4881 dicto
3180 4823 3403 4879 inducit
3446 4841 3643 4880 exem-

1983 4915 2148 4987 plum
2177 4933 2190 4982 ;
2223 4932 2358 4970 nam
2384 4913 2530 4969 ratio
2561 4913 2752 4969 locum
2796 4914 3103 4983 vicemque
3134 4913 3362 4968 obtinet
3392 4913 3636 4981 domini,

1984 5004 2332 5076 presbyteri,
2381 5003 2565 5074 patris
2603 5002 2733 5057 :ira
2782 5005 2979 5056 autem
3033 5005 3089 5057 et
3137 5001 3642 5073 concupiscentia,

1982 5093 2152 5157 servi,
2180 5091 2459 5163 junioris,
2493 5090 2616 5146 filii.
2649 5091 2849 5145 Nonne
2889 5091 3028 5160 jura
3080 5091 3316 5161 pietatis
3369 5090 3644 5146 omisisse

1978 5181 2166 5238 videri
2197 5178 2843 5248 debeamus,siquidem
2877 5178 2935 5231 in
2970 5179 3092 5233 fore
3121 5178 3428 5250 contingat
3458 5196 3638 5250 pries-

1979 5269 2264 5326 tantiores
2295 5268 2448 5324 male
2496 5267 2651 5324 affici
2685 5265 2937 5321 violenta
2985 5267 3374 5338 impressione
3405 5267 3647 5323 inferio-

1979 5377 2110 5416 rum
2138 5379 2152 5428 ;
2179 5376 2280 5414 nec
2303 5358 2541 5413 interim
2561 5355 3072 5429 praestantioribus
3092 5356 3409 5413 tulerimus
3424 5373 3643 5430 suppe-

1975 5449 2092 5505 tias
2123 5447 2208 5504 sic
2251 5446 2490 5518 indigne
2538 5443 2791 5518 acceptis
2816 5444 2843 5500 ‘I
2870 5445 2957 5501 Ad
3010 5444 3132 5503 hinc
3162 5445 3282 5503 acri
3333 5446 3641 5517 enthyme-
