4004 6200
442 373 549 428 475

1275 369 1640 422 APPENDIX
1679 369 1774 420 AD
1811 364 2050 420 OPERA
2085 366 2144 419 8.
2183 365 2498 420 DIONYSII
2537 364 3035 425 AREOPAGITE.
3711 373 3789 432 476

445 502 602 553 mete
629 497 845 552 utitur:
875 497 1050 552 etiam
1085 494 1132 550 si
1168 493 1268 566 qui
1286 492 1557 564 praesenti
1579 491 1705 546 loco
1728 490 2092 546 inducuntur

2215 485 2425 550 ἕκαστος
2480 487 2626 562 παρὰ
2679 493 2785 544 τῶν
2845 491 3137 566 ὁμοταγῶν
3182 493 3376 567 ἁγίων,
3433 495 3520 548 καὶ
3548 497 3639 551 οὐκ
3687 500 3792 554 ἀντι-

445 587 776 653 inferiores,
814 586 962 640 forte
989 602 1021 640 a
1045 583 1475 656 potentioribus
1500 580 1722 651 priores
1755 583 2099 650 acceperant

444 675 743 746 injuriam.
779 675 888 729 Sed
937 679 993 729 et
1023 673 1117 727 hic
1168 673 1408 743 quinam
1441 669 1588 725 ratio
1629 668 1745 723 dici
1779 668 1964 739 possit
1995 667 2098 722 ad-

445 781 679 820 versum
715 781 776 818 se
806 763 1084 817 inferiora
1131 760 1498 830 delinquere,
1533 759 1679 812 iram
1713 757 1842 811 dico
1877 762 1933 810 et
1963 772 2097 810 con-

447 852 872 924 cupiscentiam
893 850 920 903 Ἰ
953 849 1096 904 Nam
1133 848 1367 920 quando
1401 848 1530 918 ipsa
1560 845 1847 900 adnititur
1879 843 2099 916 princi-

452 950 650 1014 palum
687 943 938 994 retinere
971 937 1084 992 sibi
1117 937 1218 992 Dei
1253 952 1495 990 munere
1525 933 1821 989 indultum
1849 953 1863 1001 ;
1897 949 2098 1004 perur-

451 1037 622 1102 getur
672 1033 867 1083 tamen
919 1027 988 1080 ab
1038 1026 1126 1081 his
1175 1041 1246 1079 ne
1297 1040 1404 1078 suo
1445 1023 1581 1094 jure
1629 1022 1809 1076 libere
1860 1025 2098 1087 utatur;

449 1119 655 1187 injusti
697 1122 848 1171 certe
899 1131 1027 1182 nos,
1059 1114 1156 1183 qui
1210 1129 1326 1167 non
1376 1117 1639 1183 tempore
1689 1109 2101 1166 contendimus

451 1221 620 1279 opem
652 1205 800 1259 ferre
852 1202 1140 1259 laboranti
1189 1201 1420 1256 rationi.
1453 1201 1594 1255 Jure
1625 1200 1822 1269 itaque
1852 1198 2102 1253 eximius

449 1294 549 1350 ille
581 1291 800 1348 Paulus
823 1291 1129 1347 Timotheo
1160 1289 1336 1346 edicit
1369 1306 1469 1361 per
1485 1287 1896 1360 epistolam,ne
1925 1303 2100 1358 quem

449 1380 790 1454 pronuntiet
816 1380 1084 1435 Ecclesia
1111 1379 1362 1450 primatu
1389 1377 1761 1448 dignum,qui
1786 1393 1902 1430 non
1939 1375 2102 1446 prius

452 1471 608 1525 norit
630 1486 749 1524 ause
772 1467 973 1522 domui
1002 1467 1257 1538 legitime
1281 1480 1528 1537 praeesse
1563 1465 1651 1536 (ο).
1686 1465 1833 1518 Huic
1867 1468 2102 1519 senten-

448 1559 540 1613 tiae
573 1557 815 1630 pulchre
846 1557 1166 1610 admodum
1199 1554 1397 1609 divina
1427 1554 1748 1608 concinunt
1770 1552 2100 1623 Evangelia:

450 1648 555 1717 Qui
605 1651 663 1702 in
709 1647 917 1702 modico
969 1647 1169 1718 ﬁdelis,
1200 1655 1250 1700 et
1297 1647 1357 1700 in
1406 1643 1584 1699 multo
1633 1643 1937 1714 ﬁdelis(p).
1971 1643 2101 1713 Ipse

449 1753 606 1803 vero,
641 1736 816 1792 sicuti
850 1734 1410 1806 priemisimus,quze
1445 1733 1676 1804 proprie
1707 1732 1941 1797 rationi,
1974 1747 2100 1802 qua

456 1825 556 1880 irae
576 1823 950 1896 peculiariter
971 1826 1311 1892 competunt
1334 1827 1390 1876 et
1413 1821 1920 1892 concupiscentiae,
1953 1835 2102 1874 seor-

453 1914 566 1970 sim
587 1929 694 1968 sua
717 1911 924 1983 cuique
957 1911 1159 1965 munia
1176 1909 1570 1981 praeecribito:
1596 1907 1704 1963 hoc
1745 1915 1852 1977 est,
1884 1912 1946 1962 tu
1980 1907 2102 1976 ipse

452 2017 524 2056 ne
545 2000 728 2055 alium
749 1997 1290 2070 quemlibet,magis
1313 2001 1507 2051 autem
1531 2001 1585 2051 te
1606 1995 1799 2066 ipsum
1827 1997 1896 2050 ad
1932 1995 2103 2050 recti-

449 2089 718 2145 tudinem
771 2089 903 2142 vita;
953 2087 1338 2156 ordinemque
1370 2085 1792 2154 revoca,.juxta
1835 2083 2104 2155 singulas

451 2177 661 2234 animas
716 2182 826 2232 tua
877 2177 1030 2230 vires
1081 2175 1295 2245 cuique
1343 2190 1568 2240 earum,
1617 2173 1772 2244 quod
1824 2175 2104 2237 meretur,

452 2281 721 2323 seorsum
755 2264 1118 2335 impertiens.
1151 2262 1278 2317 Tibi
1305 2262 1536 2317 interim
1574 2261 1803 2316 diaconi
1833 2261 1960 2316 vitae
1992 2261 2103 2315 for-

452 2353 676 2410 mulam
705 2353 1109 2425 praascribant,
1140 2350 1259 2406 illis
1289 2350 1429 2405 item
1464 2350 1809 2422 presbyteri,
1837 2349 1931 2404 his
1962 2365 2104 2420 pon-

452 2444 665 2512 tifices,
697 2441 1078 2514 pontificibus
1128 2439 1402 2512 apostoli,
1437 2456 1626 2510 neque
1659 2456 1773 2494 non
1806 2438 2104 2511 apostolo-

458 2549 597 2590 rum
629 2531 1093 2587 successores.ln
1126 2530 1347 2584 mundo
1381 2528 1670 2599 siquidem
1708 2527 2104 2600 apostolorum

454 2620 726 2676 nonnulli
758 2621 1106 2691 superstites
1137 2619 1538 2685 adhucerant;
1583 2618 1681 2673 sed
1711 2623 1767 2671 et
1798 2634 1912 2672 non
1938 2616 2107 2689 pauci

459 2709 792 2780 apostolicae
817 2708 1134 2763 {unctionis
1157 2723 1526 2762 successores
1563 2707 1634 2760 ab
1677 2706 1793 2761 illis
1833 2706 2109 2774 ordinati,

457 2802 633 2868 atque
664 2798 746 2852 ita
781 2796 1037 2868 legitime
1069 2796 1307 2850 tandem
1327 2795 1735 2864 unusquisque
1757 2795 1828 2850 ad
1851 2794 2109 2849 ofﬁcium

459 2885 826 2942 revocabitur
855 2902 889 2939 a
919 2885 1010 2939 sui
1068 2884 1290 2938 ordinis
1339 2883 1596 2949 sanctis;
1643 2883 1742 2937 sed
1789 2899 1977 2954 neque
2020 2883 2109 2936 in-

462 2973 706 3028 vertitur
756 2989 949 3027 rerum
983 2973 1144 3026 ordo.
1183 2971 1313 3026 Haec
1343 2975 1462 3025 tam
1508 2970 1695 3025 multa
1725 2971 1828 3025 tibi
1859 2988 1925 3026 eo
1956 2971 2112 3026 dicta

459 3061 938 3130 sint,utteipsum
964 3061 1218 3129 primum
1236 3060 1704 3127 noveris,deinde
1734 3065 1901 3114 tuum
1924 3059 2111 3131 ipsius

463 3149 840 3204 ordinem.De
871 3147 970 3203 illa
1000 3152 1196 3202 autem
1231 3153 1332 3202 tua
1365 3147 1422 3201 in
1458 3153 1818 3219 peccatorem
1844 3147 2113 3203 immani-

461 3241 724 3306 tate,non
754 3236 896 3292 satis
929 3234 1332 3307 intelligo,quo
1365 3216 1491 3291 eam
1517 3237 1750 3306 planctu
1785 3236 2104 3308 deplorem,
2137 3216 2179 3284 (ἶ

460 3325 806 3398 prephetam
841 3325 1131 3392 imitatus,
1156 3324 1567 3379 contritionem
1603 3341 1882 3396 perquam
1913 3325 2107 3381 dilecti

461 3413 796 3470 christiani.
833 3414 1015 3484 Cujus
1045 3412 1200 3469 enim
1233 3413 1423 3484 gratia
1455 3430 1488 3468 a
1513 3413 1682 3468 nobis
1710 3413 1930 3469 ascitus
1955 3431 2016 3470 es
2048 3414 2108 3469 in

463 3503 729 3558 ordinem
762 3501 1053 3557 cultorum
1105 3501 1227 3569 Dei,
1262 3500 1488 3556 alienus
1537 3517 1670 3556 cum
1699 3518 1859 3557 esses
1899 3503 1969 3557 ab
2003 3502 2109 3557 hac

460 3595 661 3648 ucstra
693 3590 1024 3662 religione?
1052 3591 1490 3661 Tempestivum
1515 3590 1641 3661 jam
1675 3591 2108 3663 fuerit,quando

459 3685 515 3735 te
547 3680 724 3736 talem
777 3680 1041 3749 exhibes,
1075 3685 1136 3734 ut
1185 3679 1366 3734 Deum
1419 3680 1625 3747 alium,
1678 3679 1822 3735 alios
1869 3679 2111 3752 insuper

458 3770 793 3825 sacerdotes
834 3770 1143 3840 perquiras
1178 3785 1190 3824 :
1224 3768 1425 3840 sicque
1457 3770 1611 3840 apud
1661 3767 1794 3824 illos
1835 3771 2110 3824 efferatus

458 3859 762 3925 desaevias,
799 3863 899 3912 aut
925 3858 1109 3913 sacris
1141 3857 1370 3913 initiere
1402 3864 1458 3913 et
1489 3859 1827 3929 perficiaris.
1866 3859 2111 3914 Nescius

459 3947 606 4001 mihi
660 3948 876 4015 videre,
912 3963 1086 4018 quam
1137 3946 1195 4000 in
1253 3950 1474 4016 partem
1509 3963 1731 4017 preces,
1763 3946 1860 4017 qui
1910 3946 2109 4002 existi-

459 4049 590 4087 mas
621 4034 832 4088 acriter
862 4051 983 4089 rem
1014 4034 1340 4105 perspicere
1373 4051 1504 4089 cum
1526 4051 1725 4090 revera
1743 4036 1888 4090 nihil
1913 4035 2109 4092 minus

460 4121 543 4176 sis
578 4136 755 4191 quam
790 4121 1175 4177 videns.270
1206 4123 1523 4194 Obstupuit
1555 4122 1763 4177 coelum
1782 4140 1960 4195 super
1981 4124 2109 4190 hoc,

451 4209 627 4280 juxta
654 4208 922 4263 Jeremiaa
956 4209 1032 4281 (q)
1061 4210 1364 4265 oraculum
1393 4235 1406 4278 ;
1444 4212 1544 4266 sed
1576 4217 1632 4267 et
1663 4212 1788 4283 ipse
1818 4212 2107 4267 exhorrui.

460 4298 624 4363 Quod
656 4297 714 4351 ni
739 4302 870 4352 tuas
890 4297 1117 4352 litteras
1139 4298 1863 4370 excepissem,nullatenus
1888 4301 2110 4356 fueram

457 4385 626 4442 alteri
664 4386 837 4441 ﬁdem
873 4386 1181 4441 habiturus
1202 4390 1322 4440 tam
1357 4386 1601 4459 indigna
1633 4389 1702 4443 de
1731 4392 1788 4443 te
1818 4389 2108 4444 referenti:

462 4475 604 4546 quia
629 4474 898 4531 videlicet
928 4474 1312 4546 DemOphilus
1339 4477 1518 4530 Deum
1541 4477 1780 4547 quidem
1806 4477 2114 4533 arbitrare-

2209 580 2572 652 στραφησεται
2642 581 2675 646 ἡ
2725 579 2892 650 τάξις.
2946 583 3188 635 Τοσαῦτά
3245 603 3333 635 σοι
3390 583 3455 636 τά
3503 587 3617 660 παρ’
3667 590 3789 660 ἡμῶν

2214 664 2344 738 ὑπὲρ
2396 670 2491 719 τοῦ
2549 663 2745 721 εἰδέναι
2802 669 3022 722 σεαυτὸν
3067 669 3155 723 καὶ
3202 671 3300 738 τήν
3333 667 3465 724 ἰδίαν
3493 673 3644 742 τάξιν.
3694 679 3790 751 Περὶ

2210 750 2266 806 δὲ
2317 761 2418 822 τῆς
2471 752 2546 814 εἷς
2603 755 2694 808 τὸν
2754 755 3081 831 ἁμαρτωλὸν
3139 758 3535 832 ἀπανθρωπίας,
3581 760 3668 815 οὐκ
3706 762 3792 818 οἶδα

2210 847 2326 903 πῶς
2377 840 2686 914 κλαύσομαι
2718 848 3072 918 προφητικῶς
3119 847 3181 900 τὸ
3240 846 3539 920 σύντριμμα
3588 854 3671 903 τοῦ
3695 851 3792 924 ἀγα-

2210 935 2388 998 πητοῦ
2471 936 2833 1006 χριστιανοῦ·
2906 934 3068 1008 χάριν
3144 935 3245 1008 γάρ
3321 936 3463 997 τίνος
3525 937 3795 1010 θεραπευτής

2211 1018 2451 1093 ἐτάχθης
2505 1022 2632 1095 παρ’
2690 1023 2874 1094 ἡμῶν,
2925 1020 3220 1097 ἀλλότριος
3279 1022 3351 1078 ὥν
3400 1031 3497 1094 τῆς
3552 1028 3793 1098 καθ’ἡμᾶς

2211 1105 2539 1179 θεραπείας;
2589 1107 2692 1162 Καὶ
2747 1105 2859 1162 ἐπεὶ
2890 1113 3139 1171 τοιοῦτος
3169 1109 3235 1182 εἶ,
3293 1109 3409 1186 ὥρα
3464 1133 3543 1166 σοι
3597 1114 3674 1167 καὶ
3698 1115 3792 1169 Θεὸν

2208 1197 2298 1250 καὶ
2357 1196 2532 1268 ἱερέας
2564 1195 2778 1270 ἑτέρους
2808 1200 3012 1266 ζητεῖν,
3042 1198 3118 1259 ὡς
3147 1195 3206 1252 ἂν
3258 1204 3535 1274 θηριωθῇς
3559 1203 3671 1274 παρ’
3694 1201 3794 1257 ἐχεί-

2210 1307 2314 1339 νων
2346 1285 2380 1354 ἢ
2414 1284 2671 1358 τελεσθῇς
2703 1287 2800 1358 (1(,
2864 1283 2986 1341 οὔτε
3034 1285 3193 1350 εἰδὼς
3246 1287 3297 1343 έν
3332 1289 3440 1342 τίνι
3469 1291 3794 1365 προσκόπτεις,

2212 1375 2300 1428 καὶ
2333 1375 2584 1446 οἱόμενος
2619 1373 2860 1448 βλέπειν,
2892 1373 3113 1445 ἀληθῶς
3160 1376 3221 1431 οὐ
3277 1375 3514 1452 βλέπων.
3572 1376 3797 1448 Ἐξέστηὸ

2212 1461 2439 1538 οὐρανὸς
2489 1462 2576 1516 ἐπὶ
2631 1461 2829 1534 τούτῳ,
2881 1465 3016 1518 κατά
3069 1465 3161 1519 τὸν
3189 1466 3475 1540 Ἱερεμίαν,
3523 1468 3604 1520 καὶ
3655 1466 3798 1544 ἔφριξα

2213 1549 2343 1624 ἰγώ.
2380 1551 2475 1607 Καὶ
2508 1550 2556 1605 εῗ
2599 1551 2684 1623 ’μὴ
2717 1551 2787 1606 τὰ
2843 1553 2907 1606 σά
2961 1553 3255 1627 γράμματα
3303 1553 3578 1627 ἐδεξάμην,
3630 1556 3713 1609 οὐκ
3755 1553 3798 1609 ἃν

2211 1639 2378 1713 ἑτέρῳ
2409 1644 2631 1694 τοιαῦτα
2677 1641 2802 1714 περὶ
2851 1644 2947 1694 σοῦ
2997 1640 3212 1715 λέγοντι
3255 1641 3548 1698 ἐπίστευον·
3596 1645 3668 1698 δτι
3715 1651 3799 1713 Δη-

2216 1728 2450 1806 μόφιλος
2483 1731 2572 1783 καὶ
2625 1730 2714 1782 τὸν
2757 1728 2885 1783 Θεὸν
2936 1728 3358 1807 ἀφιλάνθρωπον
3402 1733 3488 1786 καὶ
3543 1732 3702 1787 ἑαυτὸν
3742 1733 3797 1804 μή

2213 1814 2416 1871 δεῖσθαι
2465 1817 2653 1878 ἐλέους
2686 1813 2876 1890 οἷέται,
2924 1817 3169 1880 καὶτοὺς
3207 1819 3376 1894 ἱερεῖς
3421 1820 3798 1896 ἀποχειροτονεῖ·

2210 1903 2335 1961 ἀλλ’
2390 1907 2418 1960 6
2477 1905 2753 1976 Δεσπότης
2821 1907 3055 1980 Χριστὸς
3102 1908 3189 1961 καὶ
3238 1913 3409 1963 ταῦτα
3452 1909 3799 1984 κεχωρισμένος

2210 1995 2316 2048 ἀπὸ
2361 1999 2468 2049 τῶν
2530 1993 2897 2068 ἁμαρτωλῶν,
2973 1995 3294 2067 (Ἃμαρτίαν
3358 1998 3464 2071 γὰρ
3519 1997 3608 2050 οὐκ
3655 1996 3802 2065 ἐποίη-

2212 2103 2320 2153 σεν,
2381 2080 2510 2137 οὐδὲ
2585 2081 2775 2157 εὑρέθη
2856 2080 3019 2144 δόλος
3087 2083 3138 2137 έν
3215 2089 3298 2156 τῷ
3363 2083 3582 2156 στόματι
3636 2084 3804 2155 αὐτοῦ’)

2211 2172 2299 2227 καὶ
2347 2173 2444 2239 τήν
2488 2177 2594 2227 τῶν
2637 2166 2925 2246 προϐάτων
2974 2175 3343 2244 ποιμαντικήν
3405 2170 3590 2249 δεῖγμα
3629 2180 3712 2240 τῆς
3747 2172 3804 2232 εἷς

2213 2262 2397 2315 ἑαυτὸν
2439 2259 2653 2335 ἀγάπης
2703 2265 2962 2315 ποιεῖται·
3013 2261 3104 2315 καὶ
3151 2262 3242 2316 τὸν
3301 2263 3378 2334 μὴ
3413 2261 3618 2340 ἀφιέντα
3660 2260 3802 2335 ὀλίγον

2211 2355 2292 2421 τῷ
2318 2350 2595 2423 συνοικέτῃ
2623 2347 2809 2403 πολλὰ
2837 2348 3081 2427 ἀφεθέντι
3139 2352 3382 2424 πονηρὸν
3430 2349 3691 2417 ἀποκαλεῖ,
3737 2350 3802 2403 καὶ

2215 2437 2418 2493 δικαιοῖ
2446 2442 2552 2492 τῶν
2603 2437 2818 2492 οἰκείων
2865 2437 3183 2507 ἀπολαύειν,
3217 2436 3476 2510 δηλονότι
3508 2443 3596 2494 τοῦ
3624 2439 3797 2498 σκότους

2213 2527 2302 2582 καὶ
2335 2535 2434 2597 τῆς
2462 2527 2733 2601 τιμωρίας
2916 2531 3081 2582 ταῦτα
3108 2529 3207 2603 γὰρ
3240 2527 3421 2585 οἷ’κεῖα
3473 2533 3548 2600 τῷ
3599 2530 3796 2598 πονηριῖν

2215 2616 2373 2678 αὐτός
2400 2615 2564 2689 ἐστιν,
2615 2617 2672 2677 ὃς
2720 2617 2811 2670 καὶ
2865 2616 2996 2690 ὑπὲρ
3043 2621 3148 2670 τῶν
3188 2617 3558 2693 σταυρούντων
3611 2613 3803 2690 προσηῦ-

2217 2722 2372 2781 χετο.
2405 2704 2668 2777 Ἑπετίμα
2699 2702 2756 2758 δὲ
2797 2703 2887 2758 καὶ
2916 2710 3031 2766 τοῖς
3093 2707 3367 2778 μαθηταῖς
3407 2708 3537 2761 κατά
3585 2709 3678 2760 τῶν
3720 2709 3800 2756 Σα-

2221 2799 2488 2870 μαρειτῶν
2549 2792 2800 2868 λέγουσι,
2855 2794 3033 2857 καθὼς
3090 2794 3178 2848 καὶ
3233 2793 3286 2848 ἐν
3346 2800 3424 2868 τῷ
3477 2794 3602 2849 κατὰ
3642 2797 3802 2846 Λουκᾶν

2219 2883 2359 2958 ἀγίῳ
2437 2882 2749 2959 Εὐαγγελίῳ
2832 2884 3154 2957 γέγραπται·
3227 2883 3330 2937 Καὶ
3417 2884 3516 2959 γάρ
3572 2883 3598 2937 6
3649 2879 3801 2954 Κύριος

2217 2974 2352 3048 πρὸς
2411 2971 2609 3034 αὐτούς
2665 2991 2866 3041 φησιν·
2935 2970 3050 3028 Οὐκ
3106 2969 3289 3027 οἷ’δατε
3346 2972 3507 3027 ποίου
3556 2965 3805 3041 πνεύματός

2219 3061 2354 3129 ἐστε,
2408 3059 2661 3131 δηλονότι
2710 3061 2842 3131 ποίᾳ
2872 3062 3058 3134 χάριτι
3092 3057 3395 3116 διακονεῖτε
3425 3063 3519 3133 (3).
3567 3059 3634 3113 Σὺ
3662 3055 3700 3112 δ’
3723 3057 3806 3110 ἄνω

2219 3149 2309 3204 καὶ
2353 3151 2502 3204 κάτω
2559 3147 2856 3224 θρυλΛεῖς,
2915 3147 2987 3209 ὡς
3042 3149 3135 3203 τὸν
3189 3149 3317 3204 Θεὸν
3393 3146 3701 3219 ἐξεδίκησας,
3743 3140 3808 3197 διὰ

2217 3238 2404 3300 κακίας
2451 3239 2541 3292 τὸν
2591 3233 2808 3312 ἀγαθόν·
2867 3234 3058 3310 ἄπαγε.
3108 3243 3166 3294 Ὁ
3214 3237 3506 3314 ἀρχιερεὺς
3539 3240 3680 3306 ἡμῶν
3706 3233 3804 3307 Χρι-

2218 3329 2365 3395 στὸς,
2425 3325 2646 3397 ἄκακος,
2692 3323 2886 3401 πραῢς,
2941 3323 3177 3399 ἱλασμός
3223 3325 3332 3381 ἐστι
3398 3328 3517 3401 περί
3569 3329 3660 3379 τῶν
3702 3323 3806 3392 ἡμε-

2215 3415 2384 3490 τέρων
2447 3417 2747 3491 ἁμαρτιῶν.
2805 3413 2996 3470 Τοίνυν
3050 3413 3148 3468 οὐκ
3194 3412 3568 3488 ἀποδεξόμεθά
3620 3431 3699 3465 σου
3736 3407 3807 3466 τὰς

2217 3503 2536 3574 ἀζηλώτους
2569 3503 2763 3578 ὁρμὰς,
2797 3502 2841 3557 εί
2891 3503 2979 3557 καὶ
3013 3500 3284 3567 πολλάκις
3334 3498 3622 3579 προϐάλλῃ
3645 3498 3720 3554 τόν
3763 3514 3806 3548 τε

2215 3591 2409 3648 Ἠλίαν
2470 3592 2558 3647 καὶ
2615 3593 2706 3646 τὸν
2773 3593 2980 3661 Φινεὲς,
3052 3591 3254 3667 λέγων,
3315 3591 3402 3647 ὅτι
3460 3593 3570 3647 κατ’
3622 3587 3805 3643 ἐκείνους

2217 3681 2496 3752 ἐποίησας’
2549 3678 2673 3735 οὐὲὲ
2719 3683 2818 3757 γὰρ
2869 3681 3130 3755 ἠρέσκετο
3172 3682 3199 3734 6
3231 3680 3438 3757 Κύριος
3483 3680 3680 3755 λέγουσι
3719 3694 3804 3728 τοι·

2219 3776 2352 3826 αὕτα
2393 3771 2729 3845 ἀπάνθρωπα
2775 3765 2906 3830 τοῖς
2941 3764 3017 3824 ἔτι
3065 3769 3364 3845 ἀμετόχοις
3413 3774 3508 3826 τοῦ
3555 3764 3808 3836 Ηνεῦματος

2223 3865 2511 3932 μαθηταῖς.
2533 3860 2707 3915 Τοῦτο
2740 3857 2796 3913 δὶ
2828 3859 2969 3913 εἶπεν
3003 3860 3030 3913 6
3065 3860 3249 3932 Πατὴρ
3282 3860 3422 3934 πρὸς
3451 3859 3514 3913 τὸ
3537 3855 3718 3912 τέλειον
3736 3852 3808 3921 τῇς

2220 3947 2425 4024 δωρεᾶς
2473 3945 2705 4020 ἀπιδὼν,
2757 3949 2824 4016 ἧς
2872 3943 3067 4002 ἔλαϐον
3115 3949 3248 4021 μετά
3275 3949 3378 4016 τήν
3425 3948 3708 4002 ἀνάστασιν’
3747 3938 3812 4013 γὲ·

2218 4058 2454 4113 γραπται
2496 4038 2619 4112 γάρ·
2675 4035 2967 4105 Οὕπω’ἧν
3021 4041 3239 4108 Πνεῦμα
3287 4037 3466 4109 ἅγιον,
3515 4035 3593 4090 δτι
3639 4030 3811 4100 Ἰησοῦς

2219 4123 2372 4180 οὔπω
2405 4122 2691 4198 ἐδοξάσθη.
2744 4122 3092 4188 Διδάσκεσθαι
3153 4122 3211 4180 δὲ
3238 4125 3373 4200 χρὴ,
3427 4125 3514 4179 καὶ
3546 4122 3603 4178 οὐ
3631 4117 3813 4183 κολάζεο

2219 4217 2339 4269 σθαι
2369 4216 2495 4275 τοὺς
2546 4215 2893 4288 ἀγνοοῦντας,
2927 4213 3106 4286 ὥσπερ
3151 4213 3240 4269 καὶ
3270 4213 3514 4291 τυφλοὺς
3541 4209 3814 4285 ὁδηγοῦμενι

2221 4303 2281 4357 οὗ
2312 4301 2639 4374 κολάζομεν.
2664 4302 2876 4379 Κόῤῥην
2911 4300 2968 4357 δέ
2994 4323 3137 4364 τινες
3165 4304 3258 4375 μὶν
3281 4302 3372 4357 τὸν
3396 4299 3658 4378 κρόταφόν
3673 4308 3814 4379 φασιν·

2220 4388 2352 4445 ἔνιοι
2385 4387 2564 4461 δέ,τὴν
2587 4377 3036 4465 γνάθον-,Βέλτιον
3073 4389 3129 4445 δὲ
3155 4392 3246 4445 τὸν
3271 4389 3539 4466 κρόταφον
3559 4377 3815 4462 λέγειν.Μῆ

2216 4477 2419 4545 τοίνυν,
2452 4478 2753 4552 παρακαλῶ
2782 4479 2941 4550 ὑμᾶς,
2975 4476 3328 4554 βλάπτωμεν·
3359 4481 3521 4532 τοῦτο
3563 4475 3659 4549 γὰρ
3706 4484 3816 4538 παρ·

461 4567 556 4619 tur
586 4580 724 4636 erga
751 4581 857 4619 nos
889 4581 1019 4620 esse
1050 4564 1484 4632 inclementem,
1519 4581 1580 4620 se
1607 4570 1804 4621 autem
1839 4567 1982 4621 nihil
2015 4567 2105 4622 ha-

2220 4563 2502 4639 οιμιωδῶς
2549 4565 2717 4643 λέγει,
2763 4565 2922 4621 ὠθεῖν
2972 4553 3093 4630 καθ’
3120 4565 3321 4621 ἑαυτῶν
3380 4566 3442 4620 τὸ
3490 4563 3654 4637 ξίφος.
3700 4553 3818 4614 Μετά

457 4652 594 4708 bere
627 4670 776 4725 opus
824 4653 926 4709 Dei
975 4653 1496 4722 miseratione;ad
1548 4653 1691 4722 haec,
1723 4654 1885 4711 illius
1934 4657 2108 4711 etiam

457 4744 793 4798 sacerdotes
845 4743 1052 4813 dejicit
1099 4745 1304 4816 gradu.
1340 4747 1626 4799 Caeterum
1667 4744 1954 4800 Dominus
1986 4747 2112 4818 ipse

458 4830 748 4900 Christus,
783 4831 961 4904 idque
995 4849 1125 4887 cum
1158 4837 1313 4888 esset
1340 4849 1372 4888 a
1403 4835 1805 4904 peccatoribus
1837 4851 2110 4906 segrega-

457 4922 555 4976 tus
586 4921 892 4990 (peccatum
942 4921 1091 4977 enim
1121 4923 1342 4976 nullum
1365 4924 1614 4989 admisit,
1648 4939 1824 4994 neque
1855 4926 2110 4980 inventus

459 5009 620 5063 dolus
650 5011 712 5064 in
741 5026 836 5066 ore
884 5011 1000 5082 ejus
1031 5011 1124 5082 (r),
1161 5016 1463 5068 strenuam
1498 5027 1562 5066 ac
1605 5012 1938 5084 pervigilem
1974 5032 2109 5085 pas-

459 5098 778 5154 cendarum
808 5101 1003 5155 ovium
1030 5117 1271 5156 suarum
1289 5100 1856 5157 administrationem
1882 5101 2109 5158 illustre

457 5201 588 5241 esse
610 5194 1052 5258 argumentum,
1083 5195 1261 5262 atque
1290 5190 1532 5244 evidens
1553 5189 1716 5244 ducit
1737 5196 1950 5246 nostra:
1972 5207 2109 5263 erga

455 5289 518 5328 se
541 5273 1015 5332 dilectionis.Sed
1049 5282 1106 5333 et
1134 5277 1402 5349 eum,qui
1435 5293 1507 5332 ne
1539 5277 1838 5333 tantillum
1872 5279 2106 5350 quidem

456 5359 751 5418 dimittere
804 5364 988 5418 voluit
1041 5381 1342 5434 conservo,
1374 5366 1466 5421 cui
1510 5370 1630 5421 tam
1678 5367 1864 5422 multa
1889 5367 2107 5439 alioqui

457 5444 712 5504 dimissa
740 5450 994 5519 fuerant,
1030 5468 1284 5526 nequam
1317 5470 1385 5510 ao
1413 5453 1692 5512 malitiosi
1724 5455 1961 5514 nomine
1989 5461 2108 5512 tra-

2217 4657 2386 4711 ταῦτά
2418 4677 2602 4734 φησιν,
2633 4659 2723 4710 οἷα
2747 4654 3108 4720 ἐπακολουθεῖ
3155 4660 3272 4719 τοῖς
3324 4653 3528 4709 ἀδικεῖν
3572 4652 3605 4720 ἢ
3652 4649 3819 4720 εὐεργε-

2218 4751 2329 4800 τεῖν
2361 4766 2510 4807 τινας
2555 4744 2938 4820 βουλομένοις,
2983 4744 3078 4799 κᾶν
3135 4745 3211 4818 μὴ
3257 4744 3390 4818 πρὸς
3435 4738 3592 4817 ἔργον
3634 4734 3818 4820 {fvve

2220 4833 2252 4888 ’ἀ
2311 4817 2743 4890 ἐϐουλεύσαντοξ
2813 4832 3045 4895 ἐκείνους
3086 4817 3208 4908 γὰρ,
3271 4817 3485 4902 δηλαδή
3545 4827 3632 4890 οὖς
3676 4817 3821 4908 προῖί’

2221 4920 2380 4977 λοντο
2441 4919 2693 4991 ἀδικῆσαι
2751 4922 2787 4990 ἢ
2841 4921 3226 4998 εὐεργετῆσαι,
3287 4919 3350 4974 οὐ
3405 4920 3634 4984 πάντως,
3686 4905 3821 4998 φησὶ]

2225 5007 2474 5080 διέθηκαν
2516 5012 2695 5074 καθὼς
2743 4991 3157 5081 ἠϐουλήθησαν·
3205 5005 3485 5081 πρόδηλον
3538 5003 3611 5077 δὲ,
3661 4999 3732 5055 ὅτι
3777 4991 3824 5081 tl)

2227 5098 2320 5171 μὲν
2371 5098 2515 5172 παρὰ
2561 5100 2623 5153 τὸ
2671 5080 2980 5170 ἀϐούλητον
3009 5099 3118 5153 τῶν
3166 5080 3624 5172 εὐεργετουμένων
3651 5090 3735 5161 (In),

2223 5167 2280 5242 δὲ
2309 5167 2458 5263 παρά
2485 5187 2548 5242 τὸ
2581 5185 2804 5263 ἀδρανὲς
2852 5167 2958 5243 τῶν
3013 5167 3366 5242 ἀδικούντων.
3423 5184 3741 5258 Προθέμενος
3781 5167 3825 5223 δὲ

2217 5276 2340 5353 περὶ
2373 5281 2481 5331 τῶν
2534 5275 2628 5332 δύο
2656 5279 2848 5350 εἰπεῖν,
2877 5281 2984 5332 τῶν
3020 5297 3078 5331 τε
3119 5273 3322 5330 ἀδικεῖν
3369 5276 3456 5329 καὶ
3507 5277 3610 5326 τῶν
3653 5268 3828 5353 εὑεργξ·

2215 5348 2325 5422 τεῖν
2359 5367 2731 5443 προθεμένων,
2780 5348 2904 5442 περὶ
2935 5370 3040 5420 τῶν
3075 5361 3407 5420 ἀδικούντων
3467 5359 3629 5435 μόνον
3673 5348 3826 5443 ἔπιεξέ·

2217 5473 2298 5530 ρει
2323 5437 2414 5511 τὸν
2463 5437 2652 5532 λόγον,
2704 5454 2787 5511 ὅτι
2820 5437 2872 5510 οἱ
2907 5455 3002 5529 μὲν
3031 5451 3385 5526 ἀδικούμενοι
3436 5451 3534 5521 τὴν
3588 5437 3826 5524 βασιλείαν

531 5653 608 5734 (θ)
638 5659 666 5714 Ι
693 5655 842 5716 Tim.
875 5674 962 5731 ιιι,
993 5660 1051 5717 5.
1126 5661 1208 5735 (p)
1235 5663 1374 5721 Luc.
1402 5680 1519 5736 xvr,
1554 5667 1641 5728 10.
1717 5669 1792 5744 (q)
1822 5670 1960 5744 Cap.
1997 5686 2060 5740 η,
2089 5687 2105 5723 ι

2215 5669 2266 5727 2.
2342 5669 2416 5743 (ν)
2444 5671 2468 5727 Ι
2497 5673 2620 5729 Pet.
2654 5685 2717 5741 ιι,
2741 5671 2835 5728 22.
