4004 6200
191 389 292 444 47⁸7

999 391 1460 447 ΡΔΟΗΥΜΕΒΛΕ
1499 391 2003 446 PARAPHRABIS
2037 393 2110 446 IN
2148 393 2306 446 EPP.
2345 394 2402 447 8.
2445 393 2786 448 DIONYSII.

3492 389 3600 445 478

189 515 284 568 τοῦ
315 517 451 568 Θεοῦ
495 513 1034 590 κληρονομήσουσιν·
1093 513 1248 569 αὐτοὶ
1305 511 1361 568 δέ
1420 515 1472 567 οἱ
1528 511 1837 575 ἀδικοῦντες

1954 513 2115 570 ducit
2148 533 2160 571 :
2194 520 2250 570 et
2268 517 2402 586 jure
2428 516 2687 571 decernit
2719 518 2783 571 ut
2814 515 3063 585 propriis
3113 514 3362 581 fruatur,
3395 515 3597 570 videli-

189 603 281 657 καὶ
315 601 368 657 έν
395 608 478 675 τῷ
512 602 618 678 βίῳ
643 602 823 676 τούτῳ
869 604 960 657 καὶ
991 602 1044 656 ἐν
1081 607 1161 674 τῷ
1217 601 1478 676 μέλλοντι
1532 606 1840 677 τιμωροῦν-

188 713 297 763 ται,
385 692 519 764 μετὰ
593 689 866 764 δαιμόνων
940 693 1070 745 εἶναι
1148 692 1618 766 κατακρινόμενοι.
1697 691 1843 746 Μετᾶ

185 785 356 834 ταῦτα
412 781 500 834 καὶ
557 781 678 852 περὶ
734 788 835 850 τῆς
886 779 1348 854 πολυθρυλλήτου
1391 781 1535 844 θείας
1585 780 1842 842 ὀπτασίας

188 863 576 941 διαλαμϐάνει.
619 869 790 930 Οὗτός
842 869 981 924 ἰστιν
1036 870 1064 922 6
1122 869 1362 944 Κάρπος,
1397 867 1460 923 οὗ
1512 868 1779 942 μέμνηται
1813 869 1841 921 6

187 962 334 1020 θεῖος
368 954 708 1018 Ἀπόστολος
757 955 811 1010 έν
867 961 936 1030 τῇ
994 957 1129 1031 πρὸς
1175 957 1436 1029 Τιμόθεον
1472 954 1692 1030 δευτέρᾳ
1722 955 1838 1010 ἐπι-

188 1043 386 1118 στολῇ,
445 1045 504 1108 ’ὸς
563 1043 688 1100 οὐδέ
729 1051 849 1107 ταῖς
900 1050 1008 1100 τῶν
1039 1046 1210 1120 ἁγίων
1248 1045 1561 1120 μυστηρίων
1601 1045 1842 1106 τελεταῖς

187 1133 493 1208 ἐνεχείρει,
573 1133 624 1188 εἷ
682 1135 755 1206 μή
825 1155 972 1197 τινος
1024 1134 1287 1210 πρότερον
1345 1131 1546 1204 ἠξίωτο
1606 1133 1842 1209 ὁράσεως

183 1222 324 1276 κατὰ
354 1221 450 1283 τὰς
509 1219 862 1297 προτελείους
922 1221 1106 1296 εὐχάς.
1159 1220 1458 1296 ΙῙροτέλεια
1507 1219 1564 1277 δὲ
1613 1221 1838 1277 έκάλουν

187 1314 238 1367 οἱ
297 1314 584 1383 Ἀθηναῖοι
642 1314 735 1374 τὰς
793 1313 944 1387 περὶ,
973 1318 1080 1368 τῶν
1109 1315 1300 1388 γάμων
1363 1313 1496 1386 μετὰ
1526 1315 1722 1367 θυσιῶν
1752 1312 1842 1366 εὐ.-

185 1400 310 1476 χάς’
356 1401 449 1454 τὸν
502 1401 606 1478 γὰρ
653 1400 826 1477 γάμον
885 1399 1044 1462 τέλος
1093 1399 1345 1469 ἐκάλουν,
1406 1401 1478 1463 ὡς
1531 1399 1844 1456 τελειοῦντα

183 1490 327 1564 πρὸς
353 1491 446 1544 τὸν
483 1490 603 1559 βίον
641 1491 732 1544 τὸν
782 1487 1098 1564 ἄνθρωπον.
1159 1491 1472 1564 Μυστήριον
1506 1495 1636 1565 γοῦν
1692 1490 1842 1564 εἶχον

182 1579 270 1633 καὶ
323 1580 420 1633 τὸν
454 1579 632 1653 γάμον
661 1581 760 1651 (5).
792 1578 1018 1654 Ἔλεγον
1053 1576 1111 1632 δὶ
1141 1576 1521 1654 προτελεῖσθαι
1582 1579 1671 1632 καὶ
1713 1597 1844 1650 προ-

190 1669 470 1739 μυεῖσθαι,
523 1667 614 1721 καὶ
655 1667 822 1722 οἱονεὶ
868 1668 1345 1742 προκαθαίρεσθαι,
1396 1666 1472 1728 είς
1529 1665 1840 1739 έτοιμασίαν

190 1755 502 1830 μυστηρίου
681 1755 760 1811 Τὸ
801 1759 930 1831 γοῦν
988 1756 1116 1828 παρ’
1145 1753 1414 1823 Ἕλλησιν
1444 1750 1648 1815 ἀσεϐῶς
1682 1752 1841 1828 λεγό-

189 1864 354 1915 μενον
387 1843 466 1904 είς
496 1843 559 1949 τὸ
587 1849 688 1910 τῆς
718 1841 979 1912 ἀληθείας
1041 1844 1338 1917 μυστήριον
1380 1844 1408 1897 6
1463 1833 1645 1916 Πατὴρ
1682 1844 1846 1914 μετή-
1874 1884 1921 1949 Β

183 1952 321 2007 γαγε
354 1973 367 1986 .
427 1930 534 1986 Καὶ
602 1930 950 2007 προτελείους
1001 1933 1145 1985 εἶπεν
1204 1930 1368 2006 εὐχὰς
1424 1933 1519 1992 τὰς
1577 1931 1682 2006 πρὸ
1747 1935 1842 1985 τοῦ

189 2019 503 2094 μυστηρίου
558 2015 765 2088 δεήσεις
799 2018 930 2091 ὑπὲρ
982 2017 1294 2091 καθάρσεως
1342 2018 1431 2073 καὶ
1487 2017 1841 2094 ἀκατακρίτου

184 2105 555 2180 μεταλήψεως
581 2110 678 2162 τοῦ
707 2106 1051 2162 τελειοτάτου
1097 2107 1187 2161 καὶ
1213 2105 1559 2162 τελειοποιοῦ
1602 2111 1710 2161 τῶν
1747 2129 1842 2180 μυ-

180 2198 431 2270 στηρίων
494 2193 694 2272 δώρου.
747 2197 895 2257 Τίνες
945 2194 1002 2251 δέ
1053 2196 1182 2250 εἰσιν
1253 2197 1306 2249 αἱ
1358 2195 1586 2270 Ἱλάριαι
1643 2196 1836 2272 εὐχαί;

175 2284 353 2340 Ἦσάν
382 2305 528 2346 τινες
575 2285 780 2360 ἡμέραι
833 2289 952 2346 τοῖς
996 2281 1449 2357 εἶδωλολάτραις,
1511 2281 1570 2346 ἃς
1602 2283 1840 2358 Ἱλαρίας

176 2371 520 2429 ἀπεκάλουν.
555 2372 660 2429 Καὶ
693 2373 747 2426 αἱ
783 2373 877 2444 μὲν
909 2373 1044 2442 ἦσαν
1099 2371 1267 2427 ἷδικαὶ
1324 2370 1574 2447 Ἰλάριαι,
1607 2373 1680 2435 ὡς
1711 2372 1835 2426 ὅταν

173 2480 252 2522 τις
302 2457 538 2534 ἔγημεν,
591 2461 626 2530 ἢ
687 2462 802 2516 υἱὸν
849 2461 1058 2516 έκτᾶτο⁶
1122 2463 1176 2515 αἱ
1230 2459 1286 2516 δὲ
1331 2462 1508 2516 κοιναὶ
1539 2463 1627 2515 καὶ
1660 2457 1835 2534 δημόο

175 2568 309 2620 σιαι,
349 2550 425 2610 ὡς
455 2548 580 2603 ὅταν
617 2548 872 2623 βασιλεὺς
907 2549 1366 2625 ἀναγορευόμενος
1419 2549 1516 2612 τὰς
1565 2547 1836 2621 δημοσίας

170 2635 424 2710 Ἱλαρίας
474 2642 724 2712 παρεῖχε.
762 2637 857 2691 Καὶ
891 2635 1012 2692 οὔτε
1041 2639 1284 2710 πένθιμα¹
1310 2637 1360 2692 έν
1397 2637 1617 2700 ταύταις
1649 2643 1836 2714 φορεῖν

175 2723 326 2794 ἐξῆν,
365 2724 512 2780 ἀλλὰ
553 2726 643 2780 καὶ
675 2727 788 2779 θέαι
819 2725 909 2779 καὶ
961 2725 1135 2789 θυσίαι
1182 2727 1296 2781 καθ’
1348 2727 1576 2796 ἑκάστην
1625 2725 1834 2800 ἡμέραν

173 2811 448 2886 δημόσιαι
525 2813 848 2885 ἐτελοῦντο,
901 2815 992 2868 καὶ
1061 2814 1323 2869 ἐπαύοντο
1381 2815 1433 2869 οἱ
1499 2816 1836 2881 πενθοῦντες,

174 2904 258 2956 καὶ
316 2901 616 2977 ἐθεώρουν,
661 2903 750 2957 καὶ
794 2903 846 2957 έν
901 2903 1166 2978 εὗωχίαις
1226 2901 1414 2980 διῆγον
1443 2903 1540 2965 τὰς
1585 2904 1838 2964 τοιαύτας

176 2990 458 3066 Ἱλαρίους
515 2990 752 3066 ἡμέρας.
804 2993 904 3048 Ἦν
965 2989 1022 3046 δὲ
1069 2991 1159 3046 καὶ
1205 2990 1414 3068 Ἱλάρια
1471 2993 1630 3067 ἑορτὴ
1688 2989 1835 3060 ίδική

172 3081 474 3154 Ῥωμαίων
500 3081 576 3143 είς
608 3083 776 3155 τιμήν
809 3085 907 3151 τῆς
939 3084 1147 3157 μητρὸς
1176 3087 1282 3138 τῶν
1318 3087 1451 3147 θεῶν
1510 3082 1684 3137 αὐτῶν

172 3171 332 3228 Ἐπεὶ
365 3168 424 3225 δὲ
472 3171 555 3225 ἀεὶ
591 3171 654 3225 τὸ
687 3173 928 3246 σήμερόν
959 3170 1123 3239 έστιν,
1182 3171 1263 3226 ἀεὶ
1293 3176 1560 3235 νουθετεῖν
1612 3171 1703 3226 τὸν
1759 3173 1835 3244 μή

1952 610 2042 659 cet
2069 603 2318 675 caligine
2356 606 2650 676 (carceris)
2681 609 2738 659 et
2788 603 3098 674 supplicio.
3153 603 3281 658 Hec
3311 603 3467 658 enim
3497 602 3598 658 ﬂa-

1952 693 2162 766 gitiose
2195 695 2428 765 pr0pria
2461 698 2618 747 sunt.
2655 696 2783 762 Ipse
2816 710 3024 746 rursus
3056 709 3160 763 pro
3193 709 3254 746 se
3282 691 3598 763 ligentibus

1951 783 2109 838 cruci
2145 798 2342 853 preces
2377 783 2524 836 fudit
2557 799 2570 836 :
2605 786 2809 836 contra
2855 797 2988 836 vero
3040 781 3157 835 acri
3191 781 3598 851 objurgatione

1951 870 2258 944 percelluit
2288 869 2607 941 discipulos
2638 871 2945 926 adversum
2970 869 3292 925 Samaritae
3326 867 3598 940 interpel-

1951 959 2668 1029 lantes,quemadmodum
2695 960 2750 1013 in
2776 966 3144 1013 sacrosancto
3169 959 3330 1012 Lucae
3348 965 3600 1028 Evange-

1950 1047 2026 1103 lio
2042 1049 2322 1120 scriptum
2340 1053 2448 1102 est.
2463 1049 2538 1102 lbi
2554 1049 2709 1103 enim
2725 1047 2867 1118 legis
2886 1047 3190 1101 Dominum
3207 1047 3352 1117 ipsis
3368 1062 3603 1117 respon-

1951 1136 2109 1192 disse
2143 1155 2154 1192 :
2207 1137 2436 1192 Nescitis
2464 1138 2621 1208 cujus
2651 1135 2882 1207 spiritus
2913 1135 3038 1191 estis
3062 1138 3150 1204 (δ),
3182 1135 3275 1190 cui
3317 1135 3598 1190 nimirum

1951 1225 2151 1296 gratiae
2179 1225 2546 1280 subservitis.
2581 1225 2650 1279 Et
2679 1230 2742 1280 tu
2789 1225 3020 1278 interim
3057 1240 3294 1278 sursum
3337 1239 3403 1277 ac
3435 1223 3600 1277 deor-

1951 1329 2083 1369 sum
2117 1313 2259 1368 nihil
2294 1331 2405 1368 non
2440 1329 2697 1380 movens,
2730 1313 2928 1368 odiose
2959 1311 3219 1367 inculcas
3250 1310 3391 1376 hac,
3429 1311 3600 1381 quasi

1953 1402 2052 1473 qui
2078 1402 2192 1457 Deo
2214 1401 2495 1458 inflictam
2514 1400 2929 1456 contumeliam
2948 1400 3319 1455 ultusfueris.
3337 1398 3598 1454 Deumne

1950 1496 2012 1546 tu
2049 1491 2248 1546 ulcisci
2285 1507 2385 1563 per
2417 1490 2702 1546 malitiam
2745 1507 2938 1562 paras,
2973 1489 3057 1544 sic
3087 1489 3298 1543 eximie
3329 1488 3548 1543 bonum
3572 1487 3599 1541 ?

1950 1580 2116 1635 Absit
2134 1579 2239 1634 hoc
2255 1578 2268 1633 ί
2289 1581 2551 1635 Pontifex
2569 1584 2764 1634 noster
2781 1578 3071 1645 Christus,
3091 1577 3148 1632 in
3161 1592 3397 1642 nocens,
3415 1575 3601 1645 mitis,

1949 1669 2075 1740 ipse
2108 1669 2442 1740 prepitiatio
2489 1673 2578 1723 est
2614 1686 2713 1740 pro
2762 1667 3008 1739 peccatis
3039 1665 3276 1721 nostris.
3311 1665 3390 1720 Ne
3423 1665 3604 1735 igitur

1952 1775 2152 1828 speres
2172 1775 2274 1812 nos
2291 1774 2414 1812 com
2426 1756 2770 1828 probaturos
2791 1756 3171 1810 acrimoniam
3191 1755 3342 1809 hanc
3361 1754 3601 1808 allectus

1952 1847 2055 1912 tui,
2075 1847 2306 1916 quando
2328 1845 2496 1901 azelo
2527 1862 2816 1916 germanze
2850 1843 3081 1915 pietatis
3105 1843 3445 1914 neutiquam
3466 1857 3602 1912 pro-

1952 1934 2236 1990 ﬁciscitur
2267 1950 2279 1987 :
2316 1950 2386 1989 ne
2434 1934 2483 1988 si
2527 1934 2703 1988 etiam
2753 1932 3072 1987 identidem
3123 1947 3386 2002 oppones
3431 1928 3602 1984 nobis

1951 2023 2197 2079 eximios
2245 2021 2634 2088 aemulatores,
2669 2021 2971 2093 Eliamque
3022 2025 3079 2076 et
3126 2020 3373 2075 Phinees
3413 2018 3601 2089 subji'

1951 2113 2131 2180 ciens,
2156 2111 2336 2182 quod,
2360 2109 2595 2165 illorum
2621 2115 2971 2180 provocatus
2994 2108 3282 2180 exemplo,
3305 2124 3425 2163 rem
3454 2107 3608 2177 ejus-

1950 2204 2106 2258 modi
2137 2218 2452 2274 aggressus
2483 2201 2584 2257 sis.
2619 2202 2763 2257 Nam
2789 2207 2846 2256 et
2868 2200 3191 2272 discipulos
3214 2199 3414 2271 gratia:
3438 2197 3609 2268 spiri-

1949 2292 2130 2347 tualis
2161 2297 2404 2346 eatenus
2456 2291 2650 2358 rudes,
2699 2307 2832 2345 cum
2868 2289 3113 2345 Domino
3163 2288 3442 2359 quiddam
3487 2302 3602 2340 non

1948 2379 2221 2436 absimile
2273 2379 2582 2446 dixissent,
2633 2379 2706 2434 ab
2737 2379 3000 2433 humana
3048 2377 3332 2432 nimirum
3388 2374 3602 2446 pietate

1947 2469 2215 2532 alienius,
2252 2469 2592 2538 neutiquam
2643 2467 2692 2521 is
2741 2467 3024 2537 probavit.
3083 2467 3196 2520 Hoc
3229 2470 3424 2518 autem
3459 2448 3606 2516 dixit

1947 2557 2116 2614 Pater
2144 2559 2210 2612 ad
2248 2556 2578 2612 absolutam
2613 2554 2774 2610 illam
2801 2554 3095 2626 aspiciens
3121 2552 3320 2625 gratiae
3355 2551 3600 2606 infusio-

1947 2663 2103 2712 nem,
2129 2663 2306 2717 quam
2342 2650 2474 2716 post
2517 2645 2995 2699 resurrectionem
3045 2646 3414 2712 acceperunt.
3447 2641 3606 2694 Scri-

1946 2740 2113 2808 ptum
2141 2736 2356 2806 quippe
2387 2739 2474 2790 est
2505 2751 2518 2789 :
2553 2733 2801 2788 Nondum
2820 2733 2968 2788 enim
2985 2739 3102 2787 erat
3124 2729 3366 2802 Spiritus
3385 2736 3604 2810 sanctus

1947 2827 2132 2892 datus,
2157 2825 2288 2894 quia
2307 2825 2458 2879 Iesus
2478 2822 2720 2878 nondum
2741 2825 2863 2878 erat
2883 2821 3221 2893 glori/iectus
3237 2821 3320 2892 (ι).
3348 2816 3602 2874 Docendl

1947 2929 2222 2982 namque,
2244 2929 2358 2967 non
2385 2917 2577 2966 autem
2603 2909 2889 2982 plectendi
2918 2911 3293 2980 ignorantes:
3320 2907 3602 2979 quemad-

1948 3003 2188 3056 modum
2221 3006 2280 3056 et
2312 3017 2495 3056 cmcos
2526 2999 2585 3054 in
2613 2998 2767 3055 viam
2819 3004 2978 3054 recta
3007 2997 3370 3065 deducimus,
3401 3013 3604 3068 pcenas

1948 3107 2319 3162 nequaquam
2379 3089 2726 3161 inﬂigimus.
2788 3085 2998 3162 Κόρῥην
3059 3087 3297 3158 quidem
3357 3090 3601 3140 conten-

1947 3179 2094 3233 dunt
2122 3176 2388 3254 κρόταφον
2436 3177 2792 3250 significare,
2823 3176 2932 3232 hoc
2980 3180 3065 3231 est
3112 3179 3323 3247 tempus
3353 3173 3550 3245 capitis
3581 3191 3599 3228 :

179 3259 389 3336 ἀγαθὸν
421 3261 451 3312 6
481 3258 648 3334 λόγος
681 3257 977 3330 ὑποδηλοῖ.
1008 3260 1165 3322 Τινὲς
1193 3264 1321 3335 γοῦν
1355 3260 1576 3333 ἀμαθῶς
1605 3260 1669 3314 τὸ
1702 3259 1838 3314 έναν-

1955 3249 2222 3322 nonnulli
2269 3249 2513 3340 γνάθον,
2542 3266 2866 3329 maxillam,
2896 3281 3110 3333 genam.
3169 3263 3507 3318 Praestiterit
3537 3267 3602 3316 ut

169 3349 291 3402 τίον
355 3345 600 3423 λέγουσι,
648 3352 987 3423 κεχρημένοι
1043 3353 1122 3420 τῷ
1179 3347 1532 3420 ἀποστολικῷ
1562 3348 1712 3424 ῥητῷ
1761 3353 1842 3420 τῷ

175 3435 458 3510 λέγοντι·
539 3437 825 3510 Αἱρετικὸν
905 3435 1191 3509 ἄνθρωπον
1263 3437 1396 3510 μετά
1467 3438 1691 3512 πρώτην
1749 3437 1838 3491 καὶ

173 3521 436 3598 δευτέραν
515 3525 792 3580 νουθεσίαν
878 3529 1169 3600 παραιτοῦ·
1257 3528 1332 3598 μή
1410 3529 1659 3587 νοοῦντες
1729 3531 1838 3580 τῶν

177 3613 295 3688 είρη
309 3613 493 3686 μένων
553 3615 651 3682 τήν
710 3612 935 3687 δύναμιν
968 3613 1027 3669 έκ
1053 3618 1162 3669 τῶν
1197 3614 1476 3687 ἑπομένων
1523 3615 1701 3690 ῥητῶν
1737 3615 1840 3687 μά·-

178 3700 352 3757 λιστα
383 3701 849 3779 σαφηνιζομένηνο
888 3704 1007 3758 τότε
1035 3705 1138 3779 γὰρ
1173 3700 1402 3779 εὔλογος
1435 3706 1469 3772 ἡ
1533 3705 1666 3776 μετᾶ
1696 3704 1841 3778 πρώ⁸

173 3811 272 3860 την
353 3791 444 3844 καὶ
519 3788 768 3864 δευτέραν
842 3791 1118 3846 νουθεσίαν
1197 3792 1542 3867 παραίτησις,
1617 3793 1742 3846 ὅταν
1811 3793 1838 3846 ὁ

176 3877 457 3934 διδάσκων
511 3881 647 3955 πρὸς
677 3881 774 3949 τήν
806 3881 1132 3956 παραίτησιν
1184 3876 1342 3955 ἔλθῃ,
1395 3879 1552 3942 είδὼς
1605 3883 1686 3936 ὅτι
1729 3879 1835 3952 ἐξέ-

179 3989 455 4045 στραπται
489 3970 517 4022 6
566 3973 830 4037 τοιοῦτος,
878 3969 966 4024 καὶ
1017 3969 1265 4034 λανθάνει
1316 3969 1388 4023 ὢν
1449 3969 1836 4044 αὐτοκατάκρι-

173 4078 289 4120 τοςο
329 4054 505 4126 δῆλον
537 4058 636 4132 γὰρ
669 4058 744 4122 ὡς
776 4063 892 4120 τοῖς
937 4059 1110 4133 ἱεροῖς
1156 4056 1508 4120 διδασκάλοις
1558 4057 1835 4113 ἀποκαλύ-

170 4167 370 4202 πτεται
390 4147 483 4200 καὶ
506 4149 542 4216 ἡ
572 4151 681 4200 τῶν
699 4148 1037 4222 προσιόντων
1065 4147 1403 4209 κατάστασις.
1437 4150 1651 4224 ’Ἑτεροι
1672 4145 1729 4202 δε
1748 4149 1834 4215 τὸ,

175 4237 334 4292 Μετᾶ
361 4237 586 4308 πρώτην
635 4236 726 4290 καὶ
774 4235 1022 4312 δευτέραν
1072 4236 1244 4300 οὕτως
1268 4236 1512 4308 ἐνόησαν,
1567 4237 1684 4292 ἀντὶ
1716 4241 1834 4303 τοῦ,

171 4325 327 4378 Μετὰ
358 4325 460 4393 τήν
485 4324 545 4379 ἐκ
575 4323 818 4388 Παλαιᾶς
846 4326 933 4380 καὶ
971 4326 1106 4386 Νέας
1139 4327 1413 4396 Διαθήκης
1463 4322 1832 4381 διδασκαλίαν.

171 4413 264 4474 Ὧς
325 4417 460 4490 γοῦν
517 4415 547 4467 6
605 4414 827 4489 Κάρπος
883 4412 1157 4485 ἐλυπήθη,
1216 4415 1370 4491 φησὶ,
1419 4411 1507 4468 διὰ
1561 4415 1655 4469 τὸν
1709 4416 1835 4490 παρ’

173 4498 361 4556 ἄλλου
421 4499 786 4573 πλανηθέντα,
843 4499 962 4556 δέον
1019 4504 1107 4557 καὶ
1171 4501 1494 4581 ἀμφοτέρων
1525 4505 1834 4579 προνοήσα-

1949 3355 2352 3427 interpreteris
2401 3370 2530 3409 esse
2579 3354 2788 3424 capitis
2823 3357 3068 3424 partem.
3102 3353 3182 3407 Ne
3213 3352 3413 3423 igitur,
3445 3351 3592 3406 271

1949 3443 2150 3499 hortor
2178 3460 2299 3508 vos,
2333 3442 2452 3497 ulla
2479 3441 2540 3496 in
2586 3459 2647 3496 re
2679 3440 2964 3495 laedamus
2996 3440 3346 3512 proximum.
3377 3439 3509 3494 Jam
3543 3443 3600 3494 et

1948 3532 2079 3600 hoc,
2147 3529 2304 3584 ὠθεῖν
2364 3531 2480 3584 καθ’
2539 3529 2743 3582 έαυσῶν
2799 3528 2862 3580 τὸ
2921 3526 3092 3603 ξίφος,
3157 3528 3447 3583 adversum
3503 3543 3600 3588 1108

1948 3623 2091 3691 ipsos
2117 3620 2444 3691 distringere
2491 3626 2542 3673 et
2588 3633 2822 3672 exerere
2868 3616 3141 3684 gladium,
3179 3615 3596 3686 proverbialem

1947 3709 2194 3781 figuram
2227 3709 2514 3770 imitatus,
2549 3705 2710 3760 dixit.
2763 3705 3024 3775 Explicat
3075 3705 3241 3758 Pater
3284 3711 3417 3775 post
3456 3705 3595 3774 haec,

1947 3814 2214 3870 quaenam
2266 3813 2366 3851 eos
2414 3795 2766 3850 comitentur
2812 3793 3051 3864 praemia
3099 3793 3198 3864 qui
3249 3791 3336 3846 vel
3381 3791 3598 3861 injuria

1947 3887 2222 3958 quapiam
2255 3885 2339 3940 vel
2371 3883 2653 3940 beneficio
2685 3882 2894 3952 cupide
2925 3881 3066 3936 alios
3100 3882 3329 3936 afﬁcere
3359 3885 3597 3935 conten-

1946 3976 2115 4042 dunt,
2177 3974 2350 4029 etiam
2404 3972 2450 4027 si
2496 3989 2569 4028 ne
2617 3973 2687 4027 ad
2742 3987 2889 4042 opus
2953 3987 3136 4042 usque
3197 3973 3596 4041 promoveant,

1947 4079 2073 4134 qua:
2103 4062 2394 4118 destinato
2441 4061 2683 4116 consilio
2735 4059 3132 4115 moliebantur
3177 4059 3427 4113 efﬁcere.
3461 4055 3597 4112 Illos

1945 4153 2124 4213 enim,
2157 4167 2325 4222 quos,
2348 4149 2614 4205 videlicet
2637 4165 2884 4221 praesum
2898 4152 2994 4218 pta
3010 4146 3308 4218 opinione,
3331 4151 3595 4200 antever-

1944 4243 2138 4295 terant
2168 4244 2231 4295 ut
2259 4239 2344 4294 vel
2377 4239 2676 4304 laederent,
2701 4237 2786 4292 vel
2813 4239 3086 4308 juvarent
3116 4235 3397 4290 beneflcio
3433 4251 3445 4288 :
3483 4251 3596 4289 non

1945 4345 2373 4400 usquequaque
2397 4333 2567 4399 prout
2591 4327 2979 4387 destinarant,
3015 4325 3115 4392 ait,
3141 4326 3479 4378 affecerunt.
3501 4321 3589 4376 Li-

1945 4422 2084 4489 quet
2114 4423 2306 4472 autem
2341 4417 2399 4470 in
2431 4416 2640 4488 primis
2659 4415 2767 4470 hoc
2797 4415 3132 4485 contingere
3157 4429 3254 4484 per
3276 4411 3596 4482 incogitan-

1943 4508 2086 4561 tiam
2120 4523 2345 4574 eorum,
2375 4505 2433 4559 in
2467 4521 2616 4576 quos
2668 4505 2962 4559 confertur
2993 4500 3414 4561 beneficentia;
3447 4498 3591 4553 illud

178 4592 348 4660 σθαι,
407 4590 497 4644 καὶ
557 4595 909 4654 νουθετοῦντα
967 4590 1046 4646 ἀεὶ
1109 4591 1196 4646 ἐπὶ
1253 4593 1352 4660 τήν
1411 4591 1553 4646 θείαν
1607 4593 1836 4655 τούτους

1948 4611 2076 4650 vero
2096 4595 2166 4648 ab
2190 4594 2588 4650 imbecillitate
2617 4609 2816 4648 eorum
2843 4591 3073 4664 pendet,
3098 4590 3195 4660 qui
3219 4588 3364 4644 alios
3388 4591 3595 4659 parant

177 4680 406 4755 ἀγαγεῖν
435 4683 650 4754 γνῶσιν,
710 4680 785 4742 ὡς
836 4681 1123 4755 κριθεισῶν
1157 4677 1266 4752 ἤδη
1298 4680 1388 4734 καὶ
1417 4685 1524 4734 τῶν
1559 4676 1840 4758 ἀμφισϐη-

175 4774 396 4840 τήσεων
429 4769 634 4839 αὐτοῖς,
669 4767 738 4824 δι’
790 4769 852 4833 ἃς
903 4772 1073 4846 τυχὸν
1134 4771 1333 4833 ἐκεῖνος
1386 4771 1480 4844 μὲν
1525 4770 1840 4841 ἆπεπλάνη-

179 4879 293 4930 σεν,
353 4857 513 4921 οὗτος
573 4856 632 4913 δὲ
688 4858 1074 4931 ἆπεπλανήθη·
1137 4858 1198 4913 οὐ
1257 4857 1346 4913 διὰ
1400 4857 1599 4930 ταύτης
1631 4857 1687 4914 δὲ
1741 4860 1842 4930 τῆς

178 4942 653 5026 αμφισὸητήσεως
708 4948 913 5012 ἐκεῖνος
973 4949 1068 5022 μὶν
1127 4948 1430 5018 ἐπλάνησεν
1474 4991 1488 5020 ,
1567 4949 1725 5010 οὗτος
1784 4946 1842 5002 δὲ

178 5035 492 5107 ἐπλανήθη.
519 5035 680 5094 Ἀλλ’
709 5039 858 5093 αἰτία
885 5043 982 5093 τοῦ
1028 5059 1088 5093 τε
1132 5037 1418 5113 παρελθεῖν
1481 5037 1558 5100 εἷς
1603 5039 1666 5092 τὸ
1697 5037 1838 5093 πλα-

173 5130 344 5193 νῆσαι
374 5126 467 5179 τὸν
513 5124 887 5196 πλανησαντα,
937 5127 1027 5182 καὶ
1079 5131 1176 5182 τοῦ
1209 5125 1597 5202 παραδέξασθαι
1645 5127 1712 5181 τὰ
1739 5128 1839 5194 τῆς

177 5211 398 5284 πλάνης
447 5215 536 5268 τὸν
593 5213 972 5287 πλανηθέντα,
1034 5211 1442 5293 ἀμφισϐήτησίς
1499 5235 1581 5280 τις
1628 5216 1717 5284 ἦν,
1774 5217 1836 5283 ἣν

175 5298 329 5376 ἔχων
365 5303 394 5357 6
423 5302 641 5377 ὕστερον
675 5303 970 5375 πλανηθεὶς
1005 5305 1138 5378 μετὰ
1194 5306 1360 5376 τινὸς,
1414 5302 1528 5360 ἐπεὶ
1571 5303 1669 5372 ορκ
1725 5301 1840 5358 ἐδό-

175 5412 312 5446 νατο
366 5393 689 5468 κατισχύσαι
739 5399 836 5449 τοῦ
885 5394 1111 5471 θράσους
1186 5393 1392 5450 ἐκείνου
1431 5436 1444 5462 ,
1518 5393 1655 5470 πρὸς
1731 5393 1835 5462 τήν

180 5479 407 5552 πλάνην
457 5479 731 5539 ἀπέκλινεο
779 5487 942 5540 τοῦτο
987 5485 1092 5561 γάρ
1124 5481 1294 5556 δηλοῖ
1338 5482 1429 5539 καὶ
1484 5480 1549 5538 τὰ
1591 5480 1840 5560 ἐπιφερό-

259 5694 335 5770 (s)
369 5694 510 5758 Luc.
541 5712 620 5768 ix,
648 5697 737 5756 55.
812 5696 879 5772 (ι)
909 5697 1048 5757 Luc.
1078 5715 1180 5771 vn,
1210 5697 1301 5755 39.

1951 4684 2179 4738 laedere.
2213 4683 2478 4753 Cumque
2524 4681 2844 4736 instituerit
2889 4682 2963 4733 de
3012 4684 3255 4749 utroque
3289 4677 3592 4732 hominum

1950 4789 2160 4845 genere
2189 4778 2378 4827 texere
2397 4787 2754 4836 sermonem,
2778 4769 2876 4840 qui
2900 4769 3128 4822 decreto
3153 4771 3424 4838 certoque
3455 4781 3593 4820 con-

1951 4861 2084 4917 silio
2116 4862 2174 4916 in
2206 4862 2499 4933 proximos
2540 4863 2748 4931 parant
2776 4875 2904 4914 esse
2931 4857 3016 4911 vel
3046 4855 3270 4927 injurii,
3304 4855 3391 4910 vel
3423 4856 3595 4909 bene-

1950 4950 2044 5005 ﬁci
2077 4967 2089 5004 :
2125 4950 2195 5004 de
2226 4949 2297 5004 iis
2330 4949 2500 5003 modo
2523 4948 2684 5002 affert
2707 4947 3011 5016 rationem,
3037 4945 3135 5016 qui
3167 4944 3223 4999 in
3259 4944 3404 4999 alios
3433 4943 3596 5012 inju-

1950 5037 2020 5093 rii
2051 5055 2176 5094 esse
2210 5037 2456 5092 malunt.
2489 5037 2633 5091 Nam
2666 5034 2764 5106 qui
2798 5034 3076 5103 injuriam
3120 5032 3346 5088 fortiter
3378 5032 3592 5097 ferunt,

1949 5143 2194 5198 regnum
2225 5127 2322 5182 Dei
2353 5125 2692 5180 haereditate
2724 5128 3166 5193 consequuntur
3199 5137 3212 5174 :
3245 5125 3470 5185 contra,
3495 5120 3594 5191 qui

1948 5215 2173 5286 injuriae
2205 5219 2344 5270 sunt
2372 5219 2661 5280 auctores,
2692 5212 2749 5266 in
2779 5211 2886 5266 hac
2909 5210 3147 5280 quidem
3181 5209 3301 5264 vita
3331 5207 3507 5264 simul
3541 5214 3598 5265 et

1947 5304 2009 5359 in
2044 5305 2238 5359 futura
2268 5320 2469 5374 pcenas
2499 5302 2724 5357 dabunt
2754 5299 3052 5355 destinata:
3080 5297 3315 5353 malitiae
3335 5297 3594 5364 ultrices,

1946 5392 2170 5466 perpeti
2202 5393 2532 5446 demonum
2559 5389 2771 5444 addicti
2790 5387 3104 5442 consortio.
3124 5386 3227 5442 His
3257 5385 3470 5442 decisis
3491 5401 3594 5458 ag-

1947 5480 2211 5555 greditur
2259 5475 2812 5536 commentationem
2859 5477 2933 5533 de
2979 5474 3371 5549 famigerabili
3399 5491 3465 5532 ac
3507 5474 3598 5530 di-
