4004 6200
407 350 514 406 479
1231 348 1600 402 ΔΡΡΕΝΒΙΧ
1636 348 1753 402 AD
1770 346 2010 402 OPERA
2047 348 2065 400 ε

2176 347 2463 403 )IONYSII
2501 349 3006 405 AREOPAGITE.
3728 353 3830 408 480

406 471 540 527 vina
569 470 671 526 illa
699 469 945 525 visione.
1001 468 1105 524 Hic
1134 467 1232 524 ille
1280 471 1369 524 est
1400 467 1642 539 Carpus,
1675 468 1842 538 cujus
1873 467 2060 523 admi-

2179 487 2335 539 μενον
2368 509 2382 535 ,
2452 467 2542 522 καὶ
2608 472 2716 524 τῶν
2773 468 2989 544 ἀλόγως
3048 470 3458 543 θρασυνομίνων
3529 480 3826 549 σωφρονεῖν

406 560 610 614 rabilis
641 557 859 613 Paulus
893 557 1299 612 commeminit
1331 557 1388 610 in
1419 557 1740 628 posteriore
1771 557 1840 611 ad
1872 557 2066 610 Timo-

407 649 614 704 theum
647 647 913 718 epistola.
950 649 1004 701 Is
1054 651 1441 702 sacrosancta:
1491 645 1836 700 confectioni
1868 661 2061 700 sacra-

410 742 739 793 mentorum
775 755 889 792 non
925 736 1086 806 prius
1114 752 1352 789 manum
1375 735 1742 802 admovebat,
1766 751 1938 804 quam
1967 749 2066 804 per

408 827 693 880 visionem
736 826 887 879 inter
945 841 1042 878 eas
1097 840 1318 894 preces,
1378 840 1508 894 quae
1566 822 2064 878 consecrationem

408 920 714 978 anteeunt,
747 913 1142 969 declararetur
1164 913 1400 981 dignus.
1425 912 1708 967 Caeterum
1740 908 2063 985 προτέλειαν

409 1020 507 1058 eas
528 1019 725 1074 preces
747 1001 1132 1057 Athenienses
1152 1001 1367 1068 dixere,
1389 1018 1514 1072 qum
1538 1019 1653 1056 una
1676 1018 1808 1056 cum
1862 1000 2071 1056 hostiis

410 1093 646 1164 nuptias
681 1091 1115 1163 praecurrebant
1147 1108 1160 1146 :
1194 1087 1356 1150 τέλος
1382 1090 1670 1160 siquidem
1695 1088 1869 1162 γάμον
1902 1105 2066 1144 voca-

411 1182 571 1246 bant,
606 1181 714 1234 hoc
761 1183 852 1234 est
902 1179 1163 1248 nuptias,
1199 1184 1261 1232 ut
1314 1195 1441 1249 quis
1492 1179 1790 1232 hominem
1833 1177 2067 1232 initient

410 1273 464 1324 et
497 1268 802 1338 perficiant
833 1267 902 1321 ad
957 1267 1088 1321 vita:
1136 1267 1310 1320 istius
1362 1266 1884 1321 conservationem.
1920 1270 2064 1337 Ergo

408 1359 584 1412 etiam
621 1356 859 1426 nuptias
894 1373 995 1426 pro
1028 1359 1392 1410 sacramento
1435 1355 1750 1410 habebant.
1786 1354 2067 1410 Dicebant

409 1450 607 1501 autem
639 1441 1018 1517 προτελεῖσθαι
1064 1449 1119 1498 et
1167 1447 1551 1517 προμυεῖσθαι,
1603 1443 1773 1514 quasi
1806 1443 2066 1497 dicerent

409 1541 542 1590 ante
575 1551 696 1589 rem
730 1550 956 1588 sacram
987 1533 1224 1588 lustrari
1259 1550 1323 1586 ac
1343 1550 1520 1604 puros
1549 1532 1732 1600 reddi,
1754 1532 1821 1585 ad
1847 1537 2057 1602 myste-

408 1623 479 1680 rii
515 1627 881 1694 apparatum.
905 1621 1266 1693 Quodigitur
1299 1639 1332 1676 a
1362 1620 1682 1691 gentilibus
1704 1621 1773 1674 ad
1802 1619 2066 1690 impieta-

409 1718 528 1768 tem
557 1711 936 1777 referebatur,
958 1711 1064 1766 boc
1095 1711 1163 1765 ad
1193 1715 1407 1766 nostra:
1433 1709 1746 1764 verissimae
1767 1706 2062 1778 religionis

411 1801 757 1874 mysterium
825 1800 1105 1855 derivavit
1160 1799 1348 1854 Pater.
1417 1798 1529 1853 Sed
1597 1803 1656 1853 et
1710 1793 2062 1870 προτελείους

410 1889 574 1964 εὐχάς
605 1889 771 1954 dixit,
807 1888 1088 1943 nimirum
1140 1903 1239 1942 eas
1293 1887 1675 1958 precationes,
1709 1902 1838 1957 quae
1868 1885 2062 1940 initia-

409 1980 630 2034 tionem
664 1981 926 2049 praeeunt
946 1976 1322 2042 sacramenti,
1344 1993 1444 2047 pro
1467 1975 1837 2046 impetranda
1865 1974 2063 2045 expia-

407 2069 588 2134 tione,
623 2083 690 2122 ac
721 2065 866 2122 nulli
918 2065 1355 2137 praejudicanda
1402 2064 1891 2119 transmutatione
1931 2080 2065 2134 per-

413 2156 743 2212 fectissime
776 2154 952 2210 simul
986 2161 1042 2209 et
1073 2153 1428 2226 perﬁcientis
1450 2153 1648 2223 gratia
1670 2156 2062 2208 sacramento-

411 2262 564 2301 rum.
589 2246 697 2300 Sed
725 2262 850 2317 quee
879 2244 1112 2300 interim
1137 2247 1274 2298 sunt
1293 2243 1582 2313 ejusmodi
1609 2258 1804 2313 preces
1827 2241 2066 2297 Hilarias

411 2335 579 2390 dicta
605 2337 626 2390 Ρ
650 2337 801 2389 Sane
822 2333 948 2388 dies
971 2333 1210 2404 quidam
1242 2337 1408 2386 erant
1429 2329 1771 2385 idololatrias
1793 2329 2063 2397 addictis,

411 2441 560 2497 quos
592 2424 698 2478 hoc
730 2425 966 2479 nomine
993 2422 1282 2478 dicebant.
1312 2421 1556 2476 Privatae
1587 2425 1780 2475 autem
1816 2419 1900 2473 ha;
1932 2435 2064 2474 cen-

410 2514 712 2578 sebantur,
746 2517 812 2567 ut
859 2528 992 2566 cum
1043 2511 1177 2581 quis
1230 2526 1470 2565 uxorem
1522 2509 1777 2580 primum
1825 2507 2068 2561 duxerat

411 2607 516 2658 aut
544 2618 610 2657 ex
646 2616 824 2656 uxore
852 2604 1155 2672 exceperat
1173 2599 1360 2654 filium
1391 2620 1404 2668 ;
1438 2615 1782 2654 communes
1803 2601 1858 2652 et
1884 2595 2069 2667 publi-

412 2709 512 2759 cai,
546 2691 698 2748 272
736 2696 798 2745 ut
830 2706 964 2744 cum
997 2689 1293 2760 quispiam
1328 2705 1506 2758 regno
1538 2688 1925 2758 inauguratus
1957 2685 2068 2755 pri-

413 2796 576 2835 mum
609 2795 927 2850 recensque
978 2794 1076 2832 rex
1123 2776 1474 2843 declaratus,
1509 2775 1774 2848 publicas
1819 2773 2068 2829 Hilarias

411 2869 728 2923 indicebat.
763 2867 919 2921 Nulli
954 2883 1056 2937 per
1084 2883 1183 2921 eos
1216 2865 1566 2920 dieslicebat
1596 2863 1871 2932 gestitare
1897 2862 2066 2934 quid-

412 2972 586 3027 quam
619 2955 889 3026 lugubre,
923 2956 1022 3008 sed
1057 2952 1394 3024 spectacula
1420 2952 1821 3023 sacriﬁciaque
1853 2951 1911 3005 in
1943 2951 2067 3006 dies

415 3043 678 3114 singulos
716 3043 1181 3098 celebrabantur.
1231 3044 1275 3096 A
1305 3041 1464 3095 luctu
1500 3040 1611 3095 sibi
1643 3039 2066 3111 temperabant,

410 3130 512 3203 qui
537 3131 595 3184 in
622 3130 783 3184 luctu
807 3133 1320 3200 eranttum,atque
1347 3130 1671 3184 intererant
1694 3126 2066 3198 spectaculis,

2176 557 2619 631 ἀναγκαζομένων
2657 602 2670 627 ,
2733 555 2994 627 δηλονότι
3047 563 3152 613 τῶν
3212 558 3547 615 ἀδικούντων
3593 562 3829 633 ἐκείνων,

2177 641 2245 697 δι’
2304 644 2394 706 οὒς
2455 647 2482 699 6
2511 644 2809 715 πλανηθεὶς
2846 646 2920 707 εἷς
2951 647 3049 715 τὴν
3084 645 3295 717 πλάνην
3356 645 3557 703 ἔδωκεν
3623 651 3827 721 ἑαυτὸν,

2177 729 2593 803 δεινοπαθήσας.
2641 734 2765 788 Δὲον
2816 739 2942 811 γοῦν
2998 740 3220 790 τοιαῦτα
3275 737 3545 812 γενέσθαι,
3608 740 3635 792 6
3699 740 3825 814 Κάρ-

2176 843 2295 887 πος,
2359 823 2458 876 οὒκ
2511 821 2613 877 οἶδ’
2667 825 2815 884 ὅπως
2865 825 2965 892 τὴν
3010 825 3226 894 πικρίαν
3288 825 3534 897 ἰντήξας,
3597 849 3832 883 κατεκοι-

2179 912 2352 982 μήθη.
2386 911 2513 986 Περὶ
2549 909 2606 966 δὲ
2634 913 2696 966 τὸ
2731 913 3081 984 μεσονύκτιον
3106 913 3240 968 κατὰ
3267 914 3330 967 τὸ
3358 915 3591 985 σύνηθες
3626 913 3830 992 6:51:9-

2177 999 2286 1062 θεὶς
2312 999 2386 1061 εἷς
2414 999 2590 1062 θείους
2624 999 2824 1073 ὕμνους
2856 1003 2954 1074 (8),
2988 1000 3113 1056 οὐδὲ
3150 1002 3334 1064 καλῶς
3385 1003 3831 1067 ἀναπαυσαμενος

2176 1085 2264 1142 διὰ
2286 1090 2375 1143 τὸν
2405 1096 2505 1158 τῆς
2538 1093 2722 1164 ψυχῆς
2756 1085 2986 1165 Θόρυὸον
3020 1089 3389 1167 ἐδυσχέραινε,
3440 1095 3531 1146 καὶ
3565 1099 3667 1148 τοῦ
3709 1100 3832 1150 Θεοῦ

2173 1175 2367 1244 ἐδεῖτο,
2401 1177 2651 1254 ἀφανίσαι
2684 1178 2774 1232 καὶ
2809 1178 3148 1256 ἀμφοτέρους
3183 1177 3272 1234 διὰ
3301 1188 3657 1256 πρηστῆρος,
3692 1184 3834 1238 οἱον-

2175 1267 2216 1320 εὶ
2251 1271 2511 1340 κεραυνοῦ
2545 1267 2673 1338 (ἀπὸ
2729 1271 2827 1321 τοῦ
2885 1270 3084 1342 πρήθω
3136 1269 3198 1323 τὸ
3254 1270 3395 1323 καίω
3455 1273 3609 1345 (9)
3662 1275 3836 1328 Ταῦτα

2174 1353 2373 1430 λὲγων,
2432 1353 2609 1425 ἔδοξεν
2673 1354 2804 1410 ἰδεῖν
2837 1357 2934 1425 τήν
2985 1353 3219 1434 φοϐερὰν
3273 1357 3483 1429 ἐκείνην
3542 1359 3830 1428 ὀπτασίαν,

2173 1447 2296 1520 περὶ
2327 1446 2395 1514 ἧς
2442 1447 2578 1500 κατὰ
2609 1446 2804 1501 λεπτὸν
2867 1445 3156 1522 διηγεῖται.
3219 1448 3317 1502 Καὶ
3371 1452 3563 1522 ἡμεῖς,
3627 1452 3711 1512 ὡς
3747 1473 3835 1505 σα-

2174 1539 2306 1610 φοῦς
2367 1533 2556 1606 οὔσης,
2608 1536 2674 1589 τὰ
2729 1540 2828 1601 τῆς
2881 1535 3186 1610 ἐξηγήσεως
3217 1536 3622 1611 παρελίπομεν,
3680 1539 3836 1594 τοῦτο

2179 1624 2343 1696 μόνον
2397 1622 2707 1686 ἐπειπόντες
2757 1625 2881 1698 περὶ
2925 1630 3031 1678 τῶν
3085 1626 3646 1702 ὑπογαργαλιζόντων
3711 1632 3842 1702 (40),

2172 1712 2260 1766 καὶ
2312 1709 2400 1766 διὰ
2452 1715 2651 1774 παντὸς
2687 1712 2762 1774 εἷς
2793 1713 2854 1768 τὸ
2885 1714 3083 1788 ἀχανὲς
3115 1717 3231 1786 (11)
3283 1711 3586 1785 ἐμϐάλλειν
3643 1738 3836 1792 μηχα-

2173 1801 2443 1872 νωμένων.
2519 1801 2838 1873 Σημείωσαι
2915 1802 2997 1856 ὅτι
3065 1808 3182 1865 πῶς
3241 1805 3270 1858 ὁ
3330 1799 3595 1867 διάϐολος
3661 1806 3836 1882 ῥίπτει

2172 1890 2299 1953 τοὺς
2329 1889 2647 1964 ἀνθρώπους
2699 1889 2776 1952 εἰς
2829 1891 2891 1945 τὸ
2953 1891 3142 1953 σκότος
3172 1893 3234 1946 τὸ
3267 1892 3550 1962 ἐξώτερον,
3587 1893 3729 1970 ὅπερ
3763 1894 3839 1949 ἓν·

2172 1983 2339 2041 ταῦθα
2397 1979 2595 2052 ἀχανὲς
2655 1977 2834 2050 καλεῖ,
2890 1979 3136 2035 τουτέστι
3186 1981 3479 2055 βάραθρον,
3535 1984 3573 2052 ἢ
3607 1983 3828 2036 ἀπατῶν

2173 2067 2207 2135 ἢ
2240 2066 2327 2120 καὶ
2359 2067 2515 2130 ὠθῶν
2541 2066 2668 2130 τοὺς
2693 2070 3050 2140 πειθομένους
3085 2068 3250 2141 αὐτῷ·
3310 2066 3420 2124 ἔστι
3470 2067 3527 2124 δὲ
3591 2070 3690 2125 ὅτε
3748 2071 3833 2126 καὶ

2174 2153 2419 2229 ἀσελγεῖς
2474 2155 2790 2229 ἀνθρώπους
2844 2155 3135 2232 συνεργοὺς
3185 2155 3349 2212 αὐτοῦ
3397 2154 3708 2230 λαμϐάνων
3765 2159 3834 2220 εἰς

2173 2245 2271 2310 τήν
2304 2243 2499 2318 ἑτέρων
2535 2245 2768 2313 ἀπάτην,
2799 2244 2875 2306 ὡς
2908 2246 2995 2298 καὶ
3025 2245 3116 2299 τὸν
3151 2243 3569 2321 ιῖδωλολάτρην
3624 2245 3720 2301 ἰπὶ
3749 2249 3834 2302 τὸν

2175 2331 2539 2401 ἀπατηθέντα,
2592 2334 2711 2406 περὶ
2773 2333 2835 2386 οὗ
2868 2334 2894 2387 ὁ
2927 2332 3118 2407 λόγος.
3171 2337 3264 2389 Διὸ
3294 2335 3383 2389 καὶ
3415 2333 3468 2390 ἦν
3501 2338 3571 2410 τῇ
3603 2335 3839 2406 timui;

2175 2421 2263 2474 καὶ
2297 2418 2492 2496 ἄνδρας
2517 2422 2616 2496 ὁρᾷ
2644 2423 2836 2494 μεταξὺ
2860 2426 2967 2476 τῶν
3002 2418 3202 2499 ὄφεων,
3246 2425 3490 2478 τουτὲστι
3539 2429 3652 2478 τῶν
3718 2423 3832 2479 8a:-

2181 2509 2384 2582 μόνων,
2439 2507 2698 2571 ἕλκοντας
2725 2510 2852 2572 τοὺς
2886 2511 2988 2565 ὑπὸ
3017 2516 3113 2565 τοῦ
3171 2508 3435 2568 διαϐόλου
3483 2515 3830 2582 νικηθέντας,

2177 2597 2250 2652 ὦν
2302 2600 2449 2670 ἡμᾶς
2479 2600 2506 2652 6
2556 2598 2751 2674 Κύριος
2785 2598 3141 2672 ἐλευθερώσοι
3169 2603 3180 2656 l
3234 2603 3311 2658 T6
3343 2600 3421 2670 δὲ,
3454 2604 3720 2664 Ἀκοντις
3753 2603 3837 2656 καὶ

2183 2686 2516 2761 βιαζόμενοι,
2554 2689 2630 2760 μή
2683 2689 3076 2764 ἀναγκαστικήν
3102 2710 3222 2744 τινα
3277 2687 3529 2763 δύναμιν,
3585 2691 3835 2746 τουτέστι

2175 2777 2266 2830 τὸν
2301 2771 2558 2831 διάϐολον
2605 2778 2850 2848 νοητέον,
2883 2779 2957 2839 ὡς
2987 2779 3037 2832 οἱ
3078 2779 3434 2852 Μανιχαϊκοὶ,
3469 2779 3838 2850 Μεσαλιανοῖ,

2178 2862 2343 2940 ἤγουν
2375 2864 2634 2938 Εὐχῖταυ
2693 2863 2925 2936 (μεσάλα
2955 2867 3057 2940 γὰρ
3155 2866 3290 2942 εὗχή
3323 2868 3457 2922 κατὰ
3486 2867 3615 2929 τοὺς
3647 2869 3838 2923 Φοίνι-

2177 2961 2318 3022 καςο)
2352 2952 2476 3008 ἀλλ’
2528 2953 2632 3023 ὅτι,
2666 2955 2984 3026 πειθόμενοι
3011 2955 3075 3010 τὸ
3105 2957 3268 3010 κακὸν
3302 2957 3518 3028 πρᾶξαι,
3553 2958 3636 3027 τῷ
3696 2957 3837 3012 ἀπι-

2175 3047 2340 3098 τῶντι
2370 3043 2557 3116 χώραν
2591 3040 2846 3097 διδόαμεν
2894 3048 3137 3118 συνεχῶς
3189 3047 3326 3116 ἡμῖν
3367 3044 3726 3113 ἰπιτίθεσθαι,
3787 3045 3839 3114 ὖξ

2177 3134 2336 3202 ἡμῶν
2369 3131 2485 3184 καθ’
2515 3132 2674 3202 ἡμῶν
2708 3125 3046 3204 λαμϐάνοντι
3101 3133 3203 3200 τήν
3233 3132 3418 3207 ἶσχόν.
3468 3131 3837 3205 ’Δδυνατήσιι

409 3219 590 3290 inque
625 3218 875 3290 publicis
906 3218 1187 3272 conviviis
1206 3218 1686 3272 transmittebant
1712 3217 1884 3272 istius
1907 3217 2064 3271 modi

2179 3216 2254 3290 δὲ,
2319 3221 2393 3291 μὴ
2455 3203 2795 3292 πειθομένων
2849 3223 3031 3292 ἡμῶν
3065 3218 3252 3290 ἐπειδὴ
3295 3203 3461 3296 -ἐνγγὺς
3493 3224 3656 3291 ἡμῶν
3689 3203 3835 3277 ἐστιν

408 3307 661 3362 Hilarios
693 3307 836 3362 dies.
862 3307 942 3360 Ad
982 3307 1101 3360 haec
1124 3311 1244 3360 erat
1265 3311 1323 3360 et
1352 3306 1623 3360 Romanae
1657 3305 1786 3359 urbi
1811 3304 2065 3375 peculia-

411 3396 552 3452 riter
581 3397 767 3452 festus
799 3396 948 3462 dies,
1003 3394 1219 3450 Hilario
1272 3395 1330 3449 in
1364 3394 1645 3450 honorem
1693 3394 1900 3448 matris
1932 3394 2070 3448 dco-

412 3503 545 3540 rum
579 3485 865 3556 ipsorum.
888 3485 1017 3538 Jam
1044 3484 1279 3554 quando
1302 3499 1537 3554 semper
1560 3488 1650 3538 est
1681 3481 1848 3548 illud,
1873 3481 2029 3536 hodie
2051 3499 2070 3537 :

412 3573 522 3628 hac
552 3589 688 3628 voce
713 3572 1052 3627 subindicat
1081 3588 1237 3638 eum,
1263 3572 1360 3644 qui
1397 3571 1586 3626 bonus
1619 3587 1729 3625 non
1756 3574 1844 3625 est
1866 3570 2072 3626 tantis-

411 3679 515 3734 per
545 3662 685 3717 dum
716 3661 877 3730 vivit,
912 3678 1145 3732 semper
1174 3678 1301 3716 esse
1323 3660 1786 3715 admonendum.
1820 3660 2069 3725 Quidam

410 3756 608 3807 tamen
642 3750 852 3806 inscite
887 3750 1206 3805 admodum
1242 3755 1482 3804 tuentur
1513 3750 1806 3805 diversam
1838 3754 2072 3804 senten-

410 3841 577 3909 tiam,
610 3839 843 3897 oraculo
888 3839 1219 3911 apostolicae
1273 3839 1548 3895 doctrinae
1581 3839 1805 3894 inducti
1843 3855 1854 3892 :
1893 3840 2072 3895 Haere-

2175 3310 2210 3376 ἡ
2247 3309 2470 3382 βοήθεια
2498 3312 2595 3362 τοῦ
2627 3312 2782 3377 Θεοῦ,
2817 3305 3422 3382 συνεπιλαμϐανομένη,
3469 3310 3544 3371 ὡς
3579 3308 3754 3380 δηλοῖ
3777 3312 3841 3365 τᾶ.

2177 3396 2387 3474 ἱφεξῆς’
2448 3397 2510 3451 τὸ
2569 3395 2625 3452 δὲ
2679 3399 2771 3466 Μὴ
2809 3395 2994 3452 ἄλλων
3029 3399 3447 3473 ἁμαρτανόντων
3510 3399 3837 3473 ἀνθρώπων,

2175 3488 2282 3538 τῶν
2323 3485 2696 3555 σταυρούντων
2730 3483 2970 3558 δηλαδὴ,
3032 3487 3107 3548 ὡς
3138 3485 3197 3540 ἂν
3244 3487 3288 3541 εἶ
3333 3486 3535 3560 ἐλεγεψ
3565 3490 3836 3560 ’Ἑτοιμος

2174 3571 2264 3628 καί
2316 3571 2466 3635 αὖθις
2521 3573 2773 3648 πάσχεινο
2812 3574 2974 3646 μόνον
3018 3575 3078 3629 οὐ
3127 3573 3196 3630 δι’
3245 3576 3562 3650 ἀνθρώπων,
3614 3575 3708 3630 τίνα
3761 3578 3834 3648 μή

2176 3663 2263 3716 καὶ
2327 3660 2491 3716 πάλιν
2543 3663 2856 3737 ἁμάρτωσιν
2914 3664 3220 3738 ἄνθρωποι.
3283 3665 3602 3736 Σημιίωσαι
3668 3662 3726 3719 δὶ
3784 3664 3833 3718 ἰν

2177 3750 2417 3821 τούτοις,
2472 3752 2554 3805 ὅτι
2603 3751 2738 3806 κατᾶ
2785 3753 2882 3821 τήν
2927 3752 3186 3807 ὀπτασίαν
3233 3755 3320 3808 καὶ
3373 3754 3534 3815 αὐτὸς
3576 3755 3604 3808 ὁ
3641 3752 3836 3827 Κύριος

2181 3839 2412 3914 ἀγαθοὺς
2440 3839 2530 3894 καὶ
2580 3839 3000 3917 φιλανθρώπους
3044 3839 3203 3896 καλεῖ
3242 3840 3373 3904 τοὺς
3430 3841 3620 3916 ἁγίους
3678 3840 3840 3916 ἀγγέ-

417 3928 589 3984 εἱειιηι
618 3927 893 3984 hominem
923 3938 1041 3998 post
1074 3928 1314 3990 primam
1339 3938 1389 3983 et
1418 3929 1650 3984 alteram
1678 3930 2065 3998 correptionem

2184 3926 2337 3990 λους.

417 4017 602 4071 devita
633 4017 712 4087 (ιι)
749 4033 762 4070 :
800 4017 998 4071 minus
1030 4034 1173 4072 sane
1205 4017 1596 4088 intelligentes
1628 4017 1916 4072 dictorum
1965 4017 2106 4086 vim,
2155 4035 2281 4090 quae
2311 4036 2373 4075 se
2405 4018 2622 4090 alioqui
2671 4035 2740 4074 ex
2789 4021 3289 4091 consequentibus
3339 4020 3676 4076 clarissima
3705 4019 3834 4075 luce

421 4104 629 4173 aperit.
661 4105 959 4174 Siquidem
993 4106 1280 4175 ejusmodi
1333 4111 1465 4176 post
1514 4105 1762 4177 primam
1796 4110 1852 4160 et
1899 4108 2213 4162 secundam
2267 4107 2728 4164 admonitionem
2777 4109 3224 4178 evitatio,justa
3269 4114 3394 4164 tum
3427 4109 3612 4165 videri
3645 4109 3840 4178 debet,

421 4195 479 4244 et
511 4189 726 4245 rationi
760 4194 1155 4260 consentiens,
1190 4194 1425 4264 quando
1476 4194 1559 4248 sic
1607 4195 2001 4264 admonitum,
2050 4196 2101 4251 is
2150 4197 2251 4267 qui
2303 4196 2543 4253 docendi
2577 4196 2756 4267 pollet
2787 4198 3152 4265 auctoritate,
3213 4216 3319 4254 suo
3372 4198 3642 4270 exemplo
3689 4197 3848 4270 prior

420 4279 708 4344 vitaverit,
743 4282 808 4333 ut
838 4279 934 4349 qui
969 4281 1130 4348 sciat,
1165 4281 1304 4352 quia
1333 4281 1653 4337 subversas
1685 4287 1772 4338 est
1814 4283 2128 4353 ejusmodi,
2161 4286 2392 4341 etiamsi
2445 4284 2643 4354 lateat,
2676 4303 2810 4342 cum
2842 4288 2918 4342 sit
2949 4288 3185 4359 proprio
3209 4287 3434 4358 judicio
3479 4288 3850 4343 condemna-

418 4380 537 4430 tus.
594 4374 974 4429 Manifestum
1029 4369 1206 4439 enim,
1267 4370 1405 4441 quia
1453 4369 1672 4424 sanctis
1730 4370 2067 4427 doctoribus
2124 4373 2414 4428 revelatur
2470 4378 2657 4428 status
2705 4374 3033 4430 conditiove
3087 4375 3482 4444 praesentium.
3542 4372 3658 4428 Alii
3711 4391 3846 4430 vero

423 4464 648 4519 dictum
712 4462 823 4518 hoc
855 4477 869 4516 :
905 4463 1031 4516 Post
1086 4460 1328 4528 primam
1381 4463 1435 4514 et
1489 4461 1722 4513 alteram
1777 4459 2231 4532 admonitionem,
2293 4463 2364 4518 ad
2421 4461 2580 4517 hunc
2638 4479 2878 4519 sensum
2938 4463 3273 4519 intellexere
3317 4479 3330 4517 :
3387 4462 3556 4534 quasi
3619 4463 3847 4518 dictum

423 4551 498 4607 sit
527 4567 540 4606 :
569 4555 708 4606 Post
738 4549 1065 4605 doctrinam
1117 4563 1185 4602 ex
1232 4549 1438 4601 Vetere
1468 4545 1744 4618 Novoque
1792 4547 2165 4604 Testamento
2211 4551 2643 4622 depromptum.
2697 4550 2828 4605 Jam
2863 4567 3018 4618 vero,
3053 4567 3178 4622 quae
3227 4550 3403 4606 fuerit
3452 4550 3640 4621 Carpo
3695 4549 3848 4604 tanti

427 4639 694 4695 mceroris
727 4654 926 4704 causa,
978 4637 1146 4691 docet
1198 4651 1210 4689 :
1268 4633 1548 4690 nimirum
1600 4639 1835 4707 propter
1885 4653 2067 4692 unum
2099 4637 2352 4710 aliquem
2403 4638 2474 4694 ab
2513 4637 2695 4694 altero
2749 4639 3028 4710 quopiam
3062 4640 3121 4694 in
3153 4655 3408 4695 errorem
3442 4656 3474 4694 a
3513 4638 3629 4693 fide
3656 4639 3848 4692 abdu-

422 4735 608 4784 ctum.
641 4727 1034 4784 Conveniebat
1063 4741 1202 4780 sane
1231 4725 1482 4797 Carpum
1516 4725 1939 4797 prospicienter
1969 4727 2272 4783 consulere
2306 4727 2611 4799 utriusque
2656 4725 2854 4793 saluti,
2891 4736 3063 4799 atque
3109 4728 3193 4782 ita
3215 4728 3438 4799 jugiter
3467 4727 3847 4782 admonendo

422 4817 532 4874 hos
561 4818 878 4889 provehere
929 4816 1002 4871 ab
1051 4831 1244 4870 errore
1295 4815 1365 4869 ad
1414 4814 1512 4871 Dei
1561 4815 1978 4887 cognitionem,
2013 4820 2076 4870 ut
2122 4814 2210 4871 vel
2259 4815 2297 4870 ii
2347 4817 2584 4871 demum
2636 4816 2924 4887 abjuratis
2973 4816 3294 4887 recisisque
3342 4816 3848 4887 disceptationum

423 4907 692 4974 remoris,
748 4911 985 4978 propter
1034 4921 1180 4976 quas
1231 4905 1377 4961 forte
1423 4905 1519 4960 ille
1569 4904 1805 4976 quidem
1855 4905 2107 4960 alterum
2158 4905 2218 4960 in
2273 4921 2526 4960 errorem
2579 4904 2840 4976 pellexit,
2875 4905 2968 4960 hic
3015 4911 3211 4961 autem
3263 4922 3475 4978 passus
3525 4910 3618 4960 est
3667 4921 3730 4959 se
3783 4921 3852 4960 eo

418 4995 648 5067 prolici.
683 4995 796 5050 Nec
853 5000 1045 5050 tamen
1098 4995 1170 5049 ob
1217 4993 1368 5049 hanc
1417 4995 1603 5066 ipsam
1659 4993 2116 5049 controversiam
2169 4994 2265 5049 ille
2315 4994 2562 5049 alterum
2613 4994 2861 5064 decepit,
2894 4993 3040 5049 alter
3088 4995 3228 5050 item
3273 4994 3409 5049 sivit
3439 4993 3551 5048 sibi
3596 4992 3854 5064 imponi.

420 5085 632 5139 Verum
685 5101 863 5140 causa
913 5085 1084 5168 istius
1136 5083 1612 5154 trangressionis,
1664 5099 1838 5152 quam
1885 5082 1981 5137 ille
2030 5083 2266 5155 quidem
2315 5083 2647 5139 seducendo
2701 5083 2962 5150 admisit,
2996 5083 3134 5138 dum
3169 5083 3444 5146 seduxit;
3490 5081 3587 5137 hic
3647 5086 3852 5137 autem

423 5173 727 5238 seductus,
757 5173 1088 5243 recipiendo
1118 5172 1292 5228 istius
1324 5171 1663 5243 impostoris
1695 5171 2122 5243 suggestiones,
2167 5173 2291 5228 haec
2321 5177 2412 5228 est
2444 5189 2456 5227 :
2493 5175 2698 5227 Exorta
2745 5175 2871 5226 erat
2913 5172 3307 5226 controversia
3338 5171 3633 5242 quaedam,
3667 5184 3850 5239 quam

419 5260 468 5316 is
500 5261 599 5332 qui
636 5261 875 5315 demum
927 5261 1218 5318 abductus
1265 5260 1443 5314 estin
1491 5275 1770 5326 errorem,
1823 5275 1955 5314 cum
1988 5260 2268 5314 adversus
2315 5259 2567 5314 alterum
2618 5259 2858 5314 haberet
2905 5275 3100 5314 coram
3143 5259 3362 5329 judice,
3415 5273 3520 5312 nec
3571 5256 3730 5310 illius
3786 5255 3856 5310 in

423 5365 486 5404 se
518 5356 720 5420 posset
750 5349 964 5406 elidere
996 5349 1270 5404 ferociam
1321 5351 1423 5404 aut
1471 5346 1778 5420 praevalere
1812 5365 1824 5402 :
1860 5349 1931 5402 a‘o
1981 5348 2317 5419 integritate
2345 5349 2584 5404 tandem
2635 5348 2766 5404 ﬁdei
2816 5347 3048 5404 deﬂexit
3093 5347 3152 5402 in
3202 5363 3460 5403 errorem
3501 5345 3853 5419 gentilium.

424 5437 486 5492 Id
518 5454 721 5494 verum
765 5454 894 5494 esse
948 5437 1264 5494 manifesto
1317 5437 1597 5508 declarat,
1650 5437 1802 5509 quod
1858 5436 2106 5494 infertur
2136 5451 2150 5492 :
2184 5436 2246 5490 Et
2276 5437 2344 5490 ab
2393 5436 2485 5506 iis,
2535 5453 2661 5509 qua
2702 5443 2907 5511 praeter
2954 5436 3227 5495 rationem
3277 5437 3542 5493 audacter
3591 5435 3856 5492 admise-

495 5646 582 5722 (u)
610 5647 722 5706 Tit.
751 5662 837 5718 ω,
876 5646 962 5706 i0.
