4004 6200
393 341 498 394 483
1207 342 1575 396 ΛΡΡΕΝΒΙΧ
1613 340 1708 392 ΔΙ)
1744 337 1974 391 OPERA

2227 335 2437 390 mst
2478 336 2977 416 Annoposmn.
3707 336 3808 392 484

392 480 736 536 permanere
763 462 1180 535 intelligemus.
1235 463 1378 518 Ilinc
1407 463 1562 518 enim
1608 462 1802 533 ipsum
1845 457 1973 530 ὂμοέ

2248 474 2262 488 ⁸
2323 455 2413 512 καὶ
2491 456 2657 533 λόγον
2743 459 3048 532 χεόμενον*
3112 456 3464 532 Ἐξηρεύξατο
3517 461 3554 528 ἡ
3611 457 3811 534 καρδῒα

390 573 504 604 σιον
536 554 991 614 demonstratur,
1027 568 1130 622 par
1158 550 1438 605 nimirum
1469 551 1790 619 eademque
1821 547 1879 601 in
1915 545 1971 600 Τ]

2224 567 2264 599 »υ
2322 545 2488 620 λόγον
2541 546 2733 622 ἀγαθόν
2767 567 2778 580 ·
2815 547 2902 602 καὶ
2961 551 3178 619 πνεῦμα
3210 566 3226 583 ·
3266 548 3369 604 Καὶ
3425 551 3502 618 τῷ
3533 548 3805 621 πνεύματι

392 642 572 697 nitate
603 642 965 696 substantia:
987 645 1042 695 et
1074 638 1432 712 quiaUnitas
1464 638 1521 693 in
1543 638 1884 692 Trinitatem
1909 651 1973 705 pr

2230 632 2251 686 5
2304 634 2571 708 στόματος
2621 635 2784 691 αὐτοῦ
2814 654 2826 667 ·
2878 635 2967 690 καὶ
3016 633 3258 697 κόλπους
3319 637 3671 710 θεογονικοῦς
3707 658 3718 670 ·
3753 639 3811 695 Ὁ

391 732 663 803 grediens
698 731 768 785 ad
817 730 1006 801 ipsam
1060 744 1249 800 usque
1281 728 1531 795 sistitur,
1574 729 1746 796 juxta
1779 724 1972 780 asserti

2228 723 2310 776 ,εἴ
2424 724 2439 742 ς
2543 723 2608 779 όλ
2838 729 2864 740 -
3176 747 3188 758 ⁸
3311 725 3325 742 .
3391 723 3414 742 κ
3480 723 3503 742 κ
3746 727 3755 744 ρ

2315 746 2340 786 ς
2383 743 2540 778 τονκ
2615 745 2713 778 πον
2771 745 2869 779 του
2933 725 3141 799 Πατρός
3239 745 3328 779 και
3386 726 3580 800 οὲνορα
3636 745 3762 780 τινα
3797 746 3809 759 ·

395 836 528 874 nem
563 819 762 874 eximii
785 818 946 874 illius
973 816 1225 888 theologi
1247 815 1528 888 Gregorii.
1558 815 1698 870 Rem
1726 814 1908 885 igitur
1931 829 1976 866 nl

2254 811 2412 882 ξύλον
2461 821 2562 883 τῆς
2593 818 2738 883 ζωῆς
2773 832 2786 845 ’
2819 813 2909 868 καὶ
2960 811 3250 882 βλαστοὺς,
3285 814 3360 876 ὡς
3411 815 3494 884 τὸ,
3529 815 3624 870 Ἐκ
3681 815 3813 888 βλα·

391 909 727 963 indecoram
749 908 1004 962 facturos
1017 922 1124 960 nos
1137 921 1266 960 esse
1284 922 1356 976 pu
1369 904 1476 958 tavi
1489 903 1696 970 mus,si
1716 901 1828 970 ipsi
1843 916 1972 956 sanc

2234 905 2308 968 οὗ,
2340 901 2429 955 Υἱὲ
2480 922 2612 974 μου,
2665 897 2865 972 ἀνέϐης
2899 920 2913 932 ’
2949 901 3038 956 καὶ
3096 903 3180 968 τὸ,
3217 903 3470 972 Ἀνθήσει
3519 902 3610 956 καὶ
3685 902 3815 977 βλα-

394 1013 508 1068 que
539 996 868 1062 Timotheo,
911 993 1251 1064 cmterisque
1302 994 1586 1047 rationem
1621 990 1969 1061 explicarem

2230 992 2342 1059 ἠσει
2403 985 2616 1059 Ἰακὼϐ,
2675 990 2763 1045 ἐπὶ
2820 993 3053 1064 Χριστοῦ
3128 989 3354 1067 ληφθὲν,
3407 990 3469 1044 οὗ
3508 991 3538 1045 ὁ
3594 993 3811 1065 καρπὸς

390 1085 567 1142 istius
599 1084 966 1155 ﬁgurationis
989 1081 1318 1154 symbolice
1361 1081 1549 1150 Hujus
1577 1079 1730 1134 enim
1758 1077 1936 1132 unius
1963 1093 1971 1130 ι

2234 1099 2257 1139 ς
2290 1078 2559 1154 σωτηρίας
2591 1077 2882 1153 ἐπλήρωσε
2911 1079 3010 1148 τὴν
3043 1085 3145 1154 γῆν
3181 1099 3193 1111 ·
3229 1079 3316 1133 καὶ
3379 1078 3556 1154 ῥίζας,
3588 1081 3673 1141 ὡς
3731 1081 3812 1149 τὸ,

391 1175 580 1245 gratia
610 1191 757 1245 opus
789 1172 901 1244 ipsi
929 1171 1335 1242 compegimus
1380 1169 1708 1240 Symbolicee
1739 1164 1972 1236 theologi

2240 1167 2254 1221 ἱ
2313 1168 2376 1222 τὸ
2435 1167 2654 1242 ῥίζωμά
2713 1187 2847 1222 σουο
2881 1167 2971 1222 καὶ
3019 1168 3196 1242 πηγὰς
3231 1164 3460 1238 ὑδάτων,
3490 1170 3615 1225 ’Ὁτι
3672 1169 3821 1243 παρᾶ

390 1264 526 1328 Quae
555 1263 710 1317 enim
745 1262 872 1316 sine
902 1259 1002 1314 tali
1026 1276 1192 1314 sacra
1223 1257 1476 1326 ﬁctione,
1500 1272 1631 1328 qua:
1653 1255 1710 1310 in
1733 1255 1971 1326 Symbolz

2240 1271 2243 1306 ξ
2301 1257 2451 1330 πηγὴ
2525 1260 2711 1324 ζωῆς·
2773 1255 2910 1310 καί·
2970 1256 3105 1327 Ἐμὲ
3189 1253 3544 1330 ἐγκατέλιπον
3623 1257 3821 1330 πηγὴν

390 1351 667 1420 theologia
711 1349 1057 1419 explicatur,
1089 1348 1424 1417 capiuntur,
1473 1348 1714 1414 quanta,
1749 1359 1968 1414 quamq

2240 1365 2348 1406 ιτος
2407 1349 2632 1415 ζῶντος,
2687 1345 2774 1399 καὶ
2849 1345 2948 1398 ὅσα
2998 1347 3226 1398 τοιαῦτα
3259 1362 3271 1376 ’
3323 1344 3414 1398 καὶ
3469 1344 3821 1421 φωτογονίας

389 1439 579 1494 multa
607 1437 1002 1509 prodigiorum
1048 1435 1237 1490 instar
1284 1433 1632 1505 indignitate
1665 1432 1836 1504 plena
1865 1448 1970 1486 sun

2236 1432 2590 1508 αυγασμάτων
2626 1451 2639 1464 ⁸
2697 1433 2794 1494 “Oc
2879 1430 2952 1486 ὣν
3037 1431 3371 1507 ἀπαύγασμα
3438 1439 3540 1501 τῆς
3597 1430 3773 1502 δόξης
3803 1451 3817 1464 ·

390 1533 463 1584 Ut
493 1544 627 1582 cum
659 1526 1001 1580 inaudimus
1031 1529 1298 1579 ventrem
1331 1523 1430 1578 Dei
1457 1541 1470 1578 :
1497 1525 1579 1578 Ea:
1609 1525 1760 1576 utero
1789 1528 1914 1576 ante
1936 1521 1971 1574 L

2235 1522 2243 1574 ἰ
2296 1521 2474 1596 Κύριε,
2534 1519 2586 1576 ἐν
2625 1525 2702 1593 τῷ
2759 1520 2897 1598 φωτὶ
2947 1518 3044 1575 τοῦ
3101 1520 3398 1590 προσώπου
3457 1541 3554 1575 σου
3602 1521 3816 1595 πορεύ-

387 1617 626 1688 εἱίενιιτη
654 1616 830 1687 genui
855 1617 905 1668 te
936 1618 1026 1682 (v).
1060 1613 1318 1666 Verbum
1344 1611 1595 1666 effusum
1621 1627 1633 1665 :
1657 1610 1968 1664 Eructavitl

2237 1631 2360 1678 οται,
2393 1609 2482 1664 καὶ
2529 1610 2597 1664 τὰ
2647 1607 3029 1685 παραπλήσια,
3062 1609 3098 1678 ἢ
3150 1607 3322 1670 ἄλλας
3370 1609 3520 1671 τινὰς
3565 1607 3818 1679 δηλωτι-

386 1722 568 1762 meum
596 1705 818 1759 verbum
846 1704 1044 1757 bonum
1075 1702 1178 1773 (at).
1211 1700 1495 1771 Spiritum
1528 1699 1668 1754 item
1701 1716 1713 1753 :
1749 1699 1812 1752 Et
1839 1699 1967 1768 spira

2238 1720 2248 1760 :
2279 1699 2626 1775 ἱερογραφίας
2658 1693 3078 1772 λαμϐανομένοις
3103 1697 3189 1751 ἐπὶ
3235 1702 3343 1751 τῶν
3387 1697 3662 1753 ποικίλων
3720 1703 3819 1754 τοῦ

385 1797 499 1849 oris
527 1794 644 1864 ejus
666 1793 763 1864 (y).
796 1791 908 1846 Jan
939 1790 1106 1846 sinus
1163 1788 1393 1844 inducit
1429 1788 1528 1844 Dei
1550 1788 1701 1844 215
1726 1785 1966 1858 genitori

2234 1795 2290 1844 οὗ
2347 1794 2618 1861 προνοιῶν
2653 1806 2668 1822 '
2730 1790 2803 1851 ὡς
2861 1790 2944 1858 τὸ,
3005 1789 3192 1850 Ἀετὸς
3243 1790 3495 1843 σκεπάσει
3554 1790 3815 1844 νεοσσιὲν

390 1888 487 1939 ut:
511 1883 616 1952 Qui
643 1889 721 1938 est
751 1883 811 1936 in
828 1882 959 1935 sinu
978 1877 1168 1934 Patris
1186 1877 1280 1949 (λι).
1307 1878 1368 1931 El
1396 1877 1632 1931 arbores
1655 1875 1963 1946 quasdam,

2237 1884 2346 1934 ’τοῦ
2381 1901 2392 1913 ·
2424 1876 2641 1953 δωρεῶν
2685 1875 2763 1945 δὲ,
2797 1878 2871 1940 ὡς
2930 1879 3014 1943 τὸ,
3049 1877 3314 1951 ’Δνοίγεις
3372 1877 3434 1931 σὺ
3490 1879 3592 1947 τήν
3651 1877 3818 1954 χεῖρά

387 1978 477 2029 est
509 1989 522 2028 :
560 1973 792 2040 Lignum
825 1971 956 2025 vitae
987 1969 1083 2040 (a).
1118 1968 1188 2021 Et
1218 1965 1488 2037 virgulta,
1521 1970 1587 2019 ut
1625 1963 1766 2018 illud
1802 1969 1892 2018 est
1923 1983 1936 2016 ε

2235 1987 2294 2021 ›·
2348 1967 2669 2045 ἐκφάνσεων,
2723 1965 2811 2021 διὰ
2863 1967 2925 2021 τὸ
2983 1966 3035 2020 ἐν
3093 1969 3343 2041 σχήματι
3392 1968 3695 2043 ἀνθρώπου
3756 1967 3816 2022 ό-

386 2062 644 2132 virgulto,
694 2059 780 2128 ﬁli
827 2059 928 2125 mi,
975 2056 1294 2111 ascendisti.
1349 2059 1416 2108 Et
1464 2053 1608 2108 illud
1646 2068 1660 2108 :
1703 2053 1944 2108 Florebit

2234 2063 2352 2125 ἧναι
2385 2057 2496 2127 (14)
2523 2060 2641 2118 τοῖς
2666 2054 2718 2107 ἐν
2755 2058 2824 2128 τῇ
2859 2053 3071 2124 Παλαιᾷ
3102 2055 3276 2130 ἁγίοις
3309 2074 3321 2087 ·
3376 2053 3686 2129 δυνάμεων,
3721 2058 3815 2125 ὡς,

387 2149 723 2222 germinabil
747 2149 910 2203 Iacob
939 2146 1038 2217 (b),
1087 2161 1190 2216 pro
1237 2143 1472 2199 Christo
1517 2149 1843 2213 acceptum,
1876 2142 1967 2210 cuj

2239 2149 2374 2216 εὖμα
2405 2141 2646 2198 διασεῖον
2680 2139 2779 2218 ὅρη
2819 2163 2829 2175 ’
2887 2141 3198 2214 ίδιοτήτων,
3232 2143 3306 2206 ὠς
3340 2142 3553 2216 ἀδάμας
3609 2143 3704 2199 διὰ
3754 2145 3815 2200 τὸ

389 2240 615 2294 fructus
647 2236 833 2291 salute
885 2235 1147 2305 implevit
1196 2237 1436 2288 terram.
1493 2232 1560 2285 El
1609 2231 1856 2295 radices,
1889 2233 1954 2284 ut

2235 2233 2354 2294 αθὲς
2385 2236 2484 2296 τῆς
2517 2235 2773 2302 θεότητος
2803 2251 2815 2263 ·
2851 2229 2989 2286 ἴδιον
3021 2231 3121 2307 γὰρ
3151 2236 3315 2286 τοῦτο
3361 2239 3462 2301 τῆς
3504 2233 3654 2296 θείας
3712 2233 3813 2312 φό-

388 2328 488 2383 lud
523 2344 535 2382 :
572 2326 754 2382 Radix
779 2334 877 2380 tua
896 2326 989 2394 (c).
1023 2324 1231 2378 Fontes
1252 2323 1389 2376 item
1420 2335 1706 2391 aquarum
1735 2334 1746 2373 :
1774 2319 1969 2386 Quonic

2232 2343 2310 2384 υς.
2346 2322 2412 2378 Αἱ
2444 2319 2502 2376 δὲ
2531 2320 2714 2390 λήξεις
2761 2321 2850 2375 καὶ
2882 2321 2938 2375 αἱ
2975 2320 3134 2393 μοναὶ
3163 2321 3226 2375 τὸ
3256 2327 3355 2390 τῆς
3385 2322 3532 2382 Θείας
3596 2322 3813 2399 φύσεως

385 2416 533 2488 apud
563 2425 614 2471 te
643 2422 719 2470 est
746 2418 872 2484 fons
903 2415 1032 2468 vitae
1062 2412 1161 2482 (ά),
1186 2416 1278 2465 et:
1307 2412 1383 2463 Me
1404 2409 1822 2478 dereliquerunt
1842 2409 1966 2475 fonti

2229 2412 2540 2478 ,ετάστατονς
2575 2406 2664 2462 διὰ
2691 2412 2798 2462 τῶν
2848 2407 3259 2480 Θεμελιωτικῶν
3296 2406 3673 2478 ὖποδηλοῦται
3726 2408 3810 2464 λί-

387 2521 550 2576 aqua?
578 2503 812 2559 viventis
831 2502 998 2572 (e).Et
1020 2514 1385 2572 quaecunque
1405 2497 1520 2552 alia
1547 2497 1746 2551 forma:
1772 2495 1968 2550 consin

2228 2519 2283 2554 ιν.
2318 2495 2577 2573 Προόδων
2611 2494 2687 2563 δὲ,
2724 2498 2806 2551 ὅτι
2855 2498 2890 2566 ἡ
2921 2497 3028 2550 τῶν
3080 2500 3321 2574 φυσικῶν
3369 2495 3534 2551 αὐτοῦ
3587 2499 3809 2572 ἀγαθῶν

389 2593 484 2648 lis.
517 2593 746 2648 Rursus
780 2590 1082 2661 lucigenas
1113 2587 1289 2642 infert
1317 2585 1697 2657 splendorum
1731 2588 1968 2655 generat

2229 2584 2445 2649 τάδοσις
2475 2590 2541 2659 τῇ
2571 2589 2667 2641 τοῦ
2696 2585 2881 2659 κρίνου
2935 2584 3164 2658 εὐοσμίᾳ
3211 2582 3499 2655 δηλοῦται,
3528 2585 3666 2650 med
3720 2584 3809 2641 λέ-

389 2698 528 2747 nes;
563 2684 628 2736 ut
657 2697 669 2733 :
699 2681 809 2748 Qui
836 2695 960 2733 cum
993 2677 1065 2732 sit
1095 2674 1347 2746 splendor
1383 2673 1572 2745 gloria
1605 2674 1695 2745 (Γ),
1728 2678 1784 2728 et
1813 2689 1824 2726 :
1863 2673 1970 2727 Don

2229 2697 2329 2746 ται,
2387 2674 2582 2750 Κρίνον
2656 2679 2762 2729 τῶν
2823 2671 3119 2728 κοιλάδων.
3178 2673 3248 2728 Αἱ
3296 2674 3514 2735 ἒνώσεις
3567 2672 3656 2729 διὰ
3714 2679 3810 2729 τοῦ

389 2787 480 2834 ne,
511 2771 573 2824 in
608 2770 819 2824 lumine
848 2766 1040 2822 vultus
1087 2767 1173 2819 tui
1200 2763 1565 2818 ambulabunt
1611 2762 1709 2832 (g),
1761 2766 1819 2816 et
1851 2761 1940 2814 bis

2225 2764 2474 2838 ccnépoe
2501 2760 2656 2826 λίθου
2689 2781 2701 2792 ο
2735 2762 2825 2816 καὶ
2861 2759 2949 2816 διὰ
3001 2766 3098 2816 τοῦ
3150 2760 3321 2836 πυρὸς
3375 2763 3429 2815 αἱ
3485 2759 3806 2838 διακρίσεις.

389 2857 570 2921 milia,
607 2857 725 2912 sive
754 2855 928 2910 etiam
965 2853 1276 2925 plerasque
1308 2850 1452 2905 alias
1484 2867 1680 2904 sacras
1711 2848 1970 2919 descript

2223 2855 2258 2908 ιὶ
2310 2858 2415 2908 ποῦ
2467 2853 2562 2925 μὶν
2615 2849 2811 2924 ἀνδρὸς
2859 2858 3077 2926 σχῆμα,
3107 2849 3182 2914 ὠς
3205 2852 3352 2925 παρά
3408 2856 3489 2923 τῷ
3546 2853 3758 2922 Δανιήλ
3791 2873 3804 2885 ·

392 2961 496 2999 nes
528 2943 910 2999 declarativas
943 2957 1156 2998 sensus
1182 2939 1434 3011 mystici,
1457 2939 1801 3008 desumptas
1825 2936 1882 2991 in
1905 2953 1973 2989 m1

2230 2945 2258 3000 ιὶ
2316 2946 2344 2999 ὁ
2401 2942 2640 3004 Παλαιὸς
2696 2946 2804 2996 τῶν
2861 2944 3086 3015 ἡμερῶν
3121 2941 3389 3011 ἰκάθητο·
3422 2945 3530 2997 ποῦ
3587 2940 3645 2998 δὲ
3705 2956 3811 3015 θη-

394 3031 580 3101 tiplici
634 3032 732 3085 Dei
783 3029 1164 3102 providentia,
1215 3033 1279 3081 ut
1327 3026 1519 3080 illud:
1555 3027 1753 3096 Aquila
1803 3033 1975 3096 proles

2230 3032 2478 3104 υν,κατά
2531 3032 2613 3103 τὸ,
2647 3031 2949 3086 Ἀναπεσὼν
3011 3028 3086 3091 ὠς
3146 3029 3286 3085 λέων
3342 3029 3613 3104 ἐκοιμήθη
3648 3052 3663 3064 ·
3717 3033 3811 3088 καὶ

393 3122 597 3176 nidum
645 3131 828 3174 suum.
885 3121 943 3174 In
993 3118 1161 3172 donis
1214 3117 1394 3185 item;
1449 3121 1512 3170 ut
1542 3115 1686 3170 illud
1723 3132 1735 3171 :
1770 3115 1961 3185 Araris

2225 3120 2327 3176 ἱλιν
2362 3139 2374 3153 ⁸
2434 3121 2525 3181 Ὧς
2596 3116 2866 3191 πάρδαλις
2925 3117 3274 3192 ἀπορουμένη
3331 3120 3467 3174 κατὰ
3517 3122 3617 3172 τὶν
3679 3118 3806 3176 ὁδὸν

392 3226 618 3263 manum
652 3218 805 3262 tuam
835 3208 934 3277 (h).
960 3206 1038 3260 De
1057 3205 1542 3275 apparitionibus,
1569 3194 1973 3275 proptereaqu:

2226 3208 2476 3284 σσυρίων.
2510 3212 2620 3262 Ποῦ
2645 3186 2702 3261 δὲ
2757 3204 2941 3261 ἄλλων
2993 3186 3171 3275 ζῶωνν,
3205 3186 3280 3268 ὡς
3309 3207 3392 3277 τὸ,
3424 3208 3569 3280 Ἐγὼ
3600 3205 3655 3262 δέ
3688 3209 3807 3280 εἶμι

395 3315 457 3353 se
489 3297 816 3352 exhibuerit
847 3296 903 3349 in
951 3296 1138 3349 forma
1167 3293 1425 3348 hominis
1457 3293 1842 3364 conspicuum
1873 3291 1976 3346 Vet

2224 3296 2393 3368 ώληξ,
2424 3295 2516 3351 καὶ
2570 3295 2668 3350 οὐκ
2722 3293 3027 3370 ἅνθρωπος.
3063 3294 3168 3352 Καὶ
3215 3300 3321 3349 ποῦ
3373 3297 3468 3368 μὶν
3512 3297 3699 3372 φυτὸν,
3731 3297 3805 3358 ὠς

393 3387 474 3441 ris
502 3385 857 3440 Testamenti
899 3383 1139 3438 sanctis.
1192 3382 1254 3436 In
1286 3381 1627 3450 virtutibus,
1662 3386 1726 3435 ut
1757 3398 1770 3435 :
1807 3380 1974 3451 Spirzt

2222 3385 2299 3461 LPa.
2344 3389 2423 3456 τῷ
2479 3381 2666 3452 Δαυῖδ,
2701 3382 2983 3456 Ἀμπελος
3016 3401 3029 3414 ·
3062 3382 3097 3452 ἢ
3143 3383 3267 3455 παρ’
3297 3383 3462 3457 ἑτέρῳ
3517 3387 3803 3461 “enim.

392 3474 706 3532 concutiens
732 3482 942 3528 montes
979 3474 1059 3542 (i).
1097 3474 1156 3526 In
1211 3470 1664 3542 proprietatibus
1698 3485 1948 3540 quoque,

2222 3473 2363 3527 λαία.
2397 3475 2508 3526 Ποῦ
2537 3468 2594 3524 δὶ
2624 3468 2791 3534 λίθων
2818 3468 3304 3546 ποικιλομορφίας,
3337 3470 3412 3532 ὠς
3440 3471 3522 3542 τὸ,
3558 3473 3803 3551 Σάπφει-

393 3581 526 3620 cum
559 3564 794 3618 adu-mas
825 3561 1044 3616 dicitur
1075 3577 1088 3615 :
1125 3559 1277 3628 quod
1324 3557 1468 3612 nulli
1503 3557 1580 3613 sit
1608 3558 1836 3612 Numen
1869 3558 1974 3612 obn

2225 3582 2248 3622 ς
2283 3579 2295 3592 ⁸
2323 3559 2412 3614 καὶ
2446 3559 2592 3633 παρά
2619 3563 2698 3630 τῷ
2729 3558 2936 3631 ’Δμὼς,
2971 3555 3231 3631 Ἀδᾶμας.
3265 3559 3361 3614 Καὶ
3406 3559 3648 3633 κόσμους
3698 3583 3801 3636 γυο

391 3652 553 3708 xium
587 3637 864 3722 passioni.
900 3649 1016 3704 Hoc
1043 3648 1197 3702 enim
1251 3646 1626 3718 peculiariter
1656 3645 1930 3716 competit
1961 3663 1972 3699 ι

2225 3648 2442 3715 ικείους,
2499 3646 2572 3710 ὠς
2657 3647 2742 3715 τὸ,
2794 3653 2879 3701 Ἐν
2966 3647 3250 3718 ἱματισμῷ
3334 3644 3636 3723 διαχρύσῳ.
3691 3655 3803 3704 Ποῦ

390 3742 535 3796 vinas
567 3739 651 3794 illi
685 3745 924 3794 naturae.
954 3737 1201 3792 Proinde
1228 3735 1463 3792 termini
1487 3739 1660 3806 atque
1683 3734 1971 3789 mansione

2223 3731 2492 3813 ιρϐαρικὰς
2539 3733 3053 3802 ὁπλοποιίας,’ίσως
3101 3735 3173 3796 ὠς
3222 3734 3394 3790 ἐκεῖνο
3429 3757 3441 3771 ·
3494 3740 3804 3812 Περίζωσαι

391 3833 543 3902 quod
578 3833 635 3884 et
681 3828 889 3883 divinas
935 3826 1109 3881 istius
1163 3831 1384 3879 naturas
1436 3823 1827 3878 immutabilis
1856 3829 1971 3878 stat

2219 3846 2254 3892 ,ν
2316 3823 2586 3901 ῥομφαίαν
2649 3844 2745 3878 σου
2807 3822 2894 3878 ἰπὶ
2948 3827 3054 3877 τῶν
3121 3828 3304 3896 μηρῶν
3338 3845 3458 3890 σου,
3497 3822 3685 3880 δυνατὲ
3724 3847 3735 3857 ·
3767 3830 3800 3895 ἡ

388 3918 566 3972 tacite
600 3915 934 3970 insinuetur
966 3931 1068 3984 per
1118 3912 1410 3982 ejusmodi
1459 3912 1704 3983 lapides,
1738 3911 1837 3982 qui
1871 3912 1969 3966 sut

2222 3935 2255 3988 ,ρ
2290 3913 2531 3989 ῥομφαία
2565 3907 2894 3986 βαρϐαρικόν
2929 3911 3068 3966 ἐστιν
3128 3911 3322 3981 ὅπλον,
3351 3913 3424 3975 ὠς
3451 3915 3658 3988 ἰστορεῖ
3689 3917 3803 3972 Φύο

391 4008 706 4058 ternuntur
747 4001 1038 4073 jaciendis
1087 3999 1486 4054 fundamentis
1522 4016 1534 4053 :
1570 4000 1628 4053 in
1665 4000 1972 4070 processim

2218 4020 2368 4075 ιρχος
2403 4003 2534 4073 (15).
2570 4001 2699 4056 Ὅτε
2755 3998 2920 4055 πάλιν
2954 3998 3220 4072 ἀκούομεν
3281 4000 3368 4054 ἐπὶ
3409 4006 3541 4056 Θεοῦ
3573 4004 3661 4057 καὶ
3690 4009 3799 4058 τῶν

391 4090 503 4144 bus
536 4090 698 4154 item,
733 4089 1009 4158 quoniam
1044 4105 1145 4158 per
1165 4089 1311 4142 banc
1344 4086 1774 4142 suaveolentem
1811 4087 1915 4142 lilii
1941 4089 1972 4141 fi

2223 4089 2314 4142 ίων
2366 4088 2694 4164 κεραμείων,
2730 4087 2805 4149 ὠς
2862 4089 2948 4156 τὸ,
2974 4089 3065 4152 Ὧς
3118 4085 3301 4157 πηλὸν
3347 4087 3622 4144 πλατειῶν
3671 4090 3803 4147 λεα-

390 4177 684 4247 grantiam
734 4175 1082 4245 exprimitur
1129 4174 1468 4228 distributio
1520 4174 1808 4228 bonorum
1857 4174 1967 4244 ipsi

2223 4175 2486 4238 ιαῦτούς.
2546 4175 2650 4231 Καὶ
2732 4179 3150 4251 χωνευτήριονο
3209 4177 3527 4250 Ἐπόρωσας
3582 4179 3804 4250 αὐτοὺς,

392 4263 775 4328 naturalium,
828 4263 1000 4331 cujus
1047 4278 1225 4316 causa
1274 4263 1490 4316 dicitur
1524 4279 1536 4315 :
1571 4261 1780 4316 Litium
1827 4279 1973 4318 conv:

2223 4287 2230 4327 ;
2260 4269 2523 4340 πυροῦται
2562 4265 2623 4318 τὸ
2675 4264 2929 4338 ἀργύριον
2963 4283 2976 4297 ο
3009 4264 3099 4319 καί
3132 4284 3145 4297 '
3178 4267 3406 4327 Ἵππους
3451 4287 3545 4321 σου
3602 4271 3804 4344 ταράσ-

393 4354 535 4409 lium
565 4351 661 4423 (k).
695 4351 1026 4406 Occurrunt
1055 4354 1111 4404 et
1138 4350 1582 4420 conjunctiones
1607 4366 1708 4420 per
1732 4355 1974 4407 stanneu

2223 4374 2344 4415 ντας
2401 4350 2567 4406 ὕδατα
2621 4351 2853 4408 πολλοὶ⁹
2915 4353 3005 4407 καὶ
3064 4355 3296 4428 ἅρματα.
3347 4356 3415 4409 Τὸ
3472 4356 3624 4430 ἅρμα
3702 4361 3804 4412 1:05

388 4439 667 4509 lapidem,
700 4440 801 4494 sed
833 4443 890 4493 et
923 4455 1024 4509 per
1080 4437 1273 4508 ignem
1324 4437 1706 4492 discretiones
1753 4438 1871 4493 sive
1901 4440 1969 4509 di;

2226 4446 2292 4496 οὗ
2354 4439 2750 4516 μυριοπλάσιον
2787 4462 2799 4474 ·
2859 4441 2947 4495 καὶ
3000 4441 3223 4517 θρόνους
3257 4463 3270 4475 ·
3304 4443 3364 4500 Ὁ
3394 4445 3581 4518 Θρόνος
3624 4466 3750 4512 σου,
3774 4448 3803 4502 ὁ

389 4528 733 4583 dicationes.
763 4532 860 4581 Est
889 4542 1121 4597 quoque
1153 4526 1248 4579 ubi
1284 4525 1368 4578 illi
1401 4524 1680 4580 tribuitur
1711 4526 1894 4582 virilis
1928 4529 1970 4584 fc

2226 4529 2301 4600 ὸς,
2330 4528 2405 4590 εἷς
2435 4530 2526 4584 τὸν
2555 4528 2726 4583 αίῶνα
2759 4550 2772 4563 ο
2804 4528 2893 4583 καὶ
2929 4527 3135 4593 δαῖτας,
3169 4529 3243 4591 ὠς
3271 4529 3322 4583 ἐν
3353 4535 3432 4602 τῷ
3462 4532 3804 4608 Ἐὐαγγελίῳ

391 4633 508 4684 ma,
537 4620 602 4670 ut
623 4617 775 4686 apud
809 4614 1102 4671 Danielem
1127 4613 1203 4684 (k)
1229 4631 1242 4668 :
1267 4616 1329 4668 Et
1349 4615 1621 4684 Antiqua:
1640 4615 1862 4671 dierum
1881 4618 1972 4672 sed

2225 4637 2248 4672 ε
2290 4618 2318 4671 ὸ
2349 4617 2560 4690 μόσχος
2613 4617 2640 4671 ὁ
2671 4617 2929 4682 σιτευτὸς,
2961 4616 3051 4671 καὶ
3093 4617 3162 4672 τὰ
3204 4615 3375 4673 λοιπά
3420 4619 3659 4694 γίνονται
3711 4621 3803 4676 ἐπὶ

391 4705 620 4758 Rursus
650 4703 751 4758 ubi
784 4719 886 4774 per
923 4705 1074 4757 feras
1123 4702 1491 4772 signiﬁcatur
1523 4719 1536 4758 :
1591 4706 1732 4758 Cum
1762 4708 1972 4761 accubu

2254 4706 2458 4781 εὑρέσει
2488 4707 2584 4758 τοῦ
2615 4703 2825 4759 ἀσώτου
2856 4705 2998 4760 υἱοῦ.
3036 4705 3134 4762 Καὶ
3177 4705 3347 4771 ,πάλιν
3398 4707 3487 4761 ὅτε
3528 4707 3804 4782 ἀκούομεν

388 4800 489 4861 set,
521 4801 581 4847 ut
610 4793 689 4848 leo
737 4790 1074 4847 obdormivit
1104 4789 1193 4861 (l).
1248 4793 1506 4862 Itemque
1541 4807 1553 4846 :
1589 4792 1759 4859 Quasi
1794 4794 1966 4863 parda

2220 4815 2243 4846 ν
2301 4793 2428 4847 Θεὸν
2480 4791 2961 4867 κεκραιπαληκότα
2994 4813 3005 4825 ·
3069 4791 3172 4849 Καὲ
3226 4794 3689 4867 κεκραιπαληκὼς
3750 4797 3801 4869 ἐξ

384 4880 617 4952 perditis
672 4881 942 4950 ferociens
999 4879 1198 4933 catulis
1247 4879 1414 4948 juxta
1469 4880 1628 4952 viam,
1660 4879 1959 4951 Assyrioru

2221 4903 2304 4936 μου
2379 4881 2474 4935 Καὶ
2637 4880 2660 4916 ν’
2949 4879 2964 4900 “
3029 4881 3042 4901 ²
3149 4881 3162 4901 ’
3400 4902 3412 4915 ·
3472 4886 3494 4903 ”
3679 4885 3692 4902 ’
3748 4887 3762 4906 ⁸

2312 4923 2324 4936 .
2532 4892 2814 4954 μεθδοντα,
2873 4901 2962 4935 και
3024 4902 3368 4936 υπνωττοντα
3501 4886 3585 4940 [να
3638 4906 3691 4939 τι
3743 4908 3802 4940 υ-

390 4972 492 5024 Est
544 4968 641 5022 ubi
693 4967 1046 5023 describitur
1104 4966 1354 5020 aliorum
1411 4982 1643 5038 quoque
1690 4968 1970 5024 animaliu

2227 4976 2336 5043 οἷς,
2370 4970 2566 5046 Κύριε;
2602 4970 2669 5026 Τί
2699 4969 2758 5024 ἄν
2789 4991 2871 5031 τις
2903 4968 3044 5024 ε’ίποι
3076 4971 3196 5042 περὶ
3229 4975 3355 5040 τῶν,
3389 4974 3489 5029 Καὶ
3549 4974 3800 5049 ὠργίσθη

389 5057 600 5126 specie,
637 5062 700 5111 ut
731 5057 875 5111 illud
907 5060 996 5110 est
1032 5073 1044 5110 :
1081 5059 1189 5124 Ego
1221 5060 1406 5110 autem
1442 5071 1566 5109 sum
1596 5056 1818 5120 vermis,
1850 5066 1901 5112 et
1926 5075 1970 5111 η.

2216 5059 2373 5130 ἱριος,
2403 5059 2492 5112 καί
2525 5077 2536 5089 ·
2569 5061 2684 5115 Ἵνα
2719 5059 2770 5112 τί
2804 5057 3074 5133 ὠργίσθης
3121 5061 3268 5131 ἡμᾶς
3295 5079 3306 5126 ;
3335 5062 3424 5114 καί
3461 5080 3475 5093 ’
3511 5061 3797 5133 Ἐλυπήθη

390 5144 545 5199 homo
573 5145 692 5215 (m).
729 5145 824 5198 Est
852 5145 948 5198 ubi
982 5142 1190 5211 plantas
1223 5142 1458 5197 nomine
1489 5142 1851 5214 depingitur,
1887 5145 1970 5201 sic

2219 5145 2370 5219 ἰριος,
2421 5147 2532 5218 καὶ,
2582 5147 2788 5219 Ὠμοσε
2845 5147 3065 5218 Κύριος,
3100 5146 3210 5218 καὶ,
3260 5146 3647 5221 Μετεμελήθη,
3704 5154 3800 5207 καὶ

391 5232 544 5302 apud
576 5232 874 5303 Davidem,
904 5233 1034 5287 vitis
1064 5232 1146 5302 (η)
1181 5248 1193 5286 :
1229 5232 1382 5286 sicut
1413 5230 1568 5301 apud
1616 5229 1864 5287 alterum
1898 5233 1972 5289 ite

2218 5232 2520 5306 ετηράσατο,
2551 5234 2664 5303 καὶ,
2698 5236 2977 5307 Ἑμήνισε.
3010 5235 3074 5290 Τί
3121 5233 3177 5289 δὲ
3225 5238 3350 5310 περὶ
3405 5242 3511 5292 τῶν
3569 5237 3799 5295 πολυει-

461 5459 537 5528 (υ)
568 5457 718 5512 Psal.
747 5473 859 5525 cxx,
891 5459 945 5510 3.
1023 5457 1101 5524 (ω)
1132 5455 1283 5511 Psal.
1317 5472 1464 5520 κων,
1496 5457 1549 5511 2.
1627 5458 1708 5530 (ῃ)
1739 5457 1891 5515 Psal.
1925 5477 2042 5515 xm

461 5551 463 5575 ι
495 5528 695 5584 Ezecb.
726 5543 877 5592 vax,
906 5528 958 5581 3.
1037 5527 1114 5593 (ά)
1143 5526 1295 5582 Psal.
1327 5544 1494 5593 xxxv,
1531 5528 1614 5582 10.
1707 5530 1778 5593 (e)
1807 5529 1924 5585 Jer.
1956 5548 2020 5593 ιι,

2261 5460 2335 5531 (χ)
2365 5464 2535 5520 Joan.
2560 5480 2600 5520 1.
2629 5464 2713 5521 18.
2794 5466 2875 5534 (a)
2906 5465 3048 5520 Gen.
3084 5481 3144 5532 11,
3167 5466 3220 5519 9.
3299 5466 3374 5593 (Ὗ
3407 5466 3517 5524 Isa.
3542 5486 3720 5540 xxvu,
3743 5474 3803 5530 6.

2237 5530 2309 5593 (Γ)
2342 5532 2514 5589 Hebr.
2548 5552 2587 5593 1.
2619 5536 2673 5590 3.
2751 5535 2830 5593 (al
2858 5537 3007 5592 Psal.
3043 5553 3313 5593 Lxxxvm.
3377 5539 3432 5593 6.
3527 5540 3608 5593 (In
3639 5543 3803 5593 Psal-

392 5527 463 5598 (ε)
495 5526 695 5613 E20913.
726 5528 958 5613 xcvi,"3.
988 5599 1000 5613 ι
1037 5527 1114 5597 (d)
1143 5526 1494 5613 l?:~al.nx‘x’xv,
1531 5528 1614 5582 10.
1635 5526 1666 5529 ”
1690 5526 1924 5613 (ελξοιι.
1946 5548 1973 5613 ‘1

2237 5526 2514 5613 (n'Hebr.
2548 5552 2587 5613 1,
2619 5536 2718 5613 3._
2751 5526 2830 5613 (ά)
2857 5526 3315 5613 Psal.}.xxxviy,‘
3346 5526 3432 5613 {6.
3527 5540 3608 5613 (Ιι)
3639 5526 3803 5602 Ρέοίξ

391 5596 572 5668 exuv,
607 5599 692 5654 16.
769 5597 833 5670 (i)
863 5599 1028 5655 Cant.
1060 5596 1124 5669 ιι,
1158 5601 1208 5654 1.
1286 5596 1359 5670 (Ιε)
1389 5597 1527 5670 Cap.
1561 5616 1662 5664 vn,
1689 5596 1864 5656 v.10.
1941 5603 1972 5672 (ι

2138 5607 2210 5657 in.
2237 5596 2392 5672 im,
2420 5605 2474 5662 9.
2551 5596 2649 5679 (in)
2681 5596 2832 5666 Psal.
2858 5623 2972 5681 1x1,
3001 5608 3057 5666 7.
3132 5608 3216 5681 (η)
3243 5596 3393 5666 Psal.
3417 5596 3719 5684 enimn—3‘.
