4004 6200
338 267 438 321 487

1171 265 1537 318 APPENDIX
1578 265 1675 317 AD
1710 263 1951 318 OPERA
1988 264 2046 316 S.
2087 263 2400 318 DIONYSII
2438 261 2943 318 AREOPAGITE.

3641 263 3753 319 488

334 389 689 446 tomachiam
712 387 872 442 illam
894 387 1191 458 turrisque
1216 385 1398 441 multo
1422 385 1813 441 celeberrimae
1845 385 1984 440 sub-

2098 387 2193 438 τοῦ
2227 383 2494 458 βασιλὲως
2519 403 2531 417 ·
2563 382 2720 461 γενοδ
2750 383 2838 437 καὶ
2870 382 2932 436 συ
2963 381 3041 444 εἷς
3083 381 3280 455 λόγους
3309 403 3404 438 σου
3453 385 3591 440 κατᾶ
3619 386 3754 449 τοὺς

334 479 742 541 structionem,
761 476 898 529 utin
913 474 1124 531 Genesi
1147 475 1253 542 (Ιι),
1272 475 1502 529 abunde
1519 475 1781 542 refertur;
1802 490 1988 544 neque

333 585 450 622 non
500 567 781 621 adversus
834 565 1068 618 Achaab
1119 564 1327 617 initum
1382 562 1715 627 consilium,
1745 564 1897 618 sicut
1930 560 1986 614 in

332 656 502 711 tertio
517 670 750 725 quoque
769 653 1101 722 Regnorum
1119 652 1184 724 (ἰ)
1205 651 1460 706 invenire
1473 662 1588 718 est;
1621 668 1736 722 quo
1752 651 1986 722 quidem

334 744 458 798 loco
493 743 686 797 divina
717 742 966 812 explicat
994 741 1314 812 Scriptura,
1347 757 1462 811 quo
1497 746 1667 812 pacto
1705 739 1992 810 Josaphat

335 835 481 889 277
520 848 652 886 cum
688 829 886 884 Achab
921 845 1051 900 rege
1082 827 1257 883 Israel
1289 829 1638 882 convenerit.
1677 828 1847 882 Porro
1892 844 1991 882 rex

334 920 510 976 Israel
543 920 689 974 dixit
718 918 840 988 regi
887 919 1075 973 Juda:
1127 918 1185 972 Si
1233 917 1514 972 ascendes
1573 917 1877 971 nobiscum
1931 917 1989 971 in

334 1008 553 1063 bellum
582 1006 640 1061 in
667 1005 1015 1060 Rhemmatb
1045 1004 1258 1059 Galaad
1278 1004 1304 1058 ?
1328 1003 1988 1075 ResponditJosaphat;

335 1097 499 1152 Sicut
548 1111 676 1166 ego,
707 1095 788 1148 ita
835 1099 892 1148 et
941 1099 1042 1148 tu:
1098 1098 1162 1147 ut
1211 1093 1465 1164 populus
1516 1109 1702 1162 meus,
1739 1093 1992 1164 populus

333 1191 510 1241 tuus:
563 1190 627 1237 ut
667 1183 798 1254 equi
836 1183 972 1252 mei,
1005 1181 1140 1253 equi
1171 1182 1279 1236 tui.
1310 1181 1537 1252 Adjecit
1564 1198 1796 1252 quoque
1824 1181 1991 1236 Josa-

338 1275 498 1345 phat,
525 1272 643 1346 regi
670 1272 844 1328 Israel
872 1273 1071 1326 dicens
1095 1288 1106 1325 :
1134 1273 1515 1342 Interrogate,
1538 1272 1799 1337 obsecro,
1821 1270 1993 1325 hodie

337 1362 678 1418 Dominum.
703 1365 769 1414 Et
792 1361 1162 1432 congregavit
1188 1376 1285 1414 rex
1311 1359 1486 1414 Israel
1519 1375 1722 1414 omnes
1746 1359 1990 1430 prophe-

336 1456 428 1506 tas
454 1450 622 1522 quasi
653 1449 1139 1521 quadringentos.
1171 1452 1242 1503 Et
1290 1447 1437 1502 dixit
1487 1464 1585 1502 rex
1635 1447 1810 1502 Israel
1863 1464 1993 1518 pro-

334 1539 560 1611 phetis:
596 1538 655 1592 Si
687 1535 1104 1609 proﬁciscarin
1131 1536 1481 1591 Rhemmath
1514 1536 1728 1590 Galaad
1765 1536 1835 1589 ad
1873 1534 1991 1589 bel-

335 1627 603 1695 landum,
629 1644 698 1682 an
719 1643 810 1680 me
823 1626 1091 1680 contineo
1107 1626 1134 1679 ‘I
1151 1625 1675 1695 Etresponderunt:
1692 1625 1990 1690 Ascende;

2097 471 2300 546 λόγους
2353 474 2465 534 ἑνὸς
2519 471 2750 543 τούτων,
2808 471 2898 526 καὶ
2953 467 3198 540 λάλησον
3267 471 3428 530 καλά.
3479 473 3584 529 Κατ
3634 475 3753 529 ETa-re

2096 562 2342 636 Μιχαίας
2377 582 2388 594 ’
2423 566 2498 635 Ζῇ
2532 561 2751 636 Κύριος,
2785 560 2815 614 ὅ
2842 581 2894 614 τι
2927 558 2986 613 ἃν
3021 557 3145 634 εἷ’πῃ
3203 559 3399 635 Κύριος
3460 562 3599 637 πρὸς
3661 565 3748 635 μὶ,

2095 654 2258 704 τοῦτο
2292 648 2540 720 λαλήσω.
2576 648 2673 704 Καί
2699 647 2837 717 ἦλθε
2868 647 3108 723 Μιχαίας
3156 647 3292 723 πρὸς
3349 651 3439 703 τὸν
3495 650 3750 726 βασιλέα.

2099 738 2197 792 Καὶ
2252 738 2392 793 εἶπεν
2449 740 2476 793 ὁ
2525 736 2776 813 βασιλεὺς
2829 737 2974 808 αὐτῷ
3011 755 3027 773 ⁸
3069 737 3304 812 Μιχαία,
3338 738 3382 792 εἰ
3432 736 3617 794 ἆναόὧ
3679 740 3756 801 εἶς

2099 828 2343 900 Ῥεμμὰθ
2373 825 2586 881 Γαλαὰδ
2621 826 2696 888 εἷς
2755 824 3024 898 πόλεμον,
3058 827 3092 895 ἢ
3125 824 3374 901 ἐπισχῶ;
3410 827 3513 883 Καὶ
3564 831 3712 882 εἶπεν
3738 848 3753 862 ·

2101 911 2403 983 ’Λνάϐαινε,
2435 917 2523 970 καὶ
2557 913 2816 970 εὐοδώσει
2847 915 3049 990 Κύριος
3081 915 3156 976 εἷς
3201 921 3393 990 χεῖρας
3441 921 3540 971 τοῦ
3593 919 3760 990 βασι-

2103 1004 2264 1069 λὲως.
2301 1007 2397 1062 Καὶ
2454 1007 2595 1061 εἶπεν
2652 1005 2797 1078 αύτῷ
2828 1007 2855 1060 ὁ
2897 1003 3150 1081 βασιλεύς
3181 1025 3193 1037 ⁸
3222 1007 3457 1068 Ποσάκις
3501 1007 3609 1082 ἐγὼ
3663 1008 3757 1082 ὀρ-

2101 1095 2238 1163 κίζω
2271 1117 2328 1149 σε
2359 1095 2508 1157 ὅπως
2543 1094 2796 1169 λαΛήσῃς
2826 1094 2962 1167 πρὸς
3005 1095 3070 1166 μὶ
3109 1092 3368 1164 ἀλήθειαν
3422 1095 3472 1149 ἐν
3528 1095 3764 1167 ὀνόματι

2103 1183 2346 1258 Κυρίου;
2401 1185 2501 1238 Καὶ
2561 1185 2675 1238 εἶπε
2733 1183 2974 1258 Μιχαίας
3008 1200 3020 1213 ·
3079 1182 3201 1257 Οὐχ
3249 1181 3444 1245 οὕτως.
3503 1185 3766 1259 Ἑώρακα

2103 1271 2271 1326 πάντα
2318 1272 2411 1328 τὸν
2465 1270 2686 1348 Ἰσραὴλ
2751 1269 3142 1346 διεσπαρμένον
3193 1270 3243 1325 ἐν
3285 1277 3401 1334 τοῖς
3447 1269 3632 1345 ὄρεσιν
3686 1273 3763 1335 ὠς

2104 1361 2385 1433 ποίμνιον,
2419 1361 2465 1433 ᾧ
2523 1361 2623 1416 οὐκ
2666 1357 2776 1416 ἔστι
2833 1363 3061 1432 ποιμήν.
3096 1361 3198 1416 Καὶ
3246 1361 3360 1415 εἶπε
3391 1360 3594 1435 Κύριος
3633 1382 3646 1394 ο
3685 1362 3766 1419 Οὐ

2105 1448 2300 1522 Κύριος
2348 1448 2568 1511 τούτοις
2627 1448 2704 1510 εἷς
2763 1447 2928 1516 Θεόν;
2962 1447 3363 1524 Ἀναστρεφὲτω
3408 1444 3635 1510 ἕκαστος
3688 1449 3769 1509 εἷς

2102 1537 2193 1591 τὸν
2251 1539 2400 1591 οἶκον
2457 1537 2621 1591 αὐτοῦ
2679 1536 2731 1591 ἐν
2783 1536 2989 1611 εἰρήνῃ.
3026 1535 3123 1589 Καὶ
3167 1536 3310 1590 εἶπεν
3360 1531 3571 1612 ’Δχαὰϐ
3620 1538 3770 1608 πρὸς

2106 1625 2389 1702 Ἰωσαφάτ·
2422 1624 2536 1682 Οὐκ
2566 1626 2687 1679 εἶπα
2716 1627 2851 1698 πρὸς
2885 1624 2960 1694 σὶ,
2995 1624 3059 1677 οὐ
3093 1623 3425 1697 προφητεύει
3456 1625 3611 1686 οὗτός
3665 1647 3767 1697 μοι

333 1717 483 1772 dans
513 1715 666 1771 enim
700 1715 861 1768 dabit
890 1730 1017 1768 eam
1052 1713 1340 1768 Dominus
1384 1714 1441 1766 in
1479 1730 1690 1767 manus
1721 1713 1894 1784 regis.
1927 1713 1988 1766 Et

2103 1713 2265 1782 καλὰ,
2297 1711 2432 1768 διότι
2469 1712 2591 1767 ἀλλ’
2683 1713 2858 1782 κακά;
2895 1713 2989 1768 Καὶ
3025 1713 3138 1766 εἶπε
3173 1713 3414 1787 Μιχαίας
3449 1731 3460 1743 ·
3489 1713 3614 1788 Ούχ
3669 1714 3768 1767 0’3-

336 1805 481 1860 dixit
501 1803 787 1874 Josaphat
811 1803 879 1858 ad
908 1803 1173 1857 Achaab:
1199 1802 1322 1856 Non
1348 1809 1433 1856 est
1455 1802 1549 1855 hic
1581 1801 1865 1872 propheta
1892 1801 1994 1855 ali-

337 1894 472 1964 quis
506 1892 761 1961 Domini,
793 1895 860 1945 ut
890 1890 1322 1963 interrogemus
1353 1890 1668 1945 Dominum
1705 1905 1806 1960 per
1836 1889 1998 1944 eum?

335 1983 407 2037 Et
457 1981 759 2052 respondit
793 1996 886 2034 rex
920 1979 1097 2034 Israel
1151 1981 1219 2034 ad
1273 1978 1592 2050 Josaphat:
1653 1979 1853 2032 Adhuc
1910 1977 1997 2031 vir

337 2087 488 2124 unus
518 2073 628 2138 est,
663 2085 764 2140 per
795 2083 967 2137 quem
1020 2068 1384 2137 interrogare
1433 2083 1750 2138 possumus
1798 2067 1994 2121 Domi-

334 2158 650 2224 num;sed
693 2172 798 2226 ego
848 2155 942 2210 odi
996 2171 1153 2222 eum,
1187 2155 1327 2225 quia
1376 2172 1488 2208 non
1541 2155 1802 2225 loquitur
1853 2154 1997 2208 mihi

334 2247 509 2312 bona,
543 2246 644 2300 sed
693 2244 865 2309 mala,
901 2244 1170 2298 Michwas
1226 2243 1381 2298 filius
1429 2243 1720 2298 Jemblaa.
1755 2244 1822 2298 Et
1854 2243 1997 2296 dixit

331 2334 618 2404 Josaphat
647 2349 743 2386 rex
772 2333 955 2387 Juda:
997 2333 1076 2386 Ne
1123 2331 1384 2403 loquaris
1406 2331 1510 2397 ita,
1534 2349 1652 2402 rex.
1680 2332 1747 2385 Et
1776 2330 1996 2386 vocavit

332 2439 431 2477 rex
460 2420 635 2476 Israel
665 2421 1002 2475 eunuchum
1038 2437 1244 2488 unum,
1286 2425 1344 2474 et
1394 2421 1571 2474 dixit:
1617 2422 1889 2474 Actutum
1922 2420 1993 2474 ad

331 2527 428 2565 me
457 2512 641 2564 accito
672 2508 973 2563 Michaeam
1009 2507 1196 2563 filium
1228 2508 1516 2564 Jemblaa.
1555 2509 1620 2563 Et
1651 2509 1884 2563 Achaab
1937 2512 1996 2562 et

335 2597 623 2668 Josaphat
654 2612 818 2667 reges
850 2597 1132 2651 sedebant
1162 2597 1220 2650 in
1254 2595 1418 2651 soliis
1449 2598 1571 2650 suis
1597 2596 1996 2667 armatijuxta

335 2689 535 2757 portas
566 2685 864 2753 Samaria,
898 2689 955 2739 et
987 2701 1190 2739 omnes
1222 2683 1308 2738 illi
1345 2685 1638 2755 prophetae
1684 2685 1994 2756 propheta-

338 2775 481 2828 bant
511 2789 710 2827 coram
743 2772 869 2841 eis;
907 2771 1040 2826 fecit
1070 2789 1305 2842 quoque
1354 2773 1464 2826 sibi
1515 2773 1786 2828 Sedecias
1839 2773 1995 2828 ﬁlius

338 2857 611 2915 Chanaan
639 2877 860 2914 cornua
883 2860 1086 2927 ferrea,
1111 2866 1168 2916 et
1189 2861 1498 2916 dixitszc
1524 2861 1665 2916 dicit
1692 2861 1993 2918 Dominus:

341 2949 442 3002 IIis
476 2948 755 3002 cornibus
803 2948 1116 3003 ventilabis
1165 2949 1412 3019 Syriam,
1448 2965 1750 3020 usquequo
1782 2967 1996 3004 consu-

336 3040 548 3090 metur.
582 3035 649 3088 Et
678 3050 883 3088 omnes
919 3035 1215 3106 prophetas
1272 3036 1702 3106 prophetabant
1731 3038 1798 3092 ad
1836 3037 1993 3091 hunc

2108 1823 2238 1870 τως,
2281 1802 2380 1856 οὐκ
2441 1800 2566 1874 ἐγώ.
2623 1806 2820 1857 ’Ἄκουε
2877 1799 3028 1875 ῥῆμα
3084 1800 3281 1876 Κυρίου
3314 1819 3327 1831 '
3384 1801 3505 1876 Οὐχ
3554 1801 3767 1863 οὕτως.

2105 1888 2264 1946 Εἶδον
2320 1891 2518 1964 Κύριον
2577 1890 2704 1944 Θεὸν
2761 1889 2982 1964 Ἰσραὴλ
3039 1891 3346 1962 καθήμενον
3416 1889 3502 1944 ἐπὶ
3557 1890 3767 1964 θρόνου

2105 1979 2290 2048 αὐτοῦ,
2337 1979 2426 2033 καὶ
2493 1983 2634 2033 πᾶσα
2685 1981 2719 2047 ἡ
2781 1978 3028 2052 ιττροιτιόι¹
3065 1983 3163 2032 τοῦ
3220 1978 3454 2053 οὐρανοῦ
3513 1979 3766 2050 εἱστήκει

2103 2068 2227 2143 περὶ
2285 2068 2444 2122 αὐτὸν
2505 2067 2563 2122 ἐκ
2594 2065 2781 2137 δεξιῶν
2810 2066 2973 2121 αὐτοῦ
3006 2067 3096 2121 καὶ
3128 2065 3176 2138 ἐξ
3211 2066 3503 2139 εὐωνύμων
3563 2067 3765 2126 αὐτοῦ.

2104 2157 2203 2211 Καὶ
2265 2156 2380 2210 εἶπε
2426 2156 2622 2229 Κύριος
2656 2174 2669 2188 ’
2704 2155 2803 2216 Τίς
2849 2154 3112 2224 ἀπατήσει
3144 2156 3232 2209 τὸν
3260 2151 3468 2231 Ἀχαάϐ
3521 2155 3764 2231 βασιλεα

2103 2245 2346 2319 Ἰσραὴλ,
2405 2246 2492 2298 καὶ
2542 2240 2888 2314 ἀναϐήσεται,
2946 2244 3034 2298 καὶ
3093 2249 3335 2298 πεσεῖται
3382 2243 3458 2306 εἷς
3505 2247 3763 2317 Ῥεμμιὶθ

2101 2330 2354 2401 Γαλαᾶδς
2387 2333 2480 2388 Καὶ
2528 2336 2672 2387 εἶπεν
2734 2334 2889 2394 οὗτος
2940 2331 3102 2400 οὕτω,
3133 2334 3222 2387 καὶ
3267 2334 3425 2396 οὗτος
3452 2333 3612 2388 οὕτω.
3654 2335 3764 2389 Καὶ

2105 2419 2297 2491 ἐξῆλθε
2326 2426 2559 2494 πνεῦμα,
2592 2423 2682 2476 καὶ
2711 2417 2837 2491 ἔστη
2870 2420 3098 2475 ἐνώπιον
3153 2421 3373 2497 Κυρίου,
3417 2421 3508 2476 καὶ
3557 2423 3710 2478 εἶπεν
3748 2442 3761 2453 ’

2105 2510 2248 2584 Ἐγὼ
2308 2511 2570 2580 ἀπατήσω
2621 2509 2798 2565 αὐτόν.
2834 2509 2929 2564 Καὶ
2965 2512 3081 2564 εἷπε
3127 2511 3264 2585 πρὸς
3319 2511 3452 2565 αὐτὸ
3509 2511 3717 2588 Κύριος
3750 2532 3767 2547 ο

2105 2600 2192 2654 Ἐν
2221 2598 2328 2652 τίνι
2351 2619 2364 2668 ;
2391 2598 2491 2654 Καὶ
2525 2600 2669 2652 εἶπεν
2705 2615 2719 2630 '
2746 2597 3130 2670 Ἐξελεύσομαι
3170 2599 3260 2652 καὶ
3307 2593 3505 2671 ἔσομαι
3545 2604 3774 2672 πνεῦμα

2104 2684 2293 2761 ψευδὲς
2324 2685 2376 2741 ἐν
2407 2687 2634 2760 στόματι
2667 2686 2883 2741 πάντων
2925 2690 3033 2741 τῶν
3085 2691 3380 2763 προφητῶν
3427 2688 3609 2744 αὐτοῦ.
3655 2690 3773 2744 Καὶ

2106 2779 2250 2831 εἶπεν
2278 2795 2289 2807 ·
2321 2777 2667 2846 Ἀπατήσεις,
2700 2776 2788 2831 καί
2820 2797 2881 2851 γε
2914 2773 3141 2851 δυνήσῃ,
3174 2772 3374 2846 ἔξελθε,
3404 2777 3496 2830 καὶ
3524 2777 3768 2848 ποίησον

2105 2863 2268 2920 οὕτω.
2306 2864 2400 2919 Καὶ
2429 2869 2518 2918 νῦν
2567 2863 2685 2944 ἰδου
2734 2862 2925 2921 ἔδωκε.
2957 2865 3159 2940 Κύριος
3200 2869 3411 2938 πνεῦμα
3450 2862 3645 2938 ψευδὶς
3711 2867 3775 2930 ἐν,

2104 2953 2332 3024 στόματι
2391 2955 2605 3008 πάντων
2649 2957 2756 3007 τῶν
2819 2957 3114 3030 προφητῶν
3193 2974 3289 3008 σου
3361 2952 3589 3011 τούτων.
3653 2955 3767 3011 Καὶ

2105 3041 2304 3117 Κύριος
2353 3039 2618 3110 ἐλάλησεν
2665 3041 2754 3096 ἐπὶ
2805 3043 2860 3095 σὲ
2907 3043 3066 3098 κακὰ.
3117 3042 3215 3096 Καὶ
3263 3041 3544 3116 προσῆλθε
3588 3040 3767 3097 Σεδε-

332 3123 597 3189 modum,
631 3123 930 3178 dicentes:
982 3125 1243 3178 Ascende
1275 3125 1333 3178 in
1367 3124 1722 3180 Rhemmath
1744 3125 1982 3195 Galaad,

2098 3130 2219 3191 χίας
2252 3130 2365 3190 υἱὸς
2398 3131 2632 3198 Χαναὰν,
2666 3130 2755 3184 καὶ
2789 3129 3012 3200 ἐπάταξε
3050 3131 3140 3184 τὸν
3201 3131 3442 3204 Μιχαίαν
3504 3129 3591 3184 ἐπὶ
3651 3135 3762 3200 τήν

331 3228 676 3283 prosperum
712 3211 868 3264 enim
897 3211 1008 3265 erit
1030 3212 1140 3266 iter
1169 3216 1359 3280 tuum,
1389 3219 1444 3267 et
1492 3213 1655 3266 dabit
1704 3213 1985 3267 Dominus

332 3300 391 3355 in
423 3317 634 3355 manus
663 3305 796 3354 tuas
827 3315 1018 3370 regem
1057 3299 1254 3371 Syriis.
1289 3301 1355 3354 Et
1386 3300 1630 3355 nuntius
1683 3301 1780 3372 qui
1842 3301 1987 3355 ierat

332 3390 403 3444 ad
434 3388 762 3442 vocandum
806 3386 1150 3458 prephetam
1185 3388 1506 3454 Michaeam,
1538 3388 1763 3443 locutus
1795 3395 1885 3444 est
1913 3390 1984 3444 ad

334 3493 466 3531 eum
491 3476 723 3530 dicens:
749 3479 888 3530 Ecce
919 3491 1121 3531 omnes
1152 3476 1447 3548 prophetae
1473 3493 1585 3532 uno
1609 3493 1707 3532 ore
1732 3477 1986 3548 loquun-

329 3569 428 3620 tur
452 3566 604 3620 bona
643 3581 837 3620 coram
873 3581 1025 3636 rege.
1058 3569 1192 3619 Esto
1226 3569 1283 3619 et
1315 3572 1374 3620 tu
1409 3583 1638 3637 quoque
1669 3568 1727 3620 in
1759 3583 1986 3621 sermo-

331 3655 508 3710 nibus
555 3654 673 3709 tuis
723 3654 1050 3708 secundum
1085 3670 1386 3710 sermones
1419 3655 1596 3709 unius
1627 3656 1897 3725 istorum,
1930 3661 1988 3712 et

329 3744 484 3798 bona
510 3741 817 3812 eloquitor.
852 3743 921 3797 Et
950 3743 1097 3797 dixit
1131 3742 1399 3798 Michaas:
1455 3744 1604 3800 Vivit
1654 3745 1984 3811 Dominus;

329 3831 469 3901 quia
512 3831 904 3901 quodcunque
953 3831 1163 3885 dixerit
1209 3831 1352 3885 mihi
1407 3831 1712 3902 Dominus,
1745 3833 1854 3887 hoc
1903 3833 1986 3888 lo-

329 3933 496 3985 quar.
542 3922 608 3970 Et
637 3917 796 3971 venit
827 3918 1101 3973 Michaeas
1129 3921 1198 3972 ad
1235 3935 1454 3988 regem,
1501 3926 1556 3976 et
1585 3920 1731 3975 dixit
1761 3921 1811 3976 ei
1845 3938 1940 3976 rex
1969 3939 1981 3977 :

331 4003 598 4067 Michma,
633 4004 682 4057 si
719 4005 1030 4060 ascendam
1065 4006 1123 4060 in
1159 4006 1509 4062 Rhemmath
1544 4009 1758 4064 Galaad
1783 4011 1852 4064 ad
1875 4009 1986 4064 bel-

325 4089 592 4160 landum,
609 4106 680 4142 an
707 4091 1036 4158 quiescam?
1052 4093 1120 4145 Et
1143 4095 1463 4163 respondit:
1481 4097 1765 4162 Ascende,
1782 4104 1836 4151 et
1853 4114 1984 4168 pro-

327 4192 495 4249 spere
529 4176 691 4230 dabit
721 4177 1009 4233 Dominus
1040 4196 1166 4233 eam
1200 4179 1256 4233 in
1293 4198 1502 4236 manus
1535 4184 1706 4253 regis.
1742 4185 1810 4238 Et
1839 4185 1985 4241 dixit

330 4265 381 4320 ei
414 4280 548 4319 rex:
600 4265 837 4329 Quoties
887 4281 992 4334 ego
1043 4267 1246 4335 adjuro
1293 4271 1369 4336 te,
1421 4275 1486 4323 ut
1535 4269 1794 4340 loquaris
1845 4274 1983 4328 mihi

330 4355 483 4424 quod
515 4369 716 4408 verum
748 4358 856 4416 est,
884 4353 1059 4424 idque
1087 4353 1146 4408 in
1179 4355 1414 4410 nomine
1444 4357 1723 4412 Domini?
1751 4361 1820 4414 Et
1843 4361 1989 4416 dixit

2095 3219 2332 3292 σιαγόνα,
2366 3219 2457 3273 καὶ
2489 3222 2608 3273 εἷπε
2641 3239 2654 3252 ⁸
2691 3221 2855 3275 Ποῖον
2884 3223 3096 3292 πνεῦμα
3139 3220 3201 3274 τὸ
3237 3218 3480 3288 λαλῆσαν
3528 3218 3580 3273 ἐν
3623 3221 3718 3275 σοί
3746 3241 3760 3290 ;

2097 3309 2197 3363 Καὶ
2231 3309 2347 3361 εἷπε
2378 3307 2614 3382 Μιχαίας
2647 3325 2659 3339 ⁶
2692 3305 2828 3362 Ἰδοὺ
2861 3307 2922 3361 σὺ
2957 3305 3076 3380 ὄψει
3108 3307 3158 3362 ἐν
3208 3312 3276 3382 τῇ
3325 3310 3505 3381 ἡμέρᾳ
3553 3307 3759 3383 ἐκείνῃ,

2095 3394 2219 3449 ὅταν
2267 3394 2518 3469 εἰσέλθῃς
2570 3395 2644 3456 είς
2694 3397 2755 3450 τὸ
2812 3401 3037 3468 ταμεῖον
3084 3399 3179 3450 τοῦ
3224 3395 3450 3466 ταμείου
3497 3417 3595 3450 σου
3652 3402 3762 3452 τοῦ

2091 3478 2377 3558 κρυϐῆναι.
2416 3485 2512 3539 Καὶ
2561 3486 2705 3538 εἶπεν
2761 3479 2970 3559 Ἀχαάϐ
3004 3503 3016 3515 ·
3050 3478 3194 3538 Λάϐε
3231 3484 3319 3537 τὸν
3353 3483 3618 3557 Μιχαίαν,
3657 3487 3753 3538 καὶ

2094 3571 2465 3646 ἀποστρέψατε
2495 3571 2654 3626 αὐτὸν
2685 3573 2822 3646 πρὸς
2853 3573 3039 3645 Ἀμὼν
3069 3573 3159 3627 τὸν
3207 3570 3448 3646 ἄρχοντα
3493 3575 3596 3636 τῆς
3646 3573 3757 3626 πό-

2095 3656 2256 3728 λεως,
2285 3663 2381 3712 τοῦ
2422 3659 2604 3722 θέσθαι
2649 3663 2842 3713 τοῦτον
2893 3657 2945 3713 ὲν
2994 3657 3233 3736 φυλακῇ,
3266 3658 3354 3712 καὶ
3404 3657 3597 3712 ἐσθίειν
3653 3661 3759 3714 αύ-

2091 3749 2183 3802 τὸν
2218 3746 2379 3822 ἄρτον
2415 3745 2676 3819 θλίψεως,
2704 3749 2794 3803 καὶ
2840 3746 2984 3820 ὕδωρ
3035 3747 3292 3821 θλίψεως,
3322 3745 3429 3809 ἕως
3477 3751 3578 3801 τοῦ
3629 3747 3760 3802 ἐπι-

2095 3836 2317 3912 στρέψαι
2352 3857 2417 3908 με
2450 3837 2501 3890 ἐν
2533 3837 2749 3911 εἷ’ρήνῃ.
2785 3839 2885 3894 Καὶ
2919 3838 3032 3892 εἶπε
3064 3836 3311 3912 Μιχαίας
3350 3841 3429 3907 τῷ
3483 3835 3707 3909 βασιλεῖ
3741 3856 3756 3869 ·

2096 3926 2220 3981 Ἐὰν
2266 3924 2598 4002 ἐπιστρέφων
2647 3925 2974 4000 ἑπιστρὲψῃς
3017 3925 3067 3979 ἐν
3121 3924 3325 3998 εῗρήνῃ,
3361 3924 3461 3978 οὐκ
3510 3923 3757 3994 ἑλάλησε

2097 4012 2291 4086 Κύριος
2338 4012 2388 4066 ἐν
2429 4011 2574 4084 ἆμοί.
2607 4013 2704 4068 Καὶ
2745 4009 3011 4083 ἀνέϐησαν
3043 4015 3093 4067 οἱ
3125 4012 3219 4067 δύο
3257 4012 3502 4088 βασιλεῖς
3536 4009 3755 4086 ’Λχαὰῦ

2093 4100 2181 4154 καὶ
2218 4101 2482 4174 Ἰωσαφὰτ
2533 4100 2609 4162 εἷς
2665 4102 2906 4174 Ῥεμμὰθ
2960 4099 3196 4157 Γαλαὰδ.
3252 4100 3350 4154 Καὶ
3409 4102 3527 4154 εἷπε
3591 4101 3756 4174 βασι.

2097 4186 2223 4251 λεὺς
2253 4187 2474 4263 Ἰσραήλ
2524 4189 2658 4264 πρὸς
2693 4189 2958 4267 Ἰωσαφὰτ
3007 4187 3232 4264 βασιλέα
3278 4185 3459 4244 Ἰούδα
3490 4207 3503 4219 ⁸
3541 4190 3762 4262 Συγκεί-

2097 4275 2266 4348 λυψόν
2319 4298 2405 4349 με,
2450 4277 2539 4331 καὶ
2589 4277 2965 4350 εἰσελεύσομαι
3017 4276 3092 4338 εἲς
3137 4277 3227 4331 τὸν
3261 4275 3526 4347 πόλεμον,
3560 4277 3654 4329 καὶ
3689 4277 3758 4330 σὺ

2097 4361 2310 4418 ἔνδυσαι
2354 4365 2445 4419 τὸν
2499 4366 2794 4436 ἱματισμόν
2848 4387 2973 4438 μου.
3008 4365 3105 4419 Καὶ
3139 4361 3544 4436 συνεκαλύψατο
3586 4364 3613 4416 ὁ
3655 4364 3758 4437 βα-

329 4441 636 4497 Micbaaas:
679 4441 802 4496 Non
833 4441 934 4497 sic.
968 4441 1099 4496 Vidi
1133 4449 1409 4497 cunctum
1443 4445 1619 4499 Israel
1650 4447 1982 4519 dispersum

2098 4450 2277 4513 σιλεὺς
2338 4451 2580 4527 Ἰσραὴλ,
2641 4453 2731 4508 καὶ
2786 4453 3033 4523 εἷ’σῆλθεν
3087 4452 3163 4515 εἷς
3201 4453 3290 4506 τὸν
3345 4450 3616 4522 πόλεμον.
3649 4453 3755 4506 Καὶ

328 4528 388 4584 in
425 4530 722 4585 montibus
752 4531 919 4600 quasi
955 4531 1150 4584 ovium
1183 4547 1440 4604 gregem,
1472 4533 1562 4586 cui
1598 4551 1712 4589 non
1754 4540 1842 4591 est
1891 4555 1986 4608 pa-

331 4622 472 4674 stor.
505 4619 568 4672 Et
600 4617 746 4672 dixit
775 4618 1101 4674 Dominus:
1137 4619 1287 4674 Num
1322 4619 1608 4676 Dominus
1648 4622 1740 4678 his
1791 4631 1877 4680 est
1908 4627 1985 4690 in

327 4705 511 4760 Deum
531 4707 558 4760 ‘I
589 4707 930 4761 Revertatur
957 4707 1362 4779 unusquisque
1382 4709 1442 4763 in
1465 4711 1706 4766 domum
1731 4729 1899 4770 suam
1925 4715 1985 4770 in

330 4809 491 4864 pace.
511 4793 578 4847 Et
599 4793 745 4848 dixit
768 4794 998 4849 Achaab
1024 4796 1094 4850 ad
1118 4796 1432 4866 Josaphat:
1470 4802 1672 4854 Nonne
1704 4802 1821 4856 dixi
1854 4805 1982 4870 tibi,

332 4880 468 4951 quia
487 4898 600 4936 non
621 4882 933 4952 prophetat
956 4883 1098 4937 mihi
1125 4885 1234 4938 iste
1258 4885 1428 4950 bona,
1449 4888 1546 4941 sed
1574 4889 1768 4958 potius
1789 4892 1986 4947 mala?

330 4971 399 5023 Et
445 4969 660 5038 adjecit
709 4971 1019 5026 Michaeas:
1054 4972 1176 5026 Non
1213 4973 1318 5038 sic,
1343 4991 1457 5030 non
1490 4992 1615 5046 ego.
1651 4979 1801 5033 278
1833 4981 1983 5035 Audi

332 5056 570 5110 verbum
606 5057 876 5113 Domini:
924 5059 1048 5113 Non
1101 5061 1205 5114 sic.
1250 5062 1379 5115 Vidi
1433 5063 1744 5119 Dominum
1799 5067 1981 5124 Deum

332 5143 507 5198 Israel
533 5145 826 5199 sedentem
852 5163 1031 5216 super
1051 5147 1264 5201 solium
1289 5166 1462 5203 suum
1486 5168 1499 5208 :
1534 5157 1590 5205 et
1618 5154 1812 5208 omnis
1837 5155 1984 5211 mili-

331 5229 413 5283 tia
441 5230 568 5284 coeli
601 5235 845 5286 steterat
888 5233 948 5286 in
999 5234 1247 5288 circuitu
1284 5235 1486 5306 ipsius,
1521 5255 1554 5292 a
1583 5241 1801 5296 dextris
1850 5250 1906 5297 et
1951 5263 1984 5299 a

333 5316 609 5372 sinistris.
642 5319 712 5372 Et
735 5318 880 5372 dixit
907 5321 1220 5377 Dominus:
1268 5324 1408 5388 Quis
1453 5326 1701 5398 decipiet
1747 5331 1980 5388 Achaab

404 5525 484 5598 (h)
512 5530 645 5599 Cap.
679 5544 756 5584 ιι.
834 5527 902 5598 (ἰ)
931 5531 1068 5600 Cap.
1101 5547 1214 5587 xvx.

2097 4539 2125 4592 ὁ
2161 4539 2415 4614 βασιλεὺς
2448 4542 2645 4616 Συρίας
2674 4541 2978 4597 ἐνετείλατο
3008 4547 3123 4603 τοῖς
3159 4540 3388 4616 ἄρχουσι
3417 4543 3524 4593 τῶν
3577 4539 3758 4612 ἁρμά-

2094 4649 2201 4682 των
2235 4631 2403 4683 αὐτοῢ
2431 4631 2724 4704 τριάκοντα
2755 4632 2844 4686 καὶ
2877 4629 2996 4696 δύο,
3030 4630 3202 4703 λέγων
3240 4649 3252 4661 ’
3298 4630 3386 4697 Μὴ
3447 4627 3756 4699 πολεμεῖτε

2100 4719 2292 4792 μικρὸν
2325 4719 2414 4772 καὶ
2452 4721 2639 4794 μεγαν,
2674 4720 2798 4776 ἀλλ’
2826 4720 2861 4789 ἢ
2891 4722 2981 4774 τὸν
3037 4717 3264 4795 βασιλέα
3293 4714 3510 4792 Ἰσραὴλ
3568 4718 3753 4788 μονώ-

2092 4827 2275 4861 τατον.
2310 4808 2409 4860 Καὶ
2440 4806 2647 4879 ἐγένετο
2680 4808 2755 4863 ὠς
2790 4805 2933 4863 εἶδον
2979 4809 3030 4862 οἱ
3084 4806 3346 4881 ἄρχοντες
3399 4808 3506 4859 τῶν
3568 4805 3753 4876 ἁρμά-

2093 4915 2200 4948 των
2236 4895 2497 4969 Ἰωσαφάτ
2534 4895 2760 4970 βασιλία
2786 4894 2984 4966 Ἰούδα,
3014 4893 3104 4948 καὶ
3161 4894 3314 4948 αὐτοὶ
3372 4895 3522 4947 εἷπον
3555 4911 3568 4923 ·
3607 4893 3751 4946 Φαί-

2093 5003 2234 5037 νεται
2289 4983 2543 5058 βασιλεὺς
2596 4982 2817 5058 Ἰσραήλ
2869 4985 3046 5052 οὗτος,
3077 4983 3166 5037 καὶ
3217 4979 3526 5037 ἐκύκλωσαν
3583 4979 3747 5034 αὐτὸν

2094 5071 2429 5144 πολεμῆσαι,
2503 5070 2592 5126 καί
2663 5072 2941 5148 ἀνέκραξεν
3013 5070 3300 5147 Ἰωσαφάτ.
3367 5067 3463 5122 Καὶ
3541 5066 3751 5140 ἐγένετο

2096 5157 2169 5219 ὠς
2230 5157 2371 5213 εἶδον
2422 5161 2475 5214 oi
2525 5162 2787 5235 ἄρχοντες
2843 5164 2948 5214 τῶν
3009 5157 3286 5232 ἁρμάτων,
3337 5158 3417 5211 δτι
3480 5154 3581 5209 οὐκ
3634 5151 3754 5209 ἔστι

2099 5246 2352 5320 βασιλεὺς
2411 5250 2634 5326 Ἰσραὴλ
2691 5252 2869 5317 οὗτος,
2907 5251 2996 5304 καὶ
3050 5250 3384 5321 ἀπέστρεψαν
3438 5246 3527 5300 ἀπ’
3560 5245 3754 5300 αὐτοῦ.

2096 5334 2201 5387 Καὶ
2260 5333 2511 5394 ἐνέτεινεν
2573 5342 2650 5402 εἷς
2707 5339 2768 5394 τὸ
2819 5339 2972 5409 τόξον
3030 5337 3329 5411 εὐστόχως,
3380 5335 3469 5389 καὶ
3525 5333 3758 5405 ἐπάταξε
