4004 6200
251 259 354 314 489

1070 258 1534 312 PACHYMERE
1573 259 2082 313 PARAPHRASIS
2122 260 2190 311 IN
2232 260 2382 311 EPP.
2424 261 2483 315 S.
2525 260 2861 315 DIONYSII.

3562 263 3667 321 490

241 386 334 439 τὸν
397 380 629 458 βασιλέα
688 380 910 457 Ἰσραήλ
962 381 1061 436 ἀνα
1094 382 1257 454 μέσον
1305 385 1402 436 τοῦ
1455 380 1758 454 πνεύμονος
1808 381 1898 435 καὶ

2025 399 2208 456 regem
2240 383 2440 451 Israel,
2476 388 2540 439 ut
2581 386 2864 441 ascendat
2891 389 2950 441 et
2997 386 3169 442 cadat
3197 387 3258 443 in
3306 388 3666 448 Rhemmath

243 473 344 528 ἀνὰ
376 473 539 545 μέσον
570 474 666 525 τοῦ
715 468 984 545 Θώρακος,
1035 471 1124 524 καὶ
1173 471 1290 526 εἶπε
1339 476 1419 542 τῷ
1463 469 1680 544 ἡνιόχῳ
1712 469 1895 525 αὐτοῦ·

243 560 603 634 Ἐπίστρεψον
656 560 751 621 τὰς
801 560 997 636 χεῖράς
1044 580 1160 627 σου,
1189 558 1278 614 καὶ
1329 558 1548 635 έξάγαγέ
1591 579 1658 632 με
1700 557 1759 612 ἐκ
1803 562 1900 614 τοῦ

241 649 519 724 πολέμου,
551 650 634 704 ὅτι
679 648 976 723 τέτρωμαι.
1029 649 1129 709 Καὶ
1181 647 1469 722 ἐτροπὼθη
1503 649 1531 704 6
1562 646 1808 722 πόλεμος
1845 648 1896 703 έν

240 745 308 815 τῇ
368 739 554 816 ἡμέρᾳ
613 738 805 812 ἐκείνῃ.
857 738 959 794 Καὶ
1010 739 1037 792 6
1090 737 1344 814 βασιλεὺς
1396 737 1462 807 ἦν
1520 737 1760 807 έστηκὼς
1809 737 1894 792 ἐπὶ

237 833 336 886 τοῖ)⁹
369 829 612 904 ἅρματος
642 826 693 897 ἐξ
724 826 968 890 ἐναντίας
1017 826 1213 899 Συρίας
1273 827 1380 881 ἀπὸ
1418 827 1566 900 πρωῒ
1611 823 1716 888 ἓως
1743 825 1895 880 ἐσπέ-

242 939 360 996 ρας,
413 918 501 972 καὶ
557 916 790 991 ἆπέχυνε
835 915 899 970 τὸ
950 916 1084 988 αἷμα
1133 916 1237 969 ἀπὸ
1283 922 1385 985 τῆς
1428 913 1648 989 πληγῆς
1699 914 1775 978 εἲς
1802 915 1893 969 τὸν

241 1005 457 1062 κόλπον
503 1009 599 1060 τοῦ
643 1005 909 1078 ἅρματος,
953 1003 1044 1059 καὶ
1097 1003 1351 1059 ἀπέθανεν
1404 1002 1651 1076 έσπέρας.
1713 1004 1810 1060 Καὶ
1867 1003 1895 1057 ὁ

241 1093 615 1168 πρατοκῆρυξ
661 1087 787 1162 ἔστη
856 1091 908 1147 ἐν
958 1091 1027 1166 τῇ
1084 1087 1438 1167 παρεμϐολῇ,
1495 1089 1748 1154 δύνοντος
1798 1097 1896 1147 τοῦ

239 1182 638 1257 ἡλίου,λέγων·
662 1183 925 1244 Ἕκαστος
953 1179 1031 1242 είς
1051 1181 1150 1250 τήν
1181 1181 1372 1235 ἑαυτοῦ
1404 1179 1564 1235 πόλιν
1585 1180 1674 1235 καὶ
1697 1180 1772 1243 εἰς
1794 1182 1891 1250 τήν

238 1272 435 1326 ἑαυτοῦ
483 1274 588 1346 γῆν
640 1270 953 1347 στραφήτω,
988 1267 1072 1324 ὅτι
1117 1270 1371 1339 τέθνηκεν
1419 1270 1447 1323 6
1492 1268 1763 1344 βασιλεύς.
1797 1268 1895 1323 Καὶ

239 1359 444 1435 ἔθαψαν
473 1359 566 1415 τὸν
601 1357 827 1435 βασιλέα
857 1356 908 1412 ἐν
939 1359 1240 1433 Σαμαρείᾳ,
1269 1357 1359 1413 καὶ
1395 1357 1657 1432 ἆπένιψαν
1676 1359 1737 1413 τὸ
1760 1357 1896 1431 αἷμα

238 1449 326 1505 ἐπὶ
357 1451 460 1519 τὴν
492 1451 702 1524 κρήνην
737 1448 1075 1523 Σαμαρείας·
1095 1447 1184 1502 καὶ
1231 1446 1494 1518 ἐξέλειξαν
1527 1448 1582 1502 αἱ
1605 1447 1690 1510 ὕες
1721 1448 1807 1502 καὶ
1843 1448 1893 1502 οἱ

237 1539 395 1600 κύνες
424 1541 488 1593 τὸ
533 1539 687 1611 αἷμα·
720 1537 811 1591 καὶ
844 1536 897 1590 αἱ
929 1535 1122 1611 πόρναι
1156 1533 1450 1592 ἐλούσαντο
1489 1533 1541 1590 έν
1574 1539 1654 1608 τῷ
1683 1534 1894 1610 αἵματι,

237 1629 375 1684 κατᾶ
404 1628 468 1682 16
499 1625 651 1703 ῥῆμα
698 1626 924 1700 Κυρίου,
956 1625 986 1679 ’ὁ
1038 1622 1298 1696 ἐλάλησε.
1351 1624 1446 1680 Καὶ
1486 1630 1655 1680 ταῦτα
1705 1625 1798 1698 μὲν
1829 1624 1897 1680 τὰ

236 1724 338 1787 τῆς
379 1715 597 1785 ἀπάτης
640 1719 737 1770 τοῦ
785 1708 1018 1789 Ἀχαάϐ.
1055 1713 1368 1787 Σημείωσαι
1417 1711 1475 1769 δὲ
1515 1714 1604 1768 καὶ
1647 1715 1895 1789 περὶτοῦ

238 1809 522 1879 ’ᾼσματος
569 1808 674 1860 τῶν
726 1802 1001 1878 ᾀσμάτων.
1034 1803 1245 1866 οὗτινος
1299 1802 1450 1879 λέγει
1479 1804 1576 1866 τας
1621 1803 1900 1877 έταιρικὰς

237 1893 638 1964 πολυπαθείας,
695 1893 791 1955 τὰς
847 1891 1244 1968 προαγωγείας,
1303 1891 1369 1946 τὰ
1425 1891 1748 1969 φιλήματα,
1808 1892 1900 1946 καὶ

236 1985 305 2039 τὰ
335 1982 536 2044 λοιπὰ,
569 1979 638 2036 δι’
669 1979 702 2035 ἆ
732 1978 798 2050 δὴ
824 1982 914 2035 καὶ
943 1981 970 2036 6
1006 1979 1379 2055 Μοψουεστίας
1410 1977 1692 2057 Θεόδωρος
1737 1981 1901 2058 ἀφρό-

236 2094 344 2135 νως
397 2072 462 2128 τὸ
517 2065 734 2145 βιϐλίον
785 2064 1062 2125 διέϐαλλε·
1112 2068 1203 2124 καὶ
1250 2069 1348 2125 ὅσα
1397 2068 1542 2125 ἄλλα
1582 2071 1901 2142 συνθήματα

238 2161 407 2218 οἱονεὶ
439 2154 693 2234 σύμϐολα
715 2157 1144 2232 πεπληθυσμένα
1161 2163 1271 2213 τῶν
1293 2163 1506 2230 νοητῶν
1539 2158 1628 2214 καὶ
1661 2158 1901 2231 ένιαίων,

251 2252 340 2306 καὶ
393 2248 626 2324 μεριστᾶ
668 2253 776 2303 τῶν
819 2247 1143 2324 ἀμερίστων.
1187 2249 1260 2302 Τὰ
1307 2244 1364 2302 δὲ
1397 2243 1651 2320 σύμϐολα
1681 2256 1900 2316 πεπλη-

254 2341 495 2412 θυσμένα
553 2337 685 2413 φησὶ
735 2339 872 2413 πρὸς
926 2337 988 2392 τὸ
1047 2333 1248 2406 ἀληθὲς
1300 2335 1470 2391 έκεῖνο
1532 2336 1622 2391 καὶ
1679 2336 1900 2392 ἐνιαῖον·

253 2430 430 2484 έκεῖνο
460 2428 564 2503 γὰρ
611 2424 664 2482 εἶ’
704 2448 754 2481 τι
804 2424 863 2481 ἂν
912 2425 1001 2480 καὶ
1031 2427 1090 2497 ᾖ,
1118 2424 1315 2480 ένιαῐόν
1368 2425 1499 2482 ἐστι.
1533 2425 1614 2482 Τὰ
1661 2422 1718 2480 δὲ
1766 2425 1902 2498 σύμ-

251 2512 396 2572 ϐολα
427 2519 494 2570 τὰ
542 2513 816 2586 δηλοῦντα
863 2515 1034 2570 ἐκεῖνο
1084 2513 1474 2586 πληθύνονται’
1510 2515 1622 2586 ἅμα
1672 2514 1790 2585 μὶν,
1823 2513 1906 2567 ὅτι

252 2605 323 2661 δι’
356 2604 540 2661 ἄλλου
571 2604 660 2660 καὶ
711 2602 886 2659 ἄλλου
937 2601 1166 2673 δηλοῦσι
1209 2603 1272 2658 τὸ
1323 2601 1542 2673 ἀληθές·
1578 2603 1690 2675 ἅμα
1734 2599 1792 2656 δὲ
1818 2600 1905 2656 καὶ

252 2695 338 2750 δτι
370 2693 568 2771 πόῤῥω
596 2697 693 2748 τοῦ
723 2691 952 2764 ἓνιαίου,
975 2693 1074 2746 ὅσα
1098 2689 1257 2754 ἅντις
1279 2693 1367 2746 καὶ
1404 2689 1568 2758 εἶ’ποι,
1602 2691 1750 2765 λέγει
1773 2692 1906 2764 (19).

253 2784 359 2840 Καὶ
424 2784 562 2856 πρὸς
602 2779 790 2837 πολλά
838 2781 932 2854 μὲν
984 2782 1051 2834 τὰ
1107 2780 1454 2858 μορφώματα
1499 2779 1588 2835 καὶ
1647 2779 1698 2833 οἱ
1751 2777 1906 2854 λόγοι

257 2871 600 2949 μερίζονται,
655 2867 726 2925 δι’
771 2870 801 2924 ὃ
855 2867 912 2924 δὲ
957 2872 1125 2924 ταῦτα
1170 2867 1262 2923 καὶ
1319 2867 1640 2944 πράττονται
1686 2866 1776 2922 καὶ
1819 2864 1909 2921 λέ-

251 2982 469 3039 γονται,
529 2957 729 3014 ἒνιαῖόν
784 2958 894 3014 ἔστι
953 2957 1043 3012 καὶ
1100 2956 1391 3032 ἀμέριστον
1596 2975 1609 2988 ⁸
1675 2956 1750 3029 μὴ
1806 2955 1908 3030 γὰρ

259 3045 748 3122 ὑπολαμϐάνωμεν
798 3046 866 3102 τὰ
922 3045 1218 3123 φαινόμενα
1271 3050 1442 3101 ταῦτα
1489 3049 1597 3100 τῶν
1629 3043 1910 3118 συνθημά-

1929 1761 1977 1826 Β

2010 471 2225 529 Galaad
2253 473 2279 527 ?
2298 475 2367 529 Et
2390 491 2544 529 unus
2567 472 2786 546 aliquis
2821 475 2967 530 dixit
2993 491 3005 528 :
3030 473 3124 530 Sic
3145 478 3202 532 et
3229 476 3349 546 sic;
3383 482 3439 534 et
3469 479 3617 536 alter
3653 497 3668 536 :

2008 561 2102 616 Sic
2133 567 2186 618 et
2215 561 2322 617 sic.
2357 563 2427 617 Et
2456 577 2733 634 egressus
2763 569 2854 618 est
2883 563 3154 635 spiritus,
3184 571 3242 621 et
3281 567 3444 622 stetit
3473 584 3670 626 coram

2008 650 2277 717 Domino,
2309 656 2366 706 et
2415 652 2498 706 ait
2532 669 2546 706 :
2580 656 2696 724 Ego
2752 652 3042 724 decipiam
3099 669 3255 710 eum.
3312 655 3578 726 Dixitque
3606 658 3663 714 ei

2008 739 2290 796 Dominus
2324 757 2337 795 :
2375 741 2440 795 In
2472 757 2586 811 quo
2609 741 2636 796 ‘I
2668 741 2739 796 Et
2769 741 3074 813 respondit
3105 760 3118 798 :
3152 742 3453 814 Egrediar,
3485 750 3543 800 et
3572 761 3670 802 ero

2007 828 2254 899 spiritus
2287 829 2534 884 mendax
2567 829 2624 884 in
2659 845 2757 886 ore
2789 832 3054 886 omnium
3076 831 3495 903 prophetarum
3517 833 3667 903 ejus.

2007 917 2076 971 Et
2121 917 2267 972 dixit
2317 918 2603 974 Dominus
2639 933 2652 974 :
2687 918 2976 990 Decipies,
3009 923 3068 975 et
3116 925 3269 976 certe
3300 921 3666 993 praevalebis.

2005 1006 2311 1076 Egredere,
2345 1009 2402 1063 et
2449 1007 2539 1062 fac
2571 1007 2673 1062 ita.
2708 1007 2774 1062 Et
2823 1024 2981 1064 nunc
3012 1024 3145 1065 ecce
3194 1009 3357 1066 dedit
3386 1010 3672 1068 Dominus

2004 1095 2280 1167 spiritum
2303 1095 2594 1151 mendacii
2616 1096 2674 1151 in
2695 1111 2788 1152 ore
2813 1097 3079 1152 omnium
3107 1099 3529 1170 prophetarum
3547 1104 3674 1156 tuo-

2004 1201 2136 1239 rum
2170 1185 2556 1241 istorum.Sed
2591 1189 2649 1240 et
2680 1185 2966 1242 Dominus
2996 1185 3233 1242 locutus
3264 1193 3359 1243 est
3388 1193 3597 1246 contra
3616 1192 3675 1245 te

2006 1272 2180 1328 mala.
2209 1273 2475 1330 Accessit
2526 1279 2724 1329 autem
2759 1275 3036 1331 Sedecias
3089 1275 3251 1332 ﬁlius
3280 1278 3586 1343 Chanaan,
3617 1280 3675 1333 et

2004 1364 2292 1434 percussit
2319 1362 2618 1418 Michaaam
2643 1363 2700 1418 in
2729 1362 3054 1430 maxillam,
3081 1368 3139 1420 et
3167 1365 3315 1420 dixit
3340 1383 3352 1421 :
3376 1366 3518 1431 Quis
3549 1366 3673 1437 spi-

2006 1451 2154 1507 ritus
2185 1450 2295 1507 hoc
2327 1452 2559 1508 locutus
2588 1456 2678 1508 est
2707 1452 2766 1507 in
2805 1457 2860 1508 te
2885 1452 2913 1507 ‘I
2945 1457 3001 1509 et
3032 1454 3340 1525 respondit
3357 1454 3669 1510 Michaeas:

2006 1542 2150 1596 Ecce
2183 1545 2242 1596 tu
2292 1541 2518 1597 videbis
2551 1541 2610 1596 in
2643 1541 2736 1596 die
2786 1540 2907 1612 illa,
2941 1543 3180 1612 quando
3227 1542 3581 1615 ingredieris
3611 1544 3670 1600 in

2007 1629 2523 1684 abstrusissimum
2557 1628 2701 1684 illud
2736 1633 2904 1684 tuum
2941 1629 3306 1699 cubiculum,
3332 1635 3394 1687 et
3423 1631 3670 1688 abscon-

2009 1717 2187 1774 daris.
2220 1716 2288 1772 Et
2319 1717 2467 1772 dixit
2514 1717 2713 1773 Achab
2749 1734 2762 1772 :
2797 1717 3009 1778 Tollite
3055 1718 3356 1776 Michaeam
3402 1719 3582 1788 hunc,
3614 1724 3672 1776 et

2012 1807 2286 1864 abducite
2318 1822 2452 1862 eum
2485 1807 2556 1862 ad
2588 1808 2775 1862 Amon
2809 1807 3135 1880 principem
3166 1808 3421 1866 civitatis
3447 1827 3462 1880 ;
3486 1815 3550 1866 ut
3571 1827 3670 1883 po-

2013 1902 2113 1951 nat
2142 1896 2300 1951 hunc
2323 1895 2379 1950 in
2406 1901 2720 1962 carcere,et
2739 1900 3027 1953 sustentet
3046 1914 3182 1953 eum
3207 1914 3357 1969 pane
3377 1899 3667 1970 angustiae

2012 1989 2069 2041 et
2099 2003 2252 2058 aqua
2302 1984 2725 2052 tribulationis,
2776 1986 2960 2042 donec
3007 1991 3268 2043 revertar
3298 1989 3358 2042 in
3404 2004 3566 2060 pace.
3600 1989 3672 2044 Et

2012 2073 2453 2130 dixitMicheas
2491 2075 2611 2146 regi
2638 2092 2650 2130 :
2675 2075 2735 2130 Si
2762 2078 3054 2131 revertens
3077 2078 3382 2132 reverteris
3415 2077 3473 2132 in
3505 2094 3667 2149 pace,

2012 2179 2126 2219 non
2152 2166 2241 2219 est
2263 2163 2320 2218 in
2345 2179 2436 2218 me
2462 2161 2692 2219 locutus
2719 2164 3021 2220 Dominus.
3039 2164 3109 2219 Et
3130 2164 3525 2220 ascenderunt
3554 2165 3670 2222 duo

2014 2269 2180 2323 reges
2215 2251 2414 2306 Achab
2448 2260 2503 2308 el
2530 2251 2818 2324 Josapbat
2845 2251 2904 2306 in
2937 2251 3291 2307 Rhemmath
3322 2251 3539 2308 Galaad
3567 2271 3580 2320 ;
3614 2258 3672 2309 et

2014 2341 2160 2396 dixit
2191 2357 2292 2395 rex
2337 2339 2514 2395 Israel
2567 2340 2636 2394 ad
2685 2339 2974 2412 Josaphat
3021 2356 3217 2411 regem
3261 2340 3418 2396 Juda
3450 2358 3464 2395 :
3496 2341 3674 2397 Sume

2019 2429 2158 2484 mihi
2195 2445 2379 2496 arma,
2411 2437 2469 2483 et
2499 2429 2797 2500 ingrediar
2840 2427 3086 2498 bellum,
3118 2433 3176 2483 et
3205 2432 3267 2483 tu
3301 2429 3545 2485 induere
3575 2446 3672 2484 ve-

2019 2519 2157 2575 stitu
2205 2533 2354 2574 meo.
2388 2518 2458 2573 Et
2490 2517 2670 2573 armis
2701 2517 2947 2573 indutus
2997 2521 3086 2573 est
3116 2534 3217 2573 rex
3260 2517 3462 2587 Israel,
3494 2522 3551 2574 et
3582 2518 3672 2574 in-

2018 2624 2258 2680 gressus
2289 2611 2380 2662 est
2411 2605 2647 2662 bellum.
2680 2607 2749 2661 Et
2779 2623 2877 2662 rex
2909 2605 3085 2678 Syriae
3134 2607 3412 2678 praecepit
3449 2607 3674 2680 princi-

2020 2697 2192 2768 pibus
2226 2713 2506 2751 curruum
2540 2711 2782 2750 suorum
2816 2695 3047 2751 duobus
3069 2699 3126 2750 et
3154 2695 3396 2767 triginta
3421 2695 3623 2752 dicens
3657 2713 3671 2750 :

2017 2785 2098 2840 Ne
2130 2786 2405 2858 pugnetis
2436 2789 2640 2840 contra
2655 2801 2899 2856 parvum
2932 2788 2989 2840 et
3017 2783 3441 2856 magnum,nisi
3473 2789 3677 2841 contra

2022 2891 2216 2947 regem
2249 2872 2428 2930 Israel
2459 2872 2674 2928 solum.
2694 2873 2935 2928 Factum
2966 2878 3077 2940 est,
3106 2878 3172 2928 ut
3202 2872 3477 2930 viderunt
3510 2873 3675 2946 prin-

2021 2963 2181 3034 cipes
2211 2979 2490 3018 curruum
2520 2961 2808 3033 Josapbat
2833 2978 3029 3034 regem
3059 2962 3091 3018 J
3101 2963 3237 3032 uda,
3279 2967 3336 3018 et
3366 2962 3480 3034 ipsi
3514 2962 3675 3018 dixe-

2022 3055 2160 3108 runt
2194 3069 2207 3107 :
2238 3054 2498 3122 Apparet
2529 3051 2684 3122 quod
2715 3050 2806 3106 hic
2837 3051 2916 3106 sit
2945 3067 3044 3106 rex
3079 3050 3356 3106 Israel.Et
3386 3051 3447 3106 in
3477 3052 3679 3107 orbem

255 3161 366 3196 των
397 3137 567 3193 οἱονεὶ
610 3142 719 3192 τῶν
765 3130 1117 3209 συμϐολικῶς
1163 3133 1462 3210 γινομένων
1509 3133 1910 3190 ἀναπεπλάσθαι

2027 3114 2730 3204 circumdederunt-eum,
2766 3143 2830 3194 ut
2860 3143 3194 3212 pugnarent
3217 3157 3232 3208 ;
3253 3143 3310 3196 et
3338 3138 3681 3196 exclamavit

261 3230 399 3304 ὑπὲρ
460 3229 665 3283 ἑαυτῶν
702 3268 716 3295 ,
774 3227 1045 3282 τουτέστιν
1107 3225 1238 3300 ὑπὲρ
1295 3229 1393 3280 τοῦ
1450 3220 1616 3286 ὅντως
1674 3224 1912 3278 νοεῖσθαι

260 3318 399 3374 αὐτὰ
429 3321 567 3390 (21),
613 3318 686 3380 ὡς
729 3317 790 3371 τὸ
840 3317 1162 3394 φαινόμενον
1221 3313 1361 3390 ἔχει,
1418 3314 1508 3369 καὶ
1562 3314 1625 3368 τὸ
1683 3312 1916 3388 γράμμα

259 3406 448 3482 ψιλῶς
509 3405 865 3482 ὑπαγορεύει,
922 3403 1068 3460 ἀλλᾶ
1141 3401 1548 3480 προϐάλλονται
1604 3407 1769 3458 ταῦτα
1825 3402 1914 3456 καὶ

261 3496 655 3574 προφαίνονται
714 3501 814 3564 τῆς
867 3492 1184 3571 ἀπορρήτου
1213 3499 1332 3555 τοῖς
1377 3490 1616 3554 πολλοῖς
1646 3492 1736 3546 καὶ
1768 3492 1913 3553 θείας

262 3585 610 3658 ἐπιστήμης.
667 3582 1133 3660 Περικαλύμματα
1178 3584 1281 3658 γάρ
1330 3581 1431 3636 εἶσι
1479 3581 1568 3636 καὶ
1616 3580 1776 3635 τύποι
1807 3584 1914 3634 τῶν

269 3676 582 3751 βαθυτέρων
632 3673 874 3744 νοήσεών
916 3693 973 3726 τε
1028 3671 1119 3726 καὶ
1154 3670 1502 3745 ὑπολήψεωψ
1561 3669 1758 3731 ταύτας
1814 3667 1913 3742 γὰρ

266 3764 609 3834 ἐπιστήμην,
641 3762 770 3840 φησὶ
821 3758 1128 3831 δηλοῦντος
1175 3764 1270 3814 τοῦ
1321 3759 1510 3836 λόγου,
1544 3759 1617 3821 ὡς
1661 3754 1770 3812 ἔστι
1805 3759 1917 3831 (22)

261 3874 349 3915 τις
399 3849 611 3906 τούτων
672 3847 984 3926 ὑψηλοτέρα
1026 3847 1327 3920 ἐπιστήμη,
1360 3849 1421 3918 ἣν
1464 3848 1492 3902 6
1537 3850 1914 3919 πνευματικῶς

265 3944 488 4015 θεωρῶν
541 3938 630 3992 καὶ
672 3937 740 3993 τὰ
786 3937 1123 4011 πνευματικᾶ
1181 3935 1480 4011 συγκρίνων
1540 3938 1920 4008 πνευματικῶς

266 4029 574 4094 ἐπίσταται,
621 4026 681 4081 ού
733 4025 925 4100 λόγοις
975 4023 1398 4094 ἀποδεικτικοῖς,
1431 4023 1576 4080 ἀλλὰ
1626 4043 1919 4097 πνευματι-

266 4123 410 4180 κοῖς.
445 4117 944 4194 Ἱερογραφήθησαν
977 4113 1035 4170 δὲ
1063 4114 1206 4170 οὕτω
1235 4112 1324 4169 διὰ
1353 4113 1481 4176 τοὺς
1512 4113 1754 4184 ἀναξίους
1785 4114 1920 4185 (23),

264 4204 361 4260 ’ἱνα
414 4205 492 4278 μή
546 4203 988 4281 εὐκαταφρόνητα
1036 4201 1252 4274 δοκοίη.
1289 4202 1383 4257 Καὶ
1428 4200 1521 4256 ’ίνα
1559 4201 1785 4263 ἐκείνοις
1821 4200 1923 4274 μό-

270 4315 385 4355 νοις
418 4291 904 4348 ἁνακαλύπτωνται
954 4297 1068 4353 τοῖς
1096 4291 1351 4359 τελείοις,
1380 4290 1469 4345 καὶ
1500 4295 1670 4344 πᾶσαν
1704 4292 1919 4365 ἀπρεπῆ

274 4382 570 4461 φαντασίαν
629 4379 718 4436 ἐπὶ
773 4379 980 4436 τούτων
1043 4378 1570 4453 ἀποσκευαζομένοις
1627 4383 1780 4452 (24),
1833 4379 1920 4434 καὶ

2021 3229 2307 3300 Josaphat
2339 3246 2352 3284 :
2388 3229 2624 3284 Factum
2657 3231 2766 3284 est.
2800 3228 2873 3284 Ut
2900 3229 3180 3284 viderunt
3211 3228 3511 3300 principes
3542 3245 3679 3284 cur-

2023 3334 2178 3383 rum,
2210 3318 2350 3388 quia
2395 3334 2507 3372 non
2539 3320 2696 3372 esset
2727 3316 2822 3371 hic
2865 3333 2963 3372 rex
2993 3315 3196 3383 Israel,
3229 3319 3287 3372 et
3318 3317 3680 3372 diverterunt

2025 3409 2096 3462 ab
2128 3422 2215 3462 eo.
2251 3406 2318 3460 Et
2346 3405 2600 3460 intendit
2633 3421 2784 3461 unus
2823 3404 3040 3477 aliquis
3071 3421 3273 3461 arcum
3303 3410 3460 3462 certa
3492 3405 3679 3462 desti-

2025 3495 2263 3549 natione
2295 3492 2638 3560 collineans,
2673 3497 2732 3549 et
2763 3493 3054 3565 percussit
3083 3509 3277 3566 regem
3320 3494 3495 3551 Israel
3527 3494 3678 3550 inter

2028 3583 2288 3637 medium
2321 3580 2620 3653 pulmonis
2650 3585 2706 3637 et
2736 3580 3074 3654 pectoris,et
3097 3581 3246 3637 dixit
3275 3582 3490 3654 aurigae
3519 3599 3626 3638 suo
3660 3599 3674 3638 :

2023 3675 2303 3728 Converte
2351 3686 2562 3725 manus
2606 3674 2762 3738 tuas,
2793 3674 2851 3724 et
2879 3669 3027 3724 educ
3076 3685 3169 3726 me
3212 3670 3283 3725 de
3330 3668 3506 3738 bello,
3537 3670 3678 3741 quia

2025 3759 2364 3814 vulneratus
2413 3775 2568 3812 sum.
2598 3760 2668 3812 Et
2693 3774 3040 3813 conversum
3089 3763 3178 3813 est
3223 3756 3443 3812 bellum
3488 3758 3547 3812 in
3581 3759 3676 3813 die

2026 3849 2146 3904 illa.
2170 3849 2240 3902 Et
2267 3863 2364 3903 rex
2387 3846 2580 3904 stabat
2600 3847 2656 3900 in
2681 3863 2854 3902 curru
2884 3846 3162 3902 adversus
3182 3845 3404 3918 Syriam
3440 3863 3473 3902 a
3502 3861 3675 3902 mane

2029 3953 2216 4007 usque
2246 3937 2317 3992 ad
2367 3952 2688 4006 vesperam.
2727 3935 2793 3990 Et
2843 3936 3252 3991 effundebatur
3301 3935 3612 4008 sanguinis
3645 3951 3679 3990 a

2029 4026 2202 4098 plaga
2230 4025 2290 4081 in
2322 4025 2520 4080 sinum
2553 4042 2785 4089 currus,
2817 4032 2874 4079 et
2905 4028 3171 4080 mortuus
3203 4030 3290 4079 est
3321 4041 3580 4096 vespere.
3613 4023 3682 4079 Et

2033 4131 2218 4187 praeco
2243 4113 2514 4169 militaris
2531 4115 2694 4169 stetit
2713 4113 2772 4168 in
2798 4113 3304 4182 castris,solejam
3327 4114 3383 4167 in
3409 4129 3684 4170 occasum

2033 4204 2376 4271 inclinante,
2409 4203 2610 4258 dicens
2635 4218 2648 4255 :
2671 4201 3094 4273 Unusquisque
3124 4201 3276 4257 279
3309 4202 3368 4256 in
3403 4219 3570 4258 suam
3605 4202 3684 4257 ci-

2034 4293 2268 4348 vitatem
2293 4296 2350 4348 et
2372 4292 2424 4345 in
2453 4307 2620 4346 suam
2642 4296 2859 4346 terram
2885 4293 3225 4357 revertatur,
3259 4290 3396 4361 quia
3419 4294 3687 4345 mortuus

2036 4388 2126 4438 est
2156 4398 2277 4436 rex.
2304 4381 2368 4436 Et
2400 4379 2756 4452 sepelierunt
2786 4396 2982 4452 regem
3015 4379 3071 4434 in
3105 4380 3454 4444 Samaria,et
3483 4377 3687 4434 ablue-

275 4469 522 4533 δυνατῶς
552 4466 740 4544 ἔχουσι
771 4463 1065 4524 διαϐαίνειν
1099 4470 1237 4544 πρὸς
1282 4470 1381 4538 τήν
1435 4466 1713 4539 ἀλήθειαν,
1747 4467 1798 4524 έν
1847 4472 1910 4541 τῆ

2038 4475 2174 4526 runt
2207 4470 2552 4540 sanguinem
2583 4470 2653 4524 ad
2688 4469 2906 4524 fontem
2939 4468 3236 4534 Samaria,
3271 4471 3329 4523 et
3359 4466 3690 4530 elinxerunt

275 4561 654 4632 παραθεωρεῖν
730 4558 825 4631 μὶν
880 4557 942 4612 τὸ
1006 4562 1113 4612 τῶν
1175 4552 1471 4628 συμϐόλων
1527 4555 1805 4624 ποικίλον,
1863 4557 1926 4610 τὸ

276 4649 480 4703 ἐνιαῖον
521 4644 580 4702 δὶ
631 4640 1092 4719 καταλαμϐάνειν,
1141 4644 1240 4701 οὐκ
1269 4644 1322 4700 ἐν
1355 4644 1388 4699 ἀ
1423 4642 1659 4715 ποδείξει
1689 4645 1778 4699 καὶ
1811 4641 1926 4698 δια-

275 4739 516 4807 νοητικῇ
575 4733 875 4809 ἐπιστήμῃ,
924 4731 1050 4789 ἀλλ’
1123 4731 1174 4788 ἐν
1239 4731 1439 4795 ἁπλαῖς
1496 4729 1781 4794 ἐπιϐολαῖς
1837 4736 1932 4786 τοῦ

277 4824 408 4885 νοός
465 4827 600 4893 (25).
635 4821 862 4885 ’Ἄλλως
915 4843 974 4878 τε
1031 4822 1119 4877 καὶ
1165 4820 1363 4892 διπλῆ,
1415 4821 1603 4898 φησὶν,
1662 4821 1773 4876 ἐστὶ
1829 4825 1935 4875 τῶν

281 4913 564 4988 θεολόγων
595 4915 630 4981 ἡ
662 4909 984 4985 παράδοσις·
1011 4913 1046 4981 ἡ
1084 4911 1179 4984 μὲν
1210 4909 1301 4965 διὰ
1330 4905 1645 4984 συμϐόλων,
1746 4907 1803 4964 δὲ
1849 4906 1937 4964 διὰ

284 5010 386 5071 τῆς
435 5001 668 5076 θεωρίας
721 5003 822 5065 τῆς
871 5000 1096 5063 κτίσεως
1124 5046 1139 5071 ,
1191 4999 1242 5054 έν
1281 5004 1360 5072 τῷ
1406 5001 1782 5054 κατανοεῖσθαι
1832 4999 1936 5054 ἀπὸ

277 5090 490 5158 ταύτης
520 5089 613 5145 τὸν
658 5087 1059 5165 τελεσιουργόν.
1093 5089 1275 5145 Εἰπὼν
1327 5087 1384 5143 δὲ
1410 5091 1510 5159 τὴν
1564 5089 1655 5162 μὲν
1689 5088 1938 5165 ἀπόρρη-

277 5201 383 5235 τον
440 5188 531 5232 και
603 5179 892 5251 μυστικὴν,
942 5176 1301 5254 ἐπεξηγεῖται,
1354 5176 1537 5233 καλῶν
1595 5173 1936 5251 συμϐολικὴν

280 5267 486 5340 αὐτὴν,
534 5268 624 5322 ἅτε
673 5263 760 5322 διὰ
806 5261 1103 5340 συμϐόλων
1143 5265 1718 5343 χρησμοδοτηθεῖσαν.
1769 5267 1943 5324 Ἀλλὰ

281 5357 382 5414 καὶ
422 5355 768 5429 τελεστικὴν,
818 5359 893 5420 ὡς
937 5356 1032 5419 τὰς
1081 5355 1303 5418 τελετὰς
1352 5360 1459 5410 τῶν
1514 5355 1826 5431 μυστηρίων
1889 5355 1940 5412 ἐν

370 5555 450 5625 (Is)
483 5557 502 5611 Ι
533 5553 666 5611 Cor.
697 5571 752 5621 ν,
781 5555 837 5610 7.

584 5686 827 5745 Ρλτηοι.
897 5685 1007 5746 Gn.
1055 5683 1158 5748 IV.

2039 4577 2174 4616 sues
2207 4564 2265 4615 et
2293 4575 2468 4614 canes
2501 4559 2654 4613 hunc
2687 4556 3059 4630 sanguinem.
3093 4555 3201 4612 Sed
3244 4560 3301 4610 et
3351 4559 3689 4609 meretrices

2041 4649 2252 4704 ablutaa
2284 4653 2426 4703 sunt
2473 4647 2759 4718 sanguine
2789 4646 2888 4701 illo
2930 4646 3102 4717 juxta
3145 4643 3387 4699 verbum
3435 4642 3690 4708 Domini,

2042 4739 2198 4809 quod
2221 4737 2454 4792 locutus
2477 4741 2568 4791 est
2589 4735 2764 4806 (k).Et
2787 4736 2903 4790 haec
2925 4733 3162 4805 quidem
3188 4733 3345 4787 dicta
3367 4731 3487 4788 sint
3517 4730 3696 4803 expli-

1993 4849 1998 4852 ·
2044 4827 2240 4882 candaa
2272 4825 2461 4897 gratia
2505 4823 2866 4895 deceptionis
2916 4821 3134 4878 Achab.
3180 4820 3326 4876 Nota
3368 4820 3611 4891 insuper
3641 4823 3699 4875 et

2045 4917 2116 4970 de
2141 4914 2376 4970 Cantico
2400 4911 2962 4981 canticorum,cujus
2984 4909 3220 4981 quidem
3247 4909 3564 4964 amatorias
3595 4923 3700 4963 nec

2049 5020 2267 5075 paucas
2314 5001 2668 5066 affectiones,
2702 4999 2836 5054 illas
2884 4997 3166 5052 nimirum
3213 4996 3699 5067 lenocinationes,

2048 5090 2560 5160 suaviationesque
2591 5087 3010 5152 osculorum,et
3029 5085 3253 5157 reliqua
3277 5086 3332 5140 id
3356 5101 3541 5158 genus
3572 5100 3703 5156 quae

2050 5179 2420 5236 Theodorum
2454 5180 2842 5249 cognomento
2891 5174 3317 5246 Mopsuestium
3354 5174 3703 5240 invitarunt,

2051 5275 2118 5324 ut
2147 5270 2342 5340 ipsum
2374 5267 2738 5322 canticorum
2772 5280 2920 5336 opus
2940 5263 3252 5320 calumniis
3285 5264 3704 5336 proscinderet.

2054 5357 2167 5415 Sed
2201 5360 2260 5412 et
2289 5371 2654 5427 quaecunque
2705 5352 2818 5410 alia
2850 5353 3019 5426 signa
3049 5353 3109 5409 in
3159 5353 3344 5410 sacris
3373 5357 3712 5421 occurrunt,

3374 5690 3447 5746 I6
