4004 6200
299 274 395 327 491

1113 272 1480 327 ΑΡΡΕΝΒΙΧ
1523 275 1616 324 ΑΙ)
1654 273 1892 324 OPERA
1930 273 1988 324 S.
2032 271 2345 324 DIONYSII
2386 271 2885 328 AREOPAGITE.

3609 274 3720 328 492

300 405 362 455 ut
393 404 534 456 sunt
554 397 1305 472 symbolaintelligibilibus
1326 396 1765 467 individuisque
1782 396 1954 450 rebus

2080 389 2372 466 τυμϐόλοις
2419 390 2818 468 παραδιδοῦσαν
2869 391 2958 448 διὰ
3008 401 3107 464 τῆς
3157 396 3437 472 ἱερατικῆς
3480 395 3726 473 παραδό-

304 490 689 562 praegnantia.
725 505 924 560 quasve
955 504 1087 544 cum
1122 487 1340 558 partito
1391 485 1754 551 dividantur,
1788 485 1958 555 signa

307 577 525 650 alioqui
557 595 752 634 rerum
783 583 924 634 sunt
954 575 1504 648 impartibilium.Et
1533 574 1654 629 haec
1685 592 1825 630 sane
1853 591 1960 628 vo-

308 672 400 723 cat
430 661 682 739 σύμϐολα
702 663 1150 738 πεπληθυσμὲνα,
1169 664 1341 737 signa
1362 663 1642 719 nimirum
1665 663 1722 718 in
1752 680 1928 718 nume
1943 694 1957 702 -

307 773 501 813 rosam
536 756 978 812 multitudinem
1005 755 1397 810 excrescentia
1425 754 1545 809 sive
1575 752 1963 824 multiplicata

307 847 378 901 ad
412 845 556 899 illud
589 847 744 916 quod
778 861 978 900 verum
1011 849 1101 898 est
1130 849 1186 897 et
1215 840 1517 912 singulare
1546 841 1782 897 collata.
1816 841 1962 894 Nam

303 933 452 988 illud
492 934 540 989 si
585 934 725 1005 quid
787 932 984 998 fuerit,
1016 933 1222 1005 utique
1271 930 1570 1003 singulare
1620 935 1727 986 est.
1787 930 1964 985 Porro

307 1024 478 1094 signa
504 1023 668 1078 illius
697 1022 1020 1093 singularis
1037 1025 1094 1075 et
1125 1020 1444 1075 individua
1463 1020 1544 1074 rei
1578 1018 1966 1091 signiﬁcativa

306 1111 691 1168 innumerosa
738 1111 1139 1167 extenduntur
1187 1107 1615 1164 multitudine:
1661 1113 1787 1162 tum
1834 1107 1966 1178 qui-

307 1201 460 1269 dem,
492 1201 644 1270 quod
677 1217 781 1272 per
810 1199 968 1254 aliud
999 1204 1058 1254 et
1107 1198 1264 1253 aliud
1299 1197 1600 1252 declarant
1645 1196 1965 1268 genuinam

305 1289 498 1360 ipsam
520 1288 822 1344 veritatem
851 1305 864 1342 :
891 1293 1017 1344 tum
1046 1303 1178 1342 vero
1203 1285 1340 1358 quia
1364 1285 1596 1358 longius
1621 1284 1814 1340 abillo
1840 1285 1963 1339 sin-

307 1377 498 1448 gulari
533 1382 672 1434 sunt
701 1393 1065 1449 quaecunque
1096 1375 1312 1448 aliquis
1345 1374 1616 1447 symbols.
1649 1375 1879 1441 dixerit,
1913 1378 1970 1429 et

306 1483 411 1538 pro
445 1466 828 1522 multitudine
861 1467 1182 1522 formarum
1214 1466 1367 1536 (quae
1397 1465 1512 1520 Deo
1544 1462 1969 1533 attribuuntur)

307 1572 605 1611 sermones
637 1556 816 1612 etiam
835 1555 948 1627 ipsi
979 1555 1324 1610 dividuntur
1355 1557 1434 1625 (et
1456 1552 1967 1625 multiplicantur);

308 1643 454 1697 illud
477 1659 611 1702 vero
637 1648 872 1716 pr0pter
893 1646 1046 1716 quod
1072 1643 1193 1698 haec
1219 1648 1276 1698 et
1297 1643 1447 1697 fiunt
1468 1646 1524 1698 et
1547 1642 1824 1696 dicuntur
1855 1640 1974 1696 sin-

311 1733 518 1805 gulare
541 1739 630 1788 est
652 1739 708 1788 et
730 1733 1129 1788 individuum.
1160 1732 1274 1787 Nec
1292 1731 1448 1786 enim
1473 1731 1829 1786 arbitremur
1854 1729 1974 1784 haec

315 1822 486 1893 signa
519 1821 819 1892 proposita
852 1837 1048 1877 rerum
1082 1819 1402 1892 symbolice
1433 1819 1838 1876 exsistentium
1871 1835 1974 1890 pro

311 1927 375 1966 se
405 1909 553 1981 ipsis
586 1910 720 1965 ﬁcta
750 1910 1026 1973 esse,hoc
1059 1915 1146 1965 est
1177 1913 1240 1963 ut
1271 1910 1354 1964 sic
1384 1909 1514 1980 ipsa
1544 1907 1972 1980 concipiuntur,

310 2000 812 2070 quemadmodum
865 2000 1106 2070 signum
1165 1999 1532 2070 propositum
1588 1998 1867 2063 continet,
1920 2001 1978 2052 et

311 2088 471 2144 nuda
502 2087 696 2142 littera
727 2087 1013 2157 insinuat,
1049 2088 1149 2142 sed
1186 2085 1979 2158 praemittuntur,prielucent

316 2177 615 2248 sapientiai
665 2176 842 2246 vulgo
890 2176 1178 2233 indicibili
1211 2182 1270 2232 et
1316 2176 1546 2232 divinas.
1596 2176 1864 2231 Tectoria
1894 2176 1975 2230 si-

321 2265 560 2336 quidem
592 2272 727 2321 sunt
751 2267 1014 2336 quaedam
1047 2269 1104 2320 et
1135 2267 1310 2320 rudes
1335 2266 1402 2320 ad
1416 2265 1816 2320 umbrationes
1847 2281 1977 2319 sen-

321 2371 497 2410 suum
515 2355 688 2426 longe
701 2354 1135 2426 profundiorem
1150 2370 1602 2424 arcanarumque
1615 2355 1976 2425 opinionum.

332 2443 445 2498 Has
476 2443 632 2497 enim
665 2444 972 2498 scientiam
1004 2443 1145 2498 dicit
1171 2458 1442 2497 sermone
1472 2441 1800 2497 declarante
1822 2443 1976 2513 quod

330 2533 512 2587 altera
531 2533 879 2602 requirenda
891 2531 1112 2587 sitistis
1126 2533 1331 2603 figuris
1345 2531 1784 2586 scientiamulto
1803 2530 1980 2585 subli-

329 2620 644 2692 mior,qam
657 2621 930 2692 quisquis
945 2621 1332 2693 spiritualiter
1346 2625 1572 2676 contem
1584 2620 1979 2692 platur,spiri-

328 2709 514 2764 tualia
528 2726 877 2780 comparans
891 2709 1424 2780 spiritualibuszbic
1441 2708 1785 2779 planeillam
1800 2714 1977 2780 tenet,

329 2799 694 2853 orationibu
727 2799 965 2869 quidem
997 2815 1115 2854 non
1147 2797 1647 2863 demonstrativis,
1673 2798 1773 2852 sed
1805 2798 1980 2869 spiri-

323 2886 597 2942 tualihus.
609 2888 784 2943 Porro
797 2887 917 2942 haec
931 2887 1100 2958 signa
1116 2886 1470 2957 oportuit,ad
1488 2901 1622 2940 eum
1638 2887 1875 2941 modum
1891 2903 1981 2941 sa-

323 2975 440 3030 cris
455 2977 778 3031 inumbrari
793 2977 1036 3049 typismt
1052 2977 1120 3032 ab
1134 2979 1219 3032 eis
1232 2977 1712 3031 submoverentur
1729 2976 1975 3048 indigni,

326 3080 469 3119 neve
481 3067 1490 3137 contemptuiexponerenturzutque
1516 3065 1634 3119 illis
1656 3065 1799 3120 solis
1822 3081 1978 3121 reve-

2072 505 2225 546 σεως.
2275 483 2491 553 Ταύτην
2542 481 2598 537 δὲ
2641 485 2738 552 τήν
2789 482 3128 560 ἀπόρῥητον,
3175 483 3298 555 ¹ἤτοι
3351 481 3730 559 συμϐολικῆν,

2071 572 2259 648 φησὶν,
2310 567 2455 647 ἔχειν
2511 571 2993 646 συμπεπλεγμένον
3043 578 3122 645 τῷ
3168 573 3335 648 ῥητῷ,
3369 577 3622 631 τουτέστι
3650 582 3733 649 τῷ

2075 660 2304 736 ῥηθῆναι
2359 659 2807 735 ἐπιτετραμμὲνῳ
2854 666 2934 734 τῷ
2985 657 3274 736 συμϐόλῳ,
3305 665 3394 719 xui
3441 665 3503 719 τὸ
3553 664 3734 740 ἅῤῥη-

2072 769 2188 815 τον,
2246 747 2372 817 ἤτοι
2421 749 2702 822 μυστικόν·
2760 751 3130 806 συνεσκίασται
3190 751 3294 827 γὰρ
3352 752 3406 807 ἐν
3463 759 3544 825 τῷ
3589 776 3736 826 συμ-

2075 831 2230 909 ϐόλῳ
2279 839 2341 892 τὸ
2392 836 2617 908 ἀληθὲς,
2649 838 2740 892 καὶ
2790 836 3186 911 ἁδημοσίευτόν
3235 839 3399 911 ἐστιν,
3433 843 3510 904 ὼς
3564 842 3619 897 ἐν
3655 847 3738 914 τῷ

2073 930 2287 998 νομικῷ
2332 927 2393 981 τὸ
2438 925 2640 996 ἀληθὲς
2686 927 2893 1002 πάσχα,
2926 929 3107 1001 ὥσπερ
3159 927 3391 1004 εἴρηται’
3423 931 3499 984 Τὸ
3539 933 3740 1007 πάσχα

2075 1017 2234 1087 ἡμῶν
2296 1016 2426 1088 ὑπὲρ
2489 1018 2650 1087 ἡμῶν
2711 1015 2870 1086 ἐτύθη
2930 1017 3188 1092 Χριστός.
3243 1019 3320 1075 Τὸ
3362 1016 3420 1072 δὲ
3474 1017 3741 1095 δεύτερον

2079 1103 2242 1178 μὲῥος
2298 1110 2398 1172 τῆς
2462 1102 2749 1179 θεολογίας
2801 1104 3034 1183 ἐμφανές
3086 1105 3197 1161 ἐστι
3251 1108 3338 1162 καὶ
3399 1109 3693 1184 γνώριμον
3726 1155 3741 1167 .

2073 1192 2282 1261 Ταύτην
2336 1192 2434 1260 τὴν
2496 1192 2778 1268 θεολογίαν
2833 1193 3134 1273 φιλόσοφον
3196 1196 3286 1250 καὶ
3335 1194 3744 1267 ἀποδεικτικῆν

2078 1280 2243 1348 εἶπεν,
2279 1281 2352 1342 ὡς
2405 1278 2492 1334 διὰ
2537 1285 2636 1347 τῆς
2683 1284 3067 1353 κατανοήσεως
3115 1287 3221 1338 τῶν
3274 1286 3613 1358 κτισμάτων,
3651 1287 3748 1341 καὶ

2074 1391 2236 1424 τινων
2270 1369 2429 1433 θείων
2480 1369 2835 1443 οἰκονομιῶν,
2867 1371 2958 1426 καὶ
2997 1379 3097 1442 τῆς
3136 1381 3476 1447 θεωρητικῆς
3528 1373 3751 1451 ἐξηγή-

2079 1479 2211 1520 σεως
2256 1462 2360 1512 τῶν
2407 1459 2530 1535 περὶ
2583 1463 2715 1514 Θεοῦ
2767 1459 3078 1534 λεγομὲνων
3125 1460 3176 1516 ἐν
3227 1467 3344 1525 ταῖς
3393 1462 3559 1524 θείαις
3609 1470 3754 1537 Γρα-

2079 1553 2203 1624 φαῖς
2259 1546 2649 1620 συνισταμένην
2686 1592 2699 1605 .
2764 1549 2862 1603 Καὶ
2917 1549 3052 1620 αὕτη
3113 1550 3209 1623 μὲν
3267 1553 3301 1619 ἡ
3364 1550 3756 1630 ἐμφανεστὲρα

2080 1631 2195 1710 ἔχει
2234 1637 2355 1692 τινὰ
2405 1637 2576 1701 πειθὼ
2623 1637 2712 1692 καὶ
2762 1635 3152 1712 συνδεδεμένην
3186 1638 3448 1711 ἀλήθειαν
3476 1647 3596 1702 τοῖς
3659 1641 3754 1697 λε-

2078 1726 2329 1800 γομένοις
2365 1747 2376 1760 ·
2439 1726 2574 1782 κατὰ
2621 1731 2782 1782 τοῦτο
2848 1728 2950 1802 γάρ
3009 1728 3120 1783 ἐστι
3178 1727 3269 1784 καὶ
3328 1727 3701 1798 ἀποδεικτική
3738 1779 3756 1804 ,

2056 1814 2339 1878 ’πείθουσα
2385 1815 2474 1870 καὶ
2536 1813 2937 1890 καταδουμὲνη,
2985 1818 3074 1872 καὶ
3124 1818 3290 1872 οἱονεί
3350 1816 3551 1892 δεσμόν
3615 1841 3749 1875 τινα

2082 1905 2171 1959 καὶ
2225 1902 2455 1979 σφαγῖδα
2509 1911 2626 1968 τοῖς
2683 1903 3001 1980 λεγομένοις
3063 1905 3362 1972 ἰπιτιθεῖσα
3427 1929 3526 1979 την
3587 1907 3747 1980 ἀλή-

2083 1996 2227 2048 θειαν
2278 1997 2410 2067 (26)°
2456 1994 2544 2048 xui
2596 1991 2819 2049 διδοῦσα
2870 1995 2933 2050 τὸ
2989 1998 3177 2050 πιστὸν
3226 2002 3345 2058 τοῖς
3401 1998 3747 2069 ἀκούουσιν,

2088 2077 2534 2154 ὑποϐαλλομένη,
2571 2083 2651 2136 ὅτι
2681 2084 2747 2137 τὰ
2789 2083 2996 2157 μεγάλα
3025 2085 3115 2138 καὶ
3163 2084 3414 2160 μεγάλως
3448 2086 3750 2163 ὀφείλουσι

2085 2176 2343 2242 νοεῖσθαι,
2398 2170 2487 2224 καὶ
2535 2171 2924 2246 προσηκόντως
2979 2176 3046 2246 τῇ
3107 2178 3256 2248 σφῶν
3320 2173 3745 2248 μεγαλειότητι,

2085 2260 2172 2314 καὶ
2207 2260 2313 2335 οὐχ
2345 2260 2534 2322 ἁπλῶς
2579 2258 2847 2335 χυδαίως,
2879 2261 2966 2316 καὶ
3002 2263 3076 2325 ὡς
3126 2263 3176 2316 οἱ
3208 2262 3410 2318 πολλοί
3448 2265 3750 2336 μανθάνειν

2092 2348 2401 2422 βούλονται·
2461 2349 2542 2412 τίς
2585 2350 2710 2425 γὰρ,
2771 2347 2900 2404 ἰδὼν
2957 2350 3119 2420 ἥλιον
3178 2350 3486 2424 λάμποντα,
3549 2351 3752 2410 ἔπειτα

2087 2437 2318 2499 ἀκούσας
2357 2438 2446 2492 τὸν
2503 2439 2674 2493 αἶ’τιον
2726 2440 2892 2494 αὐτοῦ
2921 2441 3007 2494 καὶ
3043 2444 3394 2515 παραγωγέα,
3439 2441 3501 2496 οὐ
3536 2464 3733 2519 φωτει-

2087 2528 2175 2581 νὸν
2213 2528 2305 2599 μὲν
2338 2529 2657 2597 κατανοήσει
2710 2526 2931 2597 ἐκεῖνον,
2965 2529 3052 2583 xui
3107 2529 3238 2605 ὑπὲρ
3268 2529 3330 2584 τὸ
3375 2535 3631 2586 τοιοῦτον
3676 2531 3748 2600 δὴ
3798 2543 3802 2545 ’

2087 2617 2250 2670 πάλιν
2298 2621 2413 2692 φῶς
2463 2613 2587 2671 ὅντα
2634 2618 2769 2672 κατά
2798 2617 2942 2672 πολύ
2977 2637 2991 2687 ;
3025 2617 3070 2672 εί
3099 2618 3198 2693 γὰρ
3238 2620 3302 2686 ῆν
3329 2624 3607 2688 τοιοῦτος,
3641 2621 3754 2677 οὐκ

2087 2704 2146 2760 ἂν
2176 2705 2427 2759 τοιούτου
2474 2707 2713 2774 ποιητὴς
2760 2703 2817 2759 ἂν
2873 2707 2960 2774 ἦν.
2995 2706 3084 2760 Τίς
3117 2704 3174 2761 δὲ
3215 2706 3404 2777 πάλιν,
3439 2712 3615 2777 ζῶντα
3649 2711 3744 2764 καί

2088 2793 2408 2868 ἐνεργοῦντα
2451 2793 2539 2847 καὶ
2605 2793 2898 2867 κινούμενα
2953 2793 3083 2849 ἰδὼν
3119 2842 3132 2864 ,
3191 2796 3293 2850 οὐκ
3347 2795 3745 2873 ἀναλογίζεται

2086 2882 2174 2935 τὸν
2204 2882 2441 2952 ποιητὴν
2489 2880 2665 2936 αὐτῶν
2712 2882 2802 2936 καὶ
2836 2887 3010 2951 ζῶντα
3066 2884 3198 2959 ὑπὲρ
3245 2888 3411 2938 ταῦτα
3450 2883 3542 2938 καί
3573 2887 3750 2964 ἀσυγ-

2086 2971 2308 3043 κρίτως,
2339 2971 2428 3024 καὶ
2458 2970 2777 3044 κινούμενον
2814 2973 2942 3047 ὑπὲρ
2991 2973 3190 3035 ταύτας
3237 2971 3302 3042 δὴ
3338 2974 3431 3036 τὰς
3463 2976 3745 3045 κινήσεις,

2089 3057 2347 3130 δηλονότι
2381 3063 2447 3132 τῇ
2483 3061 2674 3114 ἑαυτοῦ
2706 3061 2904 3135 θεωρίᾳ
2933 3061 3069 3116 κατᾶ
3087 3061 3178 3116 τὸν
3206 3060 3381 3116 πολὺν
3407 3063 3476 3117 τὰ
3505 3069 3623 3127 θεῖα
3647 3064 3748 3118 καὶ

324 3153 1126 3224 lenturperfectis,etomnem
1143 3155 1467 3208 indecorem
1482 3153 1759 3224 superbis
1773 3154 1786 3207 i
1799 3154 1969 3226 magi-

2092 3151 2253 3222 μέγαν
2286 3149 2606 3224 Γρηγόριον,
2639 3150 2728 3204 καὶ
2779 3150 3097 3226 ἐνεργοῦντα
3125 3151 3449 3226 κρειττόνως
3478 3151 3530 3212 ἐς
3575 3153 3749 3227 ὑπερ-

325 3241 624 3297 nationem
655 3241 1140 3312 rejicientibus,et
1156 3243 1228 3297 ad
1248 3241 1438 3313 ipsam
1458 3258 1648 3312 usque
1666 3243 1979 3313 pervadere

323 3330 627 3387 veritatem
657 3330 1008 3398 valentibus,
1040 3331 1133 3386 vix
1173 3331 1414 3402 quidem
1447 3329 1648 3385 leviter
1677 3329 1978 3398 signorum

326 3419 690 3487 varietatem,
744 3420 1030 3474 unitatem
1065 3419 1220 3476 280
1264 3435 1394 3474 vero
1446 3434 1557 3473 non
1608 3420 1979 3473 demonstra-

324 3508 483 3564 tione
511 3524 614 3563 nec
636 3508 1099 3576 ratiocinatione,
1119 3509 1216 3564 sed
1244 3507 1497 3579 simplici
1525 3507 1741 3564 mentis
1773 3523 1978 3580 appre-

326 3596 607 3653 hensione
624 3597 1450 3670 comprehendendo.Proinde
1471 3597 1684 3668 duplex
1704 3601 1794 3652 est
1821 3596 1980 3652 theo-

323 3687 588 3758 logorum
618 3688 853 3742 traditio
888 3704 900 3741 :
936 3687 1054 3742 haec
1086 3687 1324 3758 quidem
1363 3704 1464 3759 per
1494 3686 1682 3758 signa,
1716 3685 1816 3740 illa
1843 3701 1978 3742 vero

319 3781 619 3832 exercetur
684 3794 787 3848 per
847 3783 1127 3831 creatura:
1195 3775 1771 3846 contemplationem,
1831 3776 1974 3830 dum

317 3865 582 3921 videlicet
634 3883 668 3920 a
716 3870 993 3921 creaturae
1040 3866 1442 3937 speculatione
1487 3865 1822 3921 sublimiter
1879 3881 1976 3920 ra-

319 3952 477 4022 pitur
509 3969 674 4009 mens
705 3955 776 4008 ad
825 3955 1385 4025 contemplationem
1420 3955 1666 4024 opificis.
1713 3955 1972 4010 Priorem

319 4039 520 4094 dicens
569 4057 842 4096 arcanam
874 4048 931 4097 et
981 4043 1310 4115 mysticam,
1362 4043 1601 4098 interim
1633 4044 1774 4098 dum
1808 4046 1976 4098 vocat

317 4142 447 4181 eam
497 4128 880 4198 symbolicam
916 4148 928 4185 :
965 4133 1203 4200 perinde
1235 4136 1325 4186 est
1355 4148 1423 4185 ac
1472 4133 1519 4185 si
1553 4131 1810 4186 declaret
1842 4148 1970 4187 eam

315 4231 464 4285 esse,
501 4231 632 4286 qua:
675 4232 778 4286 per
807 4218 1026 4288 figuras
1075 4219 1289 4273 divinis
1321 4219 1574 4274 oraculis
1613 4221 1828 4274 tradita
1857 4220 1958 4275 sit.

315 4304 594 4360 Eamdem
626 4321 862 4376 quoque
888 4303 1202 4374 τελεστικήν
1233 4308 1552 4373 asserit,ut
1583 4323 1710 4378 quae
1742 4323 1845 4378 per
1874 4325 1966 4363 sa-

315 4393 618 4448 cerdotum
649 4393 1101 4458 institutionem,
1136 4395 1514 4450 caeremonias
1546 4396 1741 4449 tradat
1773 4412 1966 4450 sacra-

2087 3234 2262 3306 ϐολήν
2298 3239 2428 3312 ὑπὲρ
2474 3240 2540 3292 τὰ
2570 3241 2852 3312 ποιήματα
2886 3259 2898 3307 ;
2932 3241 3037 3295 Καὶ
3089 3240 3312 3312 τοιαύτη
3365 3263 3461 3316 μεν
3494 3245 3526 3311 ἡ
3559 3241 3750 3318 ἐμφα-

2086 3326 2324 3400 νεστὲρα,
2358 3325 2461 3380 ἀπὸ
2509 3333 2607 3396 τῆς
2654 3332 2760 3382 τῶν
2811 3326 3137 3400 ποιημάτων
3184 3328 3394 3405 φύσεως
3436 3329 3526 3382 τὸν
3578 3350 3757 3400 110:7.-

2084 3417 2182 3484 τήν
2219 3413 2660 3470 ἀποδεικνύουσα·
2706 3413 2796 3470 διὰ
2840 3421 2999 3471 τοῦτο
3031 3418 3134 3492 γὰρ
3183 3416 3272 3472 καὶ
3306 3417 3626 3494 φιλόσοφος,
3661 3419 3746 3480 ὡς

2085 3508 2153 3576 τῇ
2188 3525 2339 3580 φυσει
2373 3503 2838 3581 ἐμφιλοχωροῦσα
2883 3512 2984 3574 τῆς
3013 3505 3262 3576 κτίσεως,
3298 3507 3579 3561 κάντεῦθεν
3616 3509 3747 3562 θεοο

2089 3590 2328 3666 λογοῦσα
2357 3593 2422 3647 τὰ
2456 3594 2585 3669 ὑπὲρ
2619 3594 2796 3670 φύσιν.
2829 3596 2892 3650 Ἡ
2925 3591 2982 3648 δὲ
3032 3589 3344 3668 συμϐολικὴ
3399 3595 3496 3649 οὐκ
3520 3590 3638 3670 ἔχει
3676 3597 3744 3650 τὸ

2085 3681 2310 3748 πείθειν,
2361 3680 2487 3736 ἀλλ’
2536 3681 2803 3758 ἐνέργειάν
2843 3703 2964 3737 τινα
3015 3681 3158 3737 θείαν
3214 3682 3389 3761 ἀφανῆ
3449 3684 3539 3737 καὶ
3601 3681 3741 3759 δρα-

2087 3773 2328 3844 στήριον,
2361 3769 2483 3839 ἥτις
2527 3771 2622 3833 τὰς
2669 3769 3070 3847 μυστηριώδεις
3117 3774 3202 3827 καὶ
3257 3773 3595 3849 θεωρητικὰς
3627 3776 3740 3845 ψυ-

2085 3860 2188 3933 χὰς
2223 3857 2312 3913 διὰ
2337 3865 2444 3913 τῶν
2479 3865 2774 3932 μυστικῶν,
2807 3859 2930 3929 ἤτοι
2981 3855 3333 3934 συμϐολικῶν
3369 3860 3739 3935 αῗνιγμάτων,

2081 3945 2312 4023 ἐνιδρύει
2341 3949 2430 4002 καὶ
2462 3949 2624 4003 οἱονεὶ
2670 3948 2921 4022 θεμελιοῖ
2969 3949 3048 4011 εἷς
3091 3950 3181 4004 τὸν
3228 3951 3357 4006 Θεὸν
3391 3948 3478 4005 διὰ
3506 3956 3616 4004 τῶν
3653 3954 3739 4022 μή

2083 4036 2230 4112 λόγῳ
2279 4035 2679 4110 διδασκομένων
2726 4037 3060 4111 μυστηρίων,
3107 4036 3253 4094 ἀλλὰ
3305 4043 3429 4115 σιγῇ
3476 4041 3565 4093 καί
3601 4041 3744 4094 ἀπο-

2079 4125 2308 4198 καλύψει
2360 4125 2516 4179 θείων
2566 4125 2915 4199 ἐλλάμψεων⁰
2967 4127 3057 4180 καὶ
3108 4126 3326 4204 φωτίζει
3375 4127 3467 4182 τὸν
3501 4131 3628 4180 νοῦν
3660 4128 3747 4191 εἷς

2076 4215 2172 4274 τὰς
2217 4219 2324 4267 τῶν
2371 4214 2623 4289 ἆρῥήτων
2680 4215 2990 4289 μυστηρίων
3050 4218 3424 4285 κατανοήσειςο
3483 4213 3574 4268 διὰ
3628 4218 3743 4291 γὰρ

2074 4307 2181 4356 τῶν
2213 4301 2555 4377 τελουμένων
2603 4308 2790 4375 (ταῦτα
2825 4304 2922 4380 γάρ
2973 4303 3082 4358 ἐστι
3114 4305 3180 4359 τὰ
3210 4306 3336 4380 παρ’
3376 4305 3544 4374 αὐτῆς
3594 4301 3744 4379 δρώο

2079 4412 2234 4463 μενα,
2294 4390 2377 4446 διὸ
2434 4393 2521 4447 καὶ
2577 4391 2861 4462 τελεστική
2923 4391 3186 4469 λέγεταιο)
3250 4398 3595 4469 προσοικειοῖ
3645 4399 3740 4466 τῷ

319 4487 670 4553 meatorum,
731 4483 1186 4555 comprehensas
1253 4483 1554 4554 signorum
1624 4484 1963 4541 involucris.

2080 4487 2192 4555 Θεῷ
2235 4487 2588 4558 πραγματικῇ
2619 4480 2722 4554 ἕξει
2771 4505 2829 4538 τε
2875 4483 2966 4538 xui
2996 4485 3236 4539 τυπώσει
3287 4485 3440 4558 (ὅπερ
3491 4484 3582 4538 καὶ
3613 4482 3742 4539 ἀδι-

315 4575 480 4626 Hanc
510 4588 718 4626 rursus
768 4588 1040 4627 arcanam
1074 4573 1194 4628 sive
1243 4572 1626 4645 symbolicam
1661 4575 1876 4629 astruit
1907 4575 1964 4631 in

321 4676 385 4715 se
416 4661 717 4716 continere
775 4660 1058 4732 quiddam
1113 4661 1434 4732 implexum
1469 4661 1550 4716 rei
1582 4661 1825 4731 aifabili,
1859 4663 1966 4720 hoc

311 4754 556 4819 est,quaa
588 4755 651 4805 ut
680 4749 794 4804 dici
833 4751 1089 4822 promive
1115 4751 1527 4822 queat,ﬁguris
1559 4751 1966 4823 signiﬁcativis

310 4841 628 4896 commissa
667 4845 756 4895 est
783 4845 840 4895 et
872 4840 1114 4896 inserta.
1141 4842 1209 4895 Et
1239 4840 1348 4896 hoc
1381 4841 1770 4897 nihilominus
1801 4860 1965 4898 arca-

309 4945 447 4983 num
475 4929 708 4994 dicitur,
741 4929 851 4984 hoc
883 4934 971 4985 est
1021 4931 1357 5002 mysticum.
1392 4931 1760 4987 Adumbrata
1805 4933 1962 4987 enim

307 5019 482 5073 estin
532 5019 660 5090 ipso
711 5019 876 5086 signo
928 5020 1235 5085 figurativo
1277 5020 1514 5084 veritas,
1548 5037 1651 5074 nee
1703 5021 1759 5074 in
1805 5020 1962 5090 vulgi

307 5107 704 5176 cognitionem
729 5109 1050 5163 educenda:
1068 5109 1571 5179 quemadmodum
1595 5109 1652 5163 in
1676 5108 1962 5179 legaliillo

311 5196 493 5264 phase
522 5213 721 5252 verum
759 5197 977 5252 Pascha
1008 5197 1436 5264 delineabatur,
1454 5199 1777 5252 secundum
1809 5199 1960 5267 quod

309 5283 529 5339 dictum
565 5290 654 5340 est
686 5284 861 5340 Paulo
893 5302 905 5339 :
946 5286 1155 5341 Pascha
1186 5294 1433 5341 nostrum
1487 5303 1589 5356 pro
1640 5287 1811 5342 nobis
1863 5289 1961 5341 im-

308 5372 551 5428 molatus
575 5380 655 5430 est
686 5372 933 5430 Christus
964 5375 1048 5447 (ι).
1080 5374 1185 5431 illa
1237 5374 1420 5432 altera
1475 5374 1778 5448 theologia
1825 5392 1960 5448 pars

381 5567 441 5642 (Ι)
475 5567 497 5623 I
528 5570 653 5626 Cor.
688 5588 742 5626 v.
777 5568 830 5626 7.

2078 4570 2304 4634 δάκτους
2356 4572 2735 4649 μυσταγωγίας
2783 4571 3078 4642 ἐκάλεσεν).
3135 4573 3194 4630 Ὁ
3241 4573 3342 4649 γὰρ
3393 4572 3445 4627 ἐν
3494 4573 3735 4645 μεθέξει,

2077 4663 2202 4738 ιρὲρε
2259 4661 2450 4726 εἶπεῖν,
2511 4666 2618 4715 τῶν
2669 4663 2955 4736 ἀχράντων
3010 4658 3201 4737 δώρων
3267 4662 3560 4735 γενόμενος
3607 4660 3736 4717 ἀδι-

2077 4748 2284 4812 δάκτως
2333 4756 2769 4826 μυσταγωγεῖται
2822 4752 2912 4805 καὶ
2977 4755 3378 4824 πραγματικῶς
3434 4751 3525 4805 τὸν
3585 4752 3738 4825 ἁγια-

2075 4839 2233 4911 σμόν·
2267 4836 2356 4893 διὰ
2381 4844 2541 4894 τοῦτο
2584 4841 2670 4893 καὶ
2773 4838 2996 4908 τοιαύτη
3048 4839 3143 4912 μὶν
3199 4841 3430 4912 μυστικὴ
3465 4837 3738 4914 θεολογία

2075 4926 2194 5000 δρᾷ,
2226 4931 2259 4997 ἡ
2310 4925 2368 4982 δὲ
2413 4926 2501 4983 διὰ
2545 4935 2641 4997 τῆς
2689 4930 3065 4998 κατανοήσεως
3113 4931 3210 4997 τῆς
3262 4927 3499 4989 πίστεως
3551 4941 3732 4992 πειθει

2071 5017 2160 5072 καὶ
2209 5017 2385 5092 ἐνάγει
2434 5018 2572 5092 πρὸς
2615 5018 2713 5086 τήν
2770 5016 3027 5085 ἀλήθειαν
3055 5019 3187 5089 (27).
3238 5016 3335 5071 Καὶ
3388 5018 3498 5089 μὴν
3526 5017 3590 5071 οὐ
3620 5017 3732 5090 μό-

2072 5108 2218 5175 νονὴ
2249 5107 2456 5178 νομική
2489 5104 2804 5180 παράδοσις,
2836 5103 2981 5159 ἀλλὰ
3029 5105 3119 5159 καὶ
3150 5108 3185 5174 ἡ
3218 5103 3414 5173 τελετή
3446 5110 3555 5160 τῶν
3607 5108 3730 5170 καθ’

2071 5195 2216 5268 ἡμᾶς
2268 5195 2579 5270 μυστηρίων
2632 5199 2739 5250 τῶν
2783 5195 2942 5269 ἰερῶν
2999 5191 3194 5265 ἐδεήθη
3245 5189 3566 5268 συμϐόλων.
3621 5195 3727 5251 Καὶ

2072 5285 2193 5338 οὐὲν
2250 5285 2582 5357 θαυμαστὸν,
2615 5284 2753 5339 ὅπου
2800 5304 2860 5358 γε
2909 5284 2996 5338 καὶ
3049 5284 3101 5337 οἱ
3150 5279 3381 5357 ἄηγελοι
3432 5279 3503 5337 δι’
3547 5284 3725 5359 αἰνιγ-

2075 5373 2257 5446 μάτων
2306 5375 2373 5428 τὰ
2436 5379 2552 5438 θεῖα
2620 5375 2894 5450 μυστήρια
2953 5373 3274 5449 προάγουσι.
3329 5371 3427 5427 Καὶ
3477 5371 3639 5435 αὐτὸς
3689 5372 3725 5428 ὁ
