4004 6200
288 327 398 390 493

1104 324 1568 380 PACHYMERE
1607 319 2107 376 PARAPHRASIS
2143 320 2215 371 IN
2255 320 2411 372 EPP.
2450 321 2507 373 8.
2549 321 2886 375 DIONYSII.

3592 324 3698 383 494

284 450 490 527 Κύριος
519 452 681 506 τοῦτο
727 449 822 521 μὶν
877 446 930 504 ἐν
989 441 1336 523 παραϐολαῖς
1395 446 1468 507 ὡς
1524 444 1576 498 ὲν
1629 437 1929 517 συμϐόλοις

2047 439 2289 498 evidens
2326 445 2416 499 est
2448 445 2504 498 et
2541 445 2679 498 nota
2708 442 3097 501 familiariter.
3130 445 3288 502 Hanc
3316 451 3482 504 vocat
3507 449 3699 522 philo-

283 541 524 618 φαίνεται
583 537 885 612 θεολογῶν·
938 541 1100 592 τοῦτο
1124 534 1182 591 δὶ
1227 538 1319 590 καὶ
1367 531 1699 610 παραδιδοὺς
1754 533 1823 588 τὰ
1879 530 1931 586 ἂν

280 635 363 702 τῷ
413 627 617 702 δείπνῳ
670 627 907 701 θεουργα
957 626 1248 700 μυστήρια,
1279 623 1315 692 ἢ
1363 624 1431 678 τὶ
1460 621 1613 688 θεοὺς
1646 621 1773 685 τοὺς
1806 640 1932 692 μετ-

283 718 515 795 έχοντας
566 715 920 792 ἐργαζόμενα,
966 715 1001 784 ἢ
1037 714 1105 769 τὰ
1149 713 1294 788 παρᾶ
1338 716 1436 766 106
1480 710 1751 767 Δεσπότου
1799 710 1934 783 Χρι-

282 812 413 862 στοῦ
441 807 533 861 καὶ
562 809 696 862 Θεοῦ
745 807 906 877 ἡμῶν
955 800 1268 877 πραχθέντα
1311 798 1401 856 διὰ
1445 805 1761 868 τυπωτικῆς
1801 817 1934 874 τρα-

283 897 600 966 πεζώσεως.
640 893 994 970 Τραπεζωσιν
1028 888 1085 946 δὲ
1115 912 1248 967 φησι
1279 891 1404 945 τότε
1439 891 1531 962 μὲν
1584 890 1685 958 τὴν
1719 887 1805 942 ἐπὶ
1835 892 1934 956 τῆς

280 986 561 1061 τραπέζης
600 981 943 1051 κατάκλισιν,
991 985 1083 1036 νῦν
1131 977 1188 1035 δὲ
1224 980 1291 1034 τὰ
1343 979 1395 1034 ἑν
1434 982 1504 1052 τῇ
1535 978 1652 1048 θείᾳ
1697 977 1935 1050 τραπέζῃ

283 1072 376 1130 διὰ
431 1074 528 1129 106
559 1071 713 1149 ἁγίου
763 1067 927 1147 ἄρτου
967 1068 1058 1124 καὶ
1105 1073 1200 1124 τοῦ
1244 1066 1509 1142 ποτηρίου
1537 1073 1636 1136 τῆς
1684 1065 1935 1139 εὐλογίας

280 1162 591 1236 τελούμενα
651 1161 944 1234 μυστήρια·
994 1156 1084 1212 καὶ
1133 1156 1234 1234 γὰρ
1293 1154 1384 1212 διὰ
1428 1153 1524 1210 δύο
1566 1154 1740 1216 αἴτίας
1791 1152 1933 1208 οὕτω

282 1258 452 1308 ταῦτα
493 1249 798 1306 τελοῦνταιο
854 1246 982 1321 μίαν
1015 1248 1135 1320 μὲν,
1181 1243 1270 1300 ’ίνα
1316 1250 1423 1300 τῶν
1451 1242 1678 1300 πολλῶν
1709 1243 1776 1298 τὰ
1805 1243 1935 1317 ἅγια

283 1337 824 1397 ἀποδιαστίλλωνται
857 1339 996 1411 (28),
1039 1336 1116 1409 μὴ
1173 1333 1413 1410 ἒχόντων
1447 1333 1774 1412 ἇφικνεῖσθαι
1825 1335 1934 1387 τῶν

280 1428 619 1503 νοουμὲνων,
651 1427 726 1482 ὧν
757 1425 922 1502 χάριν
965 1425 1035 1480 τὰ
1065 1418 1319 1497 σύμϐολα
1360 1422 1602 1498 γίνονται
1634 1421 1764 1493 ί29)’
1812 1417 1931 1474 δευ-

278 1521 440 1596 τέραν
491 1515 571 1590 δὲ,
622 1516 738 1572 ἐπεὶ
796 1519 831 1585 ἡ
877 1513 1118 1588 ἡμετέρα
1168 1513 1281 1582 ζωὴ
1333 1513 1439 1567 ἀπὸ
1469 1514 1654 1586 ψυχῆς
1688 1509 1797 1564 ἐστι
1841 1509 1928 1563 καὶ

281 1610 562 1683 σώματος,
615 1607 704 1661 καὶ
767 1604 1057 1680 ἀμέριστος
1105 1604 1220 1677 ἅμα
1270 1602 1360 1658 καὶ
1413 1601 1669 1678 μεριστή·
1722 1598 1786 1654 τὸ
1838 1599 1930 1672 μὲν

282 1705 372 1762 διὰ
415 1707 480 1762 τὸ
530 1703 729 1778 ἀμερὶς
771 1709 874 1773 τῆς
919 1705 1106 1776 ψυχῆς
1150 1702 1239 1755 καὶ
1291 1698 1604 1773 ἀσώματον,
1648 1697 1711 1751 τὸ
1757 1694 1816 1752 δὲ
1845 1692 1935 1750 διὰ

279 1797 341 1851 τὸ
369 1799 471 1851 106
501 1795 754 1867 σώματος
784 1790 1038 1881 ποικίλον
1069 1788 1157 1844 καὶ
1205 1786 1535 1862 πολυμερὲς,
1583 1784 1737 1855 διττὴ
1786 1784 1932 1881 γίνιε-
1966 1816 2012 1881 Β

279 1907 370 1942 ται
417 1881 510 1940 καὶ
560 1886 596 1954 ἡ
626 1887 734 1938 τῶν
785 1880 944 1936 θείων
995 1877 1290 1952 οἰκονομία
1336 1876 1620 1952 ἀναλόγως
1651 1878 1797 1948 ἡμᾶς
1840 1871 1932 1930 ὗλ-

283 1974 598 2049 λάμπουσα.
649 1972 755 2028 Καὶ
805 1971 866 2024 τὸ
919 1968 1012 2042 μὶν
1045 1969 1242 2028 ἀπαθὲς
1279 1973 1379 2037 τῆς
1410 1968 1618 2040 ψυχῆς,
1659 1965 1720 2019 τὸ
1748 1964 1933 2038 νοερὸν

281 2061 566 2132 δηλονότι,
611 2060 720 2136 οὐχ
749 2059 825 2123 ὡς
854 2059 1024 2113 πάντα
1073 2055 1346 2130 ἀμίτοχον
1397 2055 1622 2125 πάθους,
1681 2051 1807 2108 ἀλλ’
1859 2051 1934 2115 ὼς

280 2151 474 2224 ἔξωθεν
524 2154 622 2205 106
670 2148 900 2224 πάσχειν
957 2145 1056 2201 οὐκ
1103 2142 1230 2221 ἔχον
1280 2145 1375 2206 τὰς
1427 2141 1698 2222 ἀφορμὰς,
1750 2138 1930 2215 ὥσπερ

273 2242 338 2297 τὸ
380 2245 548 2313 σῶμα
593 2237 877 2299 πλείστοις
912 2237 1217 2292 ὑποπῖπτον
1267 2237 1476 2302 κακοῖς,
1509 2232 1643 2306 ἅπερ
1692 2233 1727 2300 ἡ
1776 2229 1930 2306 ψυχή

273 2329 401 2386 ἄνευ
433 2336 538 2399 τῆς
569 2327 771 2389 οῗκεῖας
799 2325 1181 2396 ἑκουσιότητος
1213 2324 1325 2399 οὐχ
1357 2323 1635 2395 ὑπομένει.
1686 2321 1756 2374 Τὸ
1799 2322 1930 2395 γοῦν

277 2419 482 2484 ἀπαθὲς
539 2421 706 2472 τοῦτο
762 2413 840 2478 εἷς
895 2413 962 2468 τὰ
1011 2413 1183 2484 νοητὰ
1239 2411 1522 2489 ἀφῶρίσθη
1579 2409 1841 2482 θεάματα,
1893 2405 1931 2476 ἢ

271 2508 364 2562 καὶ
416 2504 571 2561 ἀπλᾶ
621 2502 764 2580 λὶγει
815 2501 907 2557 καὶ
959 2499 1234 2574 ἑνδότατα,
1305 2501 1476 2555 οἱονεῖ
1545 2497 1929 2576 κρυφιώτατα’

271 2606 336 2660 τὸ
389 2601 449 2659 δὶ
480 2602 780 2670 παθητικὸν
814 2601 1006 2669 αὐτῆς,
1037 2599 1100 2654 τὸ
1133 2595 1220 2652 διὰ
1249 2602 1357 2652 τῶν
1395 2596 1693 2666 αἰσθήσεων
1727 2592 1933 2665 δηλον-

278 2694 362 2749 ότι
411 2691 805 2762 ἀντιληπτικὸν
851 2693 960 2744 τῶν
1020 2685 1249 2760 ἔξωθεν,
1310 2684 1524 2762 δέχεται
1579 2686 1648 2740 τὰ
1703 2690 1930 2760 συγγενῆ

273 2787 450 2838 ταῦτα
512 2777 988 2855 παραπετάσματα.
1039 2781 1209 2831 T0610
1261 2773 1318 2830 δὶ
1373 2774 1542 2844 δῆλον
1605 2773 1654 2846 ἔξ
1710 2771 1784 2827 ὧν
1844 2772 1935 2828 καί

276 2893 425 2932 τινες
484 2875 592 2925 τῶν
650 2871 949 2945 προφητῶν
1008 2869 1231 2943 σαφοῦς,
1270 2861 1524 2934 δηλονότι
1554 2868 1766 2939 γυμνῆς
1796 2881 1931 2934 προ-

275 2959 687 3034 καλυμμάτων,
735 2953 1018 3032 θεολογίας
1065 2952 1380 3024 ἀκηκοότες·
1443 2954 1566 3006 οἷον
1610 2958 1788 3029 ’Ώφθη
1822 2948 1932 3006 Κύ-

279 3072 399 3127 ριος
425 3055 508 3123 τῷ
555 3043 825 3123 Ἀϐραὰμ,
876 3048 912 3117 ἢ
957 3046 1038 3119 τῷ
1086 3048 1314 3118 Μωυσῇ,
1345 3041 1436 3099 καὶ
1463 3043 1576 3098 εἶπε
1602 3043 1665 3096 τὸ
1708 3041 1797 3096 καὶ
1843 3041 1924 3095 τὸ’

2047 531 2349 602 sopbicam
2397 530 2578 587 simul
2628 536 2685 588 et
2714 532 3255 606 demonstrativam,
3301 536 3520 610 quippe
3570 557 3696 610 quas

2043 620 2389 678 conciliatur
2414 637 2516 692 per
2536 624 2820 677 attentam
2843 622 3369 680 considerationem
3401 630 3696 684 creatura-

2045 727 2202 775 rum,
2227 715 2330 766 aut
2358 710 2565 766 divinas
2595 710 2908 781 cujusdam
2931 710 3410 784 dispensationis,
3443 715 3565 771 sive
3595 733 3697 788 per

2045 798 2462 870 speculativam
2511 800 2943 857 enarralionem
2995 816 3196 858 eorum
3241 819 3372 874 quae
3403 803 3460 858 in
3512 805 3696 862 sacris

2045 896 2366 969 Scripturis
2395 898 2467 953 de
2500 898 2610 953 Deo
2642 897 2802 954 dicta
2818 913 2948 954 esse
2978 900 3447 971 comperiuntur.
3479 902 3549 957 Et
3572 901 3696 959 haec

2043 1001 2186 1041 sane
2217 989 2281 1040 ut
2308 986 2650 1053 evidentior,
2681 987 2800 1041 vim
2833 987 3062 1043 obtinet
3093 990 3418 1060 quamdam
3450 1006 3696 1062 persua-

2044 1073 2242 1142 dendi,
2276 1079 2452 1147 atque
2472 1091 2540 1130 ex
2573 1075 2747 1130 dictis
2777 1075 3081 1131 collectam
3105 1077 3408 1134 veritatem
3429 1083 3485 1134 et
3506 1096 3700 1136 asser-

2043 1165 2184 1216 tam.
2215 1163 2553 1218 Secundum
2601 1161 2759 1219 enim
2814 1162 2924 1218 hoc
2953 1163 3173 1220 dicitur
3210 1166 3696 1240 demonstrativa,

2043 1251 2198 1322 quod
2229 1252 2582 1323 persuadeat
2629 1256 2686 1307 et
2734 1252 3065 1322 denuntiet,
3098 1258 3158 1310 et
3188 1257 3360 1327 quasi
3391 1257 3695 1314 vinculum

2043 1340 2339 1412 quoddam
2370 1345 2428 1396 et
2452 1340 2714 1414 sigillum
2747 1342 2918 1398 dictis
2941 1349 3198 1415 apponat
3221 1345 3543 1402 veritatem.
3578 1350 3695 1402 Au-

2042 1428 2332 1485 ditoribus
2356 1430 2514 1485 enim
2545 1430 2670 1485 suis
2695 1429 2829 1485 ﬁdei
2861 1447 2926 1486 ac-
2949 1433 3284 1490 securitatis
3307 1433 3523 1507 pignus
3546 1451 3690 1508 prm-

2043 1522 2161 1573 stat
2190 1535 2202 1572 :
2233 1517 2350 1574 illis
2377 1534 2722 1591 suggerens,
2774 1521 2929 1592 quod
2967 1537 3182 1594 magna
3212 1523 3422 1579 debeat
3453 1525 3524 1580 de
3577 1526 3692 1582 Deo

2041 1605 2298 1680 cogitare
2329 1607 2640 1663 manifeste
2655 1613 2712 1664 et
2732 1624 2834 1680 pro
2862 1609 3069 1666 decoro
3097 1626 3216 1666 sum
3240 1611 3690 1685 magnitudinis,

2041 1711 2157 1750 non
2189 1695 2366 1751 etiam
2401 1699 2700 1768 utcunque
2731 1713 2892 1753 more
2913 1697 3070 1769 vulgi
3101 1713 3204 1755 ceu
3240 1698 3502 1772 plerique
3533 1718 3692 1758 asso-

2041 1783 2185 1852 lent,
2218 1784 2428 1857 frigide
2477 1785 2702 1841 discere
2753 1787 3075 1858 cupientes.
3110 1788 3252 1851 Quis
3299 1789 3456 1844 enim
3504 1791 3690 1848 solem

2043 1873 2198 1929 hunc
2212 1873 2641 1945 contemplatus
2661 1874 3068 1931 radiosissimo
3081 1874 3307 1933 lumine
3323 1878 3690 1950 splendican-

2041 1965 2183 2030 tem,
2217 1963 2314 2018 ubi
2343 1963 2596 2035 primum
2617 1971 2671 2019 et
2694 1970 2994 2021 auctorem
3017 1964 3158 2022 solis
3179 1970 3237 2022 et
3265 1968 3414 2023 tanti
3445 1967 3690 2028 luminis

2040 2050 2329 2107 intellexit
2357 2050 2830 2108 conciliatorem:
2873 2054 3032 2125 quis,
3065 2054 3330 2126 inquam,
3367 2073 3480 2112 non
3514 2057 3685 2116 illum

2041 2141 2244 2197 statim
2289 2143 2504 2214 cogitet
2549 2141 2784 2213 copioso
2835 2141 3059 2199 lumine
3103 2143 3526 2218 splendescere,
3566 2147 3684 2205 imo

2042 2247 2222 2303 supra
2251 2244 2431 2302 quam
2451 2230 2564 2286 dici
2593 2234 2802 2302 potest,
2826 2233 3236 2289 transcendere
3257 2233 3437 2290 solem
3463 2236 3685 2308 ipsum,

2043 2347 2150 2386 suo
2180 2330 2279 2385 illo
2311 2331 2468 2386 fonte
2490 2329 2640 2385 lucis
2661 2330 2856 2387 omnis
2875 2330 2903 2385 ?
2929 2331 3090 2398 Quod
3121 2332 3171 2388 si
3195 2332 3280 2388 sol
3309 2333 3443 2391 talis
3469 2351 3536 2392 ac
3557 2339 3690 2392 tan-

2041 2424 2174 2476 tus:
2210 2419 2476 2491 nunquid
2512 2435 2627 2474 non
2658 2417 2848 2490 ipsius
2879 2420 3071 2491 opifex
3093 2421 3180 2476 vel
3212 2426 3414 2480 tantus
3446 2423 3691 2496 cogitari

2042 2509 2261 2565 debet?
2293 2508 2436 2572 Quis
2453 2523 2679 2576 rursus,
2703 2523 2828 2577 quae
2856 2509 3078 2578 vivunt,
3102 2510 3365 2566 efﬁciunt
3385 2511 3689 2584 quidpiam

2042 2597 2256 2670 operis,
2289 2597 2359 2652 ad
2393 2596 2512 2651 haec
2543 2601 2871 2668 moventur,
2896 2597 2995 2652 ubi
3025 2597 3230 2655 viderit
3260 2600 3541 2672 primum,
3575 2617 3692 2657 non

2043 2687 2320 2744 continuo
2335 2701 2532 2742 secum
2548 2685 2844 2757 reputabit
2858 2685 3064 2742 talium
3079 2687 3348 2760 opiﬁcem
3363 2706 3480 2760 prae
3503 2690 3596 2746 his
3610 2690 3696 2746 in-

2043 2775 2515 2848 comparabiliter
2549 2775 2695 2831 28!
2724 2775 2912 2832 vivere
2936 2777 3187 2846 felicius,
3211 2780 3430 2836 moveri
3453 2780 3696 2851 insuper

2043 2883 2224 2938 supra
2237 2865 2522 2921 motiones
2537 2871 2754 2919 natura:
2767 2865 3014 2922 condita:
3028 2869 3696 2939 eminentius,uimirum

2042 2972 2150 3011 sua
2181 2953 2368 3026 ipsius
2400 2953 2897 3026 contemplatione
2932 2972 2992 3011 se
3026 2961 3353 3014 moventem
3377 2959 3404 3013 ‘I
3438 2958 3695 3031 Denique

2042 3043 2175 3115 quis
2209 3059 2323 3098 non
2347 3041 2432 3098 sic
2452 3043 2850 3114 prwcellenter
2871 3051 3212 3116 operantem
3235 3047 3580 3114 admiretur,
3604 3052 3693 3103 at-

273 3141 365 3195 καὶ
430 3139 643 3215 ἆγένετο
702 3135 866 3212 Λόγος
925 3134 1130 3210 Κυρίου
1181 3133 1318 3209 πρὸς
1370 3133 1461 3186 τὸν
1507 3132 1819 3209 προφήτην,
1870 3129 1926 3215 εν

2043 3149 2156 3204 que
2186 3133 2564 3203 Obstupescat
2592 3149 2771 3203 supra
2802 3134 3104 3190 modulum
3147 3141 3429 3193 creatum
3469 3136 3691 3193 totius?

276 3231 488 3289 ἑαυτοῖς
534 3224 933 3281 ἀναπλάττουσι
981 3221 1149 3278 τόπον
1203 3222 1365 3289 τινὰ,
1425 3217 1686 3290 δηλονότι
1733 3212 1926 3288 εὐσεϐῆ

278 3317 532 3392 θεωρίαν,
583 3316 670 3370 καὶ
724 3317 793 3388 τῇ
844 3312 958 3384 θείᾳ
993 3311 1144 3389 φύσει
1202 3308 1559 3379 κατάλληλον
1610 3309 1741 3380 (30).
1805 3311 1926 3369 Πῶς

274 3407 378 3482 γὰρ
431 3407 494 3460 ἄν
547 3426 630 3467 τις
678 3403 878 3477 ἑτέρως
925 3398 1362 3476 χειραγωγηθείη
1403 3399 1540 3472 πρὸς
1589 3397 1778 3466 νόησιν
1829 3401 1929 3465 τῆς

279 3504 397 3579 εῗρη
411 3505 582 3576 μένης
630 3498 915 3576 θεολογίας
941 3517 954 3569 ;
987 3499 1094 3554 Καὶ
1143 3497 1276 3552 αὐτά
1319 3493 1375 3551 δὲ
1403 3496 1468 3550 τὰ
1497 3494 1764 3568 κτίσματα
1792 3513 1930 3568 προ-

275 3589 602 3662 ϐέϐληνται,
655 3589 821 3645 οἱονεὶ
866 3586 1179 3660 πρόκεινται
1228 3588 1336 3638 τῶν
1386 3582 1630 3657 ἀοράτων
1681 3580 1771 3636 καὶ
1801 3601 1929 3651 νοη-

276 3686 385 3736 τῶν
418 3683 556 3754 (3|).
591 3677 693 3736 Καὶ
723 3681 885 3733 τοῦτο
909 3676 986 3750 μή
1022 3674 1185 3748 μόνον
1215 3674 1244 3727 ό
1277 3677 1420 3736 θεῖος
1441 3670 1748 3732 ἀπόστολος
1781 3673 1926 3723 H16-

279 3769 378 3832 λός
433 3790 625 3846 φησιν,
673 3769 799 3825 ’Ότι
843 3767 911 3820 τὰ
957 3764 1160 3838 ἀόρατα
1206 3761 1370 3817 αὐτοῦ
1403 3760 1452 3816 ἓν
1504 3765 1621 3822 τοῖς
1654 3760 1927 3831 ποιήμασι

273 3859 552 3930 νοούμενα
598 3859 910 3931 καθορᾶται·
957 3852 1104 3908 ἀλλὰ
1150 3852 1238 3906 καὶ
1283 3849 1444 3913 αὐτὸς
1494 3851 1521 3903 ὁ
1569 3846 1784 3918 ἀληθὴς
1818 3847 1929 3902 Λό-

272 3971 372 4024 γος
404 3949 433 4003 ὁ
469 3946 671 4022 Κύριος
715 3945 875 4018 ἡμῶν
925 3944 1135 4014 Ἰησοῦς
1183 3939 1443 4014 Χριστὸς,
1489 3939 1612 3992 ὅταν
1647 3935 1800 4012 λέγῃ·
1864 3935 1926 3992 Et

267 4040 337 4094 τὶ
399 4036 615 4112 ἐπίγεια
695 4036 842 4089 εἶπον
917 4032 1044 4105 ὑμῖν
1077 4075 1091 4101 ,
1165 4030 1254 4085 καὶ
1312 4027 1378 4083 οὐ
1429 4026 1706 4082 πιστεύετε
1738 4068 1752 4093 ,
1809 4030 1928 4088 πῶς

278 4126 380 4182 ἑὰν
440 4127 509 4180 τὰ
565 4124 863 4198 ἐπουράνια
911 4119 1046 4176 εἴπω
1093 4119 1242 4191 ὑμῖν,
1289 4117 1634 4185 mandes“;
1695 4116 1788 4169 Διὸ
1835 4113 1927 4168 καὶ

269 4216 327 4270 οἱ
360 4220 669 4290 προφῆται,
718 4215 796 4276 πῆ
833 4210 924 4283 μὲν
953 4207 1257 4268 πολιτικῶς
1294 4206 1384 4260 καὶ
1434 4204 1676 4276 ἐννόμως
1706 4204 1928 4258 ιπισκο-

265 4289 635 4376 ποῦσινί(32),
692 4301 782 4354 ὅτε
831 4296 978 4372 λέγει
1023 4297 1051 4351 ὁ
1097 4293 1341 4356 Ἡσαΐαςο
1397 4293 1494 4348 Καὶ
1552 4289 1701 4347 δεῦτε
1745 4289 1928 4346 διαλε-

271 4394 526 4466 χθῶμεν,
559 4389 703 4465 λὲγει
763 4386 986 4460 Κύριος·
1045 4387 1206 4440 τοῦτο
1261 4383 1362 4459 γάρ
1421 4381 1534 4437 ἐστι
1589 4381 1651 4435 τὸ
1704 4387 1806 4449 τῆς
1834 4401 1932 4434 πο.

2039 3235 2102 3286 Et
2117 3232 2238 3286 haec
2253 3230 2424 3302 plane
2438 3230 2638 3286 divina
2660 3232 2983 3302 suntjuxta
2999 3248 3277 3305 magnum
3297 3233 3466 3290 illum
3480 3235 3694 3307 Grego-

2040 3319 2291 3375 rium.Et
2321 3319 2459 3375 talis
2483 3320 2719 3390 quidem
2753 3320 3198 3393 theologiajure
3219 3323 3396 3379 altera
3421 3327 3694 3380 censetur

2038 3407 2420 3476 evidentior,a
2451 3413 2663 3463 natura
2693 3425 2893 3463 rerum
2927 3411 3692 3481 conditarum,conditorem

2037 3499 2237 3570 ipsum
2287 3497 2749 3552 demonstrativo
2777 3497 3096 3570 colligens;
3154 3516 3335 3571 quare
3393 3497 3693 3578 φιλόσοφος

2041 3585 2248 3641 merito
2280 3583 2514 3650 dicitur,
2565 3585 2674 3639 hoc
2724 3593 2814 3639 est
2843 3586 3113 3642 studiosa
3143 3589 3486 3660 sapientiae;
3537 3590 3693 3661 quod

2039 3673 2391 3746 perlibenter
2421 3674 2774 3728 immoretur
2804 3673 3243 3732 considerandis
3270 3678 3479 3734 nativae
3512 3678 3694 3734 indoli

2037 3765 2646 3831 creaturarum,atque
2677 3761 2816 3817 hinc
2849 3762 3107 3818 divinam
3137 3766 3692 3823 commentationem

2036 3851 2212 3918 elicit,
2247 3854 2518 3906 naturam
2550 3850 2741 3920 ipsam
2789 3854 3330 3909 transcendentem.
3365 3855 3565 3911 Altera
3597 3856 3692 3910 ni-

2038 3941 2250 3995 mirum
2281 3937 2606 4011 symbolioa
2627 3955 2742 3993 non
2770 3939 2946 3994 habet
2967 3941 3080 3996 tale
3111 3941 3361 4014 aliquid,
3389 3960 3504 4015 quo
3534 3945 3690 4000 nita-

2037 4034 2135 4084 tur
2181 4029 2254 4084 ad
2304 4027 2818 4099 persuadendum;
2879 4029 2979 4085 sed
3008 4031 3310 4088 efﬁcacem
3368 4035 3687 4104 quamdam

2035 4118 2176 4183 vim,
2237 4117 2494 4172 divinam
2542 4116 2804 4187 quidem,
2857 4119 2956 4174 sed
3008 4120 3318 4177 obscurum
3362 4139 3428 4178 ac
3455 4122 3685 4192 plenam

2038 4207 2276 4272 laboris,
2325 4221 2453 4277 quae
2479 4206 2711 4260 animas
2745 4207 3124 4278 mysticarum
3159 4226 3354 4265 rerum
3391 4211 3688 4268 studiosae

2037 4301 2213 4367 atque
2243 4310 2444 4350 earum
2516 4295 3000 4366 contemplationi
3033 4299 3258 4367 afﬁxas,
3292 4317 3395 4370 per
3423 4301 3687 4372 mystica,

2039 4385 2145 4440 hoc
2174 4389 2264 4439 est
2310 4382 2577 4455 symbola
2624 4383 2938 4456 aenigmata
2987 4386 3172 4443 solide
3225 4389 3584 4457 communit;
3634 4393 3692 4444 et

270 4480 484 4541 λιτείας
530 4479 758 4533 καὶτῶν
790 4477 976 4548 νόμων
1004 4475 1140 4545 (33)'
1193 4477 1269 4541 πῆ
1321 4468 1379 4526 δὲ
1419 4473 1786 4556 καθαρτικῶς,
1843 4467 1929 4523 ὅτε

2041 4474 2096 4527 in
2120 4473 2236 4528 Deo
2260 4470 2431 4543 quasi
2457 4470 2654 4526 stabili
2690 4471 3073 4530 fundamento
3097 4475 3342 4531 collocat
3362 4493 3543 4547 perea
3565 4493 3692 4548 qua)

272 4572 650 4644 παραινοῦσιν
712 4565 780 4622 Ol.
830 4561 1094 4638 διψῶντες
1149 4559 1438 4636 πορεύεσθε
1495 4557 1576 4636 ἐφ’
1634 4555 1779 4631 ὕδωρ
1839 4557 1929 4611 καὶ

2040 4561 2201 4617 nullo
2226 4561 2512 4615 docentur
2549 4576 2844 4629 sermone,
2891 4563 3204 4632 mysteria;
3252 4565 3429 4634 idque
3460 4564 3694 4619 silentio

271 4656 568 4724 λούσασθε,
616 4654 842 4728 καθαροὶ
890 4653 1104 4726 γένεσθε
1132 4693 1146 4718 ,
1205 4648 1295 4704 καὶ
1329 4695 1345 4718 ,
1405 4645 1742 4722 ΙῘροσέλθετε
1787 4646 1926 4709 πρὸς

272 4746 466 4814 αὐτὸν,
508 4744 596 4798 καὶ
651 4741 957 4817 φωτίσθητε
1008 4740 1142 4812 (34).
1187 4739 1371 4795 Ταῦτα
1399 4736 1503 4812 γὰρ
1567 4733 1668 4790 είσι
1717 4734 1785 4788 τὰ
1827 4739 1927 4802 τῆς

268 4840 628 4902 διδασκαλίας
678 4840 768 4894 καὶ
814 4843 915 4903 τῆς
961 4836 1292 4909 καθάρσεως.
1326 4835 1539 4888 Ἐκεῖνα
1567 4831 1700 4906 γοῦν
1725 4832 1792 4886 τὰ
1826 4852 1926 4886 πο-

268 4930 464 4987 λιτικὰ
491 4930 580 4985 καὶ
629 4924 830 5000 ἔννομα
860 4925 1025 5001 λόγον
1071 4918 1366 4997 συμϐόλων
1422 4921 1702 4998 ἐπέχουσι·
1746 4919 1927 4996 παχύ-

265 5042 401 5096 τερα
449 5020 553 5095 γὰρ
606 5016 696 5072 καὶ
745 5022 885 5091 σαφῆ
938 5017 1075 5087 ἡμῖν
1127 5013 1249 5067 εἱσι·
1293 5014 1460 5096 ταῦτα
1507 5007 1564 5065 δὲ
1609 5009 1676 5065 τὰ
1724 5019 1924 5082 καθαρ-

265 5111 398 5167 τικᾶ
425 5108 517 5164 καὶ
547 5106 791 5184 ἂχραντα
815 5103 981 5180 λόγον
1029 5105 1241 5181 γυμνῆς
1291 5095 1584 5174 συμϐόλων
1638 5097 1924 5173 θεολογίας

269 5199 560 5274 ἐπέχουσι.
620 5197 714 5252 Διὸ
770 5195 989 5250 κάκεῖνα
1051 5193 1145 5266 μὶν
1189 5189 1606 5266 ἀνθρωπίνωςῆ
1661 5187 1752 5244 καί
1810 5209 1928 5251 πως

270 5286 681 5362 ὑψηλοτέρωςο
739 5288 901 5339 τοῦτο
947 5281 1050 5357 γάρ
1111 5279 1220 5336 ἔστι
1277 5280 1338 5333 τὸ
1400 5277 1599 5351 μὲσως’
1646 5281 1812 5332 ταῦτα
1869 5274 1927 5331 δὶ

271 5377 641 5450 ὑψηλοτέρως
666 5372 754 5429 καὶ
779 5371 1255 5446 τελεσιουργικῶς.
1289 5368 1525 5424 Κάκεῖνα
1558 5367 1651 5438 μὶν
1686 5366 1790 5421 ἀπὸ
1819 5369 1928 5420 τῶν

266 5465 623 5543 φαινομένων
653 5462 859 5534 νόμῶν·
891 5463 1060 5515 ταῦτα
1091 5456 1148 5513 δὶ
1175 5457 1281 5513 ἀπὸ
1301 5460 1408 5511 τῶν
1438 5455 1655 5532 ἀφανῶν
1687 5456 1924 5526 θεσμῶν⁹

262 5541 335 5611 τὰ
365 5554 473 5631 γὰρ
501 5557 601 5608 106
644 5549 885 5607 παλαιοῦ
933 5548 1104 5622 νόμου
1143 5545 1438 5626 φαινόμενα
1483 5541 1928 5619 ἐξαγγέλλονται,

265 5647 492 5722 ἀφανῶς
547 5639 605 5698 δί
648 5644 902 5698 νοοῦνται
939 5681 953 5696 .
1005 5637 1152 5695 Ἐπεὶ
1191 5634 1310 5700 πῶς
1361 5635 1457 5696 τὰς
1503 5634 1779 5704 νηστείας,
1837 5631 1928 5687 καὶ

2034 4656 2207 4720 atque
2238 4648 2588 4704 revelatione
2620 4649 2828 4702 divinae
2861 4648 3305 4706 illustrationis.
3339 4657 3406 4707 Et
3437 4657 3692 4707 mentem

2035 4739 2297 4794 illustrat
2316 4738 2387 4792 ad
2414 4736 2736 4792 ineffabilia
2758 4740 3037 4810 mysteria
3060 4741 3521 4809 consideranda;
3555 4757 3694 4796 nam

2037 4844 2138 4900 per
2163 4826 2558 4881 sacriﬁcantes
2591 4824 2736 4895 (hac
2767 4827 2925 4881 enim
2960 4835 3100 4882 sunt
3122 4829 3300 4900 hujus
3331 4846 3529 4902 opera,
3560 4830 3691 4886 ideo

2035 4926 2210 4980 etiam
2237 4921 2520 4990 τελεστική
2558 4923 2793 4994 dicitur)
2824 4923 2939 4979 Deo
2981 4926 3298 4982 familiares
3333 4929 3522 5001 magis
3555 4928 3688 4984 afﬁ-

2036 5013 2114 5068 cit
2142 5012 2326 5068 activa
2345 5010 2644 5083 qualitate,
2679 5017 2736 5066 et
2769 5013 3114 5070 formatione
3144 5017 3322 5086 (quod
3354 5017 3533 5072 etiam
3565 5014 3689 5070 ἀδι-

2037 5097 2264 5161 δάκτους
2318 5097 2711 5173 μυσταγωγίας,
2760 5099 2817 5154 id
2872 5107 2963 5156 est
3007 5119 3294 5160 sacrorum
3336 5105 3688 5162 initiatione:

2036 5209 2070 5246 a
2108 5193 2325 5246 nemine
2371 5189 2584 5245 eductas
2635 5190 2916 5257 vocavit);
2967 5192 3066 5261 qui
3116 5193 3274 5249 enim
3319 5195 3464 5250 dicis
3511 5211 3688 5251 causa

2038 5279 2328 5352 particeps
2379 5275 2885 5332 immaculatorum
2937 5280 3192 5336 efﬁcitur
3222 5284 3534 5354 donorum,
3561 5283 3690 5339 sine

2038 5372 2388 5439 praeceptore
2420 5382 2584 5419 sacra
2607 5366 2850 5420 docetur
2868 5368 3068 5440 etipso
3100 5375 3230 5425 actu
3262 5373 3690 5443 sanctiﬁcatur,

2040 5461 2343 5529 propterea
2370 5457 2426 5508 et
2457 5454 2590 5508 talis
2615 5453 2854 5524 quidem
2880 5457 3126 5529 mystica
3154 5460 3447 5534 theologia
3477 5477 3692 5533 opera-

2038 5551 2153 5615 tur,
2186 5543 2367 5599 altera
2396 5559 2527 5596 vero
2569 5541 3035 5602 consideratione
3080 5547 3213 5604 ﬁdei
3263 5553 3599 5622 persuadet,
3633 5555 3691 5606 et

2040 5635 2111 5692 ad
2169 5631 2465 5688 veritatem
2524 5631 2782 5688 adducit.
2816 5635 2989 5706 Atqui
3034 5653 3145 5693 non
3197 5637 3404 5712 legalis
3450 5641 3688 5697 traditio
