4004 6200
368 306 474 362 495

1088 268 1091 281 ᾗ
1191 304 1555 359 APPENDIX
1593 309 1690 393 Al)
1727 306 1970 360 OPERA
2008 307 2064 358 S.
2107 306 2419 359 DIONYSII
2459 307 2958 363 AREOPAGITE.
3672 307 3767 362 496

367 429 584 496 solum,
616 429 716 484 scd
742 430 932 499 etquae
957 425 1191 499 proprie
1213 431 1418 482 nostra
1439 432 1529 482 est
1548 426 2020 482 Christianorum

2136 424 2202 479 τὰ
2234 420 2496 493 σάϐϐατα,
2528 426 2617 480 καὶ
2642 427 2735 488 τὶς
2765 425 3066 497 νουμηνίας
3113 428 3508 498 νομοθετήσας,
3558 428 3771 505 ὕστερον

365 518 782 590 mysteriorum
816 532 982 573 sacra
1011 515 1310 571 institutio
1339 515 1558 572 sanctis
1598 515 1716 571 illis
1766 514 2026 586 indiguit

365 606 709 683 symbolicis
744 606 952 678 signis.
989 605 1187 676 Neque
1226 604 1283 659 id
1315 604 1699 661 admirabile:
1753 605 2018 675 quando-

369 699 607 770 quidem
631 695 821 768 angeli
857 694 970 766 ipsi
997 710 1100 765 per
1115 693 1426 765 aenigmata
1446 696 1515 749 ad
1539 693 1872 749 divinorum
1897 709 2020 765 my-

371 787 685 844 steriorum
716 783 1109 855 cognitionem
1126 782 1454 854 provehunt
1474 799 1581 838 nos
1601 787 1659 839 et
1673 783 2019 854 perducunt-

372 878 443 933 Et
473 876 598 947 ipse
624 873 860 947 quidem
893 871 1179 927 Dominus
1211 871 1267 926 in
1303 872 1601 942 parabolis
1631 873 1801 943 quasi
1833 870 2021 943 signis

374 964 757 1038 quibusdam,
798 962 939 1017 dum
990 959 1190 1015 divina
1226 964 1525 1027 tractaret,
1556 960 1666 1015 hoc
1695 960 1894 1032 ipsum
1926 977 2021 1016 se-

375 1058 551 1110 cutus
580 1051 832 1107 videtur.
870 1050 983 1104 Hoc
1002 1047 1280 1104 nimirum
1306 1048 1610 1121 theologia
1640 1065 1827 1121 genus
1852 1048 2021 1104 lucu-

374 1144 563 1200 lenter
608 1139 914 1212 expressit,
962 1139 1106 1192 dum
1157 1139 1216 1191 in
1249 1154 1414 1193 coena
1444 1138 1724 1209 mysteria
1768 1138 2026 1193 traderet

375 1233 581 1289 divina;
612 1226 967 1301 operationis
997 1226 1052 1281 vi
1087 1225 1351 1297 praedita,
1372 1230 1476 1281 aut
1505 1242 1633 1296 quas
1664 1225 1754 1281 sui
1780 1225 2024 1298 partici-

373 1338 476 1394 pes
506 1320 647 1375 deos
678 1317 1095 1390 quadantenus
1126 1314 1455 1383 efﬁcerent;
1508 1315 1629 1371 sive
1675 1331 1744 1371 ea
1789 1331 1915 1386 quae
1950 1314 2022 1370 ab

371 1411 502 1484 ipso
531 1406 780 1465 Domino
808 1405 949 1461 Jesu
982 1404 1213 1460 Christo
1246 1408 1303 1458 et
1337 1404 1447 1459 Deo
1469 1408 1673 1459 nostro
1689 1406 1855 1476 gesta
1885 1406 2026 1459 sunt

372 1516 476 1573 per
506 1497 711 1570 typicaa
741 1494 903 1551 illius
928 1509 1144 1549 mensas
1173 1492 1798 1564 apparatum.Proinde
1825 1491 2022 1564 τραπὲ-

377 1591 538 1655 ζωσιν
572 1589 737 1641 vocat
788 1600 947 1654 eum,
1003 1582 1103 1655 qui
1134 1586 1275 1637 tunc
1305 1581 1734 1655 discipulorum
1770 1582 1899 1651 fuit,
1950 1582 2022 1636 ad

376 1691 642 1733 mensam
674 1672 835 1729 illam
889 1687 1118 1727 sacram
1166 1670 1530 1727 discubitum
1580 1669 1781 1740 simul;
1815 1674 1872 1726 et
1897 1685 2023 1741 quas

376 1781 533 1820 nunc
566 1761 847 1833 temporis
878 1760 1291 1828 conficiuntur,
1325 1759 1382 1814 in
1416 1775 1622 1815 mensa
1651 1759 1847 1815 divina
1870 1759 2022 1815 282

378 1820 755 1910 sacrosancta
784 1848 1063 1922 mysteria
1092 1864 1197 1920 per
1226 1847 1397 1920 panis
1436 1848 1587 1903 sacri
1618 1851 1797 1920 atque
1825 1846 2027 1903 calicis
2055 1820 2103 1887 Β

377 1940 865 1998 benedictionem.
900 1937 1127 2010 Duplici
1159 1938 1397 2009 quidem
1420 1937 1645 1992 ratione
1666 1936 1747 1991 ita
1777 1936 1897 1992 haac
1928 1953 2024 1993 sa-

377 2034 678 2087 cramenta
725 2027 1138 2084 conficiuntur.
1190 2026 1315 2082 Una
1343 2031 1451 2091 est,
1485 2030 1551 2081 ut
1581 2030 1784 2081 sancta
1840 2026 1962 2081 haec
1992 2042 2026 2081 a

375 2119 719 2191 vulgaribus
745 2116 1086 2172 hominibus
1107 2115 1553 2186 distinguantur
1570 2130 1637 2169 ac
1659 2119 2023 2185 separentur,

377 2208 479 2281 qui
530 2211 830 2280 nequeunt
873 2205 1200 2278 pertingere
1247 2205 1315 2259 ad
1349 2219 1416 2259 ea
1441 2220 1569 2275 quae
1600 2203 2025 2283 consideranda

375 2302 806 2372 proponuntur,
865 2310 1118 2366 quorum
1178 2293 1405 2350 scilicet
1445 2293 1752 2365 vulgarum
1811 2292 2020 2365 gratia,

377 2388 545 2461 signa
575 2385 867 2460 ejusmodi
902 2384 1211 2456 ﬁgurativa
1236 2389 1395 2439 sunt.
1444 2383 1641 2439 Altera
1670 2387 1760 2439 est
1788 2382 2024 2453 quando

378 2480 496 2536 vita
524 2480 647 2535 haec
671 2482 871 2533 nostra
902 2477 973 2529 ab
1005 2473 1205 2529 anima
1234 2474 1447 2545 pendet
1476 2473 1652 2528 simul
1679 2481 1734 2529 et
1761 2488 2022 2543 corpore:

379 2567 692 2639 etquidem
717 2568 879 2637 parte
902 2578 1020 2619 una
1038 2562 1401 2617 individuam
1427 2567 1602 2633 atque
1624 2562 2024 2632 incorporsam

381 2657 589 2712 animae
622 2660 889 2710 naturam
917 2671 933 2720 ;
967 2650 1076 2706 hoc
1114 2655 1307 2706 autem
1343 2651 1496 2721 quod
1532 2651 1820 2706 distinctae
1852 2650 1931 2705 sit
1959 2665 2024 2705 ac

381 2742 845 2800 multimembris
891 2744 1112 2797 natura:
1142 2756 1376 2811 corpus,
1410 2744 1586 2810 atque
1616 2739 1753 2794 hinc
1782 2739 2023 2801 factum,

381 2838 447 2888 ut
483 2832 664 2887 divini
707 2831 882 2886 istius
930 2828 1283 2885 sacramenti
1331 2826 1615 2882 confectio
1664 2826 1775 2882 sub
1806 2826 2025 2898 duplici

378 2921 626 2975 materia
652 2920 1222 2991 dispensaretur,pro
1248 2915 1646 2986 qualicunque
1675 2915 1887 2969 virium
1920 2931 2024 2969 no-

378 3012 630 3064 strarum
662 3005 1308 3079 proportione,Domino
1326 3021 1434 3059 nos
1457 3003 1687 3059 interim
1722 3002 2024 3059 erudiente

373 3113 586 3153 arcano
615 3113 723 3153 suo
756 3095 978 3151 afﬂatu.
1010 3094 1141 3149 Jam
1172 3092 1379 3148 anima:
1411 3092 1882 3165 impassibilitas,
1934 3093 2022 3148 vis

2134 510 2278 588 λέγει
2313 510 2404 567 διὰ
2428 518 2526 569 τοῦ
2559 513 2800 571 Ἠσαίου’
2850 514 2942 577 Τίς
2989 515 3091 590 γὰρ
3143 519 3312 570 ταῦτα
3352 513 3669 587 ἐξεζήτησεν
3722 517 3779 573 ὲκ

2131 606 2237 655 τῶν
2265 607 2470 678 χειρῶν
2493 604 2669 676 ὑμῶν,
2693 602 2739 657 εί
2766 603 2842 676 μὴ
2866 606 3109 679 φανερῶς
3136 603 3231 675 μὲν
3252 602 3528 679 λέγονται,
3560 605 3776 680 ἀφανῶς

2133 686 2191 743 δὲ
2245 694 2494 745 νοοῦνται
2529 712 2543 761 ;
2590 691 2680 746 καὶ
2709 692 2771 746 τὸ
2801 699 3078 766 προσῆκον
3111 691 3147 761 ἢ
3178 697 3296 755 τοῖς
3346 694 3665 769 πράγμασιν
3720 693 3772 763 ἃ,

2130 776 2569 857 κρυφιωδὲστερα
2601 777 2750 852 ὄντα,
2781 780 2956 843 οὕτως
2987 780 3349 856 ὲκφαίνονται,
3391 780 3483 837 ’ἱνα
3529 784 3608 856 μή
3662 789 3781 847 τοῖς

2131 865 2367 930 πολλοῖς
2384 864 2798 939 βεϐηλωθῶσιν,
2821 870 2855 939 ἢ
2869 874 2985 932 τοῖς
3045 871 3420 947 μτὲροιςνοῖς
3439 871 3530 926 καὶ
3552 875 3779 948 ψυχαῖς,

2134 954 2392 1025 δηλονότι
2439 958 2575 1013 κατᾶ
2621 959 2722 1027 τὴν
2763 962 2871 1013 τῶν
2921 955 3346 1034 ὑποδεχομένωδ
3398 957 3647 1031 δύναμιν·
3681 959 3783 1016 ἆλ-

2134 1043 2247 1109 λως
2286 1046 2388 1122 γὰρ
2437 1051 2856 1119 νομοθετοῦνται
2916 1049 2969 1102 οἱ
3027 1045 3309 1105 Ἰουδαῖοι.
3358 1048 3449 1103 καὶ
3504 1046 3699 1112 ἄλλως
3729 1051 3782 1105 οἱ

2130 1135 2268 1189 κατὰ
2309 1135 2539 1210 Χριστὸν
2584 1137 2769 1207 ἡμεῖς,
2817 1137 2917 1204 τὴν
2965 1135 3133 1205 αὐτὴν
3175 1137 3522 1211 νομοθεσίαν⁸
3583 1137 3784 1193 ἐκεῖνοι

2136 1223 2230 1294 μὲν
2289 1221 2342 1278 ἐν
2386 1227 2690 1299 γράμματι,
2742 1226 2908 1298 ἡμεῖς
2959 1222 3016 1279 δὲ
3072 1225 3123 1280 ἐν
3182 1225 3449 1300 πνεύματι
3485 1248 3498 1261 ·
3558 1226 3623 1281 οὗ
3676 1227 3782 1303 γὰρ

2133 1311 2322 1375 ἁπλῶς
2369 1313 2608 1385 ἱστορίαν
2661 1310 2777 1388 ἔχει
2805 1315 2833 1368 ὁ
2884 1310 3047 1391 λόγος
3101 1319 3211 1369 τῶν
3266 1320 3587 1391 προφητῶν,
3636 1315 3786 1372 ἄλλᾶ

2135 1404 2369 1471 ζωτικὴν
2428 1403 2729 1458 τελείωσιν·
2783 1405 2984 1465 σκοπὸς
3040 1406 3145 1481 γάρ
3193 1404 3305 1461 ἐστι
3333 1412 3453 1471 τοῖς
3485 1407 3658 1483 ἁγίοις
3693 1406 3785 1463 διαὶ

2131 1496 2237 1546 τῶν
2272 1496 2519 1567 Γραφῶν,
2546 1493 2685 1568 πρὸς
2699 1495 2800 1562 τήν
2823 1492 3043 1549 αἰώνιον
3070 1496 3214 1563 ζωὴν
3243 1493 3516 1551 τελεῖσθαι
3541 1496 3673 1559 τοὺς
3705 1495 3790 1552 δι-

2133 1579 2496 1655 δασκομένους
2545 1584 2677 1656 (35).
2726 1586 2907 1637 Ταῦτα
2959 1579 3016 1637 δέ
3047 1604 3203 1662 φησι,
3236 1581 3446 1647 δεικνὺς
3475 1585 3787 1661 ἀναγκαίως

2129 1671 2229 1739 τήν
2261 1669 2547 1747 ἀναγωγὴν
2580 1669 2632 1724 ἐν
2659 1675 2775 1733 τοῖς
2807 1671 2970 1735 θείοις
3001 1666 3194 1746 λόγοις
3223 1672 3456 1748 γίνεσθαι
3660 1677 3781 1749 Χρή

2131 1756 2421 1835 τοιγαροῦν
2448 1761 2534 1815 καὶ
2568 1761 2718 1831 ἡμᾶς
2764 1758 2893 1815 εἷ’σω
2922 1761 3235 1836 παρακόψαι
3291 1766 3400 1816 τῶν
3454 1760 3784 1835 συμϐόλων,

2131 1848 2220 1903 καὶ
2253 1856 2525 1925 θεωρῆσαι
2556 1849 2690 1904 αὐτὰ
2720 1850 2794 1911 ὡς
2823 1844 3019 1924 ἔκγονα
3048 1850 3204 1905 θείων
3242 1850 3334 1906 καὶ
3366 1856 3578 1921 νοητῶν
3606 1871 3788 1927 χαρα-

2132 1939 2372 2011 κτήρωψ
2417 1938 2508 1992 καὶ
2557 1940 2659 2013 γὰρ
2710 1937 2771 1992 οὔ
2824 1938 2987 2011 μόναι
3016 1939 3071 1993 αἱ
3098 1939 3470 2014 προσκυνηταὶ
3499 1946 3600 2010 τῆς
3625 1940 3786 2016 ἁγίας

2131 2024 2360 2102 Τριάδος
2385 2027 2701 2085 ὑποστάσεις
2722 2025 3027 2100 συμϐόλοις
3045 2026 3543 2084 διαποικίλλονται³
3562 2029 3654 2084 καὶ
3679 2034 3788 2106 πῦρ

2134 2115 2349 2190 λέγεται
2400 2117 2428 2170 ὁ
2470 2116 2616 2185 Θεὸς,
2668 2116 2761 2188 ὡς,
2809 2121 2922 2191 Πῦρ
2951 2115 3367 2185 καταναλίσκον,
3398 2119 3487 2173 καὶ
3521 2118 3590 2172 τὰ
3623 2117 3786 2192 λόγια

2129 2205 2326 2259 τούτου
2356 2204 2722 2280 πεπυρωμένα
2744 2224 2757 2237 ’
2784 2204 2931 2260 ἀλλὰ
2954 2207 3042 2260 καὶ
3075 2207 3128 2260 οἱ
3160 2204 3389 2280 ἄγγελοι
3423 2202 3785 2279 συμϐολικῶς

2132 2290 2540 2368 διαγράφονται·
2591 2293 2807 2368 λέγεται
2835 2294 2935 2370 γὰρ
2961 2293 3051 2348 καὶ
3080 2292 3206 2369 περῖ
3233 2294 3431 2349 αὐτῶν·
3486 2297 3549 2355 Ὀ
3603 2293 3782 2351 ποιῶν

2130 2381 2258 2443 τοὺς
2314 2380 2578 2457 ἀγγέλους
2631 2381 2796 2437 αὐτοῦ
2841 2382 3146 2455 πνεύματα,
3197 2381 3288 2438 καὶ
3344 2381 3474 2447 τοὺς
3521 2383 3780 2457 λειτουρ-

2131 2470 2258 2547 γοὺς
2292 2470 2454 2525 αὐτοῦ
2485 2473 2654 2545 πυρὸς
2685 2471 2887 2547 φλόγα.
2944 2469 3098 2527 Ἀλλ’
3132 2470 3286 2544 ὅμως
3307 2472 3445 2547 πρὸς
3469 2472 3540 2527 τὰ
3571 2470 3782 2527 ὑποκεί-

2137 2580 2271 2632 μενα
2289 2557 2377 2612 καί
2404 2560 2456 2613 οἱ
2477 2558 2638 2613 τύποι
2661 2563 2931 2627 νοοῦνται,
2955 2559 3050 2613 κᾶν
3076 2560 3128 2616 o't
3150 2559 3301 2615 αὐτοὶ
3330 2561 3454 2615 εἶεν·
3478 2561 3513 2629 ἣ
3536 2564 3667 2634 γοῦν
3684 2565 3781 2616 τοῦ

2132 2648 2301 2723 πυρὸς
2334 2646 2495 2702 ελκὼν
2550 2643 2884 2721 Λαμϐάνεται
2942 2648 3031 2703 ἐπὶ
3074 2653 3230 2721 Θεοῦ,
3277 2649 3313 2719 ἢ
3360 2650 3499 2704 κατὰ
3542 2649 3607 2703 τὸ
3650 2650 3780 2725 ὑπὲρ

2131 2736 2343 2807 νόησιν,
2368 2736 2449 2791 ὅτι
2476 2740 2582 2812 πῦρ
2616 2735 2847 2812 λέγεται·
2882 2736 3009 2793 ἀλλ’
3040 2737 3174 2813 ὑπὲρ
3204 2737 3365 2792 τοῦτό
3396 2736 3697 2800 ἐστι.Τέως
3726 2736 3782 2793 δὲ

2134 2823 2350 2900 λέγεται
2399 2829 2529 2900 πῦρ,
2589 2825 2663 2888 ὡς
2722 2823 2895 2887 αἶ’τιος
2967 2826 3159 2899 πυρός.
3210 2826 3308 2880 Καὶ
3359 2825 3477 2881 ἐπεὶ
3524 2826 3590 2881 τὸ
3635 2828 3775 2882 Θεῖον

2135 2915 2266 2987 ὑπὲρ
2325 2912 2513 2984 νόησίν
2576 2912 2741 2980 ἐστιν,
2806 2914 2912 2969 ἀπὸ
2985 2919 3093 2968 τῶν
3165 2914 3419 2969 αἶτιατῶν
3474 2915 3551 2977 ὡς
3608 2913 3780 2977 αἴτιος

2132 3007 2377 3071 νοεῖται,
2436 3003 2469 3071 ἣ
2515 3002 2651 3056 κατά
2698 3003 2798 3071 τήν
2847 3002 3011 3057 αὐτοῦ
3060 3002 3350 3077 πρόνοιαν,
3409 3003 3488 3065 ὡς
3547 3002 3601 3058 ἐν
3665 3008 3776 3065 τοῖς

2132 3090 2488 3167 Εὐαγγελίοις
2519 3136 2532 3158 ,
2593 3094 2702 3165 ΙΙῦρ
2759 3090 2933 3161 ἦλθον
2992 3090 3179 3167 βαλεῖν
3221 3090 3310 3147 ἐπὶ
3365 3098 3465 3162 τῆς
3513 3098 3661 3166 γῆς·
3715 3094 3775 3147 τὸ

371 3202 582 3258 nempe
611 3184 801 3257 ipsius
859 3181 1258 3239 intellectilis:
1312 3198 1428 3237 non
1466 3182 1616 3253 quod
1649 3181 1889 3238 omnino
1939 3180 2017 3237 sit

2131 3181 2226 3255 γὰρ
2254 3179 2616 3254 προνοητικὸν
2645 3179 2810 3235 αὐτοῦ
2856 3180 2947 3236 καὶ
2997 3179 3085 3235 ἐπὶ
3128 3187 3257 3235 πᾶσι
3315 3178 3651 3257 δραστήριον
3694 3181 3775 3236 καὶ

369 3290 577 3347 expers
608 3271 890 3346 patiendi,
944 3271 1045 3326 sed
1091 3272 1230 3342 quia
1267 3275 1641 3326 externarum
1675 3270 2015 3339 passionum

372 3363 547 3421 nulla:
577 3379 640 3419 se
670 3361 917 3418 offerant
945 3376 1134 3416 causae
1156 3359 1656 3431 quemadmodum
1682 3358 1787 3416 hoc
1806 3374 2019 3431 corpus

372 3451 703 3508 innumeris
735 3449 1055 3505 obnoxium
1087 3448 1753 3519 incommodis,quorum
1787 3446 2016 3502 nullum

374 3557 617 3613 prorsus
641 3539 870 3612 cogitur
898 3538 1097 3593 anima
1127 3536 1562 3603 sustinere,nisi
1597 3535 1862 3591 ultronea
1891 3552 2019 3607 pro-

377 3629 572 3702 priave
613 3627 911 3686 voluntate
953 3644 1020 3683 eo
1069 3624 1387 3682 deﬂexerit.
1436 3626 1566 3680 Haec
1598 3625 1781 3696 igitur
1811 3625 2018 3681 animae

374 3719 523 3774 circa
557 3718 860 3791 passiones
890 3714 1294 3771 inﬂexibilitas
1323 3716 1394 3769 ad
1425 3714 1770 3785 spectandas
1797 3714 2020 3785 species

2127 3266 2457 3343 διακριτικὸν
2508 3273 2614 3340 πῦρ
2661 3268 3007 3341 ὀνομάζεται·
3053 3270 3088 3339 ἢ
3138 3268 3274 3324 κατὰ
3315 3269 3409 3323 τὸν
3466 3267 3657 3344 λόγον,
3709 3270 3776 3330 ὡς

2126 3358 2273 3432 παρὰ
2322 3362 2402 3430 τῷ
2448 3358 2702 3429 Ἱερεμίᾳ·
2750 3358 2876 3432 Οὐχ
2923 3357 3097 3422 οὕτως
3143 3358 3195 3412 οἱ
3241 3357 3397 3433 λόγοι
3430 3378 3560 3430 μου,
3594 3358 3772 3433 ὥσπερ

2128 3451 2284 3519 πῦρ;
2334 3444 2478 3521 λέγει
2527 3446 2738 3521 Κύριος·
2792 3444 2882 3501 διὰ
2927 3448 2990 3502 τὸ
3040 3447 3275 3519 καθαρὸν
3310 3448 3512 3516 πάντη,
3543 3446 3769 3502 naida!-

2129 3531 2359 3604 ϐδηλοψ
2411 3534 2586 3595 καθὼς
2633 3534 2721 3589 καὶ
2766 3534 2913 3610 παρᾶ
2939 3538 3019 3608 τῷ
3050 3533 3234 3590 Δαυΐδ.
3267 3536 3348 3592 Τά
3374 3532 3544 3610 λόγια
3570 3536 3770 3611 Κυρίου

2128 3624 2511 3697 πεπυρωμένα,
2553 3621 2721 3697 λόγια
2777 3622 2931 3699 ἁγνά.
2984 3621 3142 3679 Ἀλλ’
3168 3623 3311 3678 οὕτω
3364 3625 3458 3697 μὲν
3531 3623 3625 3679 ἐπὶ
3678 3628 3770 3680 τοῦ

2128 3717 2281 3768 Θεοῦ⁸
2333 3710 2545 3786 λέγεται
2577 3709 2635 3766 δὲ
2682 3712 2773 3766 καὶ
2816 3710 2906 3767 ἐπὶ
2942 3717 3050 3767 τῶν
3107 3712 3357 3787 ἀγγέλων
3411 3714 3473 3767 τὸ
3531 3718 3666 3786 πῦρ,
3697 3715 3770 3775 ὡς

373 3823 503 3879 qua:
531 3806 828 3863 intellectu
858 3804 981 3861 solo
1003 3804 1603 3876 comprehenduntur,
1638 3808 1905 3873 sejuncta
1932 3808 2021 3859 est

2131 3801 2385 3857 αίτιατῶν
2416 3800 2475 3856 ἐκ
2503 3806 2637 3856 Θεοῦ
2666 3801 2802 3856 κατᾶ
2856 3802 3088 3875 μέθεξιν,
3133 3801 3316 3878 ὥσπερ
3366 3799 3506 3872 δῆτα
3555 3802 3770 3878 λέγοντι

370 3901 428 3951 et
458 3897 757 3968 disparata
782 3914 796 3963 ;
831 3911 980 3966 quas
1009 3894 1251 3965 quidem
1283 3893 1534 3949 visiones
1565 3892 1864 3964 simplices
1894 3908 2022 3947 esse

2131 3890 2215 3945 καὶ
2248 3895 2381 3968 φῶς,
2431 3889 2522 3945 καὶ
2553 3890 2665 3944 Θεοὶ
2691 3889 2782 3944 καὶ
2811 3887 2991 3946 τᾶλλα
3034 3890 3102 3944 τὰ
3127 3895 3206 3962 τῷ
3236 3894 3351 3962 Θεῷ
3397 3894 3769 3965 προσήκοντα.

368 3988 426 4038 et
455 3983 697 4038 intimas
723 3983 959 4048 astruit,
1010 3980 1179 4053 quasi
1225 3998 1471 4037 arcanas
1519 3982 1772 4036 maxime
1817 3985 1876 4036 et
1923 3979 2215 4035 introrsus
2259 3979 2691 4035 delitescentes.
2732 3982 3017 4035 Caeterum
3050 3980 3304 4052 passiva,
3335 3997 3462 4052 qum
3494 3988 3667 4038 extra
3710 3997 3771 4037 se

366 4072 540 4140 fiunt,
572 4071 830 4125 admittit
878 4070 989 4125 sibi
1043 4074 1292 4142 cognata
1347 4069 1468 4125 haec
1511 4069 1813 4125 involucra
1860 4068 2202 4140 figurarum.
2253 4069 2461 4140 Liquet
2490 4068 2599 4123 hoc
2626 4085 2693 4123 ex
2722 4084 2811 4140 eo,
2843 4070 2996 4140 quod
3026 4070 3444 4141 prophetarum
3498 4071 3769 4128 nonnulli

250 4199 261 4203 ρ
364 4157 710 4230 perspicuae,
742 4157 852 4212 hoc
883 4161 973 4212 est
1002 4158 1170 4212 nudae
1221 4173 1326 4212 nec
1367 4157 1502 4212 ullis
1550 4156 1809 4212 tectoriis
1855 4157 2216 4213 adumbratas
2265 4156 2573 4227 theologize
2622 4157 2918 4213 auditores
2951 4157 3132 4213 fuisse
3161 4160 3537 4215 referuntur:
3570 4166 3639 4216 ut
3686 4166 3773 4216 est

362 4244 503 4318 quia
536 4244 822 4301 Dominus
842 4260 905 4300 se
936 4243 1240 4299 visendum
1264 4244 1529 4300 exhibuit
1555 4244 1669 4316 ipsi
1697 4244 2017 4314 Abraham,
2047 4245 2170 4301 sive
2199 4245 2369 4299 etiam
2404 4247 2606 4318 Moysi.
2637 4246 2708 4300 Et
2732 4246 2879 4301 dixit
2907 4246 3015 4302 hoc
3045 4251 3102 4302 et
3136 4247 3262 4302 hoc.
3316 4248 3385 4303 Et
3439 4248 3632 4304 factus
3685 4255 3773 4305 est

359 4352 553 4392 sermo
588 4333 818 4390 Domini
866 4333 939 4389 ad
984 4332 1140 4388 hunc
1190 4333 1558 4405 prophetam.
1616 4334 1687 4388 Et
1718 4334 1777 4388 hi
1805 4334 2044 4405 quidem
2069 4334 2129 4389 in
2163 4335 2374 4405 seipsis
2406 4348 2580 4389 unam
2615 4333 2873 4406 aliquam
2910 4335 3160 4408 afﬁgunt
3187 4337 3505 4409 imaginem
3530 4337 3639 4393 tali
3690 4340 3773 4393 vi-

357 4424 533 4495 sioni,
561 4428 705 4496 puta
733 4421 1285 4493 contemplationem
1318 4437 1636 4493 congruam
1671 4422 1896 4494 pietati,
1928 4439 2056 4493 qua
2086 4423 2296 4478 divinae
2334 4429 2554 4478 natura:
2604 4424 2915 4495 utrobique
2956 4430 3183 4481 servata
3230 4426 3515 4496 temperie
3562 4442 3774 4482 conve-

356 4514 504 4571 niat.
540 4515 663 4579 Quo
692 4512 849 4568 enim
883 4515 1051 4584 pacto
1083 4509 1230 4566 alias
1259 4510 1392 4582 quis
1424 4510 1611 4582 possit
1642 4511 1961 4568 manuduci
1993 4513 2062 4567 ad
2099 4513 2447 4583 praescripta:
2477 4512 2780 4584 theologia:
2830 4512 3327 4586 intelligentiam?
3356 4516 3501 4585 Ipsae
3560 4516 3773 4571 etiam-

356 4619 500 4659 num
536 4608 816 4658 creaturas
848 4603 1289 4672 prmponuntur,
1319 4604 1376 4654 et
1405 4599 1574 4671 quasi
1600 4601 1915 4671 prsejacent
1964 4600 2360 4657 invisibilibus
2390 4607 2446 4658 et
2477 4600 2967 4673 intelligibilibus.
3002 4604 3187 4675 quue
3216 4619 3332 4659 non
3364 4602 3528 4659 solus
3558 4608 3777 4660 astruit

352 4690 723 4748 admirabilis
780 4689 878 4746 ille
944 4687 1246 4761 apostolus
1297 4687 1518 4744 Paulus
1574 4688 1810 4745 dicens:
1871 4689 2025 4761 Quia
2075 4689 2388 4745 invisibilia
2439 4690 2611 4761 ipsius
2648 4705 2746 4760 per
2785 4706 2871 4757 ea,
2917 4708 3033 4762 quae
3073 4694 3225 4763 facta
3281 4697 3437 4763 sunt,
3479 4692 3774 4750 intellecta

350 4778 769 4851 conspiciuntur
798 4777 894 4850 (m)
923 4776 935 4831 l
969 4777 1070 4832 sed
1102 4781 1160 4832 et
1187 4777 1442 4833 Verbum
1473 4794 1667 4846 verax,
1700 4777 2138 4850 ipse'Dominus
2172 4784 2368 4835 noster
2393 4779 2568 4834 Jesus
2606 4777 2874 4834 Christus
2924 4783 3155 4850 quando
3204 4780 3389 4847 dicit;
3438 4781 3502 4836 Si
3546 4788 3772 4838 terrena

347 4868 470 4924 dixi
488 4869 657 4934 vobis,
689 4870 879 4922 etnon
913 4865 1169 4927 creditis;
1227 4866 1492 4938 quomodo
1546 4869 1600 4923 si
1653 4867 1893 4923 ccclesiis
1940 4867 2129 4923 dixero
2178 4869 2329 4925 vobis
2376 4868 2607 4924 credetis
2638 4868 2713 4937 (η)
2745 4868 2773 4921 ‘I
2820 4867 3041 4923 Idcirco
3084 4868 3282 4923 eximii
3327 4867 3411 4923 illi
3463 4870 3767 4941 prophetae

347 4957 561 5028 partim
595 4956 824 5028 quidem
877 4955 934 5009 in
994 4954 1181 5010 civilis
1211 4971 1276 5010 ac
1312 4955 1540 5028 legibus
1585 4956 1867 5012 institutae
1901 4955 2026 5010 vitae
2074 4972 2298 5014 morem
2345 4974 2453 5013 sua
2503 4956 2980 5028 oontemplantur
3020 4957 3276 5025 oracula,
3329 4962 3396 5012 ut
3432 4974 3567 5012 cum
3621 4959 3769 5013 dicit

347 5045 572 5101 Isaiaso
598 5044 782 5100 Venite
809 5043 961 5099 283
992 5048 1047 5100 et
1074 5044 1453 5116 disceptamus,
1485 5044 1623 5100 dicit
1653 5047 1942 5101 Dominus.
1974 5045 2119 5100 Nam
2142 5046 2324 5101 ethoc
2354 5047 2423 5100 ad
2447 5045 2630 5100 civilis
2663 5046 2791 5100 vitae
2825 5044 3139 5117 legumque
3171 5046 3459 5102 rationem
3479 5048 3762 5117 pertinet.

341 5132 571 5189 Alicubi
640 5133 966 5205 purgative,
1026 5139 1092 5188 ut
1142 5150 1273 5188 cum
1308 5135 1664 5189 admonent:
1722 5135 2007 5202 Silienles,
2039 5135 2223 5189 veni/6
2250 5132 2327 5186 ad
2352 5148 2561 5203 aquam
2585 5134 2661 5206 (ρ)
2689 5153 2702 5203 ;
2736 5137 2828 5189 et:
2861 5134 3172 5200 Lavamini,
3204 5136 3413 5189 mundi
3441 5139 3615 5191 estote
3640 5140 3765 5208 (q);

343 5227 438 5278 et:
471 5222 713 5276 Accedite
741 5221 811 5276 ad
835 5238 979 5291 eum,
1010 5227 1061 5277 et
1114 5222 1524 5277 illuminamini
1564 5222 1656 5292 (r).
1716 5223 1846 5277 Haec
1902 5221 2057 5277 enim
2119 5223 2445 5276 doctrinam
2505 5224 2830 5294 respiciunt
2877 5222 3055 5279 simul
3094 5228 3150 5278 et
3188 5223 3607 5295 expiationem.
3652 5224 3767 5280 llla

346 5308 545 5379 igitur,
578 5326 709 5381 quas
738 5309 976 5381 politica
1032 5313 1193 5385 sunt,
1240 5316 1297 5364 et
1355 5309 1550 5382 legum
1611 5309 1927 5366 formulam
1958 5310 2293 5381 praeferunt,
2354 5309 2637 5366 rationem
2694 5312 2963 5367 obtinent
2994 5312 3340 5385 signorum;
3399 5318 3541 5369 sunt
3596 5318 3762 5370 enim

341 5397 637 5454 crassiora
668 5398 955 5469 nobisque
986 5397 1293 5454 manifesla
1324 5398 1622 5454 omnibus.
1658 5400 1793 5463 Quae
1828 5414 1961 5454 vero
2009 5396 2370 5470 purgatoria,
2425 5398 2708 5456 rationem
2760 5402 3062 5458 continent
3118 5401 3287 5456 nudae
3336 5399 3495 5458 illius
3550 5401 3765 5474 signo-

410 5611 510 5687 (m)
543 5611 711 5669 Rom.
743 5630 785 5685 1,
816 5614 907 5668 20.
987 5614 1067 5686 (η)
1095 5615 1265 5672 Joan.
1300 5617 1499 5687 111,12.
1578 5618 1655 5690 (o)
1686 5620 1822 5689 Cap.
1857 5632 1896 5687 1,
1932 5617 2019 5673 18.

2131 5617 2175 5687 υ)
2206 5617 2295 5673 Isa
2324 5633 2409 5683 Lv,
2444 5618 2494 5673 1.
2574 5618 2645 5692 (q)
2678 5621 2789 5677 lea.
2821 5635 2863 5693 1,
2895 5621 2984 5678 46.
3061 5621 3132 5696 (ν)
3163 5621 3317 5678 Psal.
3349 5637 3553 5695 xxxxu,
3582 5623 3642 5677 6.
