4004 6200
288 404 398 460 497
1104 413 1567 468 PACHYMERE
1607 414 2114 469 PARAPHBASIS
2151 417 2224 468 IN
2262 416 2418 468 EPP.
2463 417 2521 470 S.
2564 417 2894 472 DIONYSII.
3605 423 3710 478 498

283 548 421 587 rum
454 532 782 604 theologia.
822 534 1071 606 Ideoque
1114 534 1216 590 illa
1261 534 1498 606 quidem
1551 535 1795 591 inducta
1847 537 2120 593 videntur
2171 537 2477 593 hominum
2538 555 2720 604 more,
2753 540 2869 596 sive
2900 542 3074 596 etiam
3107 541 3493 616 aliquousque
3519 547 3710 602 subli-

284 623 463 677 mius.
497 627 616 677 Hoc
649 623 806 678 enim
843 625 1061 679 indicat
1095 624 1269 680 dictio
1303 623 1504 695 μέσως,
1556 625 1610 678 id
1664 631 1751 680 est
1795 627 1988 682 medie.
2039 627 2170 682 Haec
2220 644 2357 682 vero
2411 627 2732 683 sublimius
2780 634 2837 684 et
2867 629 2937 684 ad
2972 631 3384 701 perfectionem
3408 635 3707 692 efﬁcacius

279 710 674 766 inducuntur.
712 715 779 768 Et
810 712 910 768 illa
950 713 1189 784 quidem
1239 731 1273 768 a
1317 713 1652 784 conspicuis
1709 713 1939 782 legibus
1976 733 1987 770 :
2047 715 2168 770 hinc
2219 721 2414 770 autem
2469 717 2542 770 ab
2595 717 2666 771 iis
2717 734 2846 786 quae
2880 735 2978 788 per
3010 735 3070 774 se
3103 736 3331 775 arcanas
3363 727 3502 776 sunt
3530 735 3584 778 et
3615 725 3706 778 di-

278 799 446 854 vinae.
515 804 744 856 Rursus
807 800 908 855 illa
940 801 1189 872 antiquae
1229 801 1374 873 legis
1425 803 1657 856 decreta
1703 804 2000 872 proiialam
2051 803 2289 874 quidem
2339 803 2709 873 evulgantur,
2744 807 2993 860 obscure
3024 813 3218 862 autem
3272 808 3703 880 intelliguntur.

277 887 521 959 Alioqui
555 889 629 954 is,
689 890 789 960 qui
849 891 975 961 lege
1024 891 1218 945 sanxit
1265 891 1516 959 jejunis,
1569 891 1824 946 Sabbata
1881 897 1936 946 et
1988 892 2344 958 neomenias,
2399 899 2601 963 postea
2643 910 2744 964 per
2801 893 3010 950 Isaiam
3044 908 3063 932 ⁸
3111 896 3195 950 sic
3227 895 3493 968 loquitur
3526 917 3537 952 :
3570 901 3705 966 Quis
3791 927 3798 930 -

276 979 430 1032 enim
465 981 722 1048 quaesivit
753 980 868 1034 haec
897 980 961 1034 de
987 981 1242 1035 manibus
1274 984 1486 1046 vestris,
1521 981 1632 1034 nisi
1685 980 1824 1051 quia
1868 982 2176 1052 perspicue
2225 983 2460 1052 quidem
2495 982 2795 1048 dicuntur,
2831 983 3244 1056 intelliguntur
3273 991 3464 1042 autem
3497 988 3706 1043 obscu-

277 1067 455 1121 rius?
486 1067 881 1123 Conveniebat
911 1069 1169 1140 profecto
1210 1068 1548 1124 istiusmodi
1600 1069 1798 1133 rebus,
1855 1085 1979 1139 qua:
2029 1085 2130 1140 per
2174 1086 2235 1124 se
2282 1087 2417 1125 cum
2471 1070 2866 1127 abstrusiores
2910 1073 3048 1142 sint,
3086 1073 3154 1128 ad
3187 1072 3344 1130 hunc
3367 1075 3604 1130 modum
3641 1079 3704 1130 ut

275 1157 724 1227 evulgarentur,
759 1174 830 1213 ne
854 1175 886 1214 a
929 1175 1106 1230 quam
1159 1157 1430 1229 plurimis
1472 1164 1924 1228 prolanarentur
1953 1177 1969 1211 :
1996 1158 2115 1213 sive
2147 1160 2202 1213 id
2237 1159 2454 1215 nostris
2485 1163 2659 1216 etiam
2692 1162 3054 1232 congruebat
3085 1163 3358 1218 sensibus
3385 1169 3442 1219 et
3463 1164 3700 1230 animis,

271 1261 383 1316 pro
417 1246 809 1318 accipientum
842 1248 1109 1303 videlicet
1139 1252 1333 1318 captu.
1370 1246 1554 1302 Aliter
1590 1249 1744 1302 enim
1795 1247 1983 1302 Judaei
2028 1264 2168 1311 suae,
2219 1249 2388 1303 aliter
2419 1266 2526 1304 nos
2557 1251 2659 1320 qui
2692 1249 2925 1305 Christo
2957 1251 3199 1306 nomina
3229 1252 3521 1320 dedimus,
3555 1253 3699 1326 legis

271 1343 498 1391 nostrae
527 1338 763 1391 decreta
796 1337 1276 1408 interpretamur.
1312 1335 1401 1392 Illi
1454 1338 1608 1392 enim
1665 1337 1722 1390 in
1773 1336 1965 1390 littera
2018 1337 2130 1390 vim
2182 1354 2300 1391 suis
2348 1337 2494 1408 legis
2543 1339 2915 1394 constituunt
2948 1359 2961 1406 ;
2998 1356 3104 1394 nos
3135 1341 3193 1394 in
3225 1340 3458 1410 spiritu.
3495 1342 3695 1412 Neque

266 1427 432 1481 enim
468 1426 778 1481 historiam
826 1431 1125 1496 utcunque
1173 1425 1433 1480 continet
1481 1441 1674 1480 sermo
1726 1424 2125 1496 propheticus,
2175 1426 2276 1480 sed
2323 1432 2379 1480 et
2428 1431 2485 1480 in
2528 1443 2590 1482 se
2638 1426 2811 1482 habet
2850 1428 3213 1483 reconditam
3246 1428 3532 1484 viviﬁcam
3567 1445 3690 1498 per-

273 1516 620 1570 fectionem.
681 1514 784 1570 Hic
841 1515 997 1569 enim
1061 1517 1282 1570 sanctis
1314 1516 1526 1570 unicus
1559 1514 1668 1569 fuit
1698 1530 1930 1584 scopus,
1965 1519 2031 1567 ut
2059 1530 2159 1584 per
2189 1531 2286 1569 eas
2316 1515 2670 1586 Scripturas,
2691 1533 2839 1587 quas
2868 1517 3209 1572 docuissent
3230 1517 3688 1588 semel,perﬁce-

265 1609 401 1658 rent
437 1604 935 1674 proveherentque
959 1605 1028 1659 ad
1065 1609 1340 1659 mternam
1403 1605 1606 1659 vitam.
1652 1604 1721 1657 Et
1774 1601 1894 1656 haec
1940 1602 2177 1672 quidem
2223 1604 2324 1668 ait,
2358 1603 2591 1658 interim
2635 1603 2913 1674 graphice
2942 1605 3249 1660 declarans
3282 1605 3684 1660 sublimiorem

268 1693 600 1764 quamdam
637 1691 1082 1763 intelligentiam
1117 1692 1174 1747 in
1235 1692 1450 1747 divinis
1511 1691 1830 1763 Scripturis
1874 1707 2002 1747 esse
2061 1692 2495 1762 requirendam.
2556 1693 2755 1764 Operae
2790 1694 2969 1764 igitur
3025 1695 3274 1764 pretium
3313 1695 3510 1762 fuerit,
3546 1701 3608 1748 ut
3629 1700 3688 1749 et

266 1797 379 1835 nos
421 1780 716 1850 ejusmodi
747 1781 915 1850 signa
941 1779 1445 1851 introspiciamus,
1489 1779 1668 1835 simul
1712 1787 1769 1834 et
1807 1781 2012 1834 eadem
2059 1783 2547 1852 contemplemur,
2595 1782 2764 1853 quasi
2806 1783 3138 1838 divinarum
3168 1782 3685 1855 intelligiliumque

264 1869 548 1940 germina
575 1868 920 1940 ﬁgurarum.
955 1869 1078 1924 Non
1138 1869 1294 1923 enim
1339 1868 1476 1922 solas
1520 1868 1632 1922 illas
1674 1868 1950 1922 omnibus
1991 1869 2301 1923 adorandae
2362 1875 2747 1925 sacrosancta:
2791 1870 3094 1926 Trinitatis
3127 1887 3386 1942 persona:
3414 1871 3682 1942 ﬁgurati-

264 1959 356 2012 vis
391 1957 584 2026 signis
645 1957 1114 2029 distinguuntur.
1176 1958 1334 2028 Ignis
1391 1957 1684 2028 siquidem
1742 1956 1954 2012 dicitur
2010 1962 2184 2026 Deus,
2246 1964 2310 2012 ut
2364 1957 2509 2014 illud
2571 1959 2717 2029 Ignis
2761 1976 3085 2016 consumens
3111 1964 3271 2028 estt;
3317 1965 3409 2015 et:
3452 1961 3682 2030 Eloquia

264 2049 451 2118 ipsius
481 2048 666 2116 ignita
697 2061 742 2100 α.
776 2049 882 2101 Sed
941 2046 1131 2118 angeli
1191 2063 1419 2117 qusque
1476 2046 1592 2116 ipsi
1649 2047 1954 2117 ﬁgurative
2009 2047 2473 2103 describuntur:
2526 2049 2741 2102 dicitur
2797 2048 2952 2103 enim
3011 2050 3082 2104 de
3126 2049 3256 2104 his:
3288 2050 3394 2116 Qui
3417 2052 3550 2114 facit
3581 2067 3681 2103 an-

263 2137 424 2203 gelos
455 2151 580 2190 suos
623 2137 873 2204 spiritus,
929 2139 982 2189 et
1037 2136 1324 2190 ministros
1376 2149 1500 2190 suos
1561 2137 1714 2206 ignis
1760 2136 2043 2203 ﬂammam
2068 2151 2111 2190 ν.
2167 2141 2441 2192 Attamen
2478 2142 2765 2207 quantum
2835 2139 2906 2192 ad
2958 2138 3078 2193 haec
3136 2139 3398 2207 subjecta
3455 2140 3684 2205 attinet,

264 2227 450 2282 etiam
515 2225 714 2295 ﬁgurae
744 2225 889 2279 satis
919 2224 1348 2291 intelliguntur,
1404 2225 1551 2279 tales
1594 2223 1726 2278 licet
1777 2225 1913 2293 ipsae
1959 2224 2124 2280 sint:
2159 2225 2282 2279 sive
2325 2225 2481 2280 284
2529 2228 2722 2296 imago
2783 2227 2910 2296 ipsa
2951 2227 3102 2298 ignis
3127 2244 3230 2298 pro
3265 2234 3376 2282 er
3408 2228 3686 2297 sumitur,

261 2320 364 2370 aut
396 2314 729 2370 secundum
765 2313 822 2368 id
857 2315 1012 2385 quod
1048 2312 1495 2385 intelligentiam
1545 2313 1792 2375 excedit,
1845 2312 1983 2383 quia
2010 2313 2170 2383 ignis
2212 2330 2446 2384 quoque
2477 2315 2710 2370 dicitur.
2748 2314 3029 2370 Caeterum
3067 2315 3174 2370 hoc
3210 2333 3414 2370 rursus
3441 2333 3687 2385 exsupe-

261 2408 402 2458 rat:
442 2419 582 2457 nam
618 2403 781 2475 prius
811 2403 965 2472 ignis
1023 2401 1263 2469 dicitur,
1324 2401 1491 2473 quasi
1552 2402 1651 2472 qui
1709 2406 1912 2456 auctor
1969 2402 2046 2456 sit
2103 2401 2278 2471 ignis.
2318 2407 2383 2455 Et
2432 2403 2666 2473 quando
2713 2419 2931 2458 numen
2964 2420 3195 2458 omnem
3231 2403 3686 2475 intelligentiam

264 2493 667 2555 transcendit,
704 2491 842 2547 hinc
875 2509 906 2546 a
939 2492 1116 2546 rebus
1147 2492 1357 2546 creatis
1401 2497 1465 2545 ut
1508 2507 1708 2545 earum
1753 2498 1956 2545 auctor
2000 2490 2370 2560 intelligitur,
2405 2492 2522 2546 sive
2557 2497 2794 2562 propter
2822 2492 3012 2562 ipsius
3046 2492 3497 2563 providentiam,
3532 2493 3688 2547 sicut

263 2583 320 2637 in
358 2581 698 2653 Evangeliis
733 2598 746 2636 :
779 2582 965 2649 Ignem
995 2583 1124 2635 vcni
1151 2584 1366 2636 mittere
1409 2583 1469 2635 in
1513 2589 1724 2635 terram
1744 2593 1787 2634 ι.
1828 2579 1957 2634 Haec
2002 2580 2158 2634 enim
2207 2579 2397 2650 ipsius
2442 2581 2824 2652 providentia,
2852 2587 3198 2652 exprompta
3228 2581 3519 2636 etalacris
3543 2598 3685 2637 cura

261 2671 563 2737 omnium,
599 2671 775 2740 inque
807 2670 1164 2742 providendo
1213 2668 1524 2724 discretiva
1570 2669 1678 2733 vis,
1739 2667 1894 2738 ignis
1941 2669 2178 2724 nomine
2226 2671 2594 2739 exprimitur.
2648 2670 2774 2724 Sive
2804 2670 3050 2740 insuper
3080 2687 3182 2740 per
3205 2669 3525 2725 efﬁcaciam
3557 2687 3682 2724 ser-

263 2760 484 2830 monis,
523 2759 1024 2830 quemadmodum
1059 2759 1213 2829 apud
1258 2757 1662 2813 Jeremiamy:
1711 2757 1980 2827 Nunquid
2024 2775 2135 2811 non
2176 2759 2340 2813 verba
2376 2775 2501 2813 mea
2541 2760 2700 2829 quasi
2756 2759 2948 2829 ignis?
2989 2761 3126 2814 dicit
3166 2761 3433 2814 Dominus
3466 2759 3683 2830 ;idque

261 2852 507 2919 propter
564 2846 965 2901 omnimodam
1019 2847 1335 2917 puritatem
1393 2845 1936 2916 integritatemque,
1987 2847 2487 2916 quemadmodum
2547 2847 2702 2916 apud
2768 2846 2984 2900 David:
3032 2848 3264 2916 Etoquia
3306 2849 3525 2901 Domini
3557 2849 3683 2916 igne

265 2938 628 3004 examinata,
661 2937 880 3006 eloquia
913 2939 1060 2990 casta
1089 2951 1127 2990 ι.
1169 2939 1237 2989 Et
1267 2934 1386 2989 hzec
1419 2934 1656 3004 quidem
1689 2935 1761 2987 de
1793 2939 1907 2988 Dco
1951 2934 2104 2990 dicta
2136 2935 2274 2990 sint.
2307 2932 2557 2990 Proinde
2588 2936 2658 2989 de
2688 2934 2913 3006 angelis
2943 2936 3270 2990 etiamnum
3303 2936 3457 3006 ignis
3489 2952 3681 2990 enun--

261 3025 473 3093 tiatur,
509 3030 807 3095 quatenus
838 3039 871 3077 a
902 3023 1018 3078 Deo
1046 3023 1288 3087 conditi,
1321 3022 1496 3093 idque
1527 3023 1852 3077 secundum
1885 3022 2393 3094 participationem
2428 3041 2440 3078 :
2475 3023 2973 3093 quemadmodum
2998 3024 3176 3078 iidem
3203 3023 3303 3078 lux
3325 3025 3686 3092 dicuntur,et

267 3114 370 3176 dii,
396 3113 656 3184 aliisque
687 3111 983 3183 ejusmodi
1013 3111 1620 3183 agnominationibus,
1655 3127 1784 3182 quae
1812 3117 1928 3167 Deo
1959 3112 2070 3182 ipsi
2106 3129 2219 3166 non
2252 3113 2571 3183 incongrue
2602 3117 2934 3184 competere
2966 3117 3314 3169 noscuntur.

327 3251 570 3310 Μᾶλλον
621 3250 698 3320 δὲ,
734 3251 821 3307 ἶνα
878 3251 1116 3308 συνελὼν
1168 3250 1326 3320 ε’ἰπω,
1373 3252 1434 3306 τὸ
1483 3257 1588 3325 πῦρ
1641 3250 1728 3306 ἰπὶ
1776 3256 1912 3306 Θεοῦ

2098 3253 2246 3318 Quin
2277 3255 2495 3326 potius,
2531 3259 2593 3309 ut
2623 3258 2836 3309 cuncta
2866 3254 3258 3327 perstringam
3309 3255 3679 3328 compendio,

258 3343 564 3417 λεγόμενον
624 3343 740 3397 κατ’
793 3342 964 3397 αἰτίαν
1045 3338 1259 3418 λέγεται
1294 3361 1305 3373 ·
1381 3340 1627 3396 καλεῖται
1685 3341 1784 3415 γὰρ
1843 3344 1912 3397 ὼς

2035 3343 2188 3415 ignis
2215 3344 2307 3398 hic
2336 3345 2406 3398 de
2442 3346 2552 3398 Deo
2602 3343 2818 3412 dictus,
2860 3347 3186 3400 secundum
3221 3362 3455 3399 causam
3491 3363 3680 3400 enun-

259 3432 407 3486 αἰτία
439 3436 539 3486 τοῦ
582 3432 754 3505 πυρός
789 3449 803 3464 ο
849 3429 934 3486 ἐπὶ
995 3429 1051 3486 δὲ
1105 3434 1212 3486 τῶν
1270 3429 1445 3504 λόγων
1496 3434 1592 3484 τοῦ
1645 3433 1777 3485 Θεοῦ
1805 3429 1924 3492 καθ’

261 3520 489 3594 ὕπαρξιν
527 3539 542 3551 ’
574 3526 736 3576 τοῦτο
787 3517 843 3575 δὲ
893 3518 1063 3596 λέγει,
1114 3519 1220 3595 οὐχ
1269 3520 1351 3574 ὅτι
1400 3519 1748 3574 ἐνυπὸστατοὶ
1789 3517 1920 3573 εἰσιν

264 3611 315 3665 αἰ
363 3615 466 3666 τοῦ
528 3610 661 3666 Θεοῦ
711 3609 985 3684 πρόνοιαι,
1042 3607 1168 3664 ἀλλ’
1227 3607 1308 3664 ὅτι
1362 3609 1466 3663 ἀπὸ
1511 3613 1643 3663 Θεοῦ
1699 3608 1798 3662 εἶσι
1830 3605 1920 3661 καὶ

265 3700 636 3774 ὑπάρχουσιν,
687 3698 792 3774 οὐχ
839 3699 914 3762 ὡς
959 3701 1073 3772 (37)
1129 3699 1452 3776 ὑφεστῶσσι,
1485 3695 1610 3753 ἀλλ’
1661 3699 1735 3761 ὡς
1777 3696 1918 3771 ἐνερ-

261 3791 534 3866 γο·3μεναι
569 3809 581 3821 ·
627 3788 712 3844 ἐπὶ
764 3787 820 3844 δέ
865 3793 972 3844 τῶν
1023 3787 1274 3864 ἀγγέλων
1322 3790 1457 3844 κατὰ
1511 3789 1718 3859 μέθεξιν
1756 3787 1916 3840 ’ἐπεὶ

258 3881 364 3954 γὰρ
398 3879 493 3934 καὶ
523 3876 780 3941 θεοειδεῖς
831 3876 1110 3953 λέγονται,
1159 3877 1248 3932 καὶ
1286 3882 1382 3933 τοῦ
1423 3877 1566 3932 Οεῖου
1603 3876 1914 3950 μετέχουσι.

258 3973 370 4041 Πῦρ
426 3965 485 4022 δὲ
541 3969 568 4023 ὁ
629 3969 755 4029 Θεὸς
814 3966 1051 4042 λέγεται,
1106 3971 1211 4041 πῦρ
1270 3968 1358 4020 καὶ
1414 3965 1566 4020 αὐτοὶ
1623 3964 1914 4019 καλοῦνται

256 4060 394 4112 κατὰ
445 4059 548 4126 τήν
617 4058 878 4131 μετοχήν.
953 4057 1195 4131 Διασὲρει
1271 4053 1327 4109 δὲ
1399 4055 1461 4108 τὸ
1517 4054 1653 4108 κατὰ
1708 4054 1914 4127 μέθεξιν

254 4148 399 4201 Θεῖον
430 4151 533 4202 τοῦ
582 4147 696 4200 καθ’
756 4144 976 4220 ὕπαρξιν
1025 4144 1267 4213 ἑνταῦῦα,
1321 4146 1401 4200 ὅτι
1455 4145 1517 4198 τὸ
1564 4145 1698 4198 κατὰ
1760 4144 1914 4215 μεθε-

252 4237 330 4308 ειν
391 4233 565 4306 δηλοῖ
625 4234 811 4289 οὐσίαν
890 4236 1009 4298 καθ’
1079 4235 1271 4302 ἑαυτὴν
1328 4235 1488 4288 οὖσαν
1547 4232 1635 4287 καὶ
1682 4232 1914 4287 ἐπακτὸν

255 4323 494 4399 ἔχουσαν
530 4324 593 4378 τὸ
645 4321 875 4388 θεοειδές
912 4343 924 4355 ·
954 4324 1018 4378 τὸ
1070 4321 1127 4378 δὲ
1175 4324 1290 4378 καθ’
1341 4322 1588 4399 ὕπαρξιν,
1641 4326 1853 4394 πνεῦμα
1879 4319 1913 4391 ἤ

253 4410 441 4487 λόγιον
496 4419 666 4482 θεῖον,
716 4414 990 4467 τουτέστιν
1045 4411 1104 4467 ἐκ
1164 4416 1298 4467 Θεοῦ
1349 4412 1628 4486 παραχθέν
1679 4411 1770 4464 καὶ
1830 4408 1911 4464 λε-

255 4502 387 4578 χθέν
613 4501 769 4558 Οὕτω
816 4503 918 4578 γὰρ
964 4500 1025 4556 οὗ
1078 4500 1447 4578 συμφῦρονται
1507 4501 1558 4554 οἱ
1610 4499 1764 4575 λόγοι
1804 4505 1911 4554 τῶν

2035 3433 2232 3488 tiatur.
2268 3433 2522 3488 Vocatur
2570 3433 2726 3489 enim
2779 3434 2931 3488 sicut
2981 3439 3200 3498 auctor,
3235 3435 3304 3488 ab
3353 3434 3482 3506 ipsa
3526 3434 3680 3506 ignis

2033 3523 2347 3577 creatione.
2406 3523 2479 3577 De
2528 3522 2909 3594 providentiis
2959 3529 3150 3578 autem
3201 3541 3268 3577 ac
3315 3522 3506 3578 verbis
3554 3523 3678 3589 Dei,

2031 3613 2360 3666 secundum
2386 3611 2803 3667 substantiam.
2838 3612 2953 3666 Hoc
2977 3627 3148 3682 porro
3172 3612 3312 3665 dicit
3341 3613 3527 3682 Pater,
3561 3629 3674 3668 non

2033 3701 2185 3772 quod
2221 3701 2279 3754 in
2305 3715 2366 3754 se
2411 3699 2803 3755 subsistentes
2839 3699 2958 3754 sint
2988 3698 3360 3770 providentis;-
3392 3699 3490 3753 Dei
3526 3717 3538 3754 :
3571 3701 3671 3754 sed

2029 3788 2169 3859 quia
2201 3805 2231 3842 a
2262 3789 2375 3843 Deo
2407 3793 2568 3854 sunt,
2596 3793 2653 3842 et
2682 3787 2991 3854 exsistunt,
3018 3804 3130 3841 non
3155 3786 3324 3858 quasi
3347 3786 3674 3842 subsisten-

2027 3883 2139 3947 tes,
2165 3878 2262 3932 sed
2293 3886 2354 3931 ut
2383 3876 2696 3931 efﬁcaciter
2715 3881 3044 3948 operantes.
3076 3876 3204 3932 Jam
3230 3892 3364 3930 vero
3396 3875 3467 3930 de
3495 3892 3670 3948 ange-

2030 3967 2100 4022 lis
2134 3966 2484 4038 prredicatur
2505 3965 2826 4020 secundum
2857 3963 3382 4037 participationem,
3406 3966 3673 4038 quando-

2027 4055 2263 4128 quidem
2288 4055 2600 4109 deiformes
2623 4053 2920 4121 dicuntur,
2943 4057 2997 4108 et
3028 4052 3237 4109 divinae
3260 4054 3673 4125 quadantenus

2027 4149 2326 4199 consortes
2354 4148 2596 4198 naturas.
2633 4143 2791 4210 Ignis
2824 4142 3080 4214 profecto
3108 4143 3258 4198 Deus
3281 4142 3405 4214 ipse
3423 4143 3670 4200 dicitur:

2027 4234 2126 4288 sed
2161 4237 2215 4287 et
2245 4231 2437 4303 angeli
2470 4231 2626 4303 ignis
2655 4236 2960 4300 vocantur,
2987 4232 3121 4301 jure
3155 4231 3470 4303 participii.
3497 4232 3672 4287 Caete-

2025 4338 2156 4378 rum
2192 4321 2469 4376 divinitas
2500 4320 2642 4388 haec,
2667 4337 2794 4392 quae
2815 4321 3137 4376 secundum
3165 4321 3670 4393 participationem

2025 4411 2259 4476 dicitur,
2295 4412 2365 4466 ab
2400 4428 2466 4466 ea
2500 4410 2556 4464 in
2593 4410 2954 4465 immensum
2989 4410 3204 4476 differt,
3235 4426 3365 4481 quae
3395 4409 3669 4480 praesenti

2022 4501 2148 4556 loco
2181 4499 2529 4572 praedicatur
2555 4501 2878 4555 secundum
2912 4499 3304 4554 substantiam
3334 4514 3346 4551 :
3381 4499 3519 4569 quia
3540 4515 3668 4570 quae

254 4586 618 4663 συμϐολικῶν
653 4589 936 4663 ὀνομάτων
973 4609 984 4620 ⁸
1037 4589 1183 4644 ἀλλὰ
1214 4589 1597 4662 προσηκόντως
1627 4595 1742 4650 τοῖς
1779 4591 1909 4643 ὑπο-

2027 4589 2429 4662 participative
2461 4589 2711 4661 capitur,
2753 4587 3143 4644 substantiam
3185 4586 3444 4641 declarat
3475 4602 3576 4658 per
3605 4603 3669 4642 se

251 4680 535 4752 κειμένοις
580 4684 826 4734 νοοῦνται
862 4699 874 4710 ·
910 4680 985 4742 ὡς
1040 4678 1165 4756 φέρε
1217 4678 1384 4733 εἰπεῖν
1436 4678 1519 4732 ἐπὶ
1571 4682 1666 4732 τοῦ
1711 4679 1907 4755 φωτὸς,

253 4773 366 4846 φῶς
427 4767 651 4843 λέγεται
707 4769 734 4822 ὀ
792 4769 944 4837 Θεὸς,
1029 4766 1174 4823 ἀλλὰ
1245 4772 1324 4840 τῷ
1399 4768 1530 4822 εἶναι
1591 4764 1762 4828 αἶ’τιος
1816 4765 1910 4820 τοῦ

549 4862 662 4936 φῶς
742 4859 809 4912 τὰ
890 4858 1286 4932 προστάγματα
1363 4861 1459 4911 τοῦ
1535 4861 1690 4927 Θεοῦ,
1767 4853 1911 4911 ἀλλᾶ

249 4949 388 5001 κατὰ
444 4948 546 5015 τήν
635 4946 878 5020 ὕπαρξιν.
966 4944 1209 5019 Εἴπομεν
1294 4943 1351 5000 δὲ
1438 4945 1715 5020 ἀνωτέρω,
1792 4950 1908 5007 πῶς

251 5031 588 5109 ἐκλαμϐάνει
650 5036 748 5104 τήν
809 5034 1078 5111 ὕπαρξιν·
1161 5034 1275 5090 ἐπεὶ
1348 5038 1461 5109 φῶς
1531 5035 1558 5088 ὁ
1631 5035 1759 5094 Θεὸς
1828 5032 1912 5088 λέ-

251 5146 428 5200 γεται,
465 5122 699 5200 ὑπᾶρχει
735 5122 792 5179 δὲ
841 5125 902 5179 ’τὸ
959 5124 1282 5200 πρόσταγμα
1333 5121 1382 5193 ἐξ
1433 5121 1594 5176 αὐτοῦ
1638 5123 1912 5198 παραχθὶν

252 5220 371 5292 φῶς
400 5215 492 5269 καὶ
527 5214 690 5277 αὐτὸς
734 5213 964 5283 κληθείη
1002 5238 1008 5244 ·
1069 5213 1216 5281 πλήν
1265 5213 1326 5268 οὐ
1371 5213 1505 5268 κατᾶ
1557 5213 1762 5284 μέθεξιν
1801 5233 1812 5244 ·
1849 5211 1910 5265 οὐ

250 5305 354 5379 γᾶρ
381 5325 438 5357 τι
472 5301 616 5358 ἄλλο
647 5303 705 5358 ὃν
739 5303 800 5356 τὸ
851 5308 1170 5375 πρόσταγμα
1207 5301 1436 5377 μετέσχε
1482 5306 1578 5355 τοῦ
1621 5302 1767 5364 θείου
1799 5323 1910 5378 φω-

253 5393 348 5454 τὸς
382 5412 394 5423 ·
447 5392 576 5448 ἀλλ’
620 5392 790 5453 οὕτως
835 5391 964 5447 αὐτὸ
1014 5393 1276 5468 παρήχθη
1329 5390 1388 5445 ὲκ
1436 5395 1590 5462 Θεοῦ,
1621 5390 1711 5446 καὶ
1745 5395 1910 5460 θεῖον,

251 4858 435 4935 φωτός
473 4879 484 4890 ·

319 5662 342 5687 ι
377 5647 495 5702 Isa.
530 5663 570 5716 ι,
607 5647 694 5700 12.
780 5653 797 5688 ι
826 5645 995 5702 Deut.
1045 5661 1121 5712 1v,
1169 5645 1260 5702 24.

250 5731 274 5760 ι
314 5718 487 5774 Psal.
518 5735 656 5788 xvn,
689 5718 778 5774 31.

1337 5643 1550 5699 nPsal.
1609 5660 1803 5714 cxvm,
1865 5643 1986 5699 440.

2021 4679 2256 4751 quidem
2277 4677 2677 4745 exsistentem,
2705 4678 2802 4733 sed
2829 4677 3064 4731 aliunde
3087 4675 3447 4730 obtinentem
3467 4674 3665 4730 asciti-

2020 4767 2161 4822 tiam
2185 4766 2346 4821 illam
2371 4766 2821 4822 similitudinem
2849 4763 3199 4820 Divinitatis.
3220 4763 3325 4818 Illa
3349 4777 3503 4828 vero,
3537 4781 3664 4834 qua:

2021 4861 2109 4910 est
2139 4857 2460 4910 secundum
2485 4855 2889 4910 exsistentiam
2923 4852 3252 4925 inspiratio,
3287 4856 3342 4907 et
3363 4853 3663 4908 oraculum

2021 4946 2307 5016 divinum,
2342 4945 2449 5000 hoc
2480 4949 2570 5001 est
2601 4961 2633 4999 a
2680 4943 2796 4998 Deo
2836 4943 3188 5014 productum
3220 4945 3276 4996 et
3306 4941 3550 4997 dictum.
3586 4943 3668 4997 Ita

2021 5034 2175 5090 enim
2209 5032 2662 5106 synsbolicorum
2688 5031 2991 5086 nominum
3017 5031 3271 5086 rationes
3295 5046 3666 5102 nequaquam

2021 5123 2373 5178 confusanee
2417 5121 2852 5193 permiscentur
2881 5137 2892 5174 :
2941 5119 3125 5192 magis
3160 5135 3293 5174 vero
3325 5118 3666 5193 intelligun-

2020 5218 2117 5267 tur
2147 5230 2248 5284 pro
2277 5213 2485 5266 decoro
2512 5210 2761 5280 subjecti
2785 5210 3076 5279 cujusque
3094 5209 3448 5279 argumenti,
3468 5226 3669 5281 quem-

2022 5303 2338 5357 admodum
2401 5302 2470 5355 de
2549 5299 2678 5354 luce
2727 5315 2966 5370 quoque
3038 5299 3420 5369 pronuntiare
3475 5297 3666 5355 liceat.

2022 5391 2141 5445 Lux
2182 5395 2338 5446 Deus
2386 5389 2511 5460 ipse
2562 5387 2804 5459 dicitur,
2855 5387 2955 5442 sed
3000 5391 3292 5458 quatenus
3343 5391 3548 5446 auctor
3585 5394 3672 5445 est

2070 5640 2274 5701 vPsal.
2323 5657 2445 5708 cm,
2494 5641 2545 5696 li.
2631 5665 2654 5691 ι
2700 5645 2836 5696 Luc.
2887 5658 2988 5709 χιι,
3049 5641 3134 5695 49.
3191 5643 3361 5698 yJer.
3394 5660 3553 5713 XXIII,
3576 5646 3666 5701 29.
