4004 6200
327 367 433 422 499

1149 369 1522 424 APPENDIX
1559 370 1658 424 AD
1696 370 1939 425 OPERA
1977 372 2036 425 Β.
2076 370 2390 428 DIONYSII
2427 376 2929 434 AREOPAGITE.

3636 379 3740 435 500

303 491 498 560 lucis.
533 491 658 547 Lux
682 491 823 547 item
853 490 954 548 Dei
985 490 1175 564 ipsius
1196 493 1494 563 mandata,
1520 493 1618 549 sed
1643 493 1969 549 secundum

2086 490 2219 569 ὅπερ
2255 493 2396 569 λὲγει
2433 497 2462 550 ὁ
2507 499 2694 573 Πατὴρ
2744 500 2864 563 καθ’
2904 496 3152 576 ὕπαρξιν.
3205 505 3332 563 Φῶς
3379 502 3470 558 καὶ
3525 502 3554 556 ὁ
3585 499 3740 578 ἄγγε-

331 581 1050 653 substantiam.Superius
1069 585 1264 637 autem
1289 581 1510 638 dictum
1534 582 1705 638 nobis
1727 587 1981 654 est,quo-

334 671 508 726 modo
548 670 697 726 285
735 669 1152 741 interpretetur
1191 671 1540 726 substantia;
1572 686 1806 726 nomen.
1837 671 1982 728 Nam

330 761 568 833 quando
600 758 700 813 lux
732 763 883 813 Deus
905 758 1030 830 ipse
1055 759 1387 827 dicitur,est
1418 762 1612 814 autem
1637 760 1980 815 mandatum

329 850 400 909 ab
447 849 575 920 ipso
617 847 964 921 profectum,
1009 849 1145 919 jure
1203 848 1302 903 lux
1351 848 1698 903 mandatum
1748 865 1982 920 quoque

326 939 520 996 vocari
547 941 739 1010 potest
767 957 781 1005 ς
807 953 995 1008 neque
1018 942 1214 992 tamen
1240 938 1296 992 id
1322 939 1645 992 secundum
1673 937 1982 1010 participa-

327 1027 548 1085 tionem
581 1027 664 1082 ﬁt.
698 1026 824 1082 Non
857 1025 1012 1081 enim
1042 1025 1198 1081 aliud
1225 1025 1447 1098 aliquid
1473 1026 1762 1082 exsistens
1784 1026 1980 1097 ipsum

327 1117 429 1173 Dei
461 1115 834 1180 mandatum,
867 1114 1160 1186 particeps
1193 1113 1310 1170 dici
1343 1115 1552 1170 debeat
1580 1114 1789 1170 divina:
1821 1114 1984 1172 illius

327 1205 513 1273 lucis;
547 1205 648 1261 sed
682 1205 764 1260 ita
795 1219 937 1259 sane
978 1205 1052 1259 ab
1094 1204 1224 1276 ipso
1266 1203 1660 1276 proﬁciscitur
1680 1204 1817 1260 Deo.
1851 1206 1984 1277 Ipsa

331 1293 584 1365 denique
602 1293 1085 1363 divinitas,quam
1109 1292 1451 1364 pronuntiat
1468 1292 1636 1349 Pater
1655 1294 1980 1350 secundum

244 1435 248 1440 .
330 1390 746 1448 substantiam.
810 1394 930 1444 Lux
980 1389 1185 1446 itidem
1245 1389 1508 1462 angelus,
1559 1394 1619 1445 at
1674 1390 1982 1463 participio

329 1481 562 1547 divinae;
582 1478 733 1534 lucis
751 1477 1012 1550 supremi
1034 1479 1376 1551 angelorum
1393 1479 1630 1535 ordines
1652 1484 1792 1535 sunt
1807 1481 1981 1536 etiam

328 1569 526 1625 lumen
559 1584 662 1639 pro
685 1568 974 1638 cujusque
995 1571 1052 1622 et
1075 1569 1280 1623 ordine
1302 1575 1358 1623 et
1377 1569 1585 1622 merito
1608 1589 1622 1636 ;
1653 1572 1829 1640 prout
1858 1569 1981 1641 pri-

331 1656 514 1714 mario
547 1656 632 1711 illi
663 1656 876 1712 lumini
929 1656 1174 1728 propius
1224 1657 1529 1724 accedunt,
1563 1658 1838 1728 quodque
1865 1657 1981 1713 vim

330 1746 630 1803 obtineant
650 1762 783 1801 cum
807 1743 1211 1815 illuminandi,
1230 1749 1358 1801 tum
1382 1745 1738 1818 provehendi
1760 1761 1822 1802 se
1838 1746 1982 1802 infe-

334 1835 517 1891 riores
551 1834 787 1890 ordines
821 1834 892 1889 ad
937 1833 1354 1891 sublimiorum
1387 1850 1584 1890 rerum
1617 1835 1977 1907 contempla-
2011 1869 2058 1934 B

333 1924 581 1981 tionem.
647 1924 730 1978 Ad
788 1922 947 1978 hunc
995 1924 1238 1979 modum
1287 1923 1626 1980 istiusmodi
1674 1924 1979 1997 signorum

336 2013 579 2070 nomina
609 2029 724 2068 non
778 2011 1052 2068 indecore
1094 2012 1459 2084 explicantur
1507 2015 1834 2070 secundum
1888 2030 1982 2070 res

333 2103 656 2173 subjectae.
690 2101 974 2157 Caeterum
1007 2117 1080 2157 ne
1118 2118 1299 2174 supra
1327 2101 1659 2174 epistolaris
1689 2118 1979 2159 mensurae

331 2191 548 2247 lineam
583 2189 827 2246 dicendo
858 2190 1356 2263 pratervehamur
1388 2208 1402 2248 :
1433 2192 1786 2247 veniendum
1810 2191 1979 2248 nobis

329 2308 486 2348 nunc
503 2292 572 2346 ad
591 2291 1108 2363 interrogationem
1126 2291 1980 2364 praemotam,propositionem-

326 2397 441 2453 que
458 2381 601 2437 desu
613 2397 665 2436 m
677 2383 834 2453 ptem
852 2397 882 2436 e
895 2379 1342 2436 Proverbiorum
1367 2381 1538 2438 libro.
1567 2380 1872 2436 Enimvero
1887 2380 1976 2435 in-

291 2523 294 2526 .
323 2470 638 2541 terrogatio
654 2474 756 2525 tua
773 2469 1037 2525 talisest:
1067 2471 1200 2537 Quae
1227 2471 1432 2542 utique
1453 2469 1982 2542 esculento,quaeve

326 2559 643 2634 poculenta
692 2558 885 2632 ipsius
950 2563 1092 2615 sunt
1174 2560 1498 2632 sapientiae.
1547 2558 1679 2616 Jam
1728 2560 1798 2615 de
1849 2559 1978 2616 cibo

324 2650 586 2722 primum
619 2647 892 2704 dicimus.
926 2648 1103 2703 Cibus
1145 2665 1286 2704 sane
1325 2647 1742 2721 adimpletivus
1775 2652 1864 2704 est
1895 2649 1976 2704 rei

324 2737 544 2810 indigre
578 2742 755 2810 atque
804 2735 1128 2793 deﬁcientis
1183 2737 1431 2794 infirmaa
1480 2738 1798 2806 curativus,
1848 2737 1977 2793 vita

325 2827 766 2882 conservativus
798 2845 812 2894 ;
849 2825 950 2898 qui
991 2826 1061 2880 ad
1109 2825 1311 2881 ﬂorem
1362 2842 1640 2882 revocans
1680 2826 1887 2894 aetatis,
1921 2829 1979 2880 et

327 2914 497 2985 quasi
531 2913 1089 2980 renovans,vitalem
1115 2913 1432 2969 clementer
1452 2914 1718 2986 indulget
1748 2914 1974 2986 corpori

327 3006 813 3072 temperaturam,
848 3019 1203 3074 omnemque
1232 3022 1262 3056 a
1295 3003 1466 3058 nobis
1495 3019 1737 3074 prorsus
1767 3019 1976 3058 mcero-

331 3107 453 3146 rem
493 3090 692 3162 exigit,
742 3095 797 3145 et
844 3091 1184 3162 suppeditat
1221 3093 1676 3161 jucunditatem.
1725 3091 1975 3147 Pulchre

329 3179 645 3236 admodum
695 3178 1140 3250 sapientissime
1177 3179 1308 3250 ipsa
1355 3179 1644 3252 sapientia
1687 3186 1970 3238 craterem

327 3272 506 3338 tenet,
547 3273 605 3325 et
653 3269 950 3340 potionem
1005 3267 1343 3339 profundit;
1391 3269 1501 3325 hoc
1550 3269 1706 3324 enim
1753 3269 1973 3325 indicat

323 3359 568 3413 verbum
602 3357 985 3431 προνοεῖ.ΙῐῙ]0
1011 3373 1142 3413 vero
1176 3362 1308 3413 ante
1339 3359 1581 3414 crateris
1611 3375 1970 3414 commemo-

321 3448 609 3503 rationem
622 3447 842 3502 solidos
856 3445 1016 3502 cibos
1035 3447 1671 3518 apponens,universos
1686 3447 1970 3503 invitatad

325 3535 567 3608 epulum
599 3552 611 3590 :
647 3535 1284 3607 ipsa,inquam,eorum
1314 3552 1512 3592 amore
1535 3540 1704 3608 capta
1722 3535 1970 3604 decenti,

325 3627 426 3699 qui
452 3627 580 3698 ejus
612 3624 900 3697 indigent,
916 3642 1028 3681 non
1057 3631 1118 3680 ut
1139 3625 1298 3696 prior
1320 3625 1621 3694 invitetur,
1645 3629 1970 3697 exspectat;

323 3715 530 3771 invitat
550 3715 679 3787 ipsa
700 3714 898 3786 potius
914 3730 1015 3787 per
1027 3732 1092 3769 su
1105 3730 1320 3769 mmam
1336 3731 1505 3770 suam
1529 3714 1971 3786 benignitatem.

326 3813 644 3884 Dupliciter
672 3829 809 3885 ergo
841 3812 1134 3884 sapientia
1164 3813 1372 3880 nutrit,
1403 3829 1559 3868 nunc
1591 3813 1826 3883 quidem
1862 3811 1968 3867 ali-

327 3903 545 3970 monia,
579 3918 735 3956 nunc
765 3919 899 3957 vero
951 3901 1207 3972 potione.
1262 3904 1394 3972 Ipsa
1432 3902 1675 3957 crateris
1711 3900 1971 3972 profusio

323 3989 711 4059 multiplicem
729 3995 1104 4061 repraesentat
1119 3990 1493 4061 providentia;
1507 3990 1696 4062 ipsius
1710 3989 1974 4062 benigni-

322 4083 526 4134 tatem.
547 4078 749 4133 Crater
767 4079 948 4149 igitur
973 4080 1064 4135 hic
1089 4096 1222 4134 cum
1251 4080 1329 4134 sit
1351 4080 1410 4134 in
1436 4080 1634 4136 orbem
1659 4081 1971 4150 rotundus,

320 4171 378 4223 et
407 4165 465 4221 in
495 4165 756 4238 patulam
788 4167 1236 4238 amplitudinem
1264 4184 1579 4239 expensus,
1601 4169 1813 4225 divinae
1834 4185 1973 4242 erga

319 4272 413 4312 om
424 4271 524 4312 nes
538 4253 918 4326 providentiae
938 4255 1195 4312 declarat
1208 4260 1470 4328 apertam
1487 4255 1936 4328 explicationem
1955 4275 1970 4315 :

317 4371 442 4426 qua:
471 4354 711 4426 quidem
744 4352 804 4408 in
836 4353 1181 4410 universum
1214 4371 1418 4410 omnes
1443 4354 1970 4427 circumplectitur,

319 4443 626 4515 ambitque
657 4449 975 4498 creaturas.
1009 4441 1260 4499 Proinde
1291 4442 1481 4514 ipsam
1515 4443 1618 4498 Dei
1659 4443 1970 4516 providen-

318 4533 460 4589 tiam
494 4532 761 4587 insinuat
786 4531 947 4588 omni
978 4547 1224 4603 prorsus
1249 4548 1444 4588 carere
1475 4532 1766 4606 principio
1799 4548 1814 4588 :
1849 4549 1966 4590 non

2096 580 2212 654 λος,
2253 581 2418 669 ,ἀλλὰ
2462 587 2596 640 κατὰ
2657 586 2866 661 μέθεξιν
2913 593 3010 644 τοῦ
3058 590 3202 646 θείου
3249 591 3430 669 φωτός
3464 610 3476 623 '
3530 595 3651 667 φῶς
3690 593 3742 647 αἱ

2094 668 2519 749 ὑπερϐεϐηκυῖαι
2575 681 2680 732 τῶν
2740 677 2991 754 ἀγγέλων
3057 682 3235 754 τάξεις
3267 668 3406 756 (39)
3459 683 3600 737 κατὰ
3634 683 3741 750 τήν

2089 763 2237 832 τάξιν
2288 763 2377 818 καὶ
2423 766 2522 834 τήν
2571 765 2715 839 ἀξίαν
2761 767 2960 836 αὐτῶν,
3013 767 3095 825 ὅτι
3144 774 3226 842 τῷ
3268 769 3560 845 πρωτίστῳ
3603 773 3739 847 φωτὶ

2089 849 2476 922 πλησιάζουσι,
2526 855 2615 909 καί
2671 855 2754 910 δτι
2813 854 3040 930 δύναμιν
3083 851 3245 933 ἔσχον
3291 860 3626 936 φωτιστικὴν
3655 860 3744 914 καὶ

2091 939 2364 1016 ἀναγωγὸν
2391 947 2498 997 τῶν
2531 941 2928 1021 ὑποδεεστέρων
2959 948 3072 1022 (40)
3097 969 3110 982 ·
3141 948 3231 1003 καὶ
3263 945 3406 1004 οὕτω
3438 949 3744 1022 προσηκόν-

2087 1050 2195 1092 τως
2225 1032 2650 1088 άναπτόσσονται
2695 1035 2763 1090 τὰ
2809 1039 2918 1090 τῶν
2971 1031 3266 1109 συμϐόλων
3319 1038 3564 1111 ὀνόματα
3601 1039 3741 1113 πρὸς

2088 1114 2156 1171 τὰ
2188 1117 2517 1192 ὑποκείμενα
2563 1120 2881 1197 πράγματα.
2931 1123 3088 1181 Ἀλλ’
3146 1123 3295 1186 ὅπως
3356 1126 3432 1198 μὴ
3489 1126 3623 1201 ὑπὶρ
3678 1127 3741 1182 τὸ

2094 1213 2286 1289 μέτρον
2335 1213 2595 1291 λεγοιμεν
2654 1225 2754 1288 τῆς
2801 1218 3119 1290 ἐπιπολῆς,
3168 1218 3416 1295 ἔλθωμεν
3493 1222 3582 1278 έπὶ
3639 1225 3740 1293 τὴν

2091 1300 2380 1374 ἐρώτησιν,
2439 1304 2530 1360 καὶ
2587 1307 2649 1360 τὸ
2719 1312 2825 1362 τῶν
2896 1314 3210 1385 παροιμιῶν
3261 1306 3592 1384 πρόϐλημα.
3645 1313 3742 1367 Καὶ

2090 1390 2205 1446 ἐπεὶ
2259 1393 2322 1447 τὸ
2379 1391 2641 1468 ἐρώτημά
2696 1394 2829 1465 ἐστι,
2859 1398 2984 1453 τίνα
3037 1397 3104 1453 τὰ
3162 1393 3428 1472 ϐρώματά
3485 1401 3613 1471 είσι,
3652 1401 3744 1456 καὶ

2088 1479 2205 1568 τίνα
2231 1481 2296 1536 τὰ
2325 1481 2568 1554 πόματα,
2613 1481 2849 1559 λέγομεν
2889 1487 3010 1562 περῖ
3059 1493 3163 1556 τῆς
3209 1493 3418 1566 τροφῆς
3448 1509 3459 1520 ·
3496 1490 3532 1558 ἠ
3562 1491 3738 1568 τροφὴ

2088 1567 2420 1645 πληρωτική
2455 1571 2564 1627 ἐστι
2593 1576 2690 1627 τοῦ
2741 1570 2975 1642 ινδεοῦς,
3020 1576 3108 1630 καὶ
3161 1580 3259 1630 τοῦ
3290 1575 3549 1640 ἀσθενοῦς
3580 1580 3734 1653 θερα-

2087 1661 2341 1729 πευτικὴ,
2398 1659 2489 1715 καὶ
2544 1667 2645 1731 τῆς
2715 1667 2860 1733 ζωῆς
2937 1665 3302 1741 φρουρητική,
3356 1664 3448 1720 καὶ
3510 1665 3734 1722 θάλλειν

2087 1753 2237 1804 ποιεῖ
2289 1748 2378 1804 καὶ
2447 1751 2774 1823 ἀνανεάζειν,
2849 1753 2938 1808 καὶ
3005 1755 3106 1823 τὴν
3187 1755 3420 1824 ζωτικὴν
3482 1752 3739 1832 δωρεῖται

2089 1837 2370 1894 εὐπάθειαν
2409 1858 2422 1871 °
2454 1840 2544 1894 καὶ
2577 1839 2768 1905 ἁπλῶς
2804 1843 2866 1896 τὸ
2917 1841 3123 1898 λυποῦν
3171 1842 3487 1913 ἀπελαύνει,
3516 1845 3612 1900 καὶ
3641 1845 3738 1914 τήν

2090 1926 2423 2004 εὐφροσύνην
2469 1935 2726 2006 χορηγεῖ.
2778 1929 2980 1994 Καλῶς
3028 1929 3118 1986 οὖν
3169 1935 3204 2002 ἡ
3246 1933 3550 2010 ὖπερσοφος
3583 1933 3744 2012 σοφία

2086 2019 2333 2092 κρατῆρα
2360 2018 2502 2090 ἱστᾷ,
2543 2018 2632 2074 καὶ
2680 2019 2742 2074 τὸ
2789 2019 2944 2093 πόμα
2981 2021 3211 2096 προχέει
3241 2041 3253 2054 ·
3282 2025 3444 2077 τοῦτο
3487 2024 3594 2098 γάρ
3630 2021 3742 2078 ὶστι

2085 2104 2149 2159 τὸ
2179 2110 2403 2180 προνοεῖ
2447 2107 2556 2178 (41)
2590 2125 2603 2138 ⁸
2658 2105 2870 2180 μᾶλλον
2918 2104 2995 2179 δὶ,
3041 2109 3148 2183 πρὸ
3193 2112 3291 2164 τοῦ
3319 2116 3621 2185 κρατῆρος,
3651 2110 3744 2171 τὰς

2088 2195 2306 2267 στερεάς
2385 2196 2590 2272 τροφὰς
2656 2201 2995 2271 προτιθεῖσα,
3082 2198 3320 2259 ἅπαντας
3386 2197 3744 2272 συγκαλεῖται

2086 2283 2222 2358 πρὸς
2284 2281 2549 2358 εὐωχίαν,
2608 2283 2742 2353 αότή
2829 2283 3082 2362 ἐφιεμὲνη
3161 2285 3564 2362 ἀγαθοπρεπῶς
3633 2292 3742 2343 τῶν

2088 2378 2358 2455 δεομένων
2390 2382 2560 2452 αὐτῆς
2579 2385 2693 2457 (42)
2719 2402 2731 2415 ·
2753 2383 2844 2438 καὶ
2863 2382 2923 2438 οὐ
2954 2382 3370 2459 παρακαλεῖται,
3393 2383 3543 2440 ἀλλὰ
3566 2405 3746 2461 παρα-

2083 2467 2246 2525 καλεῖ
2297 2467 2367 2524 δι’
2413 2467 2575 2546 ἄκραν
2637 2471 2960 2546 ἀγαθότητα.
3008 2477 3211 2535 Διττῶς
3268 2473 3357 2528 οὖν
3407 2475 3598 2553 τρέφει
3653 2473 3743 2530 διά

2084 2579 2144 2613 τε
2178 2559 2452 2634 βρώσεως,
2486 2557 2576 2614 διά
2601 2581 2659 2614 τε
2705 2561 2938 2634 πόσεως,
2987 2563 3051 2617 Ἡ
3083 2558 3141 2616 δὶ
3169 2562 3446 2637 πρόχυσις
3477 2567 3578 2617 τοῦ
3609 2584 3745 2640 κραο

2084 2654 2251 2722 τῆρος
2280 2647 2374 2710 τὰς
2405 2650 2775 2723 προνοητικᾶς
2807 2649 2974 2721 αὐτῆς
3018 2649 3359 2726 άγαθότητας
3391 2654 3736 2727 παριστάνει.

2085 2737 2141 2791 '0
2172 2739 2380 2814 κρατὴρ
2411 2735 2525 2810 οὖν,
2567 2738 2846 2801 κυκλικῶς
2897 2741 3196 2818 περιφερὴς
3244 2738 3320 2796 ὢν
3358 2740 3449 2795 καὶ
3481 2739 3744 2812 ἰξηπλω-

2089 2827 2268 2901 μένος,
2302 2826 2558 2898 δηλοῖτό
2608 2827 3006 2902 άνηπλωμένον
3058 2829 3147 2885 ἐπὶ
3190 2828 3393 2891 πάντας
3438 2838 3542 2900 τῆς
3596 2831 3744 2895 θείας

2084 2916 2368 2991 προνοίας,
2426 2917 2551 2987 ⁴ἥτις
2607 2917 2697 2972 καὶ
2750 2917 2940 2990 κύκλῳ
2996 2920 3167 2974 πάντα
3222 2916 3630 2995 περιλαμϐάνει
3676 2921 3745 2975 τὰ

2083 3006 2371 3080 κτίσματα.
2400 3007 2675 3082 Ἀναρχον
2711 3004 2768 3061 δὲ
2816 3028 2950 3082 φησι
2990 3011 3088 3062 τοῦ
3136 3013 3270 3064 Θεοῦ
3317 3011 3417 3078 τήν
3448 3010 3741 3085 πρόνοιαν,

2086 3094 2193 3170 οὐχ
2216 3094 2299 3150 ὅτι
2329 3099 2437 3150 τῶν
2469 3092 2640 3152 ὄντων
2669 3095 2840 3172 τυχὸν
2873 3097 3160 3172 συνάρχων
3191 3103 3416 3174 προνοεῖ
3447 3101 3587 3172 (43),
3616 3096 3747 3154 οὐδὲ

2084 3185 2183 3260 γάρ
2215 3182 2325 3238 ἐστι
2353 3204 2407 3239 τι
2453 3189 2560 3240 τῶν
2610 3180 2775 3240 ὅντων
2827 3186 3156 3262 συνάναρχον
3217 3190 3285 3256 τῇ
3339 3187 3467 3262 ἁγίᾳ
3509 3189 3600 3243 καὶ
3639 3185 3744 3258 δη-

2087 3275 2383 3347 μιουργικῇ
2415 3275 2529 3346 (44)
2559 3272 2649 3328 καὶ
2680 3273 2918 3350 μακαρίᾳ
2947 3272 3142 3348 Τριάδι
3175 3294 3188 3308 ·
3225 3274 3350 3331 ἀλλ’
3374 3273 3456 3331 ὅτι
3487 3277 3579 3332 καὶ
3613 3279 3744 3354 πρὶν

2081 3358 2119 3430 ἤ
2149 3368 2499 3437 παραχθῆναι
2529 3363 2597 3416 τὰ
2644 3360 2772 3418 ὄντα
2805 3363 2857 3417 οἱ
2897 3367 3004 3418 τῶν
3038 3361 3547 3439 δημιουργημάτων
3582 3364 3740 3441 λόγοι

2083 3448 2135 3504 ἐν
2165 3454 2243 3522 τῷ
2273 3449 2389 3523 Θεῷ
2420 3457 2666 3525 προῆσαν
2697 3469 2710 3484 ·
2774 3450 2861 3506 καὶ
2910 3451 2960 3506 ἐν
3010 3457 3130 3517 ταῖς
3181 3453 3352 3516 θείαις
3396 3455 3626 3524 νοήσεσι
3676 3455 3743 3510 τὰ

2086 3536 2362 3611 μέλλοντα
2411 3541 2736 3614 παράγεσθαι
2795 3539 3206 3616 προτετόπωτο.
3267 3543 3365 3598 Διὰ
3416 3547 3583 3599 τοῦτο
3643 3545 3733 3600 καί

2081 3631 2115 3698 ἡ
2159 3628 2391 3704 πρόνοια
2436 3633 2532 3683 τοῦ
2587 3633 2720 3684 Θεοῦ
2777 3629 3028 3707 άνάρχως
3087 3633 3462 3708 προϋπάρχειν
3515 3631 3735 3710 λέγεται

2080 3717 2256 3786 πάσης
2311 3723 2411 3786 τῆς
2460 3715 2687 3780 κτίσεως
2723 3738 2736 3752 ⁸
2780 3719 3038 3792 προνοίας
3085 3718 3188 3796 γὰρ
3244 3720 3310 3790 ἦν
3369 3719 3540 3791 θείας,
3602 3721 3736 3792 ἤτοι

2079 3807 2454 3879 προνοήσεῶς,
2485 3806 2572 3860 καὶ
2604 3807 2665 3862 τὸ
2717 3807 3002 3883 βούλεσθαι
3048 3815 3382 3886 παραγαγεῖν
3422 3811 3523 3879 τὴν
3555 3813 3736 3866 κτίσιν

2078 3895 2176 3963 τήν
2205 3894 2619 3950 ἀπολαύσουσαν
2665 3902 2767 3966 τῆς
2811 3905 3183 3973 προνοητικῆς
3236 3897 3399 3954 αὐτοῦ
3452 3898 3742 3974 άγαθότηο

2077 4014 2171 4055 τος
2203 3995 2339 4067 (45).
2368 3994 2511 4048 Κατὰ
2539 3997 2702 4049 τοῦτο
2730 3999 2860 4070 γοῦν
2905 3996 2996 4050 καὶ
3046 3994 3404 4068 ἀτελεύτητος
3436 3999 3469 4066 ἡ
3505 4000 3746 4073 πρόνοια

2081 4079 2297 4155 λέγεται
2329 4080 2404 4144 είς
2433 4081 2561 4144 τοὺς
2608 4081 2905 4147 ἀθανάτους
2963 4083 3259 4162 ἀγγέλους,
3309 4085 3398 4141 καὶ
3433 4085 3563 4149 τοὺς
3597 4087 3745 4143 ἀπα-

2081 4171 2642 4243 θανατισθησομένους
2673 4171 2840 4245 ἡμὰς,
2885 4172 2975 4228 καὶ
3022 4173 3090 4229 τὰ
3127 4171 3198 4230 δι’
3231 4177 3380 4249 ἡμᾶς
3403 4174 3583 4252 ,ἀγαθᾶ
3611 4175 3744 4232 ἐσο-

2085 4260 2218 4334 μένη
2252 4261 2364 4333 (46)
2399 4279 2411 4292 ’
2441 4259 2589 4330 πλὴν
2634 4258 2820 4331 ἐπειδή
2869 4261 2960 4317 καὶ
3007 4262 3247 4339 πρόεισιν
3295 4265 3324 4335 ἡ
3356 4264 3615 4340 πρόνοια,
3650 4266 3742 4321 καὶ

2080 4350 2486 4427 ἀνεκφοιτήτως
2526 4348 2576 4404 ἐν
2620 4354 2689 4424 τῇ
2736 4350 3027 4422 ταύτότητι
3078 4350 3308 4429 έδραίως
3348 4350 3569 4430 ’ἵδρυται
3603 4373 3619 4387 ·
3674 4357 3739 4411 οὗ

2077 4438 2177 4512 γὰρ
2207 4435 2480 4512 διαχὲεται
2539 4437 2630 4492 καὶ
2678 4437 3038 4515 ἀφανίζεται’
3093 4439 3184 4496 διά
3236 4446 3399 4497 τοῦτο
3458 4440 3741 4518 λέγεταιὸ

2079 4527 2287 4602 κρατὴρ
2322 4526 2557 4583 ἑστάναι.
2618 4524 2919 4602 Οἴκοδομεῖ
2968 4526 3026 4584 δὲ
3072 4532 3107 4600 ὴ
3168 4530 3329 4610 σοφία
3377 4531 3524 4586 οἶκον
3570 4532 3742 4606 ἑαυτῇ

321 4622 478 4695 quod
505 4621 653 4677 forte
682 4619 863 4677 simul
887 4636 1020 4676 cum
1043 4620 1220 4677 rebus
1242 4621 1520 4678 exsistere
1542 4621 1830 4695 incipiens
1849 4621 1969 4680 illis

2086 4615 2152 4677 ὥς
2173 4617 2306 4670 εἶναι
2358 4616 2445 4669 καὶ
2493 4609 2593 4685 ἔξω
2626 4615 2812 4686 αὑτοῦ,
2860 4619 2949 4671 καὶ
2998 4617 3050 4672 ἐν
3101 4618 3266 4692 αὐτῷ.
3321 4618 3432 4677 Καὶ
3474 4617 3529 4674 ἐν
3588 4621 3741 4692 αὑτῷ

321 4709 657 4781 provideat:
681 4717 897 4780 (neque
925 4708 1082 4765 enim
1116 4709 1441 4781 quidquam
1473 4715 1563 4766 est
1588 4712 1968 4783 eorumdquae

319 4801 701 4867 sunt,sanctae
727 4797 809 4854 illi
836 4813 1040 4854 rerum
1081 4800 1347 4856 omnium
1372 4799 1660 4870 creatrici,
1692 4817 1759 4858 ac
1787 4801 1968 4858 beatae

318 4888 588 4944 Trinitati
611 4891 966 4944 coaeternum
985 4889 1024 4959 :)
1049 4889 1150 4945 sed
1166 4889 1306 4961 quia
1318 4891 1665 4963 priusquam
1680 4907 1746 4947 eo
1765 4906 1968 4963 prove-

318 4976 601 5032 herentur
621 4981 686 5031 ut
715 4981 936 5045 essent,
973 4977 1238 5050 ipsarum
1269 4979 1328 5035 in
1370 4979 1485 5037 Deo
1516 4979 1773 5036 rationes
1801 4985 1969 5037 erant

320 5065 473 5122 286
495 5071 902 5123 creaturarum
919 5085 933 5137 ;
949 5065 1128 5139 inque
1140 5068 1243 5125 Dei
1260 5074 1474 5139 mente,
1493 5085 1623 5141 quae
1649 5069 1966 5142 aliquando

317 5153 518 5210 futura
547 5155 798 5225 fuerant,
827 5157 952 5227 jam
985 5161 1153 5212 erant
1174 5159 1564 5229 praeformata.
1588 5159 1808 5215 Idcirco
1829 5175 1967 5231 pro-

315 5241 575 5298 videntia
595 5243 694 5299 Dei
717 5249 850 5300 ante
875 5261 1111 5302 omnem
1135 5247 1375 5303 omnino
1402 5252 1728 5303 creaturam
1748 5263 1963 5320 praeex-

320 5330 542 5387 stitisse
568 5332 1086 5406 astruiturabsque
1108 5335 1228 5392 ullo
1252 5336 1560 5409 principio.
1584 5337 1966 5394 Providentiae

321 5419 613 5490 siquidem
661 5421 865 5476 divinae
898 5426 1043 5488 erat,
1077 5423 1198 5479 sive
1246 5425 1477 5481 consilii
1525 5425 1702 5481 rebus
1737 5426 1966 5498 prospi-

323 5507 552 5574 cientis,
574 5509 749 5564 ctiam
770 5509 916 5566 velle
941 5513 1259 5582 producere
1280 5514 1964 5587 creaturam,providenti

323 5593 512 5666 ipsius
551 5595 812 5653 bonitate
859 5596 1196 5655 fruituram.
1231 5601 1382 5658 Sane
1422 5604 1493 5658 ad
1523 5603 1681 5659 hunc
1721 5618 1962 5659 sensum

323 5684 487 5741 nullo
540 5702 771 5757 quoque
825 5685 936 5740 line
996 5686 1537 5747 circumscribenda
1600 5689 1964 5763 providentia

2075 4702 2354 4777 ἐτοιμάζέι
2385 4702 2418 4757 ἃ
2450 4698 2574 4780 ἔφη,
2608 4702 2692 4758 ὅτι
2738 4704 2828 4758 καὶ
2890 4704 2941 4760 έν
2988 4710 3069 4779 τῷ
3100 4708 3256 4763 παντὶ
3287 4709 3322 4778 ἡ
3351 4708 3468 4763 θεία
3498 4710 3743 4783 πρόνοιά

2075 4790 2207 4860 έστι,
2240 4793 2328 4848 καὶ
2366 4791 2432 4847 τὰ
2477 4791 2652 4847 πάντα
2700 4791 2969 4869 περιέχει,
2999 4796 3089 4850 καὶ
3146 4794 3199 4850 ἐν
3243 4800 3323 4868 τῷ
3379 4796 3542 4852 παντῖ
3575 4795 3742 4853 οὐδὲν

2075 4881 2126 4937 ἐν
2157 4879 2335 4938 οὐδενὶ
2388 4882 2505 4937 κατ’
2557 4877 2708 4936 οὐδέν
2760 4881 2893 4952 ἔστι,
2950 4879 3166 4955 δηλαδή
3215 4885 3335 4949 καθ’
3390 4885 3683 4960 ὑπεροχήν
3717 4907 3734 4920 ο

2076 4978 2329 5056 οὐδὲγὰρ
2368 4981 2503 5036 κατᾶ
2553 4977 2822 5054 στέρησιν,
2880 4976 3006 5034 οὐδὲ
3063 4978 3132 5035 δι’
3187 4981 3545 5055 άνυπαρξίαν,
3589 4981 3744 5039 ἀλλὰ

2072 5071 2158 5124 καὶ
2195 5067 2268 5124 ὣν
2296 5071 2386 5124 καὶ
2422 5069 2554 5144 ὕπερ
2611 5071 2779 5123 ταῦτα
2836 5065 2931 5135 ὢν,
2983 5068 3057 5132 ὡς
3094 5067 3146 5124 ἐν
3185 5073 3264 5142 τῷ
3292 5071 3421 5146 Περὶ
3465 5077 3742 5144 μυστικῆς

2075 5155 2354 5234 θεολογίας
2383 5154 2594 5231 εἷ’ρηται
2625 5175 2638 5189 ·
2691 5154 2949 5232 ἐξῄρηται
2996 5159 3101 5232 γὰρ
3148 5163 3256 5214 τῶν
3313 5158 3484 5227 ὅλων,
3519 5160 3585 5215 οὗ
3618 5162 3743 5216 κατ’

2073 5243 2214 5302 ἄλλο
2247 5247 2340 5319 μὲν
2371 5245 2591 5312 τούτου,
2632 5245 2750 5300 κατ’
2794 5243 2934 5301 ἄλλο
2993 5243 3051 5302 δὲ
3090 5246 3296 5303 ἐκείνου
3324 5267 3336 5280 °
3385 5245 3514 5303 οὐδὲ
3542 5247 3738 5311 ἄλλως

2071 5334 2288 5406 τούτου,
2347 5334 2436 5390 καὶ
2493 5333 2682 5398 ἄλλως
2741 5333 2948 5389 ἐκείνου
2981 5355 2993 5368 ·
3057 5334 3182 5392 οὐδὲ
3237 5335 3438 5393 τούτου
3490 5338 3587 5412 μὲν
3625 5339 3736 5411 ἀεὶ,

2072 5423 2265 5480 τούτου
2317 5420 2373 5478 δέ
2418 5444 2550 5478 ποτε
2582 5441 2594 5454 ·
2649 5419 2798 5478 ἀλλὰ
2842 5423 3054 5486 ταότῶς
3086 5425 3171 5480 καὶ
3224 5423 3417 5488 ἀϊδίως
3457 5427 3547 5480 καὶ
3596 5427 3744 5482 κατὰ

2071 5511 2238 5567 ταύτᾶ
2265 5513 2351 5567 καὶ
2409 5511 2668 5576 ὡσαύτως
2722 5506 2890 5588 ἔχων,
2934 5515 3024 5569 καί
3077 5511 3338 5589 οὐδαμῶς
3388 5522 3490 5586 τῆς
3521 5515 3735 5580 οἰκείας

2073 5600 2249 5663 ἔστίας
2281 5600 2738 5673 ἀπολειπόμενος,
2789 5596 2891 5674 ἔξω
2941 5599 3202 5674 δηλονότι
3247 5605 3440 5660 ἑαυτοῦ
3467 5603 3745 5681 γιγνόμε-

2070 5711 2163 5753 νος
2197 5707 2209 5720 ·
2246 5689 2395 5748 ἑστία
2425 5689 2529 5767 γὰρ
2560 5689 2794 5765 λέγεται,
2837 5711 3114 5748 τουτεστιν
3145 5700 3180 5764 ῆ
3214 5695 3288 5758 ὡς
3319 5691 3430 5750 ἔστι
3459 5693 3740 5770 διαμονὴ,
