4004 6200
262 403 358 459 501

1069 411 1532 464 ΡΑΟΗῩΜΕΒΒ
1570 411 2076 465 PARAPHRASIB
2111 411 2186 463 IN
2226 410 2385 463 EPP.
2426 413 2484 464 S.
2526 411 2861 466 DIONYSXI.

3570 407 3680 463 502

260 525 347 582 καὶ
377 527 547 591 ἑστὼς
578 525 630 582 έν
663 528 857 600 ἐαυτῷ,
888 528 977 584 καὶ
1032 529 1110 584 isi
1161 530 1297 584 κατὰ
1351 530 1450 598 τὴν
1510 529 1772 605 πρόνοιαν
1830 551 1906 583 κι-

2028 529 2267 590 dicitur.
2302 531 2370 585 ad
2410 530 2776 588 immortales
2807 530 3046 604 angelos
3078 535 3255 603 atque
3285 532 3428 588 adeo
3457 533 3527 588 ad
3569 547 3675 588 nos

261 614 546 688 νούμενος,
582 613 706 672 οὔτε
735 617 903 682 ἑστὼς
930 618 1066 673 κατᾶ
1103 621 1202 688 τὴν
1252 621 1529 693 πρόνοιαν,
1565 616 1687 673 οὔτε
1732 619 1913 673 κινού-

267 726 426 778 μενος
480 707 617 759 κατὰ
665 705 820 783 φύσιν
854 726 866 738 ⁸
907 705 1118 780 μᾶλλον
1173 705 1249 777 δὲ,
1284 705 1470 777 ἐπειδὴ
1503 708 1565 762 τὸ
1605 707 1699 780 μὲν
1750 708 1915 768 ἑστὼς

264 793 350 850 ἰπὶ
382 802 483 864 τῆς
511 795 648 850 κατὰ
675 797 736 850 τὸ
783 795 1159 852 ἀναλλοίωτον
1211 796 1583 869 μονιμότητος
1635 791 1819 863 ἔλαϐε,
1848 797 1911 850 τὸ

263 883 320 941 δὲ
374 886 700 958 κινούμενος
759 885 845 941 ἐπὶ
905 890 1003 956 τῆς
1053 888 1176 962 περὶ
1228 887 1295 943 τὰ
1343 885 1471 943 ὅντα
1516 889 1797 963 προνοίας,
1831 873 1914 964 ἐφ’

261 975 520 1048 ἑκατέρου
549 975 757 1029 τούτων
787 981 927 1030 νοεῖν
960 979 1106 1050 ἡμᾶς
1135 981 1246 1052 χρή
1279 977 1364 1032 καὶ
1390 978 1678 1053 προσάγειν
1703 977 1766 1033 τό
1791 978 1910 1042 καθ’

259 1060 418 1132 ὅλου,
448 1061 542 1117 ’ίνα
569 1067 818 1119 τοιοῦτον
847 1064 909 1118 τὸ
939 1061 1256 1141 λεγόμενον,
1291 1062 1413 1121 οὕτε
1461 1067 1624 1128 ἑστὼς
1669 1067 1908 1122 καθόλου

256 1153 332 1214 ὡς
368 1154 445 1225 μή
478 1154 738 1207 κινεῖσθαι
771 1159 1176 1226 προνοητικῶς,
1210 1151 1334 1210 οὕτε
1380 1155 1699 1227 κινούμενος
1743 1157 1904 1221 καθό-

255 1240 380 1310 λου,
432 1241 509 1302 ὡς
562 1248 660 1311 τῆς
707 1240 909 1304 οἰκείας
973 1244 1320 1315 μεθίστασθαι
1382 1243 1769 1317 μονιμότητος.
1807 1247 1906 1301 Διά

250 1329 417 1384 τοῦτο
475 1330 574 1403 γὰρ
637 1329 802 1406 λέγει,
837 1331 940 1403 ὅτι,
971 1331 1059 1385 καὶ
1111 1330 1158 1386 εἲ
1207 1337 1430 1387 κινεῖται
1491 1333 1566 1394 εἰς
1625 1333 1901 1410 προνοίας,

249 1417 397 1474 ἄλλᾶ
426 1422 489 1474 τὸ
522 1419 753 1492 μόνιμον
787 1417 902 1496 ἔχει
937 1437 952 1452 ⁸
985 1419 1074 1475 καὶ
1108 1420 1156 1474 εἷ
1188 1420 1334 1494 μένει
1369 1421 1420 1476 ἐν
1458 1427 1538 1495 τῷ
1588 1421 1899 1478 ἀναλλοιώ-

247 1527 348 1580 τῳ,
382 1507 530 1562 ἀλλᾶ
570 1514 688 1569 ταῖς
731 1509 1015 1584 προνοίαις
1059 1515 1306 1568 κινεῖται.
1341 1511 1612 1574 Ἐντεῦθεν
1659 1509 1899 1585 διαλαμο

249 1591 427 1664 ϐάνει,
455 1596 536 1659 τίς
600 1598 695 1669 μὲν
755 1599 790 1666 ἠ
846 1598 1032 1672 στερεᾶ
1086 1599 1285 1677 τροφὴ,
1315 1598 1396 1662 τίς
1453 1596 1510 1654 δὶ
1561 1601 1594 1668 ἡ
1649 1600 1805 1676 ὑγρά.
1839 1603 1900 1657 Ἠ

247 1689 383 1760 γοῦν
435 1686 622 1760 στερεὰ
668 1686 844 1760 τροφή
893 1681 1169 1760 σύμϐολόν
1221 1687 1377 1742 ἐστι’
1429 1693 1590 1744 τοῦτο
1635 1688 1737 1764 γάρ
1788 1689 1898 1744 ἐστι

245 1775 308 1830 τὸ
375 1773 628 1847 σύνθημα
693 1781 791 1843 τῆς
842 1781 1032 1850 νοερᾶς
1092 1777 1178 1830 καὶ
1241 1776 1474 1850 μονίμου
1529 1776 1894 1850 τελειότητος.

2029 620 2166 675 olim
2202 620 2432 675 futuros
2465 621 2827 677 immortales
2859 621 3040 676 relata
3070 639 3082 677 :
3111 627 3168 676 et
3197 621 3266 676 ad
3301 626 3453 677 bona
3482 620 3678 677 omnia

2029 725 2156 780 quae
2198 713 2433 780 propter
2494 725 2601 764 nos
2662 711 2879 764 futura.
2913 711 3197 765 Ceterum
3258 710 3493 781 quando
3549 709 3677 780 ipsa

2028 798 2401 869 progreditur
2419 798 2805 868 providentia,
2822 815 3115 870 nusquam
3139 803 3334 853 tamen
3359 816 3393 854 a
3416 814 3474 853 se
3496 797 3678 853 desci-

2028 888 2338 955 scendo,in
2360 903 2466 941 sua
2499 886 3014 958 ipsiusidentitate
3047 887 3235 942 solide
3267 886 3678 958 conquiescere

2025 975 2395 1031 describitur.
2433 975 2630 1046 Neque
2662 976 2817 1030 enim
2849 975 3162 1031 diﬁ‘usione
3213 975 3305 1031 sui
3354 974 3672 1047 perefﬂuit,

2023 1064 2378 1120 eximanitur
2417 1068 2518 1119 aut
2548 1067 2860 1120 marcescit
2913 1064 3268 1136 aliquando:
3303 1064 3440 1120 hinc
3471 1064 3678 1120 merito

2023 1159 2212 1209 crater
2243 1155 2366 1234 ipse
2398 1154 2716 1208 consistere
2748 1153 3124 1224 praedicatur.
3162 1154 3430 1209 jEdificat
3476 1157 3672 1210 autem

2021 1243 2134 1298 sibi
2165 1243 2407 1298 domum
2438 1241 2729 1314 Sapientia
2747 1242 2850 1313 (a);
2877 1243 3120 1313 perinde
3153 1247 3243 1298 est
3271 1248 3450 1312 atque
3479 1241 3666 1298 dicat:

2020 1333 2189 1387 Extra
2241 1348 2301 1386 se
2346 1335 2452 1396 est,
2484 1335 2546 1386 et
2594 1331 2747 1386 intra
2788 1347 2851 1386 se
2901 1330 3088 1386 nihilo
3120 1331 3312 1386 secius
3345 1334 3663 1402 permanet.

2021 1421 2182 1476 Intra
2231 1436 2291 1475 se
2338 1420 2574 1491 quidem
2607 1435 2674 1475 ea
2706 1424 2946 1492 apparet
2975 1437 3128 1491 qua,
3164 1419 3246 1474 sit
3275 1420 3448 1475 Pater
3479 1435 3493 1474 :
3526 1420 3666 1490 quia

2019 1515 2075 1566 et
2113 1511 2172 1564 in
2204 1510 2481 1564 omnibus
2511 1508 2711 1563 divina
2741 1513 2829 1564 est
2863 1509 3223 1579 providentia
3252 1508 3526 1563 universa
3557 1524 3663 1563 suo

2017 1600 2284 1654 ambiens
2317 1597 2620 1669 complexu
2651 1613 2663 1651 :
2700 1601 2756 1652 et
2785 1597 2843 1652 in
2877 1599 3150 1653 omnibus
3181 1596 3331 1652 nihil
3364 1597 3424 1652 in
3477 1595 3662 1652 nihilo

2017 1689 2338 1744 secundum
2387 1686 2639 1742 nihilum
2692 1691 2798 1751 est,
2841 1686 3019 1758 idque
3070 1685 3348 1742 eminenti
3408 1685 3661 1754 quadam

2013 1776 2392 1848 praerogativa
2417 1793 2430 1843 ;
2467 1791 2654 1844 neque
2683 1775 2838 1829 enim
2876 1774 3205 1845 privatorie,
3232 1775 3354 1829 sive
3384 1789 3488 1844 per
3517 1772 3658 1828 sub-

247 1861 388 1917 Ποία
421 1859 479 1916 δέ
509 1863 650 1918 ἐστιν
684 1866 718 1932 ἡ
753 1865 913 1938 νοερά
941 1863 1029 1918 καὶ
1066 1865 1296 1938 μόνιμος
1326 1865 1604 1938 τελειότης
1631 1887 1644 1937 ;
1680 1871 1900 1932 Πάντως

2023 1865 2239 1922 stantia
2269 1863 2626 1920 ablationem
2651 1872 2746 1918 aut
2764 1863 3211 1932 interitum;sed
3238 1879 3364 1918 vere
3383 1865 3473 1919 est
3493 1862 3656 1918 istis-

243 1953 367 2016 καθ’
400 1954 468 2022 ἢν
495 1955 744 2014 νοοῦντες
775 1954 826 2006 οἰ
879 1951 1019 2026 ἄξιοι
1059 1955 1148 2008 καὶ
1195 1959 1302 2009 τῶν
1359 1955 1513 2020 θείων
1575 1959 1896 2032 μετέχοντες

241 2043 297 2112 (ἡ
356 2041 462 2116 γὰρ
516 2041 706 2112 νόησις
765 2043 974 2118 μετοχὴ
1024 2041 1660 2117 λέγεται*)τελειοῦνται
1695 2069 1708 2081 σ
1750 2049 1897 2104 ἀλλὰ

239 2132 384 2186 κατᾶ
436 2134 632 2205 γνῶσιν
689 2131 943 2199 ἑστῶσαν,
998 2129 1186 2201 ἐπειδὴ
1247 2135 1336 2188 καὶ
1385 2135 1419 2202 ἡ
1451 2138 1628 2210 τροφὴ
1685 2138 1894 2213 στερεά,

238 2218 324 2273 καί
363 2218 568 2274 ἑνιαῖον
601 2218 690 2274 καὶ
741 2216 1069 2294 ἀδιαίρετον.
1104 2220 1284 2277 Τοῦτο
1337 2219 1392 2276 δέ
1442 2244 1624 2300 φησιν,
1660 2225 1741 2280 ὅτι
1798 2223 1895 2297 δη-

241 2305 387 2377 λαδὴ
413 2309 528 2383 χρὴ
556 2307 606 2361 έν
634 2313 752 2369 τοῖς
783 2308 906 2384 περὶ
938 2313 1071 2363 Θεοῦ
1099 2306 1286 2384 λόγοις
1318 2312 1392 2384 μή
1422 2313 1558 2386 πρὸς
1589 2313 1682 2375 τὰς
1707 2313 1896 2376 ὑλικὰς

245 2395 465 2456 ἐννοίας
523 2393 974 2470 καταμερίζεσθαι
1021 2395 1113 2449 τὸν
1165 2400 1309 2465 νοῦν,
1339 2395 1484 2452 ἀλλὰ
1542 2400 1899 2474 μονοτρόπως

241 2485 299 2540 τὸ
364 2485 638 2562 ὑπερφυὲς
708 2485 798 2538 καὶ
881 2483 1274 2559 ἀνεξιχνίαστον
1333 2493 1432 2556 τῆς
1492 2487 1632 2550 θείας
1692 2489 1902 2566 φύσεως

244 2572 586 2648 λογίζεσθαι,
628 2573 717 2627 καὶ
775 2573 942 2628 ταῦτά
996 2595 1116 2628 τινα
1158 2575 1250 2628 τὸν
1307 2574 1374 2630 τὰ
1429 2574 1754 2652 αἰσθητήρια
1807 2585 1904 2633 τοῦ

245 2662 396 2726 ἐντὸς
462 2663 752 2736 ἀνθρώπου
826 2665 1245 2740 γεγυμνασμένα
1320 2660 1523 2740 ἔχοντα
1556 2684 1568 2696 ⁸
1623 2665 1674 2720 ἐν
1734 2673 1816 2730 οἷς
1876 2659 1903 2712 ὂ

244 2758 390 2817 θεῖος
486 2749 704 2814 Παῦλος
792 2753 1205 2827 ἀπαρυσάμενος
1287 2757 1384 2822 τῆς
1460 2756 1606 2819 θείας
1662 2757 1901 2832 σοφίας⁸

248 2840 454 2895 τούτου
507 2842 609 2916 γάρ
671 2841 812 2895 ἐστιν
873 2841 900 2894 6
961 2840 1153 2912 λόγος’
1187 2845 1316 2900 ’Ὀτε
1373 2843 1524 2917 ἤμην
1583 2846 1904 2916 νήπιος,ὠς

251 2932 457 3001 νήπιος
509 2929 768 3005 ἐφρόνουν
802 2951 814 2961 ·
879 2928 1206 3002 μεταδίδωσι
1264 2939 1364 3002 τῆς
1432 2939 1647 3008 στερεᾶς
1700 2943 1908 3010 τροφῆς

251 3023 370 3081 τοῖς
403 3016 662 3086 τελείοις,
699 3023 916 3092 πρῶτον
947 3022 1174 3082 ποτίσας
1199 3019 1359 3097 γάλα,
1393 3022 1482 3076 ὅτε
1525 3024 1693 3098 τυχὸν
1755 3027 1906 3100 εἶχον

252 3107 316 3163 τὰ
341 3107 524 3177 νοητὰ
551 3107 876 3183 αἰσθητήρια
922 3109 1232 3183 ἀγύμναστα
1261 3129 1274 3143 ⁸
1309 3111 1381 3173 ὡς
1440 3112 1539 3187 γὰρ
1598 3114 1625 3167 6
1684 3115 1904 3183 νήπιος,

247 3199 313 3253 τὰ
370 3197 665 3269 σωματικὰ
722 3197 1048 3273 αἰσθητήρια
1098 3197 1415 3274 ἀγύμναστα
1476 3199 1643 3276 ἔχων,
1696 3204 1830 3258 ἅπαν
1878 3204 1906 3258 ’ὀ

2006 1971 2118 2027 que
2149 1954 2427 2010 omnibus
2457 1953 2881 2023 supereminet,
2913 1951 3086 2008 sicuti
3118 1953 3176 2006 in
3209 1968 3381 2025 opere
3410 1952 3656 2023 Mystica.’

2006 2043 2296 2114 theologia:
2329 2041 2473 2097 mihi
2505 2042 2726 2096 dictum
2759 2045 2866 2096 est.
2899 2041 3240 2096 Eminenter
3279 2041 3352 2096 ab
3382 2039 3654 2096 omnibus

2006 2136 2312 2203 exemptus
2342 2130 2708 2197 dicitur,non
2741 2130 2978 2201 quidem
3011 2131 3337 2186 secundum
3362 2129 3519 2184 aliud
3544 2130 3652 2185 ali-

2008 2222 2150 2294 quid
2181 2223 2252 2276 ab
2285 2221 2414 2288 hoc,
2437 2220 2762 2276 secundum
2795 2224 2990 2275 autem
3018 2220 3177 2275 aliud
3211 2221 3283 2274 ab
3317 2218 3657 2290 illo:neque

2009 2312 2178 2367 aliter
2207 2311 2278 2365 ab
2310 2309 2639 2378 illo.Neque
2659 2325 2870 2365 rursus
2895 2309 2966 2363 ab
2996 2309 3104 2362 hoc
3136 2307 3371 2379 quidem
3405 2323 3658 2379 semper,

2009 2401 2080 2456 ab
2107 2399 2203 2454 illo
2234 2401 2372 2454 item
2401 2398 2749 2468 aliquando;
2776 2398 2874 2452 sed
2896 2397 3016 2469 pari
3040 2398 3212 2452 modo
3233 2400 3287 2451 et
3306 2396 3664 2466 sempiterne

2013 2506 2120 2545 nec
2150 2486 2518 2551 ditIormiter,
2551 2486 2650 2541 sed
2695 2487 2867 2541 modo
2923 2485 3213 2540 consimili
3243 2501 3304 2540 se
3333 2485 3580 2552 habens,
3610 2490 3695 2564 ct.

2013 2593 2307 2649 nusquam
2371 2592 2405 2630 a
2463 2575 2698 2646 propria
2755 2573 3088 2630 desciscens
3147 2573 3471 2640 mansione,
3504 2579 3666 2628 extra

2014 2670 2296 2726 nimirum
2356 2667 2635 2739 seipsam.
2692 2666 2876 2720 Ἑστία
2929 2667 3218 2736 siquidem
3279 2666 3369 2721 hic
3427 2667 3660 2730 dicitur,

2015 2759 2256 2831 perinde
2304 2761 2478 2826 atque
2522 2751 2782 2826 διαμονή,
2815 2755 2872 2810 id
2919 2760 3008 2810 est
3029 2756 3363 2826 permansio.
3397 2756 3463 2810 Et
3496 2761 3662 2810 stans

2015 2850 2075 2904 in
2107 2849 2322 2920 seipse,
2356 2849 2414 2901 et
2441 2861 2542 2916 per
2584 2845 2956 2916 providentiae
2989 2843 3385 2915 operationem
3427 2860 3662 2915 semper

2015 2942 2192 2994 mota.
2223 2936 2422 3006 Neque
2453 2940 2617 2989 stans
2649 2935 2976 2988 secundum
3008 2932 3661 3004 providentiam,neque

2016 3044 2120 3100 per
2148 3031 2421 3081 naturam
2454 3025 2717 3078 movetur
2751 3038 2762 3078 :
2796 3021 3079 3092 quinimo,
3114 3023 3254 3094 quia
3283 3022 3393 3077 hoc
3422 3023 3658 3093 quidem

2017 3117 2264 3182 dictum,
2293 3119 2457 3169 stans
2510 3113 2566 3167 in
2621 3129 2729 3167 sua
2772 3111 3065 3167 soliditale
3118 3115 3342 3166 natura:
3376 3129 3388 3166 :
3423 3127 3490 3167 eo
3521 3110 3665 3166 dixit

2015 3205 2206 3269 Pater,
2241 3203 2392 3274 quod
2455 3199 2818 3256 inalterabile
2867 3200 2943 3256 sit
2974 3215 3213 3255 numen.
3247 3200 3406 3266 Quod
3469 3205 3664 3255 autem

247 3288 345 3364 ὁρᾷ
373 3289 408 3357 ἢ
445 3285 652 3355 ἀκούει,
689 3287 755 3341 ού
803 3287 983 3350 καθὼς
1034 3283 1150 3362 ἔχει
1181 3289 1281 3363 ὁρᾷ
1310 3289 1396 3344 καὶ
1430 3289 1613 3344 ἀκούει
1649 3309 1662 3323 ⁸
1693 3293 1756 3346 τὸ
1803 3293 1904 3366 γὰρ

2023 3293 2237 3349 moveri
2272 3291 2583 3361 scribit,de
2607 3290 2983 3362 providentia;
3009 3289 3236 3344 actione
3258 3288 3666 3360 accipiendum

250 3373 424 3448 μηδὲν
463 3370 693 3452 φοϐερὸν
755 3374 1162 3448 μορμολύκειον
1197 3375 1389 3448 οἶέτᾳι,
1420 3379 1510 3432 καὶ
1542 3377 1706 3453 λόγον
1739 3382 1910 3456 πραῢν

249 3463 532 3527 πολλάκις
563 3465 635 3526 ὡς
664 3464 1025 3534 ἀπειλητικὸν
1061 3462 1278 3540 δέχεται
1313 3483 1326 3496 ⁸
1361 3466 1501 3522 οὕτω
1532 3469 1621 3523 καὶ
1655 3469 1681 3523 6
1713 3472 1908 3540 νηπιά-

258 3560 363 3624 ζων
393 3555 538 3608 κατά
568 3555 776 3628 ψυχήν,
811 3555 1120 3630 ἀγύμναστα
1151 3552 1266 3630 ἔχει
1296 3557 1362 3610 τὰ
1391 3559 1486 3626 τῆς
1517 3560 1702 3632 ψυχῆς
1725 3559 1912 3627 αἰσθη-

252 3645 446 3718 τήρια,
479 3643 570 3698 καὶ
632 3643 694 3696 οὐ
754 3640 970 3698 δύναται
1003 3642 1037 3712 ἢ
1066 3645 1372 3716 θεάσασθαι,
1405 3646 1439 3713 ἢ
1498 3646 1720 3701 ἀκοῦσαι
1773 3659 1911 3710 θεω-

255 3731 372 3805 ρίαν
430 3729 796 3806 ὕψηλοτέραν,
827 3733 888 3802 ἣν
933 3733 1143 3809 τροφήν
1193 3735 1405 3803 στερεὰν
1438 3735 1465 3788 ὁ
1508 3733 1674 3810 λόγος
1704 3736 1912 3790 ἀποκα-

257 3818 366 3875 λεῖ.
403 3822 524 3889 Τὴν
585 3817 642 3874 δὲ
701 3819 864 3896 ὑγράν
914 3823 1122 3896 τροφήν
1177 3822 1428 3894 σύνθημα
1483 3825 1568 3877 καὶ
1632 3820 1911 3896 σύμϐολον

253 3908 425 3965 πάλιν
490 3905 709 3982 οἴομαι.
742 3914 912 3965 Τοῦτο
969 3913 1071 3986 γάρ
1131 3909 1241 3966 ἔστι
1296 3912 1359 3966 τὸ
1410 3911 1518 3967 ἀπὸ
1573 3918 1780 3982 κοινοῦ,
1814 3922 1912 3983 τῆς

257 3997 595 4074 διαχυτικῆς
631 3996 914 4074 έπιρῥοῆς,
949 3997 1209 4070 δηλονότι
1253 4006 1352 4068 τῆς
1409 3997 1498 4055 διὰ
1538 3999 1764 4056 πολλῶν
1824 4006 1911 4058 καὶ

261 4091 537 4162 μεριστῶν
571 4084 919 4150 διδασκαλίας
953 4091 1066 4161 (47)
1102 4108 1114 4121 ⁸
1149 4088 1258 4163 οὐχ
1305 4089 1378 4143 ένὶ
1428 4089 1531 4164 γὰρ
1581 4091 1770 4165 τρόπῳ
1826 4095 1914 4146 καὶ

258 4175 449 4247 ἁπλῷ,
481 4174 630 4230 ἀλλᾶ
659 4173 944 4232 πολυειδεῖ
973 4177 1061 4231 καὶ
1119 4175 1362 4250 ποικίλῳ
1412 4178 1539 4240 τοὺς
1589 4176 1915 4253 διδασκομέ-

473 4264 562 4318 ἐπὶ
642 4265 703 4320 τὸ
785 4264 992 4320 τέλειον
1078 4273 1177 4336 τῆς
1264 4268 1590 4342 θεογνωσίας
1704 4267 1918 4346 ἄγεσθαι

260 4349 574 4427 συμϐαίνει.
631 4355 725 4409 Διὸ
799 4356 890 4409 καὶ
969 4353 1168 4430 δρόσῳ,
1229 4356 1318 4411 καὶ
1373 4355 1550 4429 ὕδατι,
1611 4357 1701 4412 καὶ
1756 4359 1920 4434 γάλα·

259 4465 373 4511 κτι,
421 4443 510 4498 καὶ
565 4440 716 4516 οἷ’νῳ,
775 4443 864 4498 καὶ
928 4443 1131 4517 μέλιτι,
1185 4445 1251 4500 τά
1307 4451 1422 4508 θεῖα
1497 4445 1659 4522 λόγια
1731 4469 1920 4524 παρει-

257 4536 515 4602 κάζοιται
553 4551 565 4563 ⁸
619 4529 806 4601 ἐπειδή
855 4533 955 4609 γᾶρ
1008 4531 1182 4588 πάντα
1241 4532 1481 4611 ὑδατηρά
1535 4536 1637 4590 εἰσι
1675 4556 1686 4568 ⁸
1746 4539 1807 4592 τὸ
1867 4536 1923 4593 δὲ

256 4285 383 4326 νους

2017 3388 2107 3440 est
2139 3383 2294 3438 circa
2325 3381 2485 3436 entia
2515 3381 2757 3452 quaevis.
2793 3380 2854 3435 In
2887 3385 3136 3450 utraque
3169 3378 3375 3432 harum
3412 3377 3667 3449 partium

2019 3489 2255 3528 necesse
2286 3477 2376 3526 est
2406 3469 2724 3524 dictionem
2757 3467 2917 3523 illam
2952 3466 3376 3538 intelligamus,
3406 3466 3585 3522 simul
3615 3470 3673 3522 et

2018 3560 2470 3635 pronuntiemus
2529 3555 2794 3625 καθόλου,
2855 3556 2962 3611 hoc
3037 3560 3122 3610 est
3183 3557 3240 3609 in
3298 3557 3667 3611 universum:

2019 3649 2190 3723 quasi
2221 3649 2331 3704 hoc
2363 3652 2531 3718 pacto
2579 3644 2932 3701 sententiam
2968 3643 3346 3698 contexuerit.
3379 3644 3578 3714 Neque
3608 3644 3665 3698 in

2019 3745 2210 3796 totum
2244 3743 2411 3793 stans
2441 3735 2548 3804 sic,
2581 3738 2645 3788 ut
2672 3733 3012 3787 nullatenus
3044 3735 3347 3786 moveatur
3375 3748 3493 3786 suae
3531 3747 3664 3802 pro-

2018 3827 2284 3885 videntiae
2317 3824 2652 3896 operatione
2685 3839 2696 3876 ε
2730 3837 2920 3892 neque
2953 3837 3159 3876 rursus
3191 3819 3274 3875 sic
3309 3824 3573 3875 movetur
3603 3821 3661 3875 in

2021 3922 2234 3985 totum,
2252 3919 2312 3971 ut
2336 3933 2363 3970 θ
2388 3912 2625 3987 propria
2655 3911 2946 3966 desciscat
2968 3909 3419 3981 transmigretve
3441 3909 3666 3965 stabili-

2023 4004 2397 4064 tate.Idcirco
2429 4002 2588 4058 enim
2621 4000 2937 4072 dicit,quia
2961 4004 3018 4054 et
3047 3999 3094 4054 si
3128 4003 3430 4054 moveatur
3449 4015 3667 4054 numen

2026 4097 2096 4154 ad
2155 4093 2489 4151 obeundam
2547 4089 2905 4146 iunctionem
2960 4106 3080 4145 suas
3139 4087 3541 4160 providentiae,
3572 4089 3673 4144 sed

2027 4185 2174 4242 287
2237 4181 2471 4238 interim
2531 4196 2698 4235 suam
2754 4178 2942 4251 ipsius
3000 4177 3214 4234 retinet
3271 4176 3676 4245 stabilitatem,

2027 4272 2260 4331 etiamsi
2294 4272 2351 4325 in
2387 4287 2495 4325 sua
2527 4266 2877 4324 inalterabili
2905 4270 3232 4338 perseveret
3253 4267 3602 4335 natura;sed
3629 4270 3686 4321 et

2028 4365 2185 4420 idem
2245 4359 2458 4417 ofﬁciis
2517 4361 2784 4414 movetur
2831 4374 2950 4412 suae
3013 4356 3412 4428 providentiae.
3467 4353 3684 4409 Dehinc

2030 4452 2299 4524 sequitur
2321 4449 2453 4522 quis
2477 4447 2703 4504 solidus
2727 4445 2805 4502 sit
2827 4445 2994 4502 cibus
3013 4444 3216 4516 quisve
3239 4443 3520 4514 liquidus.
3538 4442 3682 4497 Soli-

2031 4544 2144 4598 dus
2177 4541 2395 4613 quippe
2427 4538 2597 4593 cibus
2629 4534 2957 4608 symbolum
2985 4538 3096 4602 est,
3121 4549 3332 4604 nempe
3361 4531 3594 4602 signum
3626 4535 3684 4586 et

262 4619 412 4695 ὕδωρ
450 4620 724 4697 ζωογόνον
765 4641 778 4654 ⁸
805 4619 893 4676 διά
921 4623 1019 4690 τὴν
1051 4623 1308 4692 τοιαύτην
1352 4623 1580 4697 δύναμιν
1633 4626 1774 4681 οὕτω
1828 4625 1906 4682 λέ-

2029 4631 2382 4705 significatio
2408 4623 2825 4682 intellectualis
2849 4639 2913 4678 ac
2939 4621 3137 4678 solidae
3162 4619 3553 4708 perfectionis.
3571 4619 3681 4708 sed

260 4732 478 4786 γονται.
515 4710 590 4764 Ού
647 4711 753 4782 μὴν
814 4708 872 4764 δὲ
935 4711 1095 4784 μόνον
1154 4712 1217 4766 τὸ
1250 4712 1440 4788 ὑδαρὸν
1499 4710 1742 4789 ἔχουσιν,
1775 4713 1920 4769 ἄλλα

261 4803 523 4877 φέρουσιν
570 4796 794 4854 ἕκαστον
854 4799 944 4855 καί
996 4821 1116 4855 τινα
1154 4799 1295 4856 ἰδίαν
1327 4804 1615 4872 ποιότητα.
1649 4805 1734 4865 Ὠς
1790 4809 1920 4878 γοῦν

262 4889 554 4959 αὐξητικὰ,
607 4887 842 4962 γάλακτι
887 4889 1129 4944 ἐοίκασι⁸
1161 4891 1224 4945 τὸ
1274 4892 1375 4966 γὰρ
1437 4891 1580 4966 γάλα
1639 4895 1922 4965 Θρεπτικὸν

261 4977 354 5031 καὶ
420 4975 714 5047 αὐξητικόν
751 4997 764 5010 ⁸
826 4978 899 5038 ὡς
948 4978 1256 5047 ἀναζωτικά
1307 4977 1440 5052 οἷ’νῳ
1473 4998 1485 5011 ⁸
1541 4981 1568 5034 ὁ
1625 4983 1724 5058 γὰρ
1781 4985 1928 5047 οἶνος

264 5066 632 5135 ἆναζωτικὸς,
688 5066 752 5120 τὸ
803 5064 1041 5144 ἔμφυτον
1089 5064 1352 5144 διεγεῖραν
1414 5069 1614 5146 θερμόν
1650 5091 1661 5104 ⁸
1705 5072 1780 5134 ὡς
1827 5093 1928 5126 κα-

266 5155 503 5231 θαρτικᾶ
534 5156 618 5208 καῖ
659 5158 999 5233 φρουρητικὰ
1045 5156 1226 5230 μέλιτι
1261 5176 1274 5190 ⁸
1311 5159 1372 5213 τὸ
1418 5159 1520 5235 γὰρ
1581 5160 1708 5234 μέλι
1739 5161 1930 5226 καθαί-

267 5265 351 5319 ρει
391 5245 490 5319 μὶν
523 5243 612 5299 καὶ
645 5245 712 5299 τὰ
741 5242 982 5316 ἑλκώδη,
1015 5245 1269 5322 φυλάττει
1306 5245 1362 5302 δὶ
1418 5249 1506 5304 καὶ
1559 5249 1625 5304 τὰ
1681 5249 1732 5305 ἐν
1785 5251 1933 5324 αὐτῷ

260 5337 374 5388 τῶν
436 5333 674 5408 ὀπωρῶν
736 5328 1146 5407 ἄμϐαλλόμενα.
1181 5335 1358 5391 Ταῦτα
1415 5341 1544 5412 γοῦν
1609 5333 1932 5413 ὑπερϐλύζει

267 5424 302 5492 ἡ
369 5422 496 5476 θεία
549 5423 712 5499 σοφία
761 5424 860 5491 τὴν
933 5425 1117 5498 ψυχὴν
1182 5422 1520 5498 δροσίζοντα,
1578 5428 1715 5484 κατὰ
1770 5433 1936 5484 ταῦτα

261 5511 368 5566 καὶ
432 5509 635 5586 εύωχεῖ
692 5512 720 5566 6
774 5512 902 5575 Θεὸς
965 5514 1092 5577 τοὺς
1161 5514 1361 5590 ἀξίους,
1414 5516 1504 5572 καὶ
1561 5516 1721 5580 αὐτὸς
1775 5517 1935 5592 μεθύ-

336 5738 428 5811 (a)
462 5736 626 5794 Prov.
657 5752 738 5807 xx,
771 5735 822 5792 1.

2029 4737 2156 4793 quas
2188 4721 2424 4773 demum
2462 4715 2583 4770 haec
2619 4709 3035 4768 intellectualis
3063 4713 3153 4765 est
3181 4714 3240 4764 et
3281 4707 3467 4763 solida
3495 4707 3684 4780 perfe-

2031 4811 2188 4867 ctio?
2217 4807 2468 4863 Omnino
2502 4803 2603 4858 illa
2633 4818 2764 4857 esse
2795 4805 3089 4865 censetur,
3125 4797 3449 4854 secundum
3482 4811 3683 4867 quam,

2035 4899 2133 4971 qui
2168 4893 2566 4968 intelligentia:
2598 4892 2751 4946 dono
2805 4888 3028 4961 praediti
3078 4890 3239 4951 sunt,
3271 4885 3444 4940 modo
3499 4883 3683 4956 digni,

2038 4988 2488 5055 divinarumque
2521 4985 2823 5038 consortes
2881 4977 3066 5032 etl‘ecti
3123 4991 3318 5030 rerum
3375 4973 3688 5046 perﬁciun-

2039 5083 2159 5134 tur.
2184 5073 2562 5145 Participatio
2620 5069 2774 5125 enim
2838 5065 3107 5137 quzrdam
3171 5068 3262 5120 est
3318 5062 3693 5136 perfectionis

2043 5168 2173 5238 ipsa
2204 5160 2632 5234 intelligentia;
2669 5157 2768 5213 sed
2803 5154 3132 5210 secundum
3167 5151 3696 5223 scientiam,solide

2045 5257 2320 5317 stantem,
2340 5250 2574 5322 quando
2594 5252 2650 5302 et
2677 5245 2772 5301 hic
2799 5244 2964 5298 cibus
2995 5243 3223 5308 est,sed
3248 5247 3305 5296 et
3335 5239 3697 5312 singularem

2045 5348 2221 5414 atque
2253 5338 2638 5394 individuam.
2668 5335 2780 5389 Hoc
2813 5349 2879 5387 eo
2913 5329 3151 5402 adjecit,
3183 5330 3336 5402 quod
3374 5328 3434 5385 in
3467 5329 3561 5398 iis,
3595 5327 3697 5400 qui

2047 5433 2118 5488 de
2149 5430 2264 5486 Deo
2313 5431 2472 5492 sunt,
2502 5421 2874 5481 sermonibus
2921 5436 3216 5491 nusquam
3267 5419 3478 5476 debeat
3527 5433 3696 5475 mens

2048 5537 2150 5592 per
2179 5519 2479 5574 concretas
2514 5513 2767 5569 materia:
2799 5509 3160 5582 cognitiones
3200 5508 3476 5581 dispesci,
3508 5505 3694 5564 aliove
