4004 6200
313 400 421 457 503

1134 400 1502 453 ΔΡΡΒΝΒΙΧ
1540 395 1640 452 AD
1677 395 1921 451 ΟΡΕΒΔ
1957 393 2015 447 S.
2056 391 2375 449 DIONYSII
2414 397 2914 451 ARBOPAGITE.

3624 395 3724 450 504

319 523 552 592 diduci;
587 523 689 579 sed
720 519 1094 576 uniformiter
1119 525 1391 592 reputare
1421 535 1624 576 secum
1656 520 1966 574 inenarra-

2098 534 2157 567 ιιν
2219 511 2454 590 λέγεται,
2511 517 2588 579 ὠς
2647 515 2870 592 πλήρης
2926 514 3136 571 τούτων
3192 516 3284 570 καὶ
3343 514 3723 593 ὑπερπλτερης.

318 614 498 670 bilem
521 612 836 680 hancesse,
854 607 1121 680 nullique
1144 625 1246 680 pro
1261 608 1543 682 dignitate
1563 604 1970 678 vestigabilem

320 703 528 758 divinis
559 705 785 756 naturae
818 698 1411 770 majestalemzidque
1443 697 1697 753 maxime
1730 695 1972 750 addecet

321 808 480 858 eum,
508 789 608 861 qui
640 787 905 844 sensoria
937 803 1150 858 organa
1183 787 1359 842 habet
1387 787 1683 841 interioris
1712 783 1974 839 hominis

324 880 642 936 admodum
676 877 1086 941 exercitata,in
1114 875 1330 948 quibus
1364 875 1578 930 Paulus
1613 873 1708 930 ille
1726 873 1976 928 admira-

324 969 462 1025 bilis
496 967 693 1023 hausit
725 967 934 1022 divinae
985 982 1170 1036 aquas
1228 964 1549 1035 sapientiae.
1581 965 1727 1018 Nam
1786 962 1975 1033 ipsius

322 1061 566 1116 verbum
600 1063 687 1114 est
716 1075 728 1113 :
759 1059 894 1112 Cum
915 1074 1084 1112 essem
1114 1055 1480 1128 parvulus,ut
1504 1055 1769 1127 parvulus
1789 1055 1974 1125 sapie-

327 1150 451 1204 bam
482 1147 560 1218 (b)
595 1165 608 1203 :
637 1145 959 1201 liberaliter
989 1145 1256 1217 dispertit
1317 1144 1569 1200 solidum
1621 1143 1841 1214 cibum,
1874 1142 1975 1196 sed

317 1239 445 1310 jam
480 1235 696 1290 adultis
729 1251 796 1290 ac
823 1235 1118 1306 perfectis,
1139 1251 1272 1289 cum
1305 1235 1539 1289 eosdem
1565 1233 1782 1304 alioqui
1815 1231 1979 1305 prius

329 1330 592 1400 potasset
619 1323 1078 1394 lacte,cumillis
1100 1323 1242 1378 forte
1274 1323 1522 1378 necdum
1557 1323 1800 1378 aderant
1820 1337 1978 1377 exer-

332 1416 496 1470 citati
528 1430 742 1469 sensus
775 1413 1132 1484 spirituales.
1150 1411 1221 1467 Ut
1239 1411 1392 1466 enim
1416 1411 1582 1483 pusio
1607 1411 1979 1482 quivisorga-

337 1521 412 1560 na
459 1502 720 1574 corporis
773 1502 1154 1556 inexercitata
1195 1501 1386 1555 adhuc
1416 1501 1660 1567 habens,
1693 1499 1975 1571 quidquid

334 1593 424 1647 vel
453 1592 612 1647 videt
633 1590 720 1646 vel
754 1591 939 1656 audit,
964 1591 1022 1644 id
1047 1591 1250 1662 utique
1269 1607 1386 1645 non
1409 1589 1562 1643 sicut
1579 1605 1640 1645 se
1670 1589 1845 1644 habet
1866 1604 1979 1654 res,

334 1680 490 1734 videt
536 1683 594 1734 et
645 1678 828 1733 audit.
856 1679 1163 1734 Larvatam
1220 1679 1376 1733 enim
1437 1694 1745 1749 personam
1780 1675 1982 1731 formi-

337 1766 593 1822 dabilem
660 1767 954 1838 deputat,
1005 1765 1154 1820 nihil
1226 1766 1442 1836 alioqui
1501 1764 1979 1832 formidabilem;

2084 605 2401 677 Σημείωσαι
2457 604 2513 662 δὲ
2572 607 2814 675 ἐνταῦθα,
2875 605 2958 662 ὅτι
3014 606 3107 662 καὶ
3162 606 3224 662 τὸ
3283 608 3522 682 εὐωχεῖν
3581 607 3726 682 ῥῆμα

2083 693 2111 746 ὁ
2147 696 2329 770 Πατὴρ
2390 696 2494 750 ἀπὸ
2548 700 2644 750 τοῦ
2697 697 2752 751 εὖ
2800 693 2950 770 ἔχειν
2995 693 3344 770 ἐτυμολογεῖ,
3375 697 3560 760 καθὼς
3615 690 3727 772 ἔχει

2081 783 2169 835 καὶ
2204 785 2238 851 ἡ
2271 791 2369 852 τῆς
2431 783 2630 855 εὐεξίας
2691 783 2857 854 λέξις.
2889 786 2981 848 Ὠς
3035 787 3164 860 γοῦν
3224 784 3304 862 ἐφ’
3333 787 3495 857 ἡμῶν
3524 787 3560 854 ἡ
3597 787 3729 857 μέθη

2082 869 2219 924 κατᾶ
2275 871 2336 926 τὸ
2394 879 2581 948 χεῖρον
2653 872 2889 948 λέγεται,
2951 873 3094 927 οὕτω
3151 873 3287 927 κατὰ
3352 875 3414 927 τὸ
3487 880 3730 948 κρεῖττον

2085 959 2170 1014 ἐπὶ
2229 966 2402 1017 Θεοῦ’
2464 965 2585 1027 ὅθεν
2640 964 2731 1018 καὶ
2787 963 2870 1041 ἐφ’
2919 967 3082 1037 ἡμῶν
3131 966 3165 1032 ἡ
3227 964 3462 1038 ἀμετρία
3519 969 3733 1038 χεῖρον,

2087 1049 2172 1104 ἐπὶ
2225 1049 2281 1105 δὲ
2340 1057 2493 1122 Θεοῦ,
2545 1057 2813 1128 κρεῖττον.
2855 1055 2975 1109 "En
3036 1050 3093 1107 δὲ
3138 1053 3228 1107 καὶ
3283 1052 3346 1106 τὸ
3399 1050 3740 1124 ἐξεστῃεὲναι

2087 1137 2172 1193 ἐπὶ
2228 1145 2362 1195 Θεοῦ
2413 1140 2621 1215 λέγεται
2652 1143 2788 1197 κατὰ
2818 1141 2916 1210 τήν
2951 1141 3256 1216 ὑπεροχὴν,
3287 1142 3374 1196 καὶ
3433 1145 3532 1196 τοῦ
3591 1147 3738 1194 νοεῖν

2087 1228 2176 1282 καὶ
2207 1233 2308 1284 τοῦ
2338 1235 2576 1293 νοεῖσθαι
2613 1250 2626 1262 ·
2660 1227 2783 1286 οὔτε
2812 1230 2916 1306 γὰρ
2947 1230 3013 1285 τὸ,
3042 1225 3171 1284 ὅντα
3225 1231 3483 1304 γινώσκει
3612 1227 3743 1284 ὅντα

2087 1317 2247 1386 εἰσὶν,
2275 1317 2419 1374 ἀλλᾶ
2457 1318 2592 1374 κατᾶ
2636 1341 2755 1375 τινα
2800 1319 3136 1394 ἐξῃρημένην
3189 1319 3278 1373 καὶ
3338 1319 3469 1393 ὑπὲρ
3528 1317 3740 1392 ἄνθρω-

2089 1428 2190 1462 πον
2223 1407 2430 1477 νόησιν.
2464 1406 2602 1465 Οὔτε
2635 1410 2744 1481 μὴν
2775 1410 2921 1485 παρὰ
2947 1413 3056 1463 τῶν
3107 1408 3266 1478 ἀξίων
3321 1413 3528 1462 νοεῖται
3559 1409 3744 1471 καθὼς

2090 1493 2205 1572 ἔχει
2243 1518 2255 1530 ·
2292 1496 2406 1551 ἐπεὶ
2437 1499 2523 1552 καὶ
2588 1497 2720 1572 ὑπὲρ
2779 1498 2907 1552 αὐτὸ
2953 1497 3015 1552 τὸ
3071 1497 3204 1551 εἶναί
3263 1495 3396 1562 ἐστι,
3426 1497 3516 1551 καὶ
3549 1496 3744 1559 ἁπλῶς

2092 1587 2189 1640 ὅσα
2244 1585 2378 1640 εἲσῖν
2434 1586 2627 1661 ἀγαθὰ,
2657 1587 2748 1641 καὶ
2807 1586 2882 1648 ὠς
2943 1583 3304 1659 ὑπερπλήρης
3364 1585 3597 1661 τοιξτων,
3650 1607 3747 1658 με·

2093 1674 2234 1739 θύων
2295 1675 2529 1752 λέγεται,
2563 1676 2653 1730 καὶ
2710 1675 2784 1737 ὠς
2841 1674 2996 1737 αὖθις
3043 1670 3144 1745 ἔξω
3192 1676 3281 1729 καὶ
3331 1673 3580 1730 ἐπέκεινα
3634 1681 3745 1730 τῶν

2090 1763 2355 1818 τοιούτων
2411 1766 2622 1840 ἀγαθῶν
2683 1764 3071 1837 ἀνῳκισμένος,
3117 1762 3417 1833 ἐξεστηκὼς
3479 1762 3698 1840 λέγεται
3733 1785 3745 1796 ·

333 1856 476 1928 quin
511 1856 752 1912 verbum
787 1855 1115 1926 quamlibet
1161 1854 1388 1927 placide
1416 1859 1474 1910 et
1504 1854 1820 1909 clementer
1849 1870 1982 1924 pro-

2098 1852 2254 1928 ὁγᾶρ
2315 1852 2526 1924 ἐκστὰς,
2562 1850 2662 1923 ἔξω
2714 1852 2928 1908 πάντων
2977 1852 3203 1927 γίνεται,
3236 1852 3327 1907 καὶ
3385 1849 3540 1906 οὐδὲν
3601 1851 3746 1908 οἶδεν

2132 1937 2157 1959 ν
2287 1946 2313 1956 -
2411 1937 2437 1959 11
2671 1939 2697 1959 Ἰ
2823 1946 2850 1958 η
2985 1943 3007 1959 ἢ
3144 1942 3154 1959 Ι
3326 1939 3396 1959 ιιι-ἱ
3521 1945 3547 1956 ν
3647 1937 3699 1959 ν.

334 1945 546 2013 latum,
605 1943 951 2016 plerumque
1024 1943 1257 2016 accipit,
1316 1945 1485 2014 quasi
1542 1943 1988 1998 comminatorie

337 2033 583 2089 dictum.
603 2035 679 2088 Ad
697 2034 969 2089 eumdem
995 2033 1262 2098 modum,
1276 2032 1376 2103 qui
1391 2033 1714 2088 secundum
1728 2032 1984 2088 animam

338 2121 599 2196 pusillus
657 2121 852 2178 adhuc
912 2126 1023 2188 est,
1058 2121 1234 2176 habet
1262 2121 1521 2193 profecto
1553 2121 1603 2176 is
1634 2138 1751 2176 suae
1783 2120 1990 2176 animae

341 2211 614 2268 sensoria
640 2210 1050 2279 inexercitata;
1085 2226 1192 2266 nec
1223 2213 1416 2283 potest
1444 2210 1577 2266 talis
1609 2209 1991 2282 contemplari

348 2317 415 2357 ac
447 2317 518 2356 ne
548 2300 752 2356 audire
782 2300 1021 2371 quidem
1056 2299 1234 2355 ullam
1259 2299 1660 2355 sublimiorem
1684 2299 1992 2369 theoriam,

353 2406 531 2462 quam
584 2389 822 2445 nomine
874 2389 1045 2445 solidi
1107 2388 1220 2444 cibi
1276 2405 1469 2444 sermo
1525 2393 1692 2445 vocat
1738 2387 1994 2444 divinus.

323 2479 604 2535 .Proinde
661 2479 946 2552 liquidam
1005 2478 1348 2534 alimoniam
1407 2495 1614 2534 rursus
1646 2477 1993 2533 crediderim

355 2569 541 2640 accipi
572 2568 781 2624 debere
812 2584 915 2639 pro
944 2568 1267 2640 composito
1289 2568 1654 2641 ﬁgurataque
1676 2568 1862 2640 signo.
1881 2566 1997 2622 Hoc

346 2659 504 2715 enim
554 2662 644 2714 est
701 2659 853 2728 quod
914 2658 1267 2714 subauditur
1321 2663 1420 2724 τῆς
1479 2653 1802 2731 διαχυτικῆς
1842 2653 1994 2730 tmp-

353 2744 505 2822 ῥοῆς,
539 2747 596 2802 id
647 2751 758 2814 est,
790 2747 1064 2818 diffusius
1111 2747 1465 2804 inundantia:
1521 2746 1640 2802 sive
1696 2747 1944 2820 inﬂuxus
1975 2765 1994 2800 :

351 2836 623 2891 videlicet
643 2836 915 2891 doctrinae
940 2852 1065 2907 qua:
1092 2851 1195 2907 per
1215 2837 1380 2908 plura
1402 2840 1459 2890 et
1478 2835 1990 2891 dividuainstruit.

343 2925 544 2995 Neque
575 2924 730 2979 enim
762 2940 878 2978 uno
905 2941 972 2978 ac
1004 2923 1258 2994 simplici
1291 2924 1486 2990 modo,
1510 2925 1607 2979 sed
1644 2924 1993 2979 multiformi

338 3012 614 3082 varioque
644 3013 879 3067 edoctus
905 3011 1064 3081 prius
1096 3012 1383 3084 contingit
1403 3013 1472 3066 ad
1500 3013 1810 3083 perfectam
1835 3012 1992 3067 illam

341 3100 441 3155 Dei
474 3099 780 3155 scientiam
831 3101 1202 3170 promoveri;
1236 3101 1485 3172 ideoque
1537 3118 1704 3156 sacra
1759 3100 1992 3174 eloquia

338 3206 477 3259 rori,
511 3187 865 3259 aquaa,lacti,
897 3189 1031 3243 vino
1064 3193 1240 3261 atque
1273 3190 1418 3245 melli
1453 3190 1741 3246 assimilia
1771 3191 1992 3247 descri-

2098 1937 2220 1997 οὔτε
2246 1946 2354 1996 τῶν
2409 1937 2602 2015 ὅντων,
2636 1939 2759 1997 οὔτε
2785 1946 2892 1996 τῶν
2927 1942 3294 2014 τελουμένων.
3326 1939 3397 1996 Td
3451 1945 3583 2018 γοῦν
3644 1937 3749 2013 ἔξω

2096 2030 2312 2085 πάντων
2373 2030 2503 2085 εἶναι
2557 2032 2620 2085 τὸ
2679 2036 2820 2096 θεῖον
2877 2030 3013 2085 κατά
3057 2051 3180 2085 τινα
3228 2029 3746 2105 ὑπερανῳκισμὲνην

2097 2117 2226 2190 ἵξιν,
2255 2118 2354 2191 ἵν’,
2387 2118 2560 2182 οὕτως
2607 2119 2765 2192 εἶ’πω,
2823 2121 3027 2194 πρέπον
3079 2119 3190 2175 ἰστὶ
3237 2124 3316 2191 τῷ
3364 2125 3502 2191 Θεῷ,
3535 2120 3660 2174 καθ’
3693 2122 3753 2189 ἢν

2101 2206 2229 2264 οὐδὶ
2287 2207 2399 2264 οἶδε
2454 2211 2520 2265 τὰ
2578 2205 2705 2264 ὅντα
2849 2206 2980 2265 ὄντα
3027 2208 3184 2281 εἰσὶν,
3217 2206 3344 2264 ἀλλ’
3401 2209 3755 2284 ὕπεροχικῶς

2102 2297 2447 2373 ἑξῃρημὲνως
2514 2296 2573 2352 ἐκ
2637 2297 2845 2354 τούτων
2904 2299 3246 2374 ὁρμώμενοι,
3300 2298 3391 2352 καὶ
3447 2299 3515 2352 τὰ
3575 2297 3628 2352 ἐν
3688 2301 3756 2371 τῇ

2107 2386 2357 2463 βασιλείᾳ
2401 2392 2510 2442 τῶν
2552 2387 2793 2463 οὐρανῶν
2841 2385 3032 2442 δεῖπνα
3082 2385 3568 2460 ἀλληγορήσομεν,
3602 2388 3759 2442 ἅτινα

2104 2475 2421 2552 ἐμφαίνουσι
2454 2477 2641 2547 κοινήν
2695 2497 2815 2530 τινα
2868 2477 2957 2530 καὶ
3007 2475 3378 2549 ὁμονοητικήν
3431 2480 3542 2530 τῶν
3591 2475 3755 2551 ἁγίων

2103 2566 2414 2635 κοινωνίαν,
2464 2567 2529 2634 ἢν
2589 2564 2678 2620 καὶ
2710 2562 3039 2635 Ἐκκλησίαν
3097 2563 3460 2638 πρωτοτόκων
3506 2565 3676 2643 φησὶν
3733 2567 3758 2619 ὁ

2106 2657 2248 2717 Θεῖος
2280 2655 2618 2716 Ἀπόστολος
2677 2653 2766 2709 καὶ
2823 2655 2921 2722 τὴν
2979 2652 3259 2708 ἆνάκλισιν
3292 2653 3591 2708 ἀνάπαυσιν
3648 2659 3755 2708 τῶν

2105 2745 2332 2800 πολΛῶν
2387 2745 2646 2818 καμάτων
2681 2739 3029 2820 λογιζόμεθα.
3067 2743 3357 2821 Εὐφραίνει
3415 2741 3473 2797 δὲ
3524 2743 3756 2804 τούτους

2106 2836 2133 2889 ὁ
2167 2835 2362 2909 Σωτὴρ
2393 2835 2556 2906 ἡμῶν
2587 2834 2675 2887 καὶ
2725 2833 3020 2903 Δεσπότης,
3051 2832 3141 2886 καὶ
3191 2831 3488 2903 ἀνακλίνει,
3521 2831 3605 2887 ὅτι
3663 2832 3756 2886 αὐ-

2100 2921 2194 2985 τός
2255 2922 2398 2977 εστιν
2457 2921 2628 2985 α’ἰτιος
2689 2923 2939 2976 ἁπάντων
2985 2926 3092 2976 τῶν
3120 2925 3237 2985 τοῖς
3268 2921 3440 2997 ἁγίοις
3471 2919 3754 2975 ἐναποκει-

2107 3014 2282 3086 μὲνων
2326 3009 2533 3068 καλῶν.
2567 3011 2642 3065 Σὺ
2698 3008 2755 3066 δὲ
2785 3010 3134 3081 ἐπιζητήσας
3173 3011 3262 3065 καὶ
3304 3011 3394 3065 τὸν
3443 3011 3640 3078 ὕπνον,
3666 3009 3751 3064 καὶ

2099 3103 2200 3172 τὴν
2233 3101 2558 3177 ἰγρήγορσιν
2593 3099 2678 3156 ἐπὶ
2711 3104 2846 3155 Θεοῦ
2877 3099 3354 3174 ἂλληγορηθῆναι.
3385 3101 3549 3153 ’Όταν
3587 3098 3754 3153 ὕπνον

2102 3197 2288 3270 φῶμεν
2319 3190 2522 3263 τοίνυν,
2553 3191 2615 3245 τὸ
2649 3192 2763 3245 οἷον
2793 3189 3258 3265 παραχωρητικὸν
3305 3192 3403 3244 τοῦ
3461 3193 3599 3245 Θεοῦ
3661 3187 3755 3258 δη-

339 3250 601 3344 bun'tur-;
637 3250 1114 3348 quandoquidem
1144 3250 1318 3347 aquei
1368 3277 1613 3350 liquoris
1668 3279 1986 3352 imaginem

2102 3250 2308 3354 λοῦμεν
2342 3299 2355 3312 ’
2407 3250 2532 3334 ὅταν
2597 3277 2653 3334 δὶ
2710 3250 3054 3355 ἐγρήγορσιν,
3086 3250 3184 3346 τήν
3247 3277 3323 3342 είς
3377 3277 3439 3332 τὸ
3498 3250 3752 3354 προνοείν

341 3369 605 3422 referunt
627 3366 847 3421 omnia.
881 3367 1046 3436 Aqua
1077 3371 1272 3421 autem
1303 3366 1418 3421 vim
1453 3367 1660 3422 sortita
1689 3373 1780 3424 est
1807 3369 1991 3423 vivifi-

344 3455 515 3511 candi
548 3459 606 3510 et
635 3454 1028 3523 fecundandi;
1060 3459 1118 3510 et
1173 3455 1324 3511 288
1372 3455 1479 3511 hac
1527 3456 1733 3526 gratia,
1764 3457 1998 3530 eloquia

347 3559 516 3615 aquae
545 3543 783 3599 nomine
815 3543 1110 3599 dicuntur.
1145 3546 1213 3598 At
1250 3561 1365 3599 non
1398 3545 1551 3600 hanc
1583 3545 1774 3602 solum
1834 3564 1998 3618 aqua:

345 3634 465 3688 vim
495 3633 554 3688 in
587 3650 650 3688 se
680 3633 967 3702 obtinent,
1001 3633 1100 3688 sed
1135 3636 1601 3706 unumquodque
1650 3642 1999 3708 progenerat

339 3723 510 3795 juxta
540 3722 800 3778 innatam
834 3722 947 3777 sibi
978 3739 1042 3777 ac
1087 3722 1382 3794 propriam
1441 3723 1805 3795 qualitatem,
1838 3730 1900 3780 ut
1931 3743 2000 3782 ea

346 3829 473 3883 quas
506 3812 750 3884 praedita
773 3817 913 3867 sunt
944 3811 1193 3883 augendi
1219 3811 1445 3876 vi,lacti
1469 3813 1850 3884 perhibentur
1869 3831 1998 3870 esse

342 3901 577 3956 similia.
595 3902 705 3956 Lac
723 3901 1016 3972 siquidem
1050 3905 1106 3957 et
1138 3901 1324 3956 nutrit
1345 3906 1402 3957 et
1425 3901 1694 3973 perducit
1714 3904 1784 3958 ad
1806 3904 1996 3959 incre-

341 3993 624 4043 mentum.
658 3989 785 4042 Pari
820 3990 1013 4055 modo,
1047 4006 1174 4060 quae
1210 3995 1475 4046 recreant
1505 3993 1996 4058 excitantve,vino

337 4076 881 4143 conferuntur;vim
909 4077 1064 4131 enim
1086 4077 1262 4132 habet
1291 4079 1491 4132 vinum
1528 4080 1773 4150 spiritus
1803 4080 1996 4137 vitalis

335 4162 705 4218 excitativam
731 4181 746 4231 ;
771 4164 976 4218 innata
997 4165 1154 4219 enim
1178 4164 1262 4220 illi
1289 4166 1375 4221 vis
1395 4170 1484 4221 est
1511 4169 1822 4223 excitativa
1841 4168 1994 4224 calo-

339 4251 442 4308 ris.
459 4251 577 4307 Nec
597 4251 966 4306 dissimiliter
989 4254 1330 4325 purgatoria
1361 4257 1878 4326 conservativaque
1905 4258 1995 4314 vis

341 4338 700 4407 inestmelli;
727 4344 941 4412 purgat
957 4339 1114 4396 enim
1135 4341 1428 4414 quidquid
1448 4344 1672 4399 saniem
1697 4349 1798 4400 aut
1816 4346 1997 4418 putri-

344 4430 601 4502 laginem
633 4429 870 4502 praefert
900 4429 1224 4485 ulcerosam
1253 4448 1265 4497 ;
1297 4433 1364 4487 ad
1399 4431 1506 4487 hoc
1539 4433 1764 4490 fructus
1793 4436 1995 4491 condi-

342 4522 547 4574 taneos
578 4522 885 4574 conservat
916 4517 1186 4589 injectos.
1219 4519 1350 4576 Haec
1381 4519 1581 4592 itaque
1639 4522 1836 4580 divina
1887 4527 1994 4581 Sa-

2107 3371 2415 3446 προσοχήν.
2451 3367 2526 3422 Σὺ
2583 3365 2640 3422 δὲ
2689 3369 2856 3422 πάλιν
2906 3366 2997 3421 καὶ
3028 3364 3174 3422 ἄλλα
3216 3367 3492 3436 ζητήσεις.
3527 3367 3625 3420 Διὸ
3672 3365 3757 3422 καί

2104 3458 2353 3534 περιττὸν
2419 3459 2510 3530 μὲν
2571 3455 2871 3526 οῗηθέντες,
2925 3455 2991 3510 τὰ
3046 3454 3184 3510 αὐτᾶ
3229 3454 3758 3528 ὲπανακυκλοῦντες,

2102 3545 2258 3622 ἕτερα
2289 3546 2465 3602 δοκεῖν
2500 3543 2704 3620 λέγειν,
2737 3544 2958 3599 ἐνταῦθα
3008 3547 3279 3619 στήσομεν
3333 3544 3424 3600 τὸν
3485 3551 3591 3614 τῆς
3647 3544 3758 3600 ἐπι·

2107 3636 2306 3705 στολῆς
2360 3634 2549 3710 λόγον,
2605 3631 3014 3696 ἀποδεδωκότες
3087 3632 3164 3696 ὠς
3241 3629 3622 3708 ὑπολαμϐάνω
3673 3635 3759 3688 καὶ

2105 3724 2355 3794 πλείονα,
2407 3725 2479 3778 ὧν
2529 3722 2581 3778 ἐν
2633 3729 2756 3785 τοῖς
2812 3728 2927 3784 σοῖς
3002 3720 3315 3798 γράμμασιν
3392 3721 3757 3793 ἐπεζήτησας.

2105 3813 2428 3885 Πειθὸμενοι
2463 3811 2519 3868 δὲ
2551 3810 2716 3868 πάλιν
2755 3813 2881 3885 ὑμῖν
2917 3809 3133 3867 Θιλουσι
3182 3809 3306 3886 περὶ
3358 3808 3576 3864 πάντων
3626 3831 3758 3882 μιν·

2106 3903 2298 3973 θάνειν,
2331 3903 2498 3970 αὐτὴν
2556 3900 2693 3971 ὅλην
2751 3901 2853 3970 τήν
2905 3894 3261 3972 Συμϐολικήν
3295 3895 3584 3972 θεολογίαν
3621 3898 3754 3953 ἀπο-

2105 3989 2428 4064 στὲλλομεν,
2476 3991 2592 4044 καθ’
2650 3991 2711 4057 ἢν
2773 3990 3022 4064 εὑρήσεις
3076 3987 3268 4053 πάντα,
3327 3986 3418 4042 καὶ
3475 3988 3604 4063 περὶ
3661 3995 3757 4057 τῆς

2105 4079 2315 4157 σοφίας,
2346 4078 2435 4134 καὶ
2493 4077 2616 4155 περῖ
2674 4082 2771 4132 τοῦ
2830 4076 3007 4144 οἵκου,
3055 4076 3146 4131 καὶ
3197 4076 3323 4150 περὶ
3377 4082 3480 4145 τῆς
3540 4082 3760 4151 στερεᾶς

2102 4174 2333 4245 τροφῆς,
2385 4165 2770 4243 διαιρουμένης
2845 4165 2923 4228 εἷς
2991 4163 3185 4238 ἄρτους
3238 4165 3325 4219 καὶ
3391 4163 3612 4236 θύματα
3669 4163 3759 4219 καὶ

2103 4257 2227 4332 περὶ
2253 4261 2358 4311 τῶν
2392 4253 2578 4310 ἄλλων
2607 4254 2859 4310 ἁπάντων
2893 4273 2906 4287 ·
2952 4251 3064 4308 ἔστι
3106 4253 3206 4330 γὰρ
3254 4253 3318 4308 τὸ
3357 4257 3612 4307 τοιοῦτον
3673 4255 3763 4328 βι-

2105 4343 2261 4402 ϐλίον
2295 4345 2566 4421 εὐρετικὸν
2599 4346 2816 4399 ἁπασῶν
2866 4347 2974 4398 τῶν
3027 4337 3381 4416 συμϐολικῶν
3431 4339 3760 4416 θεολογιῶν,

2104 4435 2192 4491 καὶ
2224 4437 2547 4510 ὁμοφωνοῦν
2575 4434 2710 4510 πρὸς
2734 4434 2829 4494 τὰς
2861 4432 3008 4508 ἱερὰς
3044 4428 3468 4507 παραδόσεις,ἃς
3493 4431 3646 4506 παρὰ
3663 4434 3760 4486 τοῦ

2104 4524 2254 4600 ἁγίου
2281 4520 2626 4580 Ἀποστόλου
2656 4521 2745 4576 καὶ
2781 4517 3116 4575 διδασκάλου
3147 4521 3307 4592 ἡμῶν
3339 4513 3757 4593 παρελάϐομεν.

347 4606 571 4680 pientia
602 4607 915 4662 inundanti
947 4623 1016 4662 ex
1047 4624 1110 4664 se
1140 4609 1503 4680 scaturigine
1532 4611 1800 4683 effundit,
1831 4617 2047 4685 quibus
2079 4616 2336 4672 animam
2369 4612 2598 4679 irroret,
2632 4611 3068 4683 clementerque
3098 4613 3391 4682 aspergat.
3423 4610 3756 4664 Secundum

346 4697 471 4753 haec
530 4703 681 4753 Deus
739 4713 802 4753 se
859 4697 1074 4769 dignos
1119 4697 1455 4755 lautissimo
1485 4701 1696 4772 accipit
1727 4706 2008 4762 convivio.
2041 4708 2202 4763 Idem
2261 4719 2496 4776 quoque
2524 4700 2800 4758 inebriari
2859 4700 3164 4767 astruitur,
3225 4700 3440 4770 quippe
3497 4699 3603 4770 qui
3663 4699 3757 4753 his

344 4786 559 4859 plenus
591 4802 721 4842 esse
751 4786 1130 4853 describitur,
1161 4795 1216 4842 et
1246 4804 1529 4860 perquam
1564 4789 1794 4861 plenus.
1826 4793 2067 4851 Interim
2099 4799 2296 4851 tamen
2343 4790 2614 4865 praesenti
2666 4790 2789 4845 loco
2839 4789 3160 4844 notandum
3194 4788 3372 4858 venit,
3406 4787 3549 4860 quia
3596 4787 3754 4844 verbi

336 4877 511 4932 istius
570 4873 800 4948 εὐωχεῖν
853 4880 1112 4948 etymum
1172 4877 1382 4933 beatus
1436 4879 1606 4934 Pater
1653 4880 1879 4937 derivat
1929 4884 1988 4939 at

2098 4883 2117 4936 5
2177 4884 2328 4952 bene,
2361 4879 2668 4948 commode,
2697 4883 2756 4934 et
2812 4872 2982 4951 ἔχειν,
3014 4877 3166 4934 sicut
3215 4880 3273 4932 et
3320 4875 3500 4932 dictio
3558 4874 3753 4946 εὐεξία.

337 4964 409 5021 Ut
437 4965 618 5038 igitur
647 4964 957 5020 hominum
991 4981 1150 5022 more
1180 4965 1432 5024 ebrietas
1463 4969 1523 5023 in
1555 4969 1814 5040 pejorem
1845 4971 1999 5027 trahi
2033 4971 2184 5029 solet
2214 4971 2570 5044 partem;sic
2601 4968 2930 5025 secundum
2961 4967 3018 5022 id
3043 4967 3196 5039 quod
3230 4966 3616 5038 praestantius
3645 4970 3755 5036 est,

331 5054 392 5109 in
448 5055 584 5110 Deo.
644 5055 810 5110 Unde
866 5059 1065 5111 nostro
1122 5071 1287 5113 more
1343 5056 1646 5129 loquendi,
1707 5058 2028 5116 immodica
2085 5067 2260 5133 potus
2337 5059 2578 5131 repletio
2629 5057 2690 5113 in
2749 5055 3099 5112 deteriorem
3159 5057 3421 5112 sumitur
3479 5058 3754 5127 partem:

329 5147 552 5209 contra,
584 5144 655 5197 de
708 5148 821 5199 Deo
879 5144 1036 5200 dicta
1091 5145 1315 5217 aliquid
1375 5147 1634 5203 declarat
1663 5150 2061 5219 prazstantius.
2096 5153 2343 5221 Insuper
2388 5164 2664 5204 excessus
2693 5144 2791 5201 ille
2821 5146 2880 5200 in
2923 5144 3058 5212 Deo,
3092 5145 3164 5200 de
3195 5144 3324 5216 ipso
3357 5160 3461 5216 per
3489 5143 3756 5200 eminen-

330 5231 473 5287 tiam
505 5231 859 5305 praadicatur
887 5249 1069 5306 supra
1101 5251 1280 5307 quam
1307 5236 1640 5306 cogitemus
1673 5241 1776 5292 aut
1807 5237 2229 5311 intelligamus.
2263 5237 2462 5308 Neque
2510 5236 2666 5292 enim
2728 5252 2820 5308 res
2876 5234 3170 5307 agnoscit,
3202 5237 3378 5307 prout
3430 5249 3528 5290 res
3587 5236 3757 5301 sunt;

331 5321 432 5377 sed
457 5321 629 5392 juxta
657 5321 1084 5393 pracellentem
1116 5329 1173 5379 et
1202 5340 1382 5396 quam
1412 5324 1674 5380 humana
1703 5326 1802 5396 sit,
1833 5328 2239 5399 angustiorem
2289 5325 2764 5398 intelligentiam.
2797 5325 2903 5380 Sed
2951 5341 3145 5397 neque
3181 5341 3214 5380 a
3244 5322 3514 5394 qualibet
3566 5322 3759 5396 dignis

333 5413 528 5465 mente
556 5409 898 5482 percipitur,
931 5417 997 5467 ut
1026 5428 1089 5468 se
1119 5418 1284 5469 tanta
1313 5413 1435 5470 haec
1462 5413 1639 5470 habet
1669 5415 1968 5486 majestas.
2001 5415 2288 5480 Quoniam
2321 5414 2560 5487 quidem
2592 5431 2798 5472 omnes
2831 5415 3018 5470 anteit
3056 5413 3277 5487 gradus
3307 5413 3603 5480 essentia,
3635 5412 3756 5468 imo

332 5513 698 5571 quascunque
729 5516 980 5572 usquam
1028 5501 1184 5556 bona
1215 5507 1356 5558 sunt
1388 5520 1632 5575 prorsus
1663 5505 2106 5578 supergreditur
2138 5521 2150 5558 :
2195 5509 2370 5576 atque
2427 5509 2493 5560 ut
2542 5521 2826 5578 perquam
2887 5503 3098 5576 plenus
3151 5503 3387 5571 horum,
3421 5501 3754 5557 inebriatus

334 5586 552 5646 dicitur
609 5603 758 5644 esse.
784 5589 1033 5660 Rursus,
1067 5591 1222 5662 quod
1281 5596 1444 5648 ext-ra
1501 5592 1677 5650 simul
1711 5599 1767 5650 et
1797 5593 1951 5650 ultra
1998 5592 2203 5650 isthaec
2235 5593 2389 5651 bona
2428 5595 2628 5651 omnia
2679 5593 3030 5668 longissimo
3086 5608 3323 5650 secessu
3358 5592 3520 5648 velut
3547 5594 3751 5652 trans-

408 5719 483 5794 (b)
513 5720 536 5776 Ι
567 5718 694 5775 Cor.
726 5734 848 5786 xm,
884 5718 968 5774 11.
