4004 6200
216 413 319 468 505
1029 413 1494 468 ΡΑΟΗῩΜΕΒΕ
1533 411 1862 466 ΡΔΒΔΡΗΕ

1975 412 2040 466 18
2076 413 2150 466 IN
2188 414 2344 467 EPP.
2385 416 2444 469 Β.
2486 414 2824 470 DIONYSII.
3525 412 3633 469 506

218 537 529 610 migrarit:
563 533 704 590 hinc
733 532 950 590 dicitur
979 535 1324 604 excessisse,
1355 533 1746 590 similitudine
1775 532 1849 587 ab
1879 549 1946 588 eo
1977 533 2175 603 ducta,
2217 535 2372 606 quod
2431 536 2529 607 qui
2589 536 2806 591 exstasi
2862 536 3039 592 semel
3095 537 3425 610 corripitur,
3475 542 3636 593 extra

216 627 414 683 omnia
446 625 534 680 ﬁt.
570 625 626 680 Is
657 623 814 680 enim
847 641 1048 679 eorum
1083 641 1212 696 quae
1269 627 1432 691 sunt,
1491 637 1692 694 quasve
1741 621 1893 676 facta
1936 622 2061 690 jam
2113 628 2274 691 sunt,
2309 624 2454 679 nihil
2486 625 2644 680 novit
2675 625 2937 680 omnino.
2987 626 3377 682 Conveniebat
3422 627 3635 698 quippe

211 715 325 789 ipsi
382 715 522 780 Deo,
570 717 636 768 ut
659 717 824 768 tanta
853 712 955 768 illa
987 715 1263 784 maiestas
1287 717 1448 769 extra
1477 711 1674 768 omnia
1704 715 2067 766 astrueretur
2094 730 2220 768 esse
2253 715 2576 770 secundum
2611 715 2929 786 quamdam
2963 715 3034 770 ab
3067 715 3342 770 omnibus
3373 715 3633 770 eminen-

213 805 359 860 tiore
392 803 568 858 modo
595 801 961 873 disparatam
995 804 1086 873 (ut
1106 803 1191 858 sic
1213 802 1479 872 dixerim)
1512 799 1952 856 habitudinem:
1988 817 2091 872 per
2121 819 2295 874 quam
2330 820 2520 875 neque
2552 805 2707 859 entia
2738 805 2893 860 sicut
2923 805 3079 860 entia
3110 809 3271 876 sunt,
3304 805 3500 872 novit;
3533 804 3632 860 sed

216 891 670 967 precellentius,
705 889 1008 962 multoque
1039 891 1416 946 eminentius.
1452 891 1550 945 His
1582 891 1820 944 demum
1853 890 2022 944 exciti
2056 895 2228 962 atque
2251 893 2460 948 redditi
2493 892 2823 958 alacriores,
2857 909 2956 949 eas
2985 893 3181 958 etiam,
3211 911 3336 964 quas
3369 892 3424 947 in
3460 893 3636 948 ccelo-

213 999 344 1038 rum
378 997 560 1051 regno
602 985 1028 1052 memorantur,
1051 979 1354 1036 celebratae
1386 996 1582 1047 coenae,
1617 979 1689 1033 ad
1720 977 2060 1050 allegoriam
2093 981 2416 1052 trahemus,
2440 986 2729 1054 quotquot
2750 982 2868 1038 vice
2890 981 3111 1054 speculi
3133 982 3300 1038 nobis
3322 982 3499 1038 veluti
3531 982 3632 1037 de-

210 1072 440 1128 lineant
469 1086 782 1126 commune
813 1068 960 1124 illud
995 1073 1334 1126 sanctorum
1366 1083 1719 1140 concorsque
1751 1067 2089 1124 sodalitium
2117 1087 2130 1125 :
2163 1069 2218 1125 id
2245 1073 2396 1141 quod
2423 1071 2675 1127 eximius
2701 1072 3012 1142 Apostolus
3035 1071 3352 1128 Ecclesiam
3377 1070 3637 1144 appellat

208 1159 674 1233 primitivorum.
705 1158 815 1212 Sed
849 1163 905 1213 et
935 1157 1264 1213 recubitum
1300 1157 1488 1224 illum,
1521 1173 1650 1213 eam
1682 1172 1812 1212 esse
1847 1157 2105 1228 requiem
2139 1174 2449 1214 censemus
2498 1176 2624 1230 quae
2671 1162 2892 1215 sanctis
2935 1160 3233 1228 succedit;
3285 1176 3425 1216 sane
3457 1175 3634 1231 quam

212 1248 418 1306 multis
449 1247 754 1304 laboribus
785 1247 950 1320 prius
980 1246 1314 1303 exantlatis.
1352 1247 1491 1302 Mire
1521 1251 1716 1302 autem
1750 1245 1859 1301 hos
1891 1246 2179 1303 exhilarat
2231 1254 2443 1304 nostra:
2487 1249 2638 1305 289
2688 1248 2900 1304 salutis
2946 1254 3203 1304 assertor
3240 1253 3298 1304 et
3327 1251 3633 1314 Dominus,

199 1339 490 1412 jubetque
521 1338 903 1394 accumbere:
939 1338 1094 1409 quod
1124 1337 1175 1392 is
1204 1341 1408 1392 auctor
1434 1335 1839 1391 universorum
1870 1335 1966 1405 sit,
2000 1352 2128 1406 quis
2155 1337 2378 1392 sanctis
2403 1339 2660 1409 reposita
2692 1342 2854 1402 sunt,
2881 1338 3191 1394 bonorum.
3249 1337 3391 1392 Dein
3426 1337 3634 1393 scisci-

202 1429 432 1497 tabere,
465 1427 606 1500 quid
642 1443 910 1494 somnus,
945 1427 1088 1498 quid
1136 1431 1339 1482 contra
1385 1425 1679 1498 evigilatio
1731 1426 1801 1481 de
1849 1425 1964 1480 Deo
2004 1425 2309 1496 allegorice
2334 1427 2490 1482 dicta
2521 1427 2800 1482 insinuet.
2834 1431 3039 1498 Itaque
3071 1427 3306 1498 quando
3352 1443 3630 1482 somnum

203 1519 490 1585 dicimus,
539 1516 706 1572 illum
753 1515 1023 1572 videlicet
1071 1515 1538 1572 secretissimum
1589 1514 1685 1570 Dei
1736 1513 2107 1570 declaramus
2151 1532 2498 1572 secessum:
2559 1533 2590 1572 e
2643 1517 2893 1583 diverso,
2955 1517 3192 1571 nomine
3242 1515 3633 1588 evigilationis

204 1606 662 1666 aubindicamus
720 1609 1009 1662 attentam
1065 1605 1258 1676 ipsius
1319 1610 1496 1676 atque
1554 1603 1898 1676 pervigilem
1958 1621 2181 1673 curam,
2244 1621 2360 1676 qua
2393 1605 2567 1661 rebus
2595 1605 2846 1660 conditis
2879 1604 3221 1660 studiosum
3254 1604 3630 1676 providentiae

206 1695 496 1754 consulit.
541 1695 649 1750 Sed
700 1698 757 1750 et
803 1693 918 1750 alia
961 1693 1212 1749 subinde
1262 1709 1524 1764 quaerere
1557 1693 1764 1765 possis.
1811 1697 2095 1749 Caeterum
2129 1710 2245 1748 non
2292 1693 2401 1748 hac
2433 1694 2504 1748 de
2532 1711 2592 1749 re
2639 1695 2749 1748 rati
2801 1711 2929 1750 esse
2987 1709 3509 1766 supervacaneum,
3569 1695 3635 1747 ut

212 1785 422 1842 eadem
473 1783 804 1850 retexendo,
859 1781 1106 1838 totiesve
1163 1781 1536 1850 inculcando,
1582 1782 1762 1837 videri
1821 1783 2070 1838 velimus
2113 1799 2260 1838 nova
2311 1785 2580 1855 quedam
2634 1783 2850 1852 dicere,
2909 1783 3005 1839 hic
3066 1785 3308 1839 modum
3360 1781 3636 1855 praesenti

210 1875 594 1946 imponemus
624 1871 918 1945 epistolae:
951 1875 1017 1927 ut
1047 1871 1146 1943 qui
1177 1870 1349 1944 plura
1382 1871 1571 1944 longe,
1603 1887 1782 1942 quam
1816 1875 1932 1928 tuae
1961 1872 2032 1928 ad
2069 1889 2174 1928 nos
2203 1872 2412 1929 littera;
2444 1890 2571 1930 meo
2598 1873 2886 1930 arbitratu
2918 1874 3289 1930 desiderasse
3336 1873 3632 1937 videntur,

206 1962 695 2020 disseruerimus.
730 1961 976 2018 Proinde
1009 1961 1266 2033 cupienti
1297 1961 1404 2016 tibi
1436 1960 1628 2016 fusius
1658 1961 1886 2016 edoceri
1910 1961 1981 2016 de
2011 1961 2289 2017 omnibus
2322 1961 2416 2018 his
2468 1978 2576 2017 nos
2635 1978 2857 2018 morem
2911 1967 3203 2035 gerentes,
3265 1962 3634 2034 Symbolicam

205 2051 550 2122 theologiam
578 2049 1060 2120 transcribimua,
1093 2050 1194 2105 sed
1226 2053 1284 2104 et
1312 2049 1590 2116 solidam,
1622 2049 1680 2104 in
1715 2065 1833 2120 qua
1862 2049 2125 2105 iuvenies
2156 2049 2414 2106 dilucide
2443 2055 2716 2106 enarrata
2754 2051 2978 2118 omnia,
3026 2068 3154 2123 quae
3203 2051 3272 2106 de
3321 2048 3631 2122 sapientia,

206 2141 268 2197 de
302 2140 510 2204 domo,
543 2139 616 2195 de
639 2137 828 2196 solido
859 2138 986 2194 cibo
1017 2137 1076 2193 in
1109 2155 1292 2210 panes
1322 2154 1390 2194 ac
1421 2137 1687 2193 victimas
1710 2138 2045 2206 distributo,
2080 2139 2270 2210 deque
2301 2140 2357 2193 id
2391 2155 2574 2209 genus
2605 2139 2739 2194 aliis
2771 2139 2830 2195 in
2861 2139 3200 2196 universum
3251 2139 3636 2195 tradebantur

207 2228 546 2285 obscurius.
598 2227 702 2282 Est
738 2227 896 2282 enim
946 2225 1182 2282 libellus
1229 2225 1326 2282 hic
1371 2225 1526 2292 talis,
1578 2231 1642 2281 ut
1672 2227 1730 2280 in
1762 2242 1878 2296 quo
1909 2242 2091 2297 queas
2123 2227 2385 2282 invenire
2419 2228 2759 2300 symbolice
2791 2229 2972 2285 totius
3003 2228 3304 2298 theologia
3336 2227 3592 2283 rationes
3619 2243 3630 2282 :

208 2318 306 2389 qui
342 2315 541 2372 verbis
573 2316 898 2371 etiamnum
931 2314 1247 2388 Scriptum
1278 2313 1426 2370 mire
1455 2313 1712 2370 concinit
1730 2314 1902 2385 juxta
1931 2331 2128 2371 sacras
2159 2315 2530 2384 traditiones,
2561 2332 2710 2388 quas
2741 2333 2775 2373 a
2804 2321 3008 2373 sancto
3040 2316 3339 2389 Apostolo,
3372 2314 3628 2372 admira-

207 2405 437 2478 bilique
467 2406 703 2461 doctore
732 2420 879 2472 meo,
910 2404 1026 2476 ipsi
1056 2403 1216 2459 velut
1244 2419 1346 2476 per
1366 2419 1578 2459 manus
1610 2403 1965 2475 accepimus.

628 2531 743 2587 ΕΙΣ
775 2532 922 2587 ΤΗΝ
953 2529 1364 2586 ΕΠΙΣΤΟΛΗΝ
1397 2531 1450 2586 Ι”

272 2638 345 2694 Ἡ
383 2637 480 2709 μὲν
509 2633 778 2704 ἂπιστολή
818 2635 938 2708 ἀξια
989 2641 1091 2705 τῆς
1122 2630 1493 2710 ἀρχαιότητος
1524 2633 1731 2701 ἐκείνης
1761 2641 1860 2704 τῆς

210 2728 363 2802 ἱερᾶς
401 2727 492 2781 καὶ
523 2729 620 2780 τοῦ
655 2727 918 2798 μαθητοῦ,
969 2724 1027 2779 ’ὃν
1057 2723 1242 2799 ἠγᾶπα
1273 2726 1300 2780 ὁ
1330 2727 1565 2796 Ἰησοῦς,
1596 2725 1694 2793 τήν
1755 2726 1861 2798 χά-

213 2836 287 2890 ριν
349 2811 798 2890 ἀπαγγέλλουσα.
854 2819 1004 2868 Ἔστι
1055 2811 1112 2868 δὲ
1160 2809 1496 2886 συμϐάλλειν
1537 2811 1597 2868 lx
1624 2819 1725 2882 τῆς
1753 2811 1864 2868 ἐπι-

211 2904 420 2974 στολῆς
457 2901 681 2974 ταύτης,
729 2902 820 2957 καὶ
870 2901 930 2956 ἐκ
957 2909 1058 2970 τῆς
1089 2902 1222 2975 πρὸς
1271 2903 1365 2956 τὸν
1397 2900 1546 2976 ἅγιον
1579 2901 1860 2978 Ιιολύκαρ-

209 3014 304 3048 πον
348 2990 594 3066 ἑϐδόμης
626 2989 812 3062 οὔσης,
866 2992 998 3046 εἶναι
1058 2991 1148 3045 τὸν
1212 2994 1381 3066 μὲγαν
1416 2989 1715 3062 Διονύσιον,
1775 2991 1863 3046 ὅτε

211 3087 382 3138 ταῦτα
410 3078 660 3158 ἔγραψεν,
726 3081 860 3136 ἐτῶν
905 3078 1030 3154 περί
1085 3101 1190 3135 που
1248 3079 1617 3151 ἐννενήκονταο
1679 3079 1730 3136 ἐν
1766 3081 1858 3152 μὶν

211 3172 305 3248 γὰρ
343 3175 412 3246 τῇ
444 3171 582 3247 πρὸς
613 3171 704 3224 τὸν
734 3167 887 3243 ἅγιον
933 3167 1296 3244 Πολύκαρπόν
1328 3191 1514 3244 φησιν,
1574 3168 1656 3223 ὅτι
1715 3167 1766 3222 ἰν
1793 3171 1861 3232 τῆ

211 3261 324 3316 κατ’
351 3258 630 3335 Αἴγυπτον
681 3255 1035 3314 Ἡλιουπόλει
1082 3254 1303 3333 διάγων,
1337 3256 1587 3321 ἐθεάσατο
1617 3258 1715 3326 τὴν
1774 3256 1862 3311 ἐπὶ

210 3354 285 3421 τῷ
332 3346 596 3423 σωτηρίῳ
639 3351 854 3422 σταυρῷ
901 3344 1202 3420 γενομένην
1251 3349 1349 3400 τοῦ
1379 3344 1542 3415 ἡλίου
1600 3341 1862 3418 ἔκλειψιν,

211 3436 342 3514 ὅπερ
374 3436 588 3514 γέγονεν
650 3435 703 3490 ἐν
758 3440 838 3508 τῷ
889 3431 1340 3508 ὀκτωκαιδεκάτῳ
1387 3432 1492 3489 ἔτει
1529 3441 1630 3504 τῆς
1699 3430 1863 3491 Τιϐε-

215 3527 332 3600 ρίου
369 3523 673 3602 βασιλείας·
733 3528 812 3596 τῷ
865 3523 966 3600 γὰρ
1010 3521 1469 3596 πεντεκαιδεκάτῳ
1500 3518 1604 3578 ἔτει
1662 3521 1862 3598 ἤρξατο

213 3621 306 3670 τοῦ
336 3615 700 3691 κηρύγματος
731 3615 758 3668 ὁ
783 3613 982 3688 Κύριος
1011 3615 1172 3685 ἡμῶν
1220 3615 1435 3683 Ἰησοῦς
1474 3613 1729 3691 λεί-ἐς,
1788 3613 1863 3676 ὡς

210 3702 260 3759 ἐν
288 3711 370 3778 τῷ
401 3705 541 3759 κατὰ
587 3709 796 3759 Λουκᾶν
854 3700 1119 3773 δηλοῦται
1161 3701 1291 3774 θείῳ
1324 3702 1664 3776 Εὐαγγελίῳ.
1725 3705 1866 3767 Τρία

221 3791 266 3847 δ’
319 3792 417 3864 ἔτη
455 3798 573 3867 μετ’
604 3793 805 3869 ὀλίγων
831 3792 918 3847 καὶ
955 3795 1146 3865 μηνῶν
1175 3791 1434 3866 κηρύξας,
1494 3790 1630 3846 ἑκὼν
1661 3793 1864 3866 πάσχει

1891 2532 1949 2600 Α

2502 2531 2575 2587 ΙΝ
2605 2531 3001 2588 EPISTOLAM
3031 2531 3097 2586 X.

2044 2636 2305 2709 Epistola
2331 2637 2451 2693 haec
2479 2643 2686 2694 sancta
2717 2639 2813 2694 illa
2847 2639 3197 2710 antiquitate
3229 2653 3364 2693 cum
3413 2636 3621 2709 primis

1974 2725 2277 2798 digna,sed
2293 2743 2481 2798 neque
2503 2727 2808 2799 indignam
2833 2745 2939 2799 par
2955 2733 3042 2783 est
3061 2726 3285 2784 censeri
3306 2725 3619 2797 discipulo,

1973 2831 2148 2886 quem
2174 2831 2518 2886 magnopere
2551 2815 2834 2887 diligebat
2862 2816 3055 2885 Jesus,
3091 2815 3308 2888 quippe
3338 2831 3465 2886 qua:
3495 2830 3623 2885 gra-

1972 2905 2115 2960 tiam
2148 2905 2205 2959 in
2240 2921 2553 2961 commune
2586 2907 2940 2976 pronuntiet.
2973 2907 3132 2970 Quod
3157 2911 3352 2962 autem
3376 2904 3622 2961 eximius

1972 2993 2076 3049 hic'
2098 2994 2408 3066 Dionysius
2438 3011 2726 3050 annorum
2761 2996 2944 3051 aetatis
2994 2995 3169 3050 fuerit
3200 2994 3624 3066 propemodum

1972 3083 2312 3155 nonaginta,
2371 3085 2606 3154 quando
2663 3084 2811 3140 hanc
2867 3083 3104 3157 scripsit
3143 3082 3500 3155 epistolam,
3555 3099 3624 3137 ex

1973 3171 2081 3228 hac
2113 3173 2240 3244 ipsa
2287 3172 2454 3229 liceat
2514 3174 2912 3244 conjecturam
2942 3190 3188 3245 capere;
3240 3190 3309 3227 ex
3360 3189 3428 3228 ea
3457 3172 3621 3240 item,

1973 3279 2102 3334 quas
2135 3263 2205 3317 ad
2227 3267 2494 3318 sanctum
2521 3263 2901 3335 Polycarpum
2921 3263 3124 3318 ordine
3144 3261 3487 3334 septima.ln
3512 3261 3620 3315 hac

1974 3353 2262 3423 siquidem
2292 3354 2360 3408 ad
2406 3359 2673 3409 sanctum
2707 3353 3074 3426 Policarpum
3109 3353 3320 3410 asserit
3350 3369 3434 3417 se,
3485 3368 3618 3406 cum

1975 3442 2033 3496 in
2077 3441 2358 3514 Heliopoli
2411 3444 2639 3516 Egypti
2681 3444 2934 3516 degeret,
2970 3443 3338 3516 perspexisse
3370 3441 3620 3498 solerem

1976 3530 2136 3587 illam
2163 3532 2434 3604 eclipsin,
2467 3550 2582 3604 quo
2613 3537 2874 3606 tempore
2897 3533 3180 3587 Dominus
3201 3532 3374 3588 Jesus
3395 3548 3430 3586 a
3458 3531 3618 3586 salu-

1974 3620 2084 3674 tari
2117 3636 2289 3676 cruce
2310 3622 2635 3692 pendebat:
2672 3623 2825 3693 quod
2853 3621 3184 3692 prodigium
3220 3620 3620 3675 inciditinan-

1976 3726 2117 3763 num
2152 3710 2314 3781 regni
2366 3709 2581 3765 Tiberii
2615 3715 2886 3766 octavum
2924 3714 2981 3764 et
3013 3709 3330 3764 decimum.
3367 3709 3619 3764 Exorsus

1973 3797 2128 3852 enim
2163 3804 2253 3854 est
2281 3797 2470 3854 lucem
2493 3799 2789 3854 effundere
2819 3815 2937 3854 suae
2968 3795 3397 3870 praedicationis
3428 3797 3621 3852 Domi-

215 3884 553 3953 ὖΔεσπότης
601 3883 832 3957 Χριστὸς
883 3882 971 3936 καὶ
1023 3884 1150 3944 Θεὸς
1183 3884 1362 3954 ἡμῶν,
1391 3881 1466 3942 ὡς
1525 3881 1658 3935 εἶναι
1704 3875 1862 3937 Τιϐε-

1976 3904 2088 3943 nus
2120 3892 2317 3942 noster
2343 3888 2519 3944 Jesus
2541 3888 2810 3944 Christus
2832 3904 2986 3944 anno
3008 3886 3183 3942 istius
3205 3885 3421 3941 Tiberii
3443 3885 3616 3956 quin-

215 3974 334 4046 ρίου
369 3976 442 4042 ιη’
487 3973 627 4036 ἔτος.
687 3967 1036 4029 Ἐϐασίλευσε
1086 3967 1143 4025 δὲ
1191 3965 1448 4046 Τιϐέριος
1479 3969 1619 4047 ἀμφὶ
1667 3969 1733 4024 τὰ
1787 3976 1865 4046 κγ’

216 4060 334 4133 ἶτη,
376 4063 453 4124 ὡς
486 4063 618 4116 εἶναι
650 4061 756 4115 ἀπὸ
805 4057 903 4115 τοῦ
954 4059 1228 4134 σωτηρίου
1276 4061 1486 4123 πάθους
1537 4058 1641 4122 ἓως
1684 4056 1868 4114 τελευ-

212 4160 313 4221 τῆς
361 4147 614 4227 Τιϐερίου
644 4146 735 4222 ἔτη
773 4151 840 4214 ς’.
878 4149 1174 4221 Ἐξωρίσθη
1224 4146 1281 4204 δὲ
1329 4149 1357 4203 ὁ
1405 4150 1558 4225 ἅγιος
1608 4148 1866 4204 ’Δπόστο-

213 4239 312 4303 λος
344 4239 434 4295 καὶ
467 4238 874 4316 Εὗαγγελιστής
913 4237 1172 4306 Ἰωᾶννης
1204 4237 1255 4291 ἐν
1299 4237 1509 4310 Πάτμῳ
1563 4240 1630 4310 τῇ
1689 4238 1863 4309 νήσῳ,

213 4330 340 4398 ἥτις
369 4327 479 4384 ἐστὶ
536 4329 634 4401 μία
675 4333 782 4382 τῶν
830 4325 1126 4381 Κυκλάδων
1167 4328 1370 4396 νήσων,
1432 4325 1558 4402 περὶ
1587 4326 1650 4381 τὸ
1678 4323 1864 4381 τελευ-

211 4423 370 4472 ταῖον
400 4416 522 4479 ἔτος
569 4423 668 4485 τῆς
710 4419 1041 4489 Δομετιανοῦ
1094 4412 1390 4490 βασιλείας·
1438 4411 1752 4470 ἐϐασίλευσε
1809 4413 1866 4469 δὲ

216 4507 377 4569 οὗτος
423 4504 517 4577 ἔτη
554 4507 632 4575 ιε’,
661 4505 748 4560 καὶ
803 4511 979 4575 μῆνας
1028 4505 1082 4559 ε’.
1137 4503 1463 4578 Συνάγονται
1514 4501 1569 4558 δὲ
1617 4503 1723 4558 ἀπὸ
1767 4508 1866 4559 τοῦ

215 4603 288 4665 ιη’
340 4590 488 4658 ἔτους
532 4589 811 4666 Τιϐερίου,
844 4595 932 4648 ὅτε
961 4595 996 4663 ἡ
1039 4590 1280 4667 ἔκλειψις
1322 4596 1565 4668 γέγονεν,
1607 4589 1712 4656 ἓως
1763 4600 1863 4662 τῆς

207 4683 469 4754 τελευτῆς
501 4686 855 4756 Δομετιανοῦ,
904 4679 997 4752 ἔτη
1032 4681 1103 4754 ξδ’
1153 4683 1276 4756 περί
1305 4703 1411 4737 που
1455 4682 1544 4736 καὶ
1598 4689 1766 4755 μῆνες
1802 4683 1860 4750 ζ’.

206 4774 566 4847 Ὑποθώμεθα
600 4770 658 4827 δὲ
700 4772 790 4826 καὶ
838 4772 930 4826 τὸν
973 4773 1117 4826 θεῖον
1168 4770 1470 4838 Διονύσιυν,
1521 4770 1610 4826 ὅτε
1655 4770 1721 4825 τὰ
1775 4769 1862 4824 ἐπὶ

202 4867 286 4935 τῷ
346 4868 554 4936 σταυρῷ
612 4867 711 4918 τοῦ
763 4861 968 4918 Κυοίου
1023 4859 1180 4931 εἶδεν,
1242 4863 1374 4917 εἶναι
1431 4861 1563 4916 ἐτῶν
1624 4863 1718 4929 κε’,
1774 4862 1864 4915 ἅτε

205 4955 386 5025 οἶμαι,
437 4954 530 5008 καὶ
587 4951 668 5007 ἔτι
720 4951 1186 5026 ἀναγινώσκοντα,
1255 4952 1330 5014 ὡς
1382 4951 1513 5006 εἶναι
1559 4952 1626 5006 τὰ
1690 4949 1866 5006 πάντα

203 5040 348 5119 ἆμφὶ
375 5043 438 5097 τὰ
570 5038 666 5112 ἔτη
716 5043 850 5113 (48).
900 5040 1188 5114 Μιμνηται
1222 5037 1278 5095 δὲ
1310 5043 1412 5106 τῆς
1453 5039 1540 5096 ἐπὶ
1569 5045 1666 5096 τοῦ
1698 5047 1866 5113 Δομε-

200 5134 394 5186 τιανοῦ
419 5130 628 5205 ἐξορίας
655 5134 754 5184 τοῦ
813 5129 1121 5205 ἀγιωτάτου
1159 5130 1411 5186 Ἰωάννου
1457 5129 1547 5184 καὶ
1604 5128 1864 5204 θεολόγου

199 5217 293 5275 καὶ
359 5219 648 5293 Εἰρηναῖος
693 5217 751 5273 ἰν
805 5216 884 5290 τῷ
945 5217 1118 5292 τρίτῳ
1169 5219 1258 5273 καὶ
1305 5219 1542 5292 πὲμπτῳ
1573 5216 1722 5294 λόγῳ
1749 5221 1858 5274 τῶν

1973 3981 2030 4030 to
2061 3980 2119 4030 et
2151 3975 2396 4042 decimo,
2429 3977 2925 4047 quemadmodum
2950 3973 3328 4048 Evangelium
3354 3975 3520 4030 Lucae
3541 3974 3616 4045 (ο)

1973 4064 2146 4135 plane
2175 4064 2438 4119 divinum
2471 4065 2745 4120 declarat.
2778 4065 2994 4121 Tribus
3025 4070 3220 4120 autem
3272 4065 3446 4119 annis
3499 4080 3617 4119 una

1972 4169 2107 4208 cum
2141 4153 2431 4208 mensium
2465 4153 2688 4226 aliquot
2719 4154 3074 4218 accessione,
3107 4154 3210 4208 ubi
3250 4153 3618 4223 praedicatio-

1975 4241 2066 4298 nis
2097 4258 2340 4298 munere
2372 4243 2714 4314 perfunctus
2747 4248 2853 4312 est,
2897 4242 3199 4298 ultroneus
3242 4243 3397 4299 290
3428 4259 3489 4297 se
3529 4241 3620 4296 of-

1973 4333 2086 4388 fert
2116 4331 2373 4404 passioni
2411 4332 2690 4388 Dominus
2741 4331 2921 4387 simul
2952 4337 3009 4388 et
3039 4332 3190 4388 Deus
3219 4337 3419 4388 noster
3445 4335 3618 4386 Jesus

1972 4421 2266 4486 Christus,
2297 4421 2526 4477 circiter
2565 4437 2784 4477 annum
2819 4421 3036 4476 Tiberii
3071 4425 3338 4476 octavum
3371 4423 3429 4474 et
3457 4419 3616 4474 deci-

1973 4510 2451 4582 mum.Regnavit
2476 4515 2672 4566 autem
2697 4510 2968 4566 Tiberius
2991 4509 3160 4564 annis
3193 4507 3614 4579 propemodum

1975 4601 2163 4655 tribus
2195 4605 2252 4654 et
2273 4599 2500 4668 viginti,
2535 4599 2620 4654 sic
2654 4603 2717 4653 ut
2749 4615 2780 4653 a
2821 4598 3066 4653 salutari
3098 4595 3308 4652 Christi
3343 4595 3618 4668 passione

1972 4691 2040 4745 ad
2077 4690 2296 4744 exitum
2331 4705 2517 4758 usque
2545 4687 2759 4744 Tiberii
2784 4687 2918 4741 anni
2943 4684 3393 4741 sexintermedii
3416 4699 3617 4738 nume-

1973 4784 2195 4835 rentur.
2229 4779 2478 4833 Proinde
2503 4783 2743 4832 sanctus
2777 4776 2871 4830 hic
2903 4775 3205 4846 apostolus
3235 4778 3292 4828 et
3320 4772 3617 4844 evangeli-

1972 4873 2060 4925 sta
2092 4868 2349 4924 Joannes
2398 4865 2700 4936 ablegatus
2747 4864 2948 4921 exsilio
2987 4867 3077 4919 est
3105 4863 3163 4917 in
3197 4859 3451 4918 insulam
3485 4865 3616 4917 Pat-

1973 4974 2132 5021 mon,
2166 4973 2292 5026 quae
2319 4954 2635 5027 Cycladum
2669 4971 2786 5008 una
2815 4959 2923 5023 est,
2956 4952 3067 5007 sub
3097 4956 3422 5007 extremum
3453 4949 3617 5022 regni

1971 5045 2283 5101 Domitiani
2310 5042 2839 5114 annum.Regnavit
2869 5047 3065 5096 autem
3098 5039 3156 5094 in
3181 5039 3352 5094 annis
3375 5039 3616 5110 quinde-

1973 5134 2107 5202 cim,
2142 5133 2442 5188 mensibus
2474 5132 2612 5187 item
2645 5129 2922 5202 quinque.
2947 5129 3030 5184 Ab
3053 5145 3206 5184 anno
3223 5127 3614 5184 Tiberiiocta-

1971 5239 2039 5277 vo
2069 5228 2125 5277 et
2170 5223 2416 5289 decimo,
2469 5237 2583 5293 quo
2627 5219 2853 5274 celebre
2910 5218 3055 5272 illud
3108 5215 3248 5272 solis
3293 5215 3614 5286 deliquium

202 5311 349 5365 Κατὸ
409 5312 691 5385 αἱρέσεων,
751 5309 846 5365 καὶ
906 5311 1147 5383 ΚΛήμης
1209 5311 1237 5364 ὁ
1286 5307 1668 5384 Ἀλεξανδρεὺς
1699 5307 1752 5364 ἐν
1783 5314 1860 5381 τῷ

1975 5312 2241 5382 contigit,
2273 5311 2342 5365 ad
2369 5315 2614 5365 mortem
2642 5325 2826 5379 usque
2847 5306 3182 5376 Domitiani,
3208 5305 3468 5362 recensio
3498 5305 3617 5362 col-

201 5396 364 5473 λόγῳ
393 5404 468 5472 τῷ
496 5399 622 5474 περὶ
680 5403 798 5468 τοῦ,
859 5400 959 5460 Τίς
1015 5399 1042 5453 ὁ
1102 5399 1410 5472 σωζόμενος
1461 5398 1745 5459 πλούσιος·
1807 5397 1858 5451 ἐν

1975 5401 2173 5472 ligitur
2204 5398 2658 5468 annorum,plus
2693 5396 2892 5451 minus
2925 5400 3179 5467 quatuor
3209 5400 3265 5451 et
3295 5395 3619 5467 sexaginta,

202 5488 249 5558 ᾦ
296 5487 392 5542 καὶ
435 5488 558 5562 περὶ
615 5492 713 5544 τοῦ
763 5486 1055 5564 γεγονότος
1102 5487 1422 5563 Λῃστάρχου
1469 5486 1633 5562 λέγει.
1697 5486 1855 5544 Οὕτω

1975 5488 2259 5545 mensium
2293 5503 2523 5558 quoque
2553 5485 3223 5557 septem.Supponamus
3245 5484 3398 5540 enim
3425 5484 3616 5540 admi-

199 5573 542 5652 πληροῦνται
573 5571 832 5651 Τιϐερίου
878 5576 945 5630 τὰ
998 5575 1276 5647 λείποντα,
1335 5575 1518 5646 Γαίου,
1555 5572 1850 5647 Κλαυδίου,

1975 5575 2206 5632 rabilem
2229 5575 2385 5632 hunc
2406 5575 2770 5647 Dionysium,
2801 5574 3035 5646 quando
3059 5573 3327 5646 prodigia
3354 5574 3612 5644 ejusmo-

272 5738 350 5810 (c)
384 5739 512 5813 Cap.
545 5756 631 5806 ιιι,
664 5738 718 5796 l.
