4004 6200
395 341 500 400 507

1228 344 1594 398 APPENDIX
1631 345 1730 397 AD
1767 341 2009 398 OPEBA
2042 341 2102 394 Β.
2141 342 2455 400 DIONYSII
2498 348 2997 405 ABEOPAGITE.
3687 350 3777 406 508

400 468 482 537 di,
518 467 763 524 Domino
793 467 950 524 cruci
981 467 1175 536 afﬁxo,
1209 466 1520 540 perspexit,
1553 482 1839 524 annorum
1865 464 2048 521 fuisse

2162 462 2432 540 Νἰρωνος,
2489 469 2939 542 Οὐεσπασιανοῦ,
2997 470 3180 539 Τίτου,
3239 475 3596 543 Δομετιανοῦ.
3646 475 3778 548 Αὲγιι

400 556 611 630 viginti
642 556 924 629 quinque,
957 557 1456 628 quemadmodum
1491 573 1584 612 me
1614 556 1807 612 adhuc
1835 554 2047 628 legisse

405 645 678 714 arbitror,
729 646 813 701 sic
857 649 921 701 ut
952 661 1157 701 omnes
1189 644 1326 700 anni
1356 644 1572 700 fuerint
1603 644 1835 700 circiter
1860 660 2044 698 nona-

397 734 848 808 ginta.Meminit
877 735 1055 805 hujus
1077 733 1452 806 relegationis
1485 732 1848 790 sanctissimi
1877 733 2048 788 Joan-

396 824 490 879 nis
522 827 578 879 et
626 822 902 893 theologi,
957 823 1281 894 imperante
1333 822 1666 877 Domitiano
1713 823 1896 877 facta).
1930 822 2042 876 Ire-

396 930 559 970 naaus
615 913 675 968 in
727 912 893 968 tertio
942 914 1001 966 et
1050 912 1254 982 quinto
1294 910 1464 966 libris
1496 911 1759 967 Adversus
1789 912 2040 966 haereses.

391 1002 658 1060 Clemens
690 1002 830 1058 item
863 1000 1293 1057 Alexandrinus
1326 1000 1385 1055 in
1418 1017 1484 1056 eo
1515 1001 1807 1072 opere,cui
1841 999 2043 1054 inscri-

389 1092 513 1165 ptio
545 1095 664 1149 est:
704 1092 836 1160 Qui:
865 1090 1014 1145 dives
1045 1106 1172 1145 cum
1201 1091 1293 1160 sit,
1321 1091 1491 1161 possit
1537 1090 1726 1144 salvus
1771 1090 1933 1160 ﬁeri;
1980 1088 2039 1144 in

388 1198 508 1254 quo
539 1182 608 1237 de
640 1181 752 1236 isto
781 1180 1119 1252 praedonum
1147 1178 1612 1251 sicariorumque
1630 1179 1891 1252 principe
1921 1178 2039 1233 vio-

384 1270 543 1326 lento
575 1286 689 1326 non
725 1285 916 1342 pauca
947 1268 1244 1324 edisserit.
1287 1270 1476 1340 Atque
1508 1269 1586 1323 ita
1617 1268 1716 1340 qui
1749 1285 1781 1323 a
1810 1267 2040 1323 Tiberio

387 1359 525 1416 anni
560 1359 841 1425 resident,
879 1357 1232 1431 supplentur
1262 1374 1364 1430 per
1393 1357 1846 1413 intercurrentes
1879 1357 2040 1427 prin-

386 1449 547 1522 cipes
591 1448 802 1504 Gaium
845 1448 997 1517 dico,
1031 1446 1361 1517 Claudium,
1393 1447 1702 1512 Neronem,
1732 1446 2042 1517 Vespasia-

389 1555 555 1605 num,
588 1538 809 1604 Titum,
845 1535 1265 1592 Domitianum.
1298 1535 1450 1591 Dicit
1471 1535 1652 1608 igitur
1681 1534 1964 1591 Paterbic
1985 1536 2040 1590 S.

384 1626 598 1684 Joanni
620 1625 1046 1696 Theologo,ubi
1072 1626 1331 1696 primum
1357 1640 1459 1696 per
1479 1624 1832 1696 scripturam
1850 1624 2042 1679 verbis

384 1731 520 1774 eum
554 1714 928 1771 salutationis
959 1713 1296 1786 appellavit.
1355 1713 1503 1778 Quid
1534 1712 1920 1769 admiratione
1951 1713 2040 1768 di-

386 1821 592 1878 gnum,
626 1803 673 1860 si
703 1803 994 1900 Christus,
1020 1803 1185 1900 quod
1217 1818 1420 1900 verum
1452 1806 1554 1900 est
1603 1800 1934 1900 eloquitur:
1987 1804 2044 1856 et
2074 1835 2123 1900 Β

388 1897 822 1967 persequuntur
849 1889 1037 1963 iniqui
1064 1895 1299 1948 sanctos
1313 1891 1341 1946 ‘?
1359 1895 1435 1947 At
1452 1889 1511 1946 bi
1539 1890 1753 1963 seipsis
1776 1905 2043 1964 peraeque

391 1999 457 2039 ac
501 1981 723 2038 sanctis
776 1982 958 2054 digna
1003 1983 1237 2054 gerunt.
1293 1980 1517 2053 Seipsis
1568 1979 1835 2052 quidem,
1885 1980 2042 2052 quod

393 2075 736 2128 sanctorum
762 2086 1146 2143 congressum
1183 2085 1426 2142 prorsus
1459 2069 1580 2125 sint
1610 2068 1838 2141 indigni
1865 2110 1880 2136 ,
1912 2085 2045 2124 san-

391 2162 502 2217 ctis
532 2163 751 2228 autem,
783 2160 939 2232 quod
971 2159 1078 2214 hac
1121 2159 1346 2215 ratione
1395 2158 1770 2231 provideatur
1801 2161 1884 2224 ut,
1917 2174 2043 2229 qua:

389 2254 595 2308 sancta
625 2254 784 2318 sunt,
839 2249 1187 2305 intemerata
1229 2252 1535 2304 serventur
1563 2249 1636 2304 ab
1667 2246 1903 2302 illorum
1935 2246 2043 2301 im-

387 2356 537 2413 pura
579 2336 1014 2395 communione.
1050 2337 1253 2393 Isthaec
1283 2337 1438 2392 enim
1473 2336 1728 2393 visibilia
1757 2336 2045 2408 imagines

391 2444 680 2501 expressae
712 2431 852 2484 sunt
883 2425 1290 2481 invisibilium.
1311 2425 1557 2482 Etiamsi
1588 2425 1648 2480 in
1672 2427 2044 2481 sacrosancto

391 2516 699 2589 Evangelio
733 2515 967 2571 recitari
1010 2515 1364 2571 audiamus:
1417 2517 1482 2570 Et
1528 2515 1812 2587 separabit
1861 2529 1948 2569 eos
1977 2513 2045 2568 ab

391 2608 627 2661 invicem
671 2605 750 2677 (ά)
798 2621 914 2660 non
974 2605 1250 2660 continuo
1293 2604 1448 2659 credi
1483 2605 1656 2660 debet
1687 2605 1842 2659 Deus
1873 2603 2046 2660 istius

395 2699 598 2750 auctor
627 2710 756 2750 esse
788 2691 1176 2766 separationis
1237 2709 1271 2748 a
1315 2694 1743 2764 peccatoribus,
1813 2693 1912 2764 qui
1971 2692 2042 2746 ad

396 2783 700 2840 sinistram
733 2783 1128 2838 constituendi
1177 2785 1348 2836 sunt:
1383 2781 1578 2837 verius
1609 2782 1665 2836 hi
1700 2781 1812 2836 sibi
1845 2784 2042 2836 aucto-

400 2888 491 2928 res
524 2877 662 2927 sunt
692 2872 820 2941 ejus
853 2869 990 2925 mali
1024 2875 1377 2942 peccatores,
1410 2870 1629 2941 quippe
1683 2871 1782 2940 qui
1816 2869 2046 2940 seipsos

401 2975 640 3031 prorsus
692 2958 942 3013 ultronei
997 2964 1446 3030 sequestrarunt
1504 2976 1535 3012 a
1585 2958 1681 3014 Dei
1729 2958 2042 3014 consortio.

393 3046 904 3111 Quemadmodum
936 3047 1046 3118 ipsi
1077 3046 1222 3103 alios
1254 3046 1671 3120 perspicimus,
1701 3047 1851 3119 quod
1881 3047 2044 3119 probi

395 3136 516 3192 sint
545 3139 837 3191 amatores
869 3151 1066 3189 rerum
1100 3152 1203 3207 per
1231 3152 1291 3190 se
1315 3136 1712 3200 honestarum,
1739 3135 1853 3190 Deo
1873 3135 2043 3191 fami-

2155 559 2284 628 γοῦν
2313 557 2340 610 ὁ
2371 559 2572 634 πατὴρ,
2622 560 2756 633 πρὸς
2806 561 2899 614 τὸν
2931 559 3315 634 εὐαγγελιστὴν
3349 563 3503 634 ἅγιον
3550 562 3775 632 Ἰωάννην

2152 643 2245 698 τὸν
2276 644 2554 722 θεολόγον,
2609 649 2739 720 μεθὸ
2802 648 3088 723 ἐγγράφως
3149 649 3312 702 αὐτὸν
3372 648 3775 724 προσηγόρευσε·

2152 732 2216 788 Τί
2275 735 2577 808 θαυμαστὸν
2637 735 2684 790 εἰ
2742 737 2972 804 Χριστὸς
3032 736 3327 807 ἀληθεύει,
3389 736 3483 791 καὶ
3544 734 3777 792 διώκουσι

2149 821 2278 884 τοὺς
2341 825 2531 899 ἁγίους
2591 825 2642 878 οἱ
2699 823 2900 896 ἄδικοι,
2931 825 3094 895 ἀξίως
3153 830 3435 887 ποιοῦντες
3493 829 3651 879 τοῦτο
3703 828 3775 879 καὶ

2151 911 2364 974 ἑαυτοῖς
2410 914 2499 968 καὶ
2536 919 2651 976 τοῖς
2697 914 2912 990 ἁγίοις;
2955 915 3167 980 ἑαυτοῖς
3218 916 3336 987 μὲν,
3394 915 3480 969 ὅτι
3516 913 3612 968 οὐκ
3660 914 3778 984 ἄξιοί

2153 1001 2254 1056 εἶσι
2285 1008 2383 1070 τῆς
2412 1001 2582 1056 αὐτῶν
2619 1002 2863 1076 ὁμιλίας
2923 1008 3040 1065 τοῖς
3097 1002 3280 1078 ἁγίοις
3338 1001 3417 1071 δὲ,
3481 1000 3565 1056 ὅτι
3596 1001 3779 1080 φυλάσ-

2152 1093 2330 1146 σεσθαι
2365 1095 2582 1146 ποιοῦσι
2629 1092 2696 1147 τά
2743 1093 2865 1168 ἅγια
2914 1091 3160 1168 ἅχραντα
3209 1092 3315 1146 ἀπὸ
3343 1094 3448 1156 τῆς
3479 1091 3654 1145 αὐτῶν
3679 1111 3780 1144 κοι-

2151 1179 2369 1242 νωνίας,
2423 1178 2598 1235 Ταῦτα
2645 1183 2708 1234 τὰ
2740 1181 2910 1256 ὁρατά
2965 1179 3167 1242 εἷκόνες
3220 1179 3319 1234 εἶσι
3377 1184 3488 1233 τῶν
3542 1178 3781 1254 ἀοράτων,

2149 1268 2239 1324 καὶ
2293 1266 2442 1343 εἷ’περ
2501 1268 2553 1323 ὲν
2616 1274 2692 1341 τῷ
2748 1277 2876 1342 θείῳ
2936 1267 3254 1344 Εὗαγγελίῳ
3312 1267 3592 1340 ἀκούομεν
3627 1312 3641 1336 ,
3695 1268 3779 1324 Καὶ

2152 1358 2366 1436 ἀφοριεῖ
2421 1357 2614 1420 αὐτοὺς
2672 1359 2760 1412 ἁπ“
2809 1355 3102 1428 ἀλλήλων,
3165 1359 3227 1412 οὐ
3274 1359 3388 1432 χρὴ
3425 1355 3628 1411 οῖεσθαι
3659 1355 3780 1410 ὅτιὸ

2150 1447 2280 1508 Θεὸς
2338 1445 2509 1510 α’ἰτιός
2540 1447 2649 1502 ἐστι
2677 1451 2775 1502 τοῦ
2805 1447 3114 1524 ἀφορισμοῦ
3144 1452 3275 1508 τοῖς
3303 1444 3681 1520 ἁμαρτωλοῖς,
3701 1452 3786 1513 τῆς

2150 1537 2202 1591 ἓν
2236 1537 2489 1611 ἀριστερᾷ
2546 1539 2806 1598 στάσεως’
2868 1534 2995 1591 ἀλλ’
3027 1535 3180 1590 αὐτοὶ
3230 1535 3447 1596 ἑαυτοῖς
3482 1532 3643 1590 αἴτιοι
3672 1533 3783 1589 τοῦ-

2148 1647 2256 1679 των
2316 1626 2367 1679 οἱ
2412 1622 2766 1698 ἁμαρτωλοὶ,
2823 1622 3108 1687 παντελῶς
3166 1623 3392 1687 ἑαυτοὺς
3450 1622 3785 1698 ἀφορίσαντες

2149 1717 2246 1767 τοῦ
2313 1717 2466 1768 Θεοῦ·
2529 1713 2708 1786 ὥσπερ
2755 1711 2846 1768 καὶ
2905 1711 3112 1776 ἄλλους
3168 1714 3384 1788 ὁρῶμεν
3449 1713 3523 1773 ὡς
3584 1710 3782 1786 ἐραστάς

2149 1806 2256 1856 τῶν
2315 1801 2498 1857 καλῶν
2564 1804 2698 1875 μετὰ
2757 1806 2894 1856 Θεοῦ
2947 1801 3267 1876 γινομένους
3301 1847 3316 1874 ,
3372 1799 3427 1855 ο’ί
3483 1798 3552 1869 δὴ
3610 1799 3690 1854 iul
3735 1798 3783 1852 ἐκ

2149 1897 2249 1960 τῆς
2278 1891 2556 1967 παρούσης
2607 1895 2750 1960 ζωῆς
2809 1896 2910 1960 τῆς
2959 1889 3275 1963 μελλούσης
3305 1888 3648 1965 ἀπάρχοντα,
3702 1887 3784 1960 ἀγ-

2149 1979 2512 2057 γελοπρεπῶς
2563 1979 2614 2035 ἐν
2678 1981 2826 2054 μέσῳ
2854 1983 2960 2033 τῶν
2991 1977 3176 2034 ἀλλων
3237 1977 3542 2053 ἀνθρώπων
3576 1974 3783 2048 ἐμπολιο

2149 2069 2432 2144 τευόμενοι
2465 2070 2556 2125 σὺν
2615 2071 2760 2143 πάσῃ
2811 2068 3085 2142 θεωνυμίᾳ
3130 2069 3219 2122 καὶ
3279 2068 3560 2143 ἁγιότητι.
3591 2073 3782 2121 Θεωνυ-

2156 2158 2280 2232 μίαν
2318 2158 2375 2214 δε
2404 2157 2548 2234 λέγει
2607 2161 2642 2230 ἢ
2684 2159 2747 2213 τὸ
2791 2159 3021 2213 πάντοτε
3073 2156 3125 2211 ἐν
3162 2161 3241 2229 τῷ
3281 2155 3515 2229 ὀνόματι
3544 2155 3637 2210 τοῦ
3666 2157 3780 2208 Θεοῦ

2151 2249 2324 2304 πάντα
2373 2251 2628 2322 πράττειν
2667 2247 2884 2308 αὐτοὺς⁹
2944 2246 2979 2315 ἢ
3033 2246 3094 2300 τὸ
3151 2245 3257 2300 ἀπὸ
3287 2249 3386 2300 τοῦ
3430 2248 3587 2314 Θεοῦ,
3636 2239 3784 2317 ἤγουν

2151 2341 2248 2392 τοῦ
2281 2339 2519 2413 Χριστοῦ
2551 2335 3014 2409 ὀνομαζομένους,
3059 2340 3174 2389 κατ’
3203 2334 3360 2388 αὐτὸν
3410 2332 3787 2394 πολιτεύεσθαι.

2152 2428 2317 2499 Ὑμᾶς
2372 2427 2462 2480 οὗν
2517 2426 2614 2480 οὐκ
2659 2424 2719 2479 ἃν
2775 2445 2908 2480 ποτε
2965 2422 3177 2496 ε⁹ίποιμι
3223 2423 3488 2498 πάσχειν,
3521 2420 3669 2476 ἀλλὰ
3717 2419 3789 2473 καὶ

2153 2514 2201 2571 έί
2257 2537 2310 2571 τι
2363 2515 2422 2570 ἄν
2485 2513 2754 2591 πάσχοιτε
2811 2513 3147 2587 σωματικὸν,
3179 2511 3314 2567 κατὰ
3368 2513 3628 2566 τοσοῦτον
3660 2509 3783 2582 λέγω

2152 2604 2380 2680 πάσχειν
2442 2603 2622 2676 ὑμᾶς,
2677 2602 2908 2667 καθόσον
2971 2599 3266 2678 διακρίνετε
3327 2603 3421 2656 καὶ
3479 2597 3783 2663 αἰσθάνεσθε,

2153 2695 2240 2748 ἳνα
2273 2694 2348 2766 μή
2408 2690 2775 2767 ἀστεφάνωτοι
2829 2691 3067 2764 μείνητε.
3128 2691 3426 2768 Μέμφομαι
3484 2689 3544 2745 δὲ
3591 2687 3785 2749 δικαίως

2151 2786 2278 2843 τοὺς
2305 2781 2626 2854 νομίζοντάς
2655 2803 2711 2836 σε
2735 2782 2826 2836 τὸν
2859 2786 2954 2836 τοῦ
2995 2780 3330 2856 Εὖαγγελίου
3378 2779 3453 2849 ἥλ
3469 2800 3549 2834 ιον
3610 2796 3786 2852 περιο-

2155 2872 2341 2947 ρίζειν.
2379 2868 2632 2945 Εῦχομαι
2665 2868 2722 2924 δὲ
2771 2869 2927 2944 ὅμως
2970 2870 3240 2943 ἀνανῆψαι
3288 2869 3378 2924 καὶ
3432 2866 3784 2943 προσδραμεῖν

2154 2981 2260 3030 σοι,
2287 2958 2379 3015 ’ίνα
2443 2959 2796 3036 φωτισθέντες
2826 2963 3092 3023 σωθῶσιν
3157 2958 3338 3034 ὥσπερ
3396 2958 3507 3033 γὰρ
3571 2958 3780 3030 μέμηνεν

2154 3051 2182 3105 ὁ
2243 3048 2493 3122 οἰόμενος
2529 3049 2622 3103 τὸν
2683 3047 2843 3117 ἥλιον
2899 3053 3092 3102 τοῦτον
3143 3046 3474 3122 περικλείειν
3531 3046 3581 3101 ἐν
3631 3045 3777 3113 τόπῳ,

2160 3137 2302 3193 οὕτω
2331 3138 2420 3192 καί
2478 3139 2628 3192 οὗτοι
2685 3140 2955 3212 μεμήνασι
2988 3136 3304 3210 νομίζοντες
3334 3135 3397 3190 τὸ
3428 3140 3552 3211 φῶς
3583 3137 3670 3187 τοῦ
3696 3130 3778 3187 Εὐ-

399 3223 606 3280 liarius
631 3223 803 3295 jungi
831 3239 846 3280 :
871 3198 1116 3294 jamque
1147 3225 1291 3280 291
1351 3240 1418 3278 ex
1452 3198 1722 3295 praesenti
1756 3224 2048 3295 primitias

2162 3225 2422 3303 αγγελίου
2469 3198 2950 3301 περιορίῑζείνισὺν
3007 3198 3092 3280 col
3131 3198 3182 3280 tv
3243 3198 3450 3297 Πάτμῷ
3512 3227 3579 3298 τῇ
3633 3222 3778 3290 νήσιιν

404 3313 692 3386 quasdam
727 3317 1013 3367 secuturae
1059 3327 1190 3366 mox
1244 3312 1376 3367 vitae
1410 3328 1784 3384 praecerpere,
1843 3315 1907 3368 ut
1952 3314 2047 3385 qui

399 3403 552 3458 inter
599 3401 868 3457 homines
899 3401 970 3457 ad
1026 3400 1299 3473 angelicae
1349 3401 1806 3458 conversationis
1849 3401 2053 3475 imagi-

399 3509 534 3550 nem
600 3509 741 3549 suos
802 3491 912 3564 ipsi
969 3508 1162 3548 mores
1221 3494 1493 3548 decenter
1529 3498 1888 3565 componunt
1916 3510 2050 3548 cum

398 3583 560 3640 omni
590 3581 776 3638 divini
801 3581 1062 3638 nominis
1093 3582 1497 3639 obsecratione
1528 3588 1584 3637 et
1615 3583 2050 3638 sanctitate.Dei

400 3672 641 3745 quidem
668 3671 1205 3728 denominationem
1225 3689 1290 3729 eo
1311 3672 1538 3728 inducit
1568 3672 1735 3728 Pater
1756 3673 1876 3728 sive
1898 3674 2052 3745 quod

394 3763 661 3818 actiones
689 3778 830 3818 suas
857 3777 1085 3825 ,omnes
1135 3763 1192 3817 in
1232 3761 1327 3818 Dei
1359 3778 1591 3834 semper
1623 3762 1860 3818 nomine
1892 3779 2054 3834 pera-

401 3855 580 3923 gant;
615 3855 718 3906 aut
749 3851 885 3921 quia
917 3868 950 3906 a
973 3851 1396 3920 Deo,nimirum
1430 3851 1684 3918 Christo,
1717 3850 2055 3907 nomencla-

405 3943 602 3993 turam
635 3939 849 4005 sortiti,
883 3937 1101 3994 Christi
1133 3939 1308 3994 vitam
1341 3940 1519 4011 digna
1550 3939 1889 4011 exprimunt
1919 3955 2055 3995 con-

403 4027 760 4080 versatione.
794 4027 924 4081 Jam
951 4033 1008 4083 te
1047 4029 1284 4099 quidem
1322 4046 1626 4100 nunquam
1659 4030 1902 4085 dixerim
1937 4029 2059 4084 ulla

407 4113 560 4169 affici
590 4112 894 4184 passione;
929 4116 1027 4170 sed
1061 4120 1117 4170 et
1147 4117 1194 4170 si
1223 4117 1362 4187 quid
1385 4118 1618 4173 interim
1653 4119 1897 4173 afflictat
1927 4135 2059 4173 cor—

407 4217 595 4274 porea
629 4200 948 4272 passionis,
978 4208 1219 4259 eatenus
1243 4205 1359 4276 pati
1391 4209 1447 4260 te
1474 4207 1826 4276 censuerim,
1855 4210 2056 4277 quate-

405 4305 847 4362 nus,sensuque
879 4290 1007 4361 ipso
1039 4291 1293 4363 percipis
1325 4293 1604 4360 dolorem,
1638 4300 1702 4349 ut
1724 4311 1798 4351 ne
1819 4312 2058 4351 maneas

404 4381 804 4435 incoronatus.
842 4379 1089 4435 Proinde
1123 4397 1236 4436 non
1291 4381 1509 4452 injuria
1544 4382 1662 4438 illis
1721 4400 2058 4453 succenseo,

407 4470 511 4542 qui
544 4485 606 4525 se
628 4470 933 4525 confidunt
963 4486 1136 4541 posse
1165 4474 1242 4542 te,
1293 4470 1843 4543 splendidissimum
1875 4474 2056 4530 solem

2159 3318 2331 3389 Ἠμᾶς
2364 3312 2421 3369 δὲ
2479 3313 2603 3370 οὐδὲ
2653 3315 2716 3370 τὸ
2774 3314 3032 3386 ἐναντίον,
3091 3315 3334 3368 τουτέστι
3365 3314 3426 3367 τὸ
3463 3314 3562 3368 καὶ
3590 3308 3778 3385 πορῥωι

2158 3403 2299 3478 τὲρω
2357 3402 2643 3480 ἀφεστάναι
2673 3405 2806 3476 (49),
2841 3404 3086 3477 στερήσει
3143 3405 3241 3456 τοῦ
3273 3405 3369 3455 σοῦ
3427 3398 3632 3476 φωτός·
3680 3392 3785 3450 ἀλλ’

2162 3491 2213 3547 ἐν
2277 3492 2372 3564 μὲν
2429 3496 2509 3563 τῷ
2567 3490 2778 3545 ἀπεῖναί
2834 3511 2910 3559 σε,
2960 3492 3023 3545 τὸ
3074 3491 3164 3544 σὸν
3195 3489 3528 3564 Εὗαγγὲλιον
3578 3489 3783 3560 ἀναγνω·

2163 3583 2389 3652 σὸμεθα,
2435 3580 2567 3656 ὅπερ
2619 3582 2844 3653 μνήμην
2899 3583 2997 3644 τῆς
3048 3577 3289 3650 ἀληθοῦς
3319 3579 3484 3633 αὐτοῦ
3536 3573 3782 3648 θεολογίας

2165 3665 2475 3734 εὖθυϐόλως
2507 3670 2784 3741 ὀνομάζει.
2820 3670 2966 3724 Μετὰ
2998 3667 3177 3744 βραχὺ
3211 3667 3290 3736 δὲ,
3349 3667 3439 3723 ὅτε
3468 3664 3782 3734 ἁνακληθῇς,

2162 3759 2298 3814 κατά
2327 3754 2620 3835 πρόσωπον
2645 3757 2919 3829 ἀλλήλοις
2952 3757 3318 3830 ἐντευξόμεθα·
3370 3759 3398 3812 ὁ
3452 3758 3549 3811 καὶ
3575 3756 3646 3816 ὡς
3669 3753 3782 3807 ἀπο·

2163 3846 2458 3922 καλυφθεὶς
2507 3846 2565 3901 ἐκ
2593 3851 2726 3901 Θεοῦ
2769 3847 3122 3922 προφητεύω,
3153 3847 3236 3901 ὅτι
3287 3844 3416 3901 ε’ίσω
3468 3841 3784 3920 βραχυτάτου

2166 3935 2370 4011 χρόνου
2421 3934 2773 4008 ἀνακληθήσῃ
2801 3943 2899 4003 τῆς
2929 3934 3160 4011 ἐξορίας.
3218 3933 3346 4010 Περὶ
3396 3935 3503 4009 γὰρ
3536 3935 3598 3988 τὸ
3626 3931 3784 3986 τελευ-

2164 4031 2316 4080 ταῖον
2347 4023 2469 4086 ἔτος
2501 4027 2600 4088 τῆς
2634 4029 2966 4096 Δομετιανοῦ
3021 4023 3295 4100 βασιλείας
3333 4023 3388 4076 ἐι
3446 4024 3654 4095 Πάτμῳ
3682 4020 3787 4095 ἐφυ-

2166 4113 2427 4190 γαδεύθη,
2479 4112 2720 4188 διωγμὸν
2773 4116 3095 4184 κινήσαντος
3150 4119 3247 4169 τοῦ
3301 4117 3650 4187 Δομετιανοῦ.
3681 4110 3791 4167 Εἶτα

2166 4205 2289 4276 περὶ
2320 4204 2417 4272 τὴν
2447 4201 2704 4272 τελευτὴν
2738 4204 2905 4257 αὐτοῦ
2933 4207 3030 4258 τοῦ
3078 4200 3368 4278 βασιλέως,
3414 4204 3514 4277 ὁρᾷ
3543 4203 3642 4269 τήν
3671 4199 3792 4253 θείαν

2169 4291 2536 4365 ἀποκάλυψιν.
2570 4293 2666 4347 Καὶ
2705 4292 2839 4365 μετὰ
2861 4296 3027 4347 ταῦτα
3070 4290 3343 4366 βασιλεύει
3406 4291 3666 4364 Νερούας·
3719 4283 3794 4340 καὶ

2170 4380 2328 4446 εὐθὺς
2358 4381 2702 4436 ἀνακαλεῖται
2735 4381 2936 4443 πάντας
2963 4379 3091 4444 τοὺς
3123 4380 3514 4455 ἐξορισθέντας,
3547 4380 3636 4435 ὅτε
3671 4377 3745 4432 καὶ
3772 4375 3795 4428 ὁ

2169 4471 2319 4547 ἅγιος
2353 4469 2609 4540 Ἰωάννης
2640 4472 2667 4524 ὁ
2696 4469 2950 4544 θεολόγος
2997 4468 3300 4539 ἐπανῆλθεν
3332 4470 3408 4532 εἷς
3447 4470 3693 4546 Ἔφεσον.
3723 4468 3796 4518 Δεῖ

409 4557 704 4631 Evangelii
747 4559 805 4614 in
836 4557 1110 4614 exsilium
1149 4561 1530 4632 proscribere.
1572 4563 1636 4616 In
1667 4561 1817 4617 votis
1849 4563 2048 4620 nihilo-

2170 4557 2226 4615 δὲ
2250 4561 2531 4634 γινώσκειν
2566 4559 2646 4614 ὅτι
2680 4561 2714 4630 ἡ
2745 4558 2832 4614 ἐπὶ
2863 4561 2961 4629 τὴν
2993 4567 3157 4630 νῆσον
3181 4557 3362 4634 ἐξορία
3385 4558 3795 4632 παράῬωμλαῖος

413 4649 634 4716 minus,
669 4652 734 4703 ut
763 4647 848 4704 vel
878 4648 938 4702 hi
971 4649 1210 4705 demum
1251 4651 1323 4704 ad
1375 4650 1631 4706 sobriam
1674 4656 1732 4706 et
1761 4651 2060 4708 meliorem

414 4743 672 4794 mentem
708 4737 966 4804 redeant,
1003 4741 1058 4794 et
1107 4740 1175 4794 ad
1211 4743 1262 4795 te
1293 4745 1572 4796 accurant
1602 4741 1766 4796 ocius
1796 4757 1808 4795 :
1868 4746 1934 4796 ut
1961 4746 2064 4798 tuo

413 4827 723 4900 splendore
755 4826 1303 4893 illustrati,zsternaa
1338 4827 1548 4886 salutis
1580 4830 1722 4886 ﬁant
1751 4831 2064 4904 participes

413 4917 923 4984 Quemadmodum
957 4918 1111 4972 enim
1146 4917 1196 4974 is
1225 4917 1472 4974 insaniae
1538 4921 1742 4976 morbo
1808 4921 2064 4993 percitus

411 5005 671 5060 creditur
722 5006 819 5076 qui
855 5022 917 5062 se
957 5010 1124 5078 putat
1150 5005 1334 5062 solem
1375 5007 1530 5062 hunc
1563 5007 1862 5064 includere
1895 5026 2066 5081 posse

2171 4647 2472 4727 κεφαλικὴν
2505 4650 2779 4724 τιμωρίαν
2811 4648 3082 4721 ἐμιμεῖτο·
3134 4649 3223 4702 καὶ
3281 4647 3496 4723 λέγεται
3558 4645 3797 4720 δεπορτσ-

2170 4739 2323 4794 τίων.
2361 4738 2458 4791 Καὶ
2485 4736 2546 4791 οὐ
2580 4735 2798 4792 δύναται
2829 4738 2857 4791 ὁ
2889 4735 3077 4812 ἄρχων
3135 4737 3236 4806 τὴν
3281 4744 3444 4806 νῆσον
3503 4737 3794 4808 ὀνομάζειν,

2174 4827 2220 4883 εἰ
2257 4829 2331 4899 μὴ
2365 4828 2392 4881 ὁ
2429 4824 2681 4902 βασιλεὺς
2716 4826 2901 4898 μόνος.
2935 4827 2996 4884 Ὁ
3026 4830 3153 4902 γοῦν
3179 4828 3478 4901 ἀγιώτατος
3511 4821 3793 4880 ἀπόστολος

2172 4917 2261 4972 καὶ
2293 4915 2681 4990 εὐαγγελιστής
2713 4914 2972 4983 Ἰωάννης
2999 4915 3026 4968 ὁ
3055 4913 3314 4989 θεολόγος
3345 4912 3672 4991 δεπορτάτος
3697 4909 3795 4984 17t-

2173 5028 2320 5076 νετο,
2351 5003 2522 5079 ἤγουν
2555 5001 2632 5066 εἷς
2663 5010 2827 5073 νῆσον
2857 5002 3150 5078 ἆξόριστος.

412 5093 525 5148 1οοί
555 5094 891 5165 cujuspiam
927 5096 1261 5169 angustiis:
1297 5096 1451 5152 hauri
1504 5113 1674 5153 secus
1729 5096 1811 5152 illi
1859 5099 2003 5154 mihi
2053 5099 2311 5155 insanire
2367 5097 2661 5162 videntur,
2722 5095 2822 5167 qui
2886 5094 3378 5149 micantissimam
3410 5091 3700 5166 Evangelii
3725 5088 3802 5144 lu-

415 5198 541 5236 cem
606 5183 968 5239 arbitrantur
1028 5202 1089 5242 se
1148 5202 1319 5257 pcsse
1362 5192 1557 5240 tecum
1606 5187 1760 5241 intra
1809 5188 2097 5244 cancellos
2144 5187 2335 5244 Patmi
2393 5185 2600 5241 insula:
2646 5183 3150 5241 circumscribere.
3212 5182 3330 5238 Nos
3389 5187 3584 5239 autem
3639 5192 3800 5250 neque

421 5271 807 5338 contrarium,
842 5272 951 5328 hoc
982 5279 1087 5342 est,
1121 5273 1468 5346 longissimo
1517 5274 1650 5331 licet
1696 5277 2013 5333 interstitio
2069 5295 2103 5332 a
2153 5276 2323 5332 nobis
2383 5274 2736 5347 sejungaris,
2797 5275 3022 5344 privare
3054 5273 3267 5344 poterit
3321 5276 3439 5328 tua
3469 5270 3688 5343 fulgore
3727 5282 3805 5323 εε-

420 5359 690 5429 pientiae:
737 5363 878 5432 quin
928 5363 1166 5418 absente
1217 5364 1543 5421 etiamnum
1589 5371 1667 5429 te,
1728 5370 1896 5421 tuum
1951 5365 2338 5422 nihilominus
2369 5363 2688 5419 identidem
2739 5362 3119 5418 recitabimus
3143 5361 3544 5434 Evangelium.
3601 5359 3667 5416 Et
3716 5356 3809 5411 δοῦ

418 5448 678 5517 profecto
736 5449 1080 5504 memoriam
1133 5451 1451 5507 verissimis
1508 5453 1698 5525 ipsius
1766 5453 2074 5526 theologis:
2141 5452 2286 5509 scite
2334 5451 2653 5506 admodum
2711 5450 3011 5508 nominat.
3071 5451 3211 5507 Post
3261 5466 3399 5507 vero
3457 5447 3806 5521 aliquantum

383 5747 386 5750 ἢ
484 5660 560 5736 (d)
597 5657 804 5718 Matth.
835 5675 972 5727 xxv,
1004 5659 1092 5714 32.
