4004 6200
434 317 539 371 527
1248 279 1614 374 ᾸΡΡΕΝΒΙΧ
1655 322 1752 373 AD
1795 321 2015 374 OPERA

2196 315 2508 369 monvsn
2550 313 3055 369 AREOPAGITB.
3695 322 3777 379 528

899 602 1376 776 ΤΟΥ
1500 599 2214 775 ΑΓΙΟΥ
2344 597 3424 772 ΜΑΞΙΜΟΥ

1830 900 2492 1031 ΣΧΟΛΙΑ

632 1162 829 1256 ΕΙΣ
913 1159 1146 1254 ΤΑΣ
1231 1158 1480 1255 ΤΟΥ
1559 1159 1938 1257 ΑΓΙΟΥ
2017 1159 2706 1256 ΔΙΟΝΥΣΙΟΥ
2783 1157 3650 1256 ΑΡΕΟΠΑΓΙΤΟΥ

1650 1383 2656 1514 ΕΠΙΣΤΟΛΑΣ

1171 1779 2047 1947 SANCTI
2216 1778 2731 1943 MAX

1577 1779 2047 1947 iCTI
2216 1776 3158 1943 MAXIMI

1190 2222 1194 2226 _
1753 2069 2594 2193 SCHOLIA

835 2307 969 2404 IN
1036 2305 1732 2402 EPISTOLAS
1802 2308 1895 2402 S.
1970 2304 2536 2402 DIONYSII
2599 2305 3491 2404 AREOPAGITXE.

1027 2503 1378 2582 lnterprete
1407 2500 1775 2562 Baltbasare
1809 2470 2126 2574 Corderio,
2160 2498 2488 2560 Societatis
2516 2499 2662 2560 Jesu
2694 2499 2951 2562 doctore
2983 2500 3306 2582 tbeologo.

888 2816 1041 2872 808
1075 2815 1147 2871 IN
1185 2815 1595 2872 EPISTOLAM
1637 2815 1679 2870 Ι.
2135 2812 2190 2880 Α

2135 2812 2190 2880 Α
2627 2813 2749 2870 EIT
2777 2817 2913 2870 res
2944 2814 3355 2873 EUIZTOABN
3384 2818 3456 2873 A'.

533 2905 794 2975 Conjicio
827 2905 1028 2961 Caium
1061 2905 1217 2959 hunc
1250 2920 1397 2974 esse,
1432 2905 1505 2959 ad
1559 2918 1733 2974 quem
1766 2902 1828 2957 D.
1861 2901 2114 2956 Joannes

2302 2893 2624 2956 Ἐπιόἀλλω
2667 2902 2825 2956 Γάϊον
2869 2906 3062 2958 τοῦτον
3115 2896 3276 2977 εἶναι,
3319 2905 3363 2977 ᾧ
3404 2905 3498 2974 τὴν
3523 2901 3683 2979 τρίτην
3711 2899 3796 2956 ἔπι-

467 2992 831 3061 evangelista
862 2993 1096 3048 tertiam
1139 3008 1307 3047 suam
1342 2991 1581 3062 scripsit
1613 2989 1946 3062 epistolam,
1979 3004 2045 3044 co

2228 2986 2430 3058 στολὴν
2480 2987 2707 3064 ἔγραψεν
2741 2989 2772 3045 6'
2822 2996 2966 3056 θεῖος
3013 2989 3407 3068 εὐαγγελιστὴς
3452 2994 3693 3062 Ἰωάννης,
3734 3008 3796 3044 τι·

464 3082 753 3152 jecturam
815 3081 965 3136 hanc
1020 3097 1252 3151 quoque
1308 3080 1552 3135 ﬁrmans
1610 3096 1677 3134 ex
1719 3077 1869 3144 aliis,
1902 3077 2043 3149 quib

2225 3078 2598 3153 κμαιρόμενος
2639 3081 2725 3135 καὶ
2777 3077 2837 3135 ἐκ
2875 3085 2983 3136 τῶν
3035 3079 3246 3151 ἄλλων,
3285 3084 3364 3145 οἷς
3413 3080 3676 3158 συγγὲγονι
3703 3077 3802 3153 μετὰ

461 3169 697 3225 divinus
728 3169 820 3224 hic
849 3170 937 3224 vir
970 3186 1086 3225 una
1117 3185 1247 3224 cum
1283 3167 1566 3240 apostolis
1597 3168 1868 3223 convixit.
1901 3166 2042 3222 Tbei

2223 3170 2334 3221 τῶν
2381 3166 2704 3223 ἀποστόλων
2754 3169 2782 3223 ὁ
2833 3175 2976 3232 θεῖος
3021 3170 3179 3232 οὗτος
3222 3171 3384 3248 ἀνήρ.
3437 3168 3724 3245 Θιραπιυτὰς
3759 3163 3800 3220 δῖ

462 3263 675 3332 peutas
708 3263 926 3326 autem,
961 3257 1150 3328 capite
1181 3262 1342 3313 sexto
1376 3259 1449 3313 De
1479 3257 1848 3313 ecclesiastica
1898 3255 2043 3312 hiera

2227 3251 2329 3332 ἔφη
2386 3254 2664 3312 καλεῖσθαι
2725 3257 2777 3313 ἰν
2828 3263 2906 3330 τῷ
2965 3260 3095 3333 Περὶ
3149 3265 3254 3330 τῆς
3308 3259 3719 3332 ἐκκλησιαστικῇ
3748 3255 3800 3309 ῖιε

461 3347 610 3418 chio,
668 3347 816 3402 dixit
872 3345 1150 3418 appellari
1212 3345 1558 3412 monachos,
1620 3345 1838 3400 ibidem
1899 3346 2040 3399 doce

2228 3343 2461 3417 ραρχίας
2509 3345 2792 3419 κεφαλαίῳ
2849 3348 2898 3410 ς’
2943 3347 3072 3409 τοὺς
3149 3349 3454 3424 μοναχοὺς⁹
3521 3349 3664 3404 εῗπὼν
3722 3343 3801 3400 tu:

456 3451 713 3507 quanam
743 3435 967 3490 ratione
992 3434 1405 3506 instituantur,
1441 3450 1577 3489 cum
1609 3451 1724 3488 non
1750 3434 1870 3488 sint
1900 3431 2035 3488 cleri

2223 3432 2313 3486 καί
2343 3437 2461 3494 πῶς
2490 3433 2834 3489 καθίστανται
2869 3435 2946 3508 μὴ
2997 3432 3145 3500 ὄντες
3185 3435 3469 3512 κληρικοὶ,
3501 3435 3631 3493 ἀλλὰ
3655 3434 3803 3489 duim-

458 3523 675 3597 populo
706 3529 902 3580 tamen
944 3523 1336 3580 sublimiores.
1374 3524 1492 3580 Hos
1545 3528 1740 3578 autem
1792 3521 1957 3577 Philo
2003 3522 2034 3577 J

2224 3539 2312 3593 ροι
2349 3525 2444 3576 τοῦ
2475 3520 2637 3579 λαοῦ.
2695 3522 2939 3586 Τούτους
2989 3521 3046 3579 δὲ
3097 3523 3242 3581 ἔοικε
3293 3529 3572 3600 Θαυμάζειν
3607 3520 3797 3579 Φίλωνὸ

453 3615 612 3669 deus
663 3613 940 3669 admirari
989 3613 1154 3668 visus
1203 3618 1293 3668 est
1333 3612 1392 3667 in
1437 3612 1587 3668 libro
1627 3613 1702 3668 De
1729 3613 1846 3666 vita
1870 3615 2034 3667 conte:

2221 3607 2484 3672 Ἰουδαῖος
2515 3608 2673 3683 ἐντῷ
2720 3613 2855 3686 Περὶ
2903 3618 3241 3690 θεωρητικοῦ
3294 3615 3330 3685 ἢ
3379 3617 3578 3672 Ἰκετῶν
3621 3609 3799 3684 συντάγ-

452 3704 682 3776 plativa,
717 3702 837 3758 sive
867 3704 941 3758 De
970 3701 1337 3773 supplicibus,
1373 3701 1750 3773 tberapeutas
1792 3700 1952 3772 ipsos
2008 3717 2033 3754 ν

2223 3718 2372 3769 ματι,
2433 3699 2761 3773 θεραπευτὰς
2819 3701 3017 3763 αὐτοὺς
3075 3701 3305 3772 καλῶν,
3362 3705 3452 3759 καὶ
3504 3705 3596 3772 τὴν
3647 3699 3799 3756 δίαιταν

454 3807 616 3858 cans,
649 3794 707 3846 et
753 3806 955 3846 eorum
1003 3790 1134 3844 vitae
1189 3789 1528 3844 institutum
1579 3788 1878 3860 explicans
1937 3805 2035 3858 paL'

2216 3785 2390 3842 αὐτῶν
2424 3784 2780 3862 διηγούμενος
2804 3789 2911 3866 πρὸ
2943 3787 3138 3865 ὀλίγου
3168 3796 3268 3846 τοῦ
3299 3791 3488 3855 τὲλους
3513 3796 3602 3848 τοῦ
3631 3783 3795 3867 βιϐλίου

457 3882 590 3934 ante
619 3878 796 3934 ﬁnem
827 3878 1002 3934 istius
1035 3877 1193 3933 libri.
1231 3878 1380 3949 Lege
1410 3878 1481 3933 de
1511 3877 1660 3949 ipsis
1692 3877 1865 3933 verba
1910 3876 2038 3932 Phil

1910 3876 2108 3933 Philo-
2214 3874 2431 3931 τούτου.
2465 3876 2760 3953 Ἀνάγνωθι
2789 3877 2856 3933 τὰ
2881 3881 2977 3932 τοῦ
3004 3877 3168 3935 αὐτοῦ
3199 3880 3479 3944 Φίλωνος.

457 3983 573 4022 ηιβ.

528 4053 634 4107 Sed
661 4070 769 4108 non
809 4054 1111 4109 secundum
1159 4055 1547 4126 privationem.
1576 4058 1712 4121 Hoc,
1748 4053 1956 4124 inquit,
1990 4071 2105 4110 non

2287 4049 2461 4108 Ἀλλὰ
2512 4054 2587 4126 μὴ
2632 4053 2768 4109 κικτὸ⁸
2815 4054 3085 4132 στέρησιν.
3137 4058 3342 4128 Τοῦτο,
3392 4059 3543 4138 φησὶ,
3591 4058 3659 4132 μὴ
3701 4049 3801 4109 κατὰ

460 4141 785 4197 secundum
817 4158 1159 4197 communes
1191 4159 1404 4197 sensus
1452 4141 1729 4212 accipias,
1765 4143 1918 4213 quod
1953 4142 2037 4198 sic

460 4229 709 4251 L-_-L_..
747 4228 1053 4251 -,L-I-_L___
1085 4229 1303 4251 1--...2..-
1369 4233 1420 4251 ,Α
1472 4230 1789 4251 ___._-_L.'__
1856 4231 2041 4251 Δ...2..

2222 4141 2306 4201 τὰς
2356 4142 2541 4204 κοινὰς
2589 4141 2794 4206 ἐννοίας
2848 4141 3150 4220 ὑπολάϐῃς,
3183 4146 3292 4220 ὅτι,
3325 4145 3505 4224 ὥσπερ
3551 4148 3609 4202 τὸ
3654 4142 3803 4200 σκότος

2222 4228 2235 4251 ἱ
2255 4227 2276 4251 γ’
2292 4249 2302 4251 Α
2316 4249 2337 4251 Α
2355 4250 2372 4251 η
2569 4230 2584 4250 \
2731 4232 2746 4251 \
2842 4231 2883 4251 οἱ
3145 4235 3164 4251 \
3184 4235 3203 4251 ἱ
3225 4241 3254 4251 -ι
3327 4239 3350 4251 ιε
3400 4232 3425 4251 il
3615 4237 3627 4251 ο
3679 4234 3692 4251 ν
3777 4250 3780 4251 ,

457 4229 711 4284 tenebras
744 4228 1055 4283 abolentur
1085 4229 1332 4299 lumine,
1365 4233 1423 4284 et
1472 4230 1795 4300 praesertim
1849 4231 2038 4301 copios

2223 4227 2397 4284 λύεται
2447 4230 2608 4307 φωτὶ,
2659 4232 2749 4287 καὶ
2784 4231 3021 4306 μάλιστα
3068 4235 3291 4308 πολλῷ,
3317 4239 3354 4308 ἢ
3387 4232 3561 4311 ὥσπερ
3606 4237 3637 4304 ἡ
3671 4234 3804 4306 ἂγνωε

455 4317 542 4374 vel
575 4317 728 4374 sicut
758 4317 1108 4390 ignorantia,
1141 4333 1268 4388 quae
1300 4318 1563 4388 quaedam
1597 4318 1836 4373 tenebra
1865 4323 1973 4386 est,
2007 4336 2036 4374 c

2220 4316 2320 4386 σία,
2378 4316 2502 4388 ἤτις
2558 4319 2645 4374 καὶ
2701 4319 2834 4391 αὐτή
2888 4321 3077 4384 σκότος
3128 4323 3261 4397 ἐστὶ,
3313 4325 3532 4380 παύεται
3577 4323 3801 4400 γνώσεων,

456 4407 824 4479 gnitionibus
854 4406 1025 4471 cedit,
1051 4406 1305 4460 maxime
1325 4405 1676 4473 luculentis;
1708 4405 1789 4462 ita
1819 4408 1992 4462 etiam
2016 4424 2037 4463 ε

2222 4407 2297 4460 καὶ
2333 4405 2569 4479 μάλιστα
2617 4407 2844 4465 πολλῶν
2896 4410 3317 4489 ἐπιγενομένωνο
3352 4413 3494 4469 οὕτω
3535 4413 3614 4468 καὶ
3644 4413 3674 4480 ἡ
3699 4405 3803 4463 κειτᾶ

457 4513 585 4568 quae
617 4496 941 4551 secundum
966 4499 1147 4549 Deum
1167 4499 1276 4563 est,
1297 4493 1585 4566 ignoratio
1605 4494 1814 4550 similis
1845 4497 1923 4550 sit
1945 4496 2038 4568 ign

2221 4495 2336 4549 Θεὸν
2386 4496 2622 4571 ἀγνωσία
2670 4495 2812 4553 ἔοικε
2855 4503 2924 4573 τῇ
2975 4502 3109 4556 κατὰ
3164 4501 3400 4576 ἀμαθίαν
3447 4501 3707 4577 ἀγνωσία,
3749 4494 3802 4553 ὡς

455 4584 688 4652 rationi,
717 4601 843 4655 quas
876 4601 977 4655 per
1007 4583 1306 4639 inscitiam
1338 4582 1588 4652 exsistit,
1624 4582 1706 4637 uti
1738 4584 2036 4640 dicebamu

2221 4580 2436 4660 ἔφημενο
2487 4584 2614 4641 ἀλλ’
2645 4585 2755 4659 ὅσῳ
2805 4588 3094 4657 φωτίζεται
3137 4611 3220 4654 τις
3266 4591 3391 4668 περὶ
3439 4595 3588 4661 Θεοῦ,
3616 4583 3802 4654 καῖδσῳ

455 4675 553 4730 sed
603 4678 819 4742 quanto
863 4672 1053 4744 magis
1104 4672 1239 4742 quis
1271 4688 1304 4726 a
1335 4671 1450 4726 Deo
1480 4670 1830 4743 illustratur,
1864 4673 2036 4729 uberi

2216 4692 2288 4733 τις
2317 4674 2532 4748 συνάγει
2561 4678 2758 4750 γνῶσιν
2790 4680 2896 4730 τῶν
2948 4673 3416 4747 ὅντωνβτουτέστι
3445 4681 3544 4748 τήν
3585 4675 3797 4751 περὶτῶν

454 4779 696 4834 remque
724 4778 920 4817 rerum
952 4759 1175 4832 colligit
1201 4760 1619 4832 cognitionem,
1654 4761 1876 4816 scilicet
1924 4761 2035 4819 inte

2218 4765 2419 4831 νοητῶν
2447 4761 2535 4815 καὶ
2561 4768 2786 4836 νοερῶν,
2817 4764 3061 4838 τοσούτῳ
3109 4763 3347 4839 μᾶλλον,
3395 4761 3672 4822 ἀναϐαίνων
3705 4755 3799 4830 περὶ

452 4851 738 4907 lectilium
769 4855 825 4906 et
849 4849 1333 4921 intelligentium,
1365 4853 1530 4904 tanto
1565 4852 1753 4921 magis
1812 4853 1883 4906 ad
1945 4869 2033 4906 ear

2219 4850 2304 4918 τὴν
2353 4853 2552 4924 γνῶσιν
2597 4852 2696 4920 τὴν
2746 4853 2869 4928 περὶ
2920 4854 3072 4923 Θεὸν,
3114 4856 3380 4929 γνώσεται
3426 4856 3524 4924 τὴν
3573 4845 3800 4913 ἀκαταλη·

455 4958 580 5012 quae
612 4940 683 4994 de
710 4945 821 4995 Deo
851 4939 1119 5008 habetur,
1145 4938 1536 5009 cognitionem
1571 4940 1912 5007 ascendens,
1947 4940 2036 4995 div

2217 4936 2352 5010 Mdv,
2401 4935 2526 5007 ἤτοι
2572 4939 2672 5007 τὴν
2719 4939 2978 5013 ἀγνωσίαν
3027 4943 3127 5010 τὴν
3178 4942 3303 5017 περὶ
3349 4944 3504 5014 Θεὸν,
3557 4944 3660 5019 φῶς
3698 4934 3798 4990 εἶναι

455 5046 591 5085 nam
622 5027 1381 5098 incomprehensibilitatem
1425 5033 1768 5098 cognoscet;
1802 5028 1860 5082 id
1892 5034 2003 5096 est,
2035 5048 2036 5051 η

2218 5025 2292 5080 ταὶ
2338 5031 2534 5100 γνῶσιν
2585 5027 2717 5104 ὑπὲρ
2769 5030 2942 5084 πάντα
2996 5031 3066 5084 τὰ
3097 5030 3452 5106 -γνωσθὲντα’
3511 5030 3596 5086 καὶ
3647 5022 3799 5080 λοιπὸν

451 5119 567 5174 lam
611 5117 704 5172 Dei
733 5117 1180 5188 ignorationem,
1222 5115 1408 5170 lucem
1446 5131 1567 5171 esse
1607 5121 1784 5187 atque
1811 5117 2032 5187 cogniti

2221 5117 2331 5189 nﬁi
2372 5120 2505 5188 τιμᾷ
2551 5117 2649 5186 τὴν
2696 5118 2820 5190 περὶ
2872 5119 3000 5173 Θεὸν
3045 5118 3291 5196 ἀφασίαν.
3341 5119 3552 5177 Οὐκοῦν
3603 5115 3658 5171 οὐ
3699 5107 3802 5166 κατὰ

452 5223 585 5261 nem
633 5223 762 5278 qua)
811 5211 1023 5260 cuncta
1052 5203 1473 5276 eognoscibilia
1505 5205 1900 5272 transcendat,
1934 5211 2033 5262 cast

2215 5203 2448 5278 πέρησιν
2511 5206 2764 5280 γνώσεως
2836 5204 3050 5281 λέγεται
3107 5210 3142 5278 ἡ
3198 5210 3321 5284 περὶ
3393 5212 3526 5264 Θεοῦ
3581 5199 3796 5280 ἀγνωσία»

447 5312 696 5366 rumque
727 5294 880 5349 hanc
912 5310 1081 5350 suam
1115 5295 1186 5350 de
1217 5294 1334 5349 Deo
1367 5293 1763 5365 eloquentiam
1811 5295 1965 5349 304
2010 5313 2028 5350 ε

2214 5290 2347 5347 me
2400 5294 2518 5347 καθ’
2576 5294 2852 5371 ὑπεροχὴν
2898 5297 2988 5350 καὶ
3055 5292 3367 5373 ὑπερϐολὴν
3426 5295 3640 5372 [πάσης]
3685 5286 3795 5373 γνώέ

444 5383 624 5440 lentio
655 5383 920 5439 honorat.
958 5382 1165 5452 Itaque
1198 5399 1314 5438 non
1348 5384 1672 5439 secundum
1708 5382 2025 5454 privatione

2218 5403 2356 5450 τεως,
2388 5383 2471 5437 ὅτι
2503 5379 2640 5459 ἔγνω
2667 5404 2752 5446 τις
2800 5385 2890 5439 τὸν
2943 5390 3074 5441 πᾶσι
3117 5372 3207 5441 καὶ
3252 5387 3424 5459 δαυτῷ
3453 5383 3707 5462 ἄγνωστον
3728 5372 3799 5432 καὶ

447 5471 664 5526 dicitur
693 5471 798 5526 illa
826 5470 928 5526 Dei
961 5469 1315 5541 ignorantia,
1350 5471 1448 5526 sed
1475 5487 1578 5542 per
1605 5470 2005 5527 excellentiam

2218 5470 2608 5542 ἱκατάληπτον.
2659 5475 2840 5530 Ταῦτα
2881 5475 2972 5529 καὶ
3023 5475 3076 5530 ἐν
3117 5481 3198 5549 τῷ
3245 5475 3374 5551 Περὶ
3428 5478 3675 5550 μυστικῆς
3707 5469 3799 5521 θεο-

447 5575 748 5615 excessum
784 5557 1023 5629 [omnis]
1055 5557 1429 5628 cognitionis,
1463 5558 1741 5629 quoniam
1792 5575 2028 5630 cognosc

2218 5560 2401 5634 λογίας
2455 5559 2738 5635 κεφαλαίῳ
2783 5563 2830 5616 α’
2877 5560 3111 5639 εἴρηται,
3145 5566 3235 5620 καὶ
3285 5549 3334 5619 ἐν
3386 5549 3467 5637 τῷ
3512 5560 3636 5638 Περὶ
3673 5553 3799 5614 θείων

450 5645 583 5720 quis
616 5648 672 5702 id
724 5646 880 5718 quod
930 5645 1208 5700 omnibus
1238 5650 1296 5701 et
1333 5646 1447 5701 sibi
1493 5647 1605 5718 ipsi
1644 5647 2010 5719 incognitum

1333 5646 1447 5701 sibi
1493 5647 1605 5718 ipsi
1644 5647 2010 5719 incognitum
2037 5653 2097 5706 et
2207 5649 2486 5722 ὀνομάτων
2514 5648 2793 5728 κεφαλαίῳ

447 5731 1044 5806 incomprehensibile
1097 5731 1346 5791 exsistit.
1393 5734 1520 5792 Haec
1565 5734 1742 5792 etiam
1795 5735 1953 5794 dicta
2000 5740 2143 5796 sunt
2184 5753 2238 5795 c.
2288 5737 2528 5811 Mysticae
2596 5740 2902 5815 theologia,
2950 5744 3009 5801 et
3057 5743 3352 5815 cap.20c
3395 5741 3602 5801 divinis
3649 5731 3800 5797 nomi-

444 5825 626 5884 nibus.
