4004 6200
230 391 337 450 529

1193 397 1251 450 8.
1292 398 1562 453 ΜΔΧΙΜῙ
1597 398 1902 454 SCHOLIA
1937 401 2014 455 IN
2051 403 2206 458 ΒΡΡ.
2248 407 2305 459 S.
2341 405 2676 462 DIONYSII.

3525 406 3636 462 530

301 515 481 576 Ἀλλά
509 539 564 572 τι
609 521 720 574 τῶν
763 518 930 574 αὐτοῦ
975 523 1084 574 τῶν
1133 515 1328 577 ὅντων.
1378 523 1544 580 ’Όσον
1605 543 1688 584 τις
1742 517 1883 598 ἔχει,

2068 529 2184 584 Sed
2212 529 2429 600 aliquid
2459 547 2488 586 e
2514 532 2676 587 rebus
2721 533 2860 603 ejus.
2893 533 3119 597 Quanto
3169 533 3329 588 enim
3376 533 3532 605 quis,
3564 533 3650 590 in-

229 606 387 686 φησὶ,
418 610 527 661 τῶν
561 602 732 661 ὅντων
781 608 880 676 τὴν
932 612 1156 684 γνῶσιν,
1188 610 1278 663 καὶ
1307 610 1369 665 τὸ
1401 611 1456 664 ὃν
1488 614 1535 648 ⁸³
1566 616 1703 686 φῶς,
1725 633 1882 668 τουτ-

232 697 341 751 ἐστι
387 695 608 768 [αὐτὴν]
657 701 760 764 τῆς
806 693 1064 766 ἀληθείας
1110 699 1210 766 τήν
1256 701 1466 768 νοήσιν,
1516 705 1776 756 τοσοῦτον
1821 702 1886 755 τὰ

231 782 357 858 περὶ
408 788 542 838 Θεοῦ
590 783 777 856 ὄψεται
830 781 1100 859 ἄγνωστα·
1155 785 1216 840 ού
1266 787 1368 862 γὰρ
1416 793 1495 860 τῷ
1544 789 1682 866 δρωτί
1735 791 1769 859 ἢ
1817 792 1886 863 τῇ

229 873 432 948 γνώσει
464 877 841 950 φανεροῦνται,
872 871 1018 928 ἀλλὰ
1053 873 1268 948 μᾶλλον
1297 876 1424 940 τοὺς
1465 883 1630 934 ταῦτα
1659 873 1886 954 ἔχοντας

234 960 513 1020 λανθάνει,
547 963 644 1018 Καὶ
674 965 708 1031 ἡ
743 962 794 1017 έν
842 962 1060 1027 τούτοις
1110 962 1353 1028 ἐπίδοσίς
1401 988 1461 1021 τε
1511 969 1600 1022 καὶ
1645 965 1885 1038 αὔξησις,

226 1055 308 1124 τῷ
338 1049 483 1128 φωτί
514 1072 660 1128 φημι
689 1053 778 1106 καὶ
811 1053 882 1123 τῇ
913 1054 1134 1127 γνώσει,
1165 1054 1228 1108 τὸ
1264 1059 1418 1110 Θεῖον
1452 1054 1680 1111 δεικνύει
1731 1052 1886 1120 ἀθέα-

228 1138 322 1194 τόν
368 1159 428 1195 τε
465 1141 556 1194 καὶ
587 1139 890 1215 ἄγνωστονι
929 1141 1014 1196 ὅτι
1047 1143 1075 1196 6
1106 1142 1232 1197 Θεὸν
1286 1143 1612 1217 θεασάμενος
1642 1145 1731 1200 καὶ
1758 1147 1891 1215 νοή-

229 1249 324 1290 σας
376 1226 407 1283 ὃ
458 1226 614 1300 εἶδεν,
666 1229 827 1284 αὐτὸν
881 1230 978 1302 μὶν
1035 1231 1146 1306 οὐχ
1195 1232 1449 1303 ἱώρακεν,
1490 1232 1636 1290 ἀλλά
1681 1256 1732 1290 τι
1780 1239 1886 1289 τῶν

226 1317 400 1372 αὐτοῦ
429 1321 537 1372 τῶν
574 1314 747 1374 ὄντων
781 1319 871 1374 καὶ
903 1318 1343 1396 γινωσκομένων.

304 1592 476 1665 Αύτῷ
502 1598 582 1666 τῷ
613 1593 871 1659 καθόλου.
906 1600 1289 1670 Προσεπινοεῖν
1322 1594 1405 1653 δεῖ
1427 1597 1515 1653 καὶ
1548 1597 1634 1654 ἐπὶ
1680 1599 1895 1663 τούτοις

237 1683 299 1737 τὸ
358 1683 500 1737 κατὰ
539 1682 608 1738 τὰ
657 1679 784 1738 ὄντα
837 1685 925 1738 καὶ
976 1684 1378 1758 γινωσκόμενα.
1425 1687 1496 1741 Τὸ
1545 1685 1602 1742 δὲ
1652 1690 1728 1760 μὴ
1762 1690 1894 1744 εἶναι

237 1773 588 1846 πρόσκειται,
620 1769 808 1840 ἰπειδη
852 1773 917 1827 τὸ
967 1771 1078 1828 ἐστὶ
1129 1778 1237 1828 τῶν
1292 1779 1523 1830 κτιστῶν
1568 1774 1726 1831 ἐστιν·
1762 1778 1790 1832 6
1838 1775 1896 1832 δὶ

239 1860 373 1922 Θεὸς
399 1859 492 1914 καὶ
528 1860 661 1935 ὑπὶρ
692 1860 755 1915 τὸ
789 1860 945 1929 εἶναι,
979 1858 1121 1916 διότι
1151 1859 1420 1926 ἅκτιστος.

634 2069 748 2120 ΕΙΣ
792 2067 940 2124 ΤΗΝ
991 2067 1398 2125 ΕΠΙΣΤΟΛΗΝ
1437 2069 1514 2126 B'.

311 2174 446 2234 ΙῙῶς
502 2173 533 2226 6
587 2173 804 2227 πάντων
882 2171 1129 2228 ἐπέκεινα
1163 2216 1176 2230 .
1235 2178 1410 2230 Ταῦτα
1472 2172 1746 2240 πολλάκις
1802 2178 1896 2250 μὶν

239 2262 330 2316 καὶ
367 2259 426 2316 ἰν
474 2264 555 2332 τῷ
606 2261 735 2334 Περὶ
794 2259 951 2325 θείων
1016 2261 1300 2334 ὀνομάτων
1358 2260 1632 2341 διαφόρως
1665 2265 1895 2338 εἴρηται·

239 2349 358 2404 κατ’
391 2347 662 2425 ἐξαίρετον
712 2345 770 2403 δὲ
817 2348 953 2405 αὐτὰ
994 2352 1336 2426 ἡρμήνευσεν
1365 2349 1418 2407 ἐν
1450 2353 1596 2425 αὐτῷ
1636 2357 1715 2424 τῷ
1748 2353 1899 2428 λόγῳ

238 2437 532 2515 κεφαλαίῳ
568 2445 652 2509 ια’,
702 2438 825 2514 περὶ
869 2439 931 2494 τὸ
979 2438 1162 2508 τέλος,
1195 2439 1394 2514 λέγων·
1430 2446 1554 2503 Πῶς
1605 2441 1632 2496 6
1684 2444 1896 2497 πάντων

239 2524 419 2589 αἴτιος
464 2525 554 2581 καὶ
608 2527 799 2597 θεότης
849 2529 939 2582 καὶ
989 2528 1281 2604 ἆγαθότης,
1337 2531 1427 2584 καὶ
1477 2529 1731 2602 Θεότητος
1774 2531 1901 2586 ὑπο-

249 2617 481 2686 στάτης,
556 2617 644 2670 καὶ
718 2617 850 2692 ὑπὲρ
918 2621 1106 2676 ταῦτα.
1167 2617 1324 2675 Οὕτω
1382 2615 1439 2674 δὲ
1507 2620 1896 2696 ἀναγνωστέον·

243 2707 495 2779 Ἐρωτᾷς
545 2708 664 2769 πῶς
720 2707 748 2760 6
807 2705 937 2769 Θεὸς
997 2707 1128 2782 ὑπὲρ
1188 2705 1444 2778 θεότητος
1501 2709 1727 2784 ἀρχήν;
1773 2710 1901 2764 Εἶτα

243 2793 620 2870 ἀποκρίνεται·
656 2794 720 2851 Εἰ
769 2797 983 2866 νοήσεις
1034 2794 1117 2850 ὅτι
1167 2795 1358 2866 θεότης
1411 2796 1540 2852 αὐτὸ
1577 2798 1640 2852 τὸ
1681 2797 1741 2853 ἐκ
1769 2802 1902 2854 Θεοῦ

246 2880 429 2958 δῶρόν
481 2881 592 2938 ἐστι
643 2884 759 2938 καθ’
791 2884 820 2938 ’ὀ
866 2883 1151 2958 θεούμεθα,
1187 2885 1248 2940 ού
1301 2886 1409 2958 μὴν
1464 2885 1624 2948 αὐτὸς
1673 2888 1701 2941 6
1751 2887 1900 2954 Θεὸς,

245 2968 400 3048 ἔχεις
446 2974 548 3041 τήν
601 2971 778 3028 λύσιν·
812 2975 840 3028 6
868 2974 969 3050 γὰρ
1019 2975 1171 3042 Θεὸς,
1201 2974 1330 3030 αύτό
1379 2997 1524 3053 φημι
1553 2976 1642 3030 καὶ
1675 2976 1905 3052 ὑπερού-

249 3083 368 3124 σιος
407 3062 576 3116 οὐσία
607 3061 740 3137 ὑπὲρ
791 3062 891 3130 τήν
918 3065 1046 3138 παρ’
1076 3062 1240 3118 αὐτοῦ
1284 3061 1636 3138 δωρουμένην
1681 3065 1768 3120 καὶ
1799 3085 1904 3141 ’χαι

248 3150 558 3227 ριζομένην
621 3149 900 3226 θεαρχίαν,
956 3151 1200 3206 τουτέστι
1253 3153 1443 3216 θέωσιν
1501 3151 1636 3225 ἐστι,
1694 3154 1783 3208 καὶ
1840 3155 1908 3208 τά

1995 617 2144 688 quit,
2178 619 2460 689 majorem
2495 620 2673 676 habet
2704 638 2898 676 rerum
2933 621 3299 688 notitiam,ac
3329 637 3521 678 veram
3551 621 3646 678 lu-

1993 722 2143 770 cem,
2187 707 2241 761 id
2304 715 2392 764 est
2447 711 2718 765 veritatis
2775 711 3193 781 cognitionem,
3243 715 3404 766 tanto
3456 711 3646 781 magis

1996 795 2194 866 ignota
2225 803 2422 853 cernet
2453 815 2580 854 esse
2631 799 2732 854 illa
2763 816 2889 870 qua;
2921 800 2992 854 de
3023 799 3136 854 Deo
3178 799 3494 868 dicuntur;
3528 815 3644 854 non

1995 885 2154 939 enim
2188 885 2276 939 vel
2307 885 2531 941 lumine
2562 889 2862 959 quopiam,
2898 888 2985 942 vel
3018 887 3349 958 cognitione
3399 887 3645 942 manife-

1998 978 2255 1042 stantur,
2288 977 2385 1030 sed
2441 977 2639 1048 potius
2689 979 2870 1032 latent
2905 992 3275 1047 possessores
3323 993 3482 1032 suos.
3517 977 3652 1048 Ipsa

1997 1080 2231 1135 quoque
2281 1065 2648 1135 quantalibet
2698 1067 3010 1137 promotio,
3045 1070 3100 1120 et
3131 1066 3561 1120 incrementum
3592 1065 3651 1120 in

1997 1151 2113 1221 his,
2138 1151 2359 1207 lumine
2391 1153 2522 1209 dico
2555 1159 2611 1209 et
2641 1154 2995 1225 cognitione,
3021 1155 3199 1208 Deum
3234 1153 3537 1208 declarant
3567 1153 3659 1208 in-

1996 1240 2290 1296 visibilem
2325 1257 2454 1297 esse
2485 1247 2542 1297 et
2601 1242 3138 1312 incognoscihilem.
3169 1241 3441 1313 quoniam
3494 1240 3656 1312 quis-

2000 1329 2134 1400 quis
2166 1330 2289 1386 viso
2321 1331 2436 1386 Deo
2490 1331 2769 1403 intelligit
2798 1331 2855 1386 id
2890 1333 3044 1402 quod
3077 1331 3242 1400 vidit,
3279 1347 3660 1403 nequaquam

2000 1419 2195 1490 ipsum
2226 1420 2392 1490 vidit,
2425 1421 2524 1476 sed
2557 1420 2860 1492 quidpiam
2893 1437 3095 1477 eorum
3129 1437 3258 1492 qua
3286 1420 3581 1476 exsistunt
3602 1424 3659 1474 et

2001 1515 2462 1578 cognoscuntur.

2075 1600 2179 1652 Hoc
2209 1599 2323 1663 ipso
2353 1597 2494 1668 quod
2525 1599 2836 1653 omnino.ln
2870 1597 2964 1653 his
2993 1597 3171 1652 etiam
3203 1595 3656 1666 subintelligen-

2003 1687 2144 1742 dum
2177 1693 2284 1756 est,
2318 1688 2645 1742 secundum
2695 1703 2762 1742 ea
2812 1703 2939 1757 quae
2988 1685 3280 1741 exsistunt
3323 1691 3378 1740 et
3408 1701 3654 1755 cognos~

2005 1780 2238 1831 cuntur.
2273 1775 2490 1830 Verum
2539 1775 2685 1830 illud
2719 1791 2832 1829 non
2867 1791 2994 1829 esse
3026 1774 3138 1845 ipsi
3169 1773 3476 1842 convenit;
3511 1788 3657 1844 quo-

1924 1897 1975 1964 B
2005 1865 2165 1920 niam
2199 1864 2253 1920 id
2311 1865 2491 1935 quod,
2540 1867 2944 1920 creaturarum
2989 1867 3076 1918 est
3104 1881 3118 1930 ;
3149 1867 3302 1919 Deus
3342 1865 3538 1919 autem
3571 1865 3661 1917 est

2007 1971 2188 2027 supra
2216 1955 2646 2020 exsistentiam,
2680 1953 2897 2026 quippe
2928 1953 3243 2008 increatus.

2517 2070 2590 2128 IN
2635 2069 3040 2125 EPISTOLAM
3081 2072 3150 2125 II.

2079 2178 2352 2248 Quomodo
2401 2179 2496 2249 qui
2545 2181 2623 2232 est
2670 2192 2839 2247 supra
2887 2178 3101 2231 omnia.
3155 2174 3284 2230 Haec
3334 2172 3572 2244 quidem
3605 2172 3662 2226 in

2008 2267 2157 2322 libro
2189 2269 2263 2322 De
2291 2269 2502 2322 divini:
2549 2266 2871 2320 nominibus
2919 2264 3308 2319 diversimode
3358 2261 3661 2332 explicuit,

2007 2355 2355 2411 excellenter
2403 2359 2598 2408 autem
2651 2353 2772 2408 haec
2805 2353 2935 2424 ipsa
2985 2351 3172 2422 capite
3205 2349 3518 2405 undecimo
3551 2348 3662 2403 sub

2011 2446 2182 2499 finem
2220 2446 2634 2513 interpretatus
2665 2442 2994 2508 est,dicens
3031 2457 3044 2494 :
3077 2439 3379 2503 Quomodo
3408 2437 3508 2508 qui
3542 2452 3663 2490 om-

2009 2534 2172 2589 nium
2207 2537 2294 2587 est
2325 2536 2548 2598 auctor,
2582 2532 2696 2586 imo
2727 2529 2856 2602 ipsa
2901 2529 3087 2584 deitas
3117 2532 3174 2583 et
3204 2527 3461 2596 bonitas,
3491 2525 3664 2581 effec-

2010 2627 2097 2678 tor
2127 2622 2205 2677 sit
2233 2626 2354 2675 tam
2381 2621 2660 2675 bonitatis
2684 2635 2858 2690 quam
2885 2617 3139 2684 deitatis,
3168 2623 3225 2672 et
3249 2617 3343 2671 his
3383 2615 3661 2670 emineat.

2012 2711 2350 2783 Legendum
2383 2713 2576 2764 autem
2610 2709 2719 2764 hoc
2740 2708 2911 2764 modo
2938 2724 2950 2763 :
2977 2707 3170 2777 Rogas
3193 2703 3487 2776 quomodo
3509 2702 3665 2758 Deus

2011 2801 2090 2856 sit
2106 2817 2282 2870 supra
2304 2799 2660 2870 principium
2689 2797 3012 2852 divinitatis
3031 2795 3284 2851 ?Deinde
3309 2793 3663 2864 respondet:

2013 2890 2071 2946 Si
2105 2889 2469 2943 divinitatem
2525 2885 2817 2958 intelligas
2864 2902 2993 2941 esse
3045 2885 3264 2939 donum
3317 2882 3513 2954 ipsum
3563 2895 3668 2952 per

2014 2977 2173 3049 quod
2205 2976 2566 3045 deiﬁcamur,
2601 2992 2717 3032 non
2772 2980 2964 3030 tamen
2990 2974 3187 3045 ipsum
3231 2971 3438 3038 Deum,
3490 2969 3673 3024 habes

2017 3065 2408 3122 solutionem:
2442 3070 2593 3119 Deus
2642 3064 2820 3133 enim,
2853 3063 3180 3118 secundum
3213 3060 3572 3130 se,inquam,
3605 3064 3668 3111 ut

2019 3153 2530 3227 superessentialis
2552 3154 2925 3216 essentia,est
2947 3166 3126 3216 supra
3149 3147 3505 3222 principium
3529 3144 3674 3200 illud

248 3241 370 3311 ἑξῆς
414 3239 650 3311 ὁμοίως.
683 3239 814 3293 Εἶτα
858 3236 1054 3294 λοιπὸν
1095 3237 1473 3317 συλλογίζεται
1523 3243 1765 3318 φάσκων,
1799 3240 1904 3310 ὅτι,

2022 3243 2572 3313 divinitatis;quod
2619 3241 2744 3312 ipse
2790 3241 2890 3295 dat
2938 3244 3112 3310 atque
3159 3234 3581 3301 communicat,
3615 3233 3670 3288 id

249 3327 296 3383 εἲ
322 3329 392 3383 τὸ
427 3326 488 3382 έκ
517 3331 650 3382 Θεοῦ
683 3323 859 3404 δῶρον
891 3327 1039 3404 ἀρχή
1070 3327 1272 3404 γίνεται
1314 3335 1410 3384 τοῦ
1456 3332 1704 3394 θεοῦσθαι
1736 3333 1904 3404 ἡμᾶς,

249 3414 453 3487 δῆλον,
486 3415 570 3470 ὅτι
603 3417 677 3489 [ὁ]
709 3417 887 3485 πάσης
921 3417 1101 3493 ἀρχῆς
1132 3415 1326 3489 α’ίτιος,
1357 3418 1447 3472 καὶ
1473 3419 1620 3495 ἀρχὴ
1653 3418 1905 3492 ὣν,μᾶλ-

249 3505 347 3562 λον
387 3502 449 3561 δὲ
474 3505 828 3581 ὑπεράρχιος,
863 3505 1005 3560 οὕτω
1034 3506 1125 3560 καὶ
1155 3513 1256 3576 τῆς
1297 3505 1596 3583 λεγομένης
1629 3508 1902 3579 Θεότητος,

249 3596 282 3664 ἢ
310 3597 391 3657 ὡς
424 3593 684 3670 Θεαρχίας
718 3593 960 3649 έπέκεινά
989 3593 1148 3653 ἐστιν.
1181 3596 1243 3653 Ὀ
1278 3596 1373 3669 μὲν
1396 3597 1496 3671 γὰρ
1527 3595 1658 3660 Θεὸς
1688 3597 1750 3652 ού
1771 3597 1910 3652 κατὰ

250 3682 555 3760 σχέσιν,ὡς
583 3685 964 3755 ἡμεῖς,κτᾶται
995 3684 1058 3738 τὸ
1089 3685 1306 3760 ἀγαθὸν,
1338 3683 1463 3740 ἀλλ’
1489 3685 1736 3760 ἀσχέτως
1766 3683 1903 3760 ἔχει’

251 3775 422 3846 ἡμεῖς
455 3769 516 3828 δὶ
543 3775 753 3848 σχετῶς
785 3775 851 3842 “,
884 3773 1104 3845 τρεπτοὶ
1133 3771 1256 3850 γὰρ,
1289 3771 1490 3836 ἐκεῖνος
1520 3771 1576 3828 δε
1623 3771 1906 3849 ἄτρεπτος.

2019 3337 2128 3397 est,
2163 3348 2342 3402 supra
2385 3330 2838 3399 deiﬁcationem,
2870 3333 2927 3384 et
2959 3328 3043 3384 sic
3074 3327 3145 3382 de
3175 3323 3418 3381 caeteris.
3451 3323 3672 3378 Deinde

2014 3422 2097 3477 sic
2126 3419 2595 3491 argumentando
2644 3418 2748 3484 ait,
2779 3417 2933 3488 quod
2967 3417 3017 3472 si
3072 3415 3181 3470 hoc
3213 3433 3244 3468 a
3277 3414 3391 3468 Deo
3433 3427 3666 3484 proma-

2015 3527 2162 3565 nans
2193 3510 2435 3575 donum,
2469 3506 2822 3578 principium
2875 3509 2965 3560 est
3008 3507 3188 3558 notrae
3245 3499 3659 3565 deificationis,

2017 3599 2220 3669 utique
2251 3597 2424 3652 etiam
2457 3599 2664 3651 auctor
2695 3594 2848 3648 idem
2881 3597 2970 3647 est
2998 3591 3181 3647 totius
3212 3588 3508 3662 principii,
3541 3587 3661 3642 imo

2017 3686 2213 3759 potius
2239 3702 2418 3756 supra
2450 3683 2806 3756 principium
2830 3678 3220 3750 est,atqueita
3242 3678 3457 3733 dictam
3490 3677 3666 3732 etiam

2019 3774 2381 3829 divinitatem
2413 3769 2971 3826 transcendit.Deus
3002 3767 3158 3822 enim
3192 3782 3305 3821 non
3339 3764 3670 3820 secundum

254 3864 568 3933 habitum,
604 3861 688 3918 uti
718 3878 847 3932 nos,
882 3863 1031 3921 805
1070 3863 1391 3920 bonitatem
1425 3864 1672 3932 obtinet,
1704 3866 1805 3920 sed
1837 3865 1964 3921 sine
1994 3864 2196 3920 habitu
2246 3861 2459 3930 habet;
2485 3877 2590 3915 nos
2641 3864 2836 3915 autem
2880 3873 2982 3930 per
3028 3853 3456 3921 habitudinem,
3490 3851 3671 3922 siqui-

256 3954 393 4010 dem
430 3968 542 4008 nos
571 3951 890 4008 mutabiles
915 3969 1146 4024 sumus,
1181 3953 1308 4026 ipse
1337 3969 1471 4009 vero
1502 3953 1916 4010 immutabilis.

327 4049 398 4107 Εἴ
430 4049 664 4119 θεότητα
709 4050 800 4104 καὶ
846 4047 1175 4126 ἂγαθότητα.
1209 4050 1324 4107 Οὐκ
1372 4049 1560 4124 αὐτὴν,
1606 4051 1762 4129 φησὶ,
1812 4051 1910 4120 τὴν

259 4141 370 4193 κατ’
427 4137 619 4193 οὐσίαν
667 4137 897 4208 θεότητα
943 4139 1032 4193 καὶ
1079 4138 1410 4214 ἀγαθότητα,
1456 4141 1486 4194 6'
1531 4160 1583 4194 τι
1631 4140 1764 4195 ποτέ
1801 4138 1916 4194 ἐστι

262 4225 429 4303 λέγω,
462 4225 613 4282 ἀλλὰ
653 4228 752 4296 τὴν
805 4228 1140 4302 ἀγαθοποιὸν
1185 4229 1274 4282 καὶ
1304 4229 1555 4292 θεοποιὸν
1585 4226 1791 4305 δωρεὰν
1818 4233 1915 4283 τοῦ

267 4311 420 4378 ὄντος
467 4319 605 4371 Θεοῦ
656 4316 748 4370 καὶ
798 4317 1017 4394 ἀγαθοῦ·
1050 4321 1215 4372 τοῦτο
1262 4317 1367 4392 γὰρ
1398 4320 1432 4387 ἠ
1465 4318 1613 4394 ἀρχὴ
1646 4317 1735 4372 καὶ
1771 4316 1917 4371 αἰτία

265 4409 361 4459 τοῦ
413 4405 664 4460 θεοῦσθαι
718 4405 809 4460 καὶ
857 4406 1230 4482 ἀγαθύνεσθαι,
1277 4407 1366 4461 καὶ
1415 4406 1551 4461 κατὰ
1601 4410 1794 4462 τοῦτον
1823 4407 1914 4461 τὸν

265 4493 468 4569 τρόπον
523 4494 657 4572 φησὶ
713 4492 968 4570 λέγεσθαι
1031 4496 1164 4572 ὑπὶρ
1215 4494 1474 4572 θεαρχίαν
1533 4497 1620 4550 καὶ
1681 4495 1918 4570 ἀγαθαρ-

268 4583 420 4657 χίαν,
451 4584 552 4652 τήν
587 4581 730 4637 οὕτω
763 4580 980 4652 δηλαδή
1025 4584 1350 4658 νοουμένην.
1397 4583 1711 4657 Σημείωσαι
1745 4581 1802 4638 δὲ
1829 4584 1918 4638 καὶ

270 4669 536 4738 έντεῦθεν,
568 4669 651 4727 ὅτι
682 4673 716 4742 ἡ
751 4673 945 4744 θεότης
972 4673 1061 4726 καὶ
1103 4675 1137 4744 ἡ
1171 4672 1441 4750 ἀγαθότης
1487 4672 1586 4728 οὐκ
1630 4673 1923 4728 αύτοουσία

270 4758 380 4814 έστὶ
425 4763 526 4815 τοῦ
556 4763 712 4816 Θεοῦ·
743 4760 833 4815 καὶ
881 4763 986 4837 γὰρ
1030 4761 1120 4816 καὶ
1170 4766 1330 4818 τοῦτο
1383 4765 1427 4798 ⁴⁸
1457 4761 1702 4818 ἐπέκεινα
1733 4761 1761 4816 6
1793 4762 1923 4825 Θεὸς

272 4847 490 4922 [μόνος]
550 4847 605 4903 έν
658 4853 738 4921 τῷ
796 4850 927 4924 Περὶ
983 4850 1140 4905 θείων
1199 4850 1483 4925 ὀνομάτων
1522 4849 1806 4930 κεφαλαίῳ
1856 4851 1922 4904 ια’

271 4934 611 5012 πλατύτερον
640 4938 875 5014 εἴρηται.

339 5026 657 5100 ’Δμίμητος
687 5027 779 5082 καὶ
831 5025 1083 5104 ἄσχετος.
1115 5029 1176 5087 Ὀ
1223 5028 1356 5084 κατὰ
1407 5029 1590 5105 σχέσιν
1643 5025 1740 5082 οὐκ
1777 5022 1920 5103 ἔχων

273 5135 348 5183 τι,
375 5112 503 5170 ἀλλ’
537 5114 588 5188 ἐξ
636 5116 830 5170 ἑαυτοῦ
863 5117 1096 5189 μίμησις
1133 5117 1223 5171 καὶ
1269 5118 1452 5193 σχέσις
1492 5116 1626 5171 αὐτὰ
1655 5115 1721 5170 τὰ
1749 5114 1918 5190 πράγ-

276 5224 438 5276 ματα,
474 5202 792 5280 μετέχοντες
843 5201 900 5258 δὲ
945 5205 1031 5259 καὶ
1089 5205 1446 5278 μιμούμενοι,
1475 5205 1597 5278 περὶ
1633 5203 1726 5266 οὓς
1754 5208 1920 5258 ταῦτα

276 5294 530 5364 ὁρῶνται.
562 5293 873 5366 ’Δμίμητον
904 5291 961 5348 δὲ
989 5294 1078 5348 καὶ
1112 5293 1338 5369 ἄσχετον
1369 5292 1468 5371 ἔφη
1499 5293 1562 5348 τὸ
1600 5298 1781 5359 Θεῖον,
1812 5290 1895 5347 ὅτι

277 5380 390 5454 ὅσῳ
445 5401 530 5442 τις
585 5381 724 5458 πρὸς
757 5381 986 5454 μίμησιν
1045 5382 1134 5436 καὶ
1189 5381 1375 5458 σχέσιν
1425 5386 1558 5438 Θεοῦ
1596 5380 1917 5456 προκόπτει,

2091 4052 2155 4108 Si
2181 4052 2533 4106 divinitatem
2578 4057 2634 4104 et
2683 4048 3003 4104 bonitatem.
3029 4045 3154 4100 Non
3199 4043 3410 4115 ipsam,
3459 4039 3674 4112 inquit,

2025 4142 2352 4197 secundum
2398 4137 2792 4194 substantiam
2840 4134 3206 4190 divinitatem
3240 4137 3298 4188 et
3327 4130 3674 4197 bonitatem,

2024 4231 2154 4286 dico
2187 4229 2326 4301 quid
2361 4229 2600 4284 tandem
2633 4226 2760 4300 ipsa
2790 4226 2887 4290 sit,
2920 4223 3019 4278 sed
3053 4221 3371 4278 bonificum
3425 4223 3480 4274 et
3510 4217 3674 4273 deifi-

2025 4337 2159 4375 cum
2192 4320 2410 4374 donum
2469 4317 2587 4372 veri
2626 4315 2720 4371 Dei
2771 4331 2837 4370 ac
2871 4313 3028 4369 boni.
3065 4313 3180 4367 Hoc
3213 4310 3368 4366 enim
3400 4312 3490 4364 est
3520 4306 3676 4378 prin-

2025 4410 2242 4482 cipium
2275 4411 2332 4462 et
2378 4422 2556 4461 causa
2603 4402 2992 4460 deiﬁcationis
3023 4417 3090 4455 ac
3119 4395 3584 4461 boniﬁcationis;
3618 4398 3676 4448 et

2027 4481 2136 4554 hoc
2168 4498 2336 4552 modo
2367 4495 2445 4550 ait
2478 4495 2671 4566 ipsum
2723 4492 2833 4548 dici
2869 4508 3046 4563 supra
3080 4485 3432 4560 principium
3472 4481 3679 4538 divini-

2026 4587 2164 4644 tatis
2212 4603 2279 4642 ac
2326 4583 2631 4650 bonitatis,
2683 4581 2767 4638 sic
2814 4596 3024 4651 nempe
3082 4577 3465 4632 intellectum.
3525 4569 3674 4636 Quin

2029 4675 2204 4731 etiam
2240 4674 2375 4729 hinc
2404 4678 2538 4727 nota
2567 4670 2931 4726 divinitatem
2950 4683 3014 4721 ac
3042 4663 3361 4720 bonitatem
3386 4659 3542 4714 illam
3564 4673 3676 4712 non

2031 4780 2162 4820 esse
2193 4763 2382 4835 ipsam
2433 4761 2531 4816 Dei
2579 4758 2919 4823 essentiam,
2972 4754 3248 4826 quoniam
3304 4765 3484 4820 supra
3528 4745 3682 4800 hanc

2031 4833 2409 4908 etiamVDeus
2459 4853 2571 4916 est,
2614 4853 2679 4903 ut
2726 4848 2798 4902 De
2845 4843 3051 4901 divinis
3093 4840 3435 4904 nominibus,
3489 4833 3680 4906 capite

2031 4941 2365 5008 undecimo,
2399 4939 2585 4993 fusius
2616 4941 2706 4992 est
2735 4934 3110 5006 explicatum.

2100 5030 2189 5085 Est
2221 5028 2572 5084 inimitabilia
2621 5029 2671 5080 et
2714 5024 2927 5080 habitus
2957 5035 3172 5092 expers.
3207 5015 3314 5081 Qui
3347 5012 3676 5071 secundum

2029 5119 2297 5174 habitum
2333 5134 2446 5172 non
2479 5115 2656 5171 habet
2693 5113 3037 5184 quidquam,
3073 5107 3174 5163 sed
3205 5123 3272 5161 ex
3304 5102 3516 5174 seipsis
3545 5099 3681 5155 imi-

2029 5208 2171 5263 tatio
2203 5212 2259 5261 et
2289 5205 2526 5261 habitus
2557 5207 2696 5260 sunt
2726 5218 2817 5256 res
2847 5195 3433 5271 ipsae,participantes
3460 5205 3596 5246 vero
3627 5192 3683 5244 et

2031 5297 2350 5363 imitantes,
2405 5295 2559 5349 circa
2606 5308 2753 5364 quos
2802 5289 2940 5344 talia
2987 5283 3454 5356 conspiciuntur.
3496 5279 3680 5334 Deum

2030 5388 2225 5440 autem
2259 5384 2406 5437 dixit
2427 5378 2835 5436 inimitabilem
2855 5381 2911 5433 et
2936 5375 3174 5432 habitus
3201 5374 3520 5444 expertem:
3537 5382 3683 5438 quo-

1255 5585 1491 5645 VARIE
1526 5585 1923 5648 LECTIONES
1959 5585 2053 5644 ET
2091 5581 2654 5643 CORRECTIONES.

354 5722 490 5796 “‘16
518 5719 708 5790 ὄντως.
787 5725 830 5762 δι
860 5723 1146 5802 σχετικῶς.
1223 5724 1267 5763 ⁸⁸
1296 5721 1524 5784 τούτων.
