4004 6200
409 369 517 426 531
1253 374 1624 430 ΔΡΡΕΝΒΙΧ
1663 376 1764 429 AD
1805 372 2050 427 OPERA
2083 374 2093 425 ἓ

2214 369 2496 425 >ΙΟΝΥΒΙΙ
2533 371 3010 428 AREOPAGITE
3673 375 3754 431 532

416 497 580 556 niam
615 502 838 570 quanto
871 500 1003 572 quis
1038 501 1110 557 ad
1144 501 1534 557 imitationem
1567 505 1624 556 et
1652 499 1751 556 Dei
1779 497 2076 554 habitudiv

2214 498 2442 549 τοσοῦτον
2491 491 2902 568 καταλαμϐάνει
2949 497 3011 550 τὸ
3060 493 3336 574 ἀνέφικτον
3386 502 3479 566 τῆς
3524 502 3754 572 μιμήσεως

417 603 558 644 nem
590 589 924 655 accesserit,
953 595 1116 646 tanto
1149 590 1337 662 magis
1366 589 1660 661 intelligit,
1682 589 1879 660 ipsum
1914 584 2076 641 nulla
2187 583 2276 636 καὶ
2307 583 2568 658 σχέσεως.

411 675 505 733 vel
536 677 864 734 imitatione
893 679 982 735 vel
1013 678 1359 734 habitudine
1389 680 1595 750 attingi
1634 693 1822 750 posse.

919 796 992 850 IN
1034 795 1437 851 EPISTOLAM
1478 794 1575 849 ΙΙΙ.

2594 773 2706 828 ΕΙΣ
2740 773 2879 828 ΤΗΝ
2913 772 3316 829 ΕΠΙΣΤΟΛΗΝ
3345 774 3414 828 I“.

491 901 731 971 Repente
758 909 836 955 est
862 900 919 954 id
948 901 1090 972 quod
1115 909 1319 972 praeter
1348 917 1516 971 spem.
1534 899 1813 954 Existimo
1847 897 2077 970 potissi-

2259 876 2547 954 Ἐξαίφνης
2604 877 2712 931 ἐστὶ
2767 879 2830 932 τὸ
2886 879 3011 953 παρ’
3071 875 3294 935 ἐλπίδα.
3353 877 3657 954 Ἐφίστημι,
3705 880 3759 941 ὡς

421 965 582 1043 mum
635 988 794 1043 istud
853 965 1261 1060 propheticum
1320 965 1540 1043 dictum
1601 965 1893 1042 Malachiie
1952 1003 2078 1057 pro-

2214 967 2269 1018 ἷτι
2336 965 2548 1037 μᾶλλον
2611 967 2783 1021 ἐκεῖνο
2834 967 2896 1021 τὸ
2945 966 3279 1045 προφητικὸν
3327 970 3420 1020 τοῦ
3467 969 3711 1043 προφήτου
3731 972 3762 1004 ⁸⁸

420 1076 605 1148 phetaa
627 1077 828 1132 Caium
853 1051 1268 1149 interrogasse,
1304 1079 1459 1149 quod
1498 1078 1582 1132 sic
1604 1078 1815 1132 habet:
1846 1051 2079 1148 Repente

2214 1053 2482 1128 Λαλαχίου
2533 1055 2816 1130 ἠρώτησεν
2863 1057 2889 1108 6
2941 1057 3119 1121 Γάϊος,
3151 1056 3212 1110 τὸ
3256 1051 3401 1130 ἔχονο
3433 1055 3523 1108 Καὶ
3567 1055 3765 1131 ἰξαίφνης

420 1168 598 1222 veniet
625 1167 696 1220 ad
725 1168 988 1237 templum
1020 1183 1183 1222 suum
1217 1169 1489 1222 Dominus
1509 1183 1668 1238 quem
1691 1183 1782 1222 vos
1803 1167 2075 1238 quaeritis,

2214 1141 2300 1214 iEet
2334 1143 2406 1205 εἷς
2437 1144 2526 1197 τὸν
2559 1144 2684 1197 ναὸν
2727 1143 2890 1198 αὐτοῦ
2944 1145 2971 1197 6
3027 1143 3245 1218 Κύριος,
3285 1144 3340 1197 δν
3386 1143 3531 1215 ὑμεῖς
3585 1148 3766 1214 ζητεῖτε,

419 1263 472 1310 et
501 1255 739 1322 angelus
787 1230 1099 1310 testamenti
1127 1272 1282 1327 quem
1332 1272 1422 1311 vos
1446 1230 1776 1310 desideratis
1807 1230 1896 1326 ξε).
1934 1254 2074 1310 Mihi

2214 1231 2274 1285 ,αὶ
2339 1234 2366 1286 ὁ
2424 1230 2649 1308 ἅγγελος
2701 1239 2800 1301 τῆς
2853 1230 3143 1304 διαθήκης,
3198 1230 3255 1285 ὃν
3307 1232 3458 1305 ὑμεῖς
3495 1231 3763 1296 ἐπιποθεῖτε.

423 1349 618 1400 autem
651 1344 813 1401 visus
844 1351 934 1401 est
960 1347 1078 1401 haec
1109 1349 1526 1417 interrogasse,
1549 1362 1616 1401 eo
1647 1345 1802 1416 quod
1836 1345 2077 1416 subjun-

2214 1319 2387 1390 Ἐδοξε
2443 1319 2499 1375 δὲ
2561 1343 2654 1394 μλι
2707 1325 2869 1376 τοῦτο
2919 1321 3235 1395 ἠρωτῆσθαι
3289 1319 3348 1374 ἐκ
3389 1324 3481 1374 τοῦ
3517 1319 3764 1396 ἐπαγαγεῖν·

417 1439 563 1507 gat:
607 1439 722 1491 Hoc
768 1436 1011 1490 arbitror
1059 1438 1408 1508 Scripturam
1466 1437 1778 1500 insinuare,
1837 1433 1935 1489 ubi
1989 1451 2076 1500 ea,

2214 1413 2357 1462 ῗοῦτο
2414 1413 2568 1482 οἶμαι
2625 1412 2724 1478 τὴν
2779 1409 3065 1484 θεολογίαν
3119 1409 3456 1464 αἰνίττεσθαι·
3505 1409 3762 1480 θαυμασίως

2313 1497 3746 1514 -,.,.-..--....-.,-

422 1497 550 1596 quae
582 1525 654 1579 de
683 1523 928 1580 Domino
978 1524 1116 1579 Jesu
1166 1497 1400 1582 éhristo
1433 1529 1593 1592 sunt,
1625 1497 1871 1578 mirifice
1902 1497 2079 1592 expo;

2217 1500 2409 1552 νταῦθα
2440 1498 2686 1574 θεολογεῖ
2713 1500 2779 1553 τὰ
2825 1499 2948 1573 περὶ
2977 1503 3073 1552 τοῦ
3115 1497 3310 1573 Κυρίου
3344 1499 3514 1567 Ἰησοῦ
3558 1499 3763 1571 Χριστοῦ.

423 1584 530 1668 nit.
565 1613 820 1668 Observa
868 1629 1027 1680 vero,
1062 1613 1357 1684 quomodo
1409 1584 1591 1668 vocis,
1620 1609 1872 1687 ἐξαίφνης
1905 1584 2080 1682 origi-

2214 1588 2510 1659 Ξημείωσαι
2544 1584 2600 1640 δὲ
2629 1592 2744 1649 πῶς
2777 1587 3105 1661 ἐτυμολογεῖ
3152 1585 3213 1640 τὸ
3253 1584 3486 1662 ἐξαίφης’
3517 1586 3766 1657 σημείωσαι

425 1717 558 1757 nem
605 1702 953 1772 investiget;
987 1674 1330 1772 ibidemque
1358 1706 1494 1757 nota
1543 1674 1843 1759 Christum
1878 1674 2082 1755 huma-

2214 1674 2280 1730 ιαῖ
2312 1677 2372 1730 τὸ
2404 1675 2751 1751 ἀνθρωπίνως
2783 1674 3115 1744 οὖσιωθῆναι
3148 1675 3382 1748 Χριστόν
3415 1676 3475 1729 ⁸⁷.

430 1807 567 1846 nam
600 1791 992 1846 substantiam
1029 1792 1449 1861 assumpsisse.

504 1879 752 1936 Occultus
781 1887 964 1934 autem
1012 1887 1105 1934 est.
1143 1879 1395 1934 Occultus
1442 1879 1515 1932 ab
1564 1877 1690 1950 ipso
1740 1893 1889 1949 saepe
1921 1877 2084 1949 poni-
2117 1865 2164 1931 Β

435 1970 532 2022 tur
562 1983 665 2038 pro
714 1983 853 2022 voce
883 1967 1045 2034 Deus,
1079 1971 1134 2021 et
1184 1981 1465 2021 arcanum
1509 1982 1612 2036 pro
1665 1964 1992 2031 divinitate,
2027 1970 2093 2020 ut

435 2071 504 2110 ex
535 2055 1000 2128 praecedentibus
1032 2054 1199 2110 libris
1230 2059 1409 2126 patet.
1433 2053 1685 2110 Occultus
1714 2053 1896 2126 igitur
1915 2054 2091 2110 etiam

437 2143 533 2200 hic
565 2160 668 2216 pro
700 2149 844 2201 Deus
874 2143 1134 2216 ponitur,
1169 2147 1234 2198 ut
1265 2143 1365 2214 qui
1398 2142 1713 2198 invisibilis
1742 2145 1848 2198 est.

938 2259 1012 2314 IN
1052 2256 1458 2314 EPISTOLAM
1488 2262 1585 2312 IV.

504 2366 808 2436 Quomodo,
861 2367 1069 2438 inquis,
1099 2367 1270 2421 Iesus.
1328 2364 1571 2435 Quaeris,
1604 2363 1818 2435 inquit,
1849 2379 2091 2435 quomo-

441 2454 514 2510 do
545 2453 692 2510 hoc?
721 2453 868 2510 Nota
898 2458 1091 2510 autem
1140 2455 1251 2520 hic,
1282 2454 1339 2508 id
1390 2457 1478 2508 est
1523 2454 1579 2508 in
1631 2451 2086 2524 dispensatione,

437 2543 713 2615 quoniam
740 2543 868 2598 sine
914 2542 1044 2608 hac,
1081 2547 1143 2596 ut
1183 2541 1493 2598 hominum
1525 2545 1728 2597 auctor
1756 2543 1928 2611 atque
1959 2539 2086 2611 opi-

431 2633 545 2698 l'ex,
577 2633 753 2688 etiam
787 2631 964 2687 homo
996 2630 1232 2688 dicitur.

503 2721 656 2778 806
686 2721 804 2777 Non
851 2722 1002 2776 enim
1053 2723 1114 2774 ut
1164 2725 1355 2774 auctor
1407 2719 1714 2773 hominum.
1763 2717 1878 2773 Hoc
1910 2717 2086 2772 etiam

431 2810 613 2865 tradit
659 2809 970 2864 Africanus
1024 2809 1084 2863 in
1138 2811 1264 2863 suis
1319 2807 1822 2878 Chronoyraphiis;
1871 2806 2091 2862 dicitur

433 2897 592 2954 enim
643 2898 846 2953 eodem
897 2896 1134 2952 nomine
1182 2897 1336 2952 Deus
1385 2897 1661 2950 omnibus
1692 2911 1818 2966 quae
1866 2894 2088 2966 exipso

437 2992 600 3052 sunt,
631 2985 912 3056 quoniam
947 2985 1005 3039 in
1053 2985 1329 3040 omnibus
1359 2983 1608 3040 exsistit.
1645 2984 1708 3039 In
1753 2984 1860 3039 hac
1891 2988 2086 3039 autem

435 3073 900 3144 dispensatione,
928 3077 1208 3145 tanquam
1264 3073 1587 3128 secundum
1620 3075 1798 3127 totam
1831 3071 2088 3127 hominis

436 3161 829 3219 substantiam
857 3161 1267 3218 substantialis
1291 3162 1464 3216 homo
1488 3162 1720 3229 dicitur,
1737 3162 1909 3232 juxta
1930 3163 2085 3232 quod

433 3251 654 3308 dictum
687 3255 778 3307 est
811 3267 824 3305 :
857 3252 918 3306 In
947 3266 1050 3323 quo
1082 3249 1424 3329 inhabitavit
1454 3251 1632 3304 omnis
1677 3249 1964 3320 plenitudo
1995 3251 2086 3305 di-

429 3341 680 3397 vinitatis
707 3341 1071 3412 corporaliter
1097 3339 1456 3411 (f).0bserva
1487 3342 1679 3394 autem
1714 3343 1901 3393 totum
1933 3338 2087 3410 epis-

433 3431 562 3488 tola
593 3435 956 3497 contextum,
1002 3430 1284 3502 quoniam
1335 3437 1423 3486 est
1453 3433 1657 3486 contra
1705 3445 1941 3485 omnem
1975 3429 2090 3485 hae-

435 3520 638 3590 resim,
668 3525 791 3576 tam
824 3519 1133 3591 antiquam
1167 3535 1343 3590 quam
1377 3535 1607 3574 novam.

507 3613 615 3666 Nos
643 3613 826 3664 autem
853 3613 1064 3667 Iesum.
1090 3609 1214 3664 Non
1247 3625 1350 3679 per
1385 3608 1842 3673 humanitatem,
1876 3607 2092 3680 inquit,

2272 3624 2465 3696 Ἡμεῖς
2525 3619 2582 3676 δὶ
2636 3620 2728 3674 τὸν
2781 3621 3030 3691 Ἰησοῦν.
3092 3618 3169 3677 Οὖ
3228 3619 3321 3674 διὰ
3373 3618 3436 3673 τὸ
3485 3613 3787 3690 ἀνθρώπινον,

437 3698 654 3755 Christi
700 3699 899 3770 ipsum
930 3697 1270 3766 deﬁnimus,
1303 3698 1424 3752 sive
1471 3714 1652 3768 supra
1682 3697 1981 3752 hominem
2012 3697 2093 3752 di.

2214 3711 2360 3790 φησὶ,
2410 3714 2504 3766 τοῦ
2563 3712 2804 3782 Χριστοῦ
2857 3708 3019 3763 αὐτὸν
3076 3706 3433 3782 ἀφορίζομεν,
3488 3703 3642 3778 ἤγουν
3690 3697 3787 3769 ὑπὲρ

440 3788 651 3858 cimus,
684 3787 852 3859 quasi
901 3787 1236 3860 prodigium
1289 3787 1398 3842 hoc
1442 3787 1768 3842 secundum
1810 3787 2093 3843 rationem

2214 3800 2485 3874 ἄνθρωπον
2520 3797 2778 3873 λέγομεν,
2810 3798 2883 3860 ὡς
2935 3796 3078 3869 ξένον
3127 3800 3292 3851 τοῦτο
3338 3795 3475 3851 κατά
3501 3794 3586 3849 τὸν
3613 3796 3696 3859 τῆς
3720 3785 3790 3841 οὗ·

440 3877 788 3939 substantiaa
811 3876 1147 3932 communis
1171 3881 1393 3932 naturae
1417 3876 1826 3942 deﬁniremus;
1851 3879 1951 3932 sed
1978 3893 2093 3932 ma-

2214 3873 2320 3951 σίοις
2359 3888 2527 3964 λόγον
2557 3891 2652 3942 τοῦ
2698 3889 2885 3941 κοινοῦ
2932 3893 3031 3955 τῆς
3081 3885 3294 3962 φύσεως
3342 3883 3657 3959 ὁριζόμενοι,
3684 3873 3792 3933 ἀλλᾶ

443 3968 652 4022 nifeste
699 3966 1025 4022 secundum
1079 3966 1358 4019 rationem
1395 3965 1741 4020 divinitatis.
1776 3965 1920 4020 Nam
1955 3967 2093 4021 sub-

2214 3975 2504 4052 προδήλως
2558 3977 2694 4031 κατὰ
2741 3975 2832 4029 τὸν
2890 3981 2989 4044 τῆς
3040 3972 3296 4044 θεότητος
3349 3972 3531 4048 λόγον.
3577 3968 3794 4052 Ἐπήγατξ

434 4054 678 4124 junxit:
711 4054 908 4123 Neque
957 4054 1111 4106 enim
1165 4053 1340 4107 homo
1381 4059 1633 4123 tantum,
1664 4070 1867 4108 verum
1920 4056 2093 4110 etiam

2214 4047 2326 4143 γάρ·
2362 4063 2502 4123 Οὖδὶ
2541 4065 2639 4139 γὰρ
2691 4061 2976 4139 ἅνθρωπος
3025 4063 3210 4135 μόνος,
3261 4047 3539 4118 ἀλλὰκαὶ
3589 4047 3796 4143 esses}

443 4142 619 4197 Deus.
653 4140 797 4208 Etsi,
831 4140 1045 4210 inquit,
1079 4145 1263 4195 totam
1300 4142 1557 4196 hominis
1591 4143 1982 4199 substantiam
2013 4161 2093 4198 as-

2347 4155 2482 4225 ὅλην
2528 4135 2712 4208 οὐσίαν
2763 4135 3052 4227 ἀνθρώπου
3101 4145 3356 4218 ἀνέλαϐε,
3407 4149 3586 4228 φησὶν,
3623 4135 3798 4228 ἀλλ’οθ

443 4227 883 4300 sumpsit,haud
917 4232 1114 4282 tamen
1138 4245 1483 4299 separamus
1507 4230 1700 4301 ipsum
1720 4247 1753 4287 a
1773 4231 2093 4300 divinitate;

2214 4242 2520 4318 διαιροῦμεν
2567 4239 2729 4296 αὐτὸν
2782 4225 2886 4295 ἀπὸ
2933 4243 3031 4309 τῆς
3062 4238 3346 4309 θεότητος·
3380 4225 3563 4312 ἐπάγει
3607 4233 3714 4307 γάρ’
3741 4225 3799 4282 Οὖ

443 4315 722 4390 quoniam
781 4313 1136 4386 subjungit:
1190 4315 1314 4370 Non
1377 4316 1532 4371 enim
1593 4317 1768 4371 homo
1826 4323 2093 4386 tantum;

2214 4333 2305 4410 γὰρ
2357 4330 2640 4408 ἅνθρωπος
2693 4330 2878 4402 μόνον·
2933 4329 3068 4396 εἶτα,
3117 4332 3279 4382 τοῦτο
3340 4327 3527 4395 εἶ’πὼν,
3584 4318 3800 4396 ἐπιφέρει.

443 4405 656 4463 deinde
687 4420 820 4460 cum
853 4402 962 4458 hoc
992 4402 1339 4467 dixit,infert
1375 4421 1386 4458 :
1421 4405 1618 4475 Neque
1649 4407 2093 4477 suprasubstan-

2214 4419 2348 4479 Οὐδὲ
2379 4419 2699 4494 ὑπερούσιος
2733 4419 2921 4491 μόνον,
2953 4418 3072 4481 καθ’
3103 4417 3132 4470 ’ὸ
3161 4416 3250 4470 καὶ
3279 4413 3584 4490 ἅνθρωπος.

442 4493 602 4551 tialis
633 4492 847 4559 solum,
881 4495 1176 4563 quatenus
1205 4493 1377 4547 etiam
1413 4493 1609 4548 homo.

517 4583 702 4654 Supra
729 4582 1002 4637 homines.
1035 4585 1223 4652 Supra
1271 4580 1544 4637 homines
1576 4584 1834 4654 quidem,
1869 4584 2006 4656 quia
2033 4602 2093 4642 ex

2275 4581 2432 4657 Ὑπὲρ
2483 4579 2798 4654 ἀνθρώπους
2835 4621 2847 4634 .
2895 4578 3053 4649 Ὑπὲρ
3115 4576 3432 4648 ἀνθρώπους
3491 4574 3579 4646 μὲν
3638 4567 3714 4624 διὰ
3757 4583 3804 4618 τι)

445 4671 724 4744 Virgine;
756 4669 1082 4726 secundum
1116 4667 1385 4725 homines
1411 4687 1566 4735 vero,
1600 4676 1836 4744 propter
1865 4677 2093 4744 tempus

2214 4671 2273 4726 ἐκ
2327 4669 2615 4745 παρθένου·
2665 4669 2783 4721 κατ’
2843 4667 3159 4741 ἀνθρώπους
3207 4662 3262 4718 δὲ
3311 4661 3400 4718 διὰ
3446 4663 3532 4717 τὸν
3581 4661 3629 4715 ἐν
3661 4658 3805 4730 μήτρᾳ

449 4761 507 4816 in
541 4765 728 4831 utero,
760 4774 970 4830 nempe
1000 4758 1324 4814 secundum
1379 4761 1774 4831 conceptionis
1819 4760 1973 4833 leges
2004 4779 2093 4818 ex-

2214 4761 2432 4837 χρόνον,
2461 4759 2495 4828 ἢ
2529 4757 2603 4819 ώς
2648 4755 2773 4818 τοῦς
2826 4755 3030 4829 νόμους
3078 4761 3178 4823 τῆς
3210 4755 3477 4824 κυήσεως.
3518 4753 3607 4807 Ἐκ
3627 4745 3805 4837 τῆςμᾶν·

449 4826 812 4920 ρὶοῐυω.Ἐχ
843 4826 1106 4901 humana
1139 4863 1274 4902 vero
1317 4826 1669 4914 substantia,
1703 4826 2004 4921 quoniam,
2038 4855 2093 4906 ut

2214 4826 2440 4925 θρώπων
2475 4826 2531 4901 δὲ
2581 4844 2785 4914 οὐσίας,
2817 4826 2906 4898 ὅτι⁷
2931 4843 3005 4907 ὡς
3051 4843 3213 4906 αὐτὸς
3243 4844 3270 4896 6
3303 4843 3462 4910 ἅγιος
3514 4838 3681 4912 Πατὴρ
3707 4826 3804 4908 ἔφη,

449 4937 604 4994 idem
638 4940 880 4994 sanctus
911 4936 1081 4992 Pater
1111 4937 1364 5008 dicebat,
1396 4954 1466 4992 ex
1497 4938 1774 5009 virgineis
1799 4940 2093 5012 sanguini

2214 4938 2270 4995 ἐκ
2324 4942 2432 4992 τῶν
2473 4937 2808 5012 παρθενικῶν
2859 4931 3105 5007 αἱμάτων
3163 4932 3226 4986 τὸ
3287 4931 3442 5006 ἅγιον
3497 4932 3646 5002 σῶμα
3694 4925 3807 4995 Χρι-

448 5028 561 5084 bus
589 5032 860 5082 sanctum
891 5025 1109 5083 Christi
1141 5043 1354 5098 corpus
1385 5029 1707 5082 constabat.
2214 5032 2362 5084 me.

514 5122 698 5189 Supra
727 5117 1116 5184 substantiam,
1149 5096 1518 5172 substantiam
1561 5121 1881 5190 assumpsit.
1915 5119 2093 5175 Etiam

2284 5117 2440 5191 Ὑπὲρ
2499 5111 2682 5169 οὐσίαν
2740 5111 3004 5181 οὐσιώθη.
3067 5110 3163 5164 Καὶ
3241 5109 3372 5182 μετά
3430 5109 3531 5177 τὴν
3587 5096 3809 5191 ἐνανθροξς

449 5211 579 5280 post
596 5181 1078 5262 incarnationem
1103 5181 1109 5184 γ
1131 5181 1874 5276 suprasubstantialiiatom
1905 5207 2093 5280 appel-

2214 5227 2378 5277 πησιν
2413 5181 2858 5278 ¹ὑπερουσιότητα
2915 5198 3166 5272 ὠνόμασε
3214 5199 3314 5267 τήν
3368 5195 3613 5266 θεότητα.
3663 5190 3723 5244 Τὸ
3767 5181 3810 5238 δὶ

2268 1835 2508 1913 Κρύφιος
2569 1832 2624 1889 δὲ
2674 1833 2806 1890 ἐστι.
2865 1835 2934 1888 Τὸ
2991 1833 3221 1912 κρύφιος
3276 1831 3535 1896 πολλάκις
3577 1832 3674 1886 ἀντὶ
3701 1837 3774 1885 τοῦ

2202 1925 2332 1986 Θεὸς
2365 1928 2502 1991 εἰπε,
2547 1923 2634 1978 καὶ
2673 1922 3011 1997 κρυφιότητα
3055 1923 3152 1990 τήν
3205 1920 3452 1993 θεότητα,
3498 1921 3566 1984 ὡς
3607 1921 3650 1975 ἒν
3687 1925 3775 1980 τοῖς

2201 2011 2312 2067 ἄνω
2345 2011 2556 2087 λόγοις.
2589 2014 2663 2069 Τὸ
2693 2011 3031 2089 κρύφιύτητα
3074 2013 3173 2080 τήν
3224 2009 3469 2080 θεότητα,
3500 2010 3567 2070 ὡς
3605 2009 3647 2062 ἒν
3689 2013 3778 2070 τοῖς

2201 2105 2312 2156 ἄνω
2343 2101 2553 2177 λόγοις.
2584 2102 2653 2156 Τὸ
2702 2101 2928 2178 κρύφιος
2981 2099 3069 2155 οὖν
3103 2098 3332 2164 ἐνταῦθα
3378 2099 3486 2153 ἀντὶ
3525 2101 3609 2152 τοῦ
3631 2097 3654 2152 6
3679 2095 3777 2157 Θεὸς

2201 2190 2433 2267 εἷ’ρηται,
2466 2191 2539 2252 ώς
2574 2191 2822 2266 ἀόρατος.

2593 2308 2706 2362 ΕΙΣ
2757 2307 2901 2362 ΤΗΝ
2947 2305 3351 2361 ΕΙΙΙΣΤΟΔΗΝ
3381 2309 3449 2360 A’.

2269 2417 2415 2480 Πῶς,
2468 2411 2593 2486 φῂς,
2637 2413 2869 2481 Ἰησοῦς.
2923 2411 3251 2484 Ἐπερωτᾷς,
3296 2408 3446 2486 φησὶ,
3477 2411 3583 2468 πῶς
3620 2409 3773 2470 τοῦτο;

2201 2501 2519 2574 Σημείωσαι
2569 2499 2626 2555 δὲ
2664 2501 2726 2554 τὸ
2778 2497 2981 2568 ἐνθάδε,
3026 2498 3305 2554 τουτέστιν
3351 2498 3400 2553 ἐν
3431 2501 3494 2570 τῇ
3523 2493 3772 2566 οἰκονομίᾳ,

2199 2590 2312 2646 ἐπεὶ
2348 2587 2477 2664 δίχα
2517 2589 2742 2659 ταύτης,
2793 2588 2881 2642 καὶ
2931 2587 3002 2649 ὡς
3052 2584 3228 2650 αίίτιος
3276 2587 3585 2660 ἀνθρώπων,
3612 2583 3774 2659 λίγεται

2199 2677 2502 2755 ἅνθρωπος,
2534 2679 2609 2740 ὡς
2640 2678 2878 2747 ποιητὴς
2905 2676 3229 2751 ἀνθρώπιον.

2269 2768 2345 2826 Οὐ
2401 2767 2503 2843 γὰρ
2564 2767 2638 2830 ὡς
2696 2765 2866 2828 α’ίτιος
2941 2766 3268 2841 ἀνθρώπων.
3336 2763 3497 2820 Τοῦτό
3558 2783 3667 2839 φησι
3709 2760 3775 2814 καί

2197 2857 2520 2934 νΑφρικανὸς
2591 2855 2642 2910 ἐν
2721 2861 2840 2916 ταῖς
2925 2853 3382 2932 Χρονογραφίαις.
3459 2852 3648 2927 λέγεται
3703 2848 3776 2922 γὰρ

2198 2945 2510 3020 ὁμωνύμως
2541 2947 2568 3000 ὁ
2601 2945 2728 3006 Θεὸς
2778 2949 2906 3003 πᾶσι
2949 2949 3066 3005 τοῖς
3102 2942 3152 3013 ἐξ
3197 2943 3390 3013 αὐτοῦ,
3421 2939 3594 3010 ἐπειδὴ
3637 2939 3678 2993 ἐν
3703 2942 3778 2991 πᾶ-

2198 3036 2276 3090 σίν
2331 3034 2496 3090 ἐστιν.
2532 3035 2615 3090 Ἐν
2671 3031 2726 3088 δὲ
2754 3037 2822 3105 τῇ
2875 3031 3164 3106 οἰκονομίᾳ
3195 3033 3273 3094 ὡς
3328 3032 3462 3086 κατὰ
3501 3032 3590 3099 τὴν
3638 3024 3776 3082 οὐσίαν

2198 3122 2335 3195 ὅλην
2392 3124 2674 3184 οὐσιωθεῖς
2730 3120 3015 3197 ἅνθρωπος
3067 3120 3313 3196 λέγεται,
3361 3121 3490 3176 κατᾶ
3528 3120 3583 3174 τὸ
3611 3111 3780 3189 εἰρημί·

2119 3226 2162 3293 C
2199 3233 2313 3268 νον·
2348 3215 2432 3269 Ἐν
2481 3213 2526 3284 ᾧ
2574 3217 2816 3266 κατοικεῖ
2856 3215 2958 3264 πᾶν
3007 3217 3108 3279 τῆς
3159 3209 3418 3280 θεότητος
3464 3210 3523 3263 τὸ
3559 3205 3783 3279 πλήρωμα

2198 3306 2549 3376 σωματικῶς.
2583 3304 2759 3356 nam
2792 3297 2848 3354 δὲ
2880 3298 3022 3369 λέξιν
3051 3305 3152 3368 τῆς
3185 3297 3482 3367 ἐπιπολῆς
3517 3296 3781 3368 σημείωσιν

2197 3388 2307 3447 ἔστι
2347 3391 2447 3465 γὰρ
2497 3391 2635 3444 κατὰ
2681 3390 2858 3459 πάσης
2905 3389 3182 3462 αἱρέσεως,
3238 3383 3592 3464 πρεσϐυτέρας
3633 3403 3680 3436 τε
3716 3377 3782 3433 καί

2199 3481 2486 3552 νεωτίρας.

520 5387 593 5458 (ο)
625 5385 761 5444 Mal.
799 5402 884 5457 ιιι,
918 5386 968 5440 1.
1051 5385 1114 5456 (f)
1146 5385 1366 5443 Coloss.
1400 5403 1464 5457 ιι,
1493 5388 1548 5443 9.

1465 5539 1697 5598 νΑΒιΑι
1733 5541 2119 5600 LECTIONES
2157 5541 2247 5598 ET
2287 5534 2836 5598 CORRECTIONES.

526 5669 572 5708 ⁸ο
597 5665 693 5721 τοῦ
724 5660 1031 5722 δωδεκάτου
1060 5665 1367 5742 προφήτου.
1443 5667 1486 5703 ⁸⁷
1519 5666 1844 5733 οὑσιωθὲντα
1872 5666 2306 5746 προεληλυθέναι
2337 5667 2427 5724 τὸν
2459 5662 2719 5743 Χριστόν.
