4004 6200
221 409 328 465 533

1188 408 1244 458 8.
1284 407 1552 460 MAXIMI
1587 403 1891 460 SCHOLIA
1925 405 1999 458 IN
2039 405 2198 459 ΕΡΡ.
2237 407 2297 459 S.
2336 401 2673 457 DIONYSII.

3535 386 3642 441 534

222 529 428 598 ταύτης
485 527 806 601 ὑπεροῦσιον
851 527 914 581 τὸ
977 521 1322 602 ὑπερϐάλλον
1374 531 1474 593 τῆς
1532 522 1735 596 οὐσίας,
1782 521 1872 577 καὶ

2009 526 2129 580 avit
2153 525 2542 580 divinitatem.
2568 520 2756 588 Hujus
2777 521 2971 571 autem
2999 510 3644 582 supersubstantialitas

225 618 441 695 σοφίας,
474 617 566 671 καὶ
603 613 912 690 δυνάμεως.

301 795 406 852 Καὶ
471 794 604 868 ὑπὲρ
662 795 970 868 ἄνθρωπον.
1032 792 1352 867 Ἀνθρώπου
1412 792 1505 864 μὲν
1557 789 1620 845 τὸ
1681 789 1740 844 έκ
1784 811 1879 864 γυ-

227 884 437 945 ναικός·
477 883 608 957 ὑπὲρ
658 880 941 956 ἄνθρωπον
994 879 1071 949 δὲ,
1105 880 1166 933 τὸ
1212 880 1270 934 ἐκ
1316 880 1602 954 παρθένου.
1635 879 1877 951 Σημείω-

229 993 317 1027 σαι
365 969 445 1044 δὲ,
481 972 564 1025 δτι
617 972 805 1044 γήϊνον
851 970 912 1022 τὸ
961 973 1120 1041 σῶμα
1165 973 1261 1023 τοῦ
1311 973 1565 1044 Χριστοῦ,
1613 969 1697 1022 καὶ
1753 967 1881 1042 οὐχὶ

230 1061 510 1137 οὐράνιον,
543 1059 617 1121 ὥς
646 1079 788 1120 τινες
820 1058 1074 1129 ᾠήθησαν
1108 1059 1171 1113 ⁸⁸.

304 1150 544 1221 Δύναμιν
616 1148 974 1221 ὑπεροχικῆς.
1035 1143 1177 1202 Ἰδοὺ
1251 1143 1340 1198 καὶ
1401 1145 1624 1199 ἐνταῦθα
1684 1143 1885 1218 ὑπερο-

228 1243 410 1314 χικῶς
460 1238 576 1292 εἶπε
623 1237 759 1310 πρὸς
818 1232 1234 1301 ἀντιδιαστολὴν
1289 1238 1396 1287 τῶν
1448 1235 1584 1287 κατὰ
1633 1233 1882 1308 στέρησιν

227 1322 699 1400 λαμϐανομένων.
732 1322 906 1387 Εὐθὺς
958 1321 1015 1377 δὲ
1068 1320 1156 1376 διὰ
1200 1326 1306 1377 τῶν
1358 1321 1710 1397 ἐπαγομένων
1762 1323 1884 1375 ἑαυ-

224 1417 322 1470 τὸν
387 1414 769 1491 ἐφερμηνεύει.
827 1412 894 1468 Τί
965 1410 1022 1466 δέ
1087 1411 1196 1466 ἐστι
1253 1410 1552 1487 κατάφασις
1586 1455 1600 1479 ,
1659 1410 1884 1483 εἷ’πομεν

227 1503 345 1559 ἄνω
396 1503 449 1559 ἐν
490 1508 571 1575 τῷ
625 1501 752 1576 Περὶ
813 1504 1077 1574 μυστικῆς
1123 1497 1432 1574 θεολογίάς,
1482 1497 1763 1574 κεφαλαίῳ
1815 1500 1884 1572 γ’.

225 1599 358 1655 Πῶς
405 1591 463 1648 δε
529 1592 617 1646 ἐπὶ
689 1595 785 1644 τοῦ
858 1590 1054 1662 Κυρίου
1111 1591 1246 1662 ἡμῖν
1305 1591 1484 1658 Ἰησοῦ
1537 1591 1777 1663 Χριστοῦ
1831 1588 1887 1640 αἱ

225 1682 559 1759 καταφάσεις
608 1677 835 1752 δύναμιν
889 1673 1079 1752 ἔχουσι
1128 1675 1503 1751 ὑπερεχούσης
1541 1673 1886 1753 ἀποφάσεως,

225 1772 294 1827 τὰ
356 1770 498 1825 κατὰ
557 1769 878 1844 ἀνθρώπους
934 1766 1220 1842 ἐξηγεῖται.
1273 1765 1339 1819 Ei’
1393 1765 1492 1840 γὰρ
1550 1763 1886 1840 καταφάσκο-

231 1883 330 1935 μεν
365 1861 623 1935 Χριστοῦ,
677 1856 923 1931 λέγοντες
970 1853 1253 1930 ἄνθρωπον
1306 1856 1463 1922 εἴναι,
1515 1854 1602 1908 καὶ
1655 1851 1715 1907 ἐκ
1744 1872 1886 1926 παρ-

227 1949 390 2004 θένου
443 1947 650 2020 μητρὸς
699 1946 811 2000 κατ’
862 1943 1043 1998 οὐσίαν
1098 1943 1280 2016 ἡμῶν.
1334 1940 1481 1996 ἀλλὰ
1508 1940 1889 2016 κεκρυμμένην

229 2035 352 2113 ἔχει
416 2037 508 2091 καὶ
573 2035 705 2109 ὑπὲρ
764 2037 887 2088 νοῦν
948 2034 1047 2100 τήν
1097 2033 1193 2102 τῇς
1261 2029 1578 2107 ἀποφάσεως
1639 2027 1886 2102 δύναμιν.

229 2129 390 2201 Ἑρεῖ
438 2125 541 2201 γὰρ
592 2125 619 2177 ὁ
667 2122 903 2188 ἀκούων,
950 2121 1051 2174 οὐκ
1096 2117 1400 2194 ἄνθρωπος,
1443 2115 1630 2185 ἔπειδή
1662 2117 1721 2171 ἐκ
1749 2138 1894 2193 παρα

228 2219 418 2284 θένου,
469 2211 596 2268 ἀλλ’
650 2213 782 2286 ὑπὲρ
837 2211 1144 2283 ἄνθρωπον,
1196 2208 1240 2262 εἰ
1297 2207 1387 2262 καὶ
1445 2209 1580 2261 κατᾶ
1630 2208 1698 2261 τὰ
1749 2207 1892 2262 ἄλλα

226 2304 549 2381 ἄνθρωπος.
601 2302 908 2376 Ἐξηγεῖται
959 2297 1017 2352 δὲ
1064 2297 1153 2351 καὶ
1201 2300 1384 2365 τοῦτο,
1434 2295 1671 2373 φάσκων,
1705 2296 1786 2348 ὅτι
1831 2297 1892 2349 τὸ

228 2393 418 2468 λέγειν
483 2391 644 2446 αὐτὸν
705 2386 988 2462 ἄνθρωπον
1041 2389 1440 2463 καταφατικῶς,
1499 2388 1658 2438 τοῦτο
1704 2381 1893 2454 δηλοῖ,

229 2482 333 2538 οὐκ
366 2483 510 2537 εἶναι
560 2481 845 2555 ἄνθρωπον
907 2477 1282 2551 ἀποφατικῶς,
1328 2471 1456 2528 ἀλλ’
1505 2473 1640 2548 ὐπὶρ
1687 2468 1893 2544 ἄνθρω-

225 2593 362 2642 πον,
399 2567 660 2641 δηλονότι
690 2565 779 2622 διὰ
806 2565 874 2621 τὰ
904 2569 1105 2640 σημεῖα
1145 2566 1211 2618 τὰ
1239 2562 1506 2640 γινόμενα
1545 2563 1674 2636 παρ’
1703 2562 1891 2617 αὐτοῦ.

303 2766 393 2825 Οὖ
453 2763 590 2820 κατὰ
646 2764 775 2818 Θεὸν
834 2763 903 2817 τὰ
958 2763 1075 2816 θεῖα
1123 2757 1365 2836 δράσας.
1429 2759 1507 2815 Οὐ
1574 2759 1710 2812 κατά
1766 2757 1896 2811 Θεὸν

237 2859 335 2931 μὲν
377 2853 573 2929 δρᾶσαι
599 2853 666 2907 τὰ
697 2857 813 2916 θεῖα
869 2849 1012 2925 λέγει
1063 2850 1153 2904 τὸν
1184 2848 1449 2924 Χριστὸν,
1487 2845 1570 2902 ὅτι
1605 2846 1740 2918 μετᾶ
1769 2865 1898 2920 cap-

232 2947 330 3008 κὸς
364 2944 463 3000 καὶ
497 2943 558 2998 οὐ
590 2947 770 3018 γυμνῇ
801 2945 869 3014 τῇ
921 2939 1158 3009 θεότητιο
1194 2937 1349 3010 ὅμως
1381 2934 1426 2991 δ’
1474 2933 1566 2991 οῦν
1607 2937 1742 2989 Θεῖα·
1777 2933 1900 2988 οὕτε

234 3036 305 3091 τὰ
362 3033 682 3107 ἀνθρώπινα
729 3032 846 3085 κατ’
897 3026 1199 3105 ἄνθρωπον·
1232 3025 1284 3080 ἐν
1337 3025 1548 3096 ἐξουσίᾳ
1586 3024 1688 3100 γὰρ
1722 3025 1899 3090 θεῖκῆ,

239 3123 332 3178 ὅτε
395 3117 706 3186 ἐϐούλετο,
767 3114 951 3178 διδοὺς
1006 3116 1193 3187 καιρὸν
1245 3113 1314 3188 τῇ
1371 3114 1526 3189 σαρκὶ
1581 3112 1649 3167 τὰ
1704 3112 1901 3181 ἑαυτῆς

233 3213 510 3288 ἐνεργεῖν·
563 3208 715 3282 ὅμως
771 3205 816 3261 δ’
867 3204 956 3260 οῦν
1005 3204 1338 3281 ἀνθρώπινα.
1385 3204 1458 3258 Τὸ
1510 3199 1567 3257 δὲ
1607 3198 1901 3276 ἀνδρωθέν-

228 3287 331 3364 τος
407 3295 579 3369 δηλοῖ
643 3297 707 3351 τὸ
767 3295 1312 3365 ένανθρωπήσαντος.
1372 3293 1436 3349 Ἠ
1489 3289 1545 3345 δὲ
1602 3287 1893 3366 θεανδρικὴ

229 3390 488 3464 ἐνέργεια
521 3384 774 3459 σημαίνει
829 3382 969 3448 θείαν
1023 3381 1113 3437 καὶ
1165 3380 1530 3456 ἀνθρωπίνην.
1586 3378 1745 3437 Οὕτω
1790 3379 1893 3453 γὰρ

223 3482 400 3552 ἡμῖν,
432 3477 600 3552 ἤγουν
654 3471 722 3528 δι’
776 3475 946 3546 ἡμᾶς,
997 3470 1086 3525 ἐπὶ
1131 3477 1237 3546 γῆς
1284 3467 1523 3541 δηλαδὴ,
1565 3467 1892 3524 πεπολιτευ-

226 3569 428 3643 μένος,
465 3563 707 3637 ἔδρασεν,
760 3562 834 3624 ὡς
878 3560 1183 3636 πρόκειται,
1215 3561 1281 3614 τὰ
1330 3564 1446 3624 θιῖα
1469 3557 1558 3613 καὶ
1588 3558 1655 3612 τὰ
1684 3557 1894 3630 ἀνθρώ-

224 3678 386 3712 πινα.
445 3652 764 3726 Σημείωσαι
817 3647 875 3704 δὲ
920 3651 1020 3718 τήν
1067 3650 1312 3724 ὑπερφυῆ
1362 3649 1452 3703 καὶ
1495 3645 1766 3724 ἄφραστον
1796 3649 1892 3699 τοῦ

224 3745 442 3821 Κυρίου
498 3741 710 3812 ἕνωσιν,
753 3739 834 3795 ὅτι
884 3737 946 3794 οὗ
1003 3739 1140 3793 κατὰ
1197 3738 1326 3793 Θεὸν
1375 3736 1441 3791 τὰ
1481 3737 1598 3790 θεῖα
1647 3733 1889 3809 ἔδρασεν,

225 3837 319 3910 (ἦν
379 3833 495 3908 γάρ
555 3831 852 3901 ἅνθρωπος)
910 3824 1033 3881 οὔτε
1088 3828 1224 3881 κατὰ
1273 3824 1557 3900 ἄνθρωπον
1588 3825 1654 3877 τά
1682 3823 1892 3898 ἀνθρώ-

226 3945 357 3979 πινα
575 3919 679 3993 γὰρ
723 3916 813 3970 καὶ
868 3914 1041 3989 Θεός).
1086 3917 1245 3979 ’Ὀθεν
1310 3916 1632 3987 θαυμαστῶς
1683 3912 1710 3965 ὁ
1751 3913 1894 3973 θεῖος

227 4010 549 4088 Γρηγόριος
606 4008 632 4060 ὃ
691 4003 951 4080 θεολόγος
1007 4005 1162 4082 φησί,
1219 4001 1554 4078 κιρναμένων
1612 3999 1790 4073 ὥσπερ
1851 4001 1894 4035 ‘9

225 4105 338 4156 τῶν
375 4098 621 4174 φύσεων,
668 4091 812 4149 οὕτω
874 4091 940 4162 δὴ
998 4093 1087 4147 καὶ
1144 4098 1248 4147 τῶν
1302 4091 1551 4162 κλήσεων
1602 4090 1691 4144 καὶ
1740 4109 1894 4164 πιρι-

228 4190 550 4266 χωρουσῶν
595 4183 669 4245 εἲς
723 4181 974 4252 ἀλλήλας
1001 4187 1081 4255 τῷ
1121 4181 1275 4256 λόγῳ
1302 4188 1403 4250 τῆς
1440 4176 1732 4254 συμφυΐας.
1771 4181 1892 4239 Πῶς

229 4264 288 4334 δῖ
330 4264 413 4332 οὗ
478 4273 615 4329 κατὰ
671 4273 799 4327 Θεὸν
859 4272 926 4326 τὰ
981 4272 1097 4325 θεῖα
1167 4267 1299 4345 ἔργα
1353 4267 1622 4338 πεποίηκε
1655 4313 1668 4337 ,
1729 4264 1896 4337 δηλοῖ

224 4367 292 4423 τὸ
351 4365 689 4437 σωματικῶς
745 4359 903 4414 ποσὶν
963 4357 1050 4413 ἐπὶ
1112 4357 1382 4428 θαλάσσης
1443 4353 1699 4432 βαδίσαι·
1761 4358 1894 4410 Θεοῦ

230 4456 329 4530 μὲν
363 4455 474 4531 γὰρ
525 4451 586 4504 τὸ
642 4446 988 4522 σὀμπιλῆσαι
1035 4445 1202 4522 ὕδωρ·
1257 4446 1317 4501 οὗ
1350 4451 1484 4501 Θεοῦ
1529 4443 1586 4499 δὲ
1613 4445 1675 4499 τὸ
1702 4463 1892 4520 σαρκι-

228 4549 352 4606 κοῖς
407 4540 542 4596 ποσὶ
602 4541 992 4614 περιπατῆσαι.
1049 4533 1189 4592 Οὐδὲ
1236 4537 1492 4606 Θεότητος
1543 4534 1670 4607 σάρξ
1710 4530 1891 4586 ποδῶν

228 4632 322 4688 καὶ
388 4633 547 4684 ὀστᾶ.
610 4630 741 4681 Θεοῦ
798 4623 962 4680 πάλιν
1023 4626 1282 4699 παρθένον
1342 4626 1403 4677 τὸ
1451 4624 1596 4678 κύειν
1644 4627 1890 4690 ποιῆσαι·
1928 4645 1974 4709 D

231 4717 366 4776 ἀλλ’
402 4717 470 4772 οὐ
520 4714 777 4781 θεότητος
815 4714 879 4768 τὸ
929 4711 1420 4788 διαμεμορφῶσθαι
1471 4707 1590 4784 ὄψει
1641 4711 1732 4764 καὶ
1780 4713 1898 4770 τοῖς

232 4808 470 4870 λοιποῖς
504 4803 864 4878 ἀνθρωπίνοις
901 4799 1143 4876 μέλεσιν.
1178 4801 1335 4859 Οὕτω
1385 4800 1474 4855 καὶ
1509 4799 1567 4854 ἐκ
1612 4803 1710 4854 τοῦ
1753 4797 1901 4852 ἐναν-

235 4899 365 4952 τίου
415 4895 489 4948 τὰ
531 4891 684 4947 αὐτάο
721 4892 784 4945 οὐ
837 4890 940 4965 γὰρ
989 4891 1125 4944 κατᾶ
1172 4891 1460 4964 ἄνθρωπον
1507 4889 1575 4943 τὰ
1605 4887 1904 4962 ἀνθρώπων

236 4983 530 5054 ἕποίησενο
576 4978 858 5055 ἅνθρωπος
913 4980 1007 5052 μὶν
1065 4980 1167 5054 γάρ
1221 4979 1286 5047 ἦν
1342 4976 1401 5032 ἐκ
1451 4980 1550 5042 τῆς
1609 4973 1904 5042 Παρθένου,

238 5073 373 5130 ἀλλ’
403 5071 472 5126 οὔ
517 5069 656 5125 κατὰ
704 5069 989 5142 ἄνθρωπον
1042 5071 1223 5121 τοῦτο·
1276 5071 1435 5128 ποῖος
1483 5065 1584 5140 γὰρ
1626 5062 1906 5138 ἄνθρωπος

236 5162 298 5219 ἐκ
327 5161 614 5237 παρθένου
649 5185 664 5227 ;
694 5156 866 5212 Πάλιν
896 5159 958 5212 τὸ
991 5157 1118 5211 ποσὶ
1154 5153 1390 5230 βαδίζειν
1424 5153 1712 5230 ἀνθρώπου
1758 5151 1896 5206 ἐστί·

232 5255 296 5308 τὸ
330 5251 393 5307 ὃὶ
427 5248 522 5306 ἐπὶ
554 5245 773 5315 ὕδατος,
806 5245 906 5302 οὐκ
935 5245 1244 5320 ἀνθρώπου’
1280 5249 1439 5306 ποῖος
1469 5244 1568 5318 γὰρ
1620 5239 1909 5316 ἅνθρωπος

236 5345 412 5397 τοῦτο
448 5337 722 5408 πεποίηκε
754 5358 769 5408 ;

1989 619 2079 670 est
2101 614 2422 670 eminentia
2445 608 2788 666 substantiae
2813 610 2869 659 et
2892 601 3193 674 sapientiae
3217 615 3280 654 ac
3311 599 3639 670 potestatis.

2060 705 2124 758 Et
2155 720 2326 774 supra
2359 702 2651 757 hominem.
2690 692 2957 749 Hominis
2989 690 3252 761 quidem,
3285 689 3439 758 quod
3473 686 3548 742 sit
3577 703 3644 740 ex

1993 792 2272 859 muliere;
2309 807 2490 862 supra
2538 785 2842 842 hominem
2887 795 3044 846 vero,
3079 778 3233 848 quod
3268 792 3336 831 ex
3382 774 3640 847 Virgine.

1992 886 2135 936 Nota
2166 886 2360 936 autem
2393 876 2609 935 Christi
2641 889 2852 943 corpus
2882 875 3178 926 terrenum
3215 865 3644 933 exsistere,non

1993 980 2184 1028 autem
2219 973 2474 1036 cmleste,
2503 975 2569 1024 ut
2599 967 2840 1038 quidam
2874 961 3337 1016 exsistimarunt.

2071 1063 2184 1116 Vim
2212 1061 2550 1116 excellentis.
2586 1058 2731 1111 Ecce
2756 1053 2930 1108 etiam
2955 1050 3048 1104 hic
3089 1046 3436 1102 excellenter
3480 1043 3644 1109 dixit,
3670 1063 3677 1070 ε

1993 1153 2064 1208 ad
2109 1151 2496 1206 dill‘erentiam
2547 1162 2747 1201 eorum
2783 1160 2910 1214 quae
2955 1144 3270 1193 sumuntur
3317 1134 3644 1189 secundum

1995 1236 2614 1313 privationem.Statim
2648 1239 2843 1288 autem
2880 1245 2982 1300 per
3012 1243 3078 1280 ea
3107 1241 3233 1294 quae
3266 1224 3646 1293 subjungun-

1994 1311 2109 1396 tur,
2135 1328 2514 1398 semetipsum
2541 1323 2808 1394 explicat.
2842 1317 2988 1382 Quid
3015 1331 3184 1385 porro
3209 1312 3284 1367 sit
3307 1311 3644 1377 afﬁrmatio,

1995 1419 2249 1474 diximus
2299 1432 2479 1488 supra
2506 1416 2578 1468 De
2625 1412 2852 1483 mystica
2899 1405 3164 1474 theologia
3218 1400 3406 1471 capite
3449 1399 3643 1452 tertio.

1995 1507 2104 1562 Sed
2130 1486 2422 1576 quomodo
2458 1503 2514 1556 in
2550 1499 2798 1556 Domino
2826 1498 3024 1550 nostro
3052 1492 3192 1546 Jesu
3223 1486 3452 1544 Christo
3485 1486 3643 1538 affir-

1997 1595 2281 1649 mationes
2315 1593 2426 1646 vim
2471 1589 2727 1644 habeant
2781 1579 3119 1639 excellentis
3169 1573 3518 1643 negationis,
3552 1588 3644 1627 res

1995 1685 2266 1740 humanae
2315 1680 2631 1737 declarant.
2665 1675 2790 1731 Etsi
2843 1673 2999 1728 enim
3055 1667 3355 1726 Christum
3387 1664 3644 1719 afﬁrme-

1995 1790 2152 1838 mus,
2184 1773 2325 1826 dum
2376 1785 2504 1824 esse
2552 1764 2849 1821 hominem
2901 1759 3176 1824 dicimus,
3211 1759 3267 1808 et
3295 1771 3363 1808 ex
3408 1751 3646 1822 Virgine

1998 1868 2182 1917 matre
2213 1859 2538 1916 secundum
2573 1851 2964 1910 substantiam
3005 1850 3289 1912 nostram,
3323 1848 3518 1897 tamen
3552 1857 3646 1896 oc-

1998 1951 2215 2007 cultam
2246 1963 2475 2020 quoque
2526 1945 2717 2006 habet,
2749 1941 2895 1996 301
2934 1951 3182 2005 eamque
3232 1937 3427 1988 mente
3466 1929 3646 1984 subli-

2001 2043 2241 2096 miorem
2274 2035 2604 2110 negationis
2636 2033 2777 2086 vim.
2813 2026 3091 2098 Quisquis
3123 2024 3278 2078 enim
3321 2023 3429 2076 hoc
3460 2018 3646 2084 audit,

2000 2130 2374 2199 dicet,ipsum
2409 2143 2523 2180 non
2557 2121 2886 2194 simplicem
2918 2133 3045 2172 esse
3079 2112 3548 2179 hominem,cum
3582 2126 3650 2163 ex

1995 2219 2238 2290 Virgine
2267 2221 2439 2270 natus
2470 2212 2672 2278 sit,sed
2705 2209 2942 2264 homine
2971 2201 3398 2267 sublimiorem,
3418 2198 3651 2252 etiamsi

2003 2286 2208 2364 caetera
2257 2307 2334 2360 sit
2381 2303 2577 2357 homo.
2634 2297 2892 2368 Explicat
2943 2296 3136 2348 autem
3183 2288 3314 2356 hoc,
3368 2302 3500 2340 cum
3549 2286 3652 2348 ait,

2003 2397 2154 2469 quod
2191 2396 2380 2465 ipsum
2415 2390 2605 2445 dicere
2623 2385 2918 2441 hominem
2964 2378 3331 2439 afﬁrmative,
3363 2373 3652 2445 significet

2003 2487 2196 2558 ipsum
2229 2500 2343 2537 non
2371 2496 2500 2537 esse
2528 2476 2823 2533 hominem
2869 2469 3156 2541 negative,
3193 2466 3291 2520 sed
3326 2479 3506 2533 supra
3550 2463 3652 2517 ho-

2005 2551 2246 2642 minem,
2283 2585 2494 2642 nempe
2526 2570 2759 2639 propter
2791 2561 2959 2631 signa
2989 2574 3116 2642 quae
3149 2555 3222 2610 ab
3254 2554 3380 2624 ipso
3413 2551 3652 2606 fiebant.

2075 2665 2192 2720 Non
2223 2639 2327 2734 oua
2362 2639 2496 2714 Deus
2543 2656 2732 2711 divina
2758 2639 3050 2722 patrabat.~
3083 2645 3232 2700 Dicit
3261 2646 3456 2697 autem
3487 2639 3654 2695 Chri-

2007 2759 2165 2810 stum
2216 2768 2329 2806 non
2363 2765 2479 2820 qua
2529 2751 2710 2799 Deum
2759 2739 2954 2795 divina
3006 2734 3303 2807 perficere,
3335 2729 3475 2800 quia
3518 2745 3653 2783 cum

2006 2858 2201 2908 carne,
2233 2845 2289 2894 et
2320 2817 2433 2893 non
2479 2833 2602 2888 sola
2633 2828 2955 2885 divinitate.
2990 2820 3490 2890 Quemadmodum
3547 2817 3655 2888 igi-

2007 2937 2106 2987 tur
2135 2928 2351 2993 divina,
2385 2925 2468 2981 sic
2517 2938 2620 2976 nec
2653 2920 2911 2974 humana
2955 2910 3282 2968 secundum
3336 2907 3656 2974 hominem,

2009 3019 2290 3093 quoniam
2321 3017 2380 3070 in
2407 3014 2693 3085 potestate
2719 3001 3175 3073 divina,quando
3207 2994 3655 3060 volebat,dando

2010 3115 2245 3180 tempus
2277 3103 2435 3160 carni
2469 3097 2701 3173 propria
2743 3090 3021 3165 operandi
3057 3087 3236 3144 simul
3266 3092 3324 3140 et
3353 3085 3615 3140 humana
3642 3102 3655 3150 ;

2009 3173 2154 3254 illud
2186 3201 2382 3252 autem
2415 3193 2501 3247 vir
2525 3195 2722 3259 factus,
2748 3184 2906 3238 idem
2938 3179 3252 3252 significat,
3277 3174 3432 3246 quod
3463 3173 3659 3228 incar-

1929 3265 1975 3329 ί)
2010 3292 2202 3342 natus.
2237 3280 2526 3339 Deivirilis
2575 3282 2770 3332 autem
2805 3269 3063 3344 operatio
3103 3265 3374 3336 designat
3401 3261 3659 3316 divinam

2005 3374 2182 3433 simul
2215 3379 2270 3429 et
2315 3372 2658 3425 humanam.
2709 3363 2800 3417 Sic
2850 3359 3004 3416 enim
3052 3355 3245 3421 nobis,
3278 3353 3396 3406 sive
3429 3353 3663 3422 propter

2004 3483 2132 3531 nos,
2157 3464 2214 3518 in
2241 3467 2397 3518 terra
2425 3456 2729 3516 nimirum,
2754 3459 3154 3513 conversatus,
3186 3442 3270 3498 uti
3293 3439 3659 3512 propositum

2002 3526 2325 3622 est,'divina
2354 3551 2416 3603 et
2439 3545 2701 3599 humana
2733 3538 2935 3611 gessit.
2973 3534 3214 3588 Adverte
3245 3533 3441 3584 autem
3473 3526 3660 3582 admi-

2003 3641 2249 3698 rabilem
2281 3642 2336 3691 et
2367 3627 2836 3703 inexplicabilem
2888 3620 3116 3678 Domini
3163 3618 3437 3673 unionem
3466 3632 3479 3682 ;
3513 3631 3658 3684 quo-

2003 3731 2159 3787 niam
2192 3743 2308 3782 non
2337 3727 2400 3778 ut
2434 3727 2581 3775 Deus
2615 3717 2810 3772 divina
2854 3709 3039 3784 gessit
3069 3710 3213 3776 (erat
3243 3703 3397 3761 enim
3431 3695 3682 3772 homo),‘

2003 3835 2107 3874 nec
2131 3821 2188 3872 ut
2213 3815 2388 3870 homo
2411 3805 2836 3876 humana(erat
2861 3799 3015 3857 enim
3050 3795 3247 3865 Deus).
3284 3792 3446 3847 Unde
3478 3788 3654 3844 mira-

2001 3907 2198 3963 biliter
2227 3905 2396 3958 divus
2421 3895 2736 3967 Gregorius
2761 3888 3086 3959 Theologus
3117 3884 3217 3949 ait,
3250 3879 3478 3936 naturis
3510 3895 3657 3950 quo-

2003 3993 2316 4052 dammodo
2335 3975 3164 4061 permistis,denominationes
3180 3985 3412 4043 quoque
3428 3972 3660 4038 propter

2005 4089 2246 4141 mutuas
2271 4071 2864 4134 circuminsessiones
2887 4067 3169 4136 cognatas
3191 4077 3319 4116 esse
3358 4062 3485 4127 (seu
3508 4073 3663 4112 com-

2004 4174 2261 4240 munes).
2297 4165 2600 4232 Quomodo
2633 4177 2768 4216 vero
2817 4173 2933 4212 non
2969 4158 3033 4209 ut
3077 4157 3230 4206 Deus
3261 4147 3459 4204 divina
3489 4161 3665 4218 opera

2003 4238 2270 4336 patrarit,
2305 4255 2565 4312 declarat
2594 4247 2845 4320 id,quod
2877 4241 3175 4314 corporeis
3207 4238 3455 4311 pedibus
3486 4252 3665 4306 supra

2005 4323 2165 4408 mare
2199 4344 2519 4403 ambularit
2547 4359 2558 4396 :
2593 4337 2694 4395 Dei
2727 4337 2882 4392 enim
2914 4338 3003 4388 est
3033 4345 3246 4400 aquam
3280 4323 3662 4389 consolidare,

2005 4457 2119 4496 non
2151 4437 2253 4494 Dei
2284 4439 2481 4491 autem
2514 4426 2809 4501 corporeis
2840 4421 3086 4495 pedibus
3108 4413 3431 4473 ambulare.
3464 4411 3665 4482 Neque

2005 4547 2138 4586 caro
2170 4527 2384 4596 pedum
2413 4526 2470 4576 et
2500 4500 2636 4574 ossa
2666 4511 2992 4571 divinitatis
3040 4510 3198 4562 sunt.
3234 4508 3492 4556 Rursum
3522 4500 3661 4554 item

2003 4618 2105 4675 Dei
2138 4592 2225 4672 est
2250 4614 2498 4674 efﬁcere,
2535 4611 2599 4662 ut
2626 4605 2808 4675 Virgo
2841 4598 3065 4673 pariat;
3092 4593 3237 4649 facie
3269 4595 3464 4646 autem
3500 4592 3663 4644 cate-

2012 4708 2210 4777 risque
2260 4698 2542 4756 membris
2575 4691 2853 4749 humanis
2903 4683 3219 4747 etformari,
3258 4697 3370 4735 non
3403 4685 3489 4732 est
3518 4676 3662 4730 divi-

2014 4767 2235 4852 nitatis.
2270 4791 2361 4846 Sic
2392 4787 2565 4845 etiam
2597 4800 2627 4839 e
2660 4783 2886 4836 diverso
2921 4773 3181 4830 vicissim
3215 4771 3337 4824 hazc
3368 4767 3572 4822 eadem
3603 4781 3666 4820 se

2013 4885 2270 4948 habent;
2305 4895 2419 4934 non
2451 4875 2606 4930 enim
2635 4887 2748 4942 qua
2772 4868 2946 4923 homo
2991 4862 3174 4936 gessit
3203 4876 3270 4914 ea
3313 4873 3442 4927 qua:
3473 4854 3664 4910 homi-

2016 4989 2158 5028 num
2193 4964 2653 5037 sunt,siquidem
2688 4960 2861 5014 homo
2891 4957 3014 5009 erat
3043 4967 3110 5006 ex
3143 4948 3374 5018 Virgine
3399 4962 3412 5013 ;
3433 4945 3535 5000 sed
3559 4943 3668 4998 hoc

2019 5079 2134 5119 non
2184 5064 2275 5114 est
2320 5053 2647 5111 secundum
2695 5043 2954 5102 hominis
3006 5037 3422 5095 conditionem.
3472 5031 3671 5097 Qualis

2018 5149 2172 5206 enim
2204 5148 2380 5202 homo
2413 5147 2586 5198 natus
2625 5155 2691 5193 ex
2719 5130 3002 5203 Virgine?
3033 5129 3261 5183 Rursus
3302 5123 3551 5196 pedibus
3583 5120 3673 5174 in-

2019 5240 2224 5296 cedere
2256 5240 2344 5290 est
2394 5228 2649 5287 hominis
2676 5244 2689 5293 ;
2725 5228 2782 5279 at
2812 5236 2992 5292 supra
3022 5231 3258 5288 aquam,
3292 5230 3408 5269 non
3457 5213 3546 5267 est
3577 5208 3678 5265 ho-

2021 5327 2198 5384 minis
2224 5344 2238 5394 ;
2274 5321 2468 5396 qualis
2499 5317 2655 5374 enim
2687 5315 2863 5369 homo
2892 5309 3001 5364 hoc
3033 5304 3215 5361 fecit?

1280 5569 1516 5629 VARIIE
1553 5565 1941 5628 LEGTIONES
1978 5563 2069 5624 ET
2105 5551 2664 5620 GORRECTIONES.

324 5707 374 5742 ⁴³
413 5701 638 5782 ἔφασαν.
715 5696 770 5735 ⁴⁹’
784 5695 948 5760 ὅλως.
