4034 6214
326 342 436 400 535

1155 342 1528 397 APPENDIX
1567 345 1666 398 AD
1705 343 1949 398 OPERA
1987 345 2045 398 S.
2085 343 2399 400 DIONYSII
2434 345 2937 402 AREOPAGITE.

3649 337 3752 394 536

400 467 611 522 Novam
638 464 954 536 quamdam.
1001 464 1183 519 Nemo
1212 465 1270 519 in
1322 465 1756 538 stultiloquium
1789 482 1982 522 erum-
2012 505 2025 532 λ

2167 467 2376 537 Καινήν
2434 488 2575 523 τινα.
2635 465 2881 537 Μηδεῐς.
2940 466 3018 530 είς
3073 462 3421 540 μωρολογίαν
3480 461 3754 534 τραπεὶς,

334 571 483 629 pons
512 553 672 612 dicat
699 553 899 626 ipsum
934 553 1247 608 Dominum
1301 553 1504 609 Jesum
1539 551 1851 627 θεανδρίτην
1899 571 1997 626 ap-

335 643 586 716 pellasse
619 660 632 698 :
667 659 785 698 non
818 641 975 698 enim
1012 637 1388 715 θεανδριτικήν
1418 660 1450 697 a
1479 638 1793 717 θεανδρίτης
1826 643 1993 697 eﬂ‘or-

338 733 575 802 mando,
603 731 700 787 sed
732 726 1051 805 θεανδρικήν
1090 746 1193 785 seu
1247 731 1563 786 deivirilem
1598 731 1994 802 operationem

339 821 505 890 dixit,
524 819 688 892 quasi
721 837 755 875 a
784 820 900 875 Deo
932 836 997 874 ac
1026 819 1149 875 viro
1183 821 1590 892 compositam.
1626 820 1788 875 Unde
1818 822 1994 875 etiam

341 909 520 965 Deum
569 913 738 964 vocat
787 904 1144 982 ἀνδρωθέντα,
1177 908 1235 962 id
1271 915 1358 963 est
1400 909 1582 964 Deum
1633 910 1822 964 virum
1876 910 1996 963 fac-

340 1003 492 1053 tum.
526 998 693 1052 Nunc
744 1001 936 1052 autem
988 997 1140 1052 308
1174 997 1336 1052 illam
1391 997 1826 1053 miscellaneam
1859 1015 1997 1068 ope-

341 1087 627 1142 rationem
686 1085 869 1140 solam
923 1085 1248 1140 deivirilem
1299 1086 1650 1156 appellavit:
1703 1086 1998 1157 siquidem

343 1180 407 1230 ut
436 1174 590 1230 Deus
627 1178 860 1229 tantum
893 1175 1264 1244 operabatur,
1299 1176 1554 1246 quando,
1587 1175 1824 1241 absens,
1857 1174 1998 1230 Cen-

343 1263 596 1319 turionis
648 1262 835 1317 tilium
889 1263 1181 1329 sanabat;
1217 1263 1274 1317 in
1326 1268 1612 1334 quantum
1663 1279 1799 1320 vero
1827 1264 2000 1319 homo

340 1355 570 1407 tantum
604 1351 733 1423 (etsi
779 1351 955 1406 etiam
1011 1351 1166 1406 Deus
1216 1356 1362 1420 erat)
1394 1353 1630 1423 quando
1662 1353 2003 1408 comedebat

343 1446 400 1496 et
427 1441 795 1496 tristabatur.
831 1439 1049 1494 Mistim
1084 1447 1276 1495 autem
1311 1443 1664 1513 operabatur
1695 1440 2001 1514 miracula,

343 1529 510 1585 caecis
555 1529 755 1584 oculos
807 1527 1116 1583 illiniendo
1167 1529 1504 1598 restituens,
1548 1531 2002 1589 hmmorrhousaa

349 1619 572 1673 ﬁuxum
602 1617 727 1673 solo
758 1621 915 1673 tactu
947 1617 1184 1673 sistens.

859 1724 931 1778 IN
974 1724 1370 1780 EPISTOLAM
1411 1727 1477 1782 V.

419 1818 486 1870 In
519 1812 617 1869 hoc
659 1814 897 1869 exsistit.
928 1814 1015 1868 Ad
1050 1812 1498 1884 intelligendum
1529 1816 1585 1870 id
1637 1817 1794 1888 quod
1848 1815 1944 1871 hic
1975 1833 2009 1872 a
2038 1836 2086 1901 Β

351 1903 521 1958 Patre
551 1901 777 1956 dictum
811 1905 922 1970 est,
955 1919 1124 1957 sume
1172 1901 1506 1974 exemplum
1555 1905 1628 1960 ab
1677 1907 1845 1961 oculo
1877 1923 2007 1961 cor-

349 1992 529 2062 poris.
563 1991 722 2055 Quod
756 1990 912 2046 enim
943 1991 1123 2046 efﬁcit
1153 1991 1420 2046 absentia
1465 1992 1735 2061 luminis,
1786 1995 2011 2050 scilicet

349 2080 714 2136 vacationem
747 2095 962 2134 sensus
995 2078 1326 2147 oculorum,
1363 2080 1473 2136 hoc
1502 2082 1680 2136 efﬁcit
1706 2082 2011 2140 intendere

353 2170 464 2226 fixe
493 2168 677 2225 aciem
722 2168 1030 2224 oculorum
1085 2169 1368 2225 adversus
1399 2169 1542 2226 solis
1591 2171 1786 2228 radios
1837 2173 2012 2228 meri-

355 2259 472 2313 die.

857 2345 930 2400 IN
969 2346 1377 2402 EPISTOLAM
1417 2347 1509 2402 VI.

433 2436 582 2492 Fieri
611 2437 760 2490 enim
809 2439 998 2506 potest.
1035 2439 1253 2504 Potest,
1289 2437 1501 2506 inquit,
1549 2437 1844 2509 quispiam
1874 2439 2016 2496 dum

367 2525 520 2581 inter
552 2523 737 2579 multa
767 2523 1144 2596 splendidum
1179 2523 1413 2595 aliquod
1451 2527 1822 2582 mendacium
1857 2544 2019 2595 coar-

366 2614 518 2687 guit,
570 2614 1045 2686 ipsemetavero
1100 2614 1392 2682 aberrare,
1449 2616 1602 2686 quod
1659 2633 1840 2672 unum
1891 2622 2020 2686 est;

371 2702 548 2759 unica
578 2700 736 2757 enim
782 2699 1018 2767 veritas,
1051 2716 1264 2754 arcana
1310 2706 1507 2756 tamen
1539 2709 1775 2774 propter
1817 2705 2022 2776 mysti-

372 2807 501 2848 oam
561 2791 903 2862 dogmatum
957 2787 1427 2860 intelligentiam,
1473 2790 1774 2862 multaque
1831 2794 2025 2850 adhuc

373 2897 509 2938 cum
566 2879 667 2935 Dei
726 2878 915 2950 gratia
973 2894 1122 2948 opus
1180 2879 1354 2933 habet
1408 2879 2026 2952 indagatione;veluti

377 2967 705 3034 Nestorius,
747 2967 889 3021 dum
920 2966 1040 3020 Arii
1074 2965 1532 3039 Apollinariique
1564 2969 1778 3040 placita
1809 2971 2029 3028 convel.

374 3057 464 3128 lit;
502 3055 588 3112 vel
621 3055 719 3111 alii
753 3054 978 3111 similes
1031 3053 1279 3110 aliorum
1315 3057 1624 3122 similium,
1660 3059 1760 3130 qui
1792 3059 1851 3115 in
1883 3059 2029 3116 alias

372 3146 485 3219 ipsi
519 3161 681 3217 aeque
713 3144 1002 3200 absurdae
1035 3143 1284 3199 haereses
1319 3145 1672 3202 inciderunt.
1709 3149 1888 3205 Nemo
1929 3167 2026 3205 au-

371 3241 486 3292 tem
518 3235 658 3290 hinc
687 3233 1041 3300 offendatur,
1065 3231 1407 3290 existimans
1434 3235 1752 3307 improbari
1783 3242 2026 3294 Patrum

374 3324 571 3382 studia
600 3323 657 3378 in
691 3321 978 3377 haereticis
1012 3323 1335 3379 refutandis
1365 3323 1645 3381 collocata
1673 3345 1685 3394 ;
1721 3345 1835 3382 non
1869 3327 2026 3383 enim

375 3413 486 3468 hoc
536 3412 698 3479 dicit,
731 3410 902 3483 quasi
936 3427 1051 3466 non
1101 3411 1432 3467 refellenda;
1463 3418 1520 3469 et
1559 3417 1880 3471 evertendas
1911 3417 2032 3472 sint

379 3499 688 3571 opiniones
722 3499 1061 3571 impiorum,
1094 3499 1411 3571 (quomodo
1461 3503 1619 3558 enim
1651 3503 1912 3575 alioquin
1945 3506 2033 3576 ip-

380 3592 567 3644 semet
597 3588 654 3643 in
682 3587 830 3643 libro
863 3592 940 3644 De
957 3589 1163 3644 divinis
1185 3593 1504 3646 nominibus
1526 3591 1735 3663 Elymaa
1758 3593 2036 3665 dogmata

381 3679 466 3734 sic
516 3677 900 3749 exagitaret?)
928 3679 1028 3733 sed
1080 3696 1194 3733 non
1229 3679 1288 3733 in
1339 3681 1446 3734 hoc
1494 3681 1851 3752 praecipuum
1903 3690 2034 3737 stu-

383 3767 546 3823 dium
580 3768 917 3838 ponendum
951 3773 1174 3830 esse,ut
1201 3773 1402 3822 contra
1433 3769 1576 3825 alios
1594 3770 1950 3837 dicatur,sed
1974 3775 2039 3826 ut

382 3857 612 3912 erudite
642 3860 698 3911 et
727 3859 928 3911 exacte
957 3855 1218 3910 veritatis
1251 3857 1397 3912 ratio
1441 3864 1783 3929 exponetur,
1819 3860 2039 3916 refuta-

383 3944 466 3998 tio
497 3948 694 3999 autem
728 3942 1081 3998 adhibeatur
1109 3949 1315 3999 contra
1347 3945 1776 4015 oppositionem
1809 3949 2042 4004 instan-

384 4031 478 4085 tiae
525 4030 869 4101 impiorum.
903 4032 1088 4086 Aliter
1121 4050 1132 4087 :
1169 4033 1291 4087 Non
1328 4040 1595 4104 oportere
1636 4035 1884 4092 aliorum
1918 4037 2042 4110 opi-

2107 552 2308 628 λεγὲτω
2367 555 2450 610 ὅτι
2509 553 2822 630 θεανδρίτην
2885 555 2976 610 τὸν
3037 555 3236 630 Κύριον
3297 553 3507 622 Ἰησοῦν
3569 570 3749 628 φησιν·

2106 644 2170 698 ού
2229 643 2330 718 γάρ
2390 641 2760 718 θεανδριτικήν
2824 644 2966 697 εἶπεν
3025 643 3131 697 ἀπὸ
3199 646 3295 696 τοῦ
3348 642 3376 695 ὁ
3435 637 3755 713 θεανδρίτης

2107 731 2476 807 σχηματίσας,
2526 731 2672 788 ἀλλά
2727 729 3046 807 θεανδρικήν
3100 731 3392 806 ἐνὲργειαν,
3445 731 3564 782 οἷον
3625 731 3754 782 Θεοῦ

2104 821 2192 875 καὶ
2251 820 2444 894 ἀνδρὸς
2516 819 3012 895 συμπεπλεγμένην
3081 818 3347 894 ἐνέγρειαν
3381 861 3394 873 .
3446 818 3612 873 ’Ὁθεν
3671 817 3754 870 καὶ

2109 906 2446 984 ἀνδρωθέντα
2477 911 2609 988 φησί
2663 911 2789 965 Θεὸν
2832 909 2948 964 ἀντὶ
2998 913 3116 976 τοῦ,
3146 908 3272 963 Θεὸν
3329 903 3499 981 ἄνδρα
3527 904 3754 980 γενόμε-

2106 1019 2216 1054 νον.
2253 1001 2365 1058 Νῦν
2398 997 2455 1053 δὲ
2497 999 2595 1067 τὴν
2654 1000 2852 1071 μικτὴν
2895 998 3165 1073 ἐνέργειαν
3223 996 3394 1070 μόνην
3435 991 3752 1066 θεανδρικήν

2107 1085 2382 1142 ἐκάλεσεν·
2444 1087 2710 1164 ἐνήργησε
2769 1095 2862 1160 μὲν
2924 1087 3026 1161 γὰρ
3087 1086 3162 1148 ὡς
3234 1085 3360 1146 Θεὸς
3422 1084 3617 1156 μόνον,
3674 1081 3756 1136 ὅτε

2109 1176 2260 1231 ἀπὼν
2320 1177 2410 1230 τὸν
2467 1181 2563 1231 τοῦ
2622 1175 3026 1252 ἑκατοντάρχου
3074 1171 3241 1228 παῖδα
3302 1174 3508 1227 ίάσατο’
3562 1172 3638 1232 ὡς
3679 1172 3758 1225 ἀν-

2111 1265 2331 1338 θρωπος
2381 1262 2439 1319 δὲ
2491 1265 2678 1337 μόνον,
2710 1265 2756 1318 εἰ
2808 1265 2898 1318 καὶ
2947 1265 3074 1325 Θεὸς
3119 1265 3204 1332 ἦν,
3239 1262 3290 1316 ἐν
3335 1266 3415 1333 τῷ
3445 1260 3645 1324 ἐσθίειν
3675 1259 3756 1314 καὶ

2112 1352 2416 1408 λυπεῖσθαι.
2480 1357 2698 1414 Μικτῶς
2757 1350 2813 1407 δὲ
2878 1352 3144 1428 ἐνήργησε
3197 1352 3265 1406 τά
3317 1351 3611 1422 θαύματα,
3669 1369 3756 1402 τυ-

2111 1439 2277 1519 φλοῖς
2330 1441 2651 1519 ὀφθαλμοὺς
2705 1439 2794 1496 διὰ
2837 1461 3074 1516 χρισεως
3127 1437 3504 1514 δημιουργῶν,
3535 1439 3628 1493 καὶ
3666 1445 3760 1506 τῆς

2111 1529 2520 1606 αἱμορῥοούσης
2551 1534 2620 1604 τῇ
2650 1532 2758 1607 ἀφῇ
2791 1527 3104 1586 συστέλλων
3133 1530 3231 1598 τήν
3265 1527 3438 1605 ῥύσιν.

2516 1733 2630 1786 ΕΙΣ
2660 1729 2795 1784 ΤΗΝ
2828 1727 3237 1785 ΕΠΙΣΤΟΛῙΙΝ
3269 1726 3347 1782 E'.

2183 1819 2274 1874 Ἐν
2335 1816 2514 1888 τούτῳ
2570 1817 2804 1890 γίγνεται
2839 1858 2852 1872 .
2912 1816 2990 1872 Τὸ
3062 1813 3348 1889 εἲρημᾶνον
3411 1811 3639 1876 ἰνταῦθα
3690 1816 3770 1884 τῷ

2117 1905 2288 1979 Πατρὶ
2321 1900 2456 1961 λαϐὲ
2490 1925 2581 1977 μοι
2633 1904 2738 1959 ἀπὸ
2787 1901 3184 1979 ὑποδείγματος
3210 1906 3308 1956 τοῦ
3351 1903 3488 1956 κατὰ
3533 1902 3629 1956 τὸν
3662 1922 3772 1955 σω-

2121 1994 2346 2067 ματικὸν
2395 1993 2700 2071 ὀφθαλμόν.
2732 1995 2905 2064 Ὅπερ
2954 1991 3058 2066 γὰρ
3105 1997 3253 2045 ποιεῖ
3283 1990 3464 2064 φωτὸς
3509 1989 3771 2060 ἀπουσία,

2119 2080 2496 2158 ἀνενεργησίαν
2563 2086 2672 2136 τῶν
2751 2082 2990 2135 ὁπτικῶν
3049 2077 3330 2151 δυνάμεων
3384 2077 3721 2154 ἐργαζομένη
3757 2121 3771 2146 ,

2119 2175 2280 2226 τοῦτο
2320 2169 2408 2225 καὶ
2458 2173 2491 2239 ἡ
2541 2171 2680 2245 πρὸς
2726 2167 2889 2238 ἥλιον
2937 2168 2989 2224 ἐν
3043 2162 3363 2243 μεσημϐρίᾳ
3391 2166 3587 2237 ἀτενὴς
3633 2167 3775 2222 ἀπό-

2123 2255 2318 2334 ϐλεψις
2349 2259 2627 2315 ἀποτελεῖ.

2533 2350 2648 2405 ΕΙΣ
2682 2353 2814 2403 ΤΗΝ
2849 2349 3259 2405 ΕΙΙΙΣΤΟΑΗΝ
3289 2349 3354 2411 ς’.

2198 2437 2428 2491 Δυνατὸν
2477 2437 2576 2510 γὰρ
2625 2437 2735 2493 καί.
2789 2436 3037 2505 Δύναται,
3087 2440 3251 2514 φησί,
3304 2436 3388 2499 τὶς
3434 2433 3490 2490 ἐτ
3539 2433 3780 2495 πολλοῖς

2125 2527 2392 2604 προφανὲς
2441 2523 2636 2599 ψεῦδος
2698 2523 2970 2601 ἐλέγχων,
3023 2526 3182 2588 αὐτὸς
3243 2523 3628 2600 διαμαρτάνειν
3683 2529 3780 2578 τοῦ

2129 2615 2390 2685 ἀληθοῦς,
2449 2613 2581 2688 ὅπερ
2655 2614 2709 2668 ἓν
2783 2617 2929 2687 [οὐκ]
3005 2613 3135 2669 ἐστι’
3213 2614 3310 2687 μία
3383 2613 3483 2688 γάρ
3541 2612 3690 2668 ἐστιν
3746 2615 3778 2681 ἡ

2131 2702 2382 2774 ἀλήθεια,
2440 2703 2666 2780 κρύφιον
2731 2701 2788 2758 δὶ
2841 2701 2930 2758 διὰ
2985 2704 3046 2758 τὸ
3108 2702 3364 2776 μυστικὸν
3422 2706 3534 2756 τῶν
3573 2699 3780 2778 δογμά⁹

2129 2813 2261 2860 των,
2308 2790 2398 2846 καὶ
2451 2789 2672 2860 πολλῆς
2728 2790 2948 2865 ἐρεύνης
3008 2791 3141 2863 μετὰ
3188 2798 3288 2860 τῆς
3339 2789 3482 2851 θείας
3524 2785 3779 2862 δεόμενον

2137 2882 2383 2956 χάριτος·
2419 2879 2532 2934 οἷον
2566 2879 2856 2956 Νεπόριος
2887 2879 2955 2934 τά
2987 2879 3202 2956 Ἀρείου
3231 2880 3321 2934 καὶ
3353 2875 3782 2950 ’Δπολλιναρίου

2137 2967 2410 3038 διασείων,
2441 2969 2476 3038 ἢ
2508 2966 2687 3042 ἕτεροι
2716 2973 2960 3023 τοιοῦτοι
2994 2967 3200 3042 ὁμοίων
3234 2968 3453 3039 ἑτέρων,
3485 2965 3565 3028 είς
3606 2967 3784 3040 ἑτέρας

2138 3058 2372 3120 ἀτόπους
2426 3057 2656 3130 αἱρέσεις
2714 3056 2962 3112 ἐνέπεσον
3001 3101 3013 3114 .
3075 3054 3286 3127 Μηδεὶς
3345 3054 3403 3112 δὲ
3457 3053 3520 3111 ἰκ
3574 3055 3782 3110 τούτων

2137 3148 2561 3224 παρακρουέσθω
2593 3191 2606 3216 ,
2656 3141 3068 3210 ἀποϐάλλεσθαι
3120 3147 3187 3200 τά
3241 3144 3380 3200 κατὰ
3434 3148 3544 3199 τῶν
3609 3145 3787 3219 ἑτερο-

2139 3233 2308 3308 δόξων
2361 3238 2656 3309 πονήματα
2701 3240 2808 3291 τῶν
2865 3237 3138 3309 ΠατέρωΨ
3198 3235 3260 3290 οὐ
3291 3235 3395 3310 γάρ
3433 3233 3599 3289 τοῦτό
3657 3252 3784 3307 φησι

2135 3325 2198 3380 τὸ
2260 3327 2335 3397 μὴ
2370 3320 2644 3401 ἐιλὲγχειν
2706 3324 2795 3379 καί
2842 3324 3157 3398 ἀνατρέπειν
3228 3324 3324 3384 τὰς
3397 3327 3502 3376 τῶν
3579 3316 3781 3376 ἀσεϐῶν

2141 3413 2320 3484 δόξας,
2369 3413 2509 3488 (ἐπεὶ
2557 3419 2672 3475 πῶς
2724 3413 2882 3476 αὐτὸς
2915 3412 2966 3468 ἐν
3012 3418 3092 3486 τῷ
3119 3413 3247 3487 Περὶ
3299 3413 3457 3476 θείων
3502 3410 3784 3482 ὀνομάτων

2141 3503 2380 3582 φαίνεται
2437 3503 2505 3557 τά
2553 3507 2649 3557 τοῦ
2703 3501 2914 3575 Ἑλύμα
2963 3499 3295 3557 διασαλεύων
3330 3506 3370 3570 ;)
3399 3499 3531 3555 ἀλλ’
3587 3499 3671 3553 ὅτι
3723 3495 3787 3551 ού

2143 3594 2257 3668 χρή
2289 3591 2423 3646 κατά
2453 3591 2868 3666 προηγούμενον
2925 3589 3092 3666 λόγον
3146 3589 3220 3651 εἰς
3264 3594 3426 3644 τοῦτο
3471 3587 3792 3662 ἐνασχολεῖ-

2147 3683 2286 3749 σθαι,
2317 3680 2378 3736 τδ
2410 3682 2526 3744 καθ’
2573 3681 2766 3757 ἑτέρων
2824 3679 3027 3756 λέγειν,
3059 3677 3203 3734 ἀλλά
3253 3675 3660 3739 διδασκαλικῶς
3704 3676 3793 3730 τὸν

2145 3777 2246 3839 τῆς
2305 3767 2566 3839 ἀληθείας
2635 3768 2927 3833 ἐκτίθεσθαι
3006 3768 3174 3843 λόγον
3247 3762 3675 3842 ἠκριϐωμένως,
3730 3763 3796 3837 τῇ

2150 3858 2460 3934 ἀντιρῥήσει
2522 3855 2578 3912 δὲ
2634 3859 2770 3912 κατά
2814 3857 3124 3932 περίστασιν
3188 3858 3232 3893 ³9
3287 3858 3388 3924 τῆς
3431 3858 3541 3909 τῶν
3597 3848 3802 3908 ἀσεϐῶν

2152 3948 2557 4009 ἐπαναστάσεως
2611 3949 2873 4022 χρῆσθαι.
2935 3944 3200 4008 Ἀλλως·
3253 3946 3376 4002 ’Ὁτι
3447 3943 3510 3997 οὐ
3572 3938 3658 3996 δεῖ
3713 3942 3804 4003 τὰς

2149 4037 2261 4090 τῶν
2291 4036 2483 4111 ἑτέρων
2515 4033 2671 4106 δόξας
2722 4029 3066 4107 διαϐάλλειν,
3117 4030 3261 4087 ἀλλά
3297 4033 3396 4101 τήν
3430 4027 3574 4085 ἰδίαν
3602 4027 3806 4105 κράτύ-

387 4118 596 4174 niones
626 4119 902 4187 refutare,
938 4121 1037 4176 sed
1073 4137 1240 4176 suam
1285 4123 1546 4177 stabilire
1576 4143 1589 4192 ;
1625 4142 1814 4196 neque
1843 4137 2025 4182 contr:

2151 4143 2278 4181 νειν’
2323 4122 2380 4180 ἀ)
2399 4124 2449 4180 λ’
2481 4125 2605 4180 οὐδὲ
2653 4125 2789 4180 κατά
2837 4122 2996 4194 δόξης
3028 4122 3063 4192 ἢ
3115 4122 3402 4198 θρησκείας
3454 4121 3558 4175 οὐκ
3599 4119 3809 4195 ἀγαθῆς

385 4205 729 4278 opinionem
781 4211 882 4261 aut
931 4207 1181 4276 cultum,
1213 4210 1312 4281 qui
1349 4211 1503 4266 haud
1561 4213 1750 4270 bonus
1780 4219 2044 4288 apparet,

2155 4215 2484 4292 φαινομένης
2515 4213 2763 4288 γράφειν,
2786 4210 2913 4268 ἀλλ’
2937 4212 3071 4285 ὑπὲρ
3095 4209 3377 4280 ἀληθείας.
3411 4213 3532 4270 Πῶς
3565 4204 3623 4263 δὶ
3644 4204 3808 4262 τοῦτό

388 4295 491 4352 sed
526 4311 632 4366 pro
665 4294 909 4350 veritate
939 4295 1311 4353 scribendum
1345 4314 1491 4355 esse.
1524 4304 1819 4364 Quomodo
1850 4308 2025 4360 auten

2157 4324 2344 4380 φησιν,
2376 4305 2411 4372 ἡ
2441 4303 2561 4375 ἑξῆς
2592 4299 2853 4370 ἐπιστολή
2885 4300 3186 4374 σαφηνίζει.

392 4384 503 4440 hoc
535 4383 847 4456 intelligat,
874 4383 1123 4456 epistola
1152 4386 1428 4459 deinceps
1458 4390 1734 4446 declarat.

463 4474 578 4528 Pro
609 4473 867 4529 veritate.
897 4473 1145 4530 Advorte
1174 4491 1309 4530 vero
1359 4493 1464 4530 cur
1512 4493 1614 4548 pro
1664 4479 1903 4535 veritate
1952 4496 2046 4535 so-

396 4562 519 4618 lum
553 4561 933 4618 scribendum
966 4563 1063 4629 sit,
1095 4567 1152 4618 et
1181 4580 1294 4619 non
1329 4573 1531 4620 contra
1561 4567 1729 4622 alios.

731 4711 736 4715 ς
783 4671 935 4726 309
979 4671 1051 4726 IN
1092 4671 1503 4729 EPISTOLAM
1544 4676 1666 4729 VII.

470 4760 498 4826 §
528 4760 572 4814 Ι.
606 4757 839 4814 Sanctus
871 4757 964 4813 hic
996 4757 1351 4831 Polycarpus
1401 4760 1661 4832 Smyrnae
1690 4761 1746 4816 in
1783 4763 1918 4819 Asia
1948 4764 2058 4820 fuit

399 4845 733 4919 episcopus,
760 4851 818 4904 et
838 4845 1166 4920 discipulus
1188 4849 1376 4904 sancti
1396 4849 1642 4905 Joannis
1663 4851 2052 4925 evangelista,

410 4934 496 4989 uti
525 4940 778 4992 testatur
808 4937 1062 4992 lrenzeus
1093 4935 1244 4992 libro
1276 4938 1444 4993 tertio
1498 4939 1762 4995 Adversus
1790 4942 1925 5010 falsi
1953 4959 2054 4999 no-

399 5024 1242 5098 γηίηἰεδιιιεηιίαγηεωσιιιγνὶυω
1261 5030 1451 5080 autem
1473 5044 1569 5096 per
1584 5027 1774 5098 ignem
1792 5045 2056 5086 consum-

404 5113 606 5168 mavit.
637 5112 881 5170 Divinus
911 5113 1007 5169 hic
1038 5113 1389 5186 Polycarpus
1423 5118 1661 5186 scripsit
1690 5117 1864 5173 etiam
1898 5119 2054 5190 epis-

401 5202 552 5260 tolas
611 5205 684 5261 ad
744 5205 1172 5276 Philippenses.
1205 5206 1476 5262 Continet
1527 5213 1722 5262 autem
1771 5209 1889 5265 haec
1933 5211 2055 5282 epi-

401 5292 553 5349 stola
598 5293 756 5350 heati
805 5293 1065 5366 Dionysii
1128 5295 1314 5353 multa
1371 5295 1720 5353 admiranda
1764 5299 2053 5372 prodigia,

2233 4482 2390 4556 Ὑπὶρ
2424 4480 2704 4552 ἀληθείας.
2739 4480 3052 4553 Σημείωσαι
3084 4477 3142 4533 δὲ
3172 4475 3261 4533 διά
3287 4477 3339 4532 τί
3383 4475 3514 4551 ὑπὲρ
3545 4474 3814 4546 ἀληθείας

2081 4557 2128 4622 D
2162 4573 2328 4646 μόνον
2363 4571 2749 4647 συγγραπτὲον,
2783 4569 2844 4624 ού
2881 4571 2989 4643 μὴν
3020 4570 3137 4632 καθ’
3169 4568 3384 4642 ἒτὲρων.

2573 4679 2685 4735 ΕΙΣ
2717 4681 2860 4734 ΤΗΝ
2893 4675 3292 4733 ΕΗΙΣΤΟΛΠΝ
3325 4673 3393 4730 Z'.

2236 4773 2264 4839 §
2296 4770 2336 4826 Ι.
2359 4768 2422 4826 Ὁ
2441 4769 2590 4843 ἅγιος
2613 4765 2769 4828 οὗτος
2795 4763 3156 4839 Πολύκαρπσς
3185 4763 3440 4836 Σμύρνης
3456 4765 3561 4829 τῆς
3579 4758 3632 4815 ἐν
3659 4758 3820 4830 Ἀσίᾳ

2165 4857 2378 4931 γέγονεν
2437 4854 2755 4926 ἐπίσκοπος,
2814 4854 3086 4928 ἀκροατὴς
3143 4853 3434 4927 γενόμενος
3486 4851 3586 4903 τοῦ
3659 4846 3819 4922 ἁγίου

2162 4945 2420 5002 Ἰωάννου
2474 4949 2572 4999 τοῦ
2619 4941 3026 5018 εὐαγγελιστοῦ,
3081 4940 3153 5002 ὥς
3210 4960 3372 5018 φησιν
3422 4935 3724 5012 Είρηναῖος
3766 4935 3817 4990 ἓν

2165 5040 2245 5106 τῷ
2273 5035 2444 5109 τρίτῳ
2507 5028 2708 5108 βιϐλίῳ
2761 5037 2869 5087 τῶν
2929 5033 3080 5087 Κατά
3125 5037 3226 5098 τῆς
3273 5025 3637 5102 ψευδωνύμου
3668 5026 3818 5101 γνώ-

2167 5143 2319 5185 σεως·
2403 5121 2492 5178 καὶ
2581 5121 2864 5197 μαρτυρίῳ
2915 5117 3009 5177 ,δὲ
3093 5117 3385 5186 ἐτελειώθη
3464 5113 3554 5171 διὰ
3623 5113 3820 5189 πυρός.

2165 5213 2324 5286 Ἔχει
2385 5208 2442 5266 δὶ
2497 5211 2587 5265 καὶ
2645 5207 2936 5273 ἐπιστολὰς
2986 5209 3014 5263 ὁ
3045 5207 3207 5268 αὐτὸς
3255 5208 3399 5267 θεῖος
3449 5202 3822 5277 Ιῐολύκαρπος

2165 5301 2300 5374 πρὸς
2331 5298 2762 5371 Φιλιππησίους.
2795 5298 3046 5374 Περιὲχεί
3080 5293 3136 5351 δὲ
3163 5297 3197 5366 ἡ
3236 5297 3332 5350 τοῦ
3388 5291 3659 5368 μακαρίου
3693 5300 3824 5347 Διο-

1407 5521 1649 5579 VARIIE
1688 5523 2080 5584 LEGTIONES
2120 5523 2208 5582 ET
2245 5523 2809 5584 CORRECTIONES.

479 5643 525 5681 ³ο
551 5645 906 5723 παράστασιν.
