4034 6214
209 395 311 452 537

1157 400 1219 453 Β.
1260 399 1535 452 MAXIM!
1575 397 1882 453 SCHOLIA
1919 396 1996 452 IN
2031 397 2188 450 EPP.
2232 398 2292 451 Β.
2335 397 2679 452 DIONYSII.

3514 398 3626 456 538

211 515 397 572 νυσίου
423 514 562 586 αὕτη
595 515 861 586 ἐπιστολή
900 515 1088 572 πολλὰ
1138 519 1420 589 θαυμαστὰ
1466 518 1556 572 καὶ
1604 518 1724 587 ξένα
1770 515 1859 572 ἐπὶ

1985 533 2101 590 quas
2153 517 2210 572 in
2266 517 2474 588 eclipsi
2524 516 2628 574 illa
2675 517 2853 576 solari
2910 523 3171 592 tempore
3228 522 3626 582 cruciﬁxionis

207 609 275 679 τῇ
301 607 438 660 κατά
465 606 558 660 τὸν
591 607 818 680 σταυρὸν
851 606 947 661 τοῦ
980 611 1214 681 Χριστοῦ
1246 605 1454 679 ήλιακῇ
1493 603 1751 678 ἐκλείψει.

279 693 764 769 Ἐξελεγχθήσεται
799 738 814 752 .
873 694 1022 752 Κατὰ
1095 699 1281 749 κοινοῦ
1326 695 1389 749 τὸ
1446 691 1806 769 ὲξελεγχθήσε
1834 725 1859 736 -

210 804 294 838 ται
323 784 388 820 ³⁸·
426 781 571 838 οὕτω
609 783 710 857 γὰρ
759 783 850 838 καὶ
898 785 933 852 ἡ
990 783 1254 853 σύνταξις.
1301 781 1570 856 [Εἴδωλον
1625 781 1741 838 ἀντὶ
1763 787 1861 838 τοῦ

219 871 496 946 μίμημαο]

277 963 402 1030 δη.
436 961 541 1017 Τὸν
574 961 836 1038 σοφιστὴν
871 959 1285 1038 Ἀπολλοφάνη.
1328 961 1459 1033 Περὶ
1509 958 1860 1038 Ἀπολλοφά-

210 1068 334 1111 νους
384 1053 482 1103 τοῦ
527 1053 806 1118 σοφιστοῦ,
857 1048 1074 1123 ἑταίρου
1120 1049 1406 1125 γεγονότος
1457 1054 1555 1105 τοῦ
1610 1049 1860 1124 μεγάλου

214 1136 519 1206 Διονυσίου,
565 1138 657 1192 καὶ
717 1135 1102 1212 λοιδοροῦντος
1163 1139 1348 1208 αὑτὸν,
1409 1137 1482 1200 ὠς
1542 1145 1860 1213 Χριστιανὸν

206 1222 520 1302 γενόμενον,
553 1228 642 1281 καὶ
673 1229 792 1290 καθ’
821 1226 1103 1296 Ἑλλήνων
1155 1226 1405 1301 λέγοντα”
1447 1227 1536 1283 καὶ
1567 1227 1671 1302 γὰρ
1702 1229 1789 1282 καὶ
1824 1230 1858 1298 ἡ

209 1315 521 1391 ἀνθρωπίνη
555 1314 714 1393 σοφία
740 1315 800 1370 έκ
828 1320 961 1373 Θεοῦ
988 1315 1146 1373 ἐστιν.

281 1405 382 1461 Καὶ
437 1403 500 1459 οὔ
555 1405 655 1474 τὴν
708 1409 815 1459 τῶν
866 1403 1118 1461 πολλῶν.
1161 1405 1237 1460 Τὸ
1284 1405 1446 1479 ῥητὸν
1498 1402 1641 1460 οὕτω
1674 1426 1859 1460 συντα-

206 1495 383 1549 κτέον·
421 1493 525 1551 Καὶ
555 1495 620 1549 οὗ
649 1495 748 1562 τὴν
779 1497 885 1548 τῶν
916 1491 1148 1548 πολλῶν
1182 1488 1349 1569 ἔγωγε
1379 1493 1528 1569 λέγω
1559 1491 1712 1565 δόξαν
1753 1499 1863 1548 τῶν

209 1582 509 1658 προσύλως
563 1583 654 1638 καὶ
715 1583 976 1655 ἐμπαθῶς
1035 1582 1476 1656 έναπομενόντων
1561 1590 1678 1645 τοῖς
1752 1587 1861 1639 τῶν

210 1675 457 1742 ποιητῶν
489 1669 676 1747 λόγοις
703 1673 737 1743 ἢ
770 1671 984 1731 πάθεσι.

279 1763 366 1833 Τῇ
400 1759 505 1835 γὰρ
550 1765 660 1816 τῶν
708 1756 877 1816 ὄντων
931 1762 1150 1836 γνώσει.
1198 1765 1322 1819 Τῶν
1373 1758 1542 1817 ὄντων
1583 1762 1783 1836 γνῶσιν
1815 1764 1860 1798 ⁵³

211 1847 459 1922 ἐκάλεσε,
506 1849 569 1904 τὸ
617 1849 1078 1924 έπιτετηρημένον
1123 1857 1223 1919 τῆς
1278 1853 1546 1922 κινήσεως
1600 1855 1706 1907 τῶν
1769 1849 1860 1906 οὗ·

211 1939 431 2014 ρανίων,
489 1938 579 1992 καὶ
634 1940 734 2007 τὴν
795 1939 1022 2013 θεωρίαν
1079 1944 1187 1994 τῶν
1248 1937 1435 1994 ἄλλων
1479 1943 1581 2004 τῆς
1635 1940 1863 2002 κτίσεως

212 2033 419 2101 μερῶν,
481 2027 616 2083 κατὰ
666 2029 759 2083 τὸν
817 2025 912 2083 ἕνα
963 2030 1060 2084 τὸν
1113 2032 1212 2094 τῆς
1260 2029 1447 2106 σοφίας
1495 2031 1541 2066 ⁵³
1591 2027 1719 2103 ὅρον
1767 2028 1860 2084 τὸν

210 2114 464 2191 λέγοντα,
514 2120 706 2193 γνῶναι
756 2116 823 2172 τὰ
874 2113 1001 2172 ὄντα
1049 2116 1086 2192 ᾖ
1131 2113 1260 2172 ὄντα
1305 2115 1434 2175 ἐστί.
1467 2121 1571 2172 Τοῦ
1611 2115 1891 2174 δὲἈπο-“

209 2205 412 2261 στόλου
443 2208 478 2276 ἡ
529 2207 711 2284 φωνὴ,
738 2211 818 2277 τῷ
866 2205 1036 2262 ετ’πεῖν
1086 2204 1139 2261 έν
1169 2209 1238 2280 τῇ
1271 2214 1315 2260 α’
1343 2206 1478 2280 πρὸς
1516 2208 1861 2280 Κορινθίους’

208 2292 434 2364 Ἐπειδή
494 2295 598 2370 γὰρ
658 2293 710 2349 έν
769 2299 838 2369 τῇ
901 2294 1063 2372 σοφίᾳ
1117 2299 1213 2350 τοῦ
1289 2294 1424 2350 Θεοῦ
1482 2295 1581 2350 οὐκ
1635 2289 1776 2370 ἔγνω
1834 2296 1863 2350 ὁ

209 2383 418 2457 κόσμος
493 2381 582 2438 διὰ
656 2387 756 2453 τῆς
820 2383 1011 2462 σοφίας
1085 2384 1176 2439 τὸν
1237 2386 1404 2440 Θεόν·
1467 2386 1707 2440 τουτέστι
1765 2388 1865 2449 τῆς

211 2472 622 2551 ἐμφαινομένης
697 2478 776 2546 τῷ
852 2471 1162 2548 ἐναρμονίῳ
1235 2474 1325 2528 καὶ
1389 2477 1706 2548 τεταγμένῳ
1761 2476 1863 2537 τῆς

210 2561 460 2630 κτίσεως,
492 2567 654 2616 τοῦτο
713 2569 926 2632 συνῆκε.
990 2562 1308 2636 Σημείωσαι
1369 2561 1482 2630 οῦν,
1539 2561 1621 2618 δτι
1670 2564 1705 2631 ἢ
1753 2565 1861 2616 τῶν

211 2647 384 2704 ὄντων
438 2655 636 2725 γνῶσις
695 2650 991 2728 φιλοσοφία
1042 2650 1280 2726 λέγεται,
1340 2653 1430 2706 καὶ
1481 2651 1604 2706 τίνα
1648 2649 1863 2706 καλεῖὸ

211 2736 548 2801 ’Δπόστολος
622 2739 674 2794 έν
750 2744 817 2812 τῇ
904 2742 950 2794 α’
1029 2741 1170 2816 πρὸς
1263 2730 1584 2817 Κορινθίους
1671 2741 1861 2818 σοφίαν

211 2833 366 2884 Θεοῦ.
405 2829 560 2901 [Eine
587 2830 687 2903 γὰρ
720 2829 770 2884 έν
804 2831 953 2904 ἀρχῆ
996 2832 1086 2885 τὸν
1120 2831 1346 2901 σκοπὸν,
1379 2829 1449 2886 δι’
1496 2831 1554 2886 ὃν
1597 2829 1720 2886 οὕτε
1747 2831 1865 2895 καθ⁹

210 2915 522 2988 Ἑλλήνων,
556 2915 678 2973 οὔτε
707 2921 824 2983 καθ’
865 2920 1062 2996 ἑτέρων
1095 2922 1471 2996 συνέγραψεν.]

277 3093 436 3150 Ἔδει
520 3093 752 3151 συνιδεῖν
833 3097 926 3152 τὸν
1011 3095 1404 3176 Ἀπολλοφάνη
1452 3141 1464 3154 .
1549 3099 1684 3155 Ἀπὸ
1756 3101 1864 3152 τῶν

213 3187 340 3260 παρ’
392 3184 662 3254 Ἕλλησιν
697 3183 1162 3260 ὁμολογουμένων
1193 3188 1293 3255 τὴν
1325 3183 1561 3256 διάταξιν
1601 3191 1700 3242 τοῦ
1731 3187 1866 3242 πάν-

212 3293 316 3327 των
382 3271 559 3328 αῗτίου
617 3279 751 3329 Θεοῦ
809 3275 1208 3347 παρατίθεται,

215 3362 359 3433 ἄξιον
423 3362 708 3437 ἐπιγνῶναι
755 3365 846 3418 τὸν
898 3369 1112 3419 πάντων
1166 3365 1426 3439 ὁροθέτην
1474 3366 1626 3435 Θεὸν,
1677 3365 1735 3418 ἐκ
1769 3369 1868 3419 τοῦ

213 3451 305 3507 τὸν
339 3450 509 3521 ἥλιον
555 3453 646 3508 καὶ
689 3454 788 3522 τὴν
845 3453 1082 3524 σελήνην
1129 3453 1258 3516 τοὺς
1297 3451 1742 3530 διατεταγμένους
1767 3460 1868 3522 τῆς

215 3539 431 3616 ἡμέρας
461 3535 610 3616 ἔχειν
643 3540 825 3616 ὅρους,
856 3541 943 3596 καὶ
992 3546 1072 3614 τῷ
1101 3541 1260 3596 παντὶ
1291 3546 1388 3596 τοῦ
1419 3541 1647 3614 οὐρανοῦ
1682 3540 1871 3613 κύκλῳ

219 3629 626 3701 συμπεριθέειν,
682 3631 960 3685 τουτέστιν
1020 3629 1071 3700 ἐξ
1130 3628 1410 3685 ἀνατολῶν
1470 3629 1557 3685 ἐπὶ
1612 3628 1818 3702 δυσμάς
1853 3671 1869 3686 .

214 3716 341 3774 Εἴτε
377 3719 457 3790 μή
508 3720 996 3796 συμπεριφέροιντο
1027 3724 1106 3792 τῷ
1135 3719 1448 3793 περιέχοντι
1482 3717 1676 3779 αὐτοὺς
1708 3719 1870 3793 οὐρα-

215 3812 314 3878 νῷ,
345 3811 447 3861 τοῦ
477 3807 572 3878 μὲν
607 3807 839 3882 οὐρανοῦ
869 3807 958 3862 καὶ
1005 3815 1106 3878 τῆς
1136 3807 1410 3869 ἀπλανοῦς
1460 3811 1566 3862 τῶν
1600 3808 1867 3878 ἀκινήτων

215 3895 457 3971 ἀστέρων
494 3897 739 3974 σφαίρας,
771 3896 878 3954 ἀπὸ
926 3897 1206 3952 ἀνατολῶν
1237 3897 1313 3958 εἰς
1358 3894 1566 3969 δυσμὰς
1594 3895 1869 3958 κυκλικῶς

218 3985 626 4061 στρεφομένων,
671 3985 846 4041 αὐτῶν
896 3983 954 4040 δὲ
1001 3984 1168 4055 ἡλίου
1197 3986 1288 4040 καὶ
1317 3983 1554 4056 σελήνης
1601 3985 1696 4054 τὴν
1729 3984 1873 4040 ἐναν-

215 4072 334 4128 τίαν
392 4077 474 4144 τῷ
526 4075 689 4128 παντί
734 4094 1043 4149 τρεχοντων
1094 4074 1153 4129 ἐκ
1197 4072 1418 4146 δυσμῶν
1467 4073 1544 4135 είς
1583 4073 1869 4137 ἀνατολάς·

214 4163 305 4216 καὶ
363 4162 510 4217 οὕτω
571 4161 806 4235 μάλιστα
853 4163 1208 4238 γνωρίζεσθαι
1247 4164 1336 4218 καὶ
1385 4164 1743 4236 θαυμάζεσθαι
1793 4161 1873 4219 δί-

219 4270 374 4314 καιος
405 4252 434 4305 ὁ
462 4255 560 4306 τοῦ
599 4252 800 4316 παντὸς
847 4249 1190 4327 δημιουργὸς
1237 4253 1323 4306 καὶ
1378 4249 1668 4322 διατάκτης
1719 4251 1870 4315 Θεός.

218 4344 395 4394 Ταῦτα
437 4340 867 4414 ἡρμηνεῦσαμεν
938 4342 1078 4395 κατὰ
1152 4338 1577 4418 Ἀπολλοφάνην
1633 4340 1726 4396 τὸν
1784 4340 1872 4397 λέ-

220 4449 410 4502 γοντα,
447 4430 524 4501 μή
557 4428 648 4482 σὺν
680 4433 760 4501 τῷ
784 4427 933 4502 ἡλίῳ
962 4429 1050 4484 καὶ
1081 4429 1172 4484 τὸν
1221 4429 1450 4502 οὐρανὸν
1484 4429 1696 4484 ἑστάναι
1729 4429 1872 4498 τότε,

219 4515 338 4571 and
369 4515 422 4571 ἐν
461 4519 532 4590 τῇ
580 4518 688 4591 πρὸ
735 4518 942 4588 ταύτης
989 4521 1279 4594 προγραφῇ
1311 4518 1374 4572 τὸ
1423 4514 1640 4592 ἀκριϐὲς
1690 4539 1876 4595 προει-

225 4607 706 4714 ρήκαμενλωερὶ
770 4614 870 4677 τῆς
921 4611 1032 4662 τῶν
1090 4608 1326 4683 ἀστέρων
1379 4604 1666 4678 διατάξεως
1717 4607 1954 4714 έστώ-Ι)

223 4714 325 4764 σης
405 4692 584 4770 βουλῇ
641 4696 797 4764 Θεοῦ,
857 4696 947 4751 καὶ
1008 4697 1084 4769 μή
1155 4698 1617 4769 μετακινουμένης
1675 4697 1824 4759 αὖθις
1859 4739 1874 4766 ,

229 4784 354 4838 ὅταν
410 4782 596 4858 ἐθέλῃ,
657 4785 730 4847 ὡς
788 4784 876 4840 ἐπὶ
927 4787 1106 4856 Ἰησοῦ
1179 4789 1280 4840 τοῦ
1356 4791 1510 4855 Ναυῆ
1565 4787 1655 4841 καὶ
1714 4787 1874 4855 Ἰεζε-

222 4871 408 4946 uno.)

290 4963 457 5017 Ὅταν
527 4960 693 5031 ἥλιος
769 4963 856 5018 ὑπ’
932 4962 1122 5020 αὐτοῦ,
1203 4965 1280 5018 Τὰ
1352 4967 1449 5018 τοῦ
1523 4964 1704 5034 Ἰησοῦ
1778 4968 1875 5018 τοῦ

224 5054 380 5120 Ναυῆ
415 5050 468 5106 έν
512 5051 730 5114 τούτοις
778 5052 1150 5126 παρατίθεται,
1195 5052 1285 5107 καὶ
1331 5052 1733 5125 ἀναμιμνήσκει
1781 5054 1873 5108 τὸν

223 5139 375 5213 ἅγιον
427 5140 788 5215 Πολύκαρπον
841 5149 943 5211 τῆς
991 5141 1232 5216 ἱστορίας
1279 5141 1507 5210 ταύτης,
1534 5140 1623 5196 ’ίνα
1676 5142 1876 5212 ταύτην

223 5228 412 5303 ἀντιθῇ
467 5233 547 5302 τῷ
606 5228 1040 5309 Ἀπολλοφάνει.
1104 5231 1279 5301 Φησῖν
1339 5228 1451 5285 οῦν
1513 5229 1648 5286 Είπὶ
1704 5230 1872 5303 αὐτῷ’

291 5401 377 5474 (ο)
405 5406 542 5475 Cap.
578 5421 621 5471 ι,
647 5420 703 5460 v.
733 5405 826 5461 21.

1894 1905 1941 1970 Β

1969 605 2182 662 Christi
2213 609 2606 678 contigerunt.

2040 697 2345 769 Arguetur.
2389 695 2876 752 Subaudiendum
2928 697 3071 752 illud
3123 698 3510 769 redarguetur,
3539 702 3626 757 sic

1970 785 2126 840 enim
2155 785 2333 856 exigit
2373 787 2756 842 constructio.
2811 787 3047 858 [Idolum
3090 787 3329 859 ponitur
3357 805 3460 861 pro
3492 791 3625 846 imi-

1968 875 2160 946 tatio].

2043 963 2178 1031 §II.
2236 964 2547 1036 Saphistam
2600 964 3056 1037 Apollophanem.
3106 965 3187 1021 De
3229 967 3627 1041 Apollophane

1971 1052 2256 1124 sophista,
2290 1053 2386 1123 qui
2419 1053 2609 1109 fuerat
2640 1054 2836 1110 socius
2869 1055 3065 1126 magni
3097 1055 3380 1128 Dionysii,
3407 1063 3463 1112 et
3485 1073 3625 1113 con-

1971 1140 2296 1197 vitiabatur
2326 1142 2544 1213 ipsum,
2569 1143 2721 1212 quod
2755 1142 3126 1198 Christianus
3153 1145 3342 1200 factus
3372 1151 3544 1210 esset,
3568 1150 3626 1201 et

1971 1229 2254 1286 adversus
2283 1230 2534 1301 gentiles
2560 1230 2796 1288 diceret.
2827 1231 2994 1303 [Nam
3025 1237 3081 1287 et
3112 1231 3371 1288 humana
3399 1234 3628 1306 sapien-

1972 1318 2053 1374 tia
2082 1336 2116 1375 a
2145 1319 2260 1375 Deo
2287 1321 2421 1390 est.]

2040 1413 2225 1478 Neque
2253 1409 2345 1464 hic
2371 1408 2435 1464 de
2483 1409 2886 1465 multitudinis.
2939 1409 3170 1465 Diclum
3222 1410 3331 1466 boc
3370 1411 3456 1466 sic
3484 1427 3629 1466 con-

1970 1498 2320 1552 struendum
2371 1503 2461 1554 est
2494 1515 2506 1552 :
2538 1502 2740 1569 Neque
2791 1515 2896 1570 ego
2947 1500 3018 1554 de
3068 1497 3470 1555 multitudinis
3500 1500 3628 1570 opi-

1971 1586 2146 1641 nione
2176 1585 2406 1657 loquor,
2447 1603 2574 1658 quas
2622 1590 2927 1658 poetarum
2960 1586 3175 1642 fabulis
3205 1592 3309 1643 aut
3336 1587 3627 1659 passioni-

1968 1674 2082 1730 bus
2114 1674 2496 1731 materialiter
2526 1675 2922 1748 tenaciterque
2949 1676 3226 1732 adhaeret.

2042 1764 2184 1820 Nam
2237 1780 2336 1837 per
2383 1765 2525 1821 hanc
2572 1767 2750 1837 ipsam
2805 1782 2996 1821 rerum
3040 1767 3350 1823 scientiam.
3403 1767 3620 1824 Rerum

1971 1853 2274 1910 scientiam
2306 1855 2533 1910 vocavit
2580 1855 3044 1912 observationem
3094 1859 3290 1911 motus
3321 1855 3621 1924 cmlorum,

1971 1948 2029 1999 et
2045 1943 2292 2000 aliarum
2309 1948 2588 2000 creaturae
2608 1944 2865 2015 partium
2886 1944 3438 2013 considerationem,
3457 1945 3630 2015 juxta

1971 2033 2288 2104 quamdam
2321 2032 2625 2104 sapientiae
2656 2033 3078 2099 deﬁnitionem,
3115 2050 3234 2106 qua
3259 2048 3627 2105 cognoscun-

1970 2125 2068 2176 tur
2098 2137 2190 2177 res
2222 2125 2512 2193 quatenus
2541 2138 2635 2178 res
2665 2127 2822 2178 sunt.
2858 2122 2958 2177 Est
2986 2127 3181 2178 autem
3206 2121 3305 2178 illa
3333 2139 3440 2179 vox
3469 2127 3626 2195 Apo-

1973 2209 2107 2265 stoli
2157 2210 2214 2264 in
2269 2211 2457 2281 prima
2503 2213 2573 2266 ad
2623 2211 2980 2276 Corinthios,
3031 2211 3280 2266 dicentis
3313 2212 3392 2282 (α)
3435 2227 3447 2264 :
3485 2212 3624 2266 Nam

1973 2300 2105 2368 quia
2135 2300 2197 2354 in
2231 2301 2502 2370 sapientia
2532 2301 2630 2355 Dei
2675 2316 2786 2355 non
2813 2301 3063 2370 cognovit
3113 2299 3366 2368 mundus,
3397 2315 3498 2369 per
3524 2316 3624 2354 sa-

1967 2389 2250 2458 pientiam
2278 2390 2448 2444 Deum
2467 2404 2489 2448 ;
2519 2388 2576 2442 id
2609 2393 2698 2444 est
2727 2405 2828 2458 per
2858 2388 3210 2456 sapientiam
3244 2386 3304 2441 in
3335 2387 3626 2442 concinna

1973 2475 2298 2548 decoraque
2357 2481 2634 2532 creaturae
2694 2476 3117 2547 compositione
3174 2481 3553 2547 apparentem
3606 2493 3620 2544 ;

1973 2580 2100 2637 quae
2126 2565 2236 2620 hoc
2265 2564 2574 2620 intellexit.
2606 2565 2756 2620 Nota
2783 2564 2966 2637 igitur
3003 2580 3196 2620 rerum
3230 2563 3498 2619 notitiam
3525 2579 3624 2619 vo-

1973 2654 2092 2710 cari
2137 2654 2595 2726 philosophiam,
2629 2671 2805 2726 quam
2839 2654 3016 2709 etiam
3065 2651 3379 2725 Apostolus
3409 2651 3467 2707 in
3500 2653 3622 2724 pri-

1974 2759 2071 2799 ma
2101 2744 2173 2798 ad
2205 2743 2534 2799 Corinthios
2569 2743 2666 2800 Dei
2702 2741 3055 2815 sapientiam
3087 2740 3417 2814 appellavit.
3447 2740 3625 2810 [Dixit

1973 2832 2131 2888 enim
2163 2832 2222 2887 in
2255 2833 2565 2904 principio,
2598 2832 2874 2903 quisnam
2907 2847 3122 2904 scopus
3153 2831 3267 2887 sibi
3297 2831 3623 2901 esset,jux-

1973 2927 2034 2977 ta
2063 2937 2237 2993 quem
2268 2937 2457 2994 neque
2504 2931 2706 2978 contra
2756 2921 2986 2978 Graecos
3019 2935 3202 2992 neque
3244 2924 3452 2976 contra
3480 2918 3626 2976 alios

1975 3010 2259 3082 scripsit].

2040 3098 2198 3155 Scire
2225 3099 2453 3156 debebat
2500 3099 2918 3172 Apollozihanes.
2969 3100 3048 3155 Ex
3095 3114 3162 3154 eo
3211 3113 3422 3169 nempe
3470 3097 3626 3169 quod

1975 3189 2130 3260 apud
2163 3187 2410 3261 gentiles
2439 3189 2503 3245 in
2534 3188 2803 3244 confesso
2833 3194 2942 3258 est,
2965 3204 3159 3243 rerum
3186 3187 3451 3243 omnium
3475 3186 3630 3243 ordi-

1269 3278 1446 3351 φήσας
1482 3320 1498 3342 ,
1556 3276 1614 3330 ἐκ
1669 3276 1864 3331 τούτου

1985 3293 2108 3333 nem
2133 3277 2472 3333 earumdem
2501 3279 2719 3332 auctori
2741 3282 2852 3333 Deo
2874 3278 3254 3332 tribuendum
3277 3277 3630 3344 esse,docet,

1979 3383 2049 3422 ex
2082 3366 2190 3422 hoc
2221 3367 2490 3440 cognosci
2521 3384 2693 3439 posse
2724 3367 2908 3424 Deum
2943 3367 3118 3422 rebus
3148 3363 3631 3436 omnibuslegem

1978 3471 2215 3526 ponere,
2247 3457 2402 3528 quod
2435 3456 2524 3512 sol
2553 3461 2609 3511 et
2636 3456 2779 3512 luna
2806 3456 3092 3512 terminos
3135 3453 3247 3510 diei
3278 3453 3634 3510 constitutos

1977 3543 2254 3610 habeant,
2312 3549 2370 3600 et
2417 3544 2597 3600 simul
2655 3560 2788 3600 cum
2847 3544 3114 3599 universo
3163 3541 3444 3598 caelorum
3493 3540 3633 3597 orbe

1977 3631 2545 3701 circumvolvantur;
2596 3632 2822 3688 scilicet
2873 3649 2942 3686 ex
2986 3631 3209 3686 oriente
3255 3629 3314 3684 in
3361 3629 3632 3684 occiden-

1978 3724 2122 3776 tem.
2180 3721 2342 3786 Quod
2387 3721 2436 3774 si
2469 3737 2584 3775 non
2618 3722 2773 3776 3l0
2803 3719 3295 3774 circumferantur
3344 3733 3459 3770 una
3497 3731 3631 3770 cum

1979 3809 2122 3865 cmlo
2154 3827 2268 3878 quo
2299 3809 2697 3878 continentur,
2730 3810 2811 3864 ita
2843 3813 2908 3863 ut
2949 3807 3156 3863 ccelum
3183 3805 3423 3877 quidem
3453 3808 3510 3858 et
3539 3803 3633 3858 in-

1980 3897 2303 3954 errantium
2353 3903 2531 3968 atque
2577 3897 2882 3952 stabilium
2932 3895 3234 3952 stellarum
3281 3892 3524 3964 sphaerae
3566 3907 3636 3946 ex

1979 3987 2204 4043 oriente
2234 3987 2292 4041 in
2340 3986 2700 4042 occidentem
2752 3985 3116 4041 circulariter
3159 3986 3481 4052 vertantur,
3511 3979 3638 4052 ipse

1981 4080 2178 4132 autem
2229 4075 2316 4131 sol
2365 4082 2424 4130 et
2477 4075 2617 4130 luna
2663 4075 3021 4130 contrarium
3075 4072 3346 4128 universo
3394 4085 3636 4124 cursum

1981 4169 2222 4220 teneant
2251 4181 2319 4220 ex
2346 4165 2647 4220 occidente
2677 4164 2735 4218 in
2787 4164 3069 4218 orientem
3094 4182 3108 4231 ;
3142 4161 3346 4232 utique
3370 4158 3460 4214 vel
3501 4158 3638 4214 hinc

1983 4253 2236 4310 maxime
2275 4252 2692 4327 cognoscibilis
2740 4257 2798 4309 et
2828 4251 3215 4308 admiratione
3261 4249 3478 4322 dignus
3507 4263 3640 4304 ceu-

1983 4343 2212 4399 sebitur
2245 4343 2502 4399 universi
2553 4347 2780 4398 creator
2827 4347 3006 4414 atque
3054 4342 3412 4415 gubernator
3457 4336 3635 4392 Deus.

1984 4432 2115 4487 Haec
2147 4449 2508 4504 exponemus
2559 4436 2762 4488 contra
2806 4430 3269 4501 Apollophanem
3321 4426 3636 4492 dicentem,

1987 4538 2100 4576 non
2135 4539 2250 4576 una
2279 4539 2412 4577 cum
2447 4521 2568 4578 sole
2599 4522 2807 4576 cmlum
2857 4522 2962 4576 hoc
3004 4517 3364 4585 constitisse,
3397 4512 3639 4570 tametsi

1985 4609 2042 4664 id
2079 4610 2134 4664 in
2173 4612 2352 4681 priori
2403 4611 2722 4681 scriptione
2769 4616 3039 4664 accurate
3090 4604 3488 4678 probavimus.
3535 4601 3638 4671 [De

1987 4704 2278 4754 astrorum
2325 4699 2731 4770 dispositione,
2764 4715 2888 4766 qua:
2925 4697 3162 4768 quidem
3214 4692 3412 4748 divina
3440 4688 3638 4745 volun-

1984 4792 2103 4843 tate
2132 4791 2300 4844 ﬁrma
2331 4793 2458 4857 est;
2492 4792 2772 4854 attamen,
2808 4803 2940 4842 cum
2976 4787 3099 4857 ipse
3148 4781 3414 4849 voluerit,
3449 4779 3636 4836 varia-

1984 4881 2102 4946 tur,
2137 4883 2202 4932 ut
2230 4883 2488 4947 tempore
2515 4878 2696 4933 Josue
2727 4882 2784 4932 et
2813 4874 3175 4943 Ezechielis.]

2057 4967 2285 5036 Quando
2312 4967 2390 5022 sol
2440 4967 2507 5022 ab
2557 4969 2690 5038 ipso.
2741 4964 3021 5036 Proponit
3068 4962 3162 5017 hic
3193 4977 3321 5033 qua;
3351 4959 3464 5015 sub
3493 4957 3634 5014 Jesu

1985 5055 2140 5112 Nave
2170 5055 2562 5128 contigerunt,
2607 5059 2664 5110 et
2708 5055 2764 5108 Β.
2799 5053 3114 5125 Polycarpo
3148 5051 3296 5106 hanc
3325 5047 3636 5104 historiam

1986 5145 2045 5199 in
2073 5146 2410 5200 memoriam
2438 5148 2686 5208 revocat,
2712 5148 2776 5197 ut
2795 5159 2920 5198 eam
2947 5139 3334 5212 Apollophani
3357 5138 3634 5210 opponat.

1987 5234 2076 5290 Ait
2108 5233 2343 5304 itaque:
2370 5233 2471 5289 Dic
2503 5233 2584 5290 illi
2621 5251 2634 5288 :
2672 5233 2834 5288 Disce
2861 5229 3154 5302 quomodo
3189 5233 3338 5284 Deus
3369 5225 3551 5284 solem
3580 5230 3639 5282 et

1239 5573 1482 5634 VARIE
1521 5573 1910 5636 LECTIONES
1949 5576 2038 5634 ET
2067 5576 2620 5636 CORRECTIONES.

297 5717 339 5753 ⁸¹
376 5713 782 5792 ἐλεγχθήσεται.
861 5720 905 5754 ⁵³
927 5719 1201 5792 γνώσεων.
1277 5719 1324 5755 ⁸³
1353 5714 1700 5796 φιλοσοφίας.
