4034 6214
456 351 563 408 539

1278 358 1645 413 APPENDIX
1681 351 1785 410 AD
1816 354 2060 412 OPERA
2096 355 2157 408 S.
2196 354 2515 411 DIONYSII
2552 357 3054 414 ABEOPAGITE.
3711 363 3794 419 540

457 481 699 550 lunam;
735 499 869 540 cum
904 484 1232 540 secundum
1259 483 1666 539 diametralem
1697 482 1915 538 lineam
1961 499 1992 538 e
2021 499 2110 537 re-

2240 480 2374 543 ﬁcio:
2404 484 2521 542 πῶς
2551 481 2578 534 ὁ
2609 482 2739 546 Θεὸς
2786 482 2878 537 τὸν
2933 479 3094 551 ἥλιον
3148 482 3236 537 καὶ
3281 485 3376 553 τὴν
3430 482 3642 556 σελήνην
3691 487 3796 543 κατὰ

459 573 632 644 gione
661 589 791 628 sese
843 576 1262 644 respectarent,
1295 572 1416 628 sole
1463 573 1701 644 quidem
1745 574 1870 643 jam
1919 575 2114 628 dever-

460 666 633 734 gente
661 661 720 716 in
752 678 1051 727 occasum,
1076 661 1393 717 luminaria
1413 661 1516 716 illa
1546 662 1762 718 stiterit
1783 663 1839 716 in
1866 662 2117 717 statione

463 767 592 817 sua,
625 751 831 822 utique
861 753 1074 806 virtute
1096 750 1376 806 ineffabili
1404 752 1660 807 auctoris
1681 767 1880 806 eorum
1903 751 2025 806 Dei.
2050 751 2117 806 Et

461 840 766 895 immobile
788 840 965 896 etiam
992 845 1116 895 tum
1141 840 1406 896 substitit
1432 841 1769 895 universum
1793 856 1925 894 cum
1952 845 2117 894 utro-

463 945 575 999 que
604 927 881 984 luminari
910 947 924 998 ;
958 929 1170 984 etenim
1223 945 1335 983 non
1369 929 1579 984 coelum
1610 929 1828 1000 ipsum,
1863 945 1973 983 non
2009 945 2118 984 cae-

461 1023 587 1073 tera
608 1017 801 1072 sidera
821 1017 1559 1074 circumvolvebantur.sed
1586 1035 1704 1072 una
1729 1034 1862 1072 cum
1889 1018 2120 1072 duobus

465 1107 596 1162 istis
626 1106 1023 1162 luminaribus
1054 1107 1277 1178 absque
1303 1113 1465 1162 motu
1488 1107 1898 1162 substiterunt.
1922 1107 2121 1178 Neque

469 1212 645 1266 parvo
678 1196 960 1251 duntaxat
991 1200 1250 1267 tempore
1282 1213 1491 1252 cursus
1523 1195 1780 1252 universi
1827 1213 1892 1251 ac
1927 1200 2121 1252 motus

465 1285 775 1354 inhibitus,
807 1286 906 1340 sed
939 1284 1167 1357 integro
1195 1285 1405 1350 die,ita
1437 1289 1501 1340 ut
1530 1286 1640 1341 sub
1663 1285 1796 1340 Jesu
1823 1285 1974 1340 Nave
1997 1285 2122 1341 dies

467 1374 641 1430 fuerit
671 1373 991 1445 duplicata,
1027 1391 1238 1446 nempe
1287 1375 1356 1429 ad
1402 1373 1608 1447 viginti
1640 1379 1893 1446 quatuor
1923 1373 2120 1444 horas,

466 1463 969 1534 quemadmodum
1021 1463 1172 1518 clare
1204 1465 1372 1518 docet
1416 1464 1590 1519 Jesus
1639 1463 1795 1518 ﬁlius
1827 1464 2029 1520 Sirach
2063 1465 2120 1518 in

465 1551 685 1624 hymno
719 1552 979 1607 Patrum.
1035 1552 1256 1609 Deinde
1305 1553 1614 1624 subjungit
1650 1568 1662 1607 :
1695 1553 1753 1608 Si
1800 1569 1935 1608 vero
1967 1553 2125 1608 dicat

465 1639 896 1712 Apollophanes
922 1641 976 1695 id
1001 1657 1128 1697 esse
1144 1641 1728 1711 impossibile,utuna
1748 1658 1876 1696 cum
1894 1642 2123 1698 duobus

468 1728 862 1784 luminaribus
891 1732 1128 1795 emtum,
1160 1735 1218 1785 et
1266 1730 1496 1800 reliqua
1540 1734 1698 1786 astra
1727 1731 2120 1799 substiterint,

471 1819 574 1916 sed
607 1817 707 1872 illa
738 1822 894 1874 mota
920 1819 1101 1874 fuisse
1123 1818 1243 1875 sole
1274 1819 1656 1887 subsistente,
1681 1820 1964 1891 responde
1987 1820 2120 1891 ipsi,
2156 1851 2203 1916 Β

470 1905 555 1964 vel
588 1907 696 1962 hoc
729 1909 981 1962 maxime
1028 1907 1098 1962 ad
1133 1923 1335 1962 verum
1371 1913 1549 1964 Deum
1581 1909 1966 1980 ejusdemque
1995 1926 2129 1981 cog:

472 1996 756 2052 nitionem
789 1996 985 2068 ipsum
1019 2001 1354 2053 convertere
1401 1997 1696 2069 debuisse,
1729 1998 1885 2069 quod
1918 2015 2127 2070 nempe

470 2085 662 2158 polus,
697 2086 796 2157 qui
842 2085 1159 2142 luminaria
1209 2086 1568 2154 continebat,
1609 2087 2125 2160 circumageretur,

469 2173 786 2232 luminaria
802 2191 955 2243 vero,
972 2191 1098 2246 quae
1122 2175 1311 2247 ipsius
1331 2176 1633 2248 complexu
1651 2177 2125 2248 continebantur,

469 2264 716 2319 immota
740 2264 1140 2319 consisterinl.
1167 2265 1284 2320 Hoc
1316 2266 1472 2320 enim
1500 2266 1744 2336 majoris
1773 2271 1857 2321 est
1890 2266 2126 2322 virtutis

470 2352 614 2408 coelo
645 2352 983 2424 canterisque
1014 2352 1202 2408 stellis
1236 2353 1431 2415 motis.
1464 2354 1648 2410 solem
1681 2359 1738 2410 et
1769 2356 1966 2410 lunam
1999 2355 2127 2410 sine

473 2444 634 2497 motu
667 2441 1008 2509 consistere,
1033 2447 1090 2496 et
1122 2459 1237 2498 non
1260 2444 1463 2499 eodem
1499 2449 1662 2499 motu
1696 2460 1830 2499 cum
1854 2445 2126 2500 universo

449 2530 714 2602 ,moveri,
746 2547 878 2585 cum
914 2547 1030 2602 quo
1056 2549 1292 2602 semper
1321 2533 1640 2602 circumagi
1674 2537 2124 2589 consueverunt.

540 2623 812 2691 Statuque
840 2620 1104 2677 mirabili
1130 2623 1299 2676 simul
1337 2638 1462 2677 cum
1491 2623 1601 2678 hac
1629 2623 2006 2678 universitate.
2034 2623 2128 2677 Ait

473 2725 703 2779 nempe,
763 2708 1058 2780 quomodo
1113 2707 1292 2764 simul
1343 2709 1470 2779 ipso
1528 2708 1660 2780 polo
1709 2709 1950 2764 immoto
2002 2725 2125 2763 ma-

470 2800 645 2853 nente
676 2796 852 2869 (hunc
883 2797 1040 2852 enim
1072 2797 1517 2853 universitatem
1543 2797 1872 2870 appellavit)
1908 2797 2048 2853 solis
2071 2801 2128 2853 et

471 2885 622 2941 luna
673 2885 843 2941 statio
894 2885 1046 2941 facta
1097 2886 1193 2943 sit.
1245 2885 1395 2953 Quin
1445 2885 1658 2957 potius,
1711 2886 1857 2940 3“
1914 2885 2126 2955 inquit,

476 2975 660 3030 multo
691 2975 880 3046 magis
911 2975 1270 3044 mirandum,
1305 2975 1354 3030 si
1387 2974 1556 3046 polus
1601 2973 1838 3046 quidem
1871 2974 2124 3029 circum-

475 3063 760 3135 agebatur
787 3063 965 3133 (hunc
1000 3065 1156 3119 enim
1179 3063 1554 3134 significavit,
1581 3064 1802 3132 dicens,
1824 3065 2124 3131 universis,

476 3156 534 3208 et
560 3152 884 3222 potioribus,
939 3157 995 3207 et
1021 3153 1495 3220 continentibus);
1547 3152 1634 3208 sol
1665 3157 1858 3208 autem
1901 3157 1957 3206 et
1987 3150 2128 3206 luna

2226 565 2514 643 διάμετρον
2569 566 2726 633 ὄντας
2783 571 2906 626 τότε
2960 571 3178 647 ἀντικρὺ
3233 570 3526 643 ἀλλήλων,
3580 571 3795 648 δυομένου

2223 654 2334 726 ἤδη
2379 663 2475 712 τοῦ
2524 657 2710 729 ἡλίου,
2755 658 2972 730 ἔστησεν
3034 660 3122 716 ἐπὶ
3179 662 3348 716 τόπου
3390 661 3510 723 τοὺς
3535 671 3794 740 φωστῆρας,

2227 767 2408 800 στασιν
2467 747 2588 802 τινὰ
2644 750 2780 803 κατὰ
2839 746 3064 823 δύναμίν
3116 771 3236 805 τινα
3290 749 3482 829 ἄφατον
3533 756 3617 806 τοῦ
3659 751 3796 808 αίτίου

2228 835 2404 889 αὑτῶν
2439 840 2592 893 Θεοῦ.
2628 838 2725 892 Καὶ
2771 833 2896 908 ἔστη
2928 839 2990 893 τὸ
3019 845 3120 894 πᾶν
3153 839 3401 911 ἀκίνητον
3452 842 3576 912 μετὰ
3606 845 3697 896 τῶν
3725 841 3794 896 δύο

2229 927 2553 1000 φωστήρων·
2589 923 2711 981 οὔτε
2739 928 2842 1004 γὰρ
2876 927 3124 1003 οὐρανὸς,
3156 926 3282 982 οὔτε
3324 930 3374 983 οἱ
3413 927 3586 983 λοιποὶ
3628 929 3800 1006 ἀστέρες

2227 1015 2612 1086 περιεπόλουν,
2645 1013 2790 1070 ἀλλὰ
2831 1020 3259 1087 συνειστήκεισαν
3290 1022 3406 1080 τοῖς
3455 1015 3565 1071 δυσὶ
3593 1026 3800 1094 φωστῆρ-

2230 1123 2310 1154 σιν
2343 1102 2617 1173 ἀκίνητοι.
2649 1103 2752 1159 Καὶ
2787 1102 2909 1160 οὔτε
2957 1104 3045 1160 ἐπὶ
3075 1105 3265 1182 ὀλίγον
3295 1108 3322 1161 ὁ
3354 1102 3548 1181 δρόμος
3573 1112 3658 1162 τοῦ
3697 1129 3799 1162 παν-

2228 1191 2341 1257 τὸς,
2374 1191 2462 1244 καὶ
2493 1194 2527 1261 ἡ
2559 1192 2768 1264 κίνησις
2815 1191 2942 1265 ἔστη
2981 1195 3168 1267 μόνον,
3215 1194 3342 1250 ἀλλ’
3382 1193 3461 1270 ἐφ’
3493 1196 3676 1269 ἡμέραν
3703 1194 3802 1251 ὀλό-

2230 1280 2461 1354 κληρον,
2505 1282 2580 1343 ὡς
2635 1282 2878 1356 γενέσθαι
2925 1282 3012 1337 ἐπὶ
3063 1285 3244 1354 ’ῐησοῦ
3298 1288 3394 1338 τοῦ
3452 1290 3589 1352 Ναυῆ
3641 1285 3803 1360 ἡμέραν

2232 1367 2430 1438 διπλῆν
2464 1367 2542 1425 κδ’
2591 1371 2770 1446 ὡρῶν,
2803 1371 2878 1434 ὠς
2936 1377 3116 1448 σαφῶς
3165 1373 3325 1427 τοῦτό
3378 1395 3532 1450 φησιν
3568 1374 3746 1443 Ἰησοῦς
3784 1375 3804 1427 ὁ

2229 1459 2324 1513 τοῦ
2359 1459 2565 1534 Σειράχ
2595 1459 2645 1516 ἐν
2689 1465 2769 1532 τῷ
2815 1461 2970 1534 ὕμνῳ
3019 1467 3126 1516 τῶν
3178 1462 3450 1536 Πατέρων.
3482 1465 3604 1517 Εἶτα
3642 1461 3803 1535 ἐπάγει·

2232 1547 2294 1602 Εἰ
2327 1545 2382 1602 δὲ
2430 1547 2571 1602 εἷ’ποι
2624 1549 3072 1628 Ἀπολλοφάνης,
3129 1549 3440 1622 Ἀδύνατον,
3480 1549 3538 1606 ού
3581 1551 3670 1626 γὰρ
3708 1547 3802 1619 ἔστη

2234 1637 2367 1708 μετὰ
2394 1641 2502 1692 τῶν
2534 1634 2630 1692 δύο
2650 1641 2953 1715 φωστήρων
2976 1638 3203 1716 οὐρανὸς
3229 1639 3319 1694 καὶ
3342 1641 3394 1693 οἱ
3423 1638 3600 1694 λοιποὶ
3615 1639 3803 1714 ἀστέρες,

2231 1724 2358 1780 ἀλλ’
2387 1724 2582 1780 ἐκεῖνοι
2620 1727 2714 1800 μὶν
2760 1727 3054 1798 ἐκινοῦντο,
3103 1727 3266 1791 οὗτος
3311 1726 3369 1784 δὶ
3399 1726 3598 1782 ἵστατο·
3626 1726 3804 1801 ἀπόκρι-

2232 1835 2318 1868 ναι
2349 1815 2498 1886 αύτῷ
2527 1814 2633 1883 ὅτι,
2667 1816 2920 1873 Μάλιστα
2947 1821 3109 1872 τοῦτο
3140 1819 3253 1893 χρή
3287 1838 3345 1872 σε
3391 1816 3677 1892 ἐπιπρέψαι
3702 1817 3805 1890 πρὸς

2230 1903 2320 1957 τὸν
2375 1903 2553 1974 ἀληθῆ
2587 1905 2714 1960 Θεὸν
2764 1904 2854 1960 καί
2896 1907 2993 1974 τὴν
3040 1906 3203 1961 αὐτοῦ
3247 1911 3470 1984 γνῶσιν,
3515 1906 3596 1960 καὶ
3635 1904 3716 1961 τοῦ
3743 1926 3805 1960 κι-

2231 1997 2452 2056 νοῦντος
2487 1994 2582 2067 μὲν
2613 1994 2705 2049 τὸν
2760 1996 3087 2072 περιέχοντα
3130 1995 3259 2058 τοὺς
3295 2003 3572 2075 φωστῆρας
3610 1995 3805 2071 οὐρανὸν,

2234 2082 2478 2145 ἱστάντος
2525 2081 2580 2138 δὲ
2611 2085 2903 2154 ἀκινήτους
2947 2085 3078 2147 τοὺς
3106 2085 3529 2162 περιεχομένους
3555 2091 3804 2161 φωστῆρις.

2233 2175 2400 2226 Τοῦτο
2448 2173 2549 2246 γὰρ
2609 2172 2854 2244 μείζονός
2902 2173 3012 2228 ἔστι
3063 2172 3371 2247 δυνάμεως,
3420 2175 3504 2246 τὸ,
3548 2173 3808 2247 κινουμένου

2237 2258 2467 2334 ούρανοῦ
2493 2260 2581 2316 καὶ
2631 2265 2740 2316 τῶν
2792 2259 3002 2317 λοιπῶν
3048 2263 3312 2337 ἀστέρων,
3361 2270 3546 2333 στῆναι
3587 2261 3721 2332 ἥλιον
3743 2260 3808 2314 καὶ

2235 2349 2469 2420 σελήνην
2515 2349 2826 2422 ἀκινήτους,
2857 2351 2947 2406 καὶ
2999 2353 3076 2424 μὴ
3123 2354 3220 2421 τήν
3267 2353 3431 2422 αὐτὴν
3479 2353 3630 2430 φορὰν
3673 2370 3809 2425 συγκι-

2238 2441 2460 2509 νηθῆναι
2492 2445 2570 2512 τῷ
2598 2442 2779 2511 παντὶ,
2819 2443 2934 2514 μεθ’
2966 2442 3028 2495 οὗ
3056 2442 3138 2496 ἀεὶ
3168 2444 3601 2517 συμπεριήγοντο
3626 2443 3682 2496 “.

2306 2618 2770 2695 Ὑπερφυεστάτην
2831 2619 2943 2690 ἅμα
2981 2623 3062 2690 τῷ
3119 2618 3280 2674 παντί
3315 2663 3328 2676 .
3389 2619 3535 2694 Λέγει
3592 2618 3710 2691 μὶν,
3755 2619 3809 2677 ὡς

2237 2694 2380 2781 ὁμοῐῗ
2400 2694 2667 2781 τῷγπόλῳ
2696 2709 2938 2782 ἀκινήτῳ
2984 2707 3220 2781 μείναντι
3271 2711 3452 2782 (τοῦτο
3496 2707 3590 2783 γὰρ
3618 2705 3809 2778 ὠνόμασε

2232 2797 2296 2852 τὸ
2344 2798 2472 2870 πᾶν)
2498 2799 2532 2866 ἡ
2563 2801 2660 2851 τοῦ
2705 2795 2878 2866 ἡλίου
2907 2797 2997 2852 καὶ
3025 2804 3126 2867 τῆς
3167 2795 3406 2870 σελήνης
3437 2796 3626 2874 ἐγένετο
3651 2795 3805 2854 στάσις.

2236 2883 2462 2943 Μᾶλλον
2537 2883 2594 2940 δὲ
2628 2931 2642 2958 ,
2697 2886 2878 2965 φησὶ,
2937 2885 3137 2959 πολλῷ
3187 2888 3648 2962 θαυμασιώτερον,
3694 2881 3804 2955 εἴπερ

2235 2976 2263 3030 ὁ
2298 2976 2393 3048 μὲν
2423 2972 2598 3038 πόλος
2640 2978 2950 3053 περιήγετο,
2982 2978 3194 3049 (τοῦτον
3243 2977 3349 3051 γὰρ
3381 2974 3652 3046 ἐδήλωσεν,
3680 2971 3800 3026 εἰπὼν

2233 3069 2338 3119 τῶν
2386 3061 2554 3134 ὅλων,
2604 3066 2695 3119 καὶ
2733 3064 3079 3141 κρειττόνων,
3126 3063 3215 3118 καὶ
3264 3065 3658 3140 περιεχόντων),
3682 3058 3803 3130 ἥλιος

2244 3151 2301 3208 δὲ
2330 3154 2419 3209 καὶ
2451 3153 2653 3224 σελήνη
2701 3155 2788 3228 (τὰ
2825 3155 2930 3230 γὰρ
2979 3154 3354 3229 περιεχόμενα
3398 3155 3576 3226 ταυτα)
3618 3150 3668 3206 οὐ
3707 3168 3808 3219 συμ-

482 3203 532 3208 --
944 3203 993 3207 --
1482 3203 1495 3220 ,
1547 3203 1634 3208 η-
1666 3203 1858 3208 ___-__
1909 3203 1955 3206 _-
1993 3203 2127 3206 mw

475 3241 620 3313 (hac
648 3240 808 3295 enim
845 3242 1302 3308 continebantur)
1352 3258 1468 3296 non
1515 3259 1634 3296 una
1666 3240 1843 3296 simul
1875 3257 2009 3295 cum
2040 3256 2128 3310 eo,

2243 3203 2653 3318 ;.;.';:5'.;;.;";;~,:
2671 3203 3005 3321 τὲεξῼέὶξζτιξ

477 3331 651 3400 cujus
683 3329 990 3401 complexu
1022 3330 1398 3398 tenebantur,
1430 3330 2006 3401 circumagebantur.

551 3418 981 3474 Continuatione
1009 3419 1128 3486 fere
1176 3419 1342 3489 triplo
1393 3418 1609 3489 longior
1635 3419 1853 3489 allectus
1899 3419 1990 3472 sit.
2024 3420 2138 3488 Ap-

485 3507 685 3578 posuit
708 3508 848 3576 fere,
882 3508 1037 3578 quod
1071 3507 1195 3563 dies
1217 3507 1315 3563 ille
1345 3524 1461 3563 non
1484 3523 1912 3578 usquequaque
1933 3507 2142 3578 plenus

487 3596 664 3652 fuerit
695 3595 906 3667 triplici
929 3596 1617 3666 dimensione:(duarum
1639 3596 1794 3651 enim
1824 3600 1880 3650 et
1902 3594 2146 3665 triginta

487 3683 596 3739 fuit
625 3682 928 3755 horarum)
963 3685 1035 3741 ab
1067 3685 1290 3740 oriente
1320 3683 1544 3740 scilicet
1575 3684 1645 3738 ad
1677 3699 1809 3739 eum
1842 3699 2031 3754 usque
2061 3683 2142 3738 lo-

487 3789 645 3838 cum,
679 3772 739 3828 in
773 3789 889 3845 quo
922 3772 1008 3828 sol
1042 3777 1166 3828 tum
1198 3772 1478 3829 inventus
1508 3777 1617 3840 est,
1650 3772 1887 3844 quando
1919 3772 2145 3828 editum

482 3865 572 3918 est
627 3861 788 3917 istud
842 3861 1103 3934 signum,
1157 3861 1354 3917 decem
1409 3861 1563 3917 horae
1613 3861 2033 3932 praeterierant,
2091 3865 2150 3916 et

482 3949 694 4005 iterum
731 3951 957 4020 decem,
981 3952 1122 4006 dum
1156 3950 1317 4006 illinc
1345 3951 1456 4007 iter
1487 3949 1708 4006 reflexit
1737 3951 1810 4006 ad
1842 3950 2144 4016 orientem,

483 4042 542 4092 et
571 4038 880 4093 duodecim
911 4039 1050 4094 inde
1084 4057 1272 4112 usque
1295 4041 1365 4095 ad
1399 4039 1785 4096 occidentem.
1811 4040 2028 4095 Eadem
2052 4056 2150 4094 au-

486 4129 605 4180 tem
641 4124 921 4196 loquendi
970 4128 1222 4184 formula
1274 4128 1366 4184 hic
1401 4145 1544 4183 usus
1576 4133 1686 4194 est,
1738 4129 1894 4199 quod
1940 4143 2147 4198 nempe

483 4213 658 4284 polus
688 4230 807 4269 una
838 4231 971 4270 cum
995 4215 1117 4271 sole
1143 4216 1351 4287 viginti
1375 4222 1628 4287 quatuor
1659 4217 1936 4272 horarum
1961 4218 2147 4288 spatio

485 4303 896 4359 admirandam
931 4304 1106 4360 istam
1140 4307 1663 4377 retrogressionem
1700 4305 1919 4378 fecerit,
1943 4305 2028 4362 vel
2060 4305 2146 4362 sol

482 4391 610 4464 ipse
641 4391 828 4448 solus.

562 4480 656 4537 νει
707 4484 1033 4539 universum
1085 4485 1300 4556 aequali
1355 4487 1617 4555 temporis
1667 4487 1862 4557 spatio.
1917 4485 2149 4541 Dictum

2322 3425 2467 3481 Κατὰ
2554 3423 2834 3498 συνέχειαν
2936 3422 3131 3499 σχεδὸν
3228 3423 3707 3500 τριπλασιάζηται.
3765 3413 3816 3467 τὸ

2253 3513 2448 3591 σχεδὸν
2505 3515 2836 3587 προσέθηκεν
2874 3557 2888 3583 ,
2932 3511 3120 3582 ἐπειδὴ
3171 3511 3388 3586 τριπλῆ
3443 3511 3571 3566 κατὰ
3618 3508 3670 3564 τὸ
3710 3503 3819 3569 πλῆ-

2254 3626 2344 3682 ρες
2391 3605 2493 3658 οὐκ
2530 3602 2740 3678 ἐγένετο
2790 3605 2825 3672 ἡ
2875 3603 3059 3676 ἡμέρα
3109 3601 3290 3672 ἐκείνη
3324 3597 3432 3675 (Λϐ’
3478 3601 3576 3675 γὰρ
3611 3598 3735 3672 ὡρῶν

2253 3695 2418 3768 γονε.)
2471 3692 2532 3746 τὸ
2579 3691 2685 3746 ἀπὸ
2734 3690 3005 3761 ἀνατολῆς
3058 3691 3224 3766 μέχρι
3267 3695 3368 3746 τοῦ
3411 3689 3574 3745 τόπου
3617 3685 3660 3740 ἐν
3700 3681 3819 3754 ᾧῆν,

2256 3785 2346 3838 ὅτε
2396 3783 2457 3836 τὸ
2509 3785 2737 3854 σημεῖον
2789 3777 2977 3851 ἐδόθη,
3007 3779 3099 3835 καὶ
3148 3777 3276 3834 δέκα
3326 3780 3518 3834 ἰκεῖθεν
3562 3775 3641 3831 ἐπὶ
3681 3772 3823 3826 avaro-

2257 3871 2378 3943 λὰς,
2429 3870 2518 3925 καὶ
2567 3866 2776 3924 δώδεκα
2829 3867 2996 3944 μέχρι
3043 3875 3143 3938 τῆς
3189 3867 3504 3930 τελευταίας
3550 3863 3737 3921 δύσεως.
3759 3859 3823 3924 Τῷ

2256 3960 2404 4024 αύτῷ
2436 3957 2494 4014 δὲ
2541 3961 2790 4034 σχήματι
2833 3962 2930 4012 τοῖ’)
2981 3957 3152 4032 λόγου
3199 3957 3291 4011 καὶ
3343 3956 3561 4013 ἐνταῦθα
3593 3950 3826 4034 ἆχρήσαττίτ

2257 4050 2341 4105 ὅτι
2381 4051 2416 4119 ἢ
2462 4050 2489 4103 ὁ
2534 4029 2708 4108 πόλος
2765 4046 2922 4107 αὐτὸς
2977 4029 3073 4100 σὺν
3128 4050 3206 4117 τῷ
3255 4045 3410 4118 ἡλίῳ
3458 4045 3506 4099 ἐν
3551 4064 3625 4114 τῳ
3660 4043 3747 4094 τῶν
3772 4029 3828 4086 κδ’

2258 4139 2416 4212 ὡρῶν
2471 4133 2802 4208 διαστήματι
2849 4135 2950 4202 τὴν
3009 4135 3255 4209 ὑπερφυῆ
3319 4133 3523 4202 ἐκείνην
3585 4129 3830 4197 ἀντιπερισ-

2257 4227 2441 4303 γωγήν
2475 4225 2800 4296 ἐποιήσατο,
2834 4223 2870 4292 ἢ
2905 4223 3068 4298 μόνος
3099 4223 3127 4277 ὁ
3157 4221 3345 4292 ἥλιος.

2329 4483 2394 4531 Ἣ
2448 4475 2510 4531 τὸ
2537 4480 2639 4530 πᾶν
2674 4471 2935 4529 τοσούτου
2971 4474 3198 4548 χρόνου.
3228 4472 3300 4526 Τὸ
3334 4470 3494 4548 ῥητὸν
3529 4464 3657 4522 οὕτω
3697 4460 3835 4548 wivth

486 4571 596 4627 hoc
628 4573 711 4628 ita
740 4579 1019 4629 construe
1053 4590 1066 4630 :
1097 4545 1243 4629 cum
1292 4573 1369 4630 sit
1397 4545 1500 4646 per
1529 4545 1958 4645 trajectionem,
1991 4576 2130 4645 quoc

2257 4567 2376 4630 καθ’
2432 4558 2722 4640 ὑπέρϐασιν
2783 4557 2842 4617 ὅν
2872 4580 2884 4593 ·
3064 4563 3127 4616 τὸ
3186 4565 3288 4616 πᾶν
3335 4545 3724 4631 -έπαναστρέφει
3754 4545 3836 4646 ¹ίιάς

483 4676 696 4732 nempe
754 4662 1098 4718 universum
1172 4679 1275 4734 per
1351 4663 1679 4718 contrarias
1736 4663 1845 4719 has
1902 4662 2149 4719 lationes

486 4750 697 4820 equali
731 4751 972 4807 omnino
1002 4752 1288 4825 temporis
1329 4751 1520 4824 spatio
1551 4751 1839 4808 mirandis
1868 4751 1994 4807 istis
2022 4769 2148 4808 ver-

486 4837 773 4911 tiginibus
833 4842 1256 4898 retrocesserit.
1319 4842 1447 4897 Haec
1502 4841 1678 4896 etiam
1738 4841 1887 4897 libro
1941 4845 2149 4912 quarto

489 4929 692 4995 Regum
726 4928 1123 4997 declarantur,
1158 4933 1216 4986 et
1248 4928 1572 5000 praesertim
1605 4928 1664 4982 in
1698 4928 1954 4985 editione
1985 4929 2148 5002 sym-

487 5014 703 5082 machi,
736 5021 794 5073 et
825 5017 973 5074 libro
1007 5019 1268 5074 secundo
1302 5019 1789 5089 Paralipomenon.

553 5106 645 5161 Sol
677 5107 736 5166 in
766 5110 994 5179 proprio
1036 5124 1224 5163 cursu.
1277 5105 1730 5163 Anniversarius
1780 5105 1922 5161 solis
1954 5110 2150 5162 motus

484 5194 747 5266 quinque
779 5195 918 5252 facit
971 5196 1408 5267 conversiones,
1459 5194 1700 5262 scilicet,
1745 5195 2145 5251 ascensionem

484 5281 807 5350 borealem,
859 5301 1038 5356 quam
1089 5285 1325 5342 conﬁcit
1375 5304 1408 5341 a
1459 5301 1634 5340 verno
1683 5283 2026 5355 aequinoctio
2077 5284 2146 5338 ad

484 5372 752 5429 aestivum
806 5389 995 5446 usque
1053 5374 1375 5432 solstitium
1433 5379 1491 5431 et
1545 5374 1894 5429 descensum
1947 5373 2151 5430 borea-

557 5687 604 5725 "
639 5688 1066 5766 συμπεριήγετο.

2260 4653 2500 4716 ἐναντίας
2550 4653 2745 4714 ταύτας
2794 4651 2964 4729 φορὰς
2997 4692 3012 4718 ,
3060 4654 3318 4704 τοσοῦτον
3376 4647 3638 4719 διάστημα
3680 4636 3834 4715 χρόνον

2259 4740 2579 4811 ἀναποδίζον
2629 4746 2746 4804 ταῖς
2798 4740 2927 4813 ὑπὲρ
2983 4737 3149 4814 λόγον
3208 4739 3430 4800 ταύταις
3484 4730 3832 4809 περιδινήσεσῑ·

2258 4836 2436 4890 Ταῦτα
2489 4828 2548 4886 δὲ
2602 4829 2694 4885 καὶ
2750 4829 2800 4883 ἐν
2861 4831 2930 4903 τῇ
3001 4825 3042 4882 δ’
3096 4831 3206 4882 τῶν
3261 4824 3557 4883 Βασιλειὼν
3609 4816 3832 4903 δηλοῦτξῆ

2258 4922 2348 4978 καὶ
2403 4921 2640 4994 μάλιστα
2683 4918 2735 4973 ἐν
2785 4921 2854 4991 τῇ
2901 4895 3038 4971 κατά
3089 4914 3400 4990 Σύμμαχον
3452 4909 3664 4976 ἐκδόσει,
3698 4895 3830 4960 mih

2256 5015 2324 5086 τῇ
2435 5014 2541 5065 τῶν
2573 5006 3093 5084 Παραλειπομένων.

2425 5100 2452 5153 ὁ
2499 5072 2667 5167 ἥλιος
2714 5095 2765 5151 έν
2811 5072 2938 5168 ῗδίίρ
2988 5091 3201 5168 δρόμῳ,
3251 5093 3312 5149 Ἣ
3360 5095 3458 5146 τοῦ
3505 5086 3659 5158 ἡλίου
3700 5072 3831 5168 ἐνιαύ-

2259 5211 2375 5252 σιος
2431 5189 2643 5257 κίνησις
2698 5183 2855 5240 πέντε
2902 5188 3138 5239 ποιεῖται
3190 5180 3428 5256 τροπὰς,
3488 5171 3717 5234 ἀνάϐασιν

2257 5278 2426 5354 ρείαν,
2476 5276 2747 5331 τουτέστιν
2795 5274 2899 5328 ἀπὸ
2949 5271 3272 5346 ῗσημερινῆς
3321 5270 3372 5326 ἂν
3413 5273 3493 5342 τῷ
3539 5259 3828 5354 ἕαρισῖςξῧξ

2259 5368 2466 5444 θερινὸν
2514 5365 2794 5440 τροπικὸν,
2839 5364 2928 5420 καὶ
2979 5356 3273 5420 κατάϐασιν
3325 5357 3538 5438 βορείαν
3581 5353 3662 5410 ἀπ’
3708 5344 3830 5403 Illi”

1499 5565 1738 5622 VARle
1779 5565 2167 5624 LEGTIONES
2203 5564 2295 5623 ET
2332 5558 2885 5622 CORREGTIONES.
