4034 6214
250 399 357 455 541

1225 406 1280 458 S.
1325 404 1596 458 MAXIMI
1633 403 1941 460 SCHOLIA
1974 409 2052 462 IN
2087 410 2243 464 EPP.
2283 414 2341 468 Β.
2379 413 2714 469 DIONYSII.

3563 420 3673 476 542

257 522 346 579 ἐπὶ
404 523 496 577 τὸν
565 522 881 596 ἰσημερινὸν
938 527 1018 595 τῷ
1077 526 1404 600 μετοπώρῳ,
1462 526 1550 579 καὶ
1615 521 1889 581 κατάϐασιπ

2019 528 2156 599 lem,
2192 533 2262 589 ab
2295 536 2496 591 eodem
2527 552 2716 608 usque
2748 539 2818 592 ad
2851 539 3268 610 aequinoctium
3299 544 3660 617 autumnale,

249 610 429 667 νοτίαν
509 610 616 666 ἀπὸ
685 615 784 666 τοῦ
860 612 1183 687 ἱσημερινοῦ
1263 611 1352 666 ἐπὶ
1425 615 1515 667 τὸν
1594 616 1907 690 χειμερινὸν

245 701 534 774 τροπικὸν,
583 701 671 755 καὶ
723 700 814 755 ἀπ’
865 700 1031 755 αὐτοῦ
1081 699 1249 756 πάλιν
1302 697 1558 757 ἀνάϐασιν
1604 703 1786 758 νοτίαν
1820 703 1909 759 ἐπὶ

244 791 340 846 τὸν
416 789 736 864 ἰσημερινὸν
766 834 782 860 ,
835 791 922 844 καὶ
1007 789 1262 863 πέμπτην
1333 793 1434 859 τήν
1512 791 1753 847 ἐναντίαν
1827 795 1907 866 τῷ

245 879 430 935 παντί.
474 877 660 934 Εἰπὼν
722 876 813 932 οὖν
877 878 1042 933 αὐτοῦ
1097 880 1196 947 τὴν
1252 881 1626 955 πεντάτροπον
1669 881 1904 955 κίνησιν,

249 966 341 1022 διὰ
379 975 483 1037 τῆς
530 969 852 1043 προσθήκης
905 972 1000 1022 τοῦ
1053 967 1276 1041 ἄρθρου,
1329 973 1544 1024 καὶτοῦ
1591 973 1905 1046 προσθεῖναι

244 1055 439 1126 αὐτοῦ,
485 1057 585 1124 τὴν
639 1057 923 1131 γνώριμον
968 1057 1059 1111 καὶ
1112 1059 1316 1128 συνήθη
1370 1058 1626 1135 ὑπέφηνε.
1658 1059 1732 1114 Τὸ
1764 1057 1821 1114 δὲ
1853 1060 1902 1115 ἐν

239 1144 463 1207 τούτοις
521 1144 820 1219 Λεγόμενον
888 1146 992 1200 ὑπὸ
1047 1149 1146 1199 τοῦ
1203 1146 1416 1220 ΙΙατρὸς
1475 1149 1763 1219 νοήσωμεν
1820 1149 1905 1202 0'3-

239 1255 374 1296 τως’
430 1234 794 1305 Ὑποθώμεθα
843 1234 934 1288 τὸν
988 1233 1150 1302 ἥλιον
1201 1234 1335 1288 εἶναι
1385 1235 1521 1289 κατᾶ
1567 1237 1666 1305 τήν
1699 1236 1905 1310 ἡμέραν

239 1324 456 1393 ἐκείνην
509 1327 577 1396 τῇ
628 1322 745 1398 ὥρᾳ
787 1329 888 1391 τῆς
940 1323 1208 1393 ἀνατολῆς
1257 1323 1308 1378 ἐν
1359 1325 1550 1399 πρώτῃ
1605 1324 1772 1401 μοίρᾳ
1808 1331 1905 1380 τοῦ

237 1415 417 1486 Κριοῦ
478 1410 703 1486 πλήρει,
763 1412 839 1484 μή
902 1411 1103 1486 ἐχούσῃ
1163 1413 1334 1467 λεπτά
1368 1431 1380 1444 ’
1446 1413 1525 1475 εἷς
1581 1414 1678 1482 τὴν
1735 1414 1901 1484 αὐτὴν

239 1504 334 1558 οὖν
369 1507 570 1576 μοῖραν
620 1500 781 1556 αὐτὸν
834 1499 1148 1556 ἐπανελθεῖν
1195 1501 1292 1556 οὐκ
1345 1505 1434 1571 ἦν,
1489 1505 1565 1575 μὴ
1613 1502 1906 1559 τελέσαντα

236 1593 340 1659 τήν
371 1595 740 1665 προταγεῐσαν
784 1590 886 1658 τὴν
937 1591 1310 1666 πεντάτροπον
1357 1591 1655 1663 κίνησιν,ἢ
1709 1593 1783 1654 ὡς
1834 1591 1902 1647 δι’

237 1682 470 1753 ἡμερῶν
516 1679 638 1749 τξε’,
708 1677 800 1732 καὶ
876 1679 1332 1753 τεταρτημορίου.
1398 1680 1485 1736 Ἐν
1538 1685 1657 1742 ταῖς
1721 1682 1749 1734 ι’
1810 1679 1900 1736 οὖν

238 1768 415 1844 ὥραις
472 1773 594 1829 ταῖς
657 1768 762 1822 ἀπὸ
827 1762 891 1821 ιϐ’
944 1770 988 1804 ⁵⁵
1041 1767 1094 1822 ἐν
1142 1768 1178 1842 ᾖ
1222 1767 1310 1836 ἦν,
1363 1767 1528 1843 μέχρι
1577 1773 1674 1823 τοῦ
1729 1771 1900 1824 τόπου

236 1855 368 1929 ἐνῷ
427 1858 528 1926 τὴν
587 1855 860 1926 ἀνατολὴν
921 1857 1086 1912 αὐτοῦ
1150 1856 1470 1927 ἐποιήσατο,
1519 1857 1762 1914 τουτέστι
1800 1866 1900 1929 τῆς

233 1947 471 2020 πρώτης
533 1946 726 2021 μοίρας
780 1949 875 1999 τοῦ
933 1950 1100 2019 Κριοῦ
1138 1992 1152 2015 ,
1209 1942 1538 2008 ἀναποδίσας
1601 1945 1653 2000 ἐν
1713 1947 1849 2021 αὐτῇ
1885 1992 1898 2018 ,

232 2033 299 2088 τὰ
358 2041 466 2103 τῆς
523 2033 898 2109 πεντατρόπου
961 2036 1227 2105 κινήσεως
1261 2077 1274 2102 ,
1335 2033 1505 2110 ἤγουν
1558 2041 1658 2104 τῆς
1725 2034 1900 2090 ἐνιαυ-

236 2123 423 2178 σιαίου
479 2121 762 2196 περιόδου,
815 2122 1130 2198 ἐπλήρωσε·
1194 2123 1283 2177 καὶ
1341 2123 1394 2177 ἐν
1451 2128 1570 2187 ταῖς
1617 2123 1812 2186 ἄλλαις
1871 2127 1901 2180 ι“

233 2218 360 2274 ταῖς
431 2214 566 2285 μετά
621 2214 714 2267 τὸν
769 2209 1144 2284 ἀναποδισμὸν
1195 2213 1330 2266 κατὰ
1385 2212 1475 2266 τὸν
1523 2207 1689 2267 τόπον
1743 2212 1898 2288 γενό-

240 2321 410 2374 μενος
452 2300 504 2355 ἐν
555 2302 600 2373 ᾧ
631 2302 696 2370 ἦν
750 2299 839 2356 ὅτε
884 2302 946 2355 τὸ
989 2305 1218 2374 σημεῖον
1251 2298 1437 2372 ἐδόθη,
1473 2301 1546 2363 ὡς
1598 2300 1650 2356 ἐν
1701 2302 1896 2366 ὑποθὲο

235 2411 314 2445 σει
352 2391 527 2446 εἰπεῖν
560 2389 612 2445 ἐν
663 2394 732 2463 τῇ
786 2395 883 2462 μιᾷ
930 2390 1020 2444 καὶ
1075 2388 1302 2462 ἡμισείᾳ
1352 2410 1518 2465 μοιρᾳ
1563 2393 1660 2444 τοῦ
1708 2395 1896 2466 Κριοῦ,

233 2479 458 2553 ὁμοίως
507 2479 574 2534 τὰ
618 2485 719 2548 τῆς
779 2480 950 2549 αὐτῆς
1008 2479 1380 2554 πεντατρόπου
1427 2481 1693 2550 κινήσεως
1723 2478 1895 2551 ἐπλή-

234 2589 387 2644 ρωσε
452 2567 588 2624 κατὰ
667 2567 946 2636 ἀνάλυσιν,
1005 2566 1138 2643 ὅπερ
1196 2565 1536 2630 ἀναλυτικῶς
1595 2565 1842 2624 ἐκάλεσεν
1879 2587 1891 2600 ·

231 2659 336 2713 οὐκ
398 2661 464 2727 ἦν
520 2659 626 2732 γὰρ
685 2659 849 2713 αὐτὸν
903 2655 1070 2713 πάλιν
1127 2657 1178 2712 ἐν
1239 2662 1308 2732 τῇ
1373 2663 1470 2731 μιᾷ
1522 2658 1612 2712 καί
1669 2657 1896 2732 ἡμισείᾳ

235 2747 415 2821 μοίρᾳ
443 2746 612 2821 ταύτῃ
639 2751 736 2802 τοῦ
789 2751 954 2822 Κριοῦ
984 2748 1250 2823 γενέσθαι,
1286 2747 1421 2818 ἅπαξ
1472 2748 1774 2802 ἀποστάντα
1803 2749 1895 2803 ἀπ’

229 2836 432 2906 αὐτῆς,
469 2837 544 2909 μὴ
578 2834 668 2890 διὰ
706 2841 813 2891 τῶν
835 2841 934 2890 τοῦ
965 2835 1209 2892 ἐνιαυτοῦ
1240 2838 1486 2912 ἡμερῶν,
1520 2838 1596 2899 ὡς
1623 2835 1853 2912 εἷ’ρηται.

303 2928 640 3004 Έμφέρεται
692 2928 929 3005 φήμαις.
970 2927 1117 2981 Ἀντὶ
1165 2931 1262 2981 τοῦ
1319 2927 1604 3002 ἱστορίαις.

302 3015 530 3087 Μίθρου
575 3014 795 3070 τελοῦσι
831 3058 843 3071 .
906 3015 1112 3084 Μίθραν
1171 3017 1263 3070 τὸν
1324 3013 1484 3085 ἥλιον
1540 3014 1738 3090 Πέρσαι
1792 3037 1888 3070 κα-

228 3101 420 3160 λοῦσι.
479 3104 554 3161 Τὸ
602 3105 922 3179 παρὲκταμα
971 3102 1062 3158 οὖν
1119 3111 1218 3174 τῆς
1269 3105 1479 3179 ἡμέρας
1533 3103 1742 3175 ἐκείνης
1802 3102 1890 3159 διὰ

225 3198 323 3248 τοῦ
375 3191 706 3268 τριπλασίου
757 3192 1013 3265 ἐσήμανε.
1065 3193 1383 3266 Σημείωσαι
1434 3191 1490 3248 δὲ
1542 3194 1677 3269 πρὸς
1709 3193 1886 3267 τούτῳ

1933 1905 1980 1972 Β

2018 624 2076 677 et
2107 622 2454 679 descensum
2488 625 2807 681 australem
2841 627 2913 681 ab
2957 627 3066 683 hoc
3095 628 3442 700 mquinoctio
3473 634 3544 688 ad
3577 634 3665 689 hi-

2018 707 2261 766 bernum
2291 729 2478 783 usque
2509 713 2852 784 solstitium,
2884 720 2942 769 et
2978 715 3051 770 ab
3081 716 3192 772 hoc
3225 735 3430 775 rursus
3460 737 3665 777 ascen-

2018 815 2150 854 sum
2182 801 2502 857 australem
2533 804 2604 857 ad
2640 804 3092 874 azquinoctium;
3128 810 3184 860 et
3214 807 3504 878 quintam,
3538 812 3667 866 uni-

2014 904 2184 943 verso
2225 891 2601 946 contrariam.
2656 893 2896 958 Quando
2927 893 3110 964 igitur
3153 895 3666 967 quinqueformem

2015 977 2144 1047 ejus
2177 983 2401 1034 motum
2429 979 2766 1052 appellavit,
2801 982 3165 1054 appositione
3197 985 3426 1040 articuli
3460 987 3664 1042 subin-

2014 1064 2228 1121 dicavit
2258 1066 2426 1123 illum
2479 1074 2702 1124 motum
2753 1074 2809 1124 et
2857 1075 3204 1126 consuetum
3239 1073 3381 1129 solis
3414 1080 3666 1132 motum.

2015 1154 2109 1210 Sic
2141 1155 2337 1227 itaque
2368 1159 2769 1228 expendamus
2793 1159 2934 1230 quid
2963 1177 2995 1213 a
3021 1161 3189 1215 Patre
3221 1178 3325 1232 per
3347 1162 3468 1219 haec
3489 1165 3666 1222 verba

2014 1244 2236 1300 dictum
2270 1246 2366 1301 sit.
2415 1247 2833 1318 Supponamus
2885 1247 3067 1304 solem
3103 1249 3204 1304 illa
3251 1250 3364 1318 die,
3398 1251 3542 1309 hora
3573 1256 3666 1310 sui

2015 1340 2199 1400 ortus,
2231 1336 2414 1390 fuisse
2461 1337 2517 1389 in
2551 1337 2742 1406 prima
2775 1343 2938 1408 parte
2985 1337 3220 1406 Arietis,
3255 1357 3384 1411 qua:
3419 1359 3535 1397 non
3564 1343 3668 1398 ha-

2011 1422 2145 1477 beat
2178 1425 2446 1489 minuta;
2481 1441 2594 1479 non
2632 1431 2857 1496 poterat
2887 1426 3084 1497 itaque
3116 1428 3188 1482 ad
3219 1427 3371 1483 hanc
3407 1431 3663 1500 primam

2013 1517 2240 1584 partem
2272 1513 2486 1568 Arietis
2509 1514 2851 1583 redire,nisi
2885 1515 3169 1581 confecta,
3189 1533 3362 1586 quam
3397 1521 3662 1588 praescri-

2013 1601 2266 1672 psimus,
2296 1602 2731 1673 quinqueformi
2781 1603 3056 1673 motione,
3093 1621 3194 1675 per
3243 1605 3366 1660 dies
3398 1606 3667 1666 videlicet

2012 1694 2302 1747 trecentos
2342 1691 2646 1764 sexaginta
2695 1692 2958 1764 quinque
3005 1697 3061 1749 et
3109 1699 3382 1764 quartam
3414 1701 3663 1766 partem-

2013 1781 2077 1834 In
2107 1778 2308 1834 decem
2341 1779 2520 1849 igitur
2567 1781 2744 1847 horis,
2779 1798 2814 1835 a
2858 1781 3228 1848 duodecima,
3280 1782 3338 1836 in
3372 1799 3489 1855 qua
3517 1790 3662 1854 erat,

2011 1884 2199 1939 usque
2227 1869 2300 1922 ad
2350 1868 2542 1924 locum
2569 1869 2628 1925 in
2672 1887 2785 1940 quo
2816 1875 3009 1926 ortum
3042 1888 3216 1926 suum
3246 1872 3400 1942 fecit,
3423 1871 3482 1927 id
3514 1878 3605 1930 est
3632 1892 3666 1931 a

2010 1954 2201 2026 prima
2232 1961 2393 2023 parte
2421 1956 2656 2023 Arietis,
2681 1959 2752 2012 ad
2786 1957 2976 2028 ipsam
3009 1959 3462 2030 retrogrediens,
3488 1961 3662 2031 quin-

2009 2044 2371 2115 queformem
2423 2051 2671 2111 motum,
2705 2046 2826 2101 sive
2875 2062 3138 2102 annuum
3173 2047 3530 2104 curriculum
3559 2067 3572 2116 ;
3605 2053 3664 2106 et

2007 2133 2067 2188 in
2100 2132 2231 2189 aliis
2257 2135 2455 2190 decem
2491 2139 2623 2206 post
2672 2135 3255 2207 retrogradationem,
3287 2137 3440 2194 312
3473 2138 3531 2193 in
3563 2156 3662 2195 eo-

2007 2223 2136 2278 dem
2171 2224 2340 2296 signo
2372 2224 2504 2290 fuit,
2538 2224 2595 2278 in
2629 2240 2745 2294 quo
2777 2229 2922 2291 erat,
2958 2226 3195 2295 quando
3225 2225 3462 2296 signum
3494 2227 3663 2283 exhi-

2007 2311 2238 2382 beatur,
2273 2317 2336 2367 ut
2365 2313 2803 2383 quodammodo
2836 2313 3028 2367 dicam
3061 2329 3129 2368 ex
3160 2313 3562 2385 suppositione
3594 2316 3654 2371 in

2005 2399 2196 2471 prima
2225 2405 2282 2454 et
2312 2401 2560 2456 dimidia
2592 2406 2753 2473 parte
2797 2400 3036 2466 Arietis,
3071 2400 3342 2456 similiter
3375 2402 3432 2456 in
3465 2404 3655 2460 reditu

2005 2490 2176 2561 (quod
2215 2488 2556 2546 resolutorie
2604 2489 2769 2561 dixit)
2813 2490 3086 2545 eumdem
3142 2489 3654 2561 quinqueformem

2006 2583 2230 2634 motum
2264 2578 2532 2650 explevit,
2565 2579 2844 2650 quoniam
2877 2595 2992 2634 non
3024 2583 3252 2651 poterat
3283 2579 3498 2634 iterum
3531 2581 3652 2653 pri-

2002 2684 2159 2725 mam
2193 2673 2250 2724 et
2278 2667 2586 2724 dimidiam
2629 2667 2790 2723 illam
2846 2667 3056 2724 Arietis
3087 2672 3310 2740 partem
3343 2668 3650 2742 attingere,

2001 2761 2316 2829 postquam
2349 2757 2530 2813 semel
2563 2757 2635 2813 ab
2665 2773 2734 2813 ea
2765 2760 3109 2828 recesserat,
3142 2755 3255 2813 nisi
3285 2773 3389 2828 per
3415 2757 3647 2815 dierum

2001 2846 2138 2902 anni
2171 2847 2454 2918 spatium,
2493 2846 2578 2900 uti
2609 2846 2830 2901 dictum
2861 2851 2970 2901 est.

2067 2940 2354 2992 Feruntur
2382 2938 2551 3004 fama.
2589 2935 2651 2989 Id
2684 2939 2773 2990 est
2802 2933 3086 2990 historiis.

2067 3024 2251 3079 Mithri
2281 3025 2576 3080 celebrant.
2624 3024 2898 3079 Mithram
2947 3027 3159 3078 vocant
3207 3027 3392 3077 Persea
3440 3021 3646 3080 solem.

1997 3114 2116 3168 Diei
2135 3119 2330 3169 autem
2349 3113 2510 3168 illius
2528 3113 2926 3168 extensionem
2945 3129 3044 3184 per
3065 3112 3388 3183 ritus,quos
3411 3117 3650 3184 pr0pter

1996 3203 2338 3258 memoriam
2390 3201 2669 3272 triplicati
2719 3201 2860 3256 solis
2908 3201 3239 3269 observant,
3270 3199 3644 3272 signiﬁcavit.

225 3283 312 3336 καὶ
381 3281 507 3357 περὶ
563 3285 660 3336 τοῦ
715 3282 821 3336 ἀπὸ
879 3282 1023 3357 ὥρας
1077 3280 1238 3353 ἕκτης
1295 3279 1398 3344 ἕως
1459 3281 1603 3358 ὥρας
1652 3284 1695 3336 θ’
1731 3304 1882 3357 γενο-

2005 3292 2146 3347 Nota
2178 3291 2418 3363 insuper
2443 3291 2582 3362 quid
2618 3291 2772 3345 dicat
2793 3290 2888 3344 hic
2919 3290 3087 3344 Pater
3117 3289 3187 3343 de
3216 3289 3475 3344 tenebris
3505 3289 3646 3356 illis,

232 3373 404 3444 μένου
463 3371 688 3433 σκότους
742 3369 829 3424 ἐπί
886 3376 1055 3426 πᾶσαν
1112 3373 1211 3440 τήν
1271 3379 1374 3446 γῆν
1424 3377 1504 3443 τῷ
1558 3376 1731 3447 καιρῷ
1787 3379 1886 3441 τῆς

223 3464 324 3514 τοῦ
363 3460 564 3534 Κυρίου
595 3459 964 3534 σταυρώσεως,
991 3461 1043 3514 τί
1078 3459 1228 3533 λέγει
1260 3463 1286 3515 ὁ
1317 3463 1526 3534 Πατήρ.

302 3549 455 3602 Κατὰ
551 3549 654 3618 τήν
753 3547 1147 3605 Ἡλιούπολιν.
1250 3551 1365 3618 Τὴν
1469 3549 1520 3603 ἐν
1623 3548 1885 3624 Αἰγύπτῳ

225 3635 596 3693 Ἡλιούπολιν
650 3635 786 3698 ’ίσως
843 3637 1028 3712 φησίν⁴
1086 3635 1162 3694 ἔτι
1218 3639 1320 3712 γὰρ
1376 3637 1733 3713 ἀνεγίνωσκον
1774 3638 1886 3692 ἐκεῖ

227 3726 365 3799 ἅμα.

298 3810 652 3887 Παραδόξως.
715 3814 854 3868 Φασὶ
913 3813 1041 3889 γὰρ,
1106 3815 1180 3887 μή
1244 3815 1438 3890 ἑτέρως
1490 3813 1728 3889 γίνεσθαι
1779 3815 1879 3885 τήν

223 3899 498 3976 ἔκλειψιν,
530 3902 578 3956 εί
613 3905 688 3976 μή
723 3904 1052 3976 συνεμπέσοι
1075 3905 1109 3973 ἡ
1142 3903 1341 3974 σελήνη
1374 3908 1453 3974 τῷ
1483 3902 1654 3975 ἡλίῳ.

295 3991 470 4056 Αὖθίς
524 4013 584 4046 τε
641 3991 828 4062 αὐτήν,
901 3993 1218 4066 Σημείωσαι
1274 3993 1509 4048 ἐντεῦθεν
1564 3993 1664 4062 τὴν
1726 3992 1878 4048 λύσιν

218 4085 319 4136 τοῦ
351 4081 499 4156 παρᾶ
529 4085 607 4152 τῷ
639 4079 1000 4155 εὐαγγελιστῇ
1043 4087 1226 4152 Λουκᾷ
1271 4073 1651 4157 ἀπορήματος.
1686 4079 1880 4144 Οὐδεὶς

223 4167 281 4224 δὲ
338 4171 406 4224 τὸ
466 4169 610 4238 ξενον
663 4173 759 4222 τοῦ
808 4169 1014 4244 τρόπου
1071 4169 1158 4224 καὶ
1216 4174 1313 4224 τοῦ
1359 4170 1631 4244 θαύματος
1683 4168 1879 4246 διηγη-

221 4279 382 4325 σατο,
437 4256 481 4312 εἷ
540 4259 615 4330 μὴ
678 4256 843 4330 μόνος
901 4258 1056 4319 οὗτος
1101 4303 1114 4315 .
1174 4261 1286 4315 Τοῦ
1335 4259 1435 4333 γὰρ
1496 4259 1640 4323 θείου
1697 4266 1880 4314 Λουκᾶ

222 4346 502 4416 εἰπόντος,
560 4345 665 4400 ἀπὸ
725 4347 767 4410 ς’
829 4346 972 4421 ὥρας
1032 4348 1224 4410 σκότος
1279 4348 1331 4401 ἐν
1379 4352 1458 4418 τῷ
1515 4352 1728 4424 σταυρῷ
1782 4353 1878 4403 τοῦ

222 4436 432 4510 Κυρίου
511 4437 802 4510 γενέσθαι,
858 4437 956 4490 τοῦ
1039 4434 1204 4504 ἡλίου
1286 4435 1658 4503 ἐκλείποντος,
1733 4440 1879 4512 παρὰ

222 4528 389 4578 πᾶσιν
448 4518 874 4599 ἀμφεϐἀλλετο,
923 4528 1039 4586 πῶς
1088 4522 1330 4598 ἔκλειψιν
1378 4525 1599 4581 ἐκάλεσε
1654 4526 1876 4596 ταύτην,

221 4619 325 4682 τῆς
388 4612 625 4684 σελήνης
681 4611 1314 4686 τεσσαρεσκαιδεκαταίας
1377 4615 1585 4686 οὸσης,
1641 4615 1702 4670 οὐ
1768 4617 1875 4688 μὴν
1909 4647 1952 4711 D

226 4699 459 4757 συνόδου
485 4701 652 4772 οὔσης
695 4701 860 4772 ἡλίου
908 4702 996 4757 καὶ
1053 4703 1318 4773 σελήνης.
1360 4704 1426 4761 Oi
1473 4704 1573 4780 γὰρ
1618 4703 1873 4779 ἐξηγηταὶ

225 4787 429 4866 σχεδὸν
489 4791 684 4853 πάντες
743 4791 1182 4867 μεταγενέστεροι
1241 4791 1445 4864 πολλῷ
1497 4797 1604 4847 τῶν
1659 4793 1870 4869 χρόνων

220 4879 434 4935 τούτων
464 4875 636 4949 ὄντες,
686 4874 958 4934 ὑπέλαϐον
1009 4881 1102 4935 τὸν
1155 4878 1320 4950 ἥλιον
1369 4881 1528 4936 αὐτὸν
1573 4880 1870 4937 ἀποοαλεῖν

220 4967 318 5028 τὰς
381 4967 602 5030 ἀκτῖνας
657 4969 754 5030 τὰς
811 4974 957 5043 τρεῖς
1007 4967 1151 5043 ὥρας
1196 4965 1300 5032 ἕως
1331 4976 1432 5038 τῆς
1483 4969 1726 5040 ἐννάτης.
1762 4971 1873 5026 Ἐν-

217 5061 393 5120 ταῦθα
439 5058 624 5130 μέντοι
672 5058 761 5112 καὶ
794 5058 822 5112 ὁ
853 5058 1000 5127 ξένος
1047 5059 1252 5132 τρόπος
1296 5057 1507 5132 εἷ’ρηται
1549 5066 1652 5126 τῆς
1697 5058 1872 5115 ἐκλεί-

221 5149 392 5219 ψεως.
429 5147 604 5217 Φησίν
654 5144 745 5200 οὖν
797 5145 882 5201 ὅτι
912 5147 1003 5201 ἀπ’
1036 5147 1317 5203 ἀνατολῶν
1363 5146 1873 5224 τεσσαρεσκαιδεκα-

218 5235 347 5289 ui:
415 5233 550 5290 οῦσα
622 5234 700 5306 (0’
810 5235 826 5254 ”
949 5237 976 5258 ⁷
1105 5259 1112 5274 ι
1170 5234 1230 5291 ό⁵
1489 5237 1566 5292 ό·
1651 5236 1674 5255 ”
1821 5259 1838 5268 ·

681 5258 708 5290 υ
766 5255 866 5311 γαρ
943 5258 1009 5305 ην
1072 5257 1162 5289 cev
1204 5255 1300 5290 οου
1359 5257 1482 5312 καιρ
1522 5241 1596 5312 ς)
1650 5239 1870 5304 εφθασεν

222 5324 369 5399 ὥραν
403 5328 448 5390 ς’
474 5326 568 5382 τὸν
623 5324 811 5396 ἥλιον,
869 5325 961 5381 καὶ
1018 5325 1328 5399 ἐμπεσοῦσα
1385 5327 1462 5390 είς
1521 5329 1680 5384 αὐτὸν
1744 5330 1870 5383 ὺπέ-

222 5410 454 5488 δραμεν,
515 5412 672 5471 αὐτὸν
737 5409 1102 5471 εἰσϐάλλουσα
1160 5415 1236 5478 εἷς
1293 5416 1357 5470 τὸ
1415 5417 1551 5492 πρὸς
1607 5415 1872 5478 ἀνατολὰς

1996 3397 2123 3452 quae
2156 3388 2418 3452 tempore
2441 3378 2835 3435 cruciﬁxionis
2868 3378 3100 3434 Domini
3121 3379 3285 3432 factae
3308 3381 3449 3432 sunt
3469 3393 3648 3450 super

1996 3467 2329 3524 universam
2355 3474 2594 3535 terram,
2619 3468 2690 3523 ab
2724 3468 2868 3522 hora
2892 3471 3055 3522 sexta
3086 3482 3272 3537 usque
3303 3465 3374 3520 ad
3403 3482 3643 3522 nonam.

2061 3561 2241 3612 Juxta
2268 3557 2629 3628 Heliopolim.
2682 3554 3085 3611 Verisimiliter
3132 3552 3512 3625 intelligenda
3542 3553 3646 3608 He-

1993 3643 2247 3716 liopolis,
2283 3661 2410 3716 quae
2444 3649 2532 3700 est
2563 3645 2620 3698 in
2645 3644 2906 3714 (Egypto,
2936 3642 3016 3698 ibi
3048 3641 3203 3697 enim
3237 3642 3430 3698 adhuc
3460 3641 3642 3698 simul

1991 3734 2299 3806 degebant.
3023 3735 3028 3740 ’

2063 3822 2396 3893 Prodigiosa.
2429 3821 2606 3875 Aiunt
2634 3821 2810 3889 enim,
2851 3835 2962 3874 non
3000 3818 3166 3874 aliter
3196 3815 3463 3888 eclipsim
3496 3816 3643 3888 fieri,

1990 3909 2104 3966 nisi
2137 3911 2279 3965 luna
2313 3925 2447 3965 cum
2479 3909 2599 3964 sole
2630 3908 2924 3964 inciderit.

2064 4004 2127 4056 Et
2155 3999 2398 4055 eamdem
2428 4014 2639 4052 rursus.
2698 3997 2955 4052 Observa
2986 3995 3123 4050 hinc
3155 3993 3504 4050 solutionem
3531 3995 3642 4050 du-

1989 4088 2071 4143 bii
2103 4089 2256 4159 apud
2300 4088 2518 4142 Lucam
2567 4085 3009 4156 evangelistam.
3044 4085 3222 4140 Nemo
3254 4084 3408 4138 enim
3441 4084 3641 4155 prodi-

1985 4177 2217 4249 giosum
2252 4177 2431 4233 istum
2485 4174 2751 4230 miraculi
2805 4175 3042 4228 modum
3079 4172 3404 4244 explicavit,
3439 4176 3646 4245 praeter

1985 4265 2145 4321 hunc
2175 4266 2380 4322 solum.
2434 4268 2576 4320 Cum
2625 4263 2780 4319 enim
2832 4264 2902 4318 D.
2944 4268 3129 4318 Lucas
3177 4262 3351 4328 dicat,
3393 4261 3465 4316 ab
3497 4262 3642 4318 hora

1986 4360 2149 4411 sexta
2180 4355 2450 4410 tenebras
2497 4355 2557 4408 in
2608 4370 2778 4408 cruce
2825 4353 3056 4409 Domini
3109 4353 3291 4408 factas
3336 4367 3486 4421 esse,
3519 4350 3640 4407 sole

1986 4445 2314 4509 deficiente,
2344 4443 2416 4498 ab
2465 4444 2742 4499 omnibus
2793 4443 3012 4514 passim
3062 4441 3459 4505 dubitabatur,
3496 4455 3639 4510 quo-

1987 4534 2161 4588 modo
2192 4533 2342 4588 hanc
2374 4531 2618 4604 eclipsin
2654 4531 2983 4603 appellarit,
3019 4547 3152 4586 cum
3185 4534 3338 4585 esset
3366 4527 3509 4583 luna
3541 4529 3639 4582 de-

1987 4620 2141 4674 cima
2170 4624 2402 4690 quarta,
2453 4619 2688 4689 quando
2741 4636 2850 4672 non
2887 4626 2975 4672 est
3022 4615 3360 4687 conjunctio
3411 4614 3552 4671 solis
3582 4618 3640 4669 et

1983 4706 2157 4762 lunze.
2191 4708 2692 4762 Commentatores
2746 4709 2923 4760 ferme
2955 4721 3180 4775 omnes,
3218 4709 3419 4775 utpote
3463 4703 3638 4774 longo

1987 4801 2248 4868 tempore
2303 4797 2653 4866 posteriores
2705 4795 3162 4866 suspicabantur
3204 4793 3386 4848 solem
3439 4792 3638 4864 ipsum

1984 4903 2084 4956 per
2113 4891 2232 4940 tres
2256 4885 2429 4939 horas
2453 4885 2649 4939 radios
2673 4883 2972 4938 abdidisse
2993 4899 3175 4954 usque
3197 4883 3269 4936 ad
3303 4882 3506 4936 horam
3531 4897 3637 4936 no-

1984 4990 2142 5028 nam.
2178 4973 2280 5028 Hic
2310 4978 2464 5028 certe
2487 4989 2670 5027 novus
2700 4972 2797 5027 ille
2827 4971 3149 5042 eclipsandi
3180 4971 3392 5025 modus
3421 4973 3511 5025 est
3538 4985 3638 5024 ex-

1983 5061 2256 5133 plicatus.
2306 5061 2400 5116 Ait
2453 5061 2651 5132 itaque
2701 5061 2855 5132 quod
2909 5061 2980 5115 ab
3029 5059 3275 5124 oriente,
3319 5075 3451 5113 cum
3486 5063 3641 5114 esset

1982 5151 2125 5206 luna
2155 5152 2379 5206 decima
2421 5155 2632 5221 quarta
2679 5153 2887 5219 (neque
2920 5148 3076 5203 enim
3121 5153 3357 5220 tempus
3389 5147 3638 5218 conjun-

1982 5239 2194 5294 ctionis
2227 5239 2370 5310 erat)
2403 5240 2512 5295 sub
2545 5239 2749 5293 horam
2784 5243 3003 5295 sextam
3031 5237 3210 5293 solem
3242 5240 3510 5293 assecuta
3539 5235 3636 5307 sit,

1982 5332 2039 5382 et
2069 5329 2406 5384 coincidens
2440 5328 2549 5382 sub
2583 5327 2710 5398 ipso
2742 5343 2982 5382 cursum
3013 5326 3286 5392 tenuerit,
3320 5328 3515 5399 ipsum
3540 5341 3637 5380 us-

1983 5432 2098 5488 que
2127 5419 2200 5473 ad
2233 5415 2573 5472 orientalem
2607 5415 2766 5471 orbis
2814 5415 3024 5472 solaris
3055 5420 3278 5488 partem
3311 5414 3637 5471 invadenda

1233 5613 1472 5675 νΑΒΙΑι
1506 5614 1897 5674 LEGTIONES
1936 5615 2028 5672 ET
2064 5611 2625 5672 CORRECTIONES.

296 5728 343 5763 ⁸⁸
375 5723 600 5799 δεκάτης
611 5771 622 5784 .
