4034 6214
425 379 533 438 543
1131 463 1138 478 ι
1249 382 1615 437 APPENDIX
1651 383 1749 434 AD
1783 378 2030 435 OPERA
2064 381 2124 436 S.
2162 381 2479 438 DIONYSII
2515 381 3022 440 AREOPAGITE.
3694 381 3780 438 544

431 506 592 565 Unde
621 504 796 562 etiam
831 504 988 560 venit
1007 504 1148 560 luna
1176 507 1233 560 et
1252 504 1522 576 ingressa
1550 502 1660 557 sub
1682 502 1806 574 ipso
1837 518 2074 557 cursum
2106 544 2116 569 λ

2315 502 2550 572 ἡλιακοῦ
2602 500 2790 558 δίσκου
2841 503 3028 576 μέρος·
3063 499 3183 565 ὅθεν
3215 499 3304 555 καὶ
3342 497 3497 569 ἦλθεν
3528 502 3560 570 ἡ
3591 501 3782 574 σελήνη,

426 596 638 661 tenuit,
672 613 737 650 ac
770 599 1127 665 retrogressa
1158 599 1248 649 est
1289 595 1471 648 donec
1502 596 1689 647 totum
1721 593 1850 662 ejus
1880 592 2081 647 orbem

2334 587 2515 649 ετσέϐη
2579 592 2959 667 ὑποτρέχουσα
3028 589 3187 644 αὐτὸν
3245 590 3331 644 καὶ
3391 588 3783 665 ἀναποδίζουσα,

430 684 787 742 obscuravit.
849 683 1164 754 Oportebat
1224 683 1446 753 utique,
1507 683 1554 736 si
1612 681 1830 736 usitata
1877 681 2085 736 fuisset

2352 680 2414 735 οὗ
2467 678 2596 736 ὅλον
2646 681 2737 735 τὸν
2786 681 2954 735 αὐτοῦ
3009 676 3190 733 δίσκον
3240 677 3495 735 ἐσκίασαν.
3534 677 3666 734 Ἔδει
3693 681 3784 750 οὗν,

431 774 771 846 eclipsis,ex
802 773 1005 828 eadem
1041 775 1198 842 parte
1221 775 1277 826 et
1307 771 1689 826 defectionem
1719 774 1776 825 et
1807 785 2084 841 repurga-

2300 773 2334 838 ,ν
2394 771 2531 825 κατά
2579 770 2642 825 τὸ
2685 769 2913 840 σύνηθες
2961 765 3226 841 ἔκλειψις,
3278 767 3338 822 ἐκ
3394 770 3488 822 τοῦ
3531 767 3676 823 αὐτοῦ
3719 770 3789 841 pi-

431 865 647 920 tionem
683 863 982 927 exsistere,
1020 865 1085 916 ut
1116 861 1350 932 quando
1384 859 1523 914 luna
1555 859 1663 915 sub
1693 859 1814 915 sole
1844 875 2083 915 cursum

2300 859 2440 922 ςκαὶ
2469 861 2567 928 τὴν
2619 853 2862 932 ἔκλειψιν
2908 857 2998 912 καὶ
3047 857 3148 925 τὴν
3196 856 3542 930 ἀνακάθαρσιν
3571 856 3785 932 γενέσθαι·

436 969 609 1012 suum
635 950 1042 1023 peragit,verbi
1071 949 1259 1022 gratia
1279 964 1346 1004 ex
1368 948 1868 1020 oriente,primam
1893 947 2086 1002 orien-

2300 973 2304 995 ι
2338 948 2426 1003 ὅτε
2459 949 2751 1024 ὑποτρέχει
2783 949 2817 1017 ἡ
2854 945 3062 1017 σελήνη
3112 946 3205 1000 τὸν
3243 941 3427 1017 ἥλιον,
3478 945 3596 1022 φέρε
3633 945 3788 1014 εἰπεῖν,

435 1043 609 1098 talem
637 1040 844 1096 solaris
866 1039 1012 1094 disci
1036 1043 1259 1110 partem
1286 1039 1438 1092 318
1461 1037 1751 1106 obfuscat,
1775 1037 1885 1092 sub
1908 1053 2083 1108 quam

2300 1037 2555 1093 ινατολῶν
2603 1042 2820 1112 πρῶτον
2854 1034 3195 1113 ἀντιφράττει
3250 1034 3411 1108 μέρος
3458 1038 3549 1088 τοῦ
3594 1032 3792 1104 ἡλιακοῦ

438 1131 616 1187 etiam
646 1144 880 1184 currere
927 1131 1140 1199 cmpit;
1192 1127 1331 1182 inde
1363 1125 1546 1197 igitur
1593 1127 1768 1181 etiam
1801 1143 1869 1181 ex
1899 1126 2087 1181 orien-

2300 1149 2380 1182 ιου
2426 1129 2488 1182 τὸ
2533 1126 2877 1199 ἀνατολικὸν,
2923 1123 3054 1200 ὅπερ
3100 1123 3190 1180 καὶ
3235 1122 3436 1198 ἤρξατο
3493 1125 3789 1199 ὑποτρέχειν·

437 1219 542 1276 tali
573 1223 736 1290 parte
766 1217 1023 1290 primum
1074 1215 1280 1288 incipit
1325 1214 1467 1272 solis
1517 1215 1716 1270 discus
1761 1214 2085 1287 repurgari,

2300 1221 2394 1280 ἷθεν
2425 1217 2514 1271 οὖν
2563 1217 2622 1271 ἐκ
2666 1220 2764 1270 τοῦ
2808 1214 3133 1270 άνατολικοῦ
3189 1215 3386 1289 μέρους
3431 1213 3520 1268 καὶ
3550 1213 3795 1267 ἀνακαθαί-

437 1310 575 1364 dum
607 1308 748 1362 luna
766 1306 955 1362 tendit
977 1307 1048 1361 ad
1069 1306 1450 1369 occidentem,
1468 1304 1729 1376 etprima
1747 1321 1882 1375 pars
1905 1303 2088 1374 (nem-

2300 1317 2379 1370 θαι
2408 1303 2633 1381 ἄρχεται
2663 1307 2691 1360 ὁ
2723 1302 2912 1365 δίσκος
2955 1307 3053 1358 τοῦ
3101 1303 3284 1372 ἡλίου,
3339 1309 3440 1370 τῆς
3488 1299 3704 1372 σελήνης
3729 1299 3796 1355 ἐπὶ

438 1415 509 1470 pe
559 1395 883 1463 orientalis,
930 1411 1105 1465 quam
1154 1397 1335 1450 etiam
1388 1393 1636 1470 primam
1684 1392 2090 1465 occultaverat)

2304 1395 2404 1468 μὰς
2453 1393 2782 1470 τρεχούσης,
2832 1393 2921 1448 καὶ
2971 1396 3186 1463 πρῶτον
3240 1390 3700 1460 ἀνακαλυπτούσης
3727 1392 3798 1463 μέ-

439 1487 905 1558 detegitur,dum
939 1485 1050 1539 sub
1081 1484 1262 1540 solem
1299 1485 1554 1556 prasterit
1582 1488 1758 1555 atque
1788 1488 2090 1538 transcur-

2327 1485 2378 1538 ἐν
2427 1488 2507 1555 τῷ
2555 1482 2802 1559 παριέναι
2851 1481 2942 1537 καὶ
2988 1483 3354 1557 παρατρέχειν
3385 1483 3453 1517 ⁸⁸*
3480 1480 3569 1534 τὸν
3591 1476 3800 1548 ἤλιον,ὂ

441 1576 536 1631 rit.
594 1574 713 1630 Sub
771 1573 1088 1630 salutarem
1147 1575 1342 1628 autem
1395 1571 1751 1644 passionem,
1805 1588 1921 1626 non
1980 1571 2091 1626 hoc

2343 1577 2562 1648 πρῶτον
2615 1571 2874 1646 ἐκάλυψε,
2935 1571 3179 1626 τουτέστι
3231 1571 3295 1625 τὸ
3343 1567 3670 1624 ἀνατολικὸν.
3705 1568 3798 1624 Ἐπὶ

443 1663 618 1719 modo
651 1663 960 1732 contingit,
995 1663 1094 1717 sed
1144 1661 1457 1716 contrario.
1507 1661 1650 1716 Nam
1682 1661 1823 1717 luna
1853 1660 2092 1716 veniens

2313 1667 2410 1717 τοῦ
2477 1665 2756 1736 σωτηρίου
2815 1660 3020 1724 πάθονς
3076 1659 3185 1734 οὐχ
3238 1658 3382 1713 οὕτω
3428 1657 3652 1732 γέγονεν,
3687 1654 3804 1712 ἀλλὰ

443 1753 518 1809 ab
549 1752 771 1808 oriente
818 1751 929 1805 sub
979 1749 1158 1807 solem
1193 1750 1473 1818 cucurrit,
1518 1755 1573 1805 et
1618 1753 1807 1806 totum
1839 1751 1967 1819 ejus
1999 1765 2093 1806 or-

2300 1750 2512 1805 ναντίον
2546 1793 2557 1806 .
2619 1749 2703 1821 Ἐξ
2762 1749 3043 1805 ἀνατολῶν
3101 1749 3206 1825 γὰρ
3263 1747 3492 1803 ἐλθοῦσα
3542 1747 3577 1816 ἡ
3631 1743 3802 1816 σελήνη

441 1842 576 1897 hem
627 1839 907 1909 obduxit;
959 1840 1171 1895 deinde
1221 1856 1338 1894 non
1396 1838 1550 1894 ultra
1607 1839 1678 1893 ad
1728 1838 2086 1894 occidentem

2300 1839 2483 1914 ιδραμε
2528 1841 2619 1895 τὸν
2676 1837 2864 1912 ἥλιον,
2923 1839 3014 1894 καὶ
3071 1832 3292 1916 ἔφραξεν
3355 1835 3483 1892 ὅλον
3536 1835 3622 1890 τὸν
3665 1831 3804 1889 δίσκον

441 1930 700 2001 transiit,
734 1931 835 1986 sed
868 1929 1042 1986 rediit
1073 1945 1276 1984 rursus
1307 1928 1375 1984 ad
1410 1928 1716 1998 orientem,
1749 1932 1805 1983 et
1837 1928 2093 2000 primum

2300 1935 2396 1986 τοῦ.
2430 1928 2565 1986 Εέτα
2613 1928 2795 1984 οὐκέτι
2839 1927 2927 1983 ἐπὶ
2977 1925 3186 2001 δυσμὰς
3223 1924 3523 2001 παρῆλθεν,
3559 1923 3672 1981 ἀλλ’
3708 1923 3802 1978 ἀνε-

443 2019 741 2076 denudata
770 2022 859 2074 est
891 2017 1103 2075 solaris
1135 2017 1282 2074 disci
1315 2035 1450 2089 pars
1481 2016 1880 2088 occidentalis,
1912 2016 2100 2088 siqui-

2300 2018 2400 2075 5cos
2451 2018 2613 2075 πάλιν
2674 2017 2763 2074 ἐπὶ
2819 2014 3111 2089 ἀνατολὰς,
3171 2015 3264 2071 καὶ
3311 2015 3581 2091 ἐγύμνωσε
3625 2016 3800 2088 πρῶτον

446 2109 579 2165 dem
603 2107 944 2164 retrocessit
968 2124 1174 2164 versus
1205 2107 1486 2164 orientem
1510 2107 1582 2162 ad
1613 2106 1968 2162 diametrum
1990 2105 2101 2161 soli

2300 2127 2376 2168 >ος
2421 2107 2485 2160 τὸ
2544 2104 2758 2161 δυτικὸν
2807 2109 2904 2160 τοῦ
2948 2104 3188 2175 ἡλιακοῦ
3237 2101 3448 2159 δίσκου’
3503 2101 3574 2165 εἷς
3607 2098 3802 2158 τούπίσω

446 2197 806 2269 oppositum,
841 2198 920 2251 ita
943 2200 1019 2263 {ut
1047 2196 1384 2267 conjunctio
1415 2200 1471 2251 et
1520 2196 1848 2267 repurgatio
1882 2212 1996 2251 non
2029 2195 2100 2250 ab

2300 2193 2634 2271 ›ἀνέδραμεν
2682 2193 2771 2250 ἐπὶ
2817 2194 2880 2249 τὸ
2931 2193 3168 2248 ἐναντίον
3220 2190 3511 2268 διάμετρον
3556 2194 3645 2247 τοῦ
3678 2189 3803 2260 ἡλίου

447 2287 653 2342 eadem
683 2290 847 2357 parte
897 2287 1049 2340 facta
1095 2286 1227 2339 sint.
1281 2284 1537 2356 Phlegon
1587 2284 1820 2355 gentilis
1851 2284 2099 2339 chrono-

2354 2284 2640 2345 ἀνατολάς·
2677 2283 2814 2339 ὥστε
2876 2285 3072 2355 μηκέτι
3123 2283 3222 2350 τήν
3286 2280 3558 2354 ἔμπτωσιν
3608 2279 3685 2335 καὶ
3728 2279 3802 2346 τὴν

447 2373 707 2447 graphus
739 2374 889 2428 libro
920 2373 1147 2429 decimo
1196 2378 1404 2444 quarto
1434 2371 1922 2443 Cbronographiae
1957 2388 2096 2440 suae,

2300 2372 2564 2447 εκάθαρσιν
2616 2371 2676 2427 ἐκ
2722 2375 2820 2426 τοῦ
2859 2370 3024 2426 αὐτοῦ
3075 2373 3274 2444 μέρους
3325 2371 3581 2446 γενέσθαι.
3624 2369 3802 2439 Μέμνη-

446 2464 507 2520 in
567 2463 910 2536 Olympiade
980 2463 1300 2518 centesima
1373 2462 1564 2528 tertia,
1626 2461 1806 2532 hujus
1863 2461 2099 2530 quidem

2348 2464 2442 2536 μὲν
2489 2463 2579 2517 καὶ
2634 2460 2861 2538 Φλέγων
2909 2464 2935 2517 ὁ
2985 2461 3321 2532 Ἑλληνικὸς
3376 2458 3725 2536 χρονογράφος
3767 2454 3804 2510 ἓν

447 2552 734 2625 eclipseos
763 2553 940 2607 etiam
996 2551 1287 2615 meminit,
1320 2550 1520 2606 dicens
1567 2567 1693 2605 eam
1737 2567 1894 2606 more
1926 2551 2100 2608 solito

2302 2549 2637 2624 σκαιδεκάτῳ
2687 2553 3114 2628 Χρονογραφιῶν
3167 2550 3221 2605 ἐν
3275 2553 3347 2624 τῇ
3400 2570 3415 2627 [ξ
3433 2551 3480 2624 γ’
3510 2541 3805 2619 Ὀλυμπιάδι,

448 2642 760 2708 accidisse,
814 2641 913 2696 sed
965 2641 1201 2696 modum
1254 2639 1381 2711 ejus
1429 2656 1546 2694 non
1601 2641 1902 2710 expressit.
1949 2641 2100 2704 Quin

2300 2663 2307 2703 :
2366 2639 2665 2714 ἐκλείψεως
2715 2640 2942 2710 ταύτης,
3002 2638 3146 2715 παρᾶ
3196 2639 3260 2693 τὸ
3308 2638 3499 2700 εἰωθὸς
3547 2636 3692 2704 αὐτὴν
3736 2629 3806 2687 λέ-

452 2733 629 2788 etiam
677 2730 988 2786 Africanus
1044 2733 1244 2785 noster
1290 2728 1440 2784 libro
1488 2728 1692 2800 quinto
1739 2729 2101 2801 Chronogra-

2300 2750 2336 2783 »ν
2377 2728 2642 2805 γενέσθαι·
2703 2729 2765 2784 οὗ
2821 2731 2929 2802 μήν
2986 2728 3078 2783 τὸν
3135 2728 3342 2803 τρόπον
3402 2724 3683 2802 ἀνέγραψε.
3723 2719 3805 2779 Καὶ

452 2820 627 2892 phire,
658 2823 716 2874 et
745 2819 1032 2874 Eusebius
1083 2815 1430 2890 Pamphilus
1462 2815 1680 2872 ibidem
1711 2817 1974 2888 ejusdem
2009 2819 2100 2874 de-

2300 2821 2543 2899 ρρικανὸς
2605 2815 2663 2873 δὲ
2703 2819 2731 2873 ὁ
2787 2817 3057 2893 ἡμέτερος
3116 2815 3168 2872 ἐν
3229 2819 3471 2891 πέμπτῳ
3527 2817 3805 2890 Χρονογρα-

455 2908 726 2964 fectionis
757 2907 1112 2963 mentionem
1146 2907 1299 2962 fecit.

2300 2916 2377 2983 ὗν,
2428 2911 2519 2965 καὶ
2562 2904 2827 2972 Εὐσέϐιος
2877 2910 2905 2964 ὁ
2935 2907 3230 2986 Παμφίλου
3286 2907 3340 2963 ἐν
3396 2912 3512 2970 ταῖς
3557 2906 3715 2966 αὐταῖς
3736 2900 3806 2973 μὲ-

2222 3021 2423 3074 μνηται
2453 3007 2555 3069 τῆς
2587 2998 2753 3068 αὐτῆς
2782 2995 3096 3072 ἐκλείψεως.

920 3111 992 3167 ΙΝ
1032 3111 1442 3168 EPISTOLAM
1481 3111 1628 3169 VIII.

2624 3121 2740 3172 ΕΙΣ
2774 3115 2918 3173 ΤΗΝ
2944 3115 3350 3171 ΕΠΙΣΤΟΛΗΝ
3382 3112 3462 3169 H'.

523 3220 552 3287 §
585 3220 630 3275 Ι.
653 3217 1034 3289 Demophilus
1056 3217 1147 3274 hic
1169 3218 1490 3275 monachus
1514 3223 1658 3288 erat,
1686 3223 1752 3276 ut
1776 3219 1996 3276 indicat
2015 3220 2102 3275 in-

2300 3229 2393 3295 §I.
2456 3221 2779 3297 Δημόφιλος
2831 3222 2988 3283 οὗτος
3053 3222 3295 3295 μοναχὸς
3355 3221 3446 3290 ἦν,
3501 3217 3570 3280 ὡς
3612 3210 3806 3306 δηλοῙῇ

457 3308 700 3382 scriptio
727 3327 742 3379 ;
774 3307 1151 3381 therapeutas
1185 3307 1340 3363 enim
1371 3309 1689 3364 monachos
1711 3309 2104 3380 appellabant.

2300 3314 2497 3390 ιγραφή
2533 3330 2547 3343 ο
2610 3310 2936 3384 θεραπευτὰς
3006 3311 3111 3386 γὰρ
3189 3307 3318 3372 τοὺς
3406 3303 3662 3382 μοναχοὺς
3720 3298 3809 3390 ἑκάς

460 3401 513 3456 Is
532 3403 728 3456 autem
748 3397 1072 3454 insultabat
1087 3397 1424 3470 presbytero
1446 3414 1574 3468 suo,
1600 3398 1741 3470 quin
1765 3399 1938 3455 etiam
1963 3401 2109 3454 indi-

2300 3423 2375 3459 ον.
2421 3403 2765 3477 Τυραννήσας
2819 3397 2876 3455 δὲ
2931 3385 3091 3454 κατὰγ
3122 3393 3498 3474 πρεσϐυτέρου
3551 3394 3709 3460 αὐτοῦ,
3742 3385 3807 3443 ιιΔὶ

460 3488 774 3562 gnabatur,
804 3487 959 3558 quod
1012 3486 1326 3559 quemdam
1379 3503 1409 3542 e
1457 3487 1877 3559 paenitentibus
1910 3505 2109 3545 susce-

2300 3492 2638 3562 κνακτήσας,
2699 3489 2781 3544 ὅτι
2833 3487 3046 3559 ἐδέξατό
3097 3509 3217 3542 τινα
3289 3487 3348 3542 ἒν
3427 3483 3659 3560 μετανοίᾳ
3717 3477 3809 3533 ὅντα

463 3579 668 3649 pisset.
730 3575 1111 3633 Posuitentem
1157 3577 1358 3647 itaque
1408 3576 1748 3632 verberibus
1805 3584 2112 3650 exceptum

2300 3578 2656 3654 ηαρτημάτων,
2715 3573 2953 3650 ἐξέϐαλε,
3009 3579 3290 3648 τυπτήσας
3346 3576 3443 3632 τὸν
3491 3573 3808 3648 μετανοοῦντι,

460 3667 850 3734 exsturbarat,
874 3667 1280 3739 presbyterum
1308 3683 1443 3722 vero
1465 3665 1888 3737 eliminaverat,
1912 3674 1969 3722 et
1990 3669 2116 3740 ipse

2300 3689 2315 3722 ν
2372 3667 2430 3723 δὲ
2485 3663 2848 3744 πρεσϐύτερον
2905 3666 3144 3737 ἐξώθησε
3177 3709 3192 3733 ,
3245 3665 3338 3720 καὶ
3410 3663 3636 3728 ἐκάθισεν
3689 3657 3810 3712 αὐτο·

460 3762 737 3828 tanquam
771 3772 806 3811 a
834 3771 897 3811 se
942 3756 1247 3828 presbyter
1292 3759 1545 3825 creatus,
1580 3755 1814 3813 resedit.
1846 3759 2115 3825 Adverte,

2304 3742 2615 3833 ιροτόνητος
2673 3742 3058 3832 πρεσϐύτερος.
3121 3756 3443 3828 Σημείωσαι
3501 3753 3610 3820 οὖν,
3657 3746 3724 3802 δτι
3763 3742 3811 3795 τὶ

461 3845 644 3918 igitur
697 3844 873 3900 etiam
934 3843 1064 3899 istis
1116 3844 1481 3915 temporibus
1538 3844 1714 3900 istius
1772 3845 1927 3901 mala
1979 3863 2114 3902 con-

2300 3847 2364 3902 κά
2408 3851 2578 3902 ταῦτα
2631 3845 2721 3901 καὶ
2775 3844 2863 3900 ἐπὶ
2925 3843 3143 3900 ἐκείνων
3201 3847 3310 3897 τῶν
3376 3841 3583 3918 χρόνων
3635 3836 3810 3911 ἐγένετο.

461 3933 686 4005 tigisse.
737 3932 940 3989 Merito
972 3933 1173 4004 itaque
1222 3933 1366 3988 dicit
1413 3933 1558 3988 illud
1595 3950 1607 3988 :
1644 3935 1682 3990 0
1731 3951 1990 4004 generose
2015 3936 2115 3990 De-

2300 3931 2472 4000 κὸτως
2547 3935 2638 3990 οὗν
2709 3933 2792 3988 τό’
2872 3937 2937 3988 Ὢ
3003 3937 3212 4008 γενναῖε
3292 3929 3579 4008 Δημόφιλε
3609 3971 3622 3996 ,
3672 3919 3812 4002 φησὶν,

463 4022 725 4090 mophtle,
742 4023 1103 4091 exprobrans
1134 4020 1244 4092 ipsi
1269 4021 1672 4078 fortitudinem
1698 4025 2116 4092 inordinatam,

2300 4025 2386 4099 (ὒν
2447 4023 2672 4079 ἄτακτον
2731 4022 2823 4077 καὶ
2881 4021 2981 4077 οὐκ
3032 4015 3318 4077 εὐλάϐειαν
3373 4018 3547 4085 ἔνθεον
3592 4010 3813 4079 ὀνειδίζων

469 4113 523 4164 et
555 4109 828 4180 pietatem
877 4109 1116 4165 minime
1163 4111 1445 4182 divinam,
1478 4116 1542 4167 ut
1575 4111 1684 4168 hoc
1715 4115 1888 4169 modo
1919 4130 2116 4170 mona-

2300 4119 2397 4186 τῷ,
2429 4113 2518 4168 καὶ
2549 4112 2717 4186 ταύτῃ
2751 4109 3017 4186 διασύρων
3049 4110 3141 4165 τὸν
3177 4111 3442 4186 μοναχόν.

469 4197 646 4253 chum
682 4196 1059 4269 perstringat.

540 4287 613 4342 Ac
641 4284 937 4357 siquando
988 4287 1168 4357 ipsum
1214 4296 1398 4343 extra.
1451 4288 1512 4343 Id
1547 4292 1638 4344 est
1687 4291 1922 4361 quando
1965 4291 2116 4346 Scri-

469 4381 652 4448 pturae
685 4375 946 4442 tradunt,
990 4374 1188 4447 ipsum
1237 4375 1295 4430 in
1329 4376 1431 4431 Dei
1480 4376 1935 4448 indignationem
1973 4380 2115 4436 inci-

2300 4380 2435 4457 οιφαὶ
2469 4378 2730 4456 λέγωσιν,
2781 4376 2833 4434 έν
2879 4378 3239 4454 ἀγανακτήσει
3289 4380 3424 4431 Θεοῦ
3479 4371 3723 4450 γεγονέναι
3754 4361 3824 4418 αὖ·

469 4468 647 4534 disse,
679 4470 737 4522 et
768 4467 825 4522 in
849 4465 1212 4522 aversionem
1255 4467 1456 4524 vultus
1495 4470 1645 4538 eius.
1678 4470 1868 4540 Prius,
1901 4472 2116 4543 inquit,

2300 4456 2467 4540 ν,καὶ
2500 4468 2552 4525 ἐν
2583 4468 2904 4546 ἀποστροφῇ
2934 4473 3030 4523 τοῦ
3059 4468 3358 4543 προσώπου
3387 4464 3570 4520 αὐτοῦ.
3605 4456 3822 4534 Πρότερον

469 4556 770 4612 declarant
789 4556 986 4628 ipsum
1010 4573 1043 4612 a
1064 4558 1518 4614 mansuetudine
1549 4559 1889 4633 descivisse,
1912 4565 1970 4618 et
1989 4565 2116 4618 tum

2300 4568 2306 4590 ί
2345 4559 2502 4639 φησὶ,
2549 4543 2881 4614 δεικνύουσιν
2934 4555 3092 4612 αὐτὸν
3145 4563 3246 4626 τῆς
3291 4553 3596 4630 πραότητος
3633 4543 3720 4619 ἔξω
3755 4560 3821 4618 γε·

468 4645 706 4701 demum
739 4660 774 4699 a
804 4644 1002 4700 divina
1032 4643 1253 4701 visione
1284 4646 1593 4702 excidisse.
1873 4613 1889 4633 ⁷

2301 4613 2470 4717 νέζαι,
2503 4647 2593 4702 καὶ
2645 4647 2738 4702 εἶθ’
2781 4645 2924 4702 οὕτω
2966 4647 3155 4701 παθεῖν
3197 4645 3258 4700 τὸ
3288 4613 3396 4700 ἀπὸ
3436 4639 3608 4716 ὅψεως
3633 4632 3820 4714 γενέσθαι

2227 4744 2326 4797 τοῦ
2358 4743 2514 4796 Θεοῦ.

538 4823 578 4878 Α
607 4824 1024 4894 praeminente.
1059 4825 1307 4880 Advorte
1337 4825 1740 4896 praestantiam
1771 4829 1829 4882 et
1859 4826 2116 4883 eminen-

2305 4831 2399 4886 Ἐκ
2463 4833 2564 4895 τῆς
2641 4823 3020 4902 προύχούσης.
3081 4821 3400 4897 Σημείωσαι
3475 4821 3557 4875 δτι
3614 4813 3823 4902 ἐξαίρετοξ

468 4909 612 4966 tiam
645 4910 1123 4967 mansuetudinis
1152 4911 1212 4966 in
1254 4911 1370 4967 Deo
1400 4911 1707 4979 imitando,
1742 4917 1799 4967 et
1828 4915 2116 4984 quomodo

2300 4919 2325 4971 ιὶ
2395 4891 2640 4992 προῦχον
2687 4891 2827 4976 ἐἶξ-
2859 4891 3090 4987 μίμησιν
3151 4891 3304 4968 γὸεοῦ
3357 4913 3392 4980 ἡ
3468 4891 3821 4992 πραόετηςηἰαὶ

466 5002 692 5072 Moyses
721 5005 952 5073 propter
982 5000 1496 5056 mansuetudinem
1541 5000 1638 5055 Dei
1669 5001 1930 5057 famulus
1965 5019 2116 5057 nun-

2307 5029 2321 5061 ι
2381 4987 2471 5060 διά
2678 5001 2962 5076 πραότητα
3038 5007 3278 5070 Μωϋσῆς
3349 4998 3560 5075 λέγεται
3629 4987 3821 5067 θεράπων

468 5094 738 5160 cupetur.

2300 5100 2392 5150 ιοῦ.

537 5179 693 5234 814
721 5179 1053 5235 Ambitione.
1107 5178 1363 5235 Ambitio
1417 5181 1652 5252 proprie
1702 5183 1791 5236 est
1830 5179 2116 5252 appetitus

2313 5183 2666 5258 Φιλοτιμίας.
2711 5179 3015 5255 Φιλοτιμία
3065 5181 3267 5256 κυρίως
3319 5179 3382 5233 τὸ
3433 5182 3599 5250 τιμῆς
3641 5165 3824 5258 ἐφίεσθαι

468 5272 524 5325 et
553 5285 720 5325 amor
763 5269 1025 5326 honoris.
1078 5270 1354 5345 Θεοκρίτῳ
1409 5275 1630 5341 autem,
1683 5287 1802 5327 non
1834 5269 2012 5326 alicui
2043 5274 2116 5332 sic

2300 5274 2331 5330 ιὶ
2381 5255 2528 5346 ἐρᾷνξ
2584 5271 2856 5347 Θεοκρίτῳ
2905 5268 2963 5326 δὲ
3018 5255 3145 5345 οὐχί
3181 5268 3325 5324 οὕτω
3379 5267 3487 5322 τινί
3539 5255 3826 5347 καλουμένῳ,

472 5357 783 5430 appellato,
835 5358 938 5415 sed
989 5376 1023 5415 a
1068 5364 1183 5417 Deo
1220 5342 1310 5417 ad
1357 5360 1672 5432 imperium
1733 5359 2024 5418 destinato
2079 5373 2116 5423 e‘

2300 5342 2504 5419 oaks
2561 5360 2621 5417 ἐκ
2671 5342 2930 5425 Θεοῦῖείς
2973 5357 3038 5415 τὸ
3083 5342 3272 5434 ἄρχειν
3314 5355 3615 5435 κρινομένῳ
3636 5342 3828 5406 ait!"

476 5445 706 5506 idoneo.

2300 5448 2467 5523 λδείῳ.

2300 4293 2406 4349 Καὶ
2491 4288 2673 4346 εἷεποτε
2755 4288 2914 4345 αὐτὸν
2995 4284 3117 4359 ἔξω.
3199 4287 3488 4346 Τουτέστιν
3519 4329 3533 4354 ,
3611 4279 3719 4336 ὅταν
3780 4271 3821 4326 αἱ

1480 5603 1720 5663 VARIE
1758 5603 2150 5666 LECTIONES
2190 5605 2281 5664 ET
2317 5603 2881 5665 GORREGTIONES.

549 5701 620 5740 ⁵⁸*
649 5702 1015 5779 περιτρέχειν.
