4034 6214
248 318 357 373 545

1193 320 1254 372 8.
1296 319 1567 372 MAXIMI
1605 317 1914 372 SCHOLIA
1952 319 2025 370 IN
2065 319 2223 370 EPP.
2264 323 2323 373 S.
2365 321 2702 375 DIONYSII.

3548 318 3659 376 546

317 441 387 500 Τί
461 438 518 496 Si
583 442 676 495 τὸν
755 438 1083 514 θεοπάτορα.
1141 442 1265 498 ’Ότι
1337 439 1638 514 Θεοπάτορα
1714 437 1896 513 καλεῖ,

2085 443 2226 509 Quid
2254 461 2420 515 porro
2451 445 2615 500 illum
2662 445 2757 499 Dei
2794 445 3219 515 progenitorem.
3255 443 3528 501 Davidem
3557 461 3655 500 vo-

247 529 336 587 διὰ
365 532 457 587 τὸν
510 529 765 605 Χριστὸν³
796 530 890 585 τὸν
939 527 1124 586 Δαυίδ.
1177 531 1318 599 Φησὶ
1367 531 1467 606 γὰρ
1500 531 1528 585 6
1561 534 1707 593 θεῖος
1752 532 1895 584 Παῦ·

246 619 364 682 λος·
435 617 847 698 Ἀφωρισμένος
922 618 1000 683 εἷς
1075 617 1410 696 Εὐαγγέλιον
1443 663 1458 690 ,
1515 619 1544 672 ’ὀ
1618 639 1899 694 προεπηγ-

245 708 471 784 γείλατο
519 707 570 762 έν
618 713 852 784 Γραφαῖς
896 708 1072 782 ἁγίαις
1121 708 1375 783 περὶτοῦ
1422 707 1550 762 Υίοῦ
1579 707 1769 774 αὐτοῦ,
1801 709 1898 761 τοῦ

245 798 541 876 γενομένου
572 795 633 852 ix
674 795 982 872 σπέρματος
1029 793 1194 852 Δαυὶδ
1251 802 1386 852 κατά
1435 795 1625 871 σάρκα.
1657 795 1900 856 Εἰκότως

252 887 344 942 οὖν
376 884 656 960 Θεοπάτωρ
686 886 714 939 ὁ
746 882 927 941 Δαυίδ.

323 974 520 1033 Καίτοι
567 973 662 1030 καὶ
699 973 920 1047 θεσμός.
970 972 1272 1050 Γέγραπται
1323 974 1430 1051 γὰρ
1487 974 1538 1029 ἰν
1585 979 1667 1046 τῷ
1720 973 1900 1048 νόμῳ,

251 1061 394 1120 ὥστε
420 1062 606 1119 καὶτὸ
649 1067 747 1118 τοῦ
792 1060 995 1138 ἐχθροῦ
1036 1062 1325 1141 ὑποζύγιον
1381 1069 1716 1120 ηταπῖπτον
1763 1061 1900 1137 ἐγεί-

251 1174 366 1229 ρειν
399 1155 466 1211 ⁸⁸.

323 1241 484 1300 Ἀλλ’
513 1239 602 1298 ἐπὶ
651 1242 714 1297 τὸ
765 1241 1005 1304 ἄναντες.
1056 1239 1178 1296 Ἐπὶ
1233 1242 1296 1297 τὸ
1365 1237 1728 1317 ὑψηλότερον.
1789 1247 1902 1313 Ση-

251 1329 490 1404 μείωσαι
541 1328 600 1386 δὶ
644 1331 708 1386 τὸ
755 1327 1142 1408 φιλάνθρωπον
1191 1333 1300 1385 τῶν
1347 1329 1620 1406 ἀγγέλων,
1675 1329 1766 1385 καὶ
1816 1329 1901 1385 ὅτι

247 1417 462 1477 δέονται
515 1420 648 1494 ὑπὶρ
699 1419 864 1484 ἐθνῶν
907 1425 1004 1475 τοῦ
1049 1423 1203 1488 Θεοῦ,
1234 1419 1324 1475 καὶ
1377 1419 1459 1475 ὅτι
1506 1425 1625 1483 ταῖς
1663 1421 1902 1476 ἀποστα-

245 1516 429 1573 τικαῖς
511 1508 805 1584 ἐπιτιμῶσι
891 1506 1195 1584 δυνάμεσι,
1261 1510 1506 1566 τουτέστι
1579 1515 1697 1573 τοῖς
1793 1507 1905 1564 δαί-

254 1619 442 1672 μοσιν.

322 1686 509 1743 Ἀλλᾶ
590 1691 690 1743 τοῦ
773 1682 945 1751 ὅντως
1020 1687 1228 1762 ἀγαθοῦ
1257 1731 1271 1746 .
1359 1689 1487 1765 Περὶ
1564 1687 1904 1763 ἀγαθότητος

2012 536 2104 586 cat
2131 531 2230 588 Dei
2276 533 2708 606 progenitorem
2760 536 2997 604 propter
3024 530 3342 588 Christum.
3372 531 3468 588 Ait
3498 532 3656 590 enim

2013 621 2077 675 D.
2111 621 2325 676 Paulus
2347 622 2428 694 (h)
2452 639 2466 676 :
2505 623 2830 693 Segregatus
2859 622 2920 676 in
2949 621 3332 692 Evangelium,
3361 621 3502 692 quod
3524 637 3658 693 pro-

2011 710 2162 766 misit
2200 713 2262 766 in
2293 711 2590 782 Scriptum
2630 712 2836 767 sanctis
2887 709 2950 766 de
2996 711 3135 765 Filio
3181 725 3298 780 suo,
3331 711 3428 781 qui
3469 709 3657 780 factus

2010 808 2186 854 estex
2211 802 2418 856 semine
2464 801 2634 856 David
2680 800 2974 857 secundum
3017 815 3262 855 carnem.
3295 798 3498 856 Merito
3541 798 3653 872 igi-

2012 890 2110 941 tur
2139 887 2319 943 David
2349 893 2439 944 est
2473 888 2567 944 Dei
2604 893 2786 960 pater.

2084 977 2228 1044 Quin
2255 979 2424 1032 etiam
2470 977 2584 1048 lege
2610 979 2916 1032 sancitum.
2947 977 3242 1048 Scriptum
3289 976 3449 1033 enim
3477 980 3570 1034 est
3595 975 3656 1032 in

2013 1064 2136 1137 lege
2163 1066 2244 1137 (ἱ),
2279 1070 2343 1122 ut
2388 1066 2565 1122 etiam
2615 1065 2839 1121 inimici
2886 1065 3196 1136 subjugale
3241 1066 3456 1122 cadens
3504 1065 3661 1123 leva-

2015 1159 2195 1210 retur.

2088 1244 2357 1301 Caeterum
2387 1245 2464 1300 ad
2491 1243 2727 1300 altiora.
2759 1245 2844 1300 Ad
2875 1244 2956 1311 id,
2975 1244 3128 1316 quod
3158 1243 3494 1300 sublimius.
3514 1243 3662 1300 Nota

2016 1337 2215 1389 autem
2265 1333 2725 1406 benignissimos
2756 1332 2996 1406 angelos
3044 1332 3221 1389 etiam
3253 1349 3358 1405 pro
3388 1333 3663 1405 gentibus

2016 1422 2201 1478 Deum
2232 1423 2552 1494 deprecari,
2584 1426 2640 1479 et
2670 1422 3027 1496 apostaticas
3055 1422 3321 1492 virtutes,
3345 1421 3402 1477 id
3433 1425 3524 1478 est
3551 1422 3665 1477 dae-

2019 1528 2223 1568 mones
2253 1512 2574 1584 increpare.

2089 1690 2193 1747 Sed
2219 1707 2344 1748 vere
2375 1691 2520 1748 boni.
2552 1691 2632 1747 De
2666 1691 2887 1748 Domini
2919 1689 3104 1747 nostri
3127 1691 3266 1747 Jesu
3298 1688 3514 1746 Christi
3545 1688 3665 1746 veri

248 1781 352 1832 τοῦ
406 1774 613 1850 Κυρίου
678 1779 839 1850 ἡμῶν
914 1778 1096 1846 Ἰησοῦ
1169 1781 1404 1851 Χριστοῦ
1465 1777 1567 1833 τοῦ
1641 1776 1906 1847 ἀληθινοῦ

255 1869 390 1888 Λείαν
450 1867 674 1888 rrn,__,-_
731 1864 857 1888 -7,4__
900 1885 959 1888 __
1000 1869 1045 1888 ΑΨ
1117 1868 1263 1888 -Α-κι
1313 1863 1417 1888 κίκι
1471 1863 1746 1888 βληῌ-μκ-“
1780 1866 1871 1888 Ῠᾼὶ
1900 1886 1910 1888 _

2039 1780 2120 1836 )ei
2153 1781 2535 1853 benignitate.
2567 1782 2738 1851 [Vere
2761 1796 2890 1836 esse
2914 1779 3074 1849 facit,
3101 1779 3206 1836 hoc
3229 1783 3320 1835 est
3339 1783 3664 1848 conservat,

250 1869 415 1924 Θεοῦ.
448 1867 676 1938 [Ὄντως
727 1864 862 1920 εἶναι
895 1869 1064 1934 ποιεῖ,
1113 1868 1263 1921 τοῦτ’
1311 1863 1423 1922 ἔστι
1467 1863 1746 1942 διακρατεῖ
1772 1866 1912 1941 πρὸς

2039 1873 2086 1924 η
2117 1871 2542 1941 permaneant.]

254 1952 583 2028 διαμονήν.]

327 2042 435 2102 Καὶ
488 2045 660 2099 πάντα
709 2042 966 2120 βούλεται
1015 2044 1096 2100 ἀεὶ
1147 2046 1418 2120 γενέσθαι.
1474 2042 1697 2114 Ἐπειδή
1742 2043 1914 2100 πάντα

253 2135 429 2201 εἶπεν,
463 2131 517 2188 έν
547 2131 604 2188 δὲ
631 2138 748 2196 τοῖς
779 2137 909 2188 πᾶσι
958 2132 1050 2188 καὶ
1083 2132 1272 2208 ἄψυχα
1300 2134 1389 2189 καὶ
1434 2133 1629 2210 ἄλογα,
1658 2133 1916 2210 προσθεὶς

251 2223 397 2277 κατὰ
447 2223 549 2291 τήν
601 2223 836 2278 ἑκάστων
897 2217 1364 2294 έπιτηδειότητα,
1419 2224 1518 2293 τήν
1582 2225 1912 2302 ὗφορμῶσαν

247 2310 530 2367 ἀντίθεσιν
558 2310 1006 2387 προεθεράπευσε.

325 2401 438 2458 Καὶ
501 2399 824 2478 φιλονεικεῖ.
887 2405 1010 2466 Πῶς
1065 2400 1160 2476 ἐρᾷ
1215 2402 1430 2457 πάντων
1486 2403 1514 2457 6
1563 2401 1780 2477 Κύριος,
1825 2401 1916 2457 καὶ

255 2488 578 2564 παρακαλεῖ
623 2492 772 2562 ἡμᾶς
828 2491 904 2563 μή
955 2488 1197 2546 ἐκπεσεῖν
1245 2489 1430 2561 αὐτοῦ,
1481 2490 1603 2554 ὅθεν
1658 2492 1746 2546 καὶ
1808 2496 1916 2546 [Ια-

257 2579 546 2656 ράκλητος
581 2578 785 2635 ἀκούει.

335 2667 442 2722 Καὶ
515 2665 901 2741 Θρυπτομένων
937 2711 950 2724 .
1009 2667 1343 2739 Θρύπτεσθαι
1417 2668 1620 2744 κυρίως
1689 2668 1754 2724 τὸ
1819 2689 1916 2723 κα-

254 2754 590 2820 ταιιλδισθαι⁸
649 2753 868 2831 λέγεται
926 2754 982 2812 δὲ
1031 2759 1066 2826 ἡ
1118 2755 1260 2830 λέξις
1303 2757 1393 2812 καὶ
1442 2755 1531 2812 ἐπὶ
1559 2761 1667 2813 τῶν
1708 2755 1917 2832 ἰρωμέ-

258 2876 402 2922 νων,
435 2853 513 2925 οἳ,
535 2855 634 2924 τὴν
678 2853 816 2930 πρὸς
863 2853 990 2916 τοὺς
1039 2853 1275 2929 έρῶντας
1323 2850 1762 2929 ἀναϐαλλόμενοι
1791 2875 1916 2909 συν-

256 2942 494 3020 τυχίαν,
547 2943 784 3016 τοιούτῳ
849 2948 929 3016 τῷ
975 2949 1274 3017 σωματικῷ
1309 2989 1324 3015 ,
1375 2944 1618 3000 τουτέστι
1687 2964 1920 2998 κατακε-

256 3031 588 3106 κλασμένῳ,
645 3034 943 3108 κέχρηνται
1000 3030 1142 3103 ἤθει.
1209 3035 1370 3092 Ὅθεν
1433 3028 1769 3108 λαμϐάνεται
1826 3033 1918 3088 καὶ

254 3121 351 3177 ἰπὶ
386 3119 576 3178 ἄλλων
608 3121 992 3198 ὁμοιοτρόπων
1023 3121 1382 3198 πραγμάτων.

327 3309 532 3379 ⁶Ὀμως
611 3309 896 3379 προσιοῦσι
977 3303 1367 3381 προστρέχει.
1429 3307 1513 3363 Τὰ
1587 3309 1687 3376 τῆς
1765 3305 1918 3382 εὐαγ-

253 3393 500 3470 γελικῆς
548 3390 866 3469 παραϐολῆς
917 3398 1013 3448 τοῦ
1063 3395 1275 3449 ἀσώτου
1337 3395 1648 3459 ὑποτίθεται
1702 3395 1754 3449 έν
1793 3416 1920 3450 του-

254 3504 412 3554 τοις,
464 3483 554 3537 καὶ
603 3483 672 3537 τὰ
713 3482 899 3556 ὅμοια.
933 3482 1257 3556 Θαυμασίως
1282 3480 1340 3538 δὲ
1383 3483 1474 3538 καὶ
1502 3484 1566 3538 τὸ
1597 3481 1729 3546 ὅλος
1758 3483 1923 3546 ὅλους

257 3572 427 3651 φησὶ,
459 3572 836 3647 καταισχύνων
882 3571 1015 3634 τοὺς
1063 3571 1188 3628 τότε
1235 3573 1565 3648 αἱρετικοὺς,
1595 3572 1791 3636 οἵτινες
1820 3577 1921 3648 ψυ-

259 3662 381 3739 χὴν
439 3661 610 3734 μόνην
660 3662 920 3730 σώζεσθαι
956 3661 1059 3717 ὑπὸ
1085 3665 1240 3730 Θεοῦ,
1271 3662 1362 3716 καὶ
1407 3663 1470 3716 οὗ
1501 3667 1678 3735 σῶμα,
1713 3660 1917 3738 ἔλεγον.

258 3750 439 3812 Ὅλος
491 3748 603 3820 οὖν,
653 3752 840 3825 φησὶν,
869 3751 898 3805 6
929 3750 1148 3824 Κύριος,
1178 3750 1255 3814 ὡς
1300 3752 1486 3825 ψυχὴν
1513 3752 1602 3805 καὶ
1632 3756 1792 3824 σῶμα
1824 3751 1922 3806 λα-

255 3833 406 3907 ϐὼν,
437 3838 605 3901 ὅλους
653 3842 803 3912 ἡμᾶς
847 3837 975 3901 τοὺς
1009 3838 1068 3894 ἐκ
1097 3842 1284 3914 ψυχῆς
1333 3839 1422 3894 καὶ
1464 3840 1717 3912 σώματος
1749 3841 1923 3895 σέσω-

250 3948 378 3984 κεν.
433 3929 602 3983 Ἦσαν
656 3924 715 3982 δὲ
758 3928 882 3984 τότε
924 3928 1187 4003 αἱρετικοὶ
1230 3928 1336 3982 ἀπὸ
1388 3927 1662 4001 Σίμωνος,
1717 3929 1794 3990 ὡς
1823 3925 1921 3999 δη-

253 4016 458 4071 λοῦσιν
497 4016 790 4092 Εῒρηναῖος
836 4018 928 4072 καὶ
983 4016 1332 4078 Ἱππόλυτος.
1367 4018 1466 4073 Καὶ
1519 4017 1570 4071 οἱ
1610 4019 1677 4072 τὰ
1707 4017 1918 4092 Ὠριγέ-

251 4127 396 4168 νους
435 4103 497 4161 Si
541 4103 962 4181 δογματίζοντες
1011 4107 1080 4161 τὰ
1108 4105 1246 4162 αύτά
1293 4110 1573 4184 φρονοῦσι.
1607 4105 1840 4185 Περιφὺς
1864 4103 1922 4160 δὶ

251 4194 386 4249 ἀντὶ
412 4197 512 4249 τοῦ
540 4215 638 4269 περ
650 4194 898 4257 ιπλακείς
913 4239 924 4253 .

337 4369 568 4444 Δηλαδή
638 4371 766 4437 τοὺς
849 4371 1101 4448 ἀγαθούς.
1183 4371 1500 4446 Σημείωσαι
1569 4371 1718 4436 τίνας
1785 4373 1919 4450 φησὶ

251 4466 301 4501 ⁸⁷
365 4461 496 4524 τοὺς
547 4460 1022 4537 συγκαλουμένους
1061 4459 1271 4539 φίλους
1310 4463 1424 4534 μετ’
1477 4460 1642 4535 ὀλίγα
1692 4459 1750 4516 δὲ
1791 4461 1918 4526 τοὺς

2090 2055 2156 2107 Et
2183 2052 2372 2108 omnia
2407 2052 2526 2108 vult
2565 2067 2776 2122 semper
2803 2051 2946 2122 ﬁeri.
2979 2053 3126 2107 Cum
3179 2049 3420 2106 dixisset
3450 2048 3668 2117 omnia,

2020 2141 2175 2198 inter
2203 2141 2404 2198 omnia
2433 2145 2630 2197 autem
2662 2140 2837 2197 etiam
2863 2139 2984 2196 sint
3007 2139 3335 2196 inanimata
3363 2142 3420 2195 et
3447 2138 3674 2196 irratio-

2024 2231 2202 2300 nalia,
2253 2231 2476 2287 addens
2533 2230 2860 2286 secundum
2918 2230 3208 2300 cujusque
3255 2228 3670 2300 aptitudinem,

2025 2319 2422 2376 suborientem
2454 2319 2882 2391 oppositionem
2912 2319 3248 2374 moderatus
3279 2321 3387 2374 est.

2096 2412 2157 2465 Et
2211 2425 2395 2464 amore
2441 2407 2741 2463 contendit.
2790 2407 3090 2473 Quomodo
3140 2405 3424 2461 Dominus
3468 2422 3674 2462 omnes

2026 2507 2202 2568 amet,
2235 2508 2292 2557 et
2321 2502 2586 2556 hortetur
2626 2516 2756 2567 nos,
2786 2516 2857 2554 ne
2887 2500 2958 2555 ab
2989 2499 3117 2570 ipso
3148 2499 3509 2566 excidamus,
3539 2514 3676 2571 pro-

2026 2603 2152 2666 pter
2181 2591 2336 2662 quod
2369 2590 2543 2645 etiam
2575 2588 2908 2644 Paracletus
2936 2586 3284 2659 appellatur.

2099 2683 2274 2736 Etiam
2333 2679 2641 2734 deliciosos.
2688 2677 2956 2732 Deliciari
3018 2693 3121 2732 seu
3181 2674 3434 2732 molliter
3486 2673 3678 2730 vivere

2026 2769 2256 2842 proprie
2287 2772 2376 2823 est
2405 2767 2668 2822 enervari
2709 2781 2812 2821 seu
2861 2763 3173 2836 confringi.
3206 2764 3431 2820 Dicitur
3477 2767 3674 2819 autem

2026 2861 2150 2915 haec
2177 2857 2352 2912 dictio
2384 2857 2562 2911 etiam
2606 2857 2677 2911 de
2723 2854 2797 2910 iis
2827 2855 2928 2926 qui
2960 2853 3261 2910 amoribus
3290 2857 3516 2920 vacant,
3551 2852 3674 2924 qui,

2028 2956 2356 3004 amatorum
2423 2944 2791 3016 adeptionem
2854 2943 3374 3016 procrastinantes,
3429 2945 3680 2997 utuntur

2027 3038 2138 3093 hac
2185 3051 2482 3106 corporea,
2517 3034 2574 3089 id
2607 3038 2696 3090 est
2739 3033 3040 3106 praefracta
3068 3035 3126 3087 et
3156 3030 3320 3087 molli
3365 3033 3678 3087 consuetu-

2028 3128 2185 3182 dine.
2205 3124 2368 3181 Unde
2397 3124 2575 3179 etiam
2609 3123 2681 3178 ad
2715 3138 2806 3178 res
2835 3121 3128 3194 quaslibet
3146 3120 3482 3176 consimiles
3515 3124 3679 3176 tran-

2030 3214 2305 3272 sumitur.

2101 3304 2375 3360 Simitzter
2404 3301 2822 3357 adventantibus
2850 3300 3107 3356 occurrit.
3141 3297 3546 3370 Evangelicam
3580 3313 3679 3368 pa-

2031 3393 2290 3449 rabolam
2325 3391 2551 3462 prodigi
2600 3389 2659 3444 in
2697 3389 2791 3444 his
2822 3388 3116 3461 proponit,
3149 3393 3208 3443 et
3255 3403 3384 3458 quae
3432 3391 3572 3441 sunt
3600 3385 3679 3440 si-

2031 3481 2214 3538 milia.
2244 3481 2398 3548 Quin
2429 3481 2605 3535 etiam
2637 3483 2797 3533 totus
2826 3481 3003 3543 totos,
3036 3476 3252 3546 inquit,
3275 3476 3366 3531 sui
3398 3475 3681 3546 temporis

2030 3571 2335 3626 haereticos
2363 3567 2751 3632 confundens,
2777 3565 2877 3636 qui
2909 3565 3146 3635 quidem
3181 3564 3439 3618 animam
3467 3563 3682 3618 salvari

2031 3676 2064 3714 a
2117 3661 2251 3727 Deo,
2293 3674 2407 3712 non
2457 3655 2596 3711 item
2647 3670 2884 3724 corpus,
2934 3651 3348 3724 praedicabant.
3380 3650 3474 3705 Ait
3519 3665 3680 3722 ergo,

2030 3752 2191 3803 totus
2225 3745 2528 3812 Dominus,
2562 3747 2626 3798 ut
2657 3742 2756 3814 qui
2785 3743 3046 3796 animam
3080 3744 3138 3795 et
3167 3755 3382 3810 corpus
3414 3753 3681 3809 assump-

2030 3837 2127 3903 sit,
2161 3852 2268 3890 nos
2311 3838 2488 3903 totos,
2523 3831 2624 3902 qui
2677 3831 2878 3886 anima
2924 3835 2981 3884 et
3025 3843 3265 3900 corpore
3313 3830 3677 3893 constamus,

2030 3924 2224 3982 salvos
2256 3925 2408 3979 fecit.
2444 3923 2622 3976 Erant
2663 3919 2820 3976 enim
2864 3924 3007 3974 tunc
3038 3920 3097 3972 in
3129 3932 3322 3974 errore
3351 3916 3464 3972 isto
3493 3914 3680 3971 Simo-

2030 4015 2124 4069 nis
2154 4011 2451 4084 discipuli,
2485 4011 2568 4066 uti
2603 4011 2858 4064 lrenaeus
2889 4013 2946 4064 et
2974 4006 3322 4078 Hippolytus
3353 4004 3676 4062 declarant.

2029 4102 2360 4168 Quinetiam
2393 4099 2729 4171 Origenistae
2779 4097 2983 4152 eadem
3024 4097 3236 4152 docent
3281 4111 3347 4150 ac
3393 4093 3678 4151 sentiunt.

2029 4187 2263 4266 Περιφύς
2310 4205 2445 4244 vero
2503 4187 2668 4254 dixit,
2715 4202 2820 4257 pro
2880 4181 3262 4259 περιπλακείς,
3311 4183 3372 4239 id
3423 4186 3514 4240 est
3557 4198 3678 4239 am-

2027 4281 2284 4351 plectens.

2106 4369 2370 4424 Videlicet
2415 4368 2598 4421 bonos.
2633 4364 2782 4421 Nota
2825 4380 2974 4435 quos
3029 4363 3249 4417 amicos
3281 4360 3437 4416 dicat
3467 4375 3680 4414 convo-

2027 4463 2219 4524 catos;
2271 4460 2404 4528 post
2454 4470 2643 4526 pauca
2671 4469 2804 4508 vero
2850 4451 3110 4523 intellige
3157 4451 3264 4506 hos
3316 4464 3446 4504 esse
3494 4448 3678 4504 bonos

260 4551 511 4627 ἀγαθοὺς
557 4535 823 4625 ἀγγέλους
875 4550 1010 4605 εἶναι
1051 4535 1280 4612 τούτους
1326 4554 1462 4608 νοεῖ.
1515 4552 1655 4624 Ὅρα
1697 4547 1755 4605 δὲ
1802 4555 1913 4613 πῶς

2039 4546 2293 4619 angelos.
2318 4547 2467 4602 815
2492 4543 2637 4599 Vide
2667 4547 2871 4598 autem
2893 4541 3187 4612 quomodo
3217 4538 3327 4594 hoc
3350 4535 3675 4608 intelligat:

249 4646 380 4697 νοεῖ
442 4640 528 4710 τὸ,
587 4641 700 4695 Ἰνα
881 4640 1098 4694 πάντων
1158 4636 1594 4717 εὐφραινομένων
1670 4641 1706 4708 ἠ
1789 4661 1917 4696 κατ-

254 4729 442 4787 οικία.

337 4816 423 4873 Σὺ
454 4814 532 4887 δὲ,
564 4817 641 4879 ὡς
669 4817 738 4872 τὰ
779 4814 1082 4892 γράμματά
1127 4837 1223 4870 σου
1271 4812 1457 4885 δηλοῖ.
1493 4816 1570 4870 Σὺ
1616 4813 1694 4885 δὲ,
1728 4817 1914 4894 φησὶν,

254 4909 307 4963 ὧ
360 4905 672 4986 Δημόφιλε,
702 4906 791 4961 καὶ
820 4907 913 4960 τὸν
946 4906 1092 4982 ἱερέα
1139 4899 1382 4980 ὕϐρισας,
1424 4904 1644 4959 εἰπόντα
1691 4904 1915 4972 έλεητὸν

251 4998 482 5070 [nivea],
510 4995 784 5050 τουτέστιν
833 4992 1019 5055 έλέους
1069 4991 1237 5063 ἄξιον,
1267 4994 1359 5048 τὸν
1411 4989 1578 5063 ἀσεϐῆ
1628 4995 1715 5048 καὶ
1755 5015 1917 5067 μετα-

248 5088 520 5141 νοοῦντα.
558 5090 712 5138 Δοκεῖ
745 5080 803 5138 δέ
835 5104 932 5156 μοι
965 5083 993 5136 ὁ
1025 5079 1346 5159 Δημόφιλος
1374 5077 1735 5156 πρεσϐύτερον
1768 5078 1918 5157 ὑϐρι-

247 5175 445 5230 κέναι’
501 5171 630 5234 τοὺς
674 5173 775 5247 γὰρ
834 5171 1008 5247 ἱερέας
1057 5164 1458 5245 πρεσϐυτέρους
1510 5169 1668 5236 εἴωθε
1703 5170 1914 5242 καλεῖν,

249 5263 340 5325 ὥς
405 5259 455 5315 έν
512 5263 591 5333 τῷ
641 5260 768 5335 Περὶ
822 5261 922 5329 τῆς
969 5255 1427 5328 έκκλησιαστικῆς
1482 5259 1766 5336 ἱεραρχίας
1805 5257 1918 5314 διε-

331 5402 422 5476 (Ιι)
454 5402 620 5462 Rom.
651 5418 690 5469 1,
726 5402 835 5456 1-3.
916 5401 979 5471 (ἰ)
1011 5399 1180 5456 Deut.
1212 5415 1352 5466 χχιι,
1384 5399 1438 5454 It.

2032 4639 2094 4695 Ut
2122 4638 2195 4692 sit
2223 4637 2470 4692 omnium
2501 4633 2817 4691 laetantium
2847 4630 3141 4686 habitatio.

2096 4817 2171 4870 Tu
2198 4830 2348 4880 vero,
2379 4821 2441 4868 ut
2470 4820 2583 4869 tua"
2627 4814 2832 4868 litterae
2872 4808 3175 4866 declarant.
3208 4807 3296 4862 Tu
3327 4809 3549 4873 autem,
3581 4803 3672 4859 in-

2025 4905 2173 4976 quit,
2215 4921 2246 4958 o
2296 4901 2654 4973 Demophile,
2682 4901 2859 4957 etiam
2915 4896 3204 4953 sacerdoti
3253 4891 3673 4951 contumeliam

2026 4993 2236 5059 fecisti,
2260 4993 2415 5062 quod
2447 4992 2667 5046 diceret
2697 4987 3120 5050 miserandum,
3143 4985 3202 5039 id
3233 4989 3323 5040 est
3352 4981 3676 5038 misericor-

2025 5083 2122 5138 dia
2136 5083 2380 5154 dignum
2399 5095 2527 5135 esse
2551 5077 2795 5149 impium
2815 5091 2879 5130 ac
2899 5074 3296 5147 poenitentem.
3317 5070 3460 5126 Mihi
3477 5073 3674 5125 autem

2024 5173 2252 5228 videtur
2273 5166 2657 5238 DemOpbilus
2677 5165 3020 5236 presbytero
3051 5162 3333 5232 injuriam
3363 5157 3673 5226 intulisse;

2025 5261 2174 5318 solet
2221 5259 2378 5315 enim
2430 5256 2800 5329 presbyteros
2849 5267 3054 5308 vocare
3102 5250 3452 5316 sacerdotes,
3487 5246 3574 5304 uti
3613 5245 3675 5301 in

1259 5546 1501 5603 VARLE
1539 5547 1938 5606 LEGTlONES
1975 5547 2065 5606 ET
2103 5543 2666 5604 CORRECTIONES.

333 5652 390 5688 ⁸⁸
417 5647 732 5728 ἀνεγείρειν.
808 5647 851 5684 ⁸⁷
881 5649 1012 5704 νοεῖ.
