3972 6214
305 297 413 351 547

1136 301 1501 355 APPENDIX
1539 303 1633 353 AD
1670 298 1910 352 OPERA
1948 298 2006 350 S.
2048 295 2362 352 DIONYSII
2405 295 2902 352 AREOPAGITE.

3626 294 3729 350 548

306 423 682 478 Ecclesiastica
741 422 1061 478 hierarchia
1118 423 1272 478 clare
1320 423 1542 478 docuit.
1575 421 1722 488 Quin
1779 418 1947 474 etiam

2120 419 2327 474 ›άνωσε.
2365 419 2460 475 Καὶ
2506 417 2725 473 ἐνεαῦθα
2778 415 2836 472 δέ
2892 417 3026 490 μετὰ
3060 419 3272 493 βραχέα
3325 418 3638 473 ὑποκατιῶν
3667 418 3728 473 τὸ

305 509 404 565 hic
437 511 612 580 infra,
644 511 819 584 paulo
864 517 996 583 post
1026 513 1228 567 eodem
1263 513 1436 567 modo
1467 510 1780 565 dictionem
1813 507 1963 562 hanc

307 599 609 672 intelligit.
631 601 1003 656 Constructio
1041 605 1235 654 autem
1268 599 1388 654 haec
1419 603 1510 654 est
1539 615 1641 669 per
1670 596 1961 666 trajectio—

309 705 442 745 nem
459 689 615 760 (cum
636 690 740 760 ait)
762 705 774 744 2
796 690 1160 746 Convitiatus
1177 706 1240 745 es
1258 690 1621 744 sacerdotem
1635 687 1658 758 j
1671 685 1963 741 ustifican-

316 784 463 847 tem,
486 779 568 832 uti
601 782 656 832 et
689 777 834 833 illud
870 795 882 832 :
926 777 1176 849 impium
1225 777 1628 832 miserandum
1676 789 1827 839 esse,
1859 789 1961 828 seu

311 867 723 922 misericordia
759 867 1024 938 dignum.

379 956 582 1011 Sancta
622 960 945 1011 sanctorum
996 955 1292 1011 sustulisti.
1325 953 1628 1010 Sustulisti
1682 969 1786 1026 pro
1832 949 1960 1005 vili-

309 1045 564 1117 peudisti
595 1049 652 1099 et
681 1044 1043 1112 extenuasti;
1075 1045 1166 1100 vel
1202 1044 1249 1099 si
1283 1045 1390 1099 hoc
1423 1061 1563 1112 non,
1594 1047 1792 1098 tamen
1825 1057 1961 1096 sus-

307 1133 516 1201 tulisti,
565 1150 670 1205 pro
720 1133 1160 1199 contemerasti,
1211 1133 1383 1205 quasi
1437 1134 1630 1187 dicat:
1664 1130 1960 1196 Quodam-

311 1224 485 1279 modo
537 1221 858 1293 abstulisti,
893 1226 949 1277 et
996 1238 1025 1276 e
1074 1222 1329 1279 sacrario
1376 1221 1746 1292 tulisti,cum
1797 1219 1856 1274 id
1904 1221 1964 1273 et

308 1310 568 1367 diaconis
600 1315 658 1366 et
688 1311 1048 1383 presbyteris
1079 1311 1200 1381 lege
1231 1311 1474 1366 vetitum
1507 1311 1604 1378 sit,
1631 1327 1758 1381 quae
1779 1308 1961 1371 dicit;

305 1402 370 1455 Et
396 1399 706 1455 sacerdotes
751 1402 1008 1455 vetabunt-
1039 1405 1252 1463 sancta,
1283 1401 1366 1454 uti
1392 1401 1567 1456 etiam
1619 1399 1834 1471 pagina
1867 1414 1961 1452 se-

307 1491 509 1560 quenti
543 1489 642 1544 ait.

375 1580 538 1648 Ne/as
567 1578 932 1633 sacerdotem.
965 1578 1253 1641 Quoniam
1288 1595 1401 1633 non
1433 1583 1660 1650 oportet
1690 1576 1964 1632 sacerdo-

306 1668 451 1731 tem,
511 1665 645 1720 licet
711 1673 1071 1737 peccantem,
1130 1685 1162 1722 a
1221 1669 1464 1723 diacono
1526 1666 1613 1722 vel
1673 1665 1960 1721 monacho

2072 505 2358 579 εἷρημένον
2415 529 2507 579 μοι
2556 507 2857 576 συνίστησι.
2893 508 3024 571 Καθ’
3081 501 3384 582 ὑπερϐατὸν
3435 503 3494 561 δὲ
3534 506 3569 581 ᾗ
3605 507 3726 561 σύν-

2068 595 2241 664 ταξις,
2291 591 2538 670 Ὕϐριζες
2588 598 2680 651 τὸν
2732 596 2879 672 ἱερέα
2927 593 3294 650 δικαιώσαντα
3345 595 3437 650 καὶ
3488 595 3576 664 τὸ,
3635 597 3726 651 τὸν

2070 679 2234 753 ἀσεϐῆ
2269 682 2490 754 ἐλεητὸν
2528 684 2791 760 ὑπάρχειν
2824 682 2996 758 ἤγουν
3033 683 3218 746 ἐλέους
3248 682 3418 755 ἄξιον.

2142 952 2224 1010 Τὰ
2276 955 2439 1027 ’Ἀγια
2511 956 2616 1006 τῶν
2675 951 2844 1027 άγίων
2917 950 3308 1014 συνέστειλας.
3373 950 3732 1016 Συνέστειλας

2072 1043 2187 1097 ἀντῖ
2231 1045 2328 1096 τοῦ
2378 1040 2764 1109 ἐταπείνωσας,
2814 1042 2898 1095 καὶ
2954 1032 3308 1116 ἐσμίκρυνας·
3339 1042 3374 1110 ἢ
3427 1041 3491 1096 οὐ
3539 1046 3728 1111 τοῦτο,

2071 1129 2216 1186 ἀλλὰ
2246 1128 2603 1200 συνέστειλας,
2637 1129 2754 1184 ἀντὶ
2781 1133 2879 1184 τοῦ
2910 1129 3164 1200 σδνῆξας,
3199 1131 3277 1193 ὡς
3307 1128 3728 1205 εἴρηται,οἶονεὶ

2071 1221 2296 1294 ἐπῆρας,
2345 1218 2404 1274 ἐκ
2449 1219 2546 1274 τοῦ
2596 1219 2981 1293 θυσιαστηρίου
3040 1219 3331 1294 βαστάσας,
3376 1219 3555 1274 καίτοι
3609 1217 3730 1274 δια-

2070 1311 2241 1367 κόνων
2292 1309 2382 1364 καὶ
2434 1302 2813 1384 πρεσϐυτέρων
2869 1312 3033 1363 τοῦτο
3084 1313 3260 1363 ποιεῖν
3320 1307 3729 1384 ἐπιτετραμμὲο

2068 1422 2174 1455 νων
2206 1403 2302 1453 τοῦ
2327 1397 2500 1470 νόμου
2531 1397 2812 1470 λέγοντοςο
2847 1397 2953 1452 Καὶ
3001 1398 3166 1471 ἱερεῖς
3220 1394 3604 1472 περιπελοῦσι
3657 1396 3730 1452 τά

2071 1493 2218 1565 ἅγια,
2251 1489 2326 1550 ὡς
2359 1487 2448 1542 καὶ
2481 1487 2526 1541 ἐκ
2564 1487 2643 1558 τῷ
2677 1485 2798 1558 ἐξῆς
2829 1485 3028 1564 φύλλῳ
3058 1487 3240 1564 φησίν.

2139 1579 2211 1632 Ού
2258 1578 2475 1650 θεμιτὸν
2536 1575 2702 1650 ἱερέα.
2750 1578 2874 1633 “()τι
2927 1577 2992 1630 ού
3054 1573 3136 1630 δεῖ
3181 1571 3569 1651 πρεσϐύτερον,
3621 1575 3724 1631 κᾶν

2069 1668 2370 1742 ἁμαρτάνῃ,
2405 1665 2509 1720 ὑπὸ
2557 1663 2813 1719 διακόνου
2860 1667 2896 1734 ἢ
2933 1666 3266 1736 μονάζοντος
3308 1664 3623 1728 εὐθύνεσθαι
3651 1667 3724 1736 ⁸³,

305 1753 545 1824 corrigi,
578 1755 798 1809 nedum
832 1772 864 1810 a
894 1754 1083 1826 laicis,
1137 1757 1458 1827 praesertim
1512 1761 1674 1811 extra
1721 1754 1947 1810 electio-

2120 1759 2145 1826 ή
2177 1759 2228 1811 τί
2260 1777 2322 1829 γε
2374 1757 2477 1810 ὑπὸ
2529 1753 2759 1818 λαϊκῶν,
2799 1757 2968 1808 ταῦτα
3018 1750 3076 1808 δὲ
3109 1751 3240 1828 δίχα
3272 1752 3546 1828 αἱρέσεως
3585 1754 3724 1827 ὑπὲρ

303 1857 470 1907 nem;
518 1858 652 1895 nam
710 1848 799 1897 est
850 1860 1029 1914 supra
1079 1845 1342 1900 ordinem
1397 1844 1842 1910 monachorum,
1873 1859 1962 1926 vel

303 1929 714 1986 ministrorum
764 1947 865 1987 seu
912 1931 1312 1988 diaconorum.
1347 1934 1509 1997 Quod
1544 1951 1679 1990 cum
1727 1933 1808 1988 ita
1860 1931 1959 2018 sit,

302 2018 490 2073 multo
539 2019 734 2090 majus
785 2021 948 2076 nefas
981 2021 1058 2076 sit
1101 2023 1443 2094 episcopum
1477 2039 1511 2078 a
1540 2021 1818 2094 quopiam
1866 2021 1959 2076 in-

302 2107 520 2162 cusarL

373 2195 686 2252 Sacerdotes
726 2203 913 2253 autem
961 2201 1158 2268 angeli
1203 2205 1351 2255 sunt.
1385 2201 1535 2257 Nota
1577 2201 1730 2271 quod
1780 2199 1956 2255 etiam

299 2285 637 2340 sacerdotes
668 2287 858 2357 angeli
883 2292 941 2342 et
972 2288 1347 2360 interpretes,
1377 2289 1434 2343 id
1461 2294 1549 2344 est
1571 2293 1956 2361 praeceptores

297 2372 1019 2444 divinorumjudiciorum
1065 2376 1186 2432 sint
1231 2383 1366 2449 post
1412 2379 1746 2450 episcopos;
1778 2382 1835 2433 et
1863 2383 1953 2437 vel

294 2461 433 2516 hinc
467 2463 720 2518 maxime
751 2469 932 2535 patet,
968 2465 1290 2536 Epistolam
1334 2467 1486 2522 hanc
1517 2469 1792 2539 scriptam
1826 2483 1955 2523 esse

295 2550 368 2604 de
418 2552 771 2622 presbytero,
819 2552 920 2624 qui
969 2571 1002 2608 a
1052 2555 1342 2610 monacho
1393 2556 1861 2628 persecutionem
1895 2559 1953 2611 et

293 2638 572 2709 injuriam
607 2655 819 2710 passus
852 2641 1059 2696 fuerat.

361 2725 724 2782 Mediantibus
751 2730 1047 2785 ministris.
1082 2730 1232 2786 Nota
1277 2733 1430 2802 quod
1465 2731 1561 2802 qui
1594 2748 1686 2788 res
1719 2732 1949 2789 divinas

291 2832 325 2869 a
355 2815 713 2888 presbyteris
753 2818 902 2873 scire
935 2819 1158 2884 volunt,
1194 2838 1308 2875 non
1358 2838 1460 2892 per
1511 2837 1572 2876 se
1624 2821 1732 2876 hoc
1779 2839 1950 2894 agere

291 2905 566 2974 debeant,
613 2907 843 2961 tametsi
894 2909 1167 2963 monachi
1217 2909 1358 2977 sint,
1395 2910 1494 2964 sed
1547 2910 1947 2966 mediantibus

293 2993 581 3062 diaconis;
617 2994 790 3065 idque
819 2997 1056 3066 quando
1100 3001 1334 3069 tempus
1376 2998 1629 3054 adfuerit
1659 3004 1946 3071 opportu-

298 3097 463 3137 num.

360 3175 473 3224 Per
516 3186 648 3241 quos
698 3173 863 3226 etiam
902 3175 962 3226 ut
1011 3189 1170 3228 esses.
1224 3173 1295 3228 Ut
1342 3174 1600 3230 diximus
1649 3192 1829 3248 supra
1886 3177 1941 3232 in
1976 3155 2019 3223 (ἶ

285 3258 667 3314 Ecclesiasticu
731 3261 1065 3327 hierarchia,
1127 3263 1315 3333 capite
1383 3265 1454 3319 de
1507 3267 1942 3320 consecratione

289 3347 735 3418 monachorum,
769 3366 803 3404 a
845 3352 1254 3407 sacerdotibus
1304 3353 1449 3423 ipsis
1498 3354 1624 3408 dari
1673 3353 1942 3410 habitum

292 3434 730 3492 monachicum.

360 3525 671 3581 Distinctio.
706 3527 839 3598 Agit
881 3529 950 3582 de
999 3529 1412 3586 ecclesiasticis
1443 3531 1940 3598 distinctionibus,

289 3617 348 3666 et
377 3615 533 3684 quod
580 3607 667 3670 sit.
705 3616 1099 3673 ministerium
1147 3620 1566 3676 monachorum
1604 3640 1617 3678 :
1651 3623 1941 3693 siquidem

290 3701 397 3757 bos
426 3703 680 3759 cultores
712 3709 895 3762 vocat.
931 3706 1061 3762 Haec
1089 3708 1263 3764 etiam
1297 3710 1476 3765 tradit
1527 3711 1586 3765 in
1640 3712 1941 3768 Ecclesias-

285 3794 404 3847 tz'ca
435 3792 776 3851 hierarchia.

363 3882 517 3936 316
549 3882 852 3954 Adytorum
880 3892 1075 3955 postes.
1125 3887 1396 3943 Diaconis
1446 3889 1604 3944 enim
1661 3891 1944 3946 attributa

287 3973 379 4022 est
410 3975 712 4039 portarum
744 3972 1006 4030 ecclesiae
1049 3977 1338 4044 custodia,
1372 3982 1436 4032 ut
1467 3977 1525 4032 in
1558 3979 1941 4035 Ecclesiasta’ca

289 4056 626 4122 hierarchia,
658 4061 846 4130 capite
890 4063 968 4118 De
998 4067 1538 4122 consecrationibus
1569 4068 1942 4124 sacerdotali-

290 4144 424 4212 bus,
459 4145 630 4215 paulo
662 4159 794 4217 post
824 4149 1058 4206 initium
1091 4154 1298 4223 capitis
1328 4156 1527 4212 tradit.

356 4325 688 4382 Divinorum
735 4329 1185 4387 velamentorum.
1243 4333 1526 4400 Quoniam
1579 4337 1755 4392 etiam
1810 4342 1936 4394 tum

284 4412 614 4470 velamenta
644 4421 809 4472 erant
840 4417 1062 4474 circum
1095 4419 1303 4476 altare.

2069 1846 2172 1921 γὰρ
2201 1847 2301 1915 τήν
2332 1843 2474 1916 τάξιν
2507 1847 2614 1898 τῶν
2671 1847 2952 1917 μοειαχῶν,
2985 1841 3019 1910 ἢ
3050 1846 3161 1896 τῶν
3211 1841 3544 1917 λειτουργῶν
3591 1841 3726 1909 ἤτοι

2071 1933 2354 1990 διακόνων.
2389 1932 2494 1988 Καὶ
2542 1933 2588 1986 εἷ’
2615 1935 2801 2000 τοῦτο,
2833 1929 3035 2003 πολλῷ
3081 1928 3298 2004 μᾶλλον
3341 1928 3474 1986 οὐδὲ
3502 1929 3729 1986 ἐπίσκο-

2069 2045 2169 2078 πον
2198 2026 2621 2098 κατηγορεῖσθαι
2651 2023 2808 2094 θέμις
2842 2019 2944 2075 ὑπό
2975 2040 3146 2082 τινος.

2138 2203 2205 2260 Οἱ
2264 2199 2321 2256 δὲ
2369 2202 2530 2275 ἱερεῖς
2589 2197 2838 2273 ἄγγελοι.
2901 2197 3220 2271 Σημείωσαι
3279 2196 3364 2252 ὅτι
3414 2197 3507 2252 καὶ
3555 2199 3729 2269 ἱερεῖς

2066 2286 2287 2364 ὂίγγελοι
2318 2289 2406 2343 καὶ
2441 2289 2738 2361 ὑποφῆται,
2769 2285 3013 2342 τουτέστι
3047 2284 3365 2342 διδάσκαλοι
3405 2291 3516 2342 τῶν
3556 2286 3722 2342 θείων

2063 2375 2340 2452 χριμάτων
2376 2375 2478 2432 εἰσί
2523 2380 2658 2449 μετὰ
2699 2376 2826 2440 τοὺς
2859 2375 3140 2451 ἱεράρχαςο
3181 2376 3270 2430 καὶ
3303 2375 3386 2431 ὅτι
3415 2375 3539 2452 περὶ
3587 2396 3729 2451 πρε-

2063 2461 2325 2542 σϐυτέρου
2356 2464 2689 2540 διωχθέντος
2735 2464 2827 2519 καὶ
2881 2459 3230 2537 ὑϐρισθέντος
3255 2465 3404 2537 παρᾶ
3452 2465 3726 2537 μονάζον-

2059 2576 2151 2617 τος
2182 2558 2216 2624 ἡ
2250 2554 2512 2624 ἐπιστολή
2547 2553 2774 2631 ἐγράφη,
2808 2553 3046 2616 ἐντεῦθεν
3085 2552 3320 2626 μάλιστα
3350 2550 3645 2623 δηλοῦται.

2131 2732 2228 2787 Διὰ
2281 2732 2457 2806 μέσων
2503 2736 2609 2786 τῶν
2663 2730 3015 2807 λειτουργῶν.
3062 2731 3385 2804 Σημείωσαι
3432 2732 3516 2784 δτι
3566 2731 3621 2784 οἱ
3652 2732 3724 2785 τὰ

2059 2828 2175 2885 θεῖα
2235 2826 2518 2891 ζητοῦντες
2571 2820 2718 2895 παρὰ
2775 2815 3152 2894 πρεσϐυτέρων
3229 2819 3440 2892 μαθεῖν,
3519 2816 3580 2872 ού
3645 2815 3720 2873 δι’

2056 2912 2256 2966 ἑαυτῶν
2291 2915 2451 2966 τοῦτο
2501 2910 2761 2985 πράττειν
2813 2908 3117 2984 ὀφείλουσι,
3152 2905 3247 2962 κᾶν
3288 2905 3578 2983 ὑπάρχωσι
3615 2929 3720 2978 μο-

2053 2999 2236 3074 ναχοὶ,
2269 2997 2412 3054 ἀλλὰ
2445 2995 2533 3052 διὰ
2565 2999 2742 3070 μέσων
2765 2994 3054 3064 διακόνων,
3075 2995 3166 3050 καὶ
3195 2999 3357 3050 τοῦτο
3387 2995 3513 3049 ὅταν
3539 2993 3718 3072 ἁρμό-

2059 3086 2175 3150 διος
2205 3093 2353 3161 παρῇ
2384 3087 2596 3160 καιρός.

2130 3178 2207 3230 Δι’
2254 3178 2324 3230 ὧν
2383 3175 2472 3230 καὶ
2520 3176 2582 3229 τὸ
2625 3177 2783 3231 εἶναι.
2835 3177 3039 3248 *Ὠσπερ
3089 3172 3312 3246 εἴπομεν
3363 3170 3472 3227 ἅνω
3524 3172 3575 3227 ἐν
3633 3177 3710 3247 τῇ

2053 3264 2512 3337 Ἐκκλησιαστικῇ
2593 3262 2868 3338 ἱεραρχίᾳ,
2928 3261 2980 3316 ἐν
3056 3259 3136 3333 τῷ
3204 3263 3327 3336 περὶ
3390 3269 3710 3336 μοναχικῆς

2049 3355 2385 3415 τελειώσεως
2419 3350 2722 3430 κεφαλαίῳ,
2756 3349 2844 3404 διά
2875 3344 3252 3424 πρεσϐυτέρων
3277 3350 3467 3413 αὐτοῖς
3498 3347 3710 3406 δίδοται

2048 3444 2112 3498 τὸ
2149 3443 2450 3517 μοναχικὸν
2478 3447 2693 3517 σχῆμα.

2120 3533 2180 3588 ἹΙ
2242 3529 2604 3603 διακόσμησις
2639 3573 2650 3584 .
2712 3528 2842 3602 Περὶ
2900 3533 3006 3582 τῶν
3067 3525 3532 3597 ἐκκλησιαπικῶν
3593 3525 3714 3581 διας

2048 3623 2294 3694 κόσμων,
2317 3621 2403 3674 καὶ
2435 3619 2516 3680 τίς
2546 3621 2580 3687 ἡ
2612 3621 2718 3672 τῶν
2757 3617 3102 3688 μοναζόντων
3139 3616 3473 3692 λειτουργία·
3502 3615 3710 3677 αὐτοὺς

2047 3712 2147 3785 γάρ
2192 3709 2351 3764 καλεῖ
2399 3709 2746 3783 θεραπευτάς.
2797 3709 2973 3760 Ταῦτα
3015 3705 3104 3759 καὶ
3150 3703 3202 3760 ἐν
3252 3708 3321 3779 τῇ
3371 3703 3709 3774 Ἐκκλησια-

2049 3803 2203 3872 στικῇ
2237 3796 2494 3872 ἱεραρχίᾳ
2520 3796 2680 3874 φησίν
2693 3841 2704 3852 .

2124 3889 2188 3943 Αἱ
2247 3884 2415 3942 πύλαι
2464 3891 2571 3940 τῶν
2629 3881 2860 3939 ἀδύτων.
2915 3882 3194 3944 Διακόνοις
3243 3882 3345 3958 γὰρ
3397 3884 3433 3952 ἡ
3479 3879 3706 3960 φυλακὴ

2046 3981 2151 4031 τῶν
2205 3983 2304 4045 τῆς
2369 3972 2696 4043 Ἐκκλησίας
2755 3969 2945 4026 πυλῶν
3007 3971 3332 4049 ἀφώρισται,
3393 3971 3465 4032 ὡς
3518 3969 3570 4024 ἐν

2049 4063 2508 4136 Ἐκκλησιαστικῇ
2557 4060 2837 4136 ἱεραρχίᾳ,
2871 4059 2922 4114 ἐν
2973 4065 3052 4132 τῷ
3083 4059 3206 4131 περὶ
3251 4064 3358 4113 τῶν
3402 4060 3703 4134 ἱερατικῶν

2046 4153 2379 4209 τελειώσεων
2411 4151 2693 4227 κεφαλαίῳ
2725 4150 2882 4228 φησὶ,
2917 4150 3032 4222 μετ’
3065 4146 3226 4222 ὀλίγα
3251 4154 3353 4217 τῆς
3389 4148 3568 4221 ἀρχῆς
3599 4150 3709 4202 τοῦ

2045 4242 2366 4321 κεφαλαίου.

2119 4335 2240 4389 Τῶν
2300 4330 2455 4384 θείων
2515 4327 3044 4403 παραπετασμάτων.
3107 4325 3229 4382 Ὀτι
3283 4325 3374 4379 καὶ
3423 4322 3547 4379 τότε
3587 4345 3710 4380 πα-

2047 4421 2431 4496 ραπετάσματα
2460 4418 2525 4486 ἦν
2555 4415 2682 4489 περὶ
2711 4417 2774 4470 τὸ
2805 4415 3212 4488 θυσιαστήριον.

353 4503 535 4575 Neque
563 4507 864 4578 quidquam
913 4508 1112 4565 habeas
1152 4526 1340 4566 eorum
1369 4528 1490 4582 qua:
1519 4514 1732 4569 decent.
1765 4515 1936 4588 Nota,

2120 4508 2249 4565 Οὔτε
2301 4507 2446 4584 ἔχεις
2495 4528 2546 4562 τι
2599 4509 2708 4561 τῶν
2757 4503 3173 4579 προσηκόντων.
3235 4502 3554 4575 Σημείωσαι
3611 4501 3703 4558 ὅτι

283 4591 568 4662 quoniam
601 4599 812 4665 prater
841 4597 1109 4654 ordinem
1138 4601 1194 4654 et
1225 4615 1421 4656 sacros
1448 4602 1618 4672 ritus,
1642 4603 1701 4658 in
1734 4611 1937 4660 sancta

283 4679 595 4748 involarat,
627 4683 774 4739 nihil
805 4700 874 4740 ex
907 4685 1046 4753 illis,
1080 4704 1269 4760 neque
1298 4691 1513 4763 videre,
1546 4710 1735 4765 neque
1765 4694 1934 4750 audi-

284 4786 366 4840 re,
400 4785 592 4842 neque
641 4773 856 4832 habere
905 4777 1196 4849 credatur,
1228 4782 1465 4837 tametsi
1519 4785 1790 4842 manibus
1835 4786 1935 4842 illa

281 4863 692 4918 contrectaret.

355 4949 746 5019 Praesumeret,
788 4953 1010 5022 nedum,
1043 4960 1133 5011 etc
1187 4956 1693 5034 Subaudiendum,
1726 4965 1933 5022 merito

280 5036 613 5110 puniretur,
647 5043 1155 5112 quemadmodum
1187 5049 1246 5102 et
1275 5046 1390 5105 hic.

353 5128 579 5197 Quando
607 5131 732 5200 quis
777 5134 989 5204 majora
1037 5136 1252 5190 meritis
1301 5141 1612 5195 attentaret.
1645 5141 1930 5205 Quoniam

282 5213 330 5269 si
364 5215 499 5288 quis
526 5217 705 5273 etiam
735 5233 803 5276 ea
849 5236 976 5292 quae
1009 5227 1404 5282 consentanea
1433 5237 1570 5283 sunt
1601 5228 1798 5298 faciat,
1829 5232 1932 5289 sed

283 5309 490 5374 praeter
517 5305 792 5450 1ordinem
823 5315 881 5365 et
910 5309 1276 5386 dignitatem,
1310 5313 1404 5370 hic
1452 5319 1650 5374 tamen
1676 5319 1776 5391 jus
1806 5321 1931 5378 fas-

285 5406 396 5450 que
424 5392 514 5450 vio
540 5402 618 5450 at.

285 5406 396 5463 que
424 5392 618 5452 violat.

2047 4603 2074 4655 ὁ
2105 4599 2346 4660 ἀτάκτως
2377 4598 2465 4652 καὶ
2516 4595 2664 4670 παρᾶ
2705 4593 2833 4658 τοὺς
2875 4591 3056 4667 ἱεροὺς
3089 4590 3322 4665 θεσμοὺς
3366 4596 3484 4653 τοῖς
3516 4591 3706 4667 ἁγίοις

2045 4685 2410 4758 ἐπεισπηδῶν,
2443 4684 2595 4741 οὐδὲν
2630 4684 2679 4756 ἐξ
2712 4683 2886 4738 αὐτῶν
2918 4678 3042 4736 οὔτε
3077 4678 3234 4752 ἴδεῖν,
3269 4677 3394 4736 οὔτε
3443 4680 3704 4750 ἀκοῦσαι,

2045 4777 2167 4834 οὕτε
2196 4775 2342 4852 ἔχειν
2392 4775 2722 4847 πιστεύεται,
2755 4772 2799 4827 εἰ
2831 4770 2922 4827 καὶ
2958 4775 3080 4833 ταῖς
3113 4770 3299 4847 χερσὶν
3328 4769 3508 4826 αὐτῶν
3545 4771 3710 4826 ἅπτει

2041 4889 2151 4925 ται.

2114 4955 2472 5029 Ἐτόλμησεν·
2524 4952 2677 5008 οὔπω
2728 4950 2853 5026 γάρ’
2907 4950 3050 5005 Κατὰ
3094 4951 3282 5005 κοινοῦ
3328 4949 3391 5005 τὸ
3436 4946 3703 5013 Ἐνδίκως

2040 5047 2383 5122 ἐτιμωρεῖτο,
2416 5043 2609 5098 ὡσανεὶ
2636 5042 2726 5096 καὶ
2757 5040 2938 5101 οὗτος.

2109 5138 2270 5190 Ὅταν
2317 5135 2450 5209 ὑπερ
2498 5132 2644 5203 ἀξίαν
2695 5151 2778 5192 τις
2824 5127 3115 5203 ἐγχειρῶν.
3173 5129 3319 5198 ¹Ὀτι,
3373 5127 3430 5182 εἲ
3476 5129 3575 5182 καὶ
3620 5127 3691 5183 τὰ

2041 5225 2224 5283 εἷ’κότα
2267 5245 2352 5286 τις
2399 5225 2568 5292 ποιεῖ,
2618 5231 2764 5295 παρα
2810 5219 2910 5289 τὴν
2963 5215 3164 5272 οἰκείαν
3215 5213 3272 5272 δὲ
3323 5215 3471 5287 τάξιν
3513 5237 3574 5272 τε
3602 5217 3696 5272 καὶ

2039 5318 2207 5391 ἀξίαν,
2231 5314 2320 5370 καὶ
2353 5314 2507 5374 οὗτος
2535 5313 2598 5368 τὸ
2629 5309 2843 5385 ἐφικτὸν
2882 5301 3219 5382 ὑπερϐαίνει.

1274 5501 1518 5564 νΑΒΙλΕ
1564 5508 1956 5569 LECTIONES
1995 5511 2085 5568 ET
2123 5503 2688 5568 CORRECTIONES.

354 5579 399 5620 ⁵⁸
425 5585 865 5662 κατηγορεῖσθαι.
