3972 6214
195 330 300 384 549

1146 335 1205 387 S.
1246 334 1515 387 MAXIMl
1558 335 1864 389 SCHOLIA
1902 336 1976 388 IN
2016 338 2169 389 EPP.
2213 341 2268 390 S.
2309 341 2643 396 DlONYSII.

3501 347 3612 400 550

266 453 530 526 Δαίμονες
581 452 802 524 ἀληθῶς
853 453 1258 531 θεολογοῦντες.
1305 457 1440 531 Περὶ
1483 460 1592 512 τῶν
1644 455 1895 530 θεολο-ί

2036 463 2304 519 Daemones
2345 481 2467 521 vere
2511 467 2682 521 Deum
2727 468 3064 538 proﬁtentes.
3117 475 3196 525 De
3243 471 3610 531 daemonibus

193 546 440 622 γούντων
472 548 562 602 τὸν
596 548 807 618 Ἰησοῦν
842 544 1142 606 δαιμόνων.

265 633 429 692 Ἀλλ’
458 634 810 711 έκκήρυκτος.
843 639 966 694 ’Ότι
998 636 1331 714 ἐκκήρυκτος
1358 643 1426 712 τῇ
1460 637 1720 714 θεολογίᾳ
1747 644 1850 701 πᾶς

195 722 758 801 ἀλλοτριεπίσκοπος.

269 903 372 957 Καὶ
430 904 482 958 οἱ
533 905 694 978 ἱερεῖς
743 903 1200 980 περιστέλλουσι.
1249 906 1405 967 Τίνες
1459 907 1703 979 συνάγειν
1761 904 1849 958 καὶ

198 991 438 1068 ἐπαίρειν
503 989 756 1048 δύνανται
813 996 882 1049 τὰ
940 997 1088 1070 ἅγια,
1144 993 1233 1049 καὶ
1295 995 1376 1049 δτι
1427 993 1490 1048 οὐ
1537 997 1696 1048 πᾶσιν
1730 992 1850 1071 ἐφι-

198 1082 346 1139 κτόν.

267 1172 376 1226 Καὶ
406 1171 636 1246 Μαριὰμ
675 1170 993 1249 λεπροῦται.
1047 1172 1364 1247 Σημείωσαι
1414 1173 1512 1242 τὴν
1564 1172 1739 1228 αἰτίαν
1783 1169 1852 1226 δι’

199 1263 260 1330 ἣν
294 1259 586 1336 ἐλεπρώθη
622 1261 806 1336 Μαρία
838 1264 872 1331 ἡ
904 1267 1001 1317 τοῦ
1036 1260 1316 1325 Μωϋσέως
1343 1259 1582 1340 ἀδελφή.

267 1350 374 1406 Καὶ
403 1349 492 1406 ἐπὶ
521 1349 650 1415 τοὺς
679 1356 854 1406 Σκευᾶ
904 1351 1078 1414 υἱούς.
1129 1351 1253 1409 Ἐπὶ
1301 1351 1430 1415 τοὺς
1476 1350 1628 1413 υἱοὺς
1671 1347 1728 1405 δὲ
1754 1355 1852 1405 τοῦ

198 1444 375 1493 Σκευᾶ
402 1440 470 1494 τὰ
501 1437 752 1512 δαιμόνια
783 1439 1047 1514 ἐφήλατο,
1078 1443 1159 1495 ὅτι
1204 1444 1343 1514 μήτε
1389 1441 1730 1502 πιστεύοντες
1774 1440 1851 1501 εἷς

196 1529 453 1603 Χριστὸν,
489 1531 630 1602 μήτε
680 1531 1201 1605 κεχειροτονημένοι
1252 1529 1543 1604 ἐξώρκιζον
1583 1529 1708 1591 τοὺς
1743 1525 1853 1583 δαί-

199 1639 393 1690 μονας,
453 1617 588 1694 ὅπερ
640 1624 757 1681 τοῖς
816 1618 1189 1688 έπιορκισταῖς
1251 1619 1440 1691 μόνοις
1501 1618 1721 1691 θεμιτὸν
1766 1616 1848 1683 ἦν.

195 1709 374 1763 Τοῦτο
406 1706 459 1760 έν
489 1711 609 1768 ταῖς
641 1709 868 1783 Πράξεσι
897 1712 1006 1761 τῶν
1039 1707 1361 1762 ἀποστόλων
1395 1712 1591 1763 κεῖται.

267 1793 412 1852 Οὐδὲ
467 1796 535 1850 τὰ
604 1793 784 1851 δίκαια
863 1798 938 1869 μή
997 1797 1114 1850 κατ’
1168 1796 1314 1866 ἀξίαν
1351 1837 1364 1850 .
1425 1794 1742 1868 Σημείωσσι
1799 1793 1851 1849 τί

197 1883 333 1941 ἐστι.
385 1885 618 1947 Δικαίως
667 1883 914 1955 διώξεται
962 1885 1026 1940 τὸ
1077 1883 1308 1954 δίκαιον,
1343 1885 1372 1940 6'
1417 1906 1551 1963 φησι
1592 1886 1849 1956 Munichiae,

194 1973 282 2027 καί
318 1971 402 2028 ὅτι
432 1971 559 2028 οὐδὲ
589 1976 657 2028 τά
688 1972 871 2029 δίκαια
903 1974 1122 2048 θεμιτὸν
1159 1976 1235 2047 μή
1268 1977 1382 2029 κατ’
1417 1972 1567 2044 ἀξίαν
1609 1971 1848 2029 διώκειν.

193 2065 384 2138 Ἔχεις
419 2061 476 2117 δὲ
503 2068 668 2119 τοῦτο
698 2066 787 2117 καὶ
837 2063 888 2118 ἐν
932 2069 1049 2126 τοῖς
1083 2064 1227 2134 ἑξῆς.
1266 2059 1524 2124 Ιιλατέως
1556 2060 1613 2117 δὲ
1643 2064 1850 2135 [τοῦτο]

196 2149 548 2227 διαγυμνάζει
581 2151 870 2228 Ὠριγένης
900 2151 952 2208 ἐν
982 2157 1060 2224 τῷ
1096 2160 1125 2207 ι’
1153 2158 1261 2208 τῶν
1309 2152 1384 2217 εἲς
1425 2152 1553 2214 τοὺς
1585 2150 1850 2226 Ἱερεμίου

195 2243 464 2316 Θρήνους.

266 2420 298 2493 §
327 2425 396 2476 II.
429 2417 490 2474 Τί
537 2421 630 2476 οὖν
663 2421 768 2497 φῄς
803 2440 816 2490 ;
854 2422 1147 2484 Ἀντίθεσις
1189 2421 1264 2483 ὡς
1297 2420 1356 2476 ἐκ
1386 2419 1734 2498 Δημοφίλου,
1767 2418 1849 2473 ὅτι

206 2508 357 2563 ἐστὶν
389 2503 612 2564 ἀσέϐεια
641 2508 695 2564 ἐν
719 2515 835 2572 τοῖς
869 2508 1069 2586 ἱερεῦσι
1105 2511 1182 2583 μή
1216 2509 1566 2583 εὐθυνομένη.

267 2689 418 2762 Ἐγὼ
469 2684 526 2742 δὶ
571 2687 1000 2762 ἀπολογήσομαί
1054 2709 1160 2744 σοι.
1213 2687 1516 2762 Ἀπολογία
1563 2687 1700 2763 πρὸς
1751 2685 1851 2754 τὴν

196 2776 469 2839 ἀντίθεσιν
500 2776 626 2852 περὶ
660 2773 1023 2854 ἷδιοπραγίας.
1761 2767 1764 2770 ’

271 2866 348 2938 [α]
379 2867 479 2922 Καὶ
515 2867 591 2938 μὴ
640 2870 902 2927 τοπικῶς.
956 2867 1080 2922 ’Ὁτι
1127 2865 1196 2920 τὰ
1243 2864 1505 2940 περὶτῶν
1548 2861 1851 2940 ἀγγελικιῖΝ

196 2949 521 3009 ὖποϐάσεων
551 2953 638 3008 καὶ
686 2953 884 3024 τάξεων
939 2953 1002 3008 οὐ
1050 2958 1294 3016 τοπικῶς
1343 2949 1425 3008 δεῖ
1464 2949 1737 3028 δέχεσθαι,
1770 2950 1852 3006 ὅτι

195 3041 566 3113 πλησιάζουσι
616 3047 755 3114 Θεῷ,
788 3041 934 3098 ἀλλὰ
978 3042 1116 3118 πρὸς
1142 3042 1241 3111 τήν
1286 3041 1510 3097 ἑκάστου
1543 3037 1854 3111 ἐπιτηδειό-

193 3149 357 3202 τητα’
392 3131 487 3206 j
519 3130 581 3185 οὐ
610 3152 712 3207 γαρ
745 3130 796 3185 ἐν
828 3129 983 3203 τόπῳ
1009 3131 1036 3184 6
1068 3131 1215 3192 Θεός·
1253 3129 1477 3192 εἰκότως
1511 3128 1604 3186 οῦν
1645 3127 1758 3184 οὐδ’
1799 3127 1854 3181 αἱ

195 3219 392 3291 νοηταὶ
425 3217 704 3292 δυνάμεις.

276 3401 353 3474 [γ]
417 3393 682 3471 Σύμϐολα
758 3395 1162 3474 Χριστοειὸὢς.
1240 3399 1500 3454 Τουτέστι
1571 3397 1669 3466 τὴν
1749 3402 1856 3452 τῶν

205 3487 524 3563 μυστηρίων
570 3485 1002 3562 τελεσιουργίαν.
1061 3483 1428 3562 Χριστοειδῶς
1481 3483 1559 3558 δὶ,
1619 3483 1758 3541 διότι
1809 3487 1861 3540 οἱ

201 3580 398 3651 ἱερεῖς,
428 3582 546 3640 τοῖς
576 3578 741 3640 θείοις
771 3575 1130 3652 ἐπευχόμενοι
1155 3573 1354 3650 δώροις
1374 3573 1500 3645 ἤτοι
1531 3569 1860 3648 συμϐόλοις,

202 3668 306 3734 τήν
334 3669 433 3722 τοῦ
463 3667 696 3740 Χριστοῦ
725 3666 871 3736 τάξιν
905 3665 1218 3741 ἐπέχουσιν.

280 3759 308 3825 §
339 3760 437 3811 Ill.
469 3752 542 3827 [ὃ]
571 3752 727 3811 Ἀλλ’
769 3755 830 3809 οὐ
864 3755 1192 3833 Δημοφίλῳ.
1229 3752 1305 3810 Οὐ
1348 3754 1449 3829 γὰρ
1480 3748 1669 3822 ἔξεστι,
1702 3754 1858 3830 φησὶ,

205 3842 520 3921 Δημοφίλῳ
551 3847 851 3919 θεραπευτῇ
902 3840 1038 3912 ὄντι,
1087 3847 1254 3898 ταῦτα
1302 3841 1538 3896 εὐθύνειν
1569 3841 1636 3896 τὰ
1683 3842 1858 3918 ἁμαρ-

201 3936 273 4005 τή
285 3954 453 4007 ματα.

279 4023 478 4077 Δίκαια
523 4019 581 4076 δέ
624 4021 756 4079 ἐστι.
803 4023 871 4079 Τί
923 4022 1059 4089 ἐστι,
1092 4019 1315 4083 δικαίως
1353 4020 1418 4074 τὰ
1466 4017 1645 4074 δίκαια
1701 4039 1860 4092 μετα-

204 4110 452 4179 διώκειν,
484 4111 574 4166 καὶ
609 4111 692 4166 ὅτι
723 4110 978 4186 ἀγγέλοις
1002 4111 1064 4165 τὸ
1099 4108 1307 4165 δίκαιον
1342 4110 1690 4181 ἀπονέμεται.

280 4202 367 4274 [ε’]
425 4200 746 4278 Δημόφιλος
809 4198 868 4254 δὲ
921 4197 1074 4275 λόγῳ
1107 4241 1119 4254 .
1179 4197 1438 4255 Τουτέστι
1511 4199 1609 4266 τήν
1670 4198 1861 4252 ἑαυτοῦ

200 4289 458 4366 ἀλογίαν,
499 4290 588 4344 καὶ
632 4289 724 4344 τὸν
759 4291 954 4362 θυμὸν,
984 4288 1077 4343 καὶ
1116 4289 1216 4357 τὴν
1250 4286 1539 4359 ἐπιθυμίαν
1588 4285 1688 4352 τῆς
1738 4287 1860 4340 ἑαυ-

199 4383 304 4434 τοῦ
338 4377 638 4456 φιλαρχίας
668 4377 947 4447 κολαζέτω
981 4379 1008 4433 ὁ
1041 4375 1384 4454 Δημόφιλος.
1416 4379 1498 4449 [ζ’]
1542 4373 1862 4450 Σημείωσαι

203 4465 288 4536 δὲ,
322 4468 401 4529 ὡς
430 4466 482 4521 ἐν
515 4473 643 4522 πᾶσι
673 4472 790 4528 τοῖς
822 4467 939 4522 οὖσι
973 4465 1061 4521 διὰ
1089 4469 1197 4520 τῶν
1244 4466 1476 4541 πρώτων
1524 4468 1642 4526 τοῖς
1685 4460 1860 4518 δευτέ-

203 4577 328 4634 ροις
359 4556 686 4628 ἀπονέμεται
713 4556 781 4610 τὰ
807 4556 924 4610 κατ’
958 4555 1127 4628 ἀξίαν.

280 4647 360 4718 [ζ]
413 4644 572 4700 Ἀλλ’
629 4644 936 4720 ἐπαρχέτω.
996 4645 1311 4720 Κρατείτω,
1367 4642 1554 4720 φησὶν,
1609 4642 1637 4695 6
1696 4638 1861 4716 λόγος

202 4737 390 4806 θυμοῦ
439 4735 529 4788 καὶ
576 4733 889 4804 ἐπιθυμίας’
922 4737 1090 4788 ταῦτα
1134 4733 1236 4808 γὰρ
1283 4733 1350 4787 τὰ
1395 4731 1672 4810 ὑφειμένα·
1707 4729 1759 4784 ἐν
1790 4733 1859 4802 τῇ

197 4822 418 4878 τούτων
469 4822 573 4897 γὰρ
626 4820 809 4896 ἐποχῇ
860 4824 895 4890 ἡ
942 4820 1141 4896 λογική
1202 4821 1444 4898 φαίνεται
1506 4818 1718 4890 ἐξουσία
1771 4818 1862 4873 καὶ

202 4910 466 4984 δύναμις,
509 4906 646 4966 ὥστε
681 4912 757 4984 μὴ
791 4909 1007 4980 ἁπλῶς,
1043 4908 1189 4966 ἀλλὰ
1217 4911 1355 4983 πρός
1386 4929 1439 4963 τι
1469 4910 1748 4984 χρήσιμον
1774 4928 1862 4962 κε-

200 5005 455 5076 χρῆσθαι
485 5000 695 5061 αὐτοῖς.

277 5091 381 5146 Ἐκ
408 5092 542 5144 Θεοῦ
569 5089 894 5162 νομοθέτης.
932 5088 1041 5145 Τὸν
1074 5089 1218 5142 θεῖον
1246 5084 1467 5142 Παῦλόν
1498 5106 1685 5162 φησιν.

279 5177 398 5236 Οὐκ
428 5177 571 5247 ἀξιοῖ
597 5181 698 5242 τῆς
745 5175 1091 5247 Ἐκκλησίας.
1126 5177 1220 5230 Ἐκ
1265 5182 1366 5244 τῆς
1413 5175 1552 5250 πρὸς
1597 5172 1863 5248 Τιμόθεον

201 5265 536 5336 ἐπιστολῆς.

279 5358 316 5431 §
363 5356 457 5412 IV.
516 5356 596 5410 Τὰ
649 5355 766 5410 καθ’
823 5353 974 5424 ἀξίαν
1031 5353 1277 5431 ἀφόριζε.
1341 5351 1657 5425 Σημείωσαι
1713 5349 1860 5420 τάξιν

202 5445 607 5518 ἐπαινουμένην
662 5442 1142 5513 ἐκκλησιαπικήν,
1195 5439 1288 5496 ⁸ίνα
1343 5446 1458 5503 τοῖς
1543 5439 1861 5514 μονάζουσιν

1881 1841 1928 1906 Β

1890 4579 1938 4644 D

1958 549 2161 607 Jesum
2197 557 2292 608 Dei
2327 552 2539 610 Filium
2575 555 3013 612 conﬁtentibus.

2035 646 2243 696 Verum
2283 638 2638 715 ἐκκήρυκτος.
2671 644 2956 708 Quoniam
3009 643 3340 719 ἐκκήρυκτος
3383 666 3487 706 seu
3518 668 3609 708 re-

1951 729 2248 800 jiciendus
2290 748 2324 786 a
2371 731 2667 806 theologia
2706 729 2907 789 Omnis
2961 733 3290 792 alienorum
3340 737 3608 795 curiosus

1963 818 2294 890 indagator.

2030 911 2107 962 Et
2134 909 2441 965 sacerdotes
2468 911 2887 979 circumtegunl.
2917 914 3166 978 Quinam
3210 914 3440 986 possint
3475 933 3612 972 san-

1960 1001 2054 1051 cta
2085 1014 2435 1070 componere
2482 1008 2534 1055 et
2583 1000 2824 1071 elevare,
2862 1001 3039 1073 idque
3070 1020 3185 1059 non
3217 1005 3494 1061 omnibus
3540 1005 3610 1060 li-

1961 1087 2116 1142 bere.

2032 1177 2097 1230 El
2127 1177 2301 1230 Maria.
2353 1178 2565 1248 leprosa
2601 1178 2683 1248 ﬁt.
2716 1177 2973 1234 Observa
3015 1197 3256 1236 causam
3307 1183 3380 1238 ob
3429 1199 3610 1254 quam

1961 1263 2166 1333 Maria,
2201 1283 2366 1320 soror
2395 1267 2630 1338 Moysis,
2660 1267 2891 1339 leprosa
2923 1269 3072 1325 tacta
3105 1271 3199 1325 sit.

2033 1358 2096 1410 Et
2130 1357 2188 1409 in
2218 1355 2362 1424 filios
2389 1360 2594 1412 Scevw.
2626 1359 2690 1412 In
2718 1357 2870 1414 filios
2897 1364 3084 1414 autem
3111 1363 3300 1415 Soevaa
3321 1360 3611 1418 daamonia

1961 1443 2320 1511 insilierunt,
2351 1446 2503 1514 quod
2556 1462 2688 1500 cum
2719 1445 2778 1500 in
2811 1446 3107 1502 Christum
3140 1465 3253 1503 non
3285 1451 3610 1520 crederent,

1962 1549 2152 1602 neque
2191 1532 2425 1588 ordines
2472 1533 2888 1605 suscepissent,
2921 1535 3216 1590 daemones
3248 1537 3611 1607 adiurarent,

1962 1623 2112 1693 quod
2149 1621 2290 1676 solis
2338 1622 2642 1677 exorcistis
2674 1624 3060 1695 competebat.
3096 1624 3366 1680 Refertur
3411 1625 3520 1681 hoc
3550 1625 3610 1681 in

1959 1711 2120 1766 Actis
2157 1711 2558 1782 apostolorum
2593 1711 2684 1781 (k).

2034 1801 2213 1872 Neque
2242 1817 2306 1855 ea
2337 1817 2456 1871 quae
2475 1801 2631 1872 jusla
2677 1809 2820 1869 sunt,
2872 1819 2978 1856 non
3032 1805 3331 1858 secundum
3363 1802 3613 1872 dignita-

1961 1891 2088 1943 lem.
2125 1893 2289 1958 Nota,
2323 1890 2466 1960 quid
2497 1890 2609 1945 sibi
2639 1890 2777 1945 velit
2804 1889 2951 1946 illud
2987 1907 3000 1947 :
3031 1894 3200 1963 Iuste,
3233 1892 3374 1964 quod
3400 1893 3617 1963 justum

1960 1983 2057 2048 est,
2104 1981 2444 2050 exsequeris,
2481 1980 2635 2051 quod
2688 1981 2911 2052 Moyses
2953 1983 3034 2035 ait
3061 1982 3122 2053 (l)
3159 1999 3171 2035 :
3207 1987 3264 2037 et
3299 1999 3413 2038 non
3443 1982 3619 2038 licere

1961 2067 2140 2122 etiam
2175 2085 2241 2122 ea
2269 2084 2397 2139 quae
2433 2068 2594 2136 justa
2641 2073 2802 2140 sunt,
2836 2087 2951 2126 non
3002 2071 3330 2126 secundum
3363 2071 3618 2143 dignita-

1959 2163 2075 2212 tem
2109 2157 2368 2227 exsequi.
2393 2157 2543 2220 Quin
2576 2158 2751 2213 etiam
2784 2159 2892 2214 hoc
2922 2158 3105 2216 habes
3136 2160 3195 2215 in
3227 2160 3615 2232 sequentibus

1959 2246 2172 2300 Fusms
2204 2252 2400 2301 autem
2428 2246 2484 2300 id
2513 2246 2764 2317 explicat
2795 2247 3076 2320 Origenes
3115 2248 3358 2304 homilia
3387 2249 3616 2305 decima

1960 2336 2021 2390 in
2057 2334 2288 2390 Threnos
2315 2337 2585 2391 Jeremiaz.

2032 2425 2060 2489 §
2091 2426 2159 2478 Il.
2197 2424 2337 2491 Quid
2369 2425 2543 2493 igitur
2581 2426 2814 2495 inquis?
2860 2426 3161 2496 Oppositio
3195 2425 3363 2496 quasi
3397 2442 3462 2482 ex
3491 2443 3613 2497 per-

1960 2529 2106 2567 sona
2143 2511 2464 2583 Demophili
2512 2513 2784 2580 dicentis,
2818 2516 2973 2586 quod
3023 2515 3300 2586 impietas
3326 2514 3385 2569 in
3420 2530 3610 2570 sacer-

1961 2601 2197 2655 dotibus
2229 2601 2308 2656 sit
2337 2601 2463 2656 sine
2495 2602 2873 2657 correctione.

2033 2692 2142 2757 Ego
2171 2695 2354 2744 autem
2397 2691 2504 2745 tibi
2545 2691 2896 2762 respondebo.
2927 2691 3250 2764 Responsio
3299 2692 3371 2748 ad
3416 2692 3611 2764 objec-

1962 2779 2182 2834 tionem
2214 2780 2283 2833 de
2318 2779 2488 2834 rebus
2514 2780 2767 2850 propriis
2798 2782 3098 2837 curandis.

2032 2867 2096 2921 Al
2126 2868 2222 2938 qui
2253 2884 2365 2922 non
2397 2868 2672 2922 localiter.
2707 2868 2992 2932 Quoniam
3040 2867 3160 2939 illa,
3194 2886 3322 2940 qua
3373 2872 3512 2924 sunt
3540 2868 3611 2925 de

1963 2953 2549 3011 subordinationibus
2579 2959 2635 3010 et
2674 2955 2984 3012 ordinibus
3033 2957 3334 3029 angelicis,
3366 2963 3470 3013 aut
3515 2973 3612 3013 se—
3670 2956 3677 2959 ⁷

1965 3043 2224 3097 cundum
2262 3043 2356 3097 3|
2374 3044 2411 3096 7
2450 3041 2644 3097 locum
2677 3041 3019 3114 accipienda
3039 3045 3195 3113 quod
3219 3048 3380 3112 sunt,
3405 3057 3618 3114 nempe

1965 3135 2080 3186 Deo
2112 3131 2610 3203 appropinquant,
2641 3133 2739 3187 sed
2789 3133 2861 3186 de
2892 3132 3209 3203 cujuslibet
3257 3133 3616 3204 capacitate;

1881 3209 1925 3276 C
1965 3237 2156 3292 neque
2205 3220 2361 3276 enim
2413 3220 2472 3275 in
2522 3220 2646 3276 loco
2681 3221 2836 3277 Deus
2869 3225 2979 3287 est,
3010 3226 3188 3293 atque
3235 3223 3379 3277 adeo
3429 3236 3619 3292 neque

1967 3310 2214 3366 virtutes
2245 3309 2692 3365 intellectuales.

2041 3397 2309 3469 Symbola
2351 3397 2834 3470 Christi/"annuet
2868 3399 2926 3454 Id
2980 3402 3069 3453 est
3116 3401 3618 3454 sacramentorum

1971 3488 2492 3543 consecrationem.
2530 3487 2681 3542 Dicit
2723 3492 2917 3542 autem
2954 3487 3460 3557 Christiformiter,
3483 3486 3624 3557 quia

1970 3577 2301 3632 sacerdotes
2332 3577 2472 3631 dum
2523 3575 2722 3630 divina
2755 3592 3001 3630 munera
3033 3575 3150 3630 sive
3201 3575 3372 3646 signa
3419 3591 3622 3631 conse-

1971 3671 2160 3730 crant,
2191 3663 2402 3718 Christi
2438 3664 2622 3719 vicem
2662 3665 2978 3719 sustinent.

2042 3757 2070 3822 §
2105 3753 2196 3808 ΙΙΙ.
2233 3754 2296 3807 At
2328 3770 2438 3808 non
2487 3753 2819 3824 Demophilo.
2852 3753 2978 3808 Non
3035 3753 3188 3807 enim
3234 3751 3369 3806 licet
3417 3752 3614 3806 Demo-

1970 3842 2154 3915 philo,
2186 3859 2319 3897 cum
2356 3841 2685 3898 monachus
2730 3841 2831 3909 sit,
2865 3840 3204 3897 istiusmodi
3235 3844 3470 3912 peccata
3497 3855 3625 3895 cor-

1970 3933 2176 4000 rigere.

2041 4022 2196 4076 Jusla
2223 4035 2349 4074 vero
2378 4023 2526 4074 sunt.
2561 4020 2711 4086 Quid
2746 4019 2843 4088 sit,
2874 4020 3034 4090 juste
3057 4021 3225 4088 justa
3253 4017 3628 4089 exsequenda

1971 4124 2122 4176 esse,
2155 4114 2329 4176 atque
2361 4108 2582 4179 angelis
2605 4108 2904 4178 justitiam
2935 4107 3135 4162 tribui.

2041 4197 2396 4269 Demophilus
2428 4199 2613 4268 itaque
2642 4199 2905 4253 sermoni.
2945 4197 3003 4252 ld
3037 4200 3147 4265 est,
3182 4213 3350 4252 suam
3389 4194 3624 4252 temeri-

1969 4291 2170 4353 tatem,
2201 4291 2259 4342 et
2302 4288 2584 4352 furorem,
2616 4290 2674 4340 et
2705 4285 3088 4355 cupiditatem
3131 4284 3472 4339 ambitionis
3502 4299 3625 4339 suae

1970 4375 2357 4447 Demophilus
2388 4374 2614 4446 puniat.
2647 4375 2902 4430 Observa
2930 4391 3087 4441 vero,
3121 4366 3412 4444 quomodo
3444 4371 3502 4425 in
3533 4388 3621 4427 re-

1971 4466 2083 4521 bus
2115 4464 2394 4520 omnibus
2427 4481 2526 4535 per
2557 4463 2804 4535 priores,
2839 4462 3264 4535 posterioribus
3294 4458 3621 4516 secundum

1971 4554 2181 4610 merita
2215 4553 2570 4608 tribuantur.

2038 4642 2146 4699 Sed
2167 4641 2507 4697 dominetur.
2540 4641 2908 4711 Compescat,
2941 4638 3158 4710 inquit,
3186 4637 3335 4693 ratio
3364 4635 3623 4691 furorem

1970 4736 2028 4788 et
2056 4730 2466 4802 cupiditatem;
2493 4729 2616 4783 haec
2646 4729 2803 4784 enim
2835 4729 3113 4783 inferiora
3136 4731 3308 4795 sunt;
3341 4723 3622 4796 quoniam

1971 4820 2031 4876 in
2065 4820 2273 4874 horum
2309 4816 2676 4886 subiectione
2717 4815 3021 4872 rationalis
3050 4819 3309 4887 potestas
3339 4829 3407 4869 ac
3435 4813 3623 4869 virtue

1971 4911 2233 4980 apparet,
2266 4911 2332 4961 ut
2362 4922 2479 4960 non
2527 4904 2897 4978 simpliciter,
2930 4905 3033 4961 sed
3087 4904 3160 4960 ad
3205 4902 3423 4974 aliquid
3478 4899 3624 4956 utile

1973 4996 2048 5052 iis
2080 5000 2304 5050 utatur.

2044 5085 2276 5140 Divinas
2309 5083 2523 5153 legi/er.
2557 5081 2624 5136 D.
2657 5079 2904 5136 Paulum
2938 5079 3234 5151 intelligit.

2043 5175 2162 5229 Non
2190 5173 2417 5244 dignum
2458 5167 2641 5227 censet
2681 5170 2959 5226 Ecclesiae.
2992 5170 3094 5225 Est
3139 5185 3211 5224 ex
3258 5166 3523 5242 Epistola
3551 5166 3624 5223 ad

1972 5262 2348 5317 Timotheum
2373 5261 2490 5333 (νη).

2044 5351 2074 5423 §
2107 5351 2192 5407 IV.
2224 5352 2331 5405 Pro
2361 5349 2577 5404 meritis
2622 5347 2931 5418 praescribe.
2963 5347 3212 5402 Adverte
3261 5344 3621 5403 laudabilem

1973 5440 2240 5497 ordinem
2291 5435 2781 5506 ecclesiasticum,
2811 5439 2878 5492 ut
2928 5434 3233 5492 monachis
3282 5432 3536 5503 diaconi,
3565 5435 3623 5489 et

281 5665 370 5742 (Ic)
401 5670 531 5728 Act.
560 5682 679 5736 xxx,
712 5666 801 5723 14.
874 5665 940 5740 (ι)
970 5665 1136 5722 Deut.
1166 5679 1281 5734 1m,
1310 5662 1403 5720 20.
1481 5661 1581 5735 (ιη)
1612 5662 1637 5718 Ι
1666 5661 1820 5719 Tim.
1851 5675 1916 5736 ιι,
1945 5661 2003 5718 5.
