3972 6214
431 327 536 382 551

1249 315 1618 372 APPENDIX
1656 317 1752 370 AD
1789 314 2030 368 OPERA
2065 314 2082 365 ε

2215 315 2480 372 IONYSII
2518 288 3019 380 AREOPAGITE.
3684 322 3765 377 552

433 452 528 509 his
568 447 912 524 presbyteri,
948 449 1004 502 et
1051 442 1406 517 presbyteris
1455 441 1711 513 episcopi
1764 439 2082 494 adhibeant

2213 435 2244 487 υἱ
2305 435 2565 510 διάκονοι,
2614 444 2703 499 καὶ
2759 445 2976 509 τούτοις
3033 444 3086 499 οἱ
3139 438 3503 517 πρεσϐύτεροι,
3555 446 3632 499 καὶ
3679 453 3766 510 τοῖς

434 539 893 602 correctionem;
942 533 1232 606 episcopis
1277 548 1412 588 vero
1463 528 1733 603 apostoli,
1767 533 1823 584 et
1871 527 2082 582 horum

433 643 827 687 successores.
864 622 1280 696 Apostolorum
1329 622 1584 692 denique
1631 631 2003 674 successores
2052 633 2085 670 a

436 718 562 774 suis
593 713 924 788 aequalibus
955 711 1354 782 corriguntur.

506 894 571 948 Et
598 891 864 965 episcopis
895 891 1149 962 apostoli.
1183 889 1350 956 Nota,
1385 886 1536 958 quod
1581 885 1760 941 etiam
1791 880 2084 955 episcopis

434 983 688 1054 majores
711 981 828 1038 sint
852 978 1124 1052 apostoli,
1149 976 1666 1049 apostolorumque
1688 987 2082 1035 successores,

434 1074 492 1127 et
522 1072 680 1144 quod
731 1068 977 1142 quilibet
1009 1068 1080 1123 ab
1124 1066 1329 1123 ordine
1377 1081 1484 1120 suo
1535 1061 1824 1119 sanctiore
1870 1058 2083 1130 corrigi

433 1161 661 1217 debeat.
696 1157 1106 1230 Apostolorum
1156 1159 1354 1211 autem
1401 1167 1770 1208 successores
1811 1148 2081 1206 existimo

435 1265 594 1306 nunc
623 1264 749 1304 esse
780 1245 1166 1320 patriarchas.

498 1337 688 1394 Nescio
716 1352 821 1408 quo
852 1338 1002 1392 statu
1029 1335 1310 1406 plangam.
1349 1327 1836 1396 Amaritudinem,
1859 1327 1948 1384 vel
1982 1344 2081 1399 po-

433 1427 554 1483 tius
585 1426 1056 1496 compassionem
1089 1423 1298 1478 Patris.

505 1516 726 1572 Etenim
754 1516 872 1570 nisi
901 1514 1056 1569 illius
1085 1513 1232 1568 boni.
1266 1511 1515 1576 Etenim,
1549 1507 1768 1580 inquit,
1799 1506 1913 1562 nisi
1945 1504 2081 1561 boni

439 1605 538 1661 Dei
586 1603 777 1659 cultor
804 1620 838 1658 a
869 1603 1038 1658 nobis
1090 1600 1376 1666 habearis,
1410 1615 1652 1671 prorsus
1683 1602 1738 1652 et
1766 1614 1800 1650 a
1829 1595 1998 1651 nobis
2028 1598 2085 1648 et

435 1695 508 1751 ab
541 1694 813 1750 universa
843 1691 1098 1747 Ecclesia
1129 1689 1358 1745 alienus
1397 1686 1652 1742 exsistis.
1685 1686 1834 1741 Nota
1862 1688 2080 1748 autem,

434 1790 734 1857 peccatum
770 1782 877 1838 boc
909 1780 1178 1836 fortassis
1205 1778 1489 1834 accidisse
1518 1778 1578 1830 in
1603 1773 1857 1847 parmcia
1885 1772 2081 1844 magni

433 1871 712 1944 Dionysii,
747 1871 1063 1942 ipsumque
1109 1867 1466 1924 monachum
1518 1862 1931 1936 Demophilum
1979 1861 2080 1918 isti

433 1959 693 2018 ecclesias
727 1958 1077 2032 prafecisse.

509 2139 662 2197 818
700 2139 787 2194 Vel
817 2138 1030 2206 duplici
1072 2143 1306 2208 peccato.
1350 2134 1518 2204 Nota,
1552 2132 1726 2206 quale
1771 2134 1933 2188 vocet
1978 2130 2082 2186 du-

436 2228 567 2301 plex
595 2232 921 2300 peccatum,
946 2226 1177 2296 quando
1209 2225 1489 2279 nimirum
1521 2221 1736 2294 aliquis
1766 2224 2081 2293 postquam

439 2316 715 2390 peccavit,
749 2333 863 2370 non
907 2314 1173 2385 agnoscit
1203 2330 1264 2368 se
1294 2329 1589 2384 peccasse.
1623 2313 1740 2367 Hoc
1771 2316 1964 2365 autem
1992 2310 2084 2364 est

398 2405 722 2475 'Jeremies,
774 2405 929 2459 sicut
977 2402 1250 2473 deinceps
1298 2401 1602 2457 declarat:
1656 2400 1927 2468 Quoniam
1975 2397 2083 2453 duo

431 2495 679 2567 peccavit
705 2492 938 2566 populus
966 2509 984 2546 :
1014 2507 1103 2547 me
1139 2491 1552 2562 dereliquerunt
1580 2491 1782 2560 fontem
1824 2489 1956 2544 vitae
1979 2486 2081 2558 (η),

473 2586 549 2638 to.

473 2599 496 2637 ι.
535 2625 549 2638 .

439 2599 469 2639 Θ
499 2599 667 2739 ίίὶιιοιί
719 2668 1072 2740 Demophilus
1129 2668 1452 2723 arbitretur.
1505 2667 1717 2738 Ingens
1766 2670 1824 2722 et
1873 2680 2084 2735 magna

443 2757 776 2832 compassio
811 2774 876 2813 ac
906 2756 1226 2813 consolatio
1257 2759 1646 2828 peccatorum.

512 2851 580 2904 Αι
607 2848 795 2904 divino
821 2847 1152 2920 principalis
1197 2845 1292 2900 ille
1341 2845 1614 2916 pontifex.
1650 2842 1958 2899 Dominum
1993 2845 2083 2898 in-

439 2937 681 3009 telligit,
743 2936 1022 3008 quoniam
1083 2951 1200 2990 non
1255 2933 1416 3005 paria
1470 2933 1699 3005 reponit
1756 2931 2082 3004 Demophili

436 3028 716 3172 f“Etim/isse
746 3115 875 3187 quia
916 3111 1309 3185 peccatoribus.
1341 3111 1541 3167 Citans
1594 3109 1740 3166 illud
1771 3109 2030 3182 Apostoli
2063 3125 2076 3165 :

2191 527 2579 605 πρεσϐυτέροις
2638 534 2690 587 οἱ
2739 532 3028 588 ἐπίσκοποι
3086 532 3397 605 ἰπιτιμῶσν
3441 537 3546 594 τοῖς
3592 531 3640 588 δὲ
3679 533 3765 589 ἐπι·

2192 620 2415 684 σκόποις
2447 622 2498 676 οἱ
2548 621 2849 677 ἀπόστολοι
2899 622 2987 678 καὶ
3021 624 3073 677 οἱ
3108 622 3313 678 τούτων
3350 618 3602 697 διάδοχοι.
3629 624 3700 679 Ἐν
3725 622 3766 679 δὲ

2189 716 2308 774 τοῖς
2335 715 2442 764 τῶν
2477 711 2798 766 ἀποστόλων
2855 709 3138 788 διαδόχοις
3169 713 3315 785 ποιρὰ
3339 715 3443 766 τῶν
3475 712 3720 787 ὁμοταγῶν
3740 716 3765 782 ἡ

2193 798 2530 872 ἐπιτίμησις.

2263 888 2362 943 Καὶ
2391 894 2508 952 τοῖς
2563 890 2847 966 ἱεράρχαις
2898 891 2950 944 οἱ
2998 887 3298 945 ἀπόστολοι
3373 887 3661 962 Σημείωσαι
3707 887 3766 943 δτι

2190 977 2280 1032 καὶ
2309 976 2618 1033 ἐπισκόπων
2657 979 2871 1052 μείζους
2905 980 2955 1033 οἱ
2985 976 3306 1048 ἀπόστολοι,
3336 976 3424 1032 καὶ
3458 977 3505 1031 οἱ
3531 981 3627 1032 τῶν
3663 977 3766 1032 ἁπο-

2193 1066 2401 1122 στόλων
2436 1064 2712 1143 διάδοχοι,
2744 1068 2833 1122 καὶ
2866 1066 2948 1122 ὅτι
2973 1064 3196 1129 ἕκαστος
3227 1065 3374 1142 παρὰ
3410 1069 3499 1121 τοῦ
3527 1064 3768 1140 ἁγιωτὲρου

2191 1160 2287 1222 τῆς
2317 1155 2480 1211 αὐτοῦ
2525 1156 2724 1228 τάξεως
2769 1156 3079 1221 εὐθύνεσθαι
3133 1154 3364 1235 ὀφείλει.
3393 1153 3706 1212 Ἀποστόλων
3728 1151 3769 1209 δὶ

2193 1241 2487 1320 διαδόχους
2515 1244 2642 1307 τοὺς
2671 1249 2761 1300 νῦν
2785 1245 3130 1319 πατριάρχας
3161 1246 3402 1320 ἡγοῦμαι
3433 1243 3578 1300 εἶναι.

2260 1333 2375 1391 Οὐκ
2399 1331 2499 1388 οἶδ’
2531 1333 2679 1396 ὅπως
2729 1333 3062 1408 κλαύσομαι.
3096 1332 3412 1406 Σημείωσαὶ
3455 1333 3550 1401 τὴν
3576 1329 3769 1404 πικρίαν,

2190 1422 2226 1492 ἢ
2261 1421 2472 1496 μᾶλλον
2507 1422 2842 1496 συμπάθειαν
2871 1427 2968 1478 τοῦ
3001 1422 3232 1498 Πατρός.

2263 1511 2360 1568 Καὶ
2389 1512 2490 1586 γὰρ
2541 1511 2591 1567 εἷ
2640 1513 2716 1585 μή
2762 1513 2860 1567 τοῦ
2899 1512 3124 1587 ἀγαθοῦ.
3171 1511 3273 1566 Καὶ
3317 1509 3421 1586 γὰρ
3467 1509 3511 1564 cl
3559 1509 3624 1582 μὴ
3655 1507 3771 1581 νομί-

2194 1605 2320 1669 ζεις,
2380 1599 2534 1678 φησὶ,
2578 1604 2675 1655 τοῦ
2725 1601 2926 1677 ἀγαθοῦ
2983 1605 3118 1656 Θεοῦ
3172 1602 3311 1655 εἶναι
3359 1603 3454 1654 τοῦ
3495 1601 3608 1672 παρ’
3647 1601 3767 1670 ἡμῶν

2190 1692 2543 1765 θεραπευτής,
2575 1689 2790 1752 πάντως
2820 1685 2911 1744 καὶ
2960 1692 3122 1763 ἡμῶν
3176 1690 3269 1744 καὶ
3299 1687 3434 1759 ὅλης
3459 1694 3551 1757 τῆς
3591 1686 3769 1756 Ἐκκληο

2193 1779 2309 1840 σίας
2358 1776 2654 1852 ἀλλότριος
2704 1779 2992 1854 ὑπάρχεις.
3029 1777 3350 1851 Σημείωσαι
3382 1774 3459 1846 δὲ,
3489 1777 3566 1831 ὅτι
3590 1774 3707 1851 τάχα
3729 1773 3766 1830 ἐν

2189 1867 2446 1944 παροικίᾳ
2469 1872 2629 1923 τοῦτο
2655 1871 2752 1922 τοῦ
2803 1867 3044 1944 μεγάλου
3075 1867 3365 1923 Διονυσίου
3393 1866 3679 1941 ἡμαρτήθη,
3700 1864 3765 1917 καὶ

2190 1956 2273 2012 ὅτι
2330 1958 2421 2012 τὸν
2473 1956 2794 2036 Δημόφιλον
2843 1957 3004 2021 αὐτὸς
3056 1956 3303 2031 μοναχὸν
3354 1962 3452 2026 τῆς
3502 1951 3768 2025 Ἐκκλησίας

2189 2042 2364 2117 ἔταξεν
2376 2090 2390 2105 .

2262 2137 2329 2193 ἸΙ
2410 2138 2510 2205 τήν
2593 2133 2790 2205 διπκῆν
2873 2135 3142 2210 ἁμαρτίαν
3178 2178 3193 2192 .
3280 2131 3580 2206 Σημείωσαι
3643 2129 3768 2186 ποίαν

2191 2223 2349 2280 καλεῖ
2395 2222 2596 2293 διπλῆν
2631 2223 2913 2299 ἁμαρτίαν,
2972 2222 3098 2278 ὅταν
3153 2225 3474 2300 ἁμαρτάνων
3521 2242 3597 2284 τις
3638 2220 3766 2294 ἀγνοῇ

2192 2316 2274 2368 δτι
2304 2311 2538 2388 ἥμαρτε.
2569 2317 2737 2367 Τοῦτο
2787 2310 2843 2367 δὲ
2891 2316 2989 2368 τοῦ
3030 2312 3296 2388 Ἱερεμίου
3344 2309 3502 2382 ἐστὶν,
3530 2309 3594 2372 ὡς
3619 2308 3764 2380 ἐφεξῆς

2192 2402 2491 2479 σαφηνίζει·
2517 2404 2640 2459 ’Ότι
2673 2399 2768 2455 δύο
2808 2399 3048 2476 ἥμαρτεν
3077 2402 3106 2454 ὁ
3137 2399 3297 2464 λαός·
3335 2399 3432 2474 ἐμὲ
3475 2395 3761 2476 ἐγκατὲλιπον

2191 2492 2379 2566 πηγὴν
2415 2495 2582 2560 ζωῆς,
2615 2489 2706 2545 καὶ
2735 2489 2801 2545 τὰ
2830 2491 2975 2560 ἑξῆς.

2263 2673 2383 2725 Ὅτι
2442 2667 2764 2747 Δημόφιλος
2823 2667 3012 2725 οἷέται.
3075 2667 3277 2738 Πολλή
3335 2670 3421 2723 καὶ
3477 2663 3659 2744 μεγάλη
3702 2662 3767 2718 καὶ

2195 2761 2485 2832 συμπαθὴς
2521 2757 2868 2832 παράκλησις
2897 2764 3015 2820 τοῖς
3046 2757 3424 2834 ἁμαρτωλοῖς.

2267 2847 2427 2904 Ἀλλ’
2496 2848 2523 2902 6
2604 2847 2896 2922 θεαρχικὸς
2959 2844 3388 2922 ἱεροτελεστής.
3451 2846 3548 2904 Τὸν
3620 2841 3764 2917 Κόριον

2196 2936 2362 3013 λέγει,
2394 2935 2476 2992 ὅτι
2510 2936 2617 3012 οὐχ
2647 2935 2813 3009 ὅμοια
2841 2933 3173 2992 διατάττεται
3204 2943 3326 2999 τοῖς
3357 2936 3458 2992 ὑπὸ
3509 2929 3765 3009 Δημοφίλου

2193 3048 2380 3104 γεγενη
2393 3030 2520 3100 μὲνο
2531 3048 2594 3090 ις.

2269 3116 2367 3172 Κοιἲ
2423 3119 2590 3171 ταῦτα
2636 3119 2741 3169 τῶν
2804 3114 3172 3187 ἁμαρτωλῶν.
3233 3113 3521 3190 Ἃμαρτίαν
3565 3111 3649 3186 γὰρ
3690 3105 3763 3161 οὐκ

434 3208 726 3262 Peccatum
754 3204 902 3258 enim
927 3218 1040 3257 non
1063 3204 1216 3272 fecit,
1245 3217 1417 3270 neque
1445 3201 1698 3255 inventus
1728 3204 1806 3254 est
1833 3199 1991 3255 dolus
2021 3201 2080 3254 in

2213 3205 2462 3275 ποίησεν,
2521 3203 2646 3258 οὐδὲ
2703 3172 2895 3277 εὑρέθη
2922 3172 2929 3187 Ι
2959 3200 3122 3264 δόλος
3154 3201 3206 3257 ἐν
3240 3172 3322 3275 τῶ
3370 3172 3586 3276 ἁτόματί
3623 3172 3760 3262 αὐτοῦ,

435 3311 529 3350 ore
555 3295 674 3366 ejus
693 3293 789 3362 (ο).
822 3291 927 3346 Cui
976 3295 1259 3346 consonat
1305 3289 1447 3343 illud
1485 3306 1497 3343 :
1530 3289 1861 3361 Segregalus
1889 3305 1923 3342 a
1949 3304 2077 3361 pec-

438 3383 732 3452 catoribus,
764 3381 1034 3437 excelsior
1053 3379 1200 3434 caelis
1227 3380 1414 3448 factus
1442 3377 1541 3449 (p).

512 3564 573 3619 Et
601 3563 741 3632 iuste
779 3577 903 3617 eum
948 3559 1192 3632 propriis
1237 3560 1355 3630 frui
1395 3558 1564 3627 jubet.
1600 3558 1662 3613 Id
1713 3561 1802 3612 est
1850 3558 2085 3630 propria

438 3651 822 3725 benignitate,
853 3657 911 3706 et
941 3666 1058 3705 non
1089 3647 1342 3704 tenebris
1375 3664 1441 3703 ac
1472 3645 1781 3719 supplicio.

509 3833 718 3903 Quippe
745 3831 861 3886 suis
897 3829 1088 3884 etiam.
1119 3825 1392 3883 Refertur
1423 3826 1530 3881 hoc
1561 3826 1619 3881 in
1649 3823 1963 3897 Evangelio
1994 3842 2083 3882 se-

439 3923 698 3977 cundum
735 3920 948 3974 Lucam
982 3917 1076 3987 (q).

507 4013 534 4079 §
563 4008 631 4064 V.
663 4008 834 4074 Absit,
868 4022 976 4062 non
1015 4005 1301 4060 habemus.
1334 4003 1518 4059 Multa
1565 4003 1668 4058 tibi
1719 4005 1871 4059 bona
1921 4005 2082 4074 ﬁant,

441 4103 605 4170 pater
636 4096 890 4150 maxime
918 4095 1303 4166 compatiens.

511 4187 655 4254 Quin
687 4188 740 4240 et
767 4183 1166 4238 divinissimus.
1199 4181 1347 4236 Nota
1378 4181 1530 4252 quod
1567 4181 1794 4236 Domini
1827 4181 2083 4252 discipu-

436 4275 526 4332 los
557 4276 822 4347 cxpertes
849 4272 1004 4328 dicat
1031 4269 1284 4342 Spiritus
1311 4271 1522 4337 sancti,
1547 4271 1781 4343 quando
1812 4271 2089 4341 petebant

442 4368 507 4421 ut
535 4363 692 4437 ignis
724 4362 780 4418 in
815 4360 1219 4417 Samaritanos
1251 4360 1571 4428 detonaret,
1604 4364 1777 4432 prout
1808 4358 1869 4413 in
1900 4359 2087 4414 Evan-

440 4454 589 4527 gelio
622 4452 969 4525 reperimus.
994 4450 1294 4515 Quomodo
1322 4449 1501 4520 igitur
1523 4449 1593 4504 ad
1622 4449 1780 4520 ipsos
1800 4447 2087 4504 Dominus

2189 3295 2251 3348 τὸ
2291 3297 2387 3348 τοῦ
2434 3291 2776 3349 Ἀποστόλου
2827 3290 3021 3365 λέγων·
3074 3293 3331 3368 ἄντικρυς
3373 3292 3453 3360 τὸ,
3494 3283 3764 3366 ’Λφωρισμέο

2190 3403 2281 3443 νος
2325 3382 2430 3436 ἀπὸ
2475 3385 2584 3435 τῶν
2632 3377 3004 3454 ἁμαρτωλῶν,
3057 3381 3145 3434 καὶ
3199 3379 3533 3456 ὑψηλότερος
3567 3381 3655 3431 τῶν
3692 3372 3761 3427 οὗ·

2193 3475 2366 3546 ρανῶν
2396 3469 2709 3544 γενόμενος.

2265 3563 2479 3612 Δικαιοῖ
2533 3554 2591 3612 δὲ
2644 3561 2753 3612 τῶν
2805 3555 3020 3612 οἰκείων
3081 3555 3402 3614 ἀπολαύειν.
3449 3555 3666 3611 Τουτὲοτι
3692 3550 3760 3610 τῆς

2195 3647 2394 3709 οἰκείας
2447 3645 2877 3724 φιλανθρωπίας,
2917 3645 3008 3702 καὶ
3069 3648 3145 3720 μή
3201 3653 3305 3704 τοῦ
3360 3647 3569 3710 σκότους
3613 3641 3683 3697 καὶ
3710 3658 3764 3692 τι·

2199 3738 2432 3815 μωρίας.

2264 3826 2366 3884 Καὶ
2389 3828 2493 3902 γὰρ
2524 3827 2614 3881 καὶ
2646 3833 2760 3889 τοῖς
2793 3827 2867 3889 εἲς
2896 3825 3077 3884 αὐτόν.
3112 3828 3198 3881 Ἐν
3225 3828 3308 3901 τῷ
3337 3828 3466 3883 κατὰ
3493 3825 3574 3881 τὸν
3606 3823 3761 3877 Λοδκᾶν

2192 3923 2367 3971 κεῖται
2398 3915 2739 3991 Εὗαγγελίῳ.

2266 4011 2293 4075 §
2334 4009 2393 4064 V.
2425 4009 2658 4078 Ἄπαγε,
2681 4005 2785 4060 οὐκ
2810 3999 3036 4079 ἔχομεν.
3061 4003 3258 4061 Πολλά
3291 4026 3375 4061 σοι
3405 4002 3565 4082 ἄγαθὰ
3587 4000 3763 4077 γίνοιτο,

2193 4097 2361 4167 πάτερ
2391 4095 2799 4168 συμπαθὲστατε
2825 4095 2836 4150 l

2267 4184 2369 4240 Καὶ
2421 4184 2524 4259 γὰρ
2571 4183 2661 4237 καὶ
2720 4184 2747 4236 6
2799 4182 3091 4246 θειότατος.
3142 4183 3454 4256 Σημείωσαι
3500 4178 3572 4236 ὅτι
3618 4172 3768 4249 ἁμετό·

2196 4294 2331 4350 χους
2365 4274 2508 4348 Λὲγει
2555 4271 2680 4335 τοὺς
2735 4273 2978 4346 μαθητὰς
3029 4277 3126 4328 τοῦ
3157 4273 3358 4350 Κυρίου
3403 4269 3678 4343 Πνεύματος
3699 4261 3769 4316 τοδ

2197 4361 2369 4437 ἁγίου,
2405 4365 2700 4432 ζητοῦντας
2744 4365 2850 4435 πῦρ
2896 4356 3246 4436 ἐπομϐρῆσαι
3290 4367 3408 4424 τοῖς
3454 4352 3769 4437 Σαμαρείταις,

2197 4435 2272 4513 ὡς
2305 4450 2355 4504 ἐν
2383 4453 2462 4522 τῷ
2490 4447 2801 4523 Εὐαγγελίῳ
2833 4435 3172 4524 εὑρίσκομεν.
3205 4453 3328 4513 Πῶς
3361 4451 3448 4505 οὗν
3477 4447 3600 4521 πρὸς
3625 4435 3770 4498 αὐτοὺς

441 4543 523 4599 ait
555 4560 568 4599 :
603 4543 834 4599 Nescitis
863 4542 1024 4608 cuius
1065 4541 1294 4611 spiritus
1326 4539 1456 4594 estis
1477 4538 1593 4610 (r)?
1642 4538 1754 4593 Sed
1789 4538 1934 4593 forte
1982 4537 2082 4594 hoc

2213 4543 2229 4596 5
2280 4538 2473 4614 Κύριός
2518 4557 2705 4616 φησιν·
2738 4537 2848 4593 Οὐκ
2896 4536 3077 4594 οἷ’δατε
3119 4539 3280 4594 ποίου
3327 4536 3613 4612 πνεύματός
3650 4529 3769 4590 tau;

441 4633 615 4688 Pater
636 4630 805 4696 dixit,
822 4634 886 4685 ut
911 4630 1243 4686 ostenderet
1268 4627 1426 4700 quali
1449 4631 1638 4698 gratia
1659 4627 1730 4682 ad
1755 4627 2092 4682 ministran-

443 4723 585 4776 dum
618 4720 783 4776 electi
807 4724 1034 4785 essent;
1061 4718 1205 4791 quin
1227 4717 1400 4772 eliam
1426 4717 1570 4771 forte
1598 4715 1710 4771 hoc
1731 4715 1879 4771 dixit
1901 4715 2087 4782 Pater,

439 4811 511 4866 ad
546 4807 878 4866 absolutam
911 4807 1068 4862 illam
1121 4805 1440 4876 respiciens
1468 4809 1667 4874 gratiae
1709 4805 2088 4874 int'usionem,

437 4914 618 4971 quam
668 4902 800 4969 post
847 4895 1334 4951 resurrectionem
1383 4897 1762 4964 acceperunt;
1815 4893 2089 4964 quoniam

440 4987 726 5059 scriptum
758 4989 849 5040 est
881 5001 893 5039 :
930 4983 1177 5038 Nondum
1225 4983 1374 5037 enim
1411 4985 1533 5036 erat
1563 4981 1800 5052 Spiritus
1846 4990 2085 5049 sanctus,

440 5077 580 5148 quia
607 5076 760 5132 Iesus
791 5072 1033 5130 nondum
1061 5079 1178 5128 erat
1208 5071 1544 5142 gloriﬁcalus
1567 5071 1654 5140 (s).
1678 5073 1915 5125 Sacrum
1952 5087 2090 5142 prae-

440 5168 733 5238 ceptorem
757 5167 923 5218 vocat
942 5165 1209 5217 sanctum
1236 5159 1568 5232 apostolum
1596 5158 2091 5232 Paulum,quippe

513 5316 606 5444 [(12%
607 5316 746 5442 ger.
789 5333 854 5388 ιι,
902 5315 986 5372 13.
1065 5315 1132 5388 (o)
1183 5319 1204 5369 Ι
1255 5318 1410 5371 Petr.
1463 5331 1528 5382 ιι,
1577 5313 1668 5370 22.
1744 5315 1820 5387 (p)
1852 5316 2026 5374 Hebr.
2057 5336 2161 5388 vn,

441 5389 541 5454 vn,
571 5389 658 5445 39.

2202 4627 2353 4687 Ἀλλ’
2390 4628 2518 4689 ἴσως
2561 4631 2721 4682 τοῦτο
2753 4627 2868 4682 εἶπε
2913 4625 3123 4690 δεικνὺς
3169 4627 3303 4700 ποίᾳ
3340 4627 3520 4704 χάριτι
3563 4618 3770 4678 διακονεῖ·

2203 4720 2323 4772 σθαι
2367 4715 2709 4790 ὲξελέγησανο
2737 4715 2870 4777 ἴσως
2899 4713 2956 4770 δὲ
2973 4715 3062 4770 καῖ
3097 4718 3125 4772 6
3149 4718 3358 4791 Πατὴρ,
3377 4715 3508 4792 πρὸς
3534 4713 3590 4768 τὸ
3613 4705 3768 4764 τὲλιιον

2197 4813 2298 4875 τῆς
2328 4802 2532 4878 δωρεᾶς
2582 4800 2812 4872 ἀπιδὼν,
2860 4804 2928 4872 ἧς
2974 4798 3172 4859 ἔλαϐον
3226 4804 3360 4876 μετὰ
3401 4805 3496 4873 τήν
3524 4800 3765 4855 ἀνάστασιν,

2198 4899 2358 4949 τοῦτο
2383 4891 2586 4968 ενρηκε,
2620 4890 2707 4947 διὰ
2733 4892 2796 4946 τὸ
2825 4893 3146 4968 γεγράφθαιο
3190 4891 3358 4949 Οὔπω
3385 4891 3483 4968 γὰρ
3510 4893 3569 4958 ἦν
3605 4885 3767 4968 Πνεῦμα

2201 4987 2374 5059 ἅγιον,
2432 4965 2514 5038 δτι
2575 4986 2783 5052 Ἰησοῦς
2840 4965 3054 5038 οὖγοέπω
3112 4965 3408 5054 ἐδοξάσθηί
3447 4965 3767 5057 Ἱεροθὲτηνδὶ

2199 5071 2358 5127 καλεῖ
2395 5073 2483 5127 τὸν
2509 5071 3000 5146 ἅγιονὰπόστολον
3026 5070 3265 5140 Παῦλον,
3288 5072 3360 5134 ὡς
3380 5065 3766 5146 χειροτονήσαντα

2199 5164 2244 5199 ⁸⁰
2301 5162 2447 5233 αὐτῷ
2509 5161 2609 5229 τήν
2671 5159 3084 5234 ἀρχιερωσύνην
3159 5163 3258 5225 τῆς
3333 5156 3634 5225 Ἐκκλῃσίας
3687 5148 3762 5202 τῶν

2199 5319 2290 5374 26.
2365 5315 2443 5389 (q)
2476 5320 2608 5370 Luc.
2641 5331 2801 5381 xxiii,
2833 5314 2922 5371 33.
3004 5314 3067 5387 (r)
3099 5314 3234 5371 Luc.
3285 5331 3361 5386 rx,
3408 5314 3495 5370 55.
3562 5307 3764 5382 (εΗοιιιι

1431 5513 1673 5570 VARIIE
1722 5515 2114 5574 LECTIONES
2153 5517 2244 5573 ET
2287 5511 2851 5572 CORRECTIONES.

512 5640 558 5679 "
586 5657 674 5717 χει
682 5640 878 5718 ροθετή
888 5659 1072 5698 σαντα.
