3972 6214
228 303 339 358 553

1192 305 1252 358 S.
1291 303 1559 358 MAXlMl
1597 300 1902 357 SCHOLIA
1939 303 2014 356 IN
2051 303 2208 358 EPP.
2251 306 2310 357 Β.
2355 306 2690 361 DIONYSII.

3534 305 3637 360 554

223 425 508 495 Ἀθηνῶν,
569 421 748 485 καθὼς
799 419 853 475 ἐν
901 425 1018 484 ταῖς
1061 423 1236 499 ἱεφαῖς
1281 425 1389 476 τῶν
1439 420 1760 477 ἀποστόλων
1791 422 1922 498 γὲη

2045 425 2092 479 ai
2126 427 2321 498 ipsum
2371 427 2640 483 Ecclesia:
2680 427 3056 483 Atheniensis
3105 429 3446 501 episcopum
3479 427 3642 487 Ordi-

226 533 465 590 γραπται
499 515 812 586 Διαταγαῖς.

307 689 670 754 Λιδάσκεσθαι
720 690 846 764 γὰρ,
906 687 966 743 οὐ
1012 694 1371 764 τιμωρεῖσθαι
1428 690 1564 764 χρή.
1624 691 1882 762 Σημείω-

228 802 319 836 σαι
355 782 556 855 ὡραῖον
590 783 684 833 καῖ
743 777 978 850 μάλιστα
1035 781 1126 833 νῦν
1185 780 1492 853 χρήσιμον,
1524 776 1604 831 ὅτι
1641 775 1882 832 διδάσκει

227 873 353 926 σθαι
384 871 523 945 χρὴ,
553 869 644 924 καὶ
675 867 738 922 οὐ
777 867 1121 939 κολάζεσθαι,
1153 867 1281 932 τοὺς
1322 865 1663 943 ἀγνοοῶτας,
1699 867 1879 940 ὥσπερ

225 958 478 1022 καὶτοὺς
534 957 776 1032 τυφλοὺς
835 955 1160 1031 ὀδηγοῦμεν,
1222 957 1283 1011 οὐ
1326 956 1655 1028 κολάζομεν.
1706 956 1784 1012 Τὸ
1825 953 1882 1010 δὶ

226 1051 368 1103 κατᾶ
396 1046 602 1123 κόρῥης
639 1047 782 1108 τινὲς
839 1047 933 1117 μὲν
989 1047 1079 1100 τὸν
1135 1045 1403 1123 κρόταφόν
1450 1066 1629 1123 φασιν,
1659 1041 1790 1099 ἔνιοι
1824 1041 1882 1098 δὲ

223 1138 328 1206 τὴν
367 1138 590 1211 γνάθον,
626 1135 787 1190 ἄλλοι
822 1132 878 1189 δὶ
929 1136 1092 1209 μὲρος
1122 1156 1172 1189 τι
1213 1138 1314 1200 τῆς
1350 1131 1616 1212 κεφαλῆς.
1652 1133 1877 1190 Βὲλτιον

231 1223 289 1281 δὲ
319 1225 548 1301 κόρῥην,
582 1225 656 1286 ὡς
710 1218 864 1301 ἔφην,
914 1224 1007 1279 τὸν
1054 1223 1320 1300 κρόταφον
1367 1221 1538 1296 λέγειν
1576 1242 1588 1254 ·
1631 1224 1880 1296 Ὅμηρος

231 1317 422 1388 μέντοι
473 1309 675 1389 κόρσην
737 1313 901 1382 αὐτὴν
970 1312 1148 1368 καλεῖ.
1228 1312 1668 1387 Παροξυτονεῖται
1729 1308 1786 1364 δὲ
1841 1313 1876 1380 ἡ

227 1403 429 1481 κόῤῥη.
464 1403 557 1466 Εἷς
586 1404 678 1458 τὸν
710 1401 976 1478 κρόταφον
1013 1401 1102 1456 οὗν
1146 1399 1333 1474 ἔτυψεν
1365 1402 1392 1454 ὁ
1423 1396 1748 1477 Δημόφιλος
1777 1399 1867 1453 τὸν

233 1497 625 1567 μετανοοῦντα.

299 1762 369 1819 Οἱ
413 1761 508 1833 μὲν
549 1760 650 1835 γάρ
698 1755 925 1813 ἀδικεῖν.
991 1755 1308 1829 Σημείωσαι
1369 1754 1454 1810 οἶά
1513 1776 1674 1834 φησιν
1743 1755 1875 1810 ἐπα-

231 1849 520 1906 κολουθεῖν
568 1852 685 1911 τοῖς
732 1844 935 1903 ἀδικεῖν
985 1843 1020 1914 ἤ
1068 1844 1357 1921 εὐεργετεῖν
1407 1866 1555 1908 τινας
1603 1844 1878 1921 βουλομὲ-

231 1959 380 2010 νοσς,
402 1937 498 1992 κᾶν
531 1939 606 2010 μή
636 1936 772 2010 πρὸς
804 1932 962 2011 ἔργον
994 1933 1227 2009 ἤνεγκαν
1261 1934 1291 1988 ἃ
1322 1929 1736 1990 ἐϐουλεύσαντο.

306 2118 771 2190 Ἐπιχειροῦντες.
827 2112 1098 2174 Ἐκιίνους
1155 2109 1373 2182 δηλαδὴ
1425 2109 1516 2173 οὓς
1564 2110 1880 2186 προῃρέθη-

229 2227 324 2260 σαν
363 2206 621 2274 ἀοικῆσαι
668 2202 704 2272 ἤ
751 2203 1124 2278 εὐεργετῆσαι,
1175 2201 1236 2256 οὐ
1285 2202 1522 2270 πάντως,
1568 2200 1724 2274 φησὶ,
1769 2198 1878 2255 διὲ-

225 2297 422 2364 θηκαν,
457 2294 636 2357 καθὼς
682 2287 1084 2363 ἐϐουλήθησαν.
1133 2287 1421 2365 Πρόδηλον
1465 2286 1542 2358 δὲ,
1575 2288 1658 2344 ὅτι
1687 2290 1748 2343 τὸ
1782 2290 1875 2362 μὲν

223 2379 542 2454 ἀϐούλητον
569 2386 675 2436 τῶν
709 2380 1194 2457 εὐεργετουμένων,
1241 2380 1304 2434 τὸ
1349 2377 1407 2434 δὲ
1437 2379 1583 2452 παρᾶ
1609 2379 1672 2433 τὸ
1711 2375 1877 2453 ἀδρα-

220 2473 308 2534 νὲς
333 2476 443 2527 τῶν
477 2468 808 2526 ἀδικούντων
820 2513 830 2524 .

298 2650 407 2706 Καὶ
441 2645 620 2704 ἐνθάδε
644 2647 732 2702 καὶ
789 2647 918 2702 ἐκεῖ.
967 2647 1092 2702 Ὅτι
1152 2646 1204 2700 οἱ
1263 2642 1463 2700 δίκαιοι
1521 2646 1585 2700 οὐ
1620 2647 1782 2718 μόνον
1821 2645 1872 2699 ἐν

221 2743 304 2810 τῷ
345 2736 607 2810 μέλλοντι
640 2736 821 2804 αἰῶνι,
854 2732 999 2789 ἀλλά
1046 2734 1136 2789 καὶ
1181 2733 1232 2788 ἐν
1262 2739 1341 2806 τῷ
1369 2739 1458 2788 νῦν
1495 2733 1597 2810 βίῳ
1628 2734 1872 2809 ἀγγέλων

219 2830 448 2901 ἀγαθῶν
503 2823 721 2894 ὀπαδοὶ,
764 2822 932 2901 ἤγουν
979 2821 1296 2893 ἀκόλουθοι,
1345 2823 1436 2878 καὶ
1486 2821 1876 2898 συνοδοιπόροι

219 2917 328 2972 εἶσί
341 2959 355 2973 .

288 3021 372 3080 Τό
428 3021 641 3076 πάντων
721 3020 930 3095 ἀγαθῶν
1010 3019 1289 3095 μέγιστον.
1366 3021 1490 3076 υΟτι
1538 3020 1601 3073 τὸ
1661 3017 1871 3073 πάντων

209 3116 329 3168 τῶν
418 3111 624 3186 ἀγαθῶν
711 3107 960 3185 μέγιστόν
1032 3107 1141 3163 ἔστι
1215 3108 1279 3162 τὸ
1345 3107 1426 3162 ἀεὶ
1513 3109 1648 3162 εἶναι
1740 3109 1873 3181 μετὰ

216 3204 382 3256 Θεοῦ.

287 3289 389 3343 Καὶ
423 3283 626 3356 ἐνθὰἷδε,
685 3287 776 3342 καὶ
838 3285 971 3359 μετᾶ
1029 3284 1275 3350 θάνατον.
1333 3287 1459 3342 ’Ὁτι
1510 3287 1561 3340 οἱ
1612 3287 1870 3361 ἁμαρτω-

218 3377 317 3433 λοὶ
352 3377 444 3431 καὶ
476 3375 528 3431 ἐν
560 3381 639 3448 τῷ
673 3377 779 3450 βίῳ
806 3375 1011 3447 τούτῳ,
1059 3375 1150 3429 καὶ
1202 3374 1254 3429 ἐν
1284 3379 1364 3446 τῷ
1408 3371 1668 3446 μέλλοντι
1695 3396 1874 3446 τιμω-

218 3469 471 3541 ροῦνται,
529 3465 665 3537 μετὰ
717 3469 825 3519 τῶν
898 3461 1171 3536 δαιμόνων
1229 3464 1362 3517 εἶναι
1416 3463 1872 3538 κατακρινόμενοι

218 3554 333 3611 ὑπὸ
361 3558 470 3608 τῶν
505 3550 658 3608 ἰδίων
692 3555 875 3608 παθῶν
907 3552 941 3607 ’ὰ
975 3551 1371 3626 προετίμησαν.

296 3647 842 3718 Ἐπιμνησθήσομαι.
928 3644 1246 3717 Σημείωσαι
1329 3645 1428 3712 τὴν
1515 3642 1698 3716 ὅρασιν
1778 3647 1873 3698 τοῦ

220 3734 380 3810 ἁγίου
450 3734 694 3810 Κάρπου,
779 3732 955 3803 πόσης
1038 3733 1237 3808 φρίκης
1306 3731 1396 3788 καὶ
1480 3729 1876 3806 παρακλήσεως

220 3824 409 3898 γὲμει.

296 3915 326 3982 §
356 3913 452 3967 VI.
488 3909 780 3984 Γενόμενόν
818 3911 883 3982 μὲ
929 3930 1083 3965 ποτε.
1144 3910 1406 3983 Διήγημα
1461 3907 1660 3982 ὡραῖον
1695 3906 1775 3962 ὅτι
1809 3908 1873 3961 οὐ

224 4003 340 4074 χρή
371 4005 489 4060 τοῖς
525 4000 947 4072 ἁμαρτάνουσιν,
1009 3997 1058 4051 εἴ
1106 3999 1195 4051 καὶ
1243 3999 1377 4072 πρὸς
1410 3996 1540 4052 Θεὸν
1571 3996 1873 4064 πταίουσιν,

223 4087 546 4162 ἐπαρᾶσθαι.
597 4086 943 4160 Σημειωτὲον
1001 4085 1091 4140 οὖν
1137 4087 1236 4154 τὴν
1287 4084 1550 4161 ἱστορίαν,
1581 4086 1873 4159 περιέχου-

219 4200 318 4232 σαν
366 4174 737 4246 ἀνεκλάλητον
805 4174 1205 4250 εὐσπλαγχνίαν
1290 4172 1386 4229 τοῦ
1466 4174 1663 4248 Κυρίου
1711 4176 1872 4246 ἡμῶν

216 4269 408 4336 Ἰησοῦ
470 4269 727 4338 Χριστοῦ,
783 4264 873 4318 καὶ
931 4263 1056 4338 περὶ
1121 4261 1550 4336 μετανοούντων.
1613 4265 1770 4336 Λὲγει
1818 4258 1874 4315 δὲ

216 4355 311 4411 καὶ
344 4355 468 4429 περὶ
497 4361 597 4423 τῆς
655 4353 949 4428 ἁγιότητος
996 4355 1093 4406 τοῦ
1154 4351 1300 4415 θείου
1350 4351 1592 4426 Κάρπου.
1643 4352 1786 4406 Ἐστι
1818 4348 1876 4404 δὲ

217 4441 384 4504 οὗτος
418 4443 446 4496 ὁ
477 4441 698 4515 Κάρπος
757 4439 819 4494 οὗ
876 4446 1148 4513 μέμνηται
1203 4441 1231 4494 ὁ
1273 4438 1611 4501 Ἀπόστολος
1644 4439 1697 4494 ἐν
1727 4443 1795 4512 τῇ
1831 4440 1876 4514 β’

216 4533 361 4608 πρὸς
390 4531 664 4604 Τιμόθεον
699 4528 1023 4602 Ἐπιστολῇ.

293 4636 440 4692 Κατᾶ
517 4637 614 4698 τὰς
696 4633 1050 4710 προτελείους
1127 4634 1318 4708 εὐχάς.
1393 4633 1718 4710 Προτελείας
1778 4635 1871 4706 μὶν

215 4726 457 4783 ἐκάλουν
489 4727 768 4796 Ἀθηναῖοι
824 4724 921 4786 τὰς
978 4722 1129 4798 [πρὸ]
1186 4726 1294 4777 τῶν
1353 4723 1542 4797 γάμων
1607 4723 1739 4796 μετᾶ
1765 4728 1871 4778 τῶν

218 4818 427 4870 θυσιῶν
463 4813 632 4888 εὐχάς
664 4833 676 4846 ⁸
711 4813 803 4868 τὸν
834 4814 935 4888 γάρ
983 4810 1160 4886 γάμον
1212 4807 1374 4872 τέλος
1405 4809 1655 4880 ἐκάλουν,
1690 4813 1763 4874 ὡς
1793 4833 1872 4866 τε·

219 4901 411 4958 ὶειοῦν
441 4903 508 4957 τὰ
534 4902 670 4976 πρὸς
691 4902 783 4956 τὸν
822 4900 940 4977 βίον
985 4903 1074 4954 τὸν
1122 4901 1409 4974 ἄνθρωπον
1443 4920 1454 4932 ·
1504 4901 1594 4954 καὶ
1624 4905 1788 4954 τοῦτο
1818 4901 1876 4956 ἐκ

215 4989 453 5047 πολλῶν
488 4989 812 5064 κωμῳδίαις
855 5010 868 5022 ο
903 4994 1147 5059 ποιητῶν
1178 4987 1444 5044 δεικνύναι
1477 4987 1723 5045 δυνάτον.
1760 4997 1874 5044 Μυ-

213 5083 449 5154 στήριον
480 5085 610 5155 γοῦν
645 5082 794 5155 εἶχον
843 5080 935 5134 τὸν
998 5080 1198 5154 γάμον.
1257 5078 1482 5153 Ἔλεγον
1534 5075 1591 5133 δὲ
1618 5077 1874 5151 προτελίο

217 5176 406 5240 ζεσθαι
462 5171 552 5224 καὶ
614 5170 675 5224 τὸ
721 5169 1108 5244 προμυὲἶσθαι,
1165 5167 1256 5222 καὶ
1315 5167 1479 5222 οἱονεὶ
1511 5168 1875 5242 προκαθαίρε-

212 5260 341 5312 σθαι
402 5255 476 5319 ε’ίς
543 5257 859 5330 ὲτοιμασίαν
936 5255 1261 5330 μυσνηρίου,
1329 5256 1402 5317 ὡς
1462 5262 1722 5331 Κρατῖνος
1777 5253 1874 5326 δη-

211 5343 365 5415 λαδὴ
400 5345 451 5401 ἐν
513 5344 728 5418 Πυλαία
785 5343 1043 5421 δράματι.
1103 5343 1356 5402 Μάλιστα
1405 5344 1506 5419 γὰρ
1555 5345 1621 5398 τά
1666 5346 1872 5417 μυστή-

213 5435 311 5512 ριά
361 5455 509 5498 τινος
579 5440 686 5491 τῶν
746 5433 1082 5509 ψευωνύμων
1137 5433 1311 5488 αὐτῶν
1362 5438 1494 5497 θεῶν
1572 5432 1705 5502 τὲλη
1784 5434 1870 5487 καὶ

208 5523 442 5585 τελετὰς
507 5522 754 5592 ἐκάλουν,
817 5523 891 5584 ὡς
950 5520 1266 5584 τελειούσας
1315 5522 1404 5576 καὶ
1448 5522 1522 5584 εἷς
1572 5522 1633 5576 τὸ
1662 5520 1873 5576 τὲλειον

210 5613 456 5690 ἀγούσας
506 5612 630 5677 τοὺς
678 5611 1064 5687 τελουμὲνους.
1126 5612 1203 5670 Τὸ
1251 5615 1382 5688 γοῦν
1428 5613 1554 5688 παρ’
1601 5609 1873 5683 Ἕλλησιν

501 5746 766 5808 Pas-non.
811 5745 922 5807 Gs.
965 5743 1072 5807 IV.

1993 520 2249 583 navarat,
2268 517 2768 587 quemadmodum
2793 517 2850 571 in
2877 517 3063 572 sacris
3081 517 3478 589 apostolorum
3498 520 3642 576 Con-

1993 603 2403 660 stitutionibus
2434 605 2719 676 scriptum
2755 605 3062 675 reperitur.

2065 696 2264 748 Docere
2309 695 2481 759 enim,
2531 710 2639 748 non
2684 694 2891 763 punire
2936 698 3162 764 oportet.
3208 693 3463 750 Observa
3509 696 3642 767 pul-

1991 782 2196 836 chrum
2228 786 2284 836 et
2311 783 2633 837 etiamnum
2669 781 3053 838 utilissimum
3081 783 3327 849 dictum,
3350 783 3643 841 docendos

1992 885 2140 939 esse,
2163 875 2218 924 et
2251 871 2495 925 minime
2525 871 2853 943 puniendos
2884 871 3242 942 ignorantes,
3265 874 3648 942 quemadmo-

1993 959 2132 1013 dum
2167 959 2334 1015 czecis
2366 961 2643 1015 ducatum
2679 965 3050 1032 praestamus,
3078 976 3193 1014 non
3231 959 3524 1031 supplicia
3553 961 3644 1016 in-

1991 1047 2250 1118 figimus.
2293 1048 2443 1104 Illud
2505 1055 2700 1104 autem
2749 1046 2883 1100 κατὰ
2933 1046 3156 1121 κόρρης,
3211 1048 3392 1120 aliqui
3439 1049 3644 1105 dicunt

1990 1136 2322 1206 significare
2363 1136 2630 1212 κρόταφον
2665 1154 2766 1191 seu
2817 1140 3048 1208 tempus
3098 1135 3330 1208 capitis,
3362 1137 3458 1192 alii
3509 1155 3641 1194 vero

1989 1240 2192 1295 genas,
2226 1226 2324 1280 alii
2357 1226 2607 1298 denique
2657 1231 2879 1296 partem
2932 1225 3191 1297 aliquam
3223 1225 3455 1297 capitis.
3493 1227 3642 1283 Prae-

1991 1318 2108 1369 stat
2157 1320 2351 1370 autem
2400 1313 2627 1390 κόῤῥην,
2664 1314 2746 1370 uti
2794 1314 3083 1384 dicebam,
3118 1331 3222 1386 pro
3274 1317 3642 1388 temporibus

1991 1404 2272 1474 accipere,
2342 1421 2476 1459 nam
2549 1411 2604 1459 et
2668 1405 2959 1459 Homerus
3024 1402 3125 1458 illa
3187 1401 3390 1477 κόρσην
3453 1409 3640 1461 vocat.

1992 1489 2176 1566 Κόῤῥη
2229 1498 2422 1548 autem
2474 1493 2531 1547 in
2584 1491 2914 1564 penultima
2953 1491 3200 1547 acuitur.
3235 1493 3388 1547 319
3439 1494 3642 1564 Itaque

1989 1581 2372 1652 Demophilus
2427 1582 2807 1654 poenitentem
2869 1581 2928 1635 in
2985 1581 3350 1652 temporibus
3399 1599 3642 1654 percus-

1990 1674 2167 1725 serat.
2417 1658 2419 1660 ’

2063 1758 2342 1829 Siquidem
2393 1760 2495 1830 qui
2523 1759 2757 1829 injuriis
2787 1760 3028 1828 afﬁcere.
3065 1758 3212 1814 Nota
3261 1758 3458 1830 qualia
3489 1759 3642 1816 dicat

1990 1863 2088 1902 eos
2120 1848 2427 1919 sequi,qui
2473 1847 2707 1918 injuriis
2763 1848 2852 1902 vel
2903 1846 3202 1902 beneficiis
3252 1847 3481 1919 aliquos
3512 1849 3640 1902 affi-

1989 1953 2117 1992 cere
2148 1941 2454 2003 conantur,
2489 1936 2722 1993 etiamsi
2754 1937 2948 2009 reipsa
2979 1953 3095 1992 non
3126 1935 3382 1992 inferant
3412 1954 3479 1994 ea
3511 1954 3636 2009 quae

1987 2025 2280 2082 volebant.

2058 2116 2469 2186 Aggredientes.
2506 2115 2624 2170 Illis
2657 2130 2866 2185 nempe
2897 2114 3115 2186 quibus
3144 2114 3393 2185 injurias
3424 2113 3512 2170 vel
3545 2117 3641 2170 be-

1989 2204 2193 2259 neficia
2213 2205 2476 2260 conferre
2495 2208 2845 2269 statuerant,
2860 2221 2972 2258 non
2999 2220 3445 2275 usquequaque,
3463 2208 3639 2275 prout

1988 2293 2443 2361 destinaverant,
2488 2296 2895 2363 reposuerunt.
2928 2291 3138 2363 Liquet
3181 2291 3496 2363 imprimis,
3531 2293 3639 2346 hoc

1988 2382 2325 2453 contingere
2356 2397 2460 2452 per
2491 2381 2934 2447 incogitantiam
2961 2396 3165 2435 eorum
3199 2380 3257 2434 in
3289 2396 3438 2450 quos
3467 2381 3642 2434 bene-

1986 2470 2222 2525 ﬁcentia
2242 2471 2560 2536 confertur,
2584 2469 2726 2523 illud
2753 2485 2887 2524 vero
2918 2485 3033 2539 prae
3067 2469 3415 2540 impotentia
3437 2485 3639 2524 eorum

1986 2558 2085 2629 qui
2119 2558 2330 2613 inferre
2365 2562 2575 2630 parant
2605 2557 2879 2628 injurias.

2059 2647 2240 2703 Elhic
2268 2655 2320 2702 et
2359 2648 2458 2701 ibi.
2494 2647 2776 2712 Quoniam
2822 2646 2971 2717 justi
3027 2662 3141 2700 non
3195 2645 3384 2701 solum
3439 2647 3496 2701 in
3549 2648 3642 2702 fu-

1985 2740 2116 2792 turo
2147 2735 2383 2802 saeculo,
2413 2737 2514 2791 sed
2560 2735 2736 2791 etiam
2790 2735 2848 2790 in
2900 2735 3008 2790 hac
3038 2734 3180 2804 vita,
3213 2735 3502 2791 bonorum
3537 2753 3642 2791 an-

1984 2825 2248 2898 gelorum
2307 2825 2478 2892 socii,
2538 2824 2657 2880 sive
2712 2823 2969 2889 assecla,
3020 2840 3086 2879 ac
3135 2829 3438 2880 consortes
3487 2825 3639 2880 exsi—

1986 2919 2174 2970 stunt.

2057 3020 2205 3089 Quod
2253 3021 2564 3076 maximum
2612 3029 2691 3077 est
2741 3020 3005 3075 bonorum
3053 3021 3319 3076 omnium.
3353 3021 3638 3084 Quoniam

1988 3111 2273 3166 bonorum
2303 3110 2566 3166 omnium
2603 3109 2926 3165 maximum
2959 3113 3069 3178 est,
3094 3126 3228 3164 cum
3261 3109 3374 3166 Deo
3408 3126 3641 3183 semper

1906 3163 1948 3230 ρ
1988 3215 2140 3255 esse.

2057 3288 2190 3343 Cum
2221 3290 2332 3354 hic,
2365 3291 2482 3343 tum
2521 3291 2640 3360 post
2687 3295 2934 3344 mortem.
2969 3288 3256 3354 Quoniam
3307 3292 3641 3360 peccatores

1983 3381 2039 3433 et
2084 3379 2142 3432 in
2183 3378 2290 3432 hac
2328 3377 2448 3432 vita
2496 3381 2553 3433 et
2603 3377 2660 3431 in
2711 3378 2911 3433 futura
2948 3377 3290 3448 punientur,
3342 3393 3475 3432 cum
3527 3378 3641 3432 daa-

1983 3467 2260 3523 monibus
2292 3466 2611 3521 damnandi
2663 3470 2900 3538 propter
2947 3466 3251 3538 passiones
3283 3482 3432 3538 quas
3481 3482 3639 3522 ama-

1984 3560 2142 3611 runt.

2054 3645 2375 3702 Memorabo.
2409 3645 2558 3700 Nota
2609 3644 2890 3700 visionem
2918 3648 2974 3700 S.
3012 3643 3203 3716 Carpi,
3245 3649 3464 3716 quanto
3503 3643 3638 3699 hor-

1984 3751 2112 3790 rore
2140 3751 2205 3789 ac
2235 3732 2632 3789 consolatione
2666 3733 2838 3804 plena
2870 3733 2967 3789 sit.

2055 3913 2203 3980 §Vl.
2241 3911 2375 3967 Cum
2405 3912 2672 3967 venissem
2709 3909 3026 3982 aliquando.
3063 3908 3309 3966 Pulchra
3353 3909 3634 3977 narratio,

1985 4002 2138 4072 quod
2172 4017 2290 4055 non
2332 4005 2596 4071 oporteat
2638 3998 3037 4070 peccatoribus
3089 3996 3245 4052 mala
3293 3997 3631 4069 imprecari,

1985 4089 2223 4145 tametsi
2274 4095 2476 4144 contra
2524 4093 2702 4144 Deum
2757 4092 3019 4160 peccent.
3052 4087 3388 4142 Notandum
3441 4091 3637 4142 autem

1986 4177 2288 4234 historiam
2311 4178 2463 4233 hanc
2485 4179 2759 4233 exhibere
2790 4175 3145 4231 ineffabilem
3175 4175 3637 4232 misericordiam

1985 4267 2217 4322 Domini
2251 4266 2433 4321 nostri
2463 4267 2605 4321 Jesu
2649 4265 2867 4320 Christi
2907 4281 3044 4335 erga
3085 4265 3456 4336 pmnitentes.
3491 4265 3640 4330 Quin

1985 4355 2159 4410 etiam
2208 4356 2331 4427 agit
2368 4358 2439 4410 de
2484 4355 2796 4410 sanctitate
2848 4354 3033 4408 sancti
3065 4353 3275 4424 {,Carpi.
3310 4358 3410 4408 Est
3440 4358 3638 4409 autem

1985 4444 2080 4499 hic
2110 4445 2356 4514 Carpus.
2399 4445 2570 4514 cujus
2612 4442 2887 4498 meminit
2931 4441 3248 4514 Apostolus
3278 4443 3336 4497 in
3383 4441 3642 4513 Epistola

1902 4526 1948 4589 D
1981 4535 2241 4588 secunda
2273 4532 2343 4588 ad
2378 4532 2778 4588 Timotheum.

2056 4641 2204 4695 Inter
2240 4641 2685 4710 praeparatoria:
2715 4637 3009 4692 orationes.
3044 4633 3374 4708 Προτιλείας
3403 4635 3636 4707 quidem

1983 4729 2358 4800 appellabant
2381 4727 2792 4794 Athenienses,
2812 4743 3010 4798 preces
3036 4724 3169 4780 illas
3192 4743 3339 4796 quas
3369 4742 3481 4780 una
3505 4741 3638 4779 cum

1984 4817 2196 4872 hostiis
2230 4815 2455 4886 nuptiis
2498 4815 2956 4885 praemittebanl;
3008 4813 3245 4885 nuptias
3294 4813 3450 4870 enim
3479 4811 3638 4872 τέλος

1983 4904 2382 4975 appellabant,
2409 4908 2471 4958 ut
2497 4921 2624 4974 quae
2645 4903 2946 4959 hominem
2975 4903 3284 4974 perficiant
3315 4903 3372 4956 in
3409 4902 3480 4957 iis
3511 4918 3638 4972 quae

1985 4995 2056 5048 ad
2090 4994 2242 5048 hanc
2272 4994 2452 5048 vitam
2507 4997 2798 5064 spectant,
2833 4991 2914 5047 uti
2964 5008 3032 5046 ex
3084 4991 3288 5046 multis
3339 4989 3639 5046 commdiis

1984 5088 2290 5154 poetarum
2349 5081 2632 5136 declarari
2687 5085 2899 5151 potest.
2936 5083 3125 5146 Quare
3174 5080 3349 5134 etiam
3403 5079 3643 5149 nuptias

1985 5188 2088 5242 pro
2122 5175 2492 5225 sacramento
2515 5169 2831 5224 habebant.
2859 5168 3144 5223 Dicebant
3165 5173 3361 5223 autem
3392 5165 3646 5242 προτελί-

1989 5259 2167 5326 ζεσΟαι
2201 5264 2257 5313 et
2287 5257 2672 5329 προμυεῖσθαι,
2705 5273 2771 5311 ac
2804 5255 2851 5309 si
2885 5257 3184 5311 dicerent:
3219 5260 3368 5311 Ante
3401 5273 3521 5312 rem
3556 5273 3646 5312 sa-

1986 5363 2144 5402 cram
2178 5347 2414 5400 lustrari
2450 5363 2550 5401 seu
2587 5344 2826 5416 purgari
2868 5345 2936 5399 ad
2972 5345 3235 5417 mysterii
3268 5350 3639 5417 apparatum,

1985 5437 2159 5502 sicut,
2209 5435 2368 5488 verbi
2427 5435 2635 5506 gratia,
2689 5433 2966 5488 Cratinus
3019 5433 3076 5488 in
3129 5435 3301 5507 Pylea
3351 5436 3638 5491 dramate.

1986 5523 2235 5580 Maxime
2265 5523 2420 5578 enim
2456 5522 2737 5596 mysteria
2778 5521 3030 5594 alicujus
3078 5539 3108 5578 e
3157 5511 3634 5597 falsisiipsorum

1987 5613 2100 5670 diis
2130 5609 2262 5682 τὲλη
2298 5616 2354 5670 et
2381 5609 2602 5673 τελετάς
2633 5611 3031 5687 appellabant,
3065 5613 3233 5687 quasi
3266 5614 3635 5688 perﬁcerent,

3278 5744 3356 5803 18
