3972 6214
259 289 367 344 555

1089 283 1454 338 APPENDIX
1488 283 1590 336 AD
1625 281 1868 337 OPEBA
1903 280 1962 334 Β.
2001 279 2316 337 DIONYSII
2359 284 2862 343 ΑΒΕΟΡΔΘῘΤΕ.

3567 288 3671 344 556

259 416 318 469 et
347 411 416 466 ad
449 367 774 482 perfectum
816 407 1174 464 adducerent
1209 404 1493 460 initiatos.
1525 405 1688 469 Quod
1724 402 1900 475 igitur

2050 396 2231 464 ;σε6ῶς
2281 400 2573 478 λεγόμενον
2634 427 2712 470 εις
2758 410 2820 464 τὸ
2872 415 2977 480 τῆς
3046 409 3306 482 ἀληθείας
3365 413 3669 488 μυστήριον

259 519 293 557 a
320 499 644 572 gentilibus
665 498 737 553 ad
770 498 1131 568 impietatem
1159 494 1537 561 referebatur,
1565 494 1623 548 id
1658 508 1911 565 magnus

257 589 574 661 Dionysius
605 588 674 642 ad
705 585 968 641 veritatis
1000 583 1346 657 mysterium
1378 583 1658 649 traduxit,
1691 585 1744 636 et
1772 597 1911 653 προ-

258 675 506 738 τελείους
534 677 689 732 320
720 672 884 748 εὐχάς
926 674 1071 729 dixit
1115 689 1215 728 eas
1265 689 1468 744 preces
1515 687 1646 742 quas
1694 668 1909 724 vivifici

259 767 614 824 sacramenti
645 764 1144 820 consecrationem
1178 761 1535 832 praecedunt,
1571 776 1674 831 pro
1707 757 1907 829 expia-

260 857 420 912 tione
450 871 516 910 ac
558 854 983 924 deprecatione,
1016 867 1088 906 ue
1137 849 1489 905 sacramenti
1539 846 1908 919 participatio

264 947 432 1002 cedat
460 945 520 998 in
543 940 836 1012 judicium
868 937 1352 1004 communicanti,
1383 941 1440 992 et
1471 952 1575 1008 pro
1607 935 1909 1008 perfectis-

265 1034 416 1090 simo
455 1048 523 1088 ac
572 1029 910 1102 perﬁciente
954 1026 1378 1083 sacrificiorum
1427 1040 1670 1081 munere
1718 1024 1908 1096 impe-

263 1121 496 1178 trando.
530 1115 933 1190 Ἐξεναγώγησε
981 1118 1178 1171 autem
1227 1115 1446 1186 posuit,
1479 1130 1606 1185 pro,
1653 1112 1908 1185 hospitio

264 1209 510 1282 excepit.
1698 1266 1701 1268 ἓ

336 1297 471 1353 Cum
497 1297 676 1352 adhuc
703 1294 817 1349 dies
850 1294 1052 1348 hilarii
1087 1308 1182 1348 seu
1224 1291 1555 1346 Hilaritatis.
1588 1291 1767 1346 Erant
1796 1288 1909 1354 ali-

261 1387 363 1458 qui
393 1387 520 1442 dies
567 1383 911 1452 idololatria,
947 1399 1095 1452 quos
1141 1380 1392 1436 Hilarios
1421 1380 1729 1446 vocabant,
1763 1382 1818 1434 et
1847 1377 1907 1433 bi

259 1475 499 1546 quidem
523 1476 690 1528 erant
721 1472 927 1544 privati
951 1475 1007 1526 et
1032 1470 1249 1535 bilarii,
1275 1473 1339 1524 ut
1359 1485 1487 1523 cum
1512 1468 1646 1539 quis
1669 1483 1906 1522 uxorem

258 1565 525 1630 duxerat,
557 1561 646 1617 vel
696 1561 883 1615 filium
932 1563 1242 1631 genuerat;
1295 1573 1640 1612 communes
1669 1572 1802 1611 vero
1843 1572 1909 1610 ac

257 1651 503 1724 publici,
540 1655 603 1705 ut
629 1666 762 1704 cum
795 1647 1090 1719 quispiam
1123 1663 1220 1702 rex
1251 1648 1640 1716 inauguratus
1672 1660 1774 1700 seu
1806 1644 1908 1698 de-

2021 488 2298 562 ὠνόμασεν
2333 495 2360 547 ὁ
2405 496 2572 568 μέγας
2622 497 2921 570 Διονύσιος,
2973 499 3062 554 καὶ
3111 500 3474 574 προτελείους
3524 505 3670 557 εἶπεν

2018 577 2182 652 εὐχὰς
2238 581 2332 643 τὰς
2387 584 2492 658 πρὸ
2546 589 2644 638 τοῦ
2731 591 3005 655 ζωοποιοῦ
3099 591 3405 663 μυστηρίου
3463 590 3673 647 τελειο-

2015 666 2176 730 τάτας
2227 666 2440 740 δεήσεις
2490 672 2621 749 ὑπὶρ
2662 676 2978 751 καθάρσεως
3021 678 3112 732 καὶ
3158 678 3526 752 ἀκατακρίτου
3575 701 3672 751 με⁹

2015 757 2306 830 ταλήψεως
2345 765 2443 815 τοῦ
2491 760 2837 819 τελειοτάτου
2883 763 2974 820 καί
3021 766 3374 823 τελειοποιοῦ
3430 773 3540 823 τῶν
3577 780 3668 832 θυ-

2019 848 2149 1002 ἔιῶν
2183 843 2382 923 δώρου.
2413 851 2834 927 ςἙζεναγώγησε
2879 850 2937 908 δὲ
2963 853 3079 909 ἀντὶ
3107 859 3228 926 τοῦ,
3261 856 3334 917 ὡς
3369 856 3524 928 ξένον
3557 854 3674 911 ἰδε-

2053 934 2269 991 ιώσατο.

2053 934 2269 991 ιώσατο.

2086 1291 2203 1345 Ἔτι
2261 1293 2368 1344 τῶν
2420 1289 2669 1364 Ἰλαρίων
2727 1293 2974 1367 ἡμερῶν.
3031 1294 3200 1350 Ἦσαν
3258 1294 3404 1358 τινὶς
3459 1294 3670 1370 ἡμέρας.

2015 1384 2133 1440 τοῖς
2167 1376 2617 1453 εἰδωλολάτραις,
2650 1379 2710 1442 ἃς
2759 1377 3000 1453 Ἱλαρίας
3045 1381 3274 1438 ἐκάλουν
3308 1402 3323 1415 ·
3354 1383 3447 1437 καὶ
3477 1385 3534 1438 αἱ
3572 1385 3672 1456 μὲν

2017 1468 2151 1536 ἦσαν
2185 1463 2316 1522 ἴδιαι
2345 1469 2433 1522 καὶ
2485 1467 2714 1541 ἱλάριοι,
2766 1470 2842 1532 ὡς
2894 1469 3018 1525 ὅταν
3072 1493 3157 1536 τις
3211 1469 3440 1547 ἔγημεν,
3474 1470 3511 1541 ἤ
3545 1474 3665 1527 υἱόν

2017 1555 2207 1610 ἐκτᾶτο
2237 1575 2248 1588 ·
2278 1555 2333 1608 αἱ
2365 1552 2422 1608 δὲ
2449 1557 2625 1611 κοιναὶ
2662 1556 2752 1611 καὶ
2809 1555 3068 1631 δημόσιαι
3102 1557 3313 1634 ἱλάριαι
3346 1560 3669 1632 ἐκαλοῦντο,

2019 1645 2092 1706 ὡς
2148 1642 2271 1698 ὅταν
2338 1643 2593 1717 βασιλεὺς
2667 1646 3158 1722 ἀναγορευόμενος,
3234 1650 3331 1711 τὰς
3391 1647 3662 1722 δημοσίας

258 1741 537 1810 claratus,
572 1738 839 1810 publicos
891 1736 1139 1792 Hilarios
1170 1735 1295 1790 dies
1327 1733 1643 1789 indicebat.
1677 1732 1900 1787 Nemini

2050 1732 2261 1808 [λαρίας
2295 1738 2548 1808 παρεῖχε.
2598 1734 2698 1789 Καὶ
2746 1734 2870 1789 οὕτε
2911 1737 3151 1810 πᾶνθιμα
3208 1736 3259 1793 ἐν
3286 1738 3512 1800 ταύταις
3563 1760 3661 1817 φο-

259 1846 362 1901 per
398 1845 497 1884 eos
547 1828 672 1882 dies
729 1826 944 1881 licebat
990 1824 1315 1895 quidquam
1367 1821 1612 1892 lugubre
1658 1826 1908 1893 gestare,

262 1918 363 1974 sed
397 1915 732 1988 spectacula
772 1913 1173 1984 sacriﬁciaque
1217 1913 1274 1966 in
1309 1912 1434 1966 dies
1465 1910 1732 1982 singulos
1763 1909 1910 1964 cele-

263 2006 611 2074 brabantur,
641 2008 699 2059 et
741 2003 1009 2074 lugentes
1042 2007 1169 2056 tum
1201 2001 1312 2056 sibi
1342 2017 1376 2054 a
1405 1999 1567 2055 luctu
1616 2005 1910 2070 tempera-

263 2094 429 2162 bant,
461 2097 637 2164 atque
681 2089 1031 2163 spectaculis
1063 2090 1404 2155 intererant,
1438 2087 1617 2158 inque
1659 2086 1911 2158 publicis

265 2182 547 2238 conviviis
580 2180 914 2237 istiusmodi
948 2179 1070 2234 dies
1100 2177 1348 2232 Hilarios
1379 2176 1802 2248 transigebant.
1825 2175 1910 2230 Ad

264 2271 388 2328 haec
419 2270 592 2326 etiam
631 2272 757 2326 erat
802 2268 1083 2323 Romanis
1130 2265 1444 2338 peculiaris
1495 2265 1735 2337 quidam
1787 2264 1912 2319 dies

262 2361 450 2416 festus
469 2358 724 2414 Hilarius
746 2357 805 2412 in
824 2357 1109 2412 bonorem
1132 2355 1340 2410 matris
1359 2355 1601 2409 deorum
1623 2353 1911 2424 ipsorum,

265 2449 408 2520 quin
440 2447 640 2520 potius
664 2446 1190 2510 damoniorummt
1219 2442 1414 2514 inquit
1440 2441 1824 2514 DemOpbilus
1855 2442 1914 2496 in

260 2537 410 2593 libro
443 2539 519 2593 De
547 2538 838 2607 sacriﬁciis
866 2551 933 2590 ac
960 2533 1362 2604 festivitatibus
1392 2533 1768 2602 antiquorum.

336 2633 443 2684 Per
471 2635 644 2683 totam
670 2626 862 2682 vitam.
901 2627 957 2680 Id
988 2629 1078 2680 est
1109 2623 1370 2696 quandiu
1402 2624 1460 2678 in
1495 2621 1764 2694 praesenti
1797 2619 1915 2676 vita

264 2716 446 2787 degit.
481 2715 816 2770 Notandum
857 2718 1052 2769 autem
1099 2713 1319 2768 amicos
1353 2711 1454 2766 Dei
1484 2727 1586 2782 per
1613 2714 1795 2765 totam
1824 2709 1914 2763 vi-

264 2811 387 2860 tam
422 2805 630 2860 debere
680 2808 942 2858 errantes
993 2802 1326 2866 instituere,
1359 2804 1416 2854 et
1458 2799 1794 2870 pertrahere
1843 2799 1914 2852 ad

269 2893 629 2964 agnitionem
665 2891 948 2946 veritatis.
983 2890 1102 2944 Hoc
1144 2889 1337 2960 ipsum
1391 2888 1589 2958 itaque
1635 2887 1911 2954 observa;

270 2981 510 3050 quidam
541 2981 696 3034 enim
737 2978 1008 3050 imperite
1038 2976 1397 3032 contrarium
1449 2979 1740 3040 asserunt,
1773 2991 1914 3046 apo-

272 3065 476 3124 stolico
507 3066 744 3122 oraculo
775 3068 1107 3133 abutentes,
1132 3081 1248 3136 quo
1292 3063 1511 3120 dicitur
1542 3079 1556 3118 :
1593 3063 1900 3118 (Iaereticun

2050 3062 2364 3138 ιεχρημένοι
2395 3068 2475 3136 τῷ
2514 3063 2867 3138 ἀποστολικῷ
2919 3065 3071 3142 ῥητῷ
3098 3071 3179 3138 τῷ
3209 3066 3424 3144 λέγοντι
3457 3087 3472 3100 ·

2023 1826 2132 1898 ρεῖν
2187 1819 2330 1892 ἐξῆν,
2389 1821 2536 1877 ἀλλὰ
2580 1821 2669 1877 καί
2727 1825 2842 1878 θεαι
2899 1826 2988 1880 καὶ
3036 1827 3216 1881 θυσίαι
3261 1829 3380 1882 καθ’
3431 1825 3662 1898 ἑκάστην

2021 1910 2231 1983 ἡμέραν
2291 1906 2628 1966 διετελοῦντο
2708 1909 2991 1986 δημόσιαι,
3068 1913 3158 1968 καὶ
3233 1916 3287 1969 o't
3343 1919 3668 1980 πενθοῦντες

2022 1996 2305 2069 ἐπαύοντο,
2336 2001 2424 2052 καὶ
2481 1997 2770 2073 ἐθεώρουν,
2819 2002 2908 2055 καὶ
2963 2001 3015 2056 ἐν
3071 2003 3334 2078 εύωχίαις
3364 2003 3668 2068 ἀπαύστοις

2022 2084 2216 2160 διῆγον
2267 2087 2362 2150 τὰς
2413 2087 2716 2163 ὡρισμένας
2765 2091 2976 2163 ἡμέρας
3031 2097 3151 2156 ταῖς
3206 2092 3488 2156 τοιαύταις
3527 2093 3670 2151 Ἱλα-

2025 2177 2185 2252 ρίαις.
2244 2180 2341 2230 Ἤν
2398 2173 2456 2230 δὲ
2509 2177 2600 2230 καὶ
2659 2177 3112 2256 Ἱλαρία,-ὲορτὴ
3173 2179 3322 2250 ἷδικὴ
3380 2183 3672 2255 Ῥωμαίων

2022 2264 2099 2328 εἷς
2142 2265 2310 2336 τιμὴν
2364 2270 2464 2334 τῆς
2526 2267 2733 2339 μητρὸς
2775 2271 2883 2322 τῶν
2936 2273 3069 2332 θεῶν
3125 2270 3327 2339 αὐτῶν,
3359 2268 3580 2342 μᾶλλον
3618 2270 3679 2327 δὶ

2021 2347 2319 2424 δαιμόνων,
2352 2351 2426 2414 ὥς
2469 2353 2600 2427 φησὶ
2655 2353 2978 2434 Δημόφιλος
3030 2359 3081 2412 ὲν
3131 2362 3213 2430 τῷ
3241 2360 3372 2435 Περί
3403 2363 3513 2414 τῶν
3543 2363 3676 2435 παρ’

2021 2439 2274 2516 ἀρχαίοις
2304 2441 2500 2497 θυσιῶν
2530 2442 2619 2497 καὶ
2652 2443 2872 2520 ἑορτῶν.

2094 2619 2189 2672 Διὰ
2221 2619 2344 2693 βίου
2375 2619 2596 2682 παντός.
2645 2623 2901 2678 Τουτέστι
2964 2624 3132 2699 μέχρι
3186 2623 3254 2703 τὰ
3309 2631 3412 2694 τῆς
3461 2626 3676 2701 παρού-

2023 2728 2123 2778 σης
2180 2705 2429 2779 ἐνέστηκε
2491 2715 2658 2780 ζωῆς.
2740 2714 3089 2784 Σημειωτὲον
3149 2709 3208 2768 δὶ
3259 2713 3342 2769 ὅτι
3404 2711 3487 2768 δεῖ
3538 2713 3675 2776 τοὺς

2025 2795 2298 2873 θεοφιλεῖς
2329 2794 2419 2852 διά
2478 2797 2599 2874 βίου
2657 2801 2858 2862 παντὸς
2897 2806 3168 2864 νουθετεῖν
3227 2800 3354 2864 τοὺς
3384 2801 3674 2872 πεπλανηο

2029 2883 2245 2957 μένους,
2278 2886 2368 2939 καὶ
2402 2886 2478 2950 εἷς
2515 2886 2805 2962 ἐπίγνωσιν
2853 2887 3112 2956 ἀληθείας
3158 2884 3354 2946 ἕλκειν.
3410 2891 3672 2963 Σημείω-

2025 2993 2111 3027 σαι
2139 2971 2229 3028 οῦν
2257 2973 2386 3029 αὐτό
2420 2994 2431 3008 ⁸
2465 2975 2603 3039 τινὲς
2643 2979 2748 3051 γὰρ
2793 2977 3016 3050 ἀμαθῶς
3060 2978 3125 3032 τὸ
3157 2977 3389 3034 ἐναντίον
3423 2977 3672 3055 λέγουσι,

3510 3070 3679 3143 Αἱρε-

275 3157 559 3213 hominem
586 3164 701 3226 post
727 3158 974 3226 primam
1015 3157 1065 3210 et
1094 3131 1341 3209 iul-teram
1369 3152 1798 3208 admonitionem
1827 3152 1900 3208 dei

2050 3152 2179 3206 τικὺν
2238 3150 2520 3226 ἄνθρωπον
2584 3154 2718 3225 μετά
2788 3155 3013 3228 πρώτην
3090 3155 3180 3209 καὶ
3239 3152 3489 3230 δευτέραν
3547 3177 3678 3210 νου-

271 3247 386 3300 vita
411 3244 506 3316 (t);
540 3245 657 3299 vim
707 3244 995 3299 dictorum
1051 3241 1295 3297 minime
1342 3240 1758 3312 intelligentes,
1791 3257 1918 3312 quae

270 3350 376 3406 per
401 3332 707 3404 sequentia
727 3333 903 3388 verba
927 3331 1178 3386 maxime
1199 3329 1550 3386 declaratur.
1575 3331 1739 3384 Tunc
1760 3329 1918 3384 enim

269 3427 403 3495 post
460 3422 712 3493 primam
762 3427 820 3476 et
866 3421 1185 3476 secundam
1237 3419 1646 3489 monitionem,
1687 3417 1918 3474 evilatio

255 3511 421 3582 justa
452 3510 677 3566 censeri
728 3510 921 3578 debet,
945 3509 1181 3582 quando
1233 3508 1333 3580 qui
1383 3511 1602 3577 monet,
1636 3508 1709 3562 ad
1741 3509 1918 3564 evita-

259 3601 482 3656 tionem
544 3600 828 3672 procedit,
875 3603 1241 3670 compertum
1293 3597 1516 3653 habens
1565 3596 1740 3652 talem
1790 3599 1917 3668 jam

261 3690 616 3745 subversum
651 3705 799 3758 esse,
821 3688 1053 3743 etiamsi
1086 3688 1140 3742 id
1187 3686 1385 3754 lateat,
1411 3702 1545 3741 cum
1577 3685 1654 3741 sit
1685 3685 1918 3758 proprio

251 3778 479 3849 judicio
511 3779 959 3834 condemnatus.
992 3775 1366 3832 Manifestum
1416 3773 1572 3830 enim
1605 3773 1745 3846 quia
1776 3791 1919 3829 san-

262 3866 376 3922 etis
407 3867 745 3921 doctoribus
777 3864 1068 3921 revelatur
1098 3868 1291 3919 status
1313 3863 1640 3918 conditiove
1672 3879 1922 3934 praesen-

261 3953 434 4009 tium.
467 3953 579 4008 Alii
609 3971 744 4009 vero
776 3954 999 4008 dictum
1041 3952 1171 4019 hoc,
1200 3957 1321 4024 post
1351 3968 1522 4007 unam
1572 3955 1622 4006 et
1671 3953 1917 4007 alteram

263 4043 649 4106 monitionem,
673 4042 758 4096 sic
787 4041 1224 4106 intellexerunt,
1249 4057 1314 4096 ac
1345 4041 1393 4096 si
1417 4040 1637 4095 dictum
1663 4041 1759 4107 sit,
1785 4046 1918 4112 post

268 4128 594 4184 doctrinam
626 4145 694 4184 ex
723 4129 913 4184 Veteri
943 4130 1220 4200 Novoque
1242 4131 1618 4185 Testamento
1649 4130 1918 4202 deprom-

267 4221 450 4290 ptam.

338 4307 705 4363 Consueverat
752 4305 903 4362 enim
953 4313 1103 4361 tunc.
1152 4309 1299 4360 Nota
1350 4306 1727 4362 traditionem
1776 4324 1914 4379 apo-

263 4395 531 4453 stolicam
556 4399 873 4451 nocturnas
906 4393 1246 4467 psalmodiaa
1279 4392 1512 4465 regulas
1543 4395 1876 4452 tradidisse.

2030 3241 2205 3304 θεσίαν
2259 3246 2546 3314 παραιτοῦ,
2610 3243 2686 3315 μὴ
2737 3246 2986 3304 νοοῦντες
3041 3247 3151 3298 τῶν
3208 3243 3518 3318 εῗρημὲνων
3571 3245 3676 3314 τὴν

2030 3326 2278 3401 δύναμιν,
2320 3329 2380 3384 ἐκ
2432 3334 2537 3385 τῶν
2593 3331 2874 3403 ἑπομένων
2935 3331 3115 3407 ῥητῶν
3169 3331 3408 3405 μάλιστα
3450 3354 3682 3410 σαφηνι-

2030 3416 2285 3490 ζομένην.
2318 3419 2458 3474 Τότε
2497 3419 2600 3494 γὰρ
2639 3418 2870 3493 εῧλογοσ
2915 3422 2951 3489 ἡ
3005 3421 3138 3492 μετὰ
3180 3421 3406 3497 πρώτην
3431 3421 3524 3475 καὶ
3554 3419 3679 3475 δευ-

2023 3508 2182 3582 τέραν
2211 3507 2488 3562 νουθεσίαν
2548 3507 2900 3581 παραίτησις,
2959 3507 3085 3564 ὅταν
3148 3510 3176 3564 ὁ
3235 3506 3509 3565 διδάσκων
3536 3510 3680 3584 πρὸς

2027 3596 2124 3664 τὴν
2156 3594 2478 3669 παραίτησιν
2514 3594 2671 3670 ἔλθῃ,
2714 3593 2872 3658 εἰδὼς
2923 3594 3007 3651 ὅτι
3055 3597 3406 3673 ἐξέστραπται
3436 3600 3465 3654 ὁ
3495 3604 3680 3654 τοιοῦ-

2025 3703 2140 3754 τος,
2196 3683 2286 3738 καὶ
2347 3683 2594 3749 λανθάνει
2639 3681 2711 3739 ὢν
2768 3683 3244 3762 αιότοκανᾶκριτος⁹
3301 3685 3482 3758 Δῆλον
3541 3690 3678 3765 γὰρ,

2027 3773 2102 3834 ὡς
2131 3771 2183 3827 ἐν
2232 3773 2347 3836 τοὶς
2408 3775 2580 3850 ἱεροῖς
2637 3771 2988 3838 διδασκάλοις
3038 3773 3484 3832 ἀποκαλύπτεται
3514 3778 3608 3832 καὶ
3639 3778 3677 3847 ἡ

2023 3867 2132 3918 τῶν
2165 3866 2499 3938 προσιόντων
2565 3863 2914 3928 κακάστασις.
2992 3868 3208 3941 "Erepsi.
3280 3865 3360 3935 δὲ,
3417 3868 3480 3922 τὸ
3539 3869 3680 3941 μετᾶ

2025 3954 2250 4026 πρώτην
2293 3952 2382 4008 καὶ
2431 3951 2675 4029 δευτέραν
2736 3954 3035 4022 νουθεσίαν,
3085 3954 3259 4019 οὕτως
3308 3954 3564 4029 ἐνόμισαν
3607 3959 3681 4022 ⁵⁸,

2025 4040 2139 4096 ἀντὶ
2165 4045 2282 4112 τοῦ,
2319 4043 2451 4115 μετὰ
2477 4043 2576 4112 τὴν
2617 4041 2698 4101 ἐκ,
2722 4045 2821 4113 τῆς
2871 4042 3114 4107 Παλαιᾶς
3162 4045 3252 4100 καὶ
3296 4044 3436 4108 Νέας
3468 4047 3684 4117 Διαθήο

2024 4150 2125 4200 κης
2156 4126 2527 4186 διδασκαλίαν.

2095 4216 2290 4272 Εἰώθει
2349 4219 2447 4294 γὰρ
2506 4218 2583 4282 είς
2625 4219 2803 4277 τόνδε.
2845 4220 3163 4293 Σημείωσαι
3218 4223 3302 4277 ὅτι
3359 4223 3394 4291 ἡ
3429 4222 3684 4278 ἀποστο-

2025 4305 2154 4375 λικὴ
2186 4305 2484 4382 παράδοσις
2514 4307 2642 4372 τοὺς
2686 4309 3028 4386 νυκτερινοὺς
3053 4315 3160 4366 τῶν
3192 4308 3539 4385 ψαλμῳδιῶν
3572 4333 3683 4368 κα-

2021 4396 2110 4451 νόν
2119 4418 2179 4460 ας
2211 4395 2540 4474 παρέδωκεν.

2091 4486 2233 4556 Ἒξω
2279 4494 2550 4563 ταραχῆς.
2611 4488 2688 4544 Τὸ
2745 4487 2806 4543 οὐ
2841 4489 3128 4564 ἀρνητικὸν
3187 4488 3378 4565 μόριον
3433 4492 3572 4566 πρὸς
3614 4493 3685 4548 τὸ

331 4575 538 4648 Absque
578 4575 1010 4647 perturbatione.
1046 4573 1155 4628 Illa
1185 4572 1474 4644 particula
1506 4574 1774 4646 negativa
1802 4592 1900 4632 non

2051 4573 2123 4644 ξω
2151 4583 2400 4651 ταραχῆς
2454 4576 2795 4648 συντακτὲον,
2848 4575 2937 4632 τίνα
2993 4577 3029 4654 ᾖ
3083 4579 3144 4634 τὸ
3196 4577 3326 4635 δλον
3372 4584 3627 4636 τοιοῦτον
3661 4603 3676 4616 ο

265 4682 400 4721 cum
433 4665 546 4720 isto
576 4665 778 4736 absque
822 4663 1231 4729 perturbatione
1278 4664 1678 4717 construenda
1704 4668 1815 4730 est,
1849 4670 1900 4719 ul

2050 4663 2383 4732 ιιανίσταται,
2412 4664 2535 4720 οὐδὲ
2575 4670 2682 4721 τῶν
2743 4665 2922 4722 ὕπνων
2981 4667 3209 4724 πολλῶν
3261 4663 3458 4736 ὄντων,
3493 4667 3583 4724 διὰ
3611 4672 3676 4726 τὸ

260 4753 340 4810 sit
369 4771 582 4811 sensus
608 4771 620 4809 :
646 4757 1030 4825 EXperrectus
1063 4750 1339 4816 surrexit,
1373 4767 1507 4806 cum
1541 4767 1780 4808 somnos
1811 4770 1913 4825 pa-

260 4861 394 4900 rum
428 4845 658 4916 quietos
688 4845 760 4899 ob
793 4859 994 4898 eorum
1046 4841 1538 4912 interruptionem
1588 4842 1914 4910 habuisset,

262 4949 455 5005 neque
494 4935 719 5006 absque
769 4931 1206 5004 perturbatione
1239 4931 1386 4987 32]
1424 4935 1600 5002 esset,
1631 4932 1705 4988 ob
1755 4950 1914 4990 som-

259 5025 494 5079 niorum
528 5021 1010 5095 interruptiones.

329 5113 678 5168 Precabatur
709 5114 876 5167 Deum
906 5116 968 5166 ut
993 5111 1239 5183 fulgetra
1269 5109 1550 5182 quopiam.
1579 5109 1798 5183 Fulgur
1829 5117 1919 5169 est

255 5201 495 5274 obliqua
527 5201 679 5257 aeris
713 5199 1062 5257 inﬂammati
1097 5199 1277 5260 motio
1329 5213 1582 5270 superne
1614 5201 1913 5261 deorsum.

329 5365 395 5438 (ι)
427 5365 543 5421 Tit.
579 5382 664 5434 III,
704 5364 787 5419 10.

2025 4755 2374 4832 ἐγκόπτεσθαι
2432 4756 2625 4819 αὐτοὺς
2691 4756 3026 4829 ἀπολαύσας,
3082 4757 3207 4814 οὐδὲ
3263 4754 3364 4830 ἔξω
3420 4768 3679 4837 ταραχῆς

2027 4847 2311 4921 ὑπάρχων,
2341 4843 2430 4901 διὰ
2456 4847 2518 4900 τὸ
2549 4846 2638 4900 καὶ
2663 4845 2791 4910 τοὺς
2820 4846 3018 4911 ὕπνους
3051 4847 3426 4923 ἐγκόπτεσθαι.

2098 5111 2302 5168 Ἐδεῖτο
2349 5117 2447 5168 τοῦ
2499 5118 2632 5169 Θεοῦ
2687 5116 2965 5190 πρηστῆρί
3018 5136 3146 5172 τινι.
3209 5119 3471 5192 Πρηστήρ
3539 5117 3690 5175 ἐστιν

2027 5200 2336 5272 ἒλικοειδὴς
2392 5203 2603 5275 κίνησις
2683 5201 2883 5260 ἄνωθεν
2968 5206 3116 5261 κάτω
3169 5205 3328 5281 ἀέρος
3389 5204 3687 5285 διαπύρου.

1258 5462 1496 5520 VARI/E
1535 5465 1931 5527 LECTIONES
1969 5470 2060 5528 ET
2099 5468 2664 5528 CORBECTIONES.

341 5581 387 5617 ⁶⁰
417 5577 661 5650 ἐνόησαν.
