3972 6214
236 345 344 403 557

1199 350 1260 403 S.
1301 350 1565 405 ΜΑΧΙΜΙ
1604 351 1909 407 SCHOLIA
1945 356 2020 408 IN
2060 355 2217 408 BPP.
2255 358 2316 410 Β.
2355 356 2692 412 DIONYSII.

3544 358 3651 413 5'58

238 470 388 528 Καίει
422 468 481 525 δὲ
524 471 589 526 τὸ
641 473 912 540 τοιοῦτον,
947 469 1066 526 ὅθεν
1097 472 1188 527 καὶ
1219 473 1366 546 παρὰ
1418 471 1480 527 τὸ
1511 477 1758 547 πιμπρᾷν
1795 471 1884 529 Λέ-
1914 478 1937 546 Α

2056 477 2212 533 durit
2260 484 2479 548 autem,
2522 480 2679 536 unde
2725 481 2901 537 etiam
2953 497 2988 536 a
3033 483 3282 554 πιμπρᾷν
3333 481 3650 538 derivatur.

236 580 385 635 γεται
395 601 408 612 .

306 647 579 723 Ἀπείρων
609 646 1046 724 ἀνθρωποειδῶς.
1093 647 1410 722 Σημείωσαι
1455 649 1538 706 ὅτι
1567 651 1653 706 καὶ
1692 650 1898 727 ἀνθρω-

237 735 476 799 ποειδῶς
506 742 624 800 τοῖς
652 736 826 812 ἀγίοις
856 737 1074 813 ἄγγελοι
1106 737 1500 816 ἐπιφαίνονται.

306 826 442 881 Ὑπὸ
497 827 597 894 τῆς
645 830 752 880 τῶν
803 825 1018 881 οἰκείων
1065 824 1272 884 ποδῶν,
1329 826 1645 900 Σημείωσαι
1695 829 1757 882 τὸ
1789 828 1893 883 ὐπὸ

235 923 337 984 τῆς
369 920 480 969 τῶν
522 913 733 970 οἴκείων
784 911 968 969 ποδῶν
999 915 1276 983 ἀστασίας,
1319 917 1348 970 ὃ
1394 913 1560 986 δηλοῖ
1608 917 1672 972 τὸ
1721 919 1894 972 εὐπα-

238 1007 483 1083 ράφορον
508 1010 608 1074 τῆς
649 1002 1038 1079 προαιρέσεως
1099 1005 1175 1077 μὴ
1229 1003 1557 1080 βουλόμενοι
1604 1008 1735 1081 γὰρ,
1791 1007 1894 1061 οὐκ

235 1095 487 1150 ἔπιπτον.

303 1183 402 1245 Εἷς
460 1182 522 1236 τὸ
570 1180 798 1256 ἀχανές.
858 1183 1175 1254 Σημείωσαι
1225 1186 1344 1244 πῶς
1401 1183 1430 1237 6
1487 1177 1748 1244 διάϐολος
1802 1181 1890 1258 ῥί-

230 1292 353 1326 πτει
409 1269 537 1334 τοὺς
594 1271 910 1345 ἀνθρώπους
969 1269 1042 1326 εἷς
1097 1270 1160 1325 τὸ
1219 1272 1409 1332 σκότος
1462 1272 1524 1326 τὸ
1571 1271 1830 1346 ἐξώτερον
1872 1316 1886 1339 ,

232 1360 369 1436 ὅπερ
422 1359 649 1414 ἐνταῦθα
708 1360 905 1434 ἀχανὲς
959 1357 1139 1426 καλεῖ,
1191 1361 1438 1414 τουτέστι
1496 1360 1790 1436 βάραθρον,
1851 1363 1886 1431 ἢ

233 1451 482 1517 ἀπατῶν,
539 1448 575 1516 ἢ
636 1447 793 1502 ὠθῶν
840 1447 969 1511 τοὺς
1022 1446 1374 1521 πειθομένους
1430 1447 1596 1520 αὐτῷ.
1645 1450 1795 1504 Ἐστι
1828 1448 1887 1505 δέ

232 1541 324 1594 δτε
371 1537 462 1592 καὶ
510 1534 760 1612 ἀσελγεῖς
821 1536 1138 1611 ἀνθρώπους
1194 1537 1483 1612 συνεργοὺς
1543 1537 1707 1592 αὐτοῦ
1749 1535 1888 1610 λαμ·

233 1623 386 1682 ϐάντι
421 1626 498 1688 είς
526 1627 626 1694 τήν
676 1624 872 1698 ἐτέρων
905 1626 1138 1696 ἀπάτην,
1193 1626 1267 1687 ὡς
1316 1627 1406 1680 καὶ
1450 1627 1542 1680 τὸν
1576 1623 1884 1682 εἰδωλολά-

230 1738 368 1792 τρην
397 1714 485 1770 ἐπὶ
512 1716 605 1770 τὸν
637 1719 727 1768 νῦν
756 1713 1118 1784 ἀπατηθέντα,
1144 1716 1266 1788 περὶ
1298 1713 1360 1768 οὗ
1391 1715 1418 1768 6
1448 1713 1638 1789 λόγος.
1673 1715 1765 1769 Διὸ
1795 1714 1884 1769 καὶ

232 1805 285 1860 ἐν
311 1809 383 1880 τῇ
419 1803 650 1876 ὀπτασίᾳ
680 1803 875 1877 ἄνδρας
908 1804 1006 1878 ὁρᾷ
1037 1802 1229 1876 μεταξὺ
1259 1807 1365 1858 τῶν
1412 1797 1609 1880 ὄφεων,
1639 1804 1886 1858 τουτέστι

229 1901 340 1950 τῶν
374 1892 670 1966 δαιμόνων,
703 1888 962 1954 ἕλκοντας
991 1891 1116 1954 τοὺς
1159 1891 1260 1947 ὑπὸ
1289 1896 1386 1947 τοῦ
1418 1888 1681 1947 διαϐόλου
1725 1913 1883 1962 νικη-

229 1986 441 2049 θέντας,
474 1984 550 2036 ὧν
580 1984 726 2054 ἡμᾶς
760 1983 787 2036 6
816 1980 1016 2054 Κύριος
1050 1980 1429 2056 ἐλευθερώσοι.

298 2074 432 2127 Ὑπὸ
498 2076 596 2126 τοῦ
665 2074 852 2124 κακοῦ.
902 2069 1218 2140 Σημείωσαι
1275 2071 1338 2124 τὸ
1389 2069 1493 2124 ὑπὸ
1542 2073 1640 2124 τοῦ
1687 2073 1878 2136 κακοῦ,

225 2162 471 2216 τουτέστι
519 2163 617 2228 τῆς
661 2158 948 2232 ἁμαρτίας,
1003 2160 1133 2232 ὅπερ
1184 2158 1382 2234 κυρίως
1429 2158 1592 2212 κακὸν
1644 2157 1698 2212 ἐν
1743 2178 1879 2232 προ-

225 2252 428 2323 αιρέσει
461 2248 777 2320 τικτόμενόν
806 2269 1002 2325 φαμεν.
1052 2249 1127 2304 Τὸ
1171 2245 1227 2301 δὲ
1275 2246 1495 2308 ἄκοντες
1547 2247 1634 2301 καὶ
1693 2246 1878 2321 βιαζό-

230 2362 385 2414 μενοι
448 2341 524 2412 μὴ
585 2338 978 2414 ἀναγκαστικήν
1027 2357 1148 2392 τινα
1197 2334 1444 2408 δύναμιν,
1486 2334 1726 2390 τουτέστι
1784 2334 1875 2390 τὸν

227 2425 488 2485 διάϐολον
545 2430 795 2495 νοητέον,
852 2427 928 2487 ὡς
987 2426 1314 2500 Μανιχαίοις
1371 2424 1460 2479 καὶ
1510 2423 1877 2485 Μεσαλιανοῖς

228 2517 404 2574 δοκεῖ·
438 2516 564 2572 ἀλλ’
611 2518 693 2570 δτι
731 2515 1045 2587 πειθόμενοι
1093 2514 1154 2567 τὸ
1200 2514 1364 2568 κακὸν
1386 2513 1602 2586 πρᾶξαι,
1630 2517 1709 2584 τῷ
1738 2512 1875 2566 ἀπα-

221 2613 392 2664 τῶντι
450 2607 638 2682 χώραν
693 2598 948 2676 διδόαμεν
1009 2607 1254 2678 συνεχῶς
1298 2604 1433 2674 ἡμῖν
1511 2599 1876 2672 ἐπιτίθεσθαι,

224 2699 278 2769 ἐξ
324 2700 490 2769 ἡμῶν
545 2696 661 2758 καθ’
716 2695 876 2766 ἡμῶν
931 2685 1282 2765 λαμϐάνοντα
1333 2691 1432 2758 τήν
1468 2689 1649 2764 ἰσχύν·
1683 2686 1877 2743 ἀδυνα-

221 2788 379 2856 τήσει
438 2782 518 2853 δὲ,
581 2783 656 2856 μὴ
711 2779 1048 2854 πειθομένων
1099 2782 1283 2853 ἡμῶν,
1325 2777 1512 2848 ἐπειδὴ
1544 2777 1702 2854 ἐγγυς
1733 2776 1874 2832 ἐστιν

218 2879 386 2948 ἡμῶν
435 2876 472 2942 ἠ
526 2874 753 2946 βοήθεια
792 2874 890 2924 τοῦ
941 2873 1075 2925 Θεοῦ
1132 2863 1736 2942 συνεπιλαμϐανομένη,
1799 2867 1874 2929 ὡς

221 2963 394 3030 δηλοῖ
419 2963 488 3017 τὰ
519 2962 659 3034 ἑξῆς.

295 3051 395 3106 Καὶ
426 3055 589 3125 χεῖρα
616 3048 819 3125 ἀγαθὴν
857 3047 1090 3122 ὀρέγειν.
1142 3044 1458 3118 Σημείωσαι
1511 3045 1611 3113 τὴν
1672 3041 1873 3119 ἄφατον

217 3145 317 3195 τοῦ
350 3138 556 3213 Κυρίου
587 3135 1010 3212 εὖσπλαγγνίαν.

291 3235 405 3298 τῆς
438 3227 627 3304 χειρὸς
653 3223 764 3296 ἤδη
795 3225 1224 3300 προτεταμένης.
1255 3229 1365 3293 Τῆς
1390 3223 1578 3298 χειρὸς
1605 3225 1703 3277 τοῦ
1728 3223 1871 3298 Κάρ-
1907 3215 1950 3283 C

224 3339 335 3373 που
367 3315 650 3387 δηλονότι.

300 3405 392 3473 Μὴ
426 3403 635 3461 ἄλλων.
684 3405 807 3459 Τῶν
863 3398 1232 3476 σταυρούντων
1277 3395 1518 3469 δηλαδὴ,
1566 3403 1646 3471 τῷ
1676 3399 1881 3474 Κάρπῳ

233 3494 400 3570 φησὶν
433 3494 461 3548 6
491 3493 707 3566 Κύριος.

306 3584 545 3657 Ἀγαθῶν
605 3580 694 3635 καὶ
761 3578 1180 3658 φιλανθρώπων.
1265 3575 1582 3650 Σημείωσαι
1660 3578 1743 3631 ὅτι
1790 3574 1880 3630 καὶ

232 3672 394 3733 αὐτὸς
427 3673 455 3726 6
490 3671 685 3746 Κύριος
717 3668 945 3744 ἀγαθοὺς
975 3669 1062 3722 καὶ
1098 3665 1522 3746 φιλανθρώπους
1551 3664 1712 3721 καλεῖ
1754 3664 1879 3727 τοὺς

226 3760 522 3838 ἀγγέλους.

641 3849 756 3905 ΕΙΣ
793 3846 930 3902 ΤΗΝ
969 3845 1374 3903 ΕΙΙΙΣΤΟΛΗΝ
1413 3844 1466 3898 6'

302 3978 332 4049 ζ
366 3980 410 4030 Ι.
445 3974 506 4031 Ὀ
537 3973 689 4047 ἅγιος
718 3969 881 4032 Τίτος
905 3967 1058 4030 οὗτός
1082 3967 1222 4024 ἐστιν
1243 3969 1271 4022 6
1299 3972 1379 4040 τῷ
1399 3965 1884 4041 Ἀποστόλῳγνώ-

229 4084 422 4142 ριμος,
455 4063 512 4117 ’ὸν
558 4060 648 4115 καὶ
689 4061 914 4135 Κρήτης
955 4056 1277 4128 κατέστησεν
1328 4055 1621 4111 ἐπίσκοπον
1652 4098 1667 4123 ,
1727 4055 1801 4116 ὡς
1846 4056 1881 4124 ἠ

229 4155 375 4228 πρὸς
407 4152 570 4206 αὐτὸν
600 4149 752 4204 Τίτον
783 4153 1048 4224 γραφεῖσα
1077 4145 1374 4215 Ἐπιστολὴ
1417 4145 1562 4221 παρὰ
1589 4149 1686 4200 τοῦ
1718 4144 1882 4209 θείου.

232 4239 460 4298 Παύλου
485 4238 664 4318 φησίν.

309 4317 550 4385 ’ΔλΛ’ἐν
575 4331 643 4403 τῇ
674 4321 1021 4399 Συμϐολικῇ.
1071 4323 1131 4378 Τί
1179 4319 1424 4400 περιέχει
1471 4325 1506 4392 ἡ
1560 4317 1885 4396 Συμϐολικὴ

238 4417 501 4494 θεολογία
523 4422 618 4473 τοῦ
651 4414 891 4492 μεγάλου
923 4414 1226 4469 Διονυσίου.

311 4506 878 4581 Ἑναπομόργνυνται.
958 4502 1435 4576 Ἀπομόρξασθαι,
1520 4499 1629 4555 ἐστὶ
1696 4501 1760 4555 τὸ
1810 4498 1890 4554 ἐν-

1916 1851 1963 1914 Β

2075 657 2137 711 In
2176 660 2429 714 numeri:
2467 659 2714 714 humana
2757 662 2964 730 forma.
2999 659 3146 714 Nota
3193 657 3366 714 etiam
3416 661 3654 732 angelos

2004 743 2266 800 humana
2297 747 2486 802 forma
2517 749 2738 803 sanctis
2770 763 3069 820 apparere.

2077 839 2206 891 Prae
2231 835 2432 906 pedum
2464 853 2710 892 suorum.
2743 837 2892 892 Nota
2921 836 3087 906 illud,
3113 851 3238 907 pra?
3276 836 3489 908 pedum
3527 854 3656 894 suo-

2002 939 2127 978 rum
2158 925 2496 992 lubricitate,
2527 927 2680 997 quod
2728 925 3048 981 voluntatis
3093 924 3524 997 proclivitatem
3555 927 3656 982 de-

2002 1013 2228 1082 signat;
2264 1030 2398 1069 nam
2430 1014 2479 1069 si
2511 1013 2862 1080 noluissent,
2899 1030 3014 1069 non
3048 1013 3420 1069 cecidissent.

2069 1191 2132 1245 In
2163 1190 2508 1262 voraginem.
2541 1189 2689 1246 Nota
2719 1190 3014 1262 quomodo
3066 1188 3340 1245 diabolus
3387 1189 3660 1249 homines

2000 1280 2275 1335 detrudat
2297 1281 2354 1334 in
2382 1280 2654 1335 tenebras
2677 1280 3180 1349 exteriores,quas
3206 1279 3300 1333 hic
3321 1280 3659 1350 voraginem

1999 1367 2274 1439 appellat,
2308 1368 2367 1422 id
2400 1374 2492 1424 est
2521 1369 2895 1434 barathrum,
2929 1368 3051 1422 sive
3083 1367 3361 1438 decipiat,
3395 1367 3514 1423 sive
3544 1367 3659 1423 im-

2000 1457 2176 1526 pellat
2207 1473 2240 1511 a
2271 1473 2334 1511 se
2359 1473 2692 1525 persuasos.
2721 1457 3024 1511 Interdum
3051 1455 3226 1510 etiam
3261 1455 3531 1511 homines
3562 1457 3661 1511 fla-

1996 1545 2240 1616 gitiosos
2271 1545 2383 1600 sibi
2414 1543 2848 1600 commilitones
2878 1543 3115 1600 asciscit
3153 1543 3212 1598 in
3253 1543 3655 1615 deceptionem

1997 1634 2270 1702 aliorum,
2297 1639 2360 1688 ut
2391 1634 2762 1689 idololatram
2791 1633 2960 1688 illum
2986 1634 3056 1688 ad
3088 1633 3494 1688 seductionem
3525 1634 3655 1704 ejus

1995 1723 2066 1777 de
2097 1738 2213 1792 quo
2246 1723 2418 1777 modo
2449 1738 2642 1778 sermo
2666 1727 2776 1778 est.
2799 1722 3167 1793 Quapropter
3196 1720 3258 1776 in
3287 1720 3513 1776 visione
3543 1720 3653 1777 hac

1994 1811 2140 1866 vidit
2167 1811 2342 1865 etiam
2375 1811 2531 1867 viros
2572 1811 2628 1865 in
2683 1811 2873 1865 medio
2925 1813 3288 1880 serpentum,
3321 1810 3378 1864 id
3413 1813 3504 1866 est
3533 1810 3650 1864 daa-

1995 1915 2259 1967 monum,
2287 1899 2690 1970 pertrahentes
2715 1915 2814 1955 eos
2839 1899 2939 1971 qui
2970 1916 3004 1954 a
3035 1896 3268 1954 diabolo
3292 1897 3425 1953 victi
3459 1901 3650 1969 erant,

1992 2005 2025 2043 a
2056 1988 2275 2060 quibus
2308 2005 2415 2044 nos
2442 1988 2650 2044 liberet
2680 1988 2988 2044 Dominus.

2061 2078 2099 2132 Α
2132 2079 2296 2133 malo.
2331 2078 2478 2133 Nota
2519 2077 2688 2144 illud,
2719 2095 2753 2133 a
2782 2079 2949 2148 malo,
2985 2077 3040 2131 id
3079 2079 3170 2132 est
3199 2080 3458 2148 peccato,
3493 2077 3648 2147 quod

1991 2165 2213 2220 malum
2247 2167 2504 2236 fprnprie
2537 2167 2594 2220 in
2628 2165 2929 2221 voluntate
2979 2166 3138 2236 gigni
3193 2165 3466 2220 dicimus.
3501 2164 3651 2220 Illud

1989 2261 2207 2320 autem,
2243 2257 2412 2309 inviti
2443 2259 2499 2309 et
2530 2254 2735 2318 coacti,
2770 2271 2882 2310 non
2918 2255 2989 2308 de
3021 2253 3140 2308 ulla
3172 2252 3544 2308 necessitatis
3573 2252 3650 2319 vi,

1988 2343 2044 2397 id
2071 2347 2160 2397 est
2182 2343 2252 2396 de
2278 2342 2530 2411 diabolo,
2556 2343 3004 2414 intelligendum
3030 2346 3142 2409 est,
3161 2342 3317 2396 sicut
3344 2340 3650 2398 Manichaei

1988 2440 2045 2489 et
2077 2434 2410 2489 Messaliani
2457 2436 2756 2502 sentiunt;
2789 2435 2886 2489 sed
2923 2433 3082 2505 quia,
3108 2432 3375 2503 persuasi
3410 2435 3474 2486 ut
3504 2430 3646 2485 mali

1989 2523 2650 2596 quidpiam‘operemur,
2677 2522 2981 2594 impostori
3010 2521 3205 2576 locum
3231 2522 3464 2588 damus,
3490 2519 3647 2574 unde

1989 2629 2097 2667 nos
2128 2612 2366 2667 assidue
2397 2612 2722 2677 adoriatur,
2757 2627 2825 2665 ex
2865 2611 3036 2666 nobis
3077 2609 3227 2680 ipsis
3257 2609 3410 2664 vires
3439 2609 3647 2664 adver-

1989 2717 2091 2756 sus
2123 2716 2227 2755 nos
2260 2699 2573 2772 colligens;
2607 2715 2795 2770 neque
2840 2698 3021 2766 enim,
3055 2715 3169 2753 non
3207 2696 3505 2769 persuasis
3537 2712 3646 2752 no-

1989 2789 2100 2859 bis,
2131 2791 2343 2861 poterit
2364 2788 2668 2861 quidpiam
2701 2787 2982 2843 adversus
3005 2803 3134 2854 nos,
3159 2785 3641 2858 quandoquidem

1984 2879 2045 2934 in
2081 2882 2350 2950 promptu
2385 2878 2552 2933 adest
2601 2877 2772 2932 nobis
2805 2875 3090 2932 auxilium
3136 2875 3260 2942 Dei,
3293 2891 3399 2932 nos
3431 2874 3646 2930 suﬂ‘ul-

1987 2965 2170 3032 ciens,
2205 2965 2290 3020 uti
2321 2965 2631 3037 sequentia
2663 2965 2987 3020 declarant.

2057 3055 2120 3108 Et
2149 3070 2385 3109 manum
2419 3055 2722 3123 benignam
2748 3058 3056 3125 porrigere.
3088 3053 3336 3108 Advorte
3377 3048 3640 3106 inetl'abi-

1988 3142 2102 3198 lem
2135 3144 2368 3199 Domini
2402 3143 2892 3199 misericordiam.

2059 3235 2222 3289 Manu
2244 3234 2367 3304 jam
2397 3236 2640 3289 extenta.
2678 3233 2854 3288 Manu
2889 3247 3100 3304 nempe
3131 3230 3328 3302 Carpi.

2061 3414 2141 3467 Ne
2182 3409 2306 3466 alii.
2359 3409 2590 3466 Scilicet
2647 3410 3078 3483 cruciﬁgentes,
3133 3408 3418 3464 Dominus
3461 3408 3646 3479 Carpo

1993 3497 2095 3553 ait.

2063 3589 2341 3643 Bonorum
2379 3597 2430 3643 el
2467 3588 3048 3643 clementissimorum.
3079 3585 3227 3641 Nota
3255 3585 3411 3656 quod
3464 3585 3640 3640 etiam

1990 3673 2118 3746 ipse
2150 3678 2431 3732 Dominus
2462 3677 2646 3731 bonos
2677 3681 2732 3730 et
2763 3675 3050 3746 benignos
3077 3678 3243 3731 vocet
3271 3672 3531 3744 angelos.

2491 3853 2562 3908 IN
2605 3852 3011 3908 EPISTOLAM
3050 3851 3140 3907 IX.

2065 3982 2092 4048 §
2122 3981 2164 4036 Ι.
2199 3978 2301 4034 Hic
2334 3977 2432 4034 ille
2484 3979 2542 4032 S.
2577 3977 2744 4033 Titus
2791 3976 3053 4049 Apostoli
3104 3973 3436 4042 familiaris,
3469 3987 3646 4044 quem

1995 4074 2052 4124 et
2076 4069 2255 4124 Creta:
2288 4067 2542 4139 praefecit
2572 4066 2942 4139 episcOpum;
2978 4070 3042 4120 ut
3063 4063 3326 4137 Epistola
3348 4080 3381 4119 a
3402 4067 3466 4118 D.
3493 4062 3647 4118 ευ

1998 4158 2177 4214 Paulo
2209 4158 2281 4213 ad
2310 4156 2508 4229 ipsum
2539 4156 2736 4211 Titum
2769 4155 2993 4227 scripta
3022 4153 3301 4210 declarat.

2069 4337 2171 4392 Sed
2201 4337 2262 4391 in
2293 4335 2626 4406 Symbolica.
2655 4333 2803 4400 Quid
2836 4333 3132 4390 contineat
3161 4331 3479 4404 Symbolz'ca
3508 4328 3653 4385 theo-

2000 4427 2153 4499 loyia
2186 4425 2384 4496 magni
2418 4423 2702 4495 Dionysii.

2069 4513 2422 4586 Imprimunt.
2457 4509 2914 4585 Ἀπομόρξασθαι,
2947 4510 3101 4565 idem
3149 4513 3239 4564 est
3269 4508 3424 4579 quod
3457 4503 3651 4558 ἐναπο-

235 4596 637 4669 απομάξασθαι,
669 4594 757 4648 καὶ
799 4587 1060 4664 ἐμϐαλεῖν
1090 4612 1140 4644 τι
1171 4590 1246 4652 εἰς
1273 4593 1372 4659 τὴν
1402 4590 1593 4644 ἑαυτοῦ
1624 4586 1886 4656 διάνοιαν,
1917 4584 1937 4648 ]

2056 4584 2258 4672 ἱξασθαι
2291 4599 2380 4654 καὶ
2413 4584 2696 4672 ἐμϐαλεῖν,
2730 4601 2786 4654 id
2819 4604 2906 4654 est
2960 4599 3239 4654 instillare
3269 4600 3323 4652 et
3353 4593 3654 4651 immittere

237 4686 300 4742 ἐκ
335 4689 642 4762 μεταφορᾶς
670 4686 778 4736 τῶν
804 4679 1126 4758 ζωγράφων,
1160 4677 1231 4733 o'i.
1264 4677 1632 4754 προσέχοντες
1662 4681 1731 4750 τῇ
1760 4676 1893 4747 ἀλη-

239 4773 381 4845 θείᾳ,
415 4771 680 4848 γράφουσι
711 4771 804 4830 τὰς
837 4768 1065 4830 εἰκόνας.
1099 4770 1210 4836 Τῆς
1251 4764 1567 4842 ἀπορρήτου
1611 4764 1668 4820 δὲ
1700 4766 1889 4842 σοφίας

235 4863 473 4935 πατέρας
496 4859 623 4922 τοὺς
655 4860 940 4936 προφήτας
968 4856 1148 4934 φησίν.

310 4950 469 5006 Οὕτω
539 4949 640 5024 γὰρ
707 4947 768 5002 ἂν
839 4947 1101 5018 θεώμενοι
1156 4943 1500 5022 σεφθείημεν.
1560 4943 1891 5020 Σεφθείημεν

232 5041 359 5097 ἀντὶ
407 5043 504 5094 τοῦ
556 5037 606 5093 ἐν
654 5031 912 5108 σεϐασμῷ
942 5033 1328 5106 ποιησοίμεθα,
1385 5034 1737 5106 τιμήσοιμεν,
1768 5034 1894 5086 θαυ-

238 5132 536 5204 μάσοιμεν,
624 5123 1050 5200 ἐκπλαγείημεν.
1143 5122 1456 5196 Σημείωσαι
1535 5119 1590 5176 δὶ
1661 5121 1749 5176 ἐπὶ
1799 5128 1899 5189 τῆς

237 5220 406 5295 ἁγίας
449 5217 540 5272 καὶ
589 5220 972 5290 προσκυνητῆς
1003 5209 1230 5287 Τριάδος
1275 5211 1356 5265 τό·
1418 5213 1612 5284 Πηγῆν
1643 5216 1786 5280 ζωῆς
1822 5209 1899 5271 εἷς

237 5307 443 5374 ἑαυτὴν
505 5304 804 5381 χεομένην,
871 5303 962 5357 καὶ
1027 5300 1108 5361 ἐφ’
1184 5302 1378 5369 ἑαυτῆς
1445 5301 1716 5355 ἑστῶσαν·
1788 5296 1897 5352 δεί-

235 5417 430 5454 κνυται
479 5395 580 5469 γὰρ
625 5393 858 5449 ἐντεῦθεν
891 5390 980 5445 καὶ
1009 5391 1073 5444 τὸ
1128 5389 1440 5461 ὁμοούσιον,
1489 5389 1578 5443 καὶ
1613 5387 1694 5444 ὅτι
1727 5389 1760 5456 ἡ
1799 5409 1896 5460 μο-

236 5487 341 5546 νὰς
386 5483 463 5546 εἰς
514 5479 722 5557 Τριάδα
795 5476 1153 5554 προελθοῦσα,
1205 5476 1399 5552 μέχρις
1447 5477 1614 5544 αὐτῆς
1659 5475 1895 5530 ἵσταται.

236 5581 410 5642 Οὕτω
457 5581 547 5636 καὶ
591 5581 620 5636 6
659 5577 924 5654 θεολόγος
976 5575 1274 5653 Γρηγόριος
1302 5573 1356 5630 ἐν
1388 5578 1468 5646 τῷ
1506 5575 1709 5650 πρώτῳ
1771 5575 1895 5649 Περὶ

237 5673 385 5731 ι·ιοῦ
439 5668 590 5748 λόγῳ
635 5667 791 5750 φησὶ,
837 5665 927 5722 καὶ
977 5664 1029 5721 ἐν
1057 5669 1136 5738 τῷ
1181 5661 1413 5741 δευτέρῳ
1448 5662 1746 5740 Εἰρηνικῷ.
1795 5669 1900 5735 Ση-

2002 4691 2222 4763 aliquid
2256 4689 2437 4744 menti
2460 4705 2601 4759 ευω,
2627 4688 2971 4760 metaphora
3003 4703 3033 4742 ε
3067 4685 3386 4758 pictoribus
3407 4681 3656 4737 deducta

2004 4781 2126 4852 qui,
2160 4779 2531 4835 attendentes
2559 4777 2808 4843 veritati,
2843 4775 3165 4847 depingunt
3208 4772 3518 4844 imagines.
3551 4774 3656 4825 Ar-

2005 4885 2160 4923 cana:
2193 4871 2390 4922 autem
2422 4865 2722 4937 sapientiae
2757 4870 2948 4935 patres
2980 4869 3146 4918 vocat
3177 4861 3514 4934 prophetas.

2079 4958 2213 5025 Quae
2243 4957 2390 5010 enim
2433 4958 2493 5009 in
2534 4955 2654 5024 ipsa
2699 4954 3058 5008 extrinsecus.
3082 4949 3518 5012 Venerabimur,
3554 4960 3658 5019 pro

2009 5046 2065 5100 in
2109 5044 2482 5099 veneratione
2527 5042 2897 5109 habebimus,
2930 5041 3376 5108 honorabimus,
3407 5035 3661 5092 admira-

2008 5133 2226 5200 himur,
2278 5134 2783 5202 obstupescemus.
2821 5129 2967 5186 Nota
3015 5134 3234 5196 autem,
3269 5130 3340 5184 de
3374 5129 3577 5183 sancta
3605 5127 3665 5179 et

2009 5222 2308 5277 adoranda
2337 5221 2621 5275 Trinitate
2663 5218 2776 5272 dici
2805 5237 2816 5273 :
2849 5220 2983 5275 νίισυ
3009 5222 3236 5290 fontem,
3269 5219 3330 5272 in
3376 5232 3432 5272 se
3480 5215 3663 5284 ipsum

2009 5312 2263 5382 effusum,
2296 5314 2347 5365 et
2381 5312 2437 5363 in.
2469 5309 2646 5378 seipso
2677 5305 3101 5363 consistentem:
3135 5308 3272 5362 hinc
3297 5305 3450 5361 enim
3485 5300 3665 5357 etiam

2009 5396 2599 5453 consubstantialitas
2631 5396 3093 5463 demonstratur,
3117 5403 3174 5452 et
3198 5395 3350 5468 quod
3380 5391 3575 5448 unitas
3605 5387 3666 5443 in

2007 5487 2356 5542 Trinitatem
2390 5484 2772 5556 progrediens
2828 5485 2897 5539 ad
2944 5484 3132 5556 ipsam
3167 5500 3356 5556 usque
3387 5481 3666 5545 sistatur;

2011 5575 2094 5632 uti
2127 5573 2446 5647 Gregorius
2483 5588 2713 5645 quoque
2743 5573 3074 5649 Theologus
3106 5574 3287 5631 tradit
3313 5573 3372 5629 in
3405 5567 3670 5628 oratione

2011 5667 2205 5739 prima
2235 5664 2307 5720 de
2336 5661 2500 5730 Filio,
2530 5666 2588 5719 st
2607 5661 2668 5720 in
2701 5664 2963 5721 secunda
2983 5664 3055 5721 de
3084 5669 3254 5722 Pace.
3283 5662 3437 5720 Nota
3465 5660 3664 5717 autem
