3972 6214
393 325 501 379 559

1215 321 1580 374 APPENDIX
1616 321 1713 372 AD
1749 318 1992 372 OPERA
2024 318 2085 369 Β.
2124 315 2445 370 DIONYBII
2483 315 2986 371 ABEOPAGITE.
3643 319 3730 376 560

394 449 540 503 illud
578 465 590 502 :
632 448 705 502 Ac
759 461 974 517 semper
1028 460 1083 500 se
1133 459 1230 515 per
1275 444 1514 516 seipsam
1559 441 2037 512 contemplantem,

2173 437 2385 490 ιείωσαι
2419 433 2475 490 δὲ
2503 435 2586 493 τό.
2617 437 2728 493 Ἃεὶ
2759 433 2827 490 δι’
2851 436 3043 506 ἑαυτῆς
3072 435 3261 504 ἑαυτὴν
3311 437 3580 511 θεωμινηψ
3629 444 3725 518 περὶ

396 539 571 594 etiam
605 538 674 591 de
706 539 911 590 sancta
939 532 1223 588 Trinitate
1255 531 1496 586 dictum.

471 628 596 694 Quae
625 623 777 679 enim
807 626 865 677 in
888 625 1006 693 ipsa
1025 620 1388 677 extrinsecus.
1413 620 1476 673 In
1501 619 1632 690 ipsa
1652 633 1861 688 nempe
1891 632 2044 687 sym-

396 715 588 769 bolica
621 714 868 767 ﬁctione.
894 712 1154 766 Positum
1188 713 1382 764 autem
1408 708 1501 762 hic
1523 707 1698 762 etiam
1721 712 1810 762 est
1839 702 2042 772 ὁπόσης

397 819 504 875 pro
534 799 752 867 πολλῆς
785 817 796 854 :
831 799 977 854 illud
1009 799 1167 853 enim
1210 799 1552 853 extrinsecus
1601 797 1722 851 sive
1751 794 1920 850 obvio
1951 793 2042 847 di-

399 891 606 946 ctionis
636 906 810 944 sensu
846 887 1233 958 signiﬁcatur.

475 981 695 1036 Uterum
751 976 851 1030 Dei
904 973 1286 1046 corporaliter.
1347 973 1587 1028 Uterum
1645 972 1744 1027 Dei
1808 974 2045 1043 propter

396 1068 541 1122 illud
596 1084 606 1119 :
665 1068 755 1119 Ea:
811 1073 965 1119 utero
1023 1072 1154 1118 ante
1200 1063 1519 1131 Luciferum
1541 1061 1642 1133 (ιι).
1674 1061 1932 1116 Verbum
1982 1060 2043 1115 in

399 1172 615 1221 aerem,
650 1158 885 1225 propter
915 1152 1060 1206 illud
1097 1168 1110 1208 :
1143 1151 1424 1206 Eructavit
1450 1166 1542 1205 cor
1588 1165 1770 1205 meum
1813 1150 2043 1204 verbum

400 1246 596 1300 bonum
620 1245 715 1313 (υ).
763 1241 1046 1310 Spiritum
1096 1241 1510 1311 exspirantem,
1560 1243 1797 1310 propter
1842 1236 2041 1293 illud:

395 1336 462 1388 Et
483 1332 686 1403 spiritu
713 1333 830 1385 oris
873 1330 1115 1400 eius(x).
1148 1329 1323 1383 Sinus
1369 1345 1528 1396 vero,
1561 1332 1798 1398 propter
1844 1325 1990 1380 illud
2027 1340 2040 1378 :

401 1420 722 1492 Unigenilus
769 1420 864 1490 qui
907 1422 984 1474 est
1031 1420 1089 1473 in
1138 1419 1267 1473 sinu
1318 1416 1504 1472 Patris
1537 1417 1638 1487 (ν).
1688 1415 1750 1470 In
1801 1415 2043 1469 modum

394 1528 529 1566 vero
562 1526 664 1564 seu
718 1508 966 1562 formam
1017 1507 1239 1578 stirpis,
1276 1509 1511 1577 propter
1558 1504 1702 1559 illud
1745 1520 1758 1557 :
1805 1505 2046 1572 Lignum

396 1599 525 1654 vitae
557 1598 663 1668 (1,);
712 1602 766 1650 et
797 1595 940 1650 illud
993 1612 1006 1650 ε
1061 1597 1133 1649 De
1179 1595 1437 1666 virgulto,
1488 1594 1597 1650 Fili
1641 1594 1741 1661 mi,
1789 1591 2045 1648 ascendi-

399 1689 472 1742 sti
501 1687 607 1757 (a);
659 1688 716 1740 et
763 1684 908 1738 illud
944 1701 958 1741 :
992 1684 1233 1739 Florebit
1281 1689 1332 1740 et
1378 1684 1712 1754 germinabit
1758 1681 1916 1738 Jacob
1944 1681 2044 1752 (ὁ),

400 1793 502 1847 pro
551 1773 780 1829 Christo
829 1779 1158 1843 acceptum,
1201 1773 1372 1843 cujus
1419 1772 1646 1826 fructus
1697 1770 1884 1825 salute
1932 1769 2045 1823 im-

399 1864 583 1935 plevit
633 1867 874 1930 terram,
925 1865 983 1916 et
1031 1861 1269 1916 similia.
1323 1861 1470 1915 Nota
1518 1860 1720 1930 igitur,
1755 1858 2047 1930 quomodo

403 1954 474 2007 de
508 1953 622 2007 Deo
656 1950 850 2005 dictus
885 1949 961 2004 sit
994 1954 1216 2016 uterus,
1251 1954 1308 2005 et
1353 1948 1634 2004 eructatio
1664 1947 1848 2015 verbi,
1878 1951 1936 2001 et
1969 1945 2048 2000 si-

405 2040 592 2095 milia.

476 2130 583 2184 Aut
612 2131 787 2199 fontes
818 2143 1112 2199 aquarum.
1137 2127 1347 2181 Fontes
1371 2141 1658 2196 aquarum
1685 2125 1854 2194 juxta
1874 2121 2050 2177 illud:

406 2217 563 2288 Apud
592 2220 643 2272 te
670 2225 751 2272 est
777 2220 902 2282 fons
930 2219 1058 2272 vitae
1079 2215 1178 2288 (c);
1211 2218 1268 2269 et
1309 2213 1456 2269 illud
1485 2230 1496 2268 :
1539 2214 1615 2269 Me
1645 2209 2056 2284 dereliquerunt

407 2309 618 2378 fontem
649 2323 804 2376 aquae
841 2306 1068 2361 viventis
1099 2304 1208 2375 (d);
1242 2309 1299 2359 et
1328 2319 1693 2374 quacunque
1723 2305 1864 2357 sunt
1891 2301 2056 2357 simi-

407 2395 506 2450 lia.
540 2395 891 2466 Splendores
940 2411 1070 2448 vero
1123 2398 1361 2464 propter
1406 2391 1598 2447 illud:
1647 2393 1762 2460 Qui
1810 2407 1936 2446 cum
1985 2390 2058 2445 sit

406 2484 663 2555 splendor
708 2483 905 2553 gloriae
935 2483 1037 2554 (e);
1069 2484 1166 2537 et:
1204 2483 1460 2546 Domine,
1506 2481 1570 2534 in
1614 2481 1823 2535 lumine
1875 2480 2060 2534 vultus

407 2574 495 2626 tui
523 2571 912 2637 ambulabunt,
944 2573 1006 2625 in
1049 2570 1260 2624 lumine
1285 2580 1380 2624 tuo
1409 2568 1712 2624 videbimus
1759 2569 1948 2623 lumen
1970 2569 2059 2639 (Ῑ),

413 2664 471 2716 et
501 2661 594 2716 his
626 2660 865 2715 similia.

481 2750 555 2803 De
584 2749 999 2804 intellectilibus
1041 2757 1246 2803 autem.
1281 2746 1416 2810 Quae
1458 2745 1697 2817 quidem
1749 2744 2059 2817 providen-

413 2838 524 2892 tias
556 2837 888 2908 designant,
910 2838 1082 2907 juxta
1112 2835 1256 2890 illud
1290 2851 1302 2889 :
1350 2835 1504 2890 323
1537 2834 1687 2888 Sicut
1719 2835 1905 2904 aquila
1935 2849 2062 2904 pro-

408 2929 548 2995 teget
577 2925 770 2979 nidum
799 2942 960 2980 suum
982 2925 1079 2996 (g),
1102 2929 1235 2990 etc.,
1260 2922 1498 2978 ibidem.
1524 2923 1682 2978 Bona
1714 2922 2064 2993 item,juxta

411 3012 560 3067 illud
596 3031 607 3067 :
645 3016 843 3084 Aperis
871 3016 932 3067 tu
965 3029 1190 3067 manum
1219 3011 1508 3083 luam(h);
1533 3016 1590 3066 et
1620 3010 1762 3066 illud
1793 3028 1805 3065 :
1837 3011 1942 3079 Qui
1968 3009 2064 3065 dat

409 3119 590 3157 escam
612 3103 766 3156 omni
794 3101 954 3155 carni
977 3101 1064 3172 (i),
1094 3104 1152 3156 et
1182 3099 1557 3168 providentiae
1605 3099 1714 3155 hoc
1757 3099 1942 3170 magis
1974 3102 2063 3155 est

2149 529 2250 592 τῆς
2283 525 2439 598 ἀγιας
2473 521 2530 577 δὲ
2560 521 2796 597 Τριάδος
2823 523 2912 577 καὶ
2941 522 3103 577 τοῦτό
3135 543 3284 600 φησι.

2219 612 2295 666 Τὰ
2322 611 2422 687 γάρ
2454 610 2603 674 ἐκτὸς
2629 611 2817 682 αὐτῆς.
2851 614 2964 680 Τῆς
2991 611 3180 680 αὐτῆς,
3224 608 3467 682 δηλονότι
3516 609 3733 686 συμϐολι-

2150 703 2253 765 κῆς
2283 700 2555 763 πλάσεως.
2617 705 2798 755 Κεῖται
2848 697 2903 754 δὲ
2952 701 3043 754 xui
3099 699 3318 755 ἐνταῦθα
3360 701 3418 754 τὸ
3449 701 3534 774 μὲν
3563 703 3732 774 ὁπόσης

2151 789 2268 844 ἀντὶ
2298 793 2393 843 τοῦ
2423 788 2665 855 πολλῆςο
2691 789 2759 844 τὸ
2791 786 2848 843 δὲ
2866 790 2932 842 τὰ
2962 788 3136 858 ἐκτὸς,
3177 787 3299 858 ἤτοι
3344 790 3407 844 τά
3444 792 3730 867 προχείρως,

2151 877 2211 933 ἐκ
2237 881 2336 947 τῆς
2368 877 2564 951 λέξεως
2598 879 3054 955 ὑπαγορευόμενα.

2223 969 2458 1044 Γαστέρα
2521 973 2653 1023 Θεοῦ
2727 971 3095 1040 σωματικῶς.
3175 966 3404 1043 Γαστὲρα
3486 973 3604 1024 Θεοῦ
3671 967 3740 1026 διὰ

2152 1057 2234 1112 τόο
2289 1057 2382 1110 ’Ex
2451 1057 2672 1131 γαπρές
2717 1057 2823 1130 πρὸ
2876 1055 3213 1133 Ἑωσφόρου.
3276 1058 3445 1132 Λόγον
3502 1056 3571 1118 είς
3618 1058 3736 1130 ἀέρα,

2155 1143 2243 1201 διὰ
2310 1146 2394 1201 τό’
2463 1146 2815 1220 Ἐξηρεόξατο
2880 1148 2915 1215 ἡ
2967 1142 3162 1220 καρδία
3212 1167 3316 1218 μου
3364 1145 3516 1219 λόγον
3560 1147 3738 1221 ἀγαθόν.

2154 1240 2372 1308 Πνεῦμα
2413 1235 2794 1308 ἐκπνεόμενον,
2845 1231 2934 1289 διὰ
2979 1229 3063 1290 τό·
3109 1236 3202 1289 Καὶ
3253 1239 3334 1308 τῷ
3380 1235 3619 1308 πνεύματι
3667 1241 3740 1290 τοῦ

2154 1326 2421 1397 στόματος
2465 1323 2629 1378 αὐτοῦ
2665 1368 2677 1380 .
2720 1322 2976 1386 Κόλπους
3032 1321 3128 1391 δὲ,
3180 1320 3269 1377 διὰ
3325 1321 3423 1378 τό·
3475 1325 3734 1398 Μονογενὴς

2154 1415 2181 1467 ὁ
2241 1413 2314 1468 ὥν
2374 1413 2450 1475 εἷς
2507 1413 2598 1466 τὸν
2654 1411 2861 1467 κόλπον
2922 1415 3018 1466 τοῦ
3072 1411 3278 1488 Πατρός
3313 1455 3325 1469 .
3397 1412 3611 1473 Φυτικὸς
3657 1409 3738 1495 δὲ¹

2153 1500 2326 1576 ἤγουν
2381 1499 2514 1555 κατά
2564 1501 2663 1570 τὴν
2720 1504 2828 1554 τῶν
2887 1503 3067 1574 φυτῶν
3120 1496 3289 1569 ἰδέαν,
3349 1496 3434 1554 διὰ
3473 1500 3549 1554 τό’
3588 1497 3738 1554 Ξόλον

2157 1593 2302 1658 ζωῆς
2360 1587 2470 1644 ἐστι
2505 1608 2519 1622 ⁸
2580 1588 2669 1643 καὶ
2727 1589 2811 1642 τό·
2865 1589 2958 1642 Ἐκ
3020 1587 3258 1662 βλαστοῦ
3292 1631 3307 1657 ,
3362 1585 3446 1642 Tit
3505 1608 3596 1659 μου
3644 1586 3746 1642 ἀνά-

2155 1673 2280 1748 6ης’
2338 1679 2426 1732 καὶ
2477 1677 2560 1732 τό’
2622 1679 2871 1748 Ἀνθήσει
2919 1677 3009 1731 καὶ
3043 1671 3398 1747 ἐκϐλαστήσει
3451 1670 3640 1744 Ἰακὼϐ,
3672 1675 3738 1728 ἐπὶ

2155 1770 2394 1841 Χριστοῦ
2444 1765 2671 1844 ληφθὲν,
2732 1767 2793 1820 οὗ
2849 1766 2876 1820 ὁ
2935 1766 3139 1840 καρπὸς
3165 1772 3268 1835 τῆς
3325 1764 3578 1840 σωτηρίας
3605 1762 3744 1831 ἐπλέ-

2161 1875 2300 1931 ρωσε
2347 1856 2446 1923 τὴν
2497 1861 2621 1929 γῆν,
2667 1853 2845 1909 καὶτά
2884 1855 3070 1927 ὅμοια.
3132 1853 3448 1927 Σημείωσαι
3503 1852 3605 1918 οὗν,
3652 1855 3745 1912 πῶς

2160 1939 2370 2020 εἷ’ρηται
2429 1943 2516 1998 ἐπὶ
2575 1947 2709 1998 Θεοῦ
2767 1943 3000 2018 γαστὴρ,
3056 1942 3147 1996 καὶ
3179 1943 3344 2018 ἀρυγὴ
3385 1944 3477 1997 τοῦ
3505 1937 3654 1996 λόλου
3676 1937 3746 1992 καὶ

2160 2034 2227 2088 τὰ
2255 2036 2499 2089 τοιαῦτα.

2235 2123 2302 2176 ’Ἢ
2354 2121 2531 2198 πηγὰς
2582 2119 2812 2176 ὑδάτων.
2864 2119 3052 2196 Πηγὰς
3086 2118 3300 2175 ὑδάτων
3353 2118 3483 2175 κατά
3506 2116 3581 2174 τό·
3634 2117 3756 2190 [lupi

2167 2232 2250 2265 σοι
2300 2212 2450 2285 πηγὴ
2501 2216 2673 2280 ζωῆς·
2733 2209 2823 2264 καὶ
2881 2210 2962 2264 τό·
3027 2210 3160 2282 Ἐμὲ
3212 2207 3552 2285 ἰγκατίλιπον
3607 2206 3753 2281 πηγὴν

2171 2304 2315 2370 ζωῆς
2375 2297 2568 2363 ὕδατος
2626 2303 2848 2368 ζῶντος,
2902 2297 2991 2352 xui
3042 2297 3140 2352 ὅσα
3217 2302 3459 2354 τοιαῦτα.
3532 2291 3758 2369 Ἀπαυγά-

2169 2410 2347 2462 σματα
2399 2386 2479 2458 δὲ,
2538 2385 2628 2443 διὰ
2683 2388 2766 2443 τό⁸
2817 2391 2911 2449 "Oc
2963 2386 3036 2442 ὣν
3082 2386 3419 2462 ἀπαύγασμα
3469 2391 3560 2454 τῆς
3611 2381 3756 2453 δόξης

2168 2477 2278 2532 καί·
2340 2476 2531 2551 Κύριε,
2587 2475 2638 2532 ἐν
2693 2481 2773 2549 τῷ
2831 2477 2969 2553 φωτῖ
3019 2480 3116 2530 τοῦ
3172 2476 3464 2550 προσώπον
3495 2495 3580 2528 σου
3606 2471 3761 2547 πορεύ-

2172 2587 2377 2638 σονται,
2425 2566 2516 2620 xui
2559 2564 2609 2620 ἐν
2641 2566 2722 2638 τῷ
2753 2566 2891 2643 φωτὶ
2933 2563 3179 2639 ὀψόμεθα
3209 2570 3348 2643 φῶς,
3390 2563 3476 2619 xui
3520 2563 3579 2618 τὰ
3625 2581 3759 2637 παρα-

2171 2651 2402 2724 πλήσια.

2243 2745 2363 2798 Ἐπὶ
2415 2740 2472 2798 δὲ
2520 2747 2627 2798 τῶν
2684 2747 2918 2812 νοητῶν.
2978 2741 3313 2815 Δηλωτικά,
3369 2745 3473 2796 τῶν
3530 2742 3614 2814 μὲν
3655 2759 3762 2813 προ-

2172 2838 2354 2904 νοιῶν,
2411 2832 2494 2887 τό⁶
2552 2833 2641 2894 Ὦς
2695 2832 2848 2893 ἀετὸς
2906 2830 3288 2898 σκεπάσειτὴν
3348 2829 3550 2885 νοσσιὰν
3591 2829 3757 2890 ἑαυτοῦ,

2171 2921 2260 2976 καὶ
2288 2921 2354 2975 τὰ
2386 2919 2475 2975 σὺν
2511 2921 2678 2991 αὐτῷ.
2703 2919 2780 2976 Τὸ
2804 2917 3020 2995 δωρεῶν
3043 2916 3302 2991 δέ,ὠςτό’
3337 2916 3584 2993 Ἀνοίγεις
3609 2915 3659 2970 σὺ
3683 2914 3758 2981 τὴν

2174 3010 2333 3086 χεῖρά
2361 3031 2479 3081 σου,
2529 3010 2616 3065 καὶ
2665 3010 2748 3063 τό·
2810 3009 2870 3065 Ὁ
2931 3005 3113 3071 διδοὺς
3166 3009 3382 3083 τροφὴν
3441 3007 3572 3079 πάσῃ
3620 3001 3756 3077 σαρκί·

2175 3097 2386 3172 μᾶλλον
2467 3095 2525 3152 δὲ
2591 3098 2680 3152 xui
2734 3100 2896 3151 τοῦτο
2967 3101 3068 3166 τῆς
3125 3095 3389 3170 προνοίας
3441 3091 3760 3170 γνωριστικόν.

411 3190 718 3246 indicium.
747 3190 814 3244 Et
838 3189 1226 3254 ostensiones,
1252 3193 1315 3243 ut
1344 3205 1478 3244 cum
1501 3188 1560 3244 in
1584 3189 1774 3261 figura
1803 3188 2047 3243 hominis

2174 3187 2512 3263 Ἐκφάνσεων
2542 3182 2619 3252 δὲ,
2671 3183 2761 3238 διὰ
2797 3185 2859 3238 τὸ
2890 3181 2940 3237 ἐν
3003 3185 3249 3258 σχήματι
3305 3184 3580 3260 ἀνθρώπου
3630 3179 3762 3256 ὀφθῆ-

412 3279 733 3351 apparebat
749 3278 974 3334 Veteris
991 3277 1349 3333 Testamenti
1368 3276 1702 3349 sanctis(k),
1717 3281 1772 3332 et
1793 3277 1850 3331 in
1871 3277 2062 3348 specie

412 3368 719 3434 columbas,
748 3368 1001 3438 Spiritus
1033 3370 1295 3423 sanctus.
1322 3368 1400 3422 Ad
1453 3365 1879 3437 providentiam
1911 3382 2063 3436 quo-

412 3473 525 3528 que
556 3456 807 3528 pertinet
842 3456 1066 3528 punitio
1117 3455 1436 3528 impiorum
1467 3473 1479 3510 :
1510 3455 1733 3510 dictum
1786 3470 1998 3526 nempe
2031 3472 2065 3510 a

410 3547 700 3618 prOpbeta
734 3562 746 3599 :
783 3547 935 3600 Sicut
965 3562 1098 3602 ursa
1138 3545 1414 3616 indigens,
1443 3551 1496 3601 et
1526 3547 1667 3600 sicut
1696 3543 1947 3614 pardalis
1977 3544 2059 3616 (l).

408 3635 709 3691 Potentius
741 3640 938 3690 autem
983 3638 1399 3706 repraesentant
1429 3633 1603 3701 oculi,
1637 3637 1693 3689 et
1723 3638 2062 3689 ceterarum

410 3724 665 3796 partium
689 3741 1102 3796 corporearum
1125 3723 1650 3780 denominationes.
1677 3723 2064 3792 Proprietates

411 3830 568 3879 vero,
605 3819 669 3867 ut
700 3815 854 3884 apud
888 3817 1087 3882 Amos,
1118 3814 1375 3868 Adamas
1401 3812 1522 3884 (ιη),
1546 3812 1826 3883 quoniam
1858 3811 2064 3866 divinae

414 3905 637 3956 naturae
664 3902 964 3972 pr0prium
993 3907 1083 3956 est
1107 3919 1220 3956 non
1247 3917 1419 3972 posse
1447 3900 1795 3971 pati,neque
1817 3898 2062 3954 domari.

415 3989 855 4052 Quemadmodu
869 4007 921 4044 m
938 3990 1112 4045 etiam
1129 3991 1392 4060 quiavim
1417 3989 1588 4044 habet
1606 4005 1813 4060 pravos
1828 3988 2065 4044 habitus

415 4079 801 4130 consumendi
823 4077 1068 4132 dicitur:
1093 4079 1231 4131 Deus
1249 4082 1436 4132 noster
1459 4079 1600 4147 ignis
1619 4093 1939 4133 consumens
1958 4076 2063 4148 (η).

416 4162 635 4217 Caetera
658 4167 877 4229 autem,
902 4181 1029 4234 quae
1053 4166 1212 4220 dicta
1253 4170 1414 4234 sunt,
1439 4166 1718 4220 studiosis
1749 4166 2066 4220 lectoribus

419 4251 734 4306 manifesta
759 4253 1069 4317 exsistunt,
1095 4253 1188 4308 bis
1220 4254 1396 4308 etiam
1427 4253 1744 4325 anagogica
1765 4258 1822 4308 et
1853 4253 2066 4325 allego—

415 4340 536 4396 rica
557 4341 972 4412 contemplatio
1007 4341 1251 4396 minime
1273 4341 1562 4396 dissentit.
1583 4342 1732 4404 Quin
1764 4341 1941 4396 etiam
1973 4358 2066 4396 ac-

413 4429 604 4500 cipere
637 4429 807 4484 liceat
837 4436 1027 4484 sortes
1049 4434 1106 4484 et
1126 4429 1464 4484 mansiones
1488 4446 1592 4500 pro
1615 4430 1821 4484 divinae
1847 4435 2067 4485 natura)

413 4518 898 4574 immutabilitate
939 4525 1115 4590 atque
1146 4519 1496 4584 constantia,
1531 4534 1658 4588 quae
1705 4535 1808 4590 per
1856 4520 2066 4574 funda-

415 4605 699 4663 mentales
733 4606 956 4677 lapides
993 4607 1349 4662 insinuatur.
1384 4607 1791 4662 Emanationes
1823 4624 1954 4662 vero
1988 4614 2072 4664 at-

416 4711 530 4767 que
571 4697 948 4766 secretiones,
983 4695 1184 4750 dicunt
1234 4696 1826 4751 communicationem
1858 4697 2068 4752 divinas

415 4783 696 4839 bonitatis
756 4784 869 4855 ipsi
927 4783 1275 4840 naturaliter
1331 4784 1761 4854 inexsistentis;
1821 4786 2069 4857 exempli

421 4874 614 4944 gratia
644 4890 746 4944 per
778 4873 886 4928 lilii
921 4873 1328 4944 fragrantiam,
1353 4874 1510 4927 unde
1534 4877 1707 4928 etiam
1728 4873 1942 4929 dicitur
1970 4877 2070 4944 ﬂos

416 4963 614 5031 campi,
641 4967 698 5017 et
721 4961 904 5017 lilium
925 4962 1377 5034 convallium(o).
1407 4964 1491 5016 Ita
1512 4962 1686 5017 etiam
1717 4963 1964 5018 uniones
1985 4965 2070 5018 in-

416 5049 767 5122 telligendas,
793 5053 950 5122 quod
983 5052 1266 5107 nimirum
1305 5053 1452 5106 Deus
1485 5051 1650 5106 uniat
1681 5067 1880 5106 secum
1915 5069 2070 5108 crea-

415 5144 603 5209 turas,
623 5145 679 5195 et
710 5142 779 5194 ad
816 5157 876 5196 se
907 5145 1224 5205 convertat,
1255 5145 1320 5195 ut
1360 5157 1490 5195 cum
1536 5139 1753 5195 dicitur
1781 5140 1930 5212 lapis
1962 5159 2065 5196 an-

413 5227 655 5299 gularis.
687 5229 941 5285 Ornatus
969 5230 1109 5286 item
1147 5229 1485 5297 muliebres,
1507 5229 1710 5301 quales
1742 5235 1881 5286 sunt
1911 5232 2065 5303 apud

487 5405 567 5485 (u)
601 5408 747 5463 Psal.
783 5411 1012 5485 c1x,A3.‘
1052 5412 1126 5485 (υ)
1161 5411 1308 5485 Psal.
1345 5429 1497 5479 XLIV,
1532 5413 1578 5468 1.
1657 5414 1737 5485 (x)
1774 5412 1923 5470 Psal.
1957 5430 2135 5482 xxxn,
2168 5415 2222 5469 6.

2119 5414 2376 5556 (cilicii)
2400 5415 2438 5553 εἶ

526 5480 847 5556 I_sa._xxvu,
881 5482 935 5536 6.
983 5477 1070 5556 _(c)'
1098 5482 1251 5556 Psal.
1286 5501 1437 5556 xxw,
1472 5477 1558 5538 10.
1619 5477 1693 5556 ((l)
1723 5477 1842 5540 Jer.
1876 5503 1937 5554 ιι,
1973 5487 2057 5541 13.

2172 3297 2255 3330 ναι
2287 3281 2402 3337 τοῖς
2445 3274 2497 3329 ἐν
2545 3277 2614 3347 τῇ
2665 3272 2879 3342 Παλαιᾷ
2911 3272 3100 3348 ἁγίοις,
3157 3271 3248 3326 καὶ
3302 3271 3359 3328 ἦν
3407 3270 3529 3327 εἷ’δει
3567 3286 3764 3344 περιστε-

2174 3371 2292 3435 ρᾶς,
2344 3365 2408 3418 τὸ
2468 3365 2690 3435 Ηνεῦμα
2714 3362 2776 3417 τὸ
2832 3359 3002 3438 ἅγιον.
3061 3360 3332 3435 Προνοίας
3385 3359 3462 3431 δὲ,
3491 3359 3572 3415 xui
3609 3359 3657 3413 τὸ
3681 3360 3762 3408 τῶν

2174 3448 2380 3508 ἀσεϐῶν
2434 3450 2848 3527 τιμωρητικόν·
2912 3447 3122 3524 εἷ’ρηται
3164 3453 3300 3525 γοῦν
3351 3450 3495 3526 παρά
3547 3453 3616 3519 τῷ
3661 3448 3767 3520 ligo-

2175 3544 2318 3620 φήτῃ
2356 3561 2368 3574 ο
2420 3542 2508 3602 Ὠς
2567 3537 2764 3612 ἄρκτος
2817 3536 3209 3612 ἀπορουμένη,
3253 3539 3350 3593 καὶ
3409 3540 3481 3601 ὡς
3528 3532 3764 3620 πᾶρδαλιςτ

2173 3619 2292 3688 Τῶν
2355 3630 2448 3703 μὲν
2505 3629 2595 3683 οὗν
2663 3627 2941 3702 δυνάμεων
2997 3627 3348 3706 ὑπογραφικὰ
3404 3623 3659 3706 ὀφθαλμοῖ
3703 3619 3768 3676 καὶ

2174 3719 2370 3794 ἐτέρων
2428 3721 2753 3792 σωματικῶν
2812 3716 2996 3791 μελῶν
3057 3717 3338 3790 ὀνόματα.
3401 3715 3684 3786 Ἰδιοτήτων
3710 3707 3768 3778 8i,

2175 3809 2249 3870 ὡς
2298 3809 2444 3884 παρά
2496 3809 2558 3862 τὸ
2615 3808 2798 3878 Ἁμὼς
2858 3804 3106 3880 ἁδάμας’
3170 3803 3310 3862 ἴδιον
3373 3804 3475 3882 γὰρ
3528 3810 3621 3872 τῆς
3663 3798 3773 3864 θείας

2175 3896 2386 3974 φύσεως
2442 3897 2504 3952 τὸ
2556 3896 2754 3960 ἀπαθὲς
2801 3897 2890 3950 xui
2935 3893 3266 3968 ἀδάμαστον.
3319 3897 3522 3963 ’Ὠσπερ
3576 3893 3654 3947 οὖν
3703 3885 3772 3941 καὶ

2173 3987 2236 4041 τὸ
2293 3984 2628 4041 ἀναλωτικὸν
2658 3989 2766 4039 τῶν
2821 3986 3120 4060 μοχθηρῶν
3146 3981 3332 4055 ἕξεων,
3380 3986 3495 4038 καθ’
3527 3982 3555 4036 ὕ
3585 3978 3773 4054 εἴρηται·

2174 4067 2228 4129 Ὀ
2281 4075 2406 4136 Θεὸς
2455 4077 2614 4147 ἡμῶν
2662 4079 2768 4148 πῦρ
2816 4072 3228 4129 καταναλίσκον.
3289 4071 3390 4127 Kui
3423 4073 3507 4128 .τά
3551 4067 3698 4125 λοιπᾶ
3737 4061 3781 4117 δὶ

2175 4170 2282 4219 τῶν
2317 4165 2432 4239 εἶ’ρη
2446 4161 2905 4240 μενων,πρόδηλα
2935 4168 3052 4224 τοῖς
3070 4162 3414 4238 φιλοπόνοιςο
3446 4161 3531 4215 xui
3555 4162 3587 4228 ἡ
3613 4155 3779 4211 τούτων

2176 4253 2486 4328 ἀναγωγική
2517 4273 2574 4307 τε
2601 4251 2690 4306 καὶ
2723 4250 3069 4326 ἀλληγορικῆ
3095 4253 3315 4325 Θεωρία,
3351 4251 3452 4306 οὐκ
3480 4247 3780 4322 ἀσύμφωνον-

2177 4344 2330 4398 Ἕστι
2382 4339 2437 4395 δὲ
2480 4342 2568 4396 xui
2618 4336 2827 4408 λαϐεῖν,
2878 4338 3061 4411 λήξεις
3115 4341 3208 4412 μέν
3272 4341 3361 4394 καὶ
3427 4337 3607 4412 μονὰς,
3633 4333 3784 4398 τὸτῆς

2177 4431 2310 4485 θείαι
2370 4430 2577 4506 φύσεως
2637 4427 3033 4500 ἀναλλοίωτον,
3093 4431 3178 4484 xui
3251 4428 3629 4502 ἀμετάστατον,
3683 4420 3786 4491 ὅπερ

2179 4518 2268 4575 διὰ
2295 4524 2401 4574 τῶν
2436 4517 2841 4593 θεμελιωτικῶν
2892 4518 3057 4574 λίθων
3111 4517 3509 4588 ὑποδηλοῦταιο
3557 4506 3783 4588 προόδους

2183 4607 2239 4664 δὲ
2267 4609 2356 4664 xui
2380 4606 2672 4682 διακρίσεις
2699 4609 2800 4677 τὴν
2821 4611 2929 4663 τῶν
2955 4612 3197 4683 φυσικῶς
3229 4607 3378 4678 αὐτῷ
3412 4595 3782 4678 ἐνυπαρχόντων

2179 4698 2386 4774 ἀγαθῶν
2431 4695 2740 4772 μετάδοσιν,
2794 4697 2975 4771 ὥσπερ
3027 4697 3079 4752 ἐν
3130 4694 3511 4769 ὑποδείγματι,
3550 4696 3582 4762 ἡ
3639 4686 3782 4744 iit-:05

2177 4788 2362 4863 κρίνου
2390 4786 2638 4861 εὐοσμία,
2669 4789 2793 4863 παρ’
2825 4788 2853 4841 ὃ
2903 4788 2990 4842 καὶ
3019 4787 3235 4861 λέγεται
3264 4783 3429 4849 ἄνθος
3486 4788 3580 4838 τοῦ
3607 4775 3782 4840 πεδίου,

2177 4877 2360 4952 κρίνον
2412 4882 2520 4930 τῶν
2590 4873 2890 4932 κοιλάδων.
2944 4874 3128 4940 Οὕτως
3189 4873 3280 4929 οῦν
3310 4875 3537 4944 νοητὲον
3585 4868 3665 4925 vui
3713 4863 3785 4920 τὶς

2176 4965 2392 5027 ἐνώσεις
2437 4965 2500 5020 τὸ
2546 4966 2684 5039 πρὸς
2726 4965 2883 5019 αὐτὸν
2937 4963 3347 5039 ἓπιστρεπτικὸν
3400 4962 3490 5016 xui
3524 4951 3786 5039 συνδετικρν

2175 5058 2281 5109 τῶν
2335 5055 2672 5126 κτισμάτων,
2719 5050 2807 5107 διὰ
2849 5057 2947 5108 τοῦ
2989 5051 3387 5127 ἀκρογωνιαίου
3435 5050 3586 5106 λίθου
3616 5037 3784 5127 δηλοᾷ·

2180 5163 2361 5215 μενον.
2413 5143 2665 5215 Κόσμους
2697 5139 2753 5196 δὲ
2810 5124 3155 5216 γυναικείους
3202 5140 3269 5194 τὰ
3314 5139 3466 5214 παρά
3511 5140 3589 5207 τῷ
3631 5124 3787 5194 Ἦσαῇ

2174 5232 2414 5305 κείμενα,
2463 5231 2525 5286 τὸ
2559 5228 2903 5287 παντοδαπὸν
2936 5237 3034 5300 τῆς
3081 5230 3225 5292 θείας
3275 5227 3536 5304 προνοίας
3591 5215 3786 5292 ὑπογρά-

2324 5416 2376 5486 y)
2409 5415 2578 5470 Joan.
2612 5432 2653 5483 ι,
2691 5415 2803 5486 18η
2855 5414 2927 5486 (z)
2959 5417 3132 5484 Apoc.
3158 5413 3298 5486 11,777.
3327 5483 3350 5486 _
3375 5411 3450 5480 (α)
3479 5413 3588 5466 Isa.
3619 5397 3781 5486 una?»

2469 5487 2522 5541 3.
2584 5471 2653 5556 (Ii
2682 5485 2833 5541 Psal.
2858 5471 3036 5550 ‘xxxv',
3073 5486 3156 5540 10.
3209 5471 3291 5556 ’(9)
3325 5471 3509 5556 Deut;
3525 5491 3688 5556 χχχιι.

443 5542 501 5629 h")
530 5549 684 5629 feel.
719 5542 903 5629 σχειν,
944 5542 1023 5608 16.
1049 5542 1060 5552 ’
1085 5555 1151 5623 (i)
1183 5554 1333 5610 Psal.
1367 5542 1570 5627 cxxxv,
1602 5542 1690 5613 25:
1752 5557 1834 5629 (Is)
1869 5542 2010 5615 Gen.
2041 5575 2047 5613 :

2173 5542 2200 5614 ἶ.
2244 5557 2314 5629 (l)
2338 5542 2468 5614 Ose.
2502 5542 2688 5627 xni'ft,
2721 5560 2774 5613 8.
2836 5557 2935 5629 (τη)
2964 5542 3162 5613 Amos.
3196 5542 3298 5612 νῖί.
3357 5553 3442 5624 (n)
3474 5542 3783 5613 Deut.1v,24-

443 5618 494 5691 0)
525 5619 687 5676 Cant.
724 5639 785 5689 ιι,
822 5625 870 5677 1.
