3972 6214
260 394 358 452 561
1215 399 1273 452 8.
1315 398 1585 455 MAXIM!
1622 396 1931 454 SCHOLIA
1967 398 2044 450 IN
2080 397 2238 451 EPP.
2277 400 2336 452 S.
2379 398 2717 454 DIONYSII.

3574 401 3684 456 562

258 539 449 598 φοντα.
480 520 685 593 Ὥσπερ
709 517 798 571 οὖν
832 516 921 571 καὶ
966 517 1062 585 τὴν
1109 519 1340 592 χωνείαν
1391 518 1480 574 καὶ
1529 521 1591 574 τὸ
1623 530 1904 596 χωνευτή-

2063 519 2256 586 iaiam,
2283 520 2497 591 quibus
2531 522 2886 578 describitur
2916 539 3089 579 omne
3107 538 3295 594 genus
3315 524 3525 581 divinae
3549 543 3683 598 pro-

257 629 376 683 ριον
415 605 762 677 ὑποληπτέον
805 608 902 675 τὴν
955 605 1363 676 ἀναπλαστικῆν
1414 609 1696 683 πρόνοιαν,
1744 605 1780 677 ἤ
1811 609 1909 678 τήν

258 696 606 769 διακριτικήν
652 716 710 749 τε
755 697 843 749 καὶ
893 696 1220 770 καθαρτικήν
1275 694 1522 770 δύναμιν.
1573 698 1650 751 Τὰ
1691 698 1788 772 γὰρ
1814 703 1914 766 τῆς

261 785 561 850 ὁπλιτικῆς
593 782 876 852 διασκευῆς
924 782 1180 858 πρόδηλα
1223 785 1316 857 μὲν
1367 785 1488 840 ἔνθα
1527 793 1729 841 κεῖνται
1765 807 1779 820 ο
1815 783 1912 855 δη-

259 873 420 931 λοῦσι
455 871 512 928 δὲ
561 875 624 928 τὸ
671 875 1046 947 καθαιρετικὸν
1099 873 1186 928 καὶ
1244 874 1567 952 ἀφανιστιγὰ
1612 880 1720 930 τῶν
1764 873 1912 930 ἐναν-

261 963 418 1019 τίων.
455 957 801 1037 Βαρϐαρικᾶς
834 959 892 1016 δὲ
935 961 1263 1027 ὁπλοποιίας
1310 962 1442 1025 ἴσως
1485 964 1658 1018 ἐκεῖνο
1689 964 1751 1019 τό
1779 983 1791 998 ο
1827 966 1912 1021 Ἐν

255 1054 581 1126 ἱμαστισμῷ
632 1048 936 1126 διαχρύσῳ,
983 1051 1092 1109 καί.
1147 1051 1444 1126 Περίζωσαι
1492 1055 1592 1122 τήν
1641 1053 1912 1130 ῥομφαίαν

257 1162 357 1195 σου
379 1141 467 1194 ἐπὶ
488 1140 583 1194 τὸν
637 1141 812 1215 μηρόν
865 1161 982 1209 σου,
1032 1137 1241 1196 δυνατὲ.
1274 1143 1337 1197 Ἠ
1369 1141 1468 1216 γὰρ
1503 1141 1747 1219 ῥομφαία
1782 1143 1914 1217 βαρ-

259 1224 486 1304 ϐαρικόν
522 1230 662 1284 ἐστιν
689 1227 883 1300 ὅπλον,
917 1228 990 1291 ὠς
1021 1229 1229 1304 ἱστορεῖ
1249 1228 1567 1306 Φύλαρχος.
1591 1230 1834 1304 Ὁμοίως
1861 1228 1917 1284 δὲ

259 1317 351 1372 καὶ
387 1317 653 1392 βαναυσός
687 1317 794 1372 ἐστι
817 1322 921 1378 πᾶς
942 1318 1200 1392 τεχνίτης
1225 1316 1313 1373 διὰ
1337 1319 1502 1394 πυρὸς
1527 1318 1720 1394 ἐργαζό
1732 1339 1912 1392 μενος.

2021 608 2904 679 videntiae(p).0uemadmodum
2923 614 3098 666 etiam
3119 613 3521 668 conﬂatoriam
3540 616 3682 687 ﬁgu.

2022 696 2202 752 linam
2237 699 2533 754 ofﬁcinam
2566 700 2826 771 accipere
2856 703 3104 771 oportet,
3127 705 3191 755 ut
3215 701 3545 771 signiﬁcent
3561 703 3681 758 haec

2022 788 2081 840 in
2113 787 2228 841 Deo
2260 789 2684 858 providentiam
2718 791 3134 844 reformantem
3179 806 3244 844 ac
3277 792 3678 861 refingentem,

2023 881 2126 930 aut
2173 876 2287 930 vim
2338 871 2393 931 et
2444 876 2778 932 facultatem
2814 877 3154 933 secernendi
3205 882 3261 932 et
3307 881 3680 950 repurgandi.

2024 966 2183 1029 Quod
2218 965 2374 1020 enim
2403 967 2473 1021 ad
2507 983 2805 1022 armorum
2839 967 3237 1022 instrumenta
3267 968 3681 1040 pertinet,quee

2026 1054 2122 1109 hic
2172 1053 2362 1124 palam
2416 1062 2814 1125 recensentur,
2866 1056 3176 1126 designant
3217 1057 3332 1110 vim
3393 1056 3684 1112 contraria

2026 1143 2365 1198 destruendi
2399 1149 2455 1200 et
2485 1144 2778 1200 abolendi.
2806 1144 3150 1199 Barbaricas
3194 1150 3388 1200 autem
3421 1149 3684 1200 armatu-

2026 1249 2120 1287 ras
2149 1233 2290 1287 forte
2323 1233 2511 1287 illud:
2568 1236 2628 1288 In
2678 1237 2882 1288 vestitu
2937 1233 3219 1301 deaurato,
3270 1239 3346 1301 et,
3396 1236 3688 1306 Accingere

2025 1321 2208 1392 gladio
2238 1337 2403 1392 super
2429 1324 2615 1393 femur
2644 1326 2826 1389 tuum,
2847 1323 3219 1394 potentissime
3241 1323 3334 1393 (q).
3358 1323 3458 1377 Est
3489 1328 3684 1379 autem

259 1409 605 1480 rhomphaaa
631 1409 1007 1464 barbaricum
1056 1407 1263 1478 telum,
1295 1414 1362 1466 ut
1387 1409 1468 1465 ait
1497 1409 1853 1482 Phylarchus
1902 1409 2243 1466 historicus.
2274 1410 2560 1466 Similiter
2605 1415 2661 1467 et
2712 1413 3076 1468 fornacarius
3106 1417 3196 1467 est
3241 1411 3435 1467 omnis
3483 1413 3690 1468 artifex

254 1497 360 1568 qui
392 1515 498 1569 per
527 1501 720 1568 ignem
750 1502 1044 1569 operatur.

327 1585 427 1640 Καὶ
473 1581 657 1646 δαιτάς
705 1606 878 1646 τινας.
938 1588 1132 1647 Δαῖτάς
1188 1606 1334 1648 τινας
1380 1585 1477 1650 τὰς
1525 1585 1768 1660 εὐωχίας
1797 1607 1907 1662 φη-

256 1675 360 1741 σὶν,
394 1675 471 1735 ὡς
509 1673 561 1728 ἐν
613 1679 692 1745 τῷ
740 1672 1080 1750 Εὖαγγελίῳ,
1129 1673 1219 1730 6'15
1267 1677 1294 1730 6
1345 1675 1556 1750 μόσχος
1587 1676 1614 1730 6
1646 1675 1908 1746 σιτευτὸς,

255 1762 346 1817 καὶ
375 1763 448 1817 τὰ
476 1761 666 1830 λοιπὰ,
697 1763 897 1838 γίνεται
930 1762 980 1817 ἐν
1012 1762 1092 1835 τῷ
1121 1763 1319 1836 ἀσώτῳ
1349 1765 1472 1836 υἱῷ.

2091 1589 2154 1642 Et
2210 1590 2466 1644 convivia
2523 1588 2796 1659 quaedam.
2857 1588 3131 1645 Convivia
3197 1590 3462 1662 quaedam
3521 1593 3685 1645 vocat

2019 1676 2223 1747 epulas
2255 1682 2320 1732 ut
2349 1682 2438 1734 est
2471 1677 2528 1732 in
2557 1677 2864 1749 Evangelio
2890 1681 3123 1748 (r),cum
3141 1677 3363 1734 vitulus
3380 1676 3681 1749 saginatus

2025 1765 2336 1835 occiditur,
2370 1770 2506 1832 etc.,
2529 1767 2586 1821 in
2620 1767 2805 1821 reditu
2838 1766 2940 1820 filii
2973 1766 3223 1838 prodigi.

326 1853 410 1909 Τὰ
448 1849 714 1920 πολυειδῆ
764 1852 854 1906 καὶ
904 1851 1058 1922 λοξαὶ.
1116 1853 1412 1928 Ἀμαρτίας
1463 1851 1806 1927 ἐπαγγελιῶν
1854 1851 1905 1906 ἐν

2088 1853 2419 1920 Multiplices
2464 1860 2516 1910 et
2557 1855 2832 1927 obliquas.
2867 1857 3300 1911 Frustrationes
3336 1856 3678 1928 promissio-

254 1941 480 2003 τούτοις
513 1941 647 2018 φησί
675 1941 738 1996 τὸ
767 1935 819 1995 ἔν
845 1963 952 1996 τισι
982 1945 1092 1995 τῶν
1125 1941 1507 2018 προρρήσεων,
1540 1943 1676 1996 κατὰ
1704 1943 1766 1996 τὸ
1785 1941 1916 2016 πρό-

263 2049 456 2105 χειρον
491 2029 690 2098 δοκεῖν,
729 2031 804 2102 μὴ
835 2029 993 2091 τέλος
1026 2025 1211 2085 λαϐεῖν
1243 2031 1310 2085 τὰ
1342 2029 1736 2105 ἑπαγγελθέντα
1759 2050 1772 2062 °
1800 2029 1912 2085 οἷόν

268 2117 433 2186 ἰστιν,
468 2118 542 2179 ὡς
572 2117 632 2173 ἐκ
679 2117 908 2173 πολλῶν
959 2116 1120 2192 ὀλίγα
1168 2120 1520 2195 παραθέσθαι,
1564 2123 1627 2173 τὸ
1657 2119 1792 2192 πρὸς
1822 2118 1912 2172 τὸν

265 2201 465 2264 Ἰακὼϐ
524 2206 716 2282 λεχθὲν
751 2228 764 2241 ο
838 2207 996 2262 Γίνου
1046 2208 1254 2282 ’κύρίος
1311 2212 1406 2262 τοῦ
1474 2205 1713 2284 ἀδελφοῦ
1769 2225 1913 2261 σουο

264 2294 456 2349 καὶτᾶ
483 2295 606 2369 περὶ
636 2303 738 2365 τῆς
786 2293 1054 2368 διαμονῆς
1103 2303 1202 2365 τῆς
1255 2297 1330 2359 εἷς
1373 2298 1471 2365 τὴν
1510 2296 1785 2372 βασιλείαν
1813 2299 1913 2350 τοῦ

268 2384 582 2459 σπέρματος
629 2383 816 2456 Δαυὶδ,
875 2385 1009 2460 ἅπερ
1058 2385 1110 2439 ἐν
1167 2390 1248 2458 τῷ
1293 2390 1562 2460 προφανεῖ
1610 2382 1910 2460 διήμαρτον

263 2479 368 2542 τῆς
401 2468 692 2542 ἐκϐάσεως,
725 2473 862 2528 κατᾶ
911 2471 968 2528 δὲ
1020 2475 1117 2542 τὴν
1146 2469 1343 2546 ἀκριϐῆ
1377 2473 1603 2549 θεωρίαν
1632 2472 1912 2546 οὐδαμῶς.

265 2563 346 2618 Τὸ
378 2562 472 2634 μὲν
504 2563 604 2636 γὰρ
632 2565 730 2616 τοῦ
770 2557 967 2619 Ἰακὼϐ
1017 2560 1106 2617 διὰ
1151 2569 1250 2633 τῆς
1275 2567 1380 2616 τῶν
1414 2561 1465 2633 ἐξ
1496 2561 1658 2617 αὐτοῦ
1691 2562 1915 2634 ἐπικρα-

260 2649 410 2712 τείας
469 2651 557 2705 καὶ
613 2658 714 2721 τῆς
773 2651 848 2713 εἷς
902 2653 1132 2725 Χριστὸν
1191 2653 1474 2726 ἀναγωγῆς
1527 2650 1911 2726 πεπλήρωται,

263 2739 452 2814 ὥσπερ
480 2739 570 2794 καὶ
602 2741 658 2794 αἱ
687 2741 822 2815 πρὸς
871 2742 964 2796 τὸν
1012 2736 1263 2816 Ἀϐραὰμ
1313 2739 1630 2816 ἐπαγγελίαι
1659 2739 1781 2814 περὶ
1811 2745 1912 2808 τῆς

263 2829 650 2904 κατασχέσεως
677 2836 776 2899 τῆς
813 2837 916 2905 γῆς
964 2830 1054 2884 καὶ
1110 2837 1210 2900 τῆς
1267 2833 1374 2884 τῶν
1427 2828 1595 2884 ἆθνῶν
1637 2827 1912 2902 εὐλογίας.

264 2918 352 2974 Τὰ
381 2914 440 2972 δὲ
481 2918 619 2994 πρὸς
656 2916 818 2973 Δαυὶδ
868 2920 1048 2992 μόνως
1082 2918 1158 2980 είς
1186 2919 1277 2973 τὸν
1310 2919 1537 2994 Χριστὸν
1573 2917 1912 2995 ἀναφέρεται.

259 3005 511 3078 Ὁμοίως
557 3003 616 3059 δὲ
663 3007 752 3060 καὶ
810 3005 878 3060 τὰ
932 3005 1056 3082 περὶ
1120 3005 1487 3080 Σολομῶντος
1545 3003 1807 3060 δοκοῦντα
1860 3003 1912 3059 ἐν

262 3097 347 3165 τῷ
379 3093 473 3166 μδ⁹
515 3093 759 3169 εἰρῆσθαι
811 3093 1037 3169 ψαλμῷο
1089 3096 1197 3158 Τὰς
1246 3093 1341 3150 οὖν
1388 3094 1439 3150 ἂν
1467 3093 1681 3156 τούτοις
1714 3093 1914 3168 ἐξηγη-

261 3181 418 3244 τικὰς
451 3180 761 3253 ἀποδόσεις,
793 3183 855 3238 τὸ
902 3182 1156 3240 ποικίλον
1205 3183 1461 3260 ἐχούσας,
1495 3181 1761 3252 πολυειδῆ
1797 3183 1913 3238 ἐκά-

257 3269 387 3326 λεσε
441 3270 768 3348 σοφίσματα,
818 3272 925 3348 οὐχ
989 3274 1064 3335 ὡς
1122 3272 1598 3349 παραλογιστικῶς
1653 3270 1914 3347 τεχναζό-

263 3380 400 3433 μενα
429 3361 531 3429 τὴν
583 3358 866 3432 ἀλήθειαν,
915 3361 1042 3417 ἀΑλ⁹
1085 3362 1158 3426 ὡς
1207 3367 1389 3440 σαφῶς
1420 3361 1823 3418 ἀναπτύσσοντα
1849 3360 1914 3416 τὸ

260 3448 619 3522 ζητούμενον.

331 3538 491 3611 [Περὶ
520 3543 619 3594 τοῦ
657 3541 936 3613 Ἄσματος
981 3543 1091 3595 τῶν
1135 3539 1416 3615 ᾀσμάτων,
1465 3538 1547 3594 ὅτι
1596 3540 1746 3614 ἅγιον
1777 3541 1914 3596 κατά

253 3624 387 3689 τοὺς
419 3627 607 3700 ἁγίους
637 3627 860 3690 τούτους
885 3646 899 3659 '
925 3626 1204 3704 Θεόδωρος
1233 3631 1334 3704 γὰρ
1367 3631 1394 3684 ὁ
1423 3630 1766 3703 Μοψυεστίας
1801 3627 1914 3684 διέ-

261 3709 431 3770 ϐαλεν
456 3715 585 3770 αὑτὸ
616 3715 852 3787 ἠλιθίως
882 3717 1065 3790 πάνυ.]

331 3806 458 3861 Τῶν
500 3803 882 3878 συνθημάτων.
931 3803 1304 3879 Συνθημάτων
1349 3804 1481 3883 φησὶ
1531 3809 1638 3860 τῶν
1700 3799 1908 3878 συμϐο-

255 3892 437 3956 λικῶς
485 3894 814 3967 γινομένων,
871 3894 903 3948 ἃ
977 3895 1106 3968 ὑπὲρ
1162 3895 1388 3962 δαυτῶν,
1441 3893 1716 3949 τουτέστιν
1777 3893 1906 3967 ὑπὲρ

250 3985 355 4036 τοῦ
381 3978 558 4043 οὕτως
597 3984 642 4018 ⁰¹
691 3993 927 4046 νοεῖσθαι
972 3983 1126 4053 αὐτὰ,
1175 3985 1249 4046 ὡς
1298 3984 1360 4038 τὸ
1401 3982 1727 4061 φαινόμενον
1761 3979 1906 4058 ἔχειν

249 4069 348 4124 καὶ
404 4069 470 4124 τὸ
522 4070 752 4146 γράμμα
807 4070 985 4144 ψιλῶς
1045 4071 1362 4148 ὑπαγορεύει
1397 4090 1409 4104 '
1471 4071 1531 4125 οὐ
1589 4071 1906 4140 τυπωθῆναί

253 4178 450 4235 φησιν,
481 4155 632 4212 ἀλλὰ
659 4158 1036 4234 προκάλυμμα
1085 4160 1216 4214 εἶναι
1265 4159 1355 4214 καὶ
1397 4160 1566 4214 τύπον
1598 4163 1707 4214 τῶν
1743 4159 1908 4234 βαθυ-

249 4245 430 4322 τέρων
463 4247 706 4316 νοήσεων
758 4247 848 4301 καὶ
898 4246 1252 4320 ὑπολήψεων.
1307 4252 1481 4303 Τοῦτο
1522 4245 1578 4303 δέ
1609 4269 1794 4325 φησιν,
1826 4247 1908 4303 ὅτι

252 4335 326 4389 τὰ
359 4329 612 4406 σύμϐολα
661 4333 768 4411 οὐχ
817 4336 947 4411 ὑπὲρ
1003 4336 1203 4392 ἑαυτῶν
1249 4338 1315 4391 τὰ
1361 4339 1680 4410 συνθήματα
1715 4337 1781 4391 τὰ
1808 4359 1909 4411 μυ-

255 4420 419 4476 στικὰ
466 4421 780 4495 ἰπενόησαν,
842 4423 987 4479 ἀλλὰ
1044 4422 1134 4478 διὰ
1189 4423 1320 4488 τοὺς
1373 4425 1647 4498 ἀναξίους,
1681 4422 1772 4479 τίνα
1807 4427 1908 4499 μή,

253 4509 594 4586 προκείμενα
626 4511 827 4584 αὐτοῖς,
862 4512 1303 4591 εὐκαταφρόνητα
1334 4511 1549 4584 δοκοίη.

2025 1932 2164 1997 num
2200 1948 2362 1998 vocat
2392 1943 2510 2009 hic,
2543 1961 2673 1999 cum
2723 1960 2810 2012 ea,
2845 1961 2973 2015 quae
3022 1945 3316 2016 promissa
3367 1949 3529 2010 sunt,
3562 1961 3680 1999 non

2022 2030 2294 2087 videntur
2324 2033 2395 2087 ad
2429 2033 2648 2088 exitum
2679 2033 2984 2104 producta,
3019 2038 3311 2104 quatenus
3344 2033 3544 2089 sensui
3575 2049 3680 2104 ap-

2025 2125 2208 2192 paret,
2227 2122 2385 2176 verbi
2427 2122 2725 2192 gratia,ut
2766 2139 2833 2178 ex
2874 2123 3029 2178 324
3071 2122 3274 2177 multis
3314 2139 3500 2192 pauca
3541 2121 3681 2176 refe-

2025 2226 2168 2276 ram,
2218 2210 2372 2280 quod
2424 2211 2783 2281 promissum
2834 2210 2946 2265 fuit
2992 2211 3210 2266 Jacob:
3257 2211 3382 2265 Esto
3428 2209 3682 2265 dominus

2019 2299 2224 2368 fratris
2256 2298 2340 2353 tui
2370 2301 2470 2368 (s);
2501 2304 2556 2354 et
2586 2300 2657 2354 de
2688 2299 3072 2370 perpetuitate
3103 2298 3266 2369 regni
3291 2297 3536 2354 seminis
3565 2299 3680 2353 Da-

2023 2387 2138 2453 vid,
2177 2404 2303 2458 que:
2334 2389 2609 2443 videntur
2637 2388 2793 2442 exitu
2829 2387 3464 2442 frustrata-secundum
3495 2403 3679 2458 appa-

2023 2476 2294 2544 rentiam,
2328 2477 2430 2532 sed
2464 2493 2840 2548 nequaquam
2872 2477 3194 2531 secundum
3243 2476 3557 2546 perfectam
3587 2474 3678 2529 in-

2022 2564 2406 2636 telligentiam
2447 2565 2711 2636 spiritus.
2744 2565 2906 2628 Quod
2957 2563 3114 2618 enim
3161 2563 3521 2635 promissum
3571 2563 3680 2618 fuit

2022 2654 2200 2708 Jacob
2220 2654 2293 2708 de
2325 2653 2650 2722 dominatu,
2675 2652 2980 2724 impletum
3021 2656 3110 2709 est
3141 2653 3198 2706 in
3231 2651 3457 2708 Christo
3489 2668 3558 2707 ex
3587 2668 3676 2707 se-

2025 2745 2181 2797 mine
2202 2744 2368 2812 ejus;
2400 2742 2552 2796 sicut
2577 2742 2753 2797 etiam
2789 2741 3210 2812 promissiones
3245 2741 3403 2797 facta;
3435 2739 3676 2795 Abrahae

2022 2831 2092 2885 de
2150 2831 2522 2902 possessione
2579 2835 2766 2898 terrae,
2812 2834 2870 2886 et
2926 2830 3333 2886 benedictione
3386 2829 3674 2902 gentium.

2023 2922 2156 2984 Quae
2189 2924 2384 2975 autem
2425 2919 2497 2974 ad
2538 2919 2714 2974 David
2747 2925 2908 2984 sunt,
2933 2920 3003 2974 ad
3037 2918 3227 2974 solum
3259 2919 3554 2975 Christum
3587 2933 3678 2972 re-

2025 3009 2312 3063 feruntur.
2348 3007 2632 3063 Similiter
2659 3007 2837 3063 etiam
2867 3025 2993 3080 quas
3044 3009 3114 3063 de
3163 3006 3492 3074 Salomone,
3524 3006 3682 3061 Psal.

2023 3115 2171 3168 XLIV,
2206 3098 2362 3152 dicta
2392 3101 2553 3152 sunt.
2585 3096 2792 3152 Varias
2826 3096 3025 3168 itaque
3066 3095 3126 3151 in
3175 3096 3269 3151 his
3317 3095 3684 3167 acceptiones

2028 3186 2316 3241 diversam
2348 3185 2796 3258 explicationem
2827 3185 3206 3241 admittentes
3225 3184 3576 3256 multiplicia
3597 3201 3688 3240 so-

2027 3275 2326 3346 phismata
2355 3274 2598 3341 vocavit,
2622 3291 2739 3330 non
2771 3275 2941 3346 quasi
2971 3277 3175 3346 argute
3207 3291 3272 3329 ac
3302 3274 3563 3346 captiose
3583 3290 3683 3328 ve-

2023 3364 2258 3420 ritatem
2291 3363 2596 3436 deludunt,
2630 3365 2732 3420 sed
2783 3364 2937 3420 clare
2981 3363 3039 3418 id
3083 3363 3239 3435 quod
3270 3363 3552 3434 quaeritur
3581 3377 3680 3419 ex-

2021 3452 2260 3525 plicent.

2094 3543 2192 3614 [De
2220 3543 2457 3599 Cantica
2493 3542 2882 3612 canticorum,
2916 3542 3071 3612 quod
3104 3556 3338 3596 sacrum
3392 3540 3470 3594 sit
3507 3539 3680 3610 juxta

2020 3635 2255 3686 sanctos
2277 3631 2460 3686 istos:
2496 3631 2840 3686 Theodorus
2871 3629 3027 3685 enim
3059 3629 3509 3699 Mopsuestenus
3530 3626 3677 3681 illud

2020 3719 2258 3774 omnino
2290 3719 2498 3774 insane
2525 3717 2878 3787 contempsit
2909 3720 2965 3771 et
2993 3715 3235 3772 infamia
3265 3715 3532 3784 notavit.]

2092 3808 2572 3878 Compositionum.
2608 3804 3069 3876 Compositiones
3107 3802 3388 3874 intelligit
3417 3819 3515 3858 eas
3549 3817 3676 3873 qua:

2019 3895 2336 3968 symbolice
2365 3896 2534 3960 ﬁunt,
2563 3895 2663 3966 qui
2707 3911 2809 3967 pro
2865 3911 2977 3949 non
3029 3893 3244 3964 seipsis
3299 3891 3462 3946 facta
3512 3893 3676 3957 sunt,

2018 3985 2128 4041 hoc
2186 3990 2294 4052 est,
2330 3989 2396 4040 ut
2426 3985 2510 4040 sic
2543 3984 2684 4056 ipsae
2711 3983 3141 4054 concipiantur,
3175 3979 3676 4054 quemadmodum

2019 4074 2251 4145 signum
2284 4073 2651 4145 propositum
2686 4071 2960 4135 continet,
2990 4076 3048 4127 et
3086 4071 3245 4126 nuda
3293 4069 3487 4124 littera
3532 4067 3681 4123 insi-

2019 4167 2201 4230 nuat;
2235 4162 2336 4218 sed
2373 4161 2722 4230 velamenta,
2754 4159 2970 4232 inquit,
2996 4163 3134 4214 sunt
3159 4162 3216 4214 et
3247 4158 3433 4230 ﬁgura
3461 4155 3680 4212 intelli-

2018 4252 2352 4325 gentiarum
2401 4268 2465 4306 ac
2514 4266 2799 4306 sensuum
2832 4249 3303 4321 profundiorum.
3329 4248 3445 4303 Hoc
3477 4250 3677 4302 autem

2018 4341 2118 4411 ait,
2142 4341 2293 4411 quod
2320 4339 2588 4412 symbola
2620 4357 2736 4395 non
2763 4344 3004 4411 propter
3023 4338 3298 4411 mysticas
3328 4337 3487 4408 ipsas
3519 4351 3679 4390 com-

2019 4429 2340 4501 positiones
2381 4428 2789 4500 excogitarint,
2821 4427 2922 4482 sed
2969 4430 3206 4499 propter
3253 4424 3549 4495 indignos,
3583 4438 3676 4492 ne,

2021 4518 2070 4573 si
2100 4518 2174 4573 iis
2205 4517 2372 4572 obvia
2402 4517 2616 4582 forent,
2638 4515 2808 4572 facile
2839 4513 3198 4586 contemptui
3227 4513 3606 4568 haberentur.

331 4600 449 4669 Τὴν
515 4600 609 4672 μὲν
666 4599 999 4677 ἀπόρρητον.
1073 4589 1197 4670 ῨΤῆν
1288 4602 1381 4675 μὲν
1454 4600 1764 4678 ἀπόρρητον
1819 4602 1908 4656 καὶ

2094 4609 2267 4664 Unam
2297 4607 2526 4679 quidam
2557 4622 2845 4662 arcanam.
2878 4610 3169 4661 Arcanam
3204 4603 3445 4674 quidem
3477 4606 3535 4656 et
3564 4617 3681 4672 my-

261 4689 533 4761 μυστικήν
566 4686 865 4764 παράδοσιν
923 4697 1023 4759 τῆς
1081 4696 1300 4768 Γραφῆς
1350 4692 1520 4759 αὐτὴν
1545 4689 1905 4766 ἐπεξηγεῖται,

253 4775 448 4831 καλῶν
479 4772 848 4850 ωμϐολικήν,
902 4780 992 4834 ἅτε
1041 4775 1128 4834 διὰ
1179 4774 1473 4852 συμϐόλων
1511 4778 1909 4856 χρησμοδοτη-

255 4867 440 4919 Θεῖσαν
475 4883 489 4896 ⁸
538 4864 682 4921 ἀλλὰ
735 4867 826 4921 καὶ
876 4866 1210 4937 τελεστικὴν,
1270 4867 1343 4930 ὠς
1397 4869 1491 4929 τὰς
1537 4866 1760 4930 τελετὰς
1800 4872 1904 4922 τῶν

263 4954 588 5029 μυστηρίων
622 4953 674 5008 ἐν
720 4950 1025 5028 συμϐόλοις
1070 4953 1468 5031 παραδιδοῦσαν
1521 4954 1606 5011 διὰ
1637 4963 1735 5027 τῆς
1764 4958 1907 5031 ἰερα-

252 5045 421 5112 τικῆς
469 5040 840 5118 παραδόσεως.
900 5044 1117 5116 Ταύτην
1177 5042 1233 5100 δὲ
1277 5047 1377 5115 τὴν
1439 5045 1749 5123 ἀπόρρητον
1782 5043 1907 5114 ἤτοι

251 5127 607 5205 συμϐολικήν
648 5154 809 5211 φησιν
860 5130 1004 5208 ἔχειν
1059 5133 1557 5209 συμπεπλεγμένην
1606 5139 1686 5206 τῷ
1734 5133 1906 5210 ῥητῷ,

246 5222 501 5278 τουτέστι
557 5226 637 5294 τῷ
696 5222 927 5300 ῥηθῆναι
976 5222 1424 5302 ἐπιτετραμμὲνῳ
1482 5219 1769 5298 συμϐόλῳ,
1818 5221 1908 5277 καὶ

246 5314 352 5370 τὸν
385 5310 620 5390 ἷίῤῥητον
671 5310 796 5385 ⁴ἤτοι
850 5316 1129 5388 μυστικόν.
1183 5314 1566 5371 Συνεσκίασται
1615 5316 1717 5392 γὰρ
1749 5313 1800 5369 ἐν
1831 5317 1910 5386 τῷ

2021 4697 2230 4753 sticam
2254 4695 2567 4766 Scripturas
2593 4694 2971 4751 traditionem
2995 4692 3263 4764 explicat,
3285 4692 3425 4745 dum
3449 4689 3682 4761 symbo-

2019 4784 2191 4840 licam
2231 4789 2424 4851 vocat,
2455 4787 2655 4855 utpote
2704 4799 2808 4855 per
2855 4781 3119 4854 symbola
3166 4781 3480 4845 traditam;
3516 4792 3678 4831 eama

2021 4874 2271 4943 demque
2290 4867 2609 4939 τελεστικήν
2635 4870 2911 4943 appellat,
2941 4877 3006 4924 ut
3027 4887 3151 4940 quae
3175 4872 3679 4924 sacramentorum

2020 4961 2383 5017 caerimonias
2433 4959 2494 5014 in
2545 4959 2830 5032 symbolis
2862 4958 3058 5012 tradat
3106 4974 3208 5029 per
3255 4954 3678 5012 sacerdotalem

2018 5048 2592 5105 traditionem.Hanc
2621 5053 2815 5104 autem
2847 5063 3118 5102 arcanam
3139 5045 3259 5101 sive
3293 5043 3678 5116 symbolicam
3736 5072 3739 5074 -

2022 5139 2164 5194 dicit
2193 5139 2454 5194 oratione
2485 5136 2798 5208 implexam
2850 5151 3000 5201 esse,
3033 5134 3091 5190 id
3140 5143 3226 5190 est
3271 5133 3518 5206 proferri
3561 5149 3680 5188 una

2021 5243 2154 5282 cum
2187 5225 2451 5300 symbolo
2484 5225 2595 5282 sibi
2627 5224 3258 5294 accommodato,quod
3285 5227 3480 5279 tamen
3503 5221 3678 5279 etiam

2026 5331 2311 5372 arcanum
2343 5319 2433 5371 est
2464 5331 2565 5371 seu
2597 5312 2933 5385 mysticum.
2961 5311 3194 5368 Veritas
3225 5312 3381 5368 enim
3417 5311 3478 5366 in
3520 5326 3679 5382 sym-

327 5467 417 5541 (p)
441 5470 556 5529 Isa.
592 5486 675 5530 ιιι.
753 5471 834 5545 (q)
861 5470 1015 5530 Psal.
1046 5487 1199 5538 κων,
1231 5472 1318 5544 10,
1353 5471 1407 5527 4.
1484 5469 1556 5542 (r)
1590 5469 1731 5526 Luc.
1761 5484 1855 5525 xv.

2063 5468 2174 5524 ten.
2207 5483 2385 5538 xxvn,
2413 5467 2504 5522 29.

1273 5620 1519 5680 VARUE
1559 5619 1954 5680 LECTIONES
1990 5618 2080 5677 ET
2119 5617 2679 5677 CORREGTIONES.

331 5711 378 5753 “
413 5703 606 5778 ὄντως.
