3972 6214
418 354 524 408 563

1237 365 1600 420 ΑΡΡΕΝΒΙΧ
1635 367 1734 421 ΔΙ)
1773 366 2013 421 OPERA
2047 367 2072 420 Ε

2194 364 2459 420 ΙΟΝῩΒΙΙ
2501 366 2870 424 ΔΒΒΟΡΔΘΙ
2877 369 3007 422 ΤΕ.
3673 367 3752 422 564

417 475 552 532 bolo
601 481 692 534 est
737 481 1108 551 adumbrata,
1142 500 1245 541 nec
1293 486 1466 558 vulgo
1511 488 1887 560 propalanda,
1919 491 1985 543 ut
2013 489 2070 543 in

2194 479 2454 557 συμϐόλῳ
2504 486 2566 540 τὸ
2633 485 2834 557 ἀληθὶς
2884 487 2973 542 καὶ
3029 484 3442 559 ἀδημοσίευτον,
3498 487 3565 548 ὡς
3613 485 3656 542 ἰν
3695 493 3753 560 τῷ

419 567 700 637 paschate
741 569 937 642 legali,
961 589 1158 628 verum
1197 574 1436 646 pascha,
1459 577 1612 631 sicut
1633 578 1910 648 scriptum
1943 581 2033 632 est
2060 594 2073 632 :

415 655 631 712 Pascha
669 667 918 715 nostrum
952 663 1267 718 immolatus
1296 673 1372 719 est
1401 666 1651 721 Christus
1685 667 1764 737 (ι).
1807 666 1912 722 Illa
1944 683 2076 722 vero

421 743 604 801 altera
633 746 932 820 theologia
966 767 1102 821 pars
1131 751 1366 808 evidens
1399 760 1506 821 est,
1541 760 1597 809 et
1636 760 1792 822 nota,
1826 773 1940 811 non
1973 773 2076 810 au-

418 839 536 889 tem
570 852 671 906 per
700 839 996 908 symbola;
1033 841 1180 895 hanc
1202 851 1361 896 vocat
1393 843 1861 915 philosophicam
1893 851 1950 900 et
1977 846 2076 900 de-

419 929 873 993 monstrantem,
901 928 1094 998 qualis
1124 935 1213 985 est
1245 930 1364 996 illa,
1393 948 1520 1002 qua
1556 933 1801 988 moralia
1830 937 1886 988 et
1909 939 2078 988 natu-

418 1012 755 1085 raliaatque
769 1033 944 1088 opera
975 1019 1123 1075 325
1151 1020 1464 1076 creationis
1480 1027 1760 1078 recenset.
1780 1023 1906 1077 Hac
1920 1022 2079 1078 enim

420 1101 880 1160 manifestiorem
915 1109 1232 1176 quamdam
1266 1109 1380 1163 vim
1417 1110 2083 1181 persuadendihabet,et

425 1189 734 1247 veritatem
792 1196 1169 1265 conjunctam
1231 1214 1365 1252 cum
1424 1198 1496 1254 iis
1546 1216 1672 1271 qua
1731 1206 2078 1266 narrantur;

427 1292 611 1347 quare
639 1280 815 1337 etiam
847 1288 935 1338 est
961 1285 1742 1359 demonstrans.Symbolica
1770 1305 1904 1344 vero
1936 1287 2084 1350 nihil

430 1368 608 1424 habet
636 1386 751 1442 quo
783 1375 1158 1444 persuadeat,
1189 1376 1289 1430 sed
1321 1375 1497 1432 habet
1526 1377 1848 1434 efﬁcaciam
1880 1394 2086 1448 quam-

419 1457 554 1512 dam
573 1457 853 1528 divinam,
878 1480 1006 1533 qua
1028 1464 1259 1519 animas
1283 1465 1664 1536 mysticarum
1688 1482 1882 1521 rerum
1909 1470 2083 1536 atque

419 1548 934 1619 contemplationis
964 1553 1404 1624 studiosas,per
1424 1555 1694 1626 mystica,
1717 1555 1774 1610 id
1797 1560 1887 1610 est
1916 1571 2080 1626 sym-

423 1633 615 1691 bolica
663 1638 979 1711 anigmata
1024 1643 1370 1708 communit,
1417 1647 1475 1698 et
1523 1644 1582 1699 in
1631 1643 1863 1700 Christo
1914 1643 2082 1715 quasi

424 1723 635 1779 fundat
663 1743 766 1797 per
795 1731 1091 1801 mysteria,
1126 1748 1250 1801 qua
1284 1731 1444 1787 nullo
1477 1749 1747 1789 sermone
1778 1734 2081 1804 docentur,

423 1811 526 1868 sed
555 1813 787 1871 silentio
805 1824 861 1872 et
877 1819 1206 1876 divinarum
1241 1821 1704 1877 illustrationum
1738 1821 2085 1878 revelatione

423 1901 852 1973 percipiuntur,
871 1923 976 1962 nec
1001 1925 1116 1963 non
1147 1915 1400 1965 mentem
1425 1912 1496 1966 ad
1523 1910 1842 1967 ineffabilia
1877 1916 2084 1983 myste-

426 1989 516 2045 ria
563 1993 937 2064 percipienda
985 1996 1308 2054 collustrat.
1359 1999 1616 2054 Observa
1670 2004 1865 2056 autem
1924 2001 2080 2071 quod

423 2079 642 2150 duplex
666 2081 743 2138 sit
774 2083 1176 2158 theologorum
1210 2087 1464 2156 traditio,
1494 2092 1551 2143 et
1597 2104 1725 2160 qua
1773 2088 2083 2161 qualisque

423 2167 524 2224 sit.

493 2259 559 2312 Et
606 2263 965 2332 symbolicam
1011 2264 1255 2337 quidem.
1287 2265 1677 2338 Symbolicam
1725 2272 1783 2322 et
1829 2268 1900 2322 ad
1953 2284 2081 2340 my-

419 2347 600 2402 steria
625 2351 1013 2421 pertinentem
1066 2359 1233 2410 vocat
1282 2354 1468 2426 illam,
1502 2373 1628 2427 qua
1680 2372 1747 2412 ex
1795 2356 2080 2428 symbolis

416 2436 746 2506 conﬁcitur,
777 2443 1108 2512 cujusmodi
1139 2448 1278 2499 sunt
1309 2444 1589 2515 mysteria
1619 2445 1815 2500 cultus
1850 2445 2078 2518 legalis,

414 2529 474 2579 et
514 2529 794 2599 mysteria
847 2532 1030 2586 nostri
1084 2532 1234 2588 sacri
1292 2532 1508 2601 cultus,
1569 2534 1806 2590 tametsi
1871 2533 2080 2590 altiora

416 2619 578 2684 sunt,
628 2621 686 2671 et
741 2618 932 2690 magis
989 2619 1302 2691 spiritalia,
1347 2627 1571 2676 nostra.
1599 2621 2072 2694 Phi1050phicam

415 2707 612 2759 autem
642 2721 708 2761 ac
737 2708 1242 2764 demonstrantem
1274 2715 1442 2765 vocat
1472 2726 1624 2777 eam,
1658 2727 1788 2782 qua
1847 2712 2081 2766 exsistit

419 2789 482 2846 in
524 2794 941 2866 perSpicientia
985 2803 1410 2866 creaturarum,
1463 2799 1791 2872 divinaque
1847 2800 1904 2855 in
1957 2799 2082 2873 qui-

421 2881 675 2938 busdam
709 2886 883 2941 rebus
914 2887 1311 2958 providentia,
1335 2893 1392 2943 et
1421 2889 1784 2960 expositione
1816 2891 2080 2961 specula-

420 2971 566 3027 trice
593 2988 796 3028 eorum
841 2991 969 3046 qua
1018 2977 1089 3031 de
1137 2977 1254 3033 Deo
1299 2977 1356 3032 in
1407 2977 1727 3049 Scripturis
1779 2980 2074 3036 dicuntur.

492 3063 802 3118 Persuadet
833 3069 882 3119 et
912 3065 1194 3136 astringit.
1227 3065 1548 3122 Persuadet
1590 3072 1648 3122 et
1695 3069 1988 3140 astringit,
2019 3069 2078 3123 id

421 3154 510 3205 est
533 3167 733 3207 eorum
765 3169 892 3224 qua
924 3154 1202 3208 dicuntur
1231 3153 1535 3210 veritatem
1566 3159 1846 3227 tanquam
1881 3156 2074 3228 sigillo

2182 579 2395 646 νομικῷ
2423 575 2609 650 πάσχα
2665 577 2724 630 τὸ
2781 574 3005 646 ἀληθὲς,
3067 575 3199 651 ὅπερ
3244 573 3446 650 εἷ’ρηται
3477 595 3489 608 ·
3520 574 3583 630 Τὸ
3609 575 3754 650 πάσχα

2185 664 2345 735 ἡμῶν
2390 664 2520 739 ὑπὲρ
2575 666 2735 736 ἡμῶν
2795 664 2956 735 ἐτύθη
3018 665 3270 741 Χριστός.
3334 665 3405 719 Τὸ
3458 661 3511 718 δὲ
3561 662 3755 739 δεύτερον

2191 750 2381 825 μόριον
2439 753 2540 820 τὴς
2612 751 2937 829 θεολογικῆς
3008 752 3356 830 παραδόσεως
3420 753 3628 830 έμφανές
3675 753 3755 808 ἐστι

2185 841 2272 894 καὶ
2305 840 2602 914 γνώριμον,
2643 842 2705 898 οὐ
2759 843 2865 916 μὴν
2912 840 3001 897 διὰ
3048 838 3340 916 συμϐόλων
3376 862 3388 875 ⁸
3439 841 3558 914 ὅπερ
3595 843 3672 898 καὶ
3694 865 3756 920 οι.

2189 926 2422 1006 λόσοφον
2479 930 2658 1002 καλεῖ,
2716 931 2806 986 καὶ
2865 929 3262 1003 ἀποδεικτικὸν,
3315 931 3426 986 οἶόν
3479 930 3579 986 ἐστι
3625 933 3676 986 τὸ
3712 933 3759 984 τὰ

2187 1017 2354 1084 ἠθικὰ
2406 1018 2496 1072 καὶ
2551 1021 2772 1096 φυσικὰ,
2826 1021 2914 1075 καὶ
2985 1020 3254 1096 πρακτικὰ
3307 1019 3405 1087 τῆς
3458 1017 3759 1094 δημιουργίας

2187 1103 2507 1180 παραδιδόν.
2566 1112 2739 1162 Τοῦτο
2818 1107 2875 1163 δὲ
2956 1110 3019 1164 τὸ
3099 1108 3486 1186 ἐμφανέστερον
3538 1104 3637 1182 ἔχει
3672 1107 3760 1161 τινὰ

2189 1193 2382 1262 πειθὼ,
2413 1193 2503 1250 καί
2553 1193 2941 1270 συνδεδεμένην
2989 1198 3088 1266 τὴν
3136 1198 3391 1268 ἀλήθειαν
3435 1202 3543 1259 τοῖς
3578 1195 3759 1270 λεγομέ-

2190 1303 2304 1344 νοις
2337 1303 2349 1316 ·
2379 1284 2516 1338 κατὰ
2559 1289 2720 1340 τοῦτο
2773 1285 2877 1362 γάρ
2927 1285 3038 1341 ἐστι
3094 1287 3184 1341 καὶ
3239 1283 3698 1342 ἀποδεικτινόν.Τὸ
3721 1282 3761 1338 δὲ

2192 1367 2529 1444 συμϐολικὸν
2572 1375 2672 1430 οὐκ
2712 1373 2830 1450 ἔχει
2887 1376 2950 1430 τὸ
2992 1376 3217 1444 πείθειν,
3262 1373 3388 1430 ἀλλ’
3411 1373 3647 1450 ἐνάργειάν
3675 1394 3762 1427 τινα

2192 1460 2335 1524 θείαν
2369 1461 2540 1536 ἀφανῆ
2595 1464 2686 1517 καὶ
2736 1461 3084 1539 δραστήριον,
3137 1463 3260 1532 ⁴ἥτις
3310 1460 3672 1538 μυστηριώδεις
3696 1461 3760 1515 καὶ

2192 1551 2526 1626 θεωρητικὰς
2559 1552 2738 1627 ψυχὰς
2786 1550 2875 1607 διὰ
2919 1557 3025 1608 τῶν
3062 1556 3358 1626 μυστικῶν,
3409 1551 3526 1621 ἦτοι
3554 1545 3765 1623 συμϐολι-

2189 1643 2298 1693 κῶν
2361 1638 2692 1715 αἴνιγμάτων
2753 1638 3006 1716 ένιδρύει,
3062 1643 3152 1696 καὶ
3211 1640 3378 1696 οἱονεὶ
3433 1640 3654 1712 θεμελιοῑ
3706 1638 3762 1699 εἰς

2191 1727 2442 1801 Χριστὸν,
2477 1725 2565 1782 διὰ
2591 1733 2700 1784 τῶν
2733 1730 2808 1802 μή
2857 1725 3008 1803 λόγῳ
3057 1727 3457 1801 διδασκομένων
3489 1725 3762 1801 μυστηρίων,

2194 1816 2339 1871 ἀλλὰ
2368 1821 2494 1892 σιγῇ
2548 1819 2637 1872 καὶ
2686 1817 3027 1891 ἀποκαλύψει
3075 1817 3403 1892 ἆλλάμψεων
3441 1822 3566 1875 Θεοῦ
3592 1815 3764 1890 φωτίζει

2189 1907 2280 1960 τὸν
2311 1911 2440 1960 νοῦν
2474 1906 2551 1969 εἰς
2595 1907 2689 1969 τὰς
2733 1913 2840 1962 τῶν
2892 1907 3144 1983 ἆρῥήτων
3200 1906 3505 1984 μυστηρίων
3551 1906 3764 1973 κατανοή-

2190 2015 2322 2056 σεις.
2358 2002 2434 2065 Ση
2450 1996 2676 2066 μείωσαι
2733 1993 2808 2068 δὲ,
2859 1997 2934 2058 ὡς
2983 1993 3154 2065 διπλῆ
3206 1997 3319 2051 ἐστι
3348 2001 3452 2052 τῶν
3483 1994 3762 2070 θεολογουνὴ

2189 2081 2508 2161 παράδοσις,
2541 2085 2630 2140 καὶ
2659 2089 2802 2156 πῶς,
2836 2087 2928 2141 καὶ
2964 2084 3097 2141 ποία
3127 2085 3260 2144 ἐστί.

2261 2264 2357 2319 Καὶ
2399 2266 2501 2334 τὴν
2559 2265 2653 2338 μὶν
2695 2260 3063 2338 συμϐολικήν.
3119 2260 3477 2338 Συμϐολικήν
3529 2263 3608 2318 καὶ
3651 2261 3767 2317 10¢-

2188 2355 2376 2424 στικὴν
2408 2355 2507 2422 τήν
2537 2351 2627 2408 διὰ
2674 2349 2969 2427 συμϐόλων
3013 2353 3378 2428 τελουμένην,
3410 2354 3492 2408 οἶα
3515 2353 3575 2408 τὰ
3595 2359 3678 2422 τῆς
3701 2371 3770 2404 vo-

2193 2445 2359 2515 μίκῆς
2393 2443 2666 2520 λατρείας,
2698 2444 2788 2499 καὶ
2831 2444 2900 2498 τὰ
2942 2452 3045 2513 τῆς
3099 2452 3367 2518 μυστικῆς
3409 2448 3506 2509 τῆς
3537 2443 3645 2516 παρ’
3669 2444 3764 2513 ἡμῖν

2189 2531 2492 2608 ἱερουργίας
2556 2535 2849 2608 μυστήρια,
2909 2533 2954 2588 εἰ
3009 2533 3098 2588 καὶ
3162 2531 3379 2606 μᾶλλον
3428 2529 3598 2606 ὑψηλά
3627 2551 3674 2584 τε
3703 2529 3766 2583 καὶ

2186 2621 2527 2694 πνευματικᾶ
2582 2623 2650 2676 τὰ
2721 2622 2980 2696 ἡμέτερα.
3045 2621 3362 2700 Φιλόσοφον
3431 2619 3486 2676 δὲ
3543 2619 3619 2675 καὶ
3667 2619 3766 2672 ἀπο-

2189 2707 2463 2778 δεικτικήν
2493 2712 2592 2780 τὴν
2629 2708 2718 2765 διὰ
2771 2717 2870 2780 τῆς
2924 2713 3310 2782 κατανοήσεως
3357 2716 3462 2766 τῶν
3489 2708 3760 2782 κτισμάτων,

2185 2799 2275 2853 καὶ
2331 2803 2496 2853 τινῶν
2543 2799 2702 2862 θείων
2783 2799 3113 2871 οἰκονομιῶν
3191 2801 3286 2858 καὶ
3345 2803 3439 2868 τῆς
3493 2795 3766 2870 θεωρητικῆς

2145 2931 2147 2934 ‹
2188 2888 2493 2963 ἐξηγήσεως
2517 2891 2625 2943 τῶν
2651 2889 2774 2960 περί
2824 2885 2958 2943 Θεοῦ
3004 2886 3320 2964 λεγομένων
3371 2888 3420 2942 ἐν
3447 2893 3558 2949 ταῖς
3584 2886 3764 2959 Γραιῖακ

2187 2981 2600 3049 συνισταμένην.

2253 3067 2434 3130 Helos:
2465 3065 2553 3121 καὶ
2601 3063 2931 3136 καταδεῖται,
2977 3065 3153 3130 Πείθει
3197 3067 3293 3121 καὶ
3323 3062 3626 3131 καταδεῖσαι,
3653 3061 3766 3116 οἱον·

2187 3157 2231 3213 εὶ
2292 3155 2487 3231 δεσμόν
2544 3178 2666 3212 τινα
2720 3157 2810 3212 καὶ
2872 3153 3143 3234 σφραγῖδα
3188 3156 3463 3228 ἐπιτίθησι
3501 3158 3608 3215 τοῖς
3647 3150 3764 3224 λιγο·

419 3241 676 3309 quodam
735 3242 1024 3312 obsignat,
1058 3247 1115 3298 et
1161 3243 1339 3298 efﬁcit
1391 3248 1454 3298 ut
1503 3245 1603 3314 qui
1649 3225 1899 3300 audiunt
1939 3225 2070 3302 cre-

2194 3247 2369 3319 μένοις
2390 3225 2498 3314 τὴν
2555 3245 2838 3318 ἀλήθειαν,
2895 3225 2986 3300 καὶ
3026 3225 3105 3300 ⁷τὸ
3155 3246 3352 3301 πιστὸν
3411 3248 3522 3306 τοῖς
3566 3241 3764 3298 ἀκούουσι

417 3329 576 3383 dant.
602 3330 934 3402 Symbolica
960 3347 1235 3402 vero,per
1265 3348 1332 3386 ea
1358 3349 1486 3403 qua
1520 3333 1671 3387 ﬁunt
1701 3334 1968 3406 adjungit
1999 3336 2069 3391 ad

413 3422 601 3476 Deum
631 3421 882 3491 quodam
938 3422 1127 3494 ipsius
1177 3421 1259 3476 rei
1308 3421 1512 3477 habitu
1545 3427 1602 3478 et
1635 3422 2069 3493 informatione,

417 3508 574 3578 quod
607 3508 779 3565 etiam
809 3512 1033 3566 vocavit
1059 3505 1380 3570 ἀοιδάκτους
1438 3510 1835 3585 μυσταγωγίας,
1876 3514 1932 3569 id
1985 3519 2076 3570 est

417 3611 722 3654 sacrorum
751 3598 1114 3655 initiationes
1144 3616 1177 3655 a
1209 3598 1444 3655 nemine
1474 3600 1732 3656 edoctae.

492 3689 604 3741 Aut
627 3687 1463 3760 legalistraditionisﬂuoniam
1488 3705 1604 3744 non
1627 3689 1814 3745 solum
1839 3692 2074 3747 traditio

420 3772 650 3848 legalis,
683 3793 884 3833 verum
918 3777 1090 3833 etiam
1129 3783 1462 3833 nostrorum
1519 3777 1933 3850 mysteriorum
1959 3779 2074 3835 ini-

419 3863 606 3935 tiatio,
658 3865 844 3923 sacris
893 3863 1180 3939 symbolis
1225 3881 1374 3937 Opus
1429 3864 1654 3922 habuit.
1703 3868 1774 3922 Et
1821 3868 1966 3923 nihil
2013 3869 2072 3924 id

420 3954 639 4010 mirum
669 3960 779 4023 est,
803 3971 933 4010 cum
967 3954 1147 4008 etiam
1178 3953 1367 4026 angeli
1403 3970 1506 4025 per
1533 3957 1850 4028 anigmata
1879 3955 2075 4010 divina

417 4043 697 4112 mysteria
733 4047 1024 4114 premant.
1059 4041 1208 4108 Quin
1239 4047 1298 4097 et
1327 4042 1453 4114 ipse
1485 4043 1770 4100 Dominus
1802 4061 1895 4101 res
1925 4044 2072 4099 divi-

415 4145 524 4185 nas
553 4129 612 4184 in
644 4131 939 4201 parabolis
967 4130 1279 4187 tradidisse
1311 4132 1595 4187 cernitur.

932 4235 1286 4308 Theologica
1315 4237 1554 4293 traditio

413 4323 532 4381 alia
574 4326 812 4399 quidem
860 4331 949 4381 est
994 4341 1209 4380 arcana
1281 4325 1398 4380 alia
1461 4342 1594 4381 vero
1655 4327 1968 4398 perspicua
2016 4334 2072 4384 et

485 4420 542 4470 et
592 4415 857 4488 mystica,
901 4432 1028 4488 qua
1076 4413 1215 4470 item
1363 4418 1658 4485 nota,qua
1691 4420 1780 4472 est
1812 4416 2068 4487 philoso-

486 4504 830 4577 symbolica,
872 4509 928 4561 et
972 4503 1216 4560 initians
1363 4502 1613 4574 phica,et
1633 4505 2068 4572 demonstrans,

488 4597 546 4650 et
575 4593 817 4664 efﬁcax;
1364 4597 1422 4648 et
1454 4593 1837 4664 persuadens.

489 4699 792 4772 Symbolz’s.
845 4699 1078 4757 Natura
1137 4698 1452 4754 conformis
1512 4699 1682 4766 ratio,
1725 4717 1828 4754 cur
1871 4699 2070 4774 aliqua

417 4790 659 4862 quidem
691 4789 1005 4863 Scriptura
1034 4787 1163 4844 loca
1194 4786 1517 4860 symbolice
1545 4787 1684 4856 sint,
1711 4787 1910 4861 aliqua
1940 4807 2072 4848 vero

416 4897 587 4954 pura.

487 4976 595 5030 Per
637 4973 969 5045 aenigmata.
1004 4975 1108 5026 Per
1154 4969 1488 5042 anigmata,
1539 4974 1606 5025 ut
1653 4971 1807 5042 apud
1855 4972 2071 5028 Zacha-

415 5063 562 5118 riam
595 5065 670 5135 (u)
701 5063 944 5133 angelus
975 5060 1077 5133 qui
1109 5061 1180 5115 de
1211 5061 1365 5116 326
1396 5061 1530 5115 Jesu
1565 5058 1684 5114 ﬁlio
1721 5062 1982 5127 Josedec,
2015 5067 2072 5117 et

415 5153 486 5207 de
516 5153 668 5208 stola
699 5152 826 5222 ejus
858 5151 916 5205 in
947 5150 1253 5221 anigmate
1303 5148 1603 5219 loquitur:
1655 5154 1710 5203 et
1755 5149 1909 5219 apud
1958 5148 2069 5204 Da-

413 5241 630 5297 nielem
680 5239 932 5306 Gabriel,
959 5239 1060 5310 qui
1111 5239 1182 5293 de
1229 5237 1456 5293 Christo
1511 5236 1770 5303 disserit,
1805 5243 1862 5292 et
1893 5237 2070 5292 simul

410 5329 527 5402 ipsi
585 5329 836 5402 mystica
893 5327 1220 5398 denuntiat,
1273 5325 1505 5397 aliaque
1563 5325 1800 5380 similia.
1852 5326 2069 5382 Deiﬁca

413 5423 612 5475 autem
641 5421 808 5474 vocat
843 5416 931 5472 vel
980 5415 1135 5487 quod
1187 5415 1281 5471 sui
1329 5416 1632 5471 consortes
1661 5413 1952 5482 deiﬁcent,
1977 5415 2068 5471 vel

415 5508 572 5579 quod
609 5508 705 5562 Dei
736 5521 910 5578 opera
942 5505 1102 5560 ﬁant.

483 5691 547 5762 (Ι)
578 5689 599 5744 Ι
632 5690 758 5745 Cor.
791 5702 846 5754 v,
875 5687 931 5739 7.
1009 5683 1090 5755 (ιι)
1120 5686 1254 5755 Cap.
1290 5700 1370 5739 ιιι.

2101 4589 2150 4654 D
2250 4597 2340 4652 καὶ
2372 4594 2629 4674 δραστική
2664 4615 2676 4628 ’

2182 3333 2395 3394 δίδωσι.
2427 3336 2500 3390 Τὸ
2532 3333 2589 3390 δὲ
2619 3331 2954 3408 συμϐολικὸν
2989 3332 3078 3389 διᾶ
3117 3339 3224 3389 τῶν
3250 3332 3615 3407 τελουτμένων
3637 3347 3766 3400 προσ.

2181 3429 2378 3479 οικειοῖ
2431 3429 2510 3496 τῷ
2567 3429 2706 3496 Θεῷ,
2766 3426 3118 3500 πραγματιιιῇ
3164 3421 3271 3495 ἕξει
3323 3445 3382 3478 τε
3427 3423 3513 3478 καὶ
3551 3419 3764 3483 «unitati,

2184 3511 2318 3589 ὅπερ
2350 3512 2439 3568 καὶ
2470 3510 2793 3576 ἀδιδάκτους
2827 3512 3208 3588 μυσταγωγίας
3237 3510 3510 3574 ἐκάλεσεν.

2252 3694 2319 3747 Ἦ
2376 3699 2477 3761 τῆς
2522 3697 2759 3764 νομικῆς
2823 3687 3194 3766 παραδόσεως.
3263 3692 3389 3746 ’Ὀτι
3447 3689 3507 3745 οὐ
3562 3684 3764 3760 μόνονὴ

2179 3782 2386 3853 νομικὴ
2411 3777 2732 3856 παράδοσις,
2766 3777 2912 3834 ἀλλὰ
2953 3779 3043 3834 καὶ
3087 3781 3122 3848 ἡ
3173 3777 3371 3848 τελετή
3402 3782 3508 3834 τῶν
3532 3775 3634 3832 καθ’
3662 3775 3767 3844 ἢμᾶ

2186 3868 2496 3943 μυστηρίων
2526 3873 2636 3924 τῶν
2683 3869 2843 3942 ἱερῶν
2882 3865 3096 3937 -ἐδεήθη
3156 3862 3474 3938 συμϐόλων.
3525 3865 3613 3919 Καὶ
3650 3857 3764 3915 οὐδὲν

2182 3958 2511 4029 θαυμαστὸν,
2536 3956 2673 4011 ὅπου
2693 3955 2781 4011 καὶ
2805 3957 2857 4010 οἱ
2887 3952 3107 4032 ἄγγελοι
3140 3952 3210 4010 δι’
3241 3955 3568 4031 αἰνιγμάτων
3601 3951 3659 4005 τὰ
3679 3952 3766 4012 θεῖα

2185 4049 2456 4120 μυστήρια
2485 4047 2805 4122 προάγουσι.
2869 4044 2972 4102 Καὶ
3019 4044 3184 4106 αὐτὸς
3233 4045 3261 4098 ὁ
3322 4043 3515 4121 Κύριος
3549 4041 3598 4097 ἐν
3635 4057 3770 4114 παρα·

2181 4130 2377 4198 ϐολαῖς
2409 4133 2652 4211 φαίνεται
2685 4133 2988 4210 Θεολογῶν.

2520 4243 2636 4310 Τῆς
2668 4245 2775 4296 τῶν
2811 4238 3084 4314 θεολόγων
3115 4236 3483 4314 παραδόσεως.

2178 4333 2213 4401 ἡ
2250 4333 2342 4404 μὲν
2376 4329 2687 4407 ἀπόρρητος
2731 4330 2820 4385 καὶ
2855 4350 2956 4403 μυ·
3029 4331 3064 4399 ἡ
3118 4327 3175 4384 δὶ
3220 4328 3467 4406 ἐμφανὴς
3508 4322 3773 4401 καὶγνώρι·

2251 4419 2558 4489 πική,ἤτις
2577 4417 2960 4491 έστὶκαὶσυμ-
3109 4438 3229 4492 μσς,
3278 4417 3405 4487 ἥτις
3449 4415 3555 4472 ἐστὶ
3591 4413 3774 4492 φιλόσο-

2250 4503 2474 4578 ϐολικὴ,
2503 4507 2592 4562 καὶ
2633 4505 2952 4577 τελεπική-
2987 4567 2999 4574 _
3099 4527 3199 4585 φος
3300 4506 3392 4561 καὶ
3471 4497 3770 4564 ἀποδεικτική

3069 4596 3159 4651 καὶ
3191 4597 3388 4666 πιθανή
3402 4639 3416 4653 .

2259 4699 2590 4777 Συμϐόλων.
2651 4699 2965 4778 Φυσολογία
3033 4702 3135 4771 τήν
3205 4701 3378 4757 αἰνίαν
3440 4698 3651 4776 ἔχουσα,
3695 4689 3765 4746 διὶ

2181 4791 2233 4847 τί
2277 4790 2345 4847 τᾶ
2395 4791 2489 4864 μὶν
2543 4784 2876 4864 συμϐολικά,
2930 4789 2998 4845 τὰ
3052 4787 3112 4845 δὶ
3153 4787 3398 4866 ἅχραντα
3445 4796 3543 4859 τῆς
3596 4786 3770 4861 Γραφῆς

2181 4877 2568 4954 παραδέδοται.

2251 4971 2333 5025 Δι’
2388 4967 2749 5044 αἷνιγμᾶτων.
2802 4968 2880 5022 Δι’
2933 4965 3290 5043 αἰνιγμάτων,
3350 4967 3429 5030 ὡς
3483 4967 3511 5022 ὁ
3562 4959 3773 5044 παρὰ,τῷ

2179 5058 2425 5134 Ζαχαρία
2467 5043 2699 5133 ἄγγελος
2755 5056 2822 5109 τὰ
2877 5055 3002 5130 περὶ
3057 5060 3153 5110 106
3210 5057 3388 5126 Ἰησοῦ
3445 5058 3539 5109 τοῦ
3567 5043 3772 5134 Ίοσιδῖεδιξ

2179 5148 2269 5203 καὶ
2299 5155 2398 5217 τῆς
2448 5145 2654 5214 στολῆς
2707 5142 2872 5199 αὐτοῦ
2917 5147 3104 5198 τυπῶν
3150 5143 3239 5198 καὶ
3291 5144 3464 5218 λὲγῶν
3497 5163 3511 5176 ·
3559 5129 3774 5208 καὶπαρᾶ

2178 5241 2259 5308 τῷ
2289 5234 2493 5304 Δανιὴλ
2527 5235 2556 5289 ὸ
2609 5228 2874 5308 Γαϐριὴλ,
2905 5231 2972 5285 τὰ
3015 5231 3140 5305 περὶ
3174 5236 3408 5306 Χριστοῦ
3441 5227 3771 5304 διηγούμενος.

2175 5325 2268 5381 καὶ
2322 5325 2390 5378 τὰ
2447 5322 2539 5378 σὺν
2589 5322 2738 5393 αὐτῷ
2799 5319 3030 5394 μυστικᾶ
3089 5319 3465 5395 ὑπαγορεύων,
3523 5315 3608 5372 καὶ
3656 5309 3774 5382 ἕτερα

2175 5418 2420 5470 τοιαῦτα.
2477 5411 2715 5486 Θεουργὰ
2761 5406 2819 5466 δέ
2867 5429 3030 5486 φησιν
3076 5408 3112 5478 ἥ
3159 5408 3228 5465 τὰ
3271 5409 3398 5466 Θεὸν
3451 5404 3771 5464 ἀποτελοῦντα

2174 5487 2265 5558 τὸν
2301 5500 2602 5576 μετέχοντα
2648 5497 2846 5569 αὐτῶν,
2899 5494 2936 5568 ἤ
2983 5498 3052 5552 τὰ
3097 5496 3245 5574 παρὰ
3285 5499 3417 5553 Θεοῦ
3459 5487 3764 5571 εἰργασμένα.
