3972 6214
277 371 386 426 565
1235 376 1294 427 S.
1336 371 1613 428 MAXIMI
1653 368 1963 425 SCHOLIA
1997 370 2074 424 IN
2111 370 2269 425 ΕΡΡ.
2308 375 2368 427 8.
2408 373 2750 430 DIONYSII.
3590 378 3699 434 566

351 494 450 549 Διᾶ
503 499 739 564 τυπικῆς
801 494 1215 568 τραπεζώσεως.
1277 493 1619 569 Τραπέζωσίν
1676 512 1804 569 φησι
1876 489 1924 544 τέ

2126 495 2233 549 Per
2261 494 2506 566 typicam
2552 512 2819 552 mensam.
2870 495 3222 568 Τραπέζωσιν
3272 504 3439 556 vocat
3484 517 3552 558 ea
3598 519 3696 559 sa-

273 583 330 638 ιν
387 587 458 656 τῇ
521 583 636 654 θείᾳ
689 583 930 660 τραπέζῃ
988 580 1077 637 διὰ
1131 587 1228 637 τοῦ
1274 582 1430 657 ἁγίου
1481 584 1647 658 ἄρτου
1695 580 1785 635 καὶ
1841 582 1924 634 τοῐ

2055 590 2505 656 cramenta,quae
2537 587 2592 640 in
2625 585 2823 640 divina
2853 603 3058 642 mensa
3089 604 3191 658 per
3219 605 3450 644 sacrum
3483 608 3694 662 panem

273 671 546 746 ποτηρίου
575 679 675 741 τῆς
707 669 960 748 εὐλογίας
999 670 1301 744 τελούμενα
1354 673 1647 746 μυστήρια.
1683 667 1924 742 Σημείω-

2055 677 2107 727 et
2165 672 2408 728 calicem
2469 673 2894 730 benedictionis
2955 680 3293 731 consecrata
3342 684 3498 733 sunt.
3552 681 3698 737 Nota

273 782 362 814 σαι
397 759 455 815 δὲ
485 759 569 814 ὅτι
595 760 686 814 καὶ
716 763 751 830 ἡ
783 758 995 815 παλαιά
1025 761 1113 814 καὶ
1145 762 1179 828 ἡ
1218 761 1311 814 νέα
1369 760 1556 838 Γραφή
1613 756 1802 814 πολλά
1849 754 1924 810 8ιό

2055 778 2203 828 vero,
2237 777 2372 817 cum
2407 763 2466 818 in
2498 763 2741 834 antiqua
2765 768 2892 819 tum
2923 765 2983 818 in
3015 780 3165 819 nova
3193 763 3320 836 lege
3340 765 3526 824 multa
3545 769 3699 824 tradi

271 844 570 923 συμϐόλων
600 846 966 925 παραδίδωσι,
997 849 1087 904 καὶ
1120 846 1208 903 διὰ
1234 849 1310 905 τί.

346 941 422 1013 [α]
512 940 628 1007 Τὴν
707 938 1056 1013 ἀνθρωπίνην
1146 941 1315 1008 ζωήν.
1374 939 1696 1013 Ἀμέριστον
1781 935 1936 1008 οἶμαι

271 1028 545 1104 εἰρηκέναι
579 1027 740 1082 αὐτὸν
769 1029 872 1097 τήν
927 1026 1270 1102 ἀνθρωπίνην
1304 1027 1446 1096 ζωὴν
1497 1025 1586 1080 καὶ
1651 1025 1932 1100 μεριστὴν,

263 1117 328 1172 τὸ
377 1117 473 1189 μὲν
531 1114 622 1170 διά
672 1116 735 1170 τὸ
791 1123 892 1186 τῆς
923 1119 1114 1190 ψυχῆς
1147 1116 1343 1190 ἀμερές
1391 1117 1485 1170 καὶ
1528 1115 1840 1188 ἀσώματον,
1871 1113 1933 1167 τὸ

273 1203 332 1261 δὶ
365 1203 546 1261 διὰτὸ
581 1209 676 1260 τοῦ
735 1207 992 1278 σώματος
1050 1204 1306 1260 ποικίλον
1355 1226 1414 1259 τε
1461 1204 1551 1260 καὶ
1599 1202 1931 1280 πολυμερές.

268 1298 411 1371 Ὅρα
462 1292 540 1362 δὲ,
572 1299 692 1357 πῶς
751 1295 1066 1368 θαυμασίως
1118 1295 1187 1349 τὰ
1218 1300 1318 1364 τῆς
1351 1297 1536 1369 ψυχῆς
1567 1289 1932 1368 παραδίδωσι.

266 1386 342 1440 Τὸ
393 1384 492 1456 μὲν
539 1386 640 1458 γὰρ
692 1382 858 1452 αὐτῆς
913 1382 1202 1458 ἀμέριστόν
1264 1404 1448 1458 φησιν,
1506 1382 1535 1436 ὃ
1585 1382 1676 1436 καὶ
1730 1379 1930 1443 ἀπαθὲς

269 1470 435 1527 καλεῖ
466 1490 479 1502 '
511 1476 672 1527 τοῦτο
701 1470 756 1528 δέ
786 1471 898 1528 ἐστι
939 1473 1002 1527 τὸ
1046 1479 1147 1542 τῆς
1205 1475 1390 1547 ψυχῆς
1449 1471 1927 1548 ἀκραιφνέστατον,

265 1561 361 1616 καὶ
420 1561 574 1628 αὐτὸ,
604 1562 677 1624 ὡς
741 1563 802 1616 ἄν
853 1583 938 1624 τις
999 1558 1171 1628 εἷ’ποι,
1201 1563 1264 1616 τὸ
1314 1559 1490 1631 ἄνθος,
1522 1557 1654 1634 ὅπερ
1704 1557 1846 1613 ἐστὶν
1899 1559 1926 1612 ὁ

261 1654 412 1717 νοῦς,
450 1651 478 1704 ὁ
507 1649 598 1704 xui
656 1650 717 1705 τὸ
763 1649 989 1725 λογικὸν
1040 1649 1322 1726 προχέων,
1373 1650 1491 1703 καθ’
1554 1648 1612 1702 ’ὀν
1663 1651 1787 1700 νοῦν
1838 1646 1927 1700 καὶ

263 1739 431 1810 νοερᾶ
461 1741 496 1808 ἡ
530 1741 706 1814 ψυχὴ,
739 1738 791 1793 ἐν
825 1739 974 1815 ᾧπερ
1024 1743 1102 1810 νῷ
1152 1739 1220 1792 τὰ
1261 1737 1412 1793 ἁπλᾶ
1447 1737 1535 1791 καὶ
1587 1736 1700 1789 οἷον
1751 1733 1929 1808 γυμνά

265 1821 564 1898 συμϐόλων
626 1827 802 1903 χωρὶς
864 1829 1138 1902 μυστήρια
1190 1824 1495 1896 έπιστητῶς
1545 1823 1922 1879 έποπτεύεται.

267 1916 346 1972 Τὸ
381 1912 441 1970 δὲ
492 1916 662 1985 αὐτῆς
715 1915 968 1990 μεριστόν
1016 1913 1234 1980 έστιν,’ὀ
1266 1915 1353 1968 καὶ
1408 1912 1706 1984 παθητικόν
1768 1931 1923 1990 φησι,

267 2008 434 2059 τοῦτο
467 2002 525 2059 δέ
553 2004 696 2060 ἐστιν
726 2007 762 2074 ἡ
795 2012 892 2074 τῆς
927 2008 1112 2080 ψυχῆς
1157 2001 1407 2076 δύναμις,
1441 2005 1475 2071 ἡ
1525 2002 1660 2076 πρὸς
1699 2002 1793 2063 τὰς
1842 2000 1926 2054 αἶ-

273 2095 496 2164 σθήσεις
520 2093 783 2167 ἐνουμένη
817 2091 906 2148 διὰ
932 2098 1032 2149 τοῦ
1086 2092 1394 2165 πνεύματος
1451 2095 1549 2146 τοῦ
1602 2091 1768 2163 μέσου
1823 2097 1924 2158 τῆς

271 2185 465 2257 ψυχῆς
513 2184 604 2238 καὶ
643 2186 740 2238 τοῦ
801 2184 1074 2256 σώματος,
1104 2181 1156 2236 έν
1220 2181 1265 2254 ᾧ
1314 2181 1581 2253 πνεύματι
1633 2179 1927 2249 ἐναπεστη-

270 2271 528 2346 ριγμέναι
561 2271 695 2327 εῗσὶν
726 2272 781 2326 αἱ
809 2279 909 2341 τῆς
947 2271 1246 2343 αἰσθήσεως
1294 2271 1384 2325 καὶ
1433 2274 1541 2324 τῶν
1593 2265 1923 2337 διανοήσεων

266 2364 377 2415 τῶν
412 2357 504 2414 διὰ
531 2367 631 2430 τῆς
662 2362 904 2435 σκέψεως
963 2362 1383 2438 γνωριζομένων
1445 2355 1718 2431 δυνάμεις.
1752 2360 1925 2411 Τοῦτο

269 2447 364 2503 οὗν
395 2451 695 2521 παθητικόν
726 2449 835 2505 έστι
879 2456 982 2520 τῆς
1045 2453 1254 2524 ψυχῆς,
1287 2449 1380 2503 ἅτε
1427 2445 1516 2502 διὰ
1569 2451 1676 2500 τῶν
1735 2445 1926 2515 αἰσθή-

264 2558 406 2592 σεων
456 2539 534 2603 εἷς
585 2540 954 2615 προσπάθειαν
1025 2538 1227 2609 ταύτης
1293 2541 1402 2592 τῶν
1480 2535 1755 2605 αῗσθητῶν
1827 2553 1926 2588 κα-

261 2629 670 2706 ταφερομένης.
702 2632 874 2685 Τοῦτο
935 2626 992 2683 δὲ
1047 2627 1109 2682 τὸ
1173 2628 1358 2702 μέρος,
1409 2626 1536 2701 φέρε
1595 2624 1783 2691 εἰπεῖν,
1825 2629 1925 2693 τῆς

264 2719 484 2791 ψυχῆς,
541 2717 619 2780 ὡς
671 2718 700 2771 ὁ
758 2720 906 2788 νοῦς,
964 2715 1062 2771 ούκ
1138 2712 1246 2771 ἔστι
1303 2715 1563 2790 καθαρὸν,
1621 2709 1744 2767 οὔτε
1799 2710 1927 2766 έπο-

266 2809 502 2860 πτεῦσαι
561 2803 778 2860 δύναται
829 2804 897 2860 τὰ
955 2807 1071 2860 θεῖα
1124 2806 1214 2859 καὶ
1289 2803 1550 2875 ἐπιστητὰ
1609 2801 1700 2857 καὶ
1757 2800 1926 2872 νοητὰ

263 2892 516 2966 ἀμέσως,
565 2891 714 2949 ἀλλὰ
771 2891 940 2948 δεῖται
995 2891 1159 2967 μέσου
1205 2893 1348 2956 τινὸς
1401 2890 1739 2967 παχυτέρου,
1766 2888 1927 2953 καθά-

265 3001 372 3057 περ
409 2987 879 3059 χειραγωγοῦντος
907 2981 1037 3038 αὐτὸ
1069 2982 1157 3038 ἐπὶ
1185 2983 1253 3036 τὰ
1291 2980 1438 3036 ἁπλᾶ
1492 2980 1586 3035 καὶ
1641 2980 1922 3055 ἀμέριστα,

270 3069 410 3146 ὅπερ
445 3078 592 3126 ποιεῖ
620 3073 687 3126 τὰ
745 3066 1002 3144 σύμϐολά
1057 3069 1149 3125 διὰ
1201 3075 1310 3126 τῶν
1359 3073 1648 3144 μεριστῶν,
1678 3068 1923 3124 τουτέστι

265 3164 381 3215 τῶν
413 3159 686 3232 αἲσθητῶν
719 3160 810 3215 xui
853 3161 1192 3238 φαινομένων
1250 3159 1337 3214 έπί
1394 3161 1461 3213 τὰ
1512 3157 1721 3234 ἄρῥητα
1776 3160 1924 3229 ξενα-

263 3252 426 3324 γοῦν.

345 3338 427 3412 [β]
488 3337 590 3394 Καὶ
647 3339 711 3393 τὸ
795 3338 889 3411 μὶν
971 3337 1170 3401 ἀπαθὲς
1252 3344 1351 3406 τῆς
1430 3339 1639 3410 ψυχῆς.
1695 3335 1925 3398 Ἀπαθὲς

259 3433 368 3495 τῆς
397 3429 583 3500 ψυχῆς
612 3427 676 3481 τὸ
706 3427 915 3502 νοερὸν,
948 3425 1056 3501 οὐχ
1085 3426 1162 3488 ὡς
1182 3427 1356 3494 πάντη
1389 3423 1665 3499 ἀμέτοχον
1695 3422 1920 3492 πάθους,

261 3511 399 3570 ἀλλ’
435 3514 510 3579 ὡς
541 3513 730 3585 ἔξωθεν
762 3519 858 3570 τοῦ
881 3514 1111 3590 πάσχειν
1171 3513 1269 3569 οὐκ
1319 3509 1446 3589 ἔχον
1495 3513 1592 3574 τὰς
1650 3510 1920 3590 ἀφορμὰς,

262 3602 453 3679 ὥσπερ
481 3604 545 3659 τὸ
593 3609 752 3678 σῶμα
807 3603 1089 3666 πλείστοις
1139 3604 1444 3659 ὑποπίπτον
1493 3607 1680 3663 κακοῖς
1708 3604 1753 3638 ⁶²
1783 3622 1921 3672 συμ-

258 3695 580 3766 πτώμασιν,
613 3695 747 3768 ἅπερ
803 3696 838 3762 ἠ
898 3694 1052 3768 ψυχὴ
1116 3690 1237 3746 ἄνευ
1283 3698 1384 3760 τῆς
1432 3691 1633 3752 οἰκείας
1675 3688 1919 3743 έκουσιό-

258 3800 434 3851 τητος
467 3780 577 3856 οὐχ
609 3781 889 3854 ὑπομένει.
923 3779 1231 3850 ΙῙαθητικὸν
1267 3776 1323 3833 δὶ
1351 3778 1518 3848 αὐτῆς
1564 3777 1626 3831 τὸ
1675 3775 1765 3831 διὰ
1810 3782 1916 3832 τῶν

260 3869 573 3940 αἰσθήσεων
653 3869 1044 3941 ἀντιληπτικὸν
1106 3873 1215 3924 τῶν
1290 3866 1508 3941 ἔξωθεν,
1564 3865 1716 3939 ᾧτινι
1793 3888 1918 3943 συγ-

257 3959 416 4034 γενὲς
474 3954 576 4036 ἔφη
633 3960 696 4013 τὸ
754 3956 844 4013 διὰ
901 3952 1194 4030 συμϐόλων
1272 3959 1598 4029 σωματικῶς
1688 3952 1918 4031 παραδί-

262 4042 459 4109 δοσθαι
515 4045 583 4100 τὰ
641 4047 780 4115 θεῖα,
812 4042 882 4100 δι’
914 4046 985 4099 ὧν
1045 4044 1182 4121 πρὸς
1226 4044 1325 4112 τήν
1357 4047 1464 4098 τῶν
1493 4041 1675 4097 αύλων
1723 4043 1918 4119 ἀναγό-

265 4135 410 4207 μεθα
444 4136 562 4198 θέαν
574 4176 588 4190 .

343 4225 421 4298 [γ]
480 4221 778 4299 Θεολογίας
835 4227 1058 4301 σαφοῦς.
1099 4225 1221 4280 Ὅτι
1268 4221 1358 4276 καὶ
1402 4223 1456 4275 οἱ
1493 4219 1776 4297 θεολογίας
1825 4242 1917 4276 σα-

261 4315 406 4388 φοῦς
445 4311 534 4366 καὶ
565 4315 780 4386 γυμνῆς
827 4310 1311 4385 προκαλυμμάτων
1364 4309 1682 4382 ἀκηκοότες,
1713 4309 1916 4372 τύπους

258 4400 420 4462 τινὰς
477 4399 530 4454 έν
586 4400 797 4460 ἑαυτοῖς
853 4399 1254 4455 ἀναπλάττουσι
1313 4399 1450 4474 πρὸς
1525 4397 1712 4468 νόησιν
1782 4398 1914 4460 τοὺς

259 4488 654 4563 ἀκροωμένους
685 4493 1168 4564 χειραγωγοῦντες.
1199 4485 1428 4549 ’Ἄλλως
1450 4506 1462 4518 ·
1497 4485 1798 4561 Θεολογίας
1830 4507 1918 4540 σα-

2047 867 2151 923 per
2185 851 2472 921 symbols,
2505 856 2560 907 et
2587 869 2708 908 cur.

2117 941 2433 994 Humanam
2514 941 2708 996 vitam.
2777 940 3048 996 Arbitror
3122 941 3446 998 humanam
3517 943 3699 1002 vitam

2043 1027 2265 1099 ipsum,
2293 1029 2655 1084 individuam
2687 1035 2742 1084 et
2775 1029 3073 1085 dividuam
3104 1031 3342 1088 dixisse.
3381 1031 3530 1087 Illud
3562 1032 3699 1105 qni-

2045 1117 2175 1172 dem
2208 1121 2446 1189 propter
2476 1117 2683 1173 animae
2714 1117 3190 1174 individuitatem
3222 1124 3398 1190 atque
3426 1120 3696 1194 incorpo-

2043 1205 2333 1276 reitatem,
2384 1205 2494 1260 hoc
2546 1223 2679 1261 vero
2740 1212 2978 1278 propter
3033 1209 3294 1279 corporis
3350 1210 3573 1264 variam
3624 1227 3691 1266 ac

2043 1293 2543 1350 multimembrem
2611 1296 3069 1367 proportionem.
3139 1299 3393 1353 Observa
3467 1302 3689 1368 autem,

2041 1399 2217 1453 quam
2249 1384 2494 1439 miriﬁce
2523 1385 2721 1439 tradat
2748 1401 2818 1440 ea
2848 1401 2975 1457 quas
3005 1390 3147 1440 sunt
3176 1386 3410 1442 animae.
3443 1387 3590 1443 Nam
3631 1388 3690 1442 id

2039 1474 2195 1542 quod
2225 1473 2352 1543 ejus
2383 1476 2675 1540 est,vocat
2703 1473 3074 1528 individuum
3111 1479 3285 1546 atque
3315 1491 3521 1546 expers
3552 1493 3689 1548 pas-

2038 1561 2256 1629 sionis;
2291 1561 2397 1616 hoc
2448 1567 2643 1617 autem
2701 1567 2788 1618 est
2820 1562 2888 1617 id
2941 1565 3095 1635 quod
3147 1563 3207 1618 in
3258 1565 3457 1620 anima
3504 1565 3690 1621 subli-

2039 1650 2375 1706 missimum
2408 1656 2497 1706 est
2528 1655 2722 1722 atque,
2755 1660 2816 1706 ul
2842 1653 2926 1708 ita
2956 1652 3090 1724 quis
3123 1652 3298 1723 dicat,
3331 1657 3435 1709 ﬂos
3480 1654 3687 1724 animi,

2036 1740 2192 1810 quod
2217 1744 2304 1795 est
2328 1756 2518 1808 mens,
2549 1757 2582 1794 a
2605 1757 2720 1811 qua
2755 1740 2931 1796 etiam
2966 1741 3206 1812 proﬂuit
3240 1742 3326 1795 vis
3359 1742 3684 1811 rationalis,

2037 1831 2558 1902 secundumﬁuam
2581 1830 2756 1884 etiam
2773 1829 3347 1902 animaintelligitJn
3364 1831 3471 1887 hac
3485 1837 3682 1888 mente

2034 1918 2329 1990 simplicia
2357 1924 2414 1974 et
2441 1919 2608 1990 quasi
2642 1919 2801 1974 nuda
2829 1919 3129 1990 fmysteria
3178 1919 3305 1975 sine
3340 1911 3678 1992 symbolicis

2035 2007 2179 2063 scite
2210 2007 2677 2079 conspiciuntur.
2733 2007 2869 2063 Pars
2919 2013 3112 2064 autem
3163 2010 3291 2080 ejus
3343 2010 3676 2077 divisibilis,

2034 2112 2211 2166 quam
2245 2101 2301 2150 et
2331 2095 2667 2166 passibilem
2699 2094 2973 2168 appellat,
3003 2102 3094 2152 est
3123 2114 3189 2152 ea
3218 2098 3303 2152 vis
3335 2098 3681 2170 animi,quaa

2035 2202 2168 2241 cum
2201 2185 2476 2241 sensibus
2508 2185 2714 2240 unitur
2762 2185 3057 2241 mediante
3107 2186 3318 2258 spiritu
3369 2187 3578 2243 animae
3627 2192 3684 2244 et

2035 2274 2330 2346 corporis;
2364 2274 2423 2329 in
2469 2290 2584 2344 quo
2633 2274 2848 2345 spiritu
2898 2275 3154 2330 fundatae
3202 2280 3342 2330 sunt
3389 2277 3684 2332 sentiendi

2035 2367 2092 2418 et
2149 2361 2537 2433 intelligendi,
2590 2378 2695 2417 nec
2749 2379 2866 2416 non
2923 2361 3192 2418 intuitive
3234 2363 3686 2435 contemplando

2035 2451 2447 2524 cognoscendi,
2481 2451 2811 2506 facultates.
2865 2451 2998 2508 Haec
3049 2452 3249 2525 itaque
3298 2471 3433 2526 pars
3484 2455 3688 2510 animae

2035 2541 2300 2613 patibilis
2327 2545 2434 2608 est,
2469 2541 2528 2594 in
2561 2544 2850 2611 quantum
2882 2557 2981 2611 per
3012 2557 3226 2597 sensus
3254 2543 3323 2597 ad
3375 2542 3685 2598 sensilium

2037 2630 2404 2686 affectionem
2438 2632 2855 2685 commovetur.
2889 2629 3020 2684 Haec
3053 2634 3247 2685 autem
3279 2647 3438 2702 pars,
3487 2635 3552 2686 ut
3605 2631 3688 2687 ita

2037 2718 2250 2786 dicam,
2279 2718 2511 2784 animis,
2537 2735 2593 2772 v.
2628 2734 2683 2790 g.
2719 2734 2908 2785 mens,
2943 2735 3058 2773 non
3091 2723 3180 2774 est
3228 2719 3468 2774 omnino
3516 2736 3684 2792 pura,

2037 2824 2141 2863 nec
2185 2823 2277 2863 res
2326 2807 2554 2862 divinas
2599 2812 2657 2862 et
2700 2805 3069 2863 intellectiles
3113 2825 3179 2863 ac
3229 2807 3525 2878 spiritales
3575 2808 3686 2864 im-

2037 2896 2290 2952 mediate
2339 2895 2600 2951 contueri
2651 2899 2865 2966 potest,
2915 2896 3016 2951 sed
3068 2913 3217 2967 opus
3266 2896 3444 2952 habet
3491 2897 3685 2952 medio

2036 2986 2293 3057 quodam
2342 2984 2627 3039 crassiore
2676 2983 2868 3056 ipsam
2921 2984 3087 3054 quasi
3140 2985 3573 3039 manuducente
3611 2985 3684 3038 ad

2034 3073 2328 3146 simplicia
2360 3072 2778 3144 individuaque
2799 3073 2954 3144 quod
2989 3073 3255 3146 symbols
3285 3077 3563 3144 praestant
3585 3089 3688 3144 per

2033 3181 2126 3219 res
2157 3163 2448 3232 dividuas,
2481 3162 2538 3216 id
2580 3167 2669 3217 est
2695 3162 2940 3218 sensiles
2969 3167 3145 3234 atque
3193 3167 3561 3234 apparentes,
3613 3162 3686 3217 ad

1949 3228 1994 3298 ο
2033 3269 2248 3310 arcana
2279 3251 2694 3324 promovendo.

2101 3343 2275 3412 Atque
2299 3343 2500 3395 animae
2522 3340 2742 3412 quidem
2758 3356 2896 3411 pars
2918 3340 3270 3411 impatibilis.
3297 3339 3523 3395 Anima;
3550 3356 3688 3412 pars

2030 3429 2384 3502 impatibilis
2415 3435 2504 3485 est
2535 3446 2670 3501 pars
2701 3428 3057 3500 intelligens,
3092 3447 3207 3484 non
3241 3430 3398 3501 quod
3450 3429 3688 3484 omnino

2030 3535 2237 3590 expers
2269 3519 2347 3573 sit
2376 3519 2696 3589 passionis,
2730 3519 2832 3572 sed
2866 3518 3022 3587 quod
3054 3523 3405 3572 internarum
3458 3517 3687 3587 passio-

2031 3624 2170 3662 num
2205 3606 2377 3662 nullae
2410 3623 2472 3661 se
2501 3623 2690 3661 causae
2723 3605 2990 3672 offerant,
3008 3606 3162 3661 sicut
3195 3606 3302 3660 hoc
3334 3622 3547 3676 corpus
3579 3621 3682 3659 no-

2030 3702 2220 3752 strum
2253 3694 2527 3767 plurimis
2567 3694 2898 3764 expositum
2949 3698 3038 3747 est
3086 3694 3502 3758 incommodis,
3553 3709 3679 3762 qua:

2029 3785 2228 3839 anima
2248 3784 2374 3838 sine
2397 3781 2630 3853 propria
2652 3798 2759 3836 sua
2779 3779 3079 3836 voluntate
3101 3797 3217 3836 non
3239 3783 3511 3835 sustinet.
3537 3784 3679 3835 Pars

2027 3889 2159 3928 vero
2183 3873 2310 3942 ejus
2334 3869 2591 3942 patibilis
2620 3873 2709 3926 est
2730 3886 2816 3936 ea,
2851 3886 2980 3941 qua:
3001 3886 3104 3940 per
3123 3886 3335 3924 sensus
3365 3886 3456 3924 res
3487 3873 3678 3924 exter-

2029 3978 2136 4017 nas
2163 3962 2313 4016 327
2350 3958 2758 4031 apprehendit,
2793 3961 2886 4013 cui
2921 3957 3382 4013 connaturaliter
3428 3958 3528 4028 ait,
3579 3974 3682 4030 per

2026 4048 2296 4123 symbola
2333 4063 2613 4119 corporea
2644 4064 2735 4102 res
2766 4047 2996 4118 divinas
3029 4046 3201 4115 tradi,
3229 4046 3443 4118 quibus
3472 4048 3543 4103 ad
3577 4047 3685 4102 im-

2027 4136 2423 4195 materialium
2456 4153 2653 4192 rerum
2685 4134 3242 4207 contemplationem
3275 4137 3646 4192 adducimur.

2096 4229 2298 4298 Aperta
2328 4226 2616 4297 theologia.
2653 4225 2811 4288 Quod
2866 4225 3045 4279 etiam
3093 4223 3135 4278 ii
3184 4226 3281 4294 qui
3330 4223 3682 4296 theologiam

2026 4319 2291 4388 apertam
2324 4319 2380 4370 et
2409 4315 2481 4369 ab
2513 4313 2834 4369 involucris
2869 4314 3150 4368 nudatam
3185 4313 3682 4385 audiunt,ﬁguras

2025 4404 2259 4475 aliquas
2281 4408 2341 4458 in
2365 4401 2578 4474 seipsis
2603 4401 3133 4473 efﬁngant,quibus
3159 4401 3454 4457 auditores
3487 4401 3557 4456 ad
3590 4401 3682 4456 in-

2025 4492 2414 4565 telligentiam
2447 4489 3056 4546 manuducunt.Aliter
3077 4508 3094 4544 :
3114 4489 3440 4560 Thcologize
3469 4496 3680 4560 aperte;

260 4581 427 4656 φοῦς,
459 4579 574 4632 οἷον
610 4596 623 4611 ⁸
655 4580 834 4653 ’Ὡφθη
869 4577 1067 4653 Κύριος
1095 4581 1174 4648 τῷ
1198 4571 1468 4651 Ἀϐραὰμ,
1564 4579 1645 4647 τῷ
1671 4577 1916 4646 Μωϋσεῖ,

2060 4585 2260 4646 unt,ut
2289 4597 2422 4635 cum
2459 4580 2745 4634 Dominus
2775 4578 3109 4634 Abrahamo
3135 4577 3222 4633 vel
3271 4577 3447 4650 Moysi
3498 4595 3679 4649 appa-

259 4665 361 4722 καί
397 4685 410 4698 ο
445 4667 607 4724 Εἶπεν
657 4667 685 4720 ὁ
734 4665 936 4741 Κύριος
969 4685 982 4697 ⁸
1016 4666 1129 4733 καί,
1164 4666 1404 4740 Ἐγένετο
1436 4665 1463 4719 ὁ
1496 4663 1663 4738 λόγος
1717 4665 1918 4738 Κυρίου

261 4756 409 4830 πρὸς
462 4755 554 4810 τὸν
602 4756 914 4833 προφήτην,
947 4755 1037 4808 καὶ
1098 4753 1164 4809 τὰ
1186 4758 1428 4810 τοιαῦτα.
1462 4757 1674 4830 Σαφοῦς
1733 4750 1810 4821 δὲ,
1844 4751 1919 4814 ὠς

263 4843 338 4898 οὐ
367 4841 456 4897 διὰ
483 4837 772 4917 συμϐόύων
815 4847 1157 4899 τυπωτικῶν.
1191 4842 1366 4897 Τύπον
1426 4839 1515 4895 οῦν
1569 4862 1730 4919 φησιν
1790 4840 1918 4895 ἀνα-

261 4929 670 5006 πλαττόμενον,
701 4933 764 5001 ἣν
797 4930 1119 5004 ἐπινοοῦμεν
1154 4929 1242 4986 ἐπὶ
1269 4935 1384 4992 τοῖς
1421 4928 1691 4991 τοιούτοις
1731 4928 1919 5005 ῥητοῖς

263 5014 466 5086 εὐσεϐῆ
500 5019 752 5096 θεωρίαν,
782 5020 872 5076 καὶ
901 5023 970 5094 τῇ
1003 5018 1117 5092 θείᾳ
1145 5018 1296 5097 φύσει
1330 5016 1705 5089 κατάλληλον.

338 5201 366 5268 §
394 5204 464 5256 ΙΙ·
499 5195 574 5272 [ὃ]
607 5198 798 5257 Τύπον
827 5198 949 5253 τινὰ
977 5199 1114 5274 πρὸς
1150 5198 1248 5266 τήν
1281 5195 1492 5266 νόησιν.
1538 5197 1742 5272 Ὥσπερ
1793 5193 1918 5250 ὅταν

255 5287 328 5342 Ex
357 5284 596 5362 δένδρων
627 5289 724 5351 τὰς
758 5287 1078 5349 ὑποστάσεις
1109 5292 1209 5356 τῆς
1253 5291 1639 5361 προσκυνητῆς
1691 5281 1922 5360 Τριάδος

337 5443 416 5516 (υ)
450 5443 625 5501 Exod.
657 5461 758 5502 vn.
835 5445 915 5518 (ω)
944 5444 1062 5502 Jer.
1093 5459 1269 5514 nvn,
1302 5442 1352 5497 1.

2029 4670 2414 4738 ruit,et:szit
2432 4670 2695 4723 Dominus
2717 4667 2814 4739 (v);
2835 4672 2891 4721 et
2915 4683 2927 4722 :
2951 4671 3180 4723 Factum
3201 4675 3279 4722 est
3305 4683 3394 4721 ver
3407 4667 3530 4721 bum
3562 4670 3642 4721 Do
3656 4693 3679 4707 -

2028 4759 2173 4813 mini
2200 4757 2270 4811 ad
2296 4757 2616 4827 prophetam
2647 4755 2753 4826 (ω),
2784 4759 2841 4810 et
2872 4755 3391 4826 similia.Apertam
3422 4771 3554 4810 vero
3583 4771 3679 4809 vo-

2031 4850 2142 4914 cat,
2176 4849 2376 4916 utpote
2408 4860 2523 4898 non
2557 4860 2659 4914 per
2710 4843 3065 4912 symbolicas
3114 4844 3355 4915 ﬁguras.
3400 4843 3676 4915 Figuram

2032 4935 2284 5006 denique
2330 4934 2525 4988 ﬁctam
2578 4931 2833 5003 appellat
2890 4931 3046 5004 piam
3107 4931 3678 5002 contemplationem,

2033 5039 2212 5094 quam
2243 5023 2302 5076 in
2343 5019 2680 5076 istiusmodi
2711 5018 2882 5074 dictis
2933 5019 3320 5091 concipimus,
3371 5023 3428 5075 et
3474 5019 3681 5076 divinae

2033 5114 2255 5166 naturae
2289 5126 2404 5164 non
2435 5108 2845 5179 incongruam.

2100 5199 2129 5270 ἕ
2155 5199 2443 5269 II.Typum
2464 5195 2752 5268 quemdam
2781 5195 2851 5250 ad
2880 5194 3417 5263 intelligentiamUt
3447 5195 3683 5268 quando

2032 5286 2100 5341 D.
2133 5285 2489 5342 Athanasius
2539 5301 2608 5340 ex
2657 5283 2966 5340 arboribus
3018 5284 3332 5341 adoranda:
3379 5284 3685 5343 Trinitatis

1273 5595 1518 5658 VARUE
1547 5598 1939 5662 LECTIONES
1976 5598 2070 5662 ET
2099 5596 2656 5661 CORRECTIONES.

339 5686 389 5722 ⁸³
422 5689 771 5749 κακαγτικοῖς.
