3972 6214
334 394 440 451 567

1155 395 1521 448 APPENDIX
1559 391 1659 446 AD
1696 392 1938 448 OPERA
1974 391 2031 444 Β.
2071 388 2390 443 DIONYSII
2429 391 2932 447 ARBOPAGITE.

3631 390 3732 444 568

333 532 616 589 personas
647 517 1047 586 repraesentat,
1081 518 1138 569 et
1170 514 1266 570 alii
1301 515 1485 569 sancti
1517 531 1584 569 ex
1618 513 1792 570 rebus
1824 511 1977 568 aliis.

2125 506 2419 581 παρίστησιν
2473 510 2501 564 ὁ
2559 511 2702 572 θεῖος
2761 510 3102 580 Ἀθανάσιος,
3161 509 3248 563 καὶ
3319 507 3371 580 ἐξ
3443 506 3624 565 ἄλλων
3681 514 3732 566 οἱ

335 605 484 673 Quin
516 609 573 660 et
599 604 730 676 ipsa
779 603 986 658 mundi
1032 608 1299 658 creatura
1347 603 1749 674 symbolorum
1800 602 1984 657 vicem

335 695 634 761 obtinens,
666 691 1062 748 invisibilibus
1098 692 1194 747 Dei
1225 692 1481 748 obducta
1511 696 1618 748 est.

407 871 559 927 Sicut
586 870 796 925 Paulus
827 869 926 926 ait.
960 869 1054 923 Sic
1085 869 1242 924 enim
1268 867 1592 940 Apostolus
1632 868 1713 923 ait
1763 884 1776 922 :
1831 868 1986 930 Quo-

335 960 498 1017 niam
555 959 875 1014 invisibilia
935 961 1125 1027 ipsius,
1175 957 1510 1028 sempiterna
1558 973 1769 1028 quoque
1816 957 1988 1010 virtus

334 1049 543 1121 ejus,in
565 1049 836 1104 creaturis
865 1047 1283 1117 conspiciuntur
1312 1047 1570 1118 (y).Quin
1607 1044 1986 1116 etChristus:

336 1139 519 1209 (hunc
551 1138 734 1204 enim,
784 1142 849 1190 ut
899 1136 1189 1203 existimo,
1240 1141 1412 1191 vocat
1460 1135 1716 1191 Verbum
1766 1136 1988 1203 verum)

336 1243 470 1282 cum
503 1228 584 1282 ait
616 1243 628 1280 :
661 1226 724 1280 Si
746 1233 958 1280 terrena
993 1225 1116 1279 dixi
1146 1223 1314 1292 vobis,
1349 1233 1398 1280 et
1428 1240 1539 1280 non
1567 1223 1797 1278 crediti:
1821 1241 1838 1277 :
1860 1238 1991 1294 quo-

334 1315 490 1370 modo
511 1316 564 1368 si
587 1313 779 1369 dixero
809 1314 1066 1382 caelestia,
1087 1312 1315 1370 credetis
1345 1313 1418 1384 (τ)
1440 1312 1467 1366 ‘l
1499 1318 1554 1368 et
1583 1329 1706 1383 quae
1729 1316 1868 1366 sunt
1889 1311 1994 1366 hu-

337 1403 622 1474 jusmodi'

409 1492 780 1564 Quamobrem
819 1495 992 1547 etiam
1046 1491 1309 1562 theologi.
1361 1490 1619 1546 Civiliter
1649 1489 1883 1561 quidem
1934 1491 1993 1543 et

241 1573 248 1580 ’
340 1581 609 1653 legaliter
639 1581 1062 1652 (considerant)
1094 1584 1491 1636 correctorum
1537 1580 1992 1651 susceptionem,

345 1675 518 1741 atque
571 1668 931 1739 felicitatem,
986 1676 1042 1724 et
1097 1669 1466 1740 peccantium
1513 1668 1879 1740 punitionem
1930 1683 1996 1722 ac

343 1759 918 1814 condemnationem.
971 1758 1302 1823 Quinetiam
1348 1759 1649 1829 expiantes
1699 1774 1764 1813 ac
1815 1773 1995 1828 puras

343 1847 788 1916 instructiones,
820 1863 886 1901 ac
918 1851 1338 1917 przeservantes
1369 1846 1819 1902 admonitiones.
1872 1845 1991 1899 Hu-

347 1952 522 1992 mano
555 1940 750 1992 autem
784 1953 850 1990 ac
883 1935 1074 1990 medio
1107 1937 1279 1990 modo
1311 1937 1786 2007 (accipiunt)v.g.
1822 1937 1994 1988 inter-

347 2025 872 2097 rogationesjuxta
902 2024 1047 2080 illud
1080 2041 1092 2079 :
1132 2025 1232 2081 Ubi
1259 2029 1337 2081 est
1366 2026 1499 2079 Abel
1525 2027 1706 2096 frater
1734 2031 1860 2079 tuus
1890 2023 1997 2095 (a)?

346 2119 404 2171 et
436 2114 582 2169 illud
618 2132 630 2170 :
661 2114 1003 2170 Descendens
1030 2114 1218 2170 videbo
1253 2115 1325 2185 (b)
1348 2116 1512 2170 .Item
1547 2113 1998 2171 illudzDominus

343 2204 656 2272 interrogat
677 2204 898 2274 justum
927 2209 980 2258 et
1013 2202 1248 2274 impium
1278 2203 1369 2275 (ο).
1403 2205 1537 2269 Quae
1579 2202 1753 2258 etiam
1804 2202 1997 2257 medio

345 2293 517 2348 modo
551 2308 614 2347 se
647 2292 885 2363 habent,
920 2292 1072 2347 inter
1102 2309 1169 2346 ea
1201 2309 1327 2362 quae
1359 2291 1475 2347 Deo
1520 2291 1893 2361 conveniunt,
1943 2295 2001 2346 et

337 2382 496 2437 inter
527 2399 595 2437 ea
625 2398 752 2452 quae
784 2381 1025 2436 omnino
1056 2381 1297 2437 dissona
1325 2382 1620 2448 videntur,
1655 2391 1719 2436 ut
1749 2385 1890 2436 sunt
1919 2379 1998 2434 si-

342 2470 711 2526 militudines
743 2471 1068 2525 bestiarum
1100 2474 1156 2524 et
1208 2471 1588 2525 materiarum
1647 2469 1998 2524 inanimata-

345 2576 501 2616 rum.
539 2559 816 2626 Quaedam
850 2561 988 2615 item
1021 2559 1492 2630 supermundiali
1524 2564 1582 2614 et
1611 2559 1863 2630 perlecta
1912 2575 1998 2612 ra-

346 2650 505 2704 tione
536 2647 835 2720 intelligit,
871 2654 934 2702 ut
965 2647 1272 2716 miracula,
1304 2665 1431 2719 qua-
1465 2655 1617 2702 Deus
1645 2646 1770 2702 sola
1793 2645 1998 2701 volun-

345 2741 464 2794 tate
495 2753 604 2792 sua
629 2737 786 2792 facit.
841 2740 1020 2810 Leges
1072 2741 1268 2792 autem
1322 2741 1672 2808 apparentes
1720 2739 1888 2790 vocat
1935 2739 2001 2789 ut

347 2827 585 2898 quando
619 2825 1054 2896 quodammodo
1085 2830 1327 2880 excusat
1353 2826 1640 2895 virginem
1691 2825 1750 2879 in
1801 2840 1996 2880 eremo

345 2914 645 2981 violatam,
679 2917 738 2969 et
789 2913 1028 2969 similia.
1080 2914 1320 2969 Occulta
1366 2930 1503 2969 vero
1551 2913 1788 2969 oracula
1837 2917 1994 2982 sunt,

339 3019 391 3056 ν.
430 3018 487 3072 g.
513 3001 657 3055 illud
687 3017 700 3055 :
732 3003 901 3058 Jacob
931 3001 1131 3068 dilexi,
1161 3003 1306 3057 Esau
1333 3006 1516 3057 autem
1546 3002 1667 3057 odio
1697 3001 1870 3056 habui
1899 3001 1995 3072 (ά),

349 3089 580 3161 aliaque
611 3089 854 3144 similia.
887 3089 1043 3145 Dixit
1085 3096 1281 3145 autem
1330 3091 1499 3145 Pater
1541 3089 1996 3162 multiformiter;

346 3177 627 3250 quoniam
660 3176 776 3234 alia
805 3179 1047 3248 quidem
1080 3177 1424 3250 symbolice,
1458 3177 1574 3234 alia
1603 3194 1738 3234 vero
1771 3194 1913 3250 pure
1942 3181 1999 3234 et

342 3265 904 3338 supermundialiter
933 3265 1234 3337 Scriptura
1265 3267 1529 3322 tradidit.

409 3356 562 3412 828
593 3355 722 3412 Alia
750 3355 970 3427 quidem
1021 3354 1284 3411 civiliter.
1333 3354 1710 3428 Philosophia
1752 3355 1990 3426 quidem

345 3447 562 3517 partim
595 3449 683 3500 est
712 3445 1209 3517 practica,partim
1243 3443 1708 3515 speculativa.Ac
1739 3444 1994 3516 practica

339 3534 485 3589 item
516 3532 634 3589 alia
663 3538 753 3591 est
779 3533 1014 3606 publica
1045 3549 1148 3588 seu
1173 3533 1528 3603 communis,
1547 3537 1603 3588 et
1629 3532 1867 3604 politica
1887 3549 1992 3588 seu

342 3621 529 3678 civilis
561 3621 910 3694 appellatur,
943 3627 1008 3677 ut
1038 3621 1366 3694 legislatio;
1419 3621 1536 3676 alia
1581 3638 1714 3677 vero
1765 3620 1990 3692 privata

337 3727 438 3768 seu
473 3709 864 3783 particularis,
899 3716 965 3765 ut
994 3710 1186 3765 ethica
1218 3727 1317 3766 seu
1348 3709 1611 3765 moralis.
1654 3710 1842 3764 Media
1893 3726 1990 3763 au-

338 3809 450 3856 tem
483 3799 638 3855 inter
686 3799 1005 3870 practicam
1053 3803 1141 3854 est
1190 3797 1569 3868 mconomica,
1620 3797 1988 3869 speculatisz

331 3906 468 3944 vero
500 3906 636 3960 pars
665 3887 786 3955 illa,
811 3904 937 3958 quae
987 3904 1078 3942 res
1128 3885 1370 3942 sensiles
1415 3904 1480 3942 ac
1512 3886 1824 3942 mutabiles
1855 3903 1988 3958 spe-

333 3981 470 4043 ctat,
505 3977 747 4048 physica
776 3981 830 4031 et
861 3977 1250 4047 cosmologica
1281 3982 1676 4047 nuncupatur;
1697 3992 1823 4046 quae
1853 3992 1985 4030 vero

329 4062 695 4118 iutelloctilia
723 4069 780 4118 et
811 4070 1026 4119 aeterna
1057 4065 1506 4135 contemplatur,
1536 4064 1986 4134 contemplativa

330 4156 386 4205 et
417 4150 745 4221 theologica
775 4151 1023 4218 dicitur;
1057 4157 1232 4223 atque
1283 4152 1404 4207 haec
1449 4152 1981 4224 impraesentiarum

327 4240 810 4312 exposuit.Media
833 4245 1026 4296 autem
1050 4242 1203 4296 inter
1225 4241 1644 4312 speculativam
1669 4245 1759 4296 est
1791 4246 1981 4296 astro-

328 4329 581 4400 nomica,
613 4333 669 4384 et
700 4329 1138 4396 mathematica,
1172 4345 1298 4399 quas
1332 4330 1690 4400 sempiterna
1719 4328 1818 4383 illa
1847 4346 1982 4384 sen-

325 4417 463 4474 silia
493 4417 846 4474 considerat.
881 4417 998 4473 Hoc
1032 4417 1334 4488 Scriptura
1361 4417 1598 4488 quidem
1651 4433 1761 4472 non
1816 4416 1977 4488 dicit,

330 4508 432 4562 sed
463 4507 687 4563 Hebrmi
719 4506 938 4562 habent
965 4506 1026 4562 in
1059 4506 1532 4562 Deuteronomio.

393 4597 515 4652 Non
570 4599 723 4652 enim
773 4596 982 4652 nudam
1029 4595 1346 4651 historiam.
1401 4593 1686 4658 Quoniam
1737 4610 1804 4650 ea
1847 4611 1973 4666 quae
2004 4623 2051 4688 Β

322 4685 662 4758 symbolice,
694 4685 814 4741 sive
855 4685 1129 4741 historice
1180 4685 1240 4740 in
1287 4684 1588 4755 Scriptura
1637 4690 1972 4748 narrantur,

321 4772 482 4829 haud
529 4775 749 4830 nudam
801 4774 1113 4829 historiam
1164 4773 1484 4837 continent,
1537 4773 1634 4827 sed
1686 4771 1972 4827 viviﬁcam

318 4862 760 4933 perfectionem.
792 4862 1095 4918 Viviﬁcam
1118 4867 1312 4916 autem
1339 4861 1753 4932 perfectionem
1784 4865 1970 4928 vocat,

316 4952 470 5022 quod
521 4953 743 5009 sanctis
773 4969 988 5024 scopus
1019 4951 1119 5015 sit,
1154 4966 1256 5022 per
1282 4950 1611 5020 Scripturas
1643 4951 1885 5016 erudiri,
1919 4955 1975 5005 et

313 5039 386 5094 ad
418 5040 597 5096 vitam
629 5046 904 5097 aeternam
936 5039 1158 5112 perﬁci.
1185 5039 1315 5093 Hec
1348 5041 1542 5093 autem
1576 5037 1739 5106 dicit,
1775 5042 1973 5093 osten-

311 5129 824 5200 dens,necessario
859 5146 1162 5203 anagogen
1193 5132 1253 5184 et
1280 5127 1620 5199 allegoriam
1654 5126 1971 5182 admitten-

310 5217 448 5274 dam
478 5235 628 5276 esse.

379 5389 458 5461 (3/)
487 5390 651 5447 Βοωο
686 5407 725 5462 I,
756 5390 844 5445 20·
921 5390 995 5462 (λ)
1024 5390 1193 5449 Joan.
1225 5405 1308 5460 ιιι,
1344 5389 1430 5445 12.

2095 595 2283 651 λοιποὶ
2316 599 2484 672 ἅγιοι.
2512 598 2577 654 Τί
2607 601 2651 634 ⁸³
2679 598 2768 654 καὶ
2797 601 2832 667 ἡ
2863 602 2960 653 τοῦ
2990 597 3200 670 κόσμου
3245 594 3579 673 δημιουργία
3629 603 3732 652 τῶν

2093 685 2335 760 ἀοράτων
2367 691 2463 740 τοῦ
2495 691 2627 741 Θεοῦ
2673 682 3076 762 προϐέϐληται,
3105 687 3310 760 τρόπον
3354 688 3476 742 τινὰ
3530 682 3739 760 συμϐό-

2095 771 2207 828 λων
2239 774 2384 845 τάξιν
2419 774 2712 850 ἐπέχουσα.

2171 865 2236 936 [ε]
2294 865 2542 938 Καθάπερ
2630 865 2759 942 φησί
2835 863 3070 928 Παῦλος.
3119 866 3175 918 Ὀ
3256 865 3350 938 μὲν
3406 865 3740 926 Ἀπόστολος

2525 953 2603 1011 Τὰ
2656 955 2756 1029 γάρ
2786 953 2988 1029 ἀόρατα
3045 955 3234 1026 αὐτοῦ,
3265 953 3299 1022 ἢ
3333 975 3390 1008 τε
3422 951 3596 1016 ἀΐδιος
3645 954 3741 1008 αὖ·

2095 1045 2192 1094 τοῦ
2245 1038 2494 1115 δύναμις,
2554 1042 2604 1096 ἐν
2671 1048 2786 1104 τοῖς
2866 1045 3142 1116 ποιήμασι
3193 1046 3507 1118 καθορᾶται.
3566 1045 3631 1101 Ὀ
3690 1041 3743 1097 δὲ

2099 1131 2337 1204 Χριστὸς
2368 1135 2583 1204 (τοῦτον
2611 1131 2734 1205 γὰρ,
2766 1131 2942 1204 οἶμαι,
2975 1129 3135 1186 καλεῖ
3161 1133 3252 1187 τὸν
3297 1132 3478 1203 ἀληθῆ
3541 1133 3744 1207 Λόγον)

2102 1219 2224 1272 ὅταν
2283 1219 2414 1294 λέγῃ
2450 1239 2462 1252 '
2524 1220 2586 1277 Εἰ
2642 1220 2709 1275 τὰ
2763 1221 2971 1297 ἐπίγεια
3027 1221 3174 1276 εἶπον
3240 1223 3389 1294 ὑμῖν,
3423 1221 3510 1276 καὶ
3553 1223 3624 1276 οὐ
3658 1242 3747 1274 πι-

2101 1308 2312 1363 στεύετε
2346 1328 2357 1339 ⁸
2391 1314 2528 1381 πῶς,
2562 1307 2648 1362 ἐὰν
2700 1308 2836 1364 εἶ’πω
2885 1310 3012 1382 ὑμῖν
3057 1311 3125 1364 τὰ
3173 1309 3484 1387 ἐπουράνια,
3525 1311 3747 1366 πιστεύ-

2105 1418 2221 1453 σετε
2247 1416 2259 1466 ;
2290 1397 2380 1452 καὶ
2409 1396 2506 1452 ὅσα
2534 1402 2778 1456 τοιαῦτα.

2180 1487 2251 1558 [ς]
2307 1486 2399 1540 Διὸ
2453 1487 2542 1540 καὶ
2601 1487 2654 1540 οἱ
2713 1486 2988 1562 θεολόγοι.
3023 1486 3330 1550 Πολιτικῶς
3394 1489 3487 1561 μὲν
3517 1489 3612 1543 καὶ
3671 1489 3751 1542 ὲν-

2104 1573 2290 1647 νόμως
2347 1576 2448 1644 τήν
2499 1579 2605 1629 τῶν
2659 1575 3069 1652 κατορθούντων
3104 1573 3387 1652 ἀποδοχήν
3441 1577 3528 1632 καὶ
3588 1577 3755 1632 εὐπά-

2105 1666 2248 1726 θειαν
2281 1663 2370 1717 καὶ
2397 1667 2503 1717 τῶν
2538 1661 3022 1737 πλημμελούντων
3053 1667 3152 1734 τὴν
3176 1667 3411 1720 κάκωσιν
3442 1665 3528 1720 καὶ
3587 1665 3753 1720 κατᾶ-

2102 1773 2296 1827 κρισιν.
2327 1751 2691 1827 Καθαρτικοὺς
2737 1750 2794 1807 δὲ
2837 1753 2928 1808 καὶ
2978 1755 3284 1830 ἀχράντους
3322 1754 3417 1816 τὰς
3471 1757 3754 1818 νουθεσίας

2103 1843 2191 1896 καὶ
2221 1840 2664 1918 προφυλακτικάς
2719 1844 3081 1917 παραινέσεις.
3116 1845 3506 1918 Ἀνθρωπικῶς
3551 1841 3615 1898 δὲ
3664 1845 3753 1898 καὶ

2111 1931 2308 2004 μέσως,
2336 1932 2450 1984 οἷον
2497 1932 2594 1992 τὰς
2643 1929 2877 2001 πεύσεις,
2910 1932 2984 1995 ὠς
3028 1931 3090 1987 τό
3125 1951 3136 1965 ·
3171 1937 3284 1986 Ποῦ
3325 1928 3494 1989 Ἀϐελ
3527 1932 3553 1986 ὁ
3587 1931 3754 1988 ἀδελ-

2107 2019 2205 2098 φός
2261 2019 2516 2087 σουςκαὶ
2573 2020 2636 2073 τό
2672 2041 2684 2053 ·
2739 2015 2989 2083 Καταϐἀς
3046 2017 3251 2094 ὄψομαι
3289 2040 3302 2052 ·
3356 2022 3441 2075 καὶ
3488 2021 3548 2076 τό
3585 2043 3600 2056 ο
3656 2021 3758 2075 Κύ-

2108 2129 2222 2183 ριος
2279 2107 2508 2176 ἐξετάζει
2559 2108 2650 2163 τὸν
2711 2106 2919 2163 δίκαιον
2973 2110 3064 2163 καὶ
3143 2110 3234 2164 τὸν
3307 2105 3498 2178 ἀσεϐῆ.
3553 2112 3758 2166 "Amm

2107 2197 2196 2252 καὶ
2262 2197 2439 2269 μέσως
2499 2194 2689 2271 ἔχουσι
2745 2203 2855 2252 τῶν
2904 2219 2959 2253 τε
2992 2203 3097 2270 θεῷ
3126 2194 3443 2272 πρεπόντων
3498 2200 3590 2253 καὶ
3650 2204 3760 2254 τῶν

2106 2284 2281 2354 πάντη
2341 2283 2697 2363 ἀπεμφαίνειν
2755 2283 3089 2353 δοκούντων,
3137 2287 3377 2342 τουτέστι
3436 2288 3761 2360 ὁμοιώσεως

2109 2373 2312 2447 θηρίων
2367 2373 2456 2428 καὶ
2500 2373 2642 2428 ὑλῶν
2689 2375 2936 2451 ἀψύχων.
2968 2375 3372 2450 Ὑπερκοσμίως
3425 2373 3481 2430 δὲ
3533 2376 3627 2430 καὶ
3682 2397 3760 2430 τι·

2110 2461 2503 2537 λεσιουργικῶς
2559 2485 2690 2540 φησι
2748 2464 2842 2525 τὰς
2900 2464 3051 2540 λόγῳ
3106 2464 3196 2519 καὶ
3247 2465 3400 2537 μόνῳ
3447 2464 3763 2540 βουλήματι

2107 2549 2585 2626 παραδοξοποιίας.
2645 2552 2870 2624 Νόμους
2928 2549 2986 2607 δὶ
3064 2554 3444 2630 φαινομένους,
3503 2554 3576 2616 ὡς
3635 2555 3757 2610 ὅταν

2108 2639 2410 2716 ἀπολογίας
2453 2642 2594 2711 ἀξιοῖ
2639 2643 2736 2710 τήν
2788 2641 2839 2696 ὲν
2891 2641 3084 2715 ἐρήμῳ
3129 2642 3435 2718 βιασθεῖσαν
3466 2643 3759 2717 παρθένον,

2107 2730 2195 2783 καὶ
2249 2730 2315 2784 τὰ
2373 2729 2560 2802 ὅμοια.
2595 2731 2841 2807 Ἀφανεῖς
2895 2727 2952 2784 δὲ
3000 2730 3254 2804 θεσμοὺς,
3288 2734 3404 2786 οἷον
3441 2750 3454 2764 ⁸
3487 2733 3595 2788 Τὸν
3647 2735 3756 2788 Ἰα-

2106 2814 2222 2873 κὼϐ
2283 2820 2566 2892 ἠγάπησα,
2624 2819 2717 2874 τὸν
2772 2816 2830 2873 δὶ
2887 2819 3051 2875 Ἠσαῦ
3137 2817 3391 2893 ἐμίσησα,
3449 2820 3540 2875 καὶ
3597 2818 3757 2898 ἕτερα

2103 2912 2345 2963 τοιαῦτα.
2502 2907 2872 2982 Πολυτρόπως
2927 2905 2983 2963 δὲ
3028 2905 3128 2986 ἔφη
3182 2909 3210 2962 ὁ
3255 2911 3466 2984 Πατὴρ,
3501 2907 3642 2965 διότι
3690 2911 3755 2966 τὰ

2111 2998 2205 3071 μὲν
2239 2991 2614 3070 συμϐολικῶς,
2646 2997 2710 3052 τὰ
2748 2995 2805 3053 δὲ
2837 2997 3124 3074 ἀχράντως
3153 2998 3242 3052 καὶ
3302 2999 3688 3072 ὑπερκοσμίως
3718 3003 3753 3070 ἡ

2107 3086 2292 3162 Γραφή
2325 3083 2699 3159 παραδέδωκε.

2097 951 2239 1006 οὕτω
2287 954 2419 1030 φησί
2452 974 2463 985 ⁸

2174 3349 2254 3405 Τά
2302 3350 2396 3422 μὲν
2457 3349 2778 3414 πολιτικῶς.
2833 3356 2940 3420 Τῆς
2997 3349 3322 3428 φιλοσοφίας
3375 3353 3438 3407 τὸ
3500 3353 3596 3426 μὲν
3648 3351 3758 3407 ἔστι

2103 3437 2420 3512 πρακτικὸν,
2442 3438 2504 3492 τὸ
2537 3435 2594 3493 δὲ
2641 3437 2996 3514 θεωρητικόν.
3030 3439 3127 3494 Καὶ
3175 3445 3276 3496 τοῦ
3328 3442 3421 3514 μὶν
3454 3446 3756 3516 πρακτικοῦ

2105 3527 2164 3580 τὸ
2199 3527 2292 3598 μὲν
2327 3525 2436 3581 ἔστι
2468 3528 2664 3595 κοινὸν,
2680 3528 2709 3582 ’ὀ
2732 3528 2817 3582 καὶ
2849 3527 3134 3584 πολιτικὸν
3157 3527 3426 3603 καλεῖται,
3443 3533 3564 3585 οἷον
3583 3533 3648 3586 τὸ
3668 3552 3756 3585 νο-

2108 3615 2390 3689 μοθετικόν
2423 3635 2436 3649 °
2467 3617 2529 3671 τὸ
2563 3614 2620 3671 δὲ
2651 3615 2808 3687 ἴδιον,
2841 3619 2956 3673 οἷον
2986 3617 3048 3673 τὰ
3076 3618 3292 3688 ἠθικόν.
3325 3619 3508 3676 Μέσον
3543 3617 3600 3675 δὲ
3624 3641 3754 3696 πρα·

2100 3708 2288 3758 κτικοῦ
2317 3705 2379 3758 τὸ
2417 3702 2859 3778 οἱκονομητικόν.
2893 3709 3006 3763 Τοῦ
3052 3704 3110 3762 δὲ
3158 3709 3498 3781 θεωρητικοῦ
3545 3710 3606 3763 τὸ
3657 3710 3750 3781 μὲν

2102 3791 2412 3866 ὠνόμασται
2446 3795 2689 3871 φυσικὸν,
2721 3795 2784 3848 τὸ
2814 3793 2867 3849 ἐν
2899 3793 3182 3866 αἶ’σθητοῖς
3226 3797 3316 3850 καὶ
3353 3791 3750 3870 μεταϐλητοῖς,

2101 3883 2129 3936 ’ὀ
2159 3883 2248 3935 καὶ
2279 3881 2683 3958 κοσμολογικόν
2715 3882 2826 3938 ἐστι
2865 3902 2880 3919 ο
2905 3884 2968 3938 τὸ
2999 3881 3056 3938 δὲ
3086 3883 3379 3941 ἐποπτικὸν
3431 3887 3520 3940 καὶ
3558 3885 3752 3950 θεολο-

2099 3970 2275 4044 γικὸν,
2305 3971 2367 4026 τὸ
2421 3969 2472 4025 ἐν
2531 3977 2751 4042 νοητοῖς
2799 3972 2890 4026 καὶ
2939 3970 3157 4035 ἀϊδίοις.
3187 3978 3366 4028 Ταῦτα
3416 3971 3508 4028 νῦν
3543 3973 3749 4046 ἐξέθετο

2099 4058 2149 4112 ὲν
2206 4058 2445 4122 τούτοις.
2477 4061 2653 4116 Μέσον
2709 4058 2766 4116 δὲ
2816 4066 2913 4116 τοῦ
2945 4063 3282 4135 θεωρητικοῦ
3323 4061 3385 4116 τὸ
3435 4061 3486 4118 ἰν
3550 4060 3752 4125 ἀϊδίοις

2096 4147 2186 4201 καὶ
2235 4148 2538 4219 αἰσθητοῖς,
2573 4148 2703 4224 ὅπερ
2761 4148 2899 4204 ἐστὶν
2961 4150 3357 4227 ἀστρονομικὸν
3417 4152 3509 4205 καὶ
3575 4155 3757 4223 μαθη-

2101 4237 2324 4308 ματικόν
2358 4255 2372 4271 ο
2408 4237 2541 4314 ὅπερ
2589 4241 2624 4308 ἡ
2680 4240 2772 4312 μὲν
2808 4242 2993 4317 Γραφὴ
3036 4239 3098 4295 οὗ
3131 4239 3297 4317 λέγει,
3330 4241 3382 4295 οἱ
3413 4240 3469 4295 ὃὶ
3499 4235 3755 4315 Ἑϐραῖοι

2095 4323 2146 4378 έν
2178 4330 2256 4397 τῷ
2286 4327 2688 4402 Δευτερονομίῳ
2714 4326 2962 4405 ἔχουσιν.

2164 4596 2244 4669 [η]
2295 4595 2372 4653 Ού
2425 4594 2525 4672 γὰρ
2581 4593 2823 4668 ἱστορίαν
2878 4593 3069 4669 ψιλήν.
3101 4599 3221 4653 ’Ότι
3272 4595 3340 4652 τὰ
3386 4592 3751 4671 συμϐολικῶς

2081 4679 2206 4751 ἤτοι
2238 4685 2527 4759 ἱστορικῶς
2554 4687 2621 4757 τῇ
2656 4689 2842 4762 Γραφῇ
2876 4684 3139 4758 εἰρημένα
3168 4683 3274 4760 οὐχ
3325 4685 3574 4760 ἱστορίαν
3624 4684 3745 4763 ἔχει

2083 4771 2276 4844 ψιλὴν,
2305 4771 2450 4828 ἀλλά
2483 4774 2718 4841 ζωτικὴν
2747 4771 3045 4830 τελείωσίν.
3082 4774 3324 4842 Ζωτικήν
3367 4771 3426 4828 δὲ
3453 4773 3743 4830 τελείωσιν

2085 4858 2228 4935 λέγει
2287 4862 2347 4915 τὸ
2402 4861 2600 4915 σκοπὸν
2665 4863 2799 4916 εἶναι
2858 4867 2975 4924 τοῖς
3008 4862 3179 4937 ἁγίοις
3206 4859 3294 4917 διὰ
3341 4867 3447 4917 τῶν
3510 4868 3740 4939 Γραφῶν

2082 4950 2220 5023 πρὸς
2269 4951 2368 5017 τὴν
2419 4947 2644 5004 αἶ’ώνιον
2699 4950 2842 5019 ζωὴν
2882 4950 3221 5014 τελειοῦσθαι
3249 4950 3376 5013 τοὺς
3409 4948 3741 5025 διδασκομέο

2081 5058 2227 5099 νους.
2261 5039 2440 5094 Ταῦτα
2494 5034 2550 5091 δέ
2606 5059 2762 5116 φησι,
2819 5036 3029 5102 δεικνὺς
3091 5039 3389 5116 ἀναγκαίως
3442 5042 3545 5109 τήν
3603 5041 3735 5096 ἀνα-

2081 5128 2269 5202 γωγὴν
2299 5126 2390 5182 καὶ
2422 5125 2764 5203 ἀλληγορίαν
2797 5123 3338 5204 παραλαμϐάνεσθαι.

1513 5389 1588 5462 (a)
1617 5392 1757 5445 Gen.
1791 5406 1868 5458 xv,
1899 5389 1952 5448 9.

2139 5389 2281 5447 Gen.
2315 5405 2474 5460 XVIII,
2501 5390 2589 5444 21.
2669 5389 2738 5462 (c)
2772 5389 2925 5447 Psal.
2958 5407 3013 5459 ι,
3039 5391 3095 5445 6.
3171 5389 3251 5462 (ἁ)
3281 5389 3450 5448 Rom.
3483 5407 3565 5460 Ix,
3601 5392 3688 5448 13.

1321 5583 1562 5641 VARIIE
1599 5583 1987 5643 LECTIONES
2022 5585 2114 5643 ET
2158 5583 2686 5644 CORREGTIONE

377 5680 423 5716 ⁸³
451 5677 558 5736 ὅτι.

3970 475 3972 624 ι
