3972 6214
211 392 318 448 569

284 515 649 588 Ἱεροπρεπῶς
750 506 1084 569 διαϐαίνειν.

213 602 304 656 καὶ
338 596 678 670 διαϐάλλειν,
708 600 738 655 ’ὀ
768 600 906 655 ἐστιν
949 596 1222 657 εἷσϐαλεῖν
1271 603 1360 657 καὶ
1407 601 1692 668 εἰσελθεῖν,
1743 599 1870 655 εἷ’σω

209 711 269 744 τε
330 691 580 765 γενέσθαι
610 694 707 744 τοῦ
756 690 1092 766 πράγματοςο
1155 691 1298 746 οὕτω
1342 691 1474 768 φησὶ
1534 692 1625 745 καὶ
1686 698 1870 766 Διογε-

214 779 418 840 νιανός.

287 869 371 924 Τὰ
404 867 698 941 ὑπερούσια
737 872 910 941 φῶτα.
949 869 1268 944 Ὑπερούσια
1315 872 1488 946 φῶτα,
1536 867 1627 922 καὶ
1677 867 1872 937 νοητὰ,

212 957 305 1011 καὶ
339 958 478 1027 θεῖα,
506 957 604 1024 τὴν
638 957 1018 1032 πανάχρσντον
1051 959 1139 1012 καὶ
1173 959 1436 1032 παναγίαν
1481 953 1688 1032 Τριάδα
1715 956 1867 1034 φησί·

211 1045 446 1115 νοητοὺς
479 1042 537 1099 δὲ
569 1044 834 1120 ἀγγέλους
860 1044 986 1108 τοὺς
1036 1041 1602 1121 ὑπεραναϐεϐηκότας.
1653 1047 1760 1113 Τὴν
1815 1042 1873 1098 δὲ

215 1131 479 1212 διαφορὰν
527 1133 733 1187 τούτων
784 1135 1246 1210 παρατεθείκαμεν
1301 1134 1351 1190 ἐν
1403 1135 1482 1207 τῷ
1533 1134 1663 1210 Περί
1715 1133 1868 1197 θείων

215 1222 503 1295 ὀνομάτων
534 1221 779 1284 τελείως.

285 1313 437 1366 Κατὰ
465 1316 571 1366 τῶν
603 1315 814 1382 νοητῶν
847 1312 1012 1367 αὐτοῦ
1041 1317 1334 1388 προνοιῶν.
1370 1314 1491 1370 Ἐπὶ
1532 1314 1627 1385 μὶν
1669 1332 1872 1387 προνο-

217 1405 338 1471 ιῶν,
372 1399 450 1462 ὡς
474 1401 536 1455 τὸ
569 1398 621 1454 ἐν
653 1399 1041 1476 Εὖαγγελίοις·
1078 1406 1190 1477 Πῦρ
1221 1399 1395 1470 ἦλθον
1430 1401 1614 1477 βαλεῖν
1659 1399 1747 1454 ἐπὶ
1775 1402 1874 1469 τὴν

210 1497 340 1565 τῆν’
377 1488 562 1564 λόγων
596 1487 674 1557 δὲ,
709 1490 782 1550 ὡς
830 1490 977 1565 παρὰ
1006 1495 1084 1562 τῷ
1115 1491 1369 1564 Ἱερεμίᾳ·
1406 1490 1530 1564 Οὐχ
1587 1489 1760 1551 οὕτως
1821 1491 1873 1542 οἱ

213 1576 374 1654 λόγοι
410 1599 515 1650 μου
547 1577 728 1654 ὥσπερ
763 1583 893 1653 πῦρ,
927 1579 1074 1653 λέγει
1102 1579 1303 1655 Κύριος
1331 1600 1344 1650 ;
1396 1580 1514 1647 Τὴν
1544 1583 1644 1633 τοῦ
1700 1576 1872 1652 πυρὰς

214 1666 312 1721 οὗν
346 1666 529 1722 εἰκόνα
557 1664 812 1736 δηλονότι
845 1667 934 1722 ἐπὶ
964 1672 1061 1722 τοῦ
1089 1672 1222 1723 Θεοῦ
1256 1667 1441 1730 ἄλλως
1476 1665 1557 1722 δεῖ
1599 1661 1872 1734 ἐκλαϐεῖν,

216 1757 307 1811 καὶ
343 1755 534 1818 ἄλλως
565 1755 652 1810 ἐπὶ
681 1761 788 1811 τῶν
811 1761 1050 1829 νοητῶν,
1076 1756 1324 1832 ἀγγέλων
1351 1754 1608 1827 δηλονότι
1634 1757 1721 1810 καὶ
1746 1776 1876 1830 προ-

215 1850 383 1900 νοιῶν
419 1850 552 1900 Θεοῦ
582 1847 669 1900 καὶ
704 1844 904 1921 λόγων.

1172 395 1230 446 S.
1271 396 1540 449 MAXIMI
1576 393 1881 449 SCHOLIA
1916 394 1990 448 IN
2029 394 2187 447 EPP.
2227 396 2285 448 S.
2325 393 2662 448 DIONYSII.

3521 395 3632 449 570

1196 509 1500 568 Διαϐαίνειν
1606 514 1866 588 γρᾶφεται
1897 523 1952 590 Α

2053 513 2219 571 Sacro
2242 515 2397 570 modo
2427 522 2730 585 penetrare.
2764 508 3085 584 Διαϐαίνειν,
3118 515 3234 570 alia
3258 514 3424 572 lectio
3454 515 3630 572 habet

1983 597 2322 670 διαϐάλλειν,
2356 603 2411 658 id
2443 609 2534 658 est
2566 603 2791 674 ingredi
2823 609 2880 659 et
2911 604 3148 671 intrare,
3196 609 3252 659 et
3299 603 3456 660 intra
3504 621 3626 661 rem

1981 693 2170 765 ipsam
2204 709 2365 760 esse;
2400 693 2482 748 uti
2515 693 2691 748 etiam
2724 692 3120 765 Diogenianus
3151 693 3252 748 ait.

2052 872 2523 942 Supernaturatia
2545 872 2781 926 lumina.
2815 872 2891 926 Su
2902 871 3416 942 persubstantialia
3445 876 3502 927 et
3529 872 3630 927 in-

1981 960 2280 1016 tellectilia
2311 978 2376 1016 ac
2408 961 2606 1015 divina
2653 960 2879 1016 lumina
2928 968 3093 1016 vocat
3141 959 3521 1032 purissimam
3573 963 3632 1016 et

1981 1050 2422 1105 sanctissimam
2445 1050 3150 1120 Trinitatem,superiores
3172 1055 3367 1106 autem
3392 1049 3632 1121 angelos

1980 1145 2146 1195 vocat
2175 1139 2569 1194 intellectiles.
2603 1139 2820 1195 Horum
2853 1144 3047 1194 autem
3079 1139 3472 1195 differentiam
3503 1156 3633 1210 per-

1982 1229 2128 1284 fecte
2158 1229 2589 1300 assignavimus
2615 1227 2673 1282 in
2707 1227 2855 1283 libro
2886 1231 2958 1283 De
2986 1227 3193 1284 divinis
3221 1229 3557 1283 nominibus.

2057 1323 2132 1373 De
2162 1317 2582 1374 intellectitibus
2610 1318 2730 1388 ejus
2759 1317 3140 1389 providentiis.
3191 1321 3268 1372 De
3318 1318 3632 1389 providen-

1983 1406 2079 1461 tiis
2134 1407 2395 1477 quidem,
2446 1410 2510 1461 ut
2548 1406 2607 1461 in
2639 1406 2966 1475 Evangeliis
3000 1423 3012 1462 :
3048 1410 3236 1478 Ignem
3266 1407 3390 1461 veni
3413 1405 3633 1460 mittere

1983 1497 2044 1551 in
2074 1503 2283 1550 terram
2315 1496 2405 1567 (ε).
2441 1496 2520 1551 De
2551 1495 2924 1551 sermonibus
2951 1512 3107 1564 vero,
3157 1500 3221 1550 ut
3265 1496 3419 1566 apud
3467 1495 3632 1550 Jers-

1985 1585 2162 1639 miam
2195 1601 2207 1640 :
2243 1585 2506 1656 Nunquid
2534 1602 2643 1641 non
2693 1586 2856 1642 verba
2899 1602 3022 1640 mea
3071 1586 3229 1656 quasi
3279 1585 3447 1653 ignis,
3499 1583 3634 1638 dicit

1984 1675 2247 1728 Dominus
2272 1674 2380 1745 (/)?
2410 1675 2732 1745 Imaginem
2761 1674 2941 1746 igitur
2968 1673 3120 1746 ignis
3149 1688 3264 1744 v.g.
3285 1672 3342 1726 in
3383 1674 3491 1727 Deo
3525 1670 3629 1726 ali-

1985 1767 2072 1816 ter
2098 1762 2357 1834 accipere
2391 1768 2635 1834 oportet,
2668 1768 2723 1819 et
2753 1764 2921 1819 aliter
2952 1763 3008 1817 in
3043 1761 3483 1817 intellectilibus
3515 1759 3634 1816 sive

1985 1851 2231 1922 angelis,
2264 1869 2328 1906 ac
2359 1852 2459 1906 Dei
2489 1853 2872 1923 providentiis
2904 1869 2971 1907 ac
3000 1851 3397 1907 sermonibus.

785 1900 796 1921 l
894 1900 902 1902 ι

289 1936 398 1990 Καὶ
457 1936 557 2004 τήν
616 1936 712 2006 μὲν
771 1936 888 1990 κατ’
941 1935 1135 1992 αἰτίαν.
1195 1936 1310 2004 Τήν
1349 1939 1446 1989 τοῦ
1499 1936 1670 2009 πυρὸς
1699 1900 1956 1988 εἰκόναΒ

2058 1900 2231 2011 itque,
2256 1941 2413 1995 illam
2441 1900 2656 2012 quidem
2685 1941 2978 1996 secundum
3009 1957 3252 1995 causam.
3303 1939 3404 1993 Illa
3455 1937 3635 2008 igitur

217 2023 342 2078 κατ’
367 2022 567 2090 αἰτίαν,
602 2020 817 2094 δηλαδή
852 2023 938 2078 ἐπὶ
962 2028 1068 2077 τῶν
1095 2022 1293 2098 λογίων
1324 2023 1544 2088 Κυρίου’
1565 2025 1664 2092 τήν
1685 2011 1882 2077 δὲκαθ’

219 2112 454 2188 ὕπαρξιν
487 2113 572 2166 ἐπὶ
599 2117 759 2167 Θεοῦ·
790 2114 889 2181 τήν
920 2109 977 2168 δὲ
1003 2115 1138 2167 κατὰ
1169 2112 1376 2185 μέθεξιν
1426 2112 1511 2167 ἐπὶ
1560 2117 1666 2166 τῶν
1713 2111 1876 2186 ἀγγέ-

214 2199 354 2255 λων.
391 2201 472 2258 Τὸ
504 2198 562 2255 δὲ
590 2202 706 2255 καθ’
737 2201 959 2274 ὕπαρξιν
985 2201 1082 2256 τοῦ
1111 2201 1247 2255 κατὰ
1279 2201 1483 2273 μέθεξιν
1532 2197 1770 2276 διαφέρει
1820 2198 1871 2254 έν

207 2289 457 2352 τούτοιςο
508 2291 572 2344 τὸ
627 2291 720 2363 μὲν
759 2291 861 2364 γὰρ
894 2288 1062 2360 δηλοῖ
1091 2289 1274 2344 οὐσίαν
1307 2292 1426 2354 καθ’
1459 2290 1652 2358 ἑαυτὴν
1687 2290 1869 2359 οὖσαν,

203 2380 298 2434 καὶ
327 2379 645 2435 ἐπείσακτον
679 2375 910 2454 ἔχουσαν
961 2381 1024 2434 τὸ
1082 2377 1338 2450 θεοειδές,
1393 2380 1573 2456 ὥσπερ
1619 2379 1704 2434 ἐπὶ
1759 2383 1866 2434 τῶν

201 2467 483 2544 ἀγγέλωνθ
509 2471 570 2525 τὸ
603 2467 661 2525 δὶ
691 2471 808 2534 καθ’
837 2470 1058 2543 ὕπαρξιν
1088 2476 1334 2546 πρᾶγμα,
1378 2469 1413 2539 ἢ
1450 2470 1649 2545 Λόγιον
1700 2476 1865 2543 θεῖον,

197 2560 486 2613 τουτέστιν
517 2558 578 2613 έκ
605 2564 739 2615 Θεοῦ
765 2561 1064 2634 προαχθέν.

1985 2027 2303 2100 imaginem
2335 2031 2660 2085 secundum
2693 2047 2932 2085 causam
2966 2028 3356 2094 nimirum,de
3384 2025 3635 2098 eloquiis

1991 2118 2238 2184 Domini;
2268 2118 2427 2173 illam
2449 2135 2582 2174 vero
2606 2119 2931 2174 secundum
2956 2118 3355 2174 exsistentiam
3389 2117 3461 2171 de
3491 2115 3630 2181 Dec;

1985 2205 2144 2261 illam
2178 2208 2430 2278 denique
2457 2209 2783 2263 secundum
2813 2207 3416 2278 participationem,de
3449 2220 3631 2276 ange-

1979 2294 2053 2350 lis
2084 2296 2322 2367 (dictam
2354 2298 2522 2367 esse).
2560 2297 2704 2351 Illud
2738 2302 2954 2362 autem,
2985 2296 3138 2366 quod
3172 2299 3263 2350 est
3301 2294 3628 2349 secundum

1979 2384 2399 2452 exsistentiam,
2420 2384 2612 2439 differt
2641 2386 2712 2440 ab
2744 2401 2809 2439 eo
2841 2384 2991 2454 quod
3024 2388 3113 2439 est
3143 2381 3464 2437 secundum
3495 2397 3629 2452 par-

1977 2472 2401 2544 ticipationem,
2436 2473 2492 2527 in
2525 2473 2638 2542 his,
2673 2472 2826 2544 quod
2861 2472 3137 2526 nimirum
3189 2470 3332 2525 illud
3383 2469 3621 2540 quidem

1974 2563 2241 2634 designet
2269 2562 2664 2616 substantiam
2696 2577 2798 2632 per
2827 2579 2888 2616 se
2919 2562 3318 2626 exsistentem,
3339 2559 3442 2614 sed
3472 2556 3620 2614 asci-

206 2649 404 2705 titiam
434 2650 587 2705 829
619 2649 934 2705 habentem
965 2648 1419 2717 deformitatem,
1452 2654 1517 2705 ut
1545 2649 1604 2705 in
1639 2648 1897 2722 angelis;
1931 2648 2040 2706 hoc
2071 2667 2202 2706 vero
2241 2666 2362 2706 rem
2413 2650 2604 2722 ipsam
2659 2651 2983 2706 secundum
3033 2649 3449 2718 substantiam,
3501 2646 3623 2701 sive

198 2739 470 2794 Verbum
502 2739 792 2808 divinum,
825 2738 882 2794 id
915 2744 1004 2795 est
1033 2756 1067 2794 a
1099 2739 1214 2794 Deo
1245 2739 1618 2810 productum.

267 2843 367 2903 Ὠς
399 2844 435 2911 ἠ
463 2843 578 2896 κατ’
608 2843 745 2901 αὐτὰ
775 2842 995 2919 θεωρία.
1050 2844 1176 2900 ’Ότι
1225 2843 1362 2918 πρὸς
1407 2843 1474 2897 τὰ
1532 2843 1865 2916 ὑποκείμενα

192 2931 287 2984 καὶ
327 2931 381 2983 οἱ
412 2929 575 2984 τύπαι
606 2935 878 2999 νοοῦνται,
911 2929 1008 2985 κᾶν
1037 2931 1089 2985 οἱ
1120 2930 1276 2985 αὐτοὶ
1309 2928 1458 2987 ὦσιν.

275 3108 398 3186 Ὑφ’
450 3109 597 3180 ὑμῶν
648 3110 917 3179 ζήτησιν.
960 3107 1160 3166 Ἦλθεν
1217 3107 1292 3171 εἷς
1345 3107 1611 3184 ἐρώτησιν
1663 3109 1754 3163 καὶ
1799 3111 1862 3166 τὸ

199 3201 313 3252 τῶν
351 3200 672 3272 Παροιμιῶν
702 3192 1029 3274 πρόϐλημα,
1055 3196 1145 3253 καί
1204 3219 1336 3272 φησι
1397 3198 1521 3272 περὶ
1579 3195 1862 3272 δυνάμεως

188 3293 431 3363 τροφῆς.

2049 2847 2112 2903 Ut
2149 2847 2458 2903 secundum
2484 2848 2606 2918 ipsa
2633 2847 3055 2918 contemplatio.
3088 2845 3375 2910 Quoniam
3408 2859 3620 2900 secun-

1973 2935 2116 2990 dum
2148 2936 2412 3007 subjecta
2441 2937 2618 2992 etiam
2649 2936 2849 3008 figurat
2882 2935 3312 3007 intelliguntur,
3353 2931 3623 3005 quamvis

1973 3025 2178 3080 eadem
2210 3025 2349 3081 sint.
3365 3051 3370 3053 -

2042 3116 2082 3169 A
2104 3114 2262 3170 nobis
2283 3113 2662 3186 quaestionem.
2679 3117 2930 3170 Venerat
2953 3113 3132 3169 etiam
3155 3113 3216 3168 in
3239 3110 3621 3183 quaestionem

1971 3203 2272 3277 proposito
2307 3203 2574 3274 quadam
2605 3220 2635 3259 θ
2664 3202 3011 3273 Proverbiis,
3031 3202 3134 3258 ubi
3165 3202 3236 3258 de
3267 3201 3382 3257 cibi
3409 3200 3626 3257 virtute

1973 3289 2117 3363 agit.

265 3376 388 3444 Τὴν
422 3371 481 3430 δὲ
513 3373 700 3450 ὑγράν.
727 3374 1044 3450 Σημείωσαι
1066 3373 1148 3430 ὅτι
1168 3376 1232 3431 τὸ
1254 3375 1426 3432 πίνειν
1456 3376 1622 3452 ὑγρὰν
1648 3377 1857 3454 τροφὴν
1887 3378 1932 3447 C

2044 3381 2340 3453 Liquidam
2370 3397 2516 3438 vero.
2550 3382 2719 3448 Nota,
2751 3381 2948 3454 ipsum
2981 3384 3187 3453 potum
3214 3379 3509 3452 liquidum
3539 3377 3624 3436 ci-

196 3459 452 3518 ἐκάλεσε.

267 3551 498 3627 Κρατήρ
558 3554 881 3629 περιφερής.
943 3551 1152 3626 Θεωρία
1181 3557 1278 3608 τοῦ
1334 3560 1610 3631 κρατῆρος
1637 3554 1855 3625 καὶτῆς

192 3640 367 3695 αὐτοῦ
397 3642 768 3719 περιφερείας.

267 3729 548 3804 Ἀνάρχου
607 3729 697 3784 καὶ
756 3730 1158 3802 ἀτελευτήτου.
1229 3732 1505 3807 ’Ἄναρχόν
1573 3753 1705 3806 φησι
1761 3737 1857 3787 τοῦ

195 3822 339 3873 Θεοῦ
363 3820 465 3888 τὴν
498 3818 780 3889 πρόνοιαν,
814 3821 921 3896 οὐχ
979 3821 1062 3876 ὅτι
1113 3826 1223 3877 τῶν
1274 3817 1442 3877 ὄντων
1477 3823 1550 3884 ὡς
1575 3823 1859 3898 συνάρχων

191 3905 452 3980 προενόει
482 3905 619 3961 κατά
653 3906 781 3969 τοὺς
820 3908 1178 3985 ἀφραίνοντας
1227 3908 1318 3964 καὶ
1367 3908 1652 3984 λέγοντας,
1711 3911 1860 3981 Ἀμα

194 3994 357 4060 Θεὸς,
409 3995 523 4066 ἅμα
549 3996 741 4049 πάντα·
777 3993 904 4050 ἀλλ’
934 3996 1016 4052 ὅτι
1064 3999 1153 4052 καὶ
1195 3998 1321 4074 πρὶν
1363 3999 1391 4068 ἢ
1448 4005 1764 4074 πραχθῆναι
1792 3999 1860 4052 τὰ

188 4077 331 4136 ὄντα
390 4080 446 4136 έν
490 4087 611 4145 ταῖς
668 4081 856 4152 ἰδέαις,
906 4081 1030 4154 ἤτοι
1088 4084 1492 4162 παραδείγμασι
1547 4091 1645 4142 τοῦ
1702 4090 1857 4159 Θεοῦ,

183 4170 474 4224 τουτέστιν
509 4169 560 4224 ἐν
587 4177 707 4235 ταῖς
737 4169 931 4233 ἀϊδίοις
990 4173 1154 4229 αὐτοῦ
1202 4177 1454 4246 νοήσεσιν
1509 4175 1591 4248 (ἃς
1629 4196 1859 4252 προορι-

189 4256 373 4330 σμοὺς
406 4257 690 4331 ὀνομάζειν
720 4259 813 4315 τὸν
844 4262 986 4316 θεῖον
1022 4261 1238 4319 ΙΙαῦλον
1288 4262 1341 4320 ἐν
1388 4268 1467 4336 τῷ
1515 4265 1645 4339 Περὶ
1701 4264 1854 4320 θείων

188 4346 491 4418 ὀνομάτων
541 4344 794 4425 ἔφημεν),
855 4351 973 4414 καθ’
1030 4349 1092 4413 ἃς
1147 4349 1292 4414 ἰδέας
1351 4352 1442 4406 καὶ
1496 4355 1714 4423 νοήσεις
1762 4357 1858 4408 τοῦ

187 4437 336 4489 Θεοῦ
364 4434 433 4488 τὰ
483 4433 757 4508 μέλλοντα
798 4438 1126 4515 παράγεσθαι
1173 4440 1614 4516 προετετύπωτο,
1671 4441 1760 4496 καὶ
1819 4443 1854 4512 ἡ

191 4521 436 4596 πρόνοια
489 4528 584 4578 τοῦ
643 4529 778 4580 Θεοῦ
816 4525 1074 4602 ἆνάρχως
1119 4533 1450 4605 προϋπῆρχε
1505 4531 1684 4602 πάσης
1740 4529 1857 4585 κτί-

188 4631 361 4672 σεως.
393 4613 664 4687 Προνοίας
711 4613 814 4690 γὰρ
865 4614 1007 4678 θείας
1056 4617 1145 4688 ἦν,
1176 4614 1300 4686 ἤτοι
1330 4620 1759 4692 προεννοήσεως,
1790 4619 1854 4673 τὸ

191 4697 493 4775 βούλεσθαι
541 4708 872 4778 παραγαγεῖν
925 4705 1098 4759 κτίσιν
1129 4707 1228 4776 τήν
1279 4705 1691 4762 ἀπολαύσουσαν
1750 4714 1851 4778 τῆς

185 4797 572 4863 προνοητικῆς
602 4791 768 4846 αὐτοῦ
809 4791 1162 4868 ἀγαθότητος.
1208 4795 1358 4851 Κατᾶ
1397 4801 1558 4851 τοῦτο
1609 4795 1701 4852 οῦν
1760 4799 1850 4852 καί

183 4875 556 4948 ἄτελεύτητος
604 4881 638 4950 ἡ
689 4881 924 4956 πρόνοια
989 4881 1208 4957 Λέγεται
1250 4884 1326 4947 εἰς
1372 4883 1500 4948 τοὺς
1553 4886 1849 4949 ἀθανάτους

181 4965 454 5043 ἀγγέλους
483 4968 573 5022 καὶ
603 4968 731 5033 τοὺς
759 4970 1435 5048 ἀπαθανατισθησομένοος
1461 4977 1631 5048 ἡμᾶς,
1663 4976 1753 5030 καὶ
1782 4976 1850 5030 τὰ

181 5051 259 5109 δι’
316 5058 464 5130 ἡμᾶς
486 5058 656 5133 ἀγαθὰ
684 5057 942 5134 ἐσομένη.

255 5234 652 5311 Οἶκοδομοῦσα
682 5235 740 5293 δὶ
767 5237 856 5293 καὶ
888 5241 922 5308 ἠ
951 5239 1130 5318 σοφία.
1162 5239 1229 5298 Τί
1259 5239 1369 5297 ἐστι
1414 5242 1477 5298 τὸ
1536 5240 1846 5318 οἰκοδομεῖν

175 5325 284 5395 τήν
313 5324 502 5410 σοφίαν
535 5326 697 5400 ἑαυτῇ
729 5327 898 5398 οἶκον,
930 5327 1021 5383 καὶ
1053 5328 1104 5383 έν
1136 5331 1276 5406 αὐτῇ
1316 5329 1623 5406 ἑτοιμάζειν
1654 5330 1688 5387 ’ὰ
1716 5330 1841 5410 ἔφη,

181 5413 283 5469 καὶ
315 5407 416 5488 ἔξω
448 5411 582 5469 εἶναι
604 5413 792 5488 αὑτοῦ,
821 5413 914 5471 καὶ
945 5413 998 5472 ἐν
1027 5415 1194 5491 αὐτῷ.

276 5705 358 5778 (e)
384 5704 525 5764 Luc.
548 5718 658 5778 xu,
685 5703 775 5763 ιο.
853 5703 921 5780 (f)
945 5705 1067 5768 Jer.
1095 5723 1259 5782 nm,
1280 5709 1373 5770 29.

1969 3467 2111 3524 bum
2145 3469 2495 3541 appellasse.

2041 3559 2232 3613 Crater
2283 3561 2571 3616 rotundus.
2623 3557 3052 3632 Contemplatio
3084 3557 3347 3626 crateris,
3379 3562 3437 3614 et
3464 3557 3624 3628 ejus-

1968 3645 2102 3702 dem
2133 3645 2636 3703 circumferentia.

2037 3737 2322 3806 Principio
2377 3744 2432 3791 et
2483 3736 2593 3805 fine
2646 3738 2919 3792 carentis.
2977 3733 3254 3804 Principii
3323 3737 3617 3804 expertem

1968 3823 2112 3879 dicit
2141 3823 2242 3878 Dei
2274 3824 2702 3896 providentiam
2735 3841 2849 3881 non
2873 3822 3044 3895 quasi
3075 3820 3250 3878 simul
3275 3837 3408 3876 cum
3443 3820 3619 3876 rebus

1969 3912 2248 3968 exsistere
2277 3913 2589 3984 incipiens,
2625 3913 2770 3985 ipsis
2802 3912 3138 3985 prospiciat,
3158 3911 3330 3981 juxta
3361 3907 3496 3965 illos
3525 3908 3623 3964 in-

1968 4017 2166 4072 sanos,
2199 4001 2297 4073 qui
2331 4002 2537 4057 dicunt
2567 4019 2580 4056 :
2613 4001 2802 4057 Simul
2832 4001 3009 4072 Deus,
3040 3997 3220 4056 simul
3251 3998 3481 4067 omnia;
3516 3998 3619 4054 sed

1969 4090 2108 4161 quia
2138 4089 2492 4161 priusquum
2541 4106 2635 4146 res
2681 4090 3148 4162 producerentur
3194 4088 3254 4143 in
3306 4086 3454 4144 ideis
3499 4087 3621 4143 sive

1969 4177 2403 4250 exemplaribus
2435 4177 2668 4248 divinis,
2701 4177 2757 4232 id
2791 4181 2882 4232 est
2911 4177 2968 4230 in
3002 4176 3238 4231 aeternis
3269 4175 3398 4246 ejus
3430 4173 3618 4230 notio-

1968 4267 2143 4323 nibus
2173 4267 2346 4339 (quas
2375 4267 2442 4323 D.
2485 4265 2733 4322 Paulum
2787 4264 3276 4338 przedeﬁnitiones
3324 4263 3619 4336 appellare

1967 4356 2223 4412 diximus
2254 4357 2314 4411 in
2347 4355 2493 4412 libro
2524 4357 2598 4410 De
2623 4355 2834 4410 divinis
2880 4354 3241 4424 nominibus),
3287 4352 3616 4408 secundum

1968 4461 2116 4517 quas
2142 4445 2303 4501 ideas
2337 4450 2392 4501 et
2421 4444 2692 4501 notiones
2724 4443 2848 4510 Dei,
2881 4460 2974 4500 res
3025 4445 3234 4498 futurae
3277 4442 3403 4512 jam
3452 4441 3621 4496 erant

1966 4535 2371 4605 prmformatae,
2403 4539 2582 4606 atque
2633 4534 2778 4590 adeo
2828 4531 3197 4604 providentia
3243 4529 3344 4583 Dei
3397 4527 3621 4599 absque

1966 4621 2254 4694 principio
2285 4623 2392 4679 fuit
2415 4627 2548 4679 ante
2587 4638 2818 4678 omnem
2854 4623 3204 4677 creaturam.
3238 4615 3617 4673 Providentia:

1966 4712 2123 4768 enim
2158 4712 2366 4767 divinae
2395 4713 2515 4767 sive
2547 4710 2776 4767 consilii
2809 4707 3224 4782 prospicientis
3273 4715 3399 4762 erat
3441 4705 3619 4760 etiam

1963 4800 2109 4856 velle
2141 4801 2458 4872 producere
2479 4804 2830 4864 creaturam,
2857 4796 3186 4870 providenti
3211 4795 3340 4866 ejus
3364 4794 3621 4850 bonitate

1960 4889 2300 4945 fruituram.
2335 4890 2672 4945 Secundum
2700 4888 2810 4943 hoc
2841 4887 3050 4959 utique
3080 4884 3259 4941 etiam
3291 4884 3406 4938 ﬁne
3437 4884 3618 4938 caret.

1961 4979 2065 5035 Vel
2096 4978 2313 5034 dicitur
2343 4977 2712 5050 providentia
2743 4975 2936 5048 quoad
2963 4971 3329 5029 immortales
3357 4967 3618 5043 angelos,

1958 5071 2015 5123 et
2046 5083 2154 5123 nos
2186 5067 2346 5138 ipsos
2377 5065 2822 5122 immortalitate
2851 5062 3182 5128 donandos,
3219 5064 3489 5132 respectu
3517 5059 3619 5114 bo-

1966 5171 2177 5211 norum
2210 5173 2336 5228 quae
2369 5159 2607 5229 propter
2637 5170 2743 5209 nos
2775 5156 2967 5208 erunt.

2027 5244 2320 5316 Sapientia
2369 5248 2553 5300 autem
2601 5242 2839 5312 gdiﬁcat
2881 5240 2998 5297 sibi
3048 5239 3298 5295 domum.
3353 5236 3504 5302 Quid
3552 5235 3630 5292 sit

1959 5333 2308 5405 sapientiam
2340 5333 2454 5389 sibi
2485 5333 2727 5388 domum
2765 5329 3076 5396 adificare,
3108 5332 3165 5385 et
3197 5328 3257 5384 in
3288 5327 3419 5399 ipsa
3448 5341 3624 5399 appa-

1958 5437 2086 5478 rere
2112 5438 2242 5495 quae
2273 5420 2555 5493 narravit,
2588 5434 2838 5492 eamque
2867 5423 2926 5478 et
2953 5421 3122 5476 extra
3150 5416 3343 5490 ipsam
3373 5417 3432 5473 et
3467 5414 3624 5472 intra

1955 5509 2148 5584 ipsam
2181 5509 2480 5570 exsistere.
