3972 6214
460 361 563 416 571

1292 360 1658 416 APPENDIX
1698 359 1798 414 AD
1834 355 2076 413 ΟΡΕΒΔ
2111 353 2172 408 8.
2213 352 2528 411 DIONYBII
2563 356 3066 414 AREOPAGITE.
3703 363 3782 420 572

530 489 598 542 Et
625 485 688 540 in
716 487 972 541 nniverso
1002 488 1106 540 ut.
1142 488 1217 540 De
1246 483 1358 539 hoc
1408 484 1582 539 etiam
1633 482 1856 538 dictum
1905 484 1996 535 est
2042 479 2100 534 in

2291 477 2387 530 Καὶ
2451 475 2503 530 έν
2557 482 2637 550 τῷ
2685 480 2848 534 παντὶ
2901 478 3158 554 γίγνεται.
3218 479 3344 555 Περὶ
3395 480 3571 536 τούτου
3620 483 3780 559 εἴρηται

461 575 611 629 libro
645 579 722 630 De
749 575 961 629 divinis
992 573 1630 643 nominibus,quomodo
1662 577 1777 627 stet
1805 577 1862 626 et
1891 572 2110 626 sedeat.

463 663 799 718 Notandum
828 667 1025 718 autem
1059 663 1254 733 ipsum
1296 661 1390 717 hic
1440 660 1860 733 providentiam
1907 676 2112 716 vocare

462 751 673 806 Deum.

530 859 592 912 In
621 873 677 912 se
701 857 1126 912 excellenterJn
1158 856 1251 911 his
1283 855 1460 912 etiam
1492 855 1637 912 illud
1671 856 1996 912 excellenter
2023 872 2113 911 ac-

459 946 796 1018 cipiendum
831 951 920 1001 est
947 962 1071 1017 pro,
1108 945 1352 1001 minime
1381 947 1698 1016 privanter,
1732 947 1852 1000 sive
1880 962 1994 1000 non
2027 961 2112 1000 se-

463 1036 722 1090 cundum
755 1035 1111 1091 exsistentiaa
1143 1034 1486 1102 carentiam,
1529 1035 1613 1090 uti
1663 1035 1961 1106 proposita
2009 1051 2112 1090 su-

463 1128 728 1180 muntur.

529 1215 604 1268 Et
649 1217 818 1268 stans.
871 1212 974 1268 Hic
1020 1212 1251 1268 videtur
1291 1213 1435 1268 mihi
1487 1213 1802 1282 declarare,
1852 1214 1991 1286 quid
2039 1213 2113 1270 sit

458 1300 630 1368 ἑστία,
663 1300 720 1356 id
752 1305 844 1356 est
870 1303 1032 1372 quasi
1060 1301 1295 1369 mansio,
1330 1302 1412 1357 ita
1441 1307 1507 1358 ut
1535 1319 1748 1360 nomen
1780 1302 1927 1356 ἱστία
1957 1302 2110 1358 deri-

455 1395 625 1445 vetur
654 1407 687 1444 a
715 1391 890 1445 verbo
921 1386 1052 1446 ἐστί.

527 1497 588 1549 Ει
616 1512 891 1566 nusquam
921 1499 1080 1550 extra
1116 1512 1192 1551 se.
1245 1496 1390 1552 Cum
1424 1497 1566 1552 illud
1616 1504 1768 1553 stans
1821 1497 2111 1570 acceperit

451 1583 522 1638 de
555 1584 988 1654 perseverantia
1013 1585 1340 1640 secundum
1373 1584 2104 1656 immutabilitatem,illud

451 1687 508 1726 se
537 1687 755 1728 movens
785 1673 856 1728 de
888 1689 1085 1728 rerum
1117 1674 1500 1746 providentia,
1522 1676 1580 1730 in
1613 1681 1862 1748 utroque
1894 1675 2106 1732 horum

451 1759 623 1815 nobis
657 1760 1103 1832 intelligendum
1132 1766 1222 1817 est
1252 1766 1309 1817 et
1338 1763 1811 1820 subaudiendum
1855 1768 2102 1837 omnino,

2219 563 2308 618 καὶ
2367 564 2417 620 ἰν
2467 569 2545 636 τῷ
2602 567 2731 640 Περὶ
2798 567 2955 622 θείων
3013 567 3292 640 ὀνομάτων
3321 611 3336 638 ,
3387 567 3496 630 πῶς
3543 568 3681 634 ἑστὼς
3719 577 3782 628 ιιιὶ

2219 653 2562 727 κινούμενος.
2627 658 2976 728 Σημειωτέον
3027 654 3084 712 δὶ
3139 656 3222 712 ὅτι
3277 658 3517 729 πρόνοιαν
3567 660 3646 715 τὸν
3690 665 3782 718 Θεὸν

2221 763 2292 816 φη
2304 763 2409 800 σιν.

2292 850 2381 906 Ἐν
2428 854 2508 922 τῷ
2539 851 2688 923 αὑτῷ
2713 853 2830 916 καθ’
2865 853 3167 928 ὑπεροχήν.
3200 853 3297 908 Καὶ
3342 853 3391 908 ἐν
3417 854 3610 918 τούτοις
3631 858 3682 911 τὸ
3703 861 3786 922 καθ’

2224 937 2503 1013 ὑπεροχὴν
2538 940 2674 1013 πρὸς
2715 940 2778 995 τὸ
2811 943 2887 1014 μὴ
2928 945 3065 996 κατά
3113 942 3361 1018 στέρησιν
3409 944 3491 998 καὶ
3539 944 3786 1022 ἀνυπαρξίαν

2223 1022 2412 1082 λαϐεῖν
2442 1030 2591 1101 ἡμᾶς
2619 1029 2687 1084 τὰ
2715 1029 3070 1104 προκείμενα,
3097 1029 3376 1099 εἴληπται.

2294 1207 2392 1262 Καὶ
2439 1206 2702 1278 ἑστηκώς.
2761 1211 3020 1272 Ἐνταῦθα
3069 1207 3220 1265 δοκεῖ
3279 1231 3370 1284 μοι
3420 1210 3711 1288 σαφηνίζειν,
3753 1213 3787 1266 τί

2222 1296 2387 1366 έστία,
2420 1299 2693 1353 τουτέστιν
2743 1301 2777 1368 ἠ
2836 1298 2912 1360 ὡς
2963 1293 3074 1354 ἔστι
3131 1296 3388 1372 διαμονή,
3439 1299 3539 1354 ἀπὸ
3586 1304 3669 1354 τοῦ
3713 1298 3789 1354 ἐστὶ

2222 1389 2578 1462 παρηγμένου
2606 1393 2704 1444 τοῦ
2735 1388 3004 1461 ὀνόματος
3032 1395 3133 1458 τῆς
3160 1388 3354 1453 ἱστίας.

2295 1492 2398 1550 Καὶ
2429 1492 2684 1568 οὐδαμῶς
2741 1490 2841 1566 ἔξω
2888 1495 3078 1550 αὐτοῦ.
3139 1493 3362 1564 Ἐπειδὴ
3419 1497 3478 1550 τὸ
3535 1496 3617 1568 μὶν
3669 1495 3791 1556 istd):

2217 1581 2304 1637 ἐπὶ
2361 1589 2462 1652 τῆς
2516 1584 2651 1638 κατά
2691 1583 2752 1638 τὸ
2785 1581 3155 1640 ἀναλλοίωτον
3192 1583 3552 1657 μονιμότητος
3579 1578 3726 1651 ἔλαθε,
3749 1587 3792 1637 τὸ

2218 1668 2275 1726 δὲ
2303 1672 2623 1745 κινούμενος
2653 1671 2740 1727 ἐπὶ
2769 1679 2871 1742 τῆς
2902 1670 2978 1736 εἷς
3004 1674 3072 1727 τὰ
3118 1667 3246 1727 ὅντα
3293 1671 3560 1744 προνοίας,
3611 1671 3678 1748 ἐφ’
3703 1671 3792 1725 ἐκσ-

2213 1761 2373 1834 τέρου
2425 1761 2632 1816 τούτων
2683 1767 2825 1816 νοεῖν
2880 1763 3029 1833 ἡμᾶς
3087 1763 3200 1837 χρὴ
3259 1762 3348 1816 καὶ
3398 1760 3715 1835 προσεπάγειν
3747 1762 3791 1814 τὸ

452 1849 537 1904 ita
570 1853 631 1904 ut
663 1849 740 1904 sit
767 1867 978 1906 sensus
1010 1866 1024 1905 :
1054 1850 1254 1922 Neque
1283 1853 1522 1908 omnino
1554 1858 1737 1918 stans,
1771 1857 1939 1926 quasi
1983 1875 2097 1913 non

2243 1849 2466 1921 αθόλου,
2513 1847 2606 1905 ’ἶνα
2715 1853 2963 1904 τοιοῦτον
3012 1851 3074 1905 τὸ
3123 1849 3442 1925 λεγόμενον·
3498 1847 3620 1906 Οὔτε
3666 1848 3790 1908 ἑστὼς

449 1939 520 1994 ad
544 1937 972 2010 providendum
999 1945 1332 2009 moveatur;
1367 1942 1522 1996 330
1546 1959 1735 2014 neque
1765 1945 2005 2001 omnino
2038 1964 2101 2003 se

453 2043 717 2094 movens,
748 2027 914 2098 quasi
945 2045 978 2083 a
1023 2028 1342 2084 stabilitate
1386 2047 1495 2086 sua
1537 2031 1826 2088 deﬂectat.
1875 2035 2052 2091 Aliter
2080 2053 2099 2091 :

451 2115 605 2170 Illud
635 2132 850 2186 semper
872 2124 1016 2171 stare
1044 2121 1094 2173 et
1120 2117 1332 2173 moveri
1364 2120 1432 2174 de
1467 2123 1576 2175 Deo
1607 2120 1852 2191 dictum,
1909 2125 2102 2195 provi-

457 2203 594 2258 dam
615 2203 744 2273 ejus
767 2203 825 2258 in
858 2205 1176 2261 stabilitate
1207 2207 1600 2278 operationem
1629 2209 1918 2283 designat.
1952 2212 2101 2268 Illud

455 2297 650 2348 autem
681 2309 851 2363 neque
875 2301 1022 2348 stare
1051 2310 1226 2366 neque
1254 2297 1619 2368 moveri,ejus
1651 2298 1709 2353 in
1744 2301 2101 2371 providendo

453 2381 947 2452 perseverantiam
976 2390 1370 2455 repraesentat.
1401 2385 1530 2442 Haec
1561 2392 1754 2443 autem
1796 2390 1996 2447 omnia
2042 2392 2101 2446 in

455 2468 607 2526 libro
635 2471 709 2526 De
737 2469 944 2526 divinis
973 2472 1290 2528 nominibus
1321 2489 1473 2547 saepe
1503 2476 1902 2548 exposuimus.

524 2645 676 2719 §IV.
722 2647 975 2703 Solidum
1023 2649 1242 2720 quidem
1301 2651 1510 2707 cibum.
1562 2652 1704 2717 Quis
1753 2654 1833 2710 sit
1878 2655 2103 2712 solidus

454 2735 644 2801 cibus,
675 2741 733 2791 et
754 2739 889 2808 quis
910 2737 1174 2808 liquidus
1209 2755 1222 2795 :
1255 2745 1430 2811 atque
1460 2741 1714 2798 solidum
1746 2743 1944 2800 cibum
1974 2761 2104 2802 esse

459 2823 728 2880 stabilem
765 2826 1201 2897 perfectionem.

524 2931 588 2984 Et
616 2938 888 3001 potentem
919 2941 968 2987 et
999 2933 1364 3002 singularem.
1398 2935 1764 3008 Singularem
1803 2943 1860 2995 et
1887 2939 2102 2996 indivi-

455 3018 628 3074 duam
663 3020 972 3076 scientiam
1004 3022 1167 3091 dicit,
1201 3039 1332 3078 cum
1365 3024 1646 3081 nimirum
1676 3027 1735 3082 in
1768 3028 1861 3098 iis,
1893 3031 1993 3102 qui
2031 3033 2102 3088 de

454 3110 569 3161 Deo
601 3114 760 3174 sunt,
796 3111 1192 3177 sermonibus,
1242 3128 1617 3184 nequaquam
1666 3117 1724 3171 in
1773 3121 2102 3177 materiales

2206 1937 2467 2005 καθόλου,
2501 1939 2575 2000 ὡς
2628 1940 2702 2012 μή
2753 1943 3012 2003 κινεῖσθαι
3065 1944 3466 2012 προνοητικῶς,
3513 1936 3622 1993 οὕτε
3654 1935 3790 1991 κινού-

2213 2048 2372 2100 μενος
2413 2026 2676 2094 καθόλου,
2737 2028 2812 2089 ὡς
2854 2034 2957 2097 τῆς
2987 2026 3188 2089 οἰκείας
3248 2026 3580 2101 μεθίστασθαι
3609 2026 3790 2099 μονιμό-

2206 2136 2392 2184 τητος.
2441 2113 2690 2177 ’Ἄλλωςο
2745 2117 2869 2172 ’Ότι
2925 2115 2988 2170 τὸ
3042 2115 3122 2169 ἀεὶ
3184 2114 3400 2170 ἑστάναι
3446 2114 3530 2169 καὶ
3583 2119 3792 2176 κινεῖσθαι

2209 2204 2333 2278 περὶ
2377 2207 2508 2258 Θεοῦ
2559 2199 2855 2278 λεγόμενον
2905 2204 3004 2272 τὴν
3049 2201 3101 2258 έν
3128 2207 3198 2278 τῇ
3232 2203 3555 2277 μονιμότητι
3605 2222 3794 2275 προνοη-

2208 2294 2364 2362 τικὴν
2424 2292 2588 2348 αὐτοῦ
2645 2291 2910 2369 ἐνέργειαν
2953 2290 3139 2363 δηλοῖ.
3200 2292 3281 2350 Τὸ
3342 2290 3400 2347 δὲ
3457 2289 3586 2366 μηδὲ
3634 2289 3794 2345 ἑστάναι

2216 2379 2354 2454 μηδέ
2414 2383 2673 2436 κινεῖσθαι
2747 2382 2847 2450 τὴν
2904 2380 2958 2436 έν
3013 2386 3093 2454 τῷ
3143 2386 3400 2456 προνοεῖν
3462 2380 3611 2435 αὐτοῦ
3663 2379 3794 2452 μονὴν

2209 2470 2523 2547 παρίστησι.
2578 2472 2759 2526 Πάντα
2814 2467 2872 2525 δὲ
2916 2470 2982 2525 τὰ
3039 2469 3264 2534 ἐνταῦθα
3323 2469 3374 2526 ἐν
3433 2473 3507 2542 τῷ
3533 2467 3651 2544 Περὶ
3678 2466 3792 2522 θείων

2211 2559 2494 2631 ὀνομάτων
2526 2558 2800 2621 πολλάκις
2832 2556 3264 2632 διεληλύθαμεν.

2281 2651 2309 2717 §
2343 2650 2436 2705 IV.
2467 2649 2575 2717 Τὴν
2639 2649 2732 2722 μὲν
2788 2648 2880 2703 οὗν
2939 2647 3153 2722 στερεὰν
3211 2650 3447 2726 τροφήν.
3478 2647 3626 2715 Τίςὴ
3654 2644 3794 2719 στερεά

2208 2738 2410 2811 τροφὴ,
2458 2737 2548 2792 καὶ
2607 2737 2688 2800 τίς
2727 2739 2762 2806 ἡ
2798 2737 2953 2812 ὑγρά·
2999 2736 3091 2792 καὶ
3148 2735 3231 2792 ὅτι
3266 2737 3456 2812 στερεὰ
3492 2737 3649 2812 τροφή
3690 2733 3794 2789 ἐστιν

2210 2827 2245 2894 ἡ
2281 2827 2513 2899 μόνιμος
2539 2825 2844 2896 τελειότης.

2281 2934 2384 2988 Καὶ
2421 2930 2651 3002 δυνατὴν
2701 2932 2790 2988 καὶ
2845 2932 3062 2989 ἑνιαίαν.
3125 2933 3363 2988 Ἐνιαίαν
3417 2933 3504 2988 καὶ
3556 2929 3794 3004 ἀδιαίρετον

2207 3020 2402 3097 γνῶσίν
2436 3043 2568 3100 φησι
2597 3022 2659 3077 τὸ
2690 3021 2742 3077 ὲν
2774 3015 2893 3084 τοῖς
2940 3021 3064 3097 περὶ
3097 3026 3229 3078 Θεοῦ
3261 3021 3452 3099 λόγοις
3496 3023 3567 3095 μή
3594 3019 3705 3096 πρὸς
3726 3016 3795 3075 τὶς

2212 3108 2401 3172 ὑλικὰς
2435 3109 2642 3174 ἐννοίας
2670 3110 3120 3184 καταμερίζεσθαι
3152 3111 3252 3180 ⁶τὸν
3303 3116 3457 3182 νοῦν,
3503 3109 3634 3165 ἀλλᾶ
3673 3126 3798 3180 μονο-

447 3194 872 3269 intelligentiae
905 3215 1071 3253 mens
1101 3199 1414 3269 dividitur;
1448 3203 1548 3257 sed
1583 3204 1951 3263 uniformiter
1987 3226 2090 3264 su—

2237 3197 2419 3269 ρόπως
2449 3199 2511 3252 τὸ
2547 3200 2677 3274 ὑπὲρ
2711 3198 2869 3276 φύσιν
2894 3198 2983 3254 καὶ
3016 3199 3426 3274 ἀνεξιχνίαστον
3457 3205 3552 3268 τῆς
3581 3197 3701 3261 θείας
3722 3192 3794 3271 αὖ·

455 3285 897 3356 pernaturalem
930 3291 986 3342 et
1035 3287 1474 3345 inscrutabilem
1523 3291 1779 3348 divinam
1827 3301 2101 3354 naturam

441 3379 718 3444 reputat;
755 3375 975 3448 quippe
1005 3393 1135 3447 qua:
1169 3378 1434 3433 sensoria
1465 3395 1685 3450 organa
1723 3380 1981 3441 hominis
2013 3386 2103 3442 in-

441 3462 677 3520 terioris
707 3463 925 3520 habeat
956 3467 1278 3522 admodum
1308 3467 1641 3526 exercitata.

518 3573 588 3625 Et
611 3585 716 3642 per
743 3571 970 3627 dividua
999 3588 1097 3627 seu
1126 3574 1601 3644 multiplicia.Per
1627 3578 2102 3640 subauditionem

451 3673 661 3714 censeo
695 3657 804 3714 hoc
828 3661 1000 3730 juxta
1029 3662 1528 3719 constructionem
1562 3666 1934 3725 referendum
1975 3687 2104 3729 esse

446 3746 518 3802 ad
550 3749 760 3818 fusam,
794 3752 904 3803 etc.

511 3837 863 3893 Manuducit.
898 3837 1100 3910 Neque
1130 3839 1288 3895 enim
1318 3856 1434 3897 uno
1487 3859 1555 3898 ac
1604 3843 1858 3916 simplici
1905 3851 2102 3910 modo,

447 3926 552 3981 sed
584 3925 934 3982 multiformi
959 3927 1236 4000 varioque
1257 3929 1491 3986 edoctos
1515 3932 1586 3988 ad
1609 3935 1924 4004 perfectam
1942 3937 2104 3995 illam

449 4012 551 4068 Dei
585 4015 896 4070 scientiam
930 4017 1256 4088 promoveri
1289 4019 1533 4075 scimus.

519 4117 658 4187 [Cur
686 4119 824 4184 rori,
858 4137 1046 4190 aquae,
1081 4121 1245 4190 lacti,
1275 4125 1434 4195 vino,
1468 4130 1526 4180 et
1557 4127 1714 4182 melli
1749 4129 1946 4187 divina
1983 4133 2103 4189 elo-

450 4204 590 4276 quia
617 4217 1061 4280 comparentur:
1081 4214 1140 4266 et
1170 4213 1311 4283 quid
1342 4213 1464 4269 haec
1494 4216 1694 4273 omnia
1722 4217 2102 4294 signiﬁcent.]

524 4384 700 4442 Donat
723 4384 1124 4444 accedentibus.
1159 4388 1306 4454 Quid
1340 4391 1607 4462 symbols
1635 4394 1990 4468 signiﬁcent.

2215 3307 2351 3348 σεως
2383 3286 2688 3363 λογίζεσθαι
2737 3289 2830 3343 τὸν
2879 3288 2947 3342 τὰ
2993 3288 3325 3365 αἷσθητήρια
3353 3293 3451 3344 τοῦ
3481 3287 3617 3348 ἐντὸς
3642 3283 3798 3358 ἀνθρώ·

2213 3397 2320 3430 που
2350 3377 2769 3451 γεγυμνασμένα
2792 3373 3010 3453 ἔχοντα.

2285 3575 2389 3631 Καὶ
2425 3580 2715 3649 μεριστῶν.
2747 3575 2897 3630 Κατὰ
2924 3579 3112 3629 κοινοῦ
3141 3575 3203 3630 τὸ
3236 3574 3477 3650 σύνθεμα
3522 3573 3675 3652 φέρειν
3715 3567 3796 3623 οἴο-

2218 3685 2312 3740 μαι
2340 3671 2440 3734 τῆς
2474 3662 2820 3740 διαχυτικῆς,
2850 3663 2940 3719 καὶ
2969 3664 3036 3718 τὰ
3064 3664 3206 3735 ἑξῆς.

2282 3840 2768 3917 Χειραγωγούσης.
2799 3841 2930 3916 Οὐχ
2957 3841 3031 3896 ἑνὶ
3062 3842 3165 3918 γὰρ
3193 3839 3410 3917 τρόπῳ,
3449 3838 3588 3897 ἀλλὰ
3627 3852 3803 3893 πολυει-

2213 3929 2297 3987 δεῖ
2323 3931 2414 3986 καὶ
2446 3931 2684 4003 ποικίλῳ
2697 3932 2824 3994 τοὺς
2849 3928 3272 4006 διδασκομένους
3305 3930 3396 3987 ἐπὶ
3426 3933 3488 3987 τὸ
3519 3928 3702 3985 τέλειον
3728 3929 3800 3991 τῆς

2213 4021 2538 4096 θεογνωσίας
2568 4021 2784 4097 ἄγεσθαι
2816 4016 2994 4094 ἴσμεν.

2283 4128 2405 4203 [Διὰ
2429 4126 2483 4181 τί
2514 4124 2695 4200 δρόσῳ
2739 4127 2831 4181 καὶ
2879 4123 3031 4181 ὕδατι
3059 4127 3150 4181 καὶ
3187 4125 3420 4203 γάλακτι
3469 4127 3554 4182 καὶ
3585 4122 3706 4195 οἴνῳ
3741 4119 3804 4173 καὶ

2213 4216 2394 4291 μέλιτι
2425 4218 2492 4272 τὰ
2522 4217 2640 4271 θεῖα
2667 4215 3043 4293 παρεικάζεται
3071 4214 3252 4291 λόγια’
3299 4215 3394 4272 καὶ
3439 4215 3522 4279 τίς
3567 4216 3600 4284 ἦ
3630 4212 3807 4268 ἑκάστου

2205 4305 2414 4361 τούτων
2445 4303 2718 4378 δύναμις.]

2281 4398 2542 4470 Δωρεῖται
2617 4398 2734 4456 τοῖς
2819 4396 3133 4470 προσιοῦσι.
3201 4393 3261 4447 Τί
3340 4391 3512 4465 δηλοῖ
3578 4390 3643 4448 τὰ
3704 4386 3808 4458 σύμ·

2210 4479 2367 4540 ϐολα.

519 4563 809 4621 Veraciter
863 4567 1106 4637 epulari.
1159 4567 1328 4636 Nota,
1380 4570 1536 4640 quod
1587 4587 1802 4629 nomen
1853 4574 2090 4652 εὐωχίας

2268 4575 2338 4627 Τὸ
2422 4571 2646 4643 ἀληθῶς
2729 4571 2983 4647 εὐωχεῖν.
3071 4571 3418 4645 Σημείωσαι,
3497 4573 3579 4627 δτι
3641 4569 3696 4624 τὸ
3737 4562 3808 4630 τῇς

443 4651 538 4708 hic
563 4656 736 4710 Pater
764 4655 988 4712 derivet
1019 4656 1091 4712 ab
1127 4652 1205 4728 εῦ,
1239 4657 1297 4712 id
1347 4662 1433 4714 est
1483 4659 1636 4729 bene,
1688 4665 1744 4719 et
1791 4659 1937 4738 ἔχειν
1970 4651 2090 4724 lia-

445 4742 589 4798 bere.

525 4831 815 4902 Vici/icon:
842 4835 1036 4904 simul,
1068 4842 1120 4891 el
1144 4835 1412 4907 parvulos
1449 4841 1728 4896 nutriens.
1779 4843 2095 4904 Educando

2207 4661 2444 4738 εὐωχίας
2503 4657 2679 4735 ὄνομα
2735 4663 2762 4716 6
2813 4662 3003 4737 Πατὴρ
3043 4661 3120 4724 εἷς
3165 4662 3228 4716 τὸ
3286 4661 3342 4716 εὗ
3388 4655 3536 4737 ἔχειν
3585 4653 3808 4730 hapalo-

2204 4755 2316 4826 γεῖ.

2279 4839 2556 4901 Ζωοποιὸς
2587 4838 2702 4912 ἅμα
2755 4837 2845 4894 καὶ
2877 4840 3276 4917 κουροτρόφος.
3306 4841 3382 4896 Τὸ
3411 4841 3620 4917 τρέφειν
3643 4833 3810 4890 νεανίας

445 4919 934 4992 scilicetjuvenes
956 4924 1191 4995 probos.
1225 4924 1345 4980 Hoc
1375 4931 1573 4982 autem
1605 4932 1975 5006 κουροτρόφος
2007 4941 2098 4992 est

2241 4927 2463 5004 γαθούς.
2525 4928 2613 4998 Ἐξ
2641 4929 2890 5002 Ὀμήρου
2923 4925 2981 4983 δὶ
3007 4932 3190 4984 τοῦτο·
3240 4927 3407 5005 κόρος
3438 4929 3543 5004 γὰρ
3575 4927 3602 4981 6
3628 4920 3809 4987 νεανίας,

437 5007 686 5066 Homero
725 5029 738 5067 :
774 5028 908 5068 nam
938 5009 1100 5083 κόρος
1139 5013 1506 5084 estjuvenis,
1539 5019 1596 5072 et
1626 5033 1730 5088 per
1759 5021 2094 5079 redundan-

432 5097 578 5153 tiam
611 5118 663 5168 υ,
695 5102 914 5174 κοῦρος,
948 5103 1104 5157 unde
1136 5103 1312 5158 etiam
1345 5103 1736 5181 κουροτρόφος.

509 5204 540 5278 §
567 5208 632 5260 V.
667 5207 810 5262 Deus
843 5207 1117 5264 inebriari
1143 5207 1370 5266 dicitur.
1403 5210 1550 5266 Nota
1592 5215 1883 5282 quomodo
1931 5216 2094 5274 dice-

2201 5017 2288 5072 καὶ
2345 5018 2484 5072 κατὰ
2525 5015 2871 5091 πλεονασμὸν
2917 5021 3015 5072 τοῦ
3072 5039 3101 5072 υ
3149 5021 3366 5095 κοῦρος,
3396 5018 3516 5073 ὅθεν
3545 5015 3631 5072 καὶ
3657 5028 3810 5086 ιιουρο⁸

2202 5107 2422 5184 τρόφος.

2275 5216 2304 5289 ἓ
2341 5214 2415 5270 ν·
2458 5213 2587 5275 Θεὸς
2623 5212 2835 5286 μεθύειν
2866 5209 3105 5288 λέγεται.
3137 5213 3463 5287 Σημείωσαι
3493 5216 3611 5273 πῶς
3640 5207 3810 5283 μεθύειν

435 5297 536 5349 tur
587 5294 740 5351 Deus
791 5296 1090 5365 inebriari,
1142 5303 1199 5354 et
1241 5299 1422 5368 unde,
1467 5302 1526 5353 et
1591 5315 1719 5370 quas
1768 5303 1847 5358 sit
1892 5310 2093 5364 nostra

2237 5303 2420 5378 £75le
2451 5303 2479 5356 6
2511 5302 2661 5372 Θεὸς,
2688 5299 2779 5357 καὶ
2811 5301 2871 5357 ἐκ
2899 5303 3049 5364 τίνος
3079 5301 3170 5357 καὶ
3198 5301 3280 5366 τίς
3308 5304 3342 5372 ἡ
3367 5301 3453 5376 ἐφ’
3488 5303 3643 5375 ἡμῶν
3683 5297 3812 5372 μέθη»

435 5381 716 5451 ebrietas,
749 5387 806 5441 et
835 5385 1128 5457 quomodo
1157 5386 1230 5443 de
1262 5390 1374 5442 Deo
1402 5388 1619 5445 extasis
1648 5389 1897 5450 dicatur.

508 5489 687 5561 Supra
716 5491 1156 5563 intelligentiam
1185 5494 1472 5549 exsistens.
1504 5497 1790 5560 Quoniam
1817 5503 1970 5557 Deus
1999 5507 2089 5560 est

2199 5389 2288 5446 καὶ
2317 5393 2437 5452 πῶς
2467 5387 2681 5466 λέγεται
2715 5387 2802 5444 ἐπὶ
2836 5393 2970 5445 Θεοῦ
2999 5385 3268 5452 ἔκστασις.

2268 5494 2428 5570 Ὑπὶρ
2478 5493 2541 5548 τὸ
2571 5499 2716 5550 νοεῖν
2750 5489 2848 5551 ὥν.
2881 5497 3001 5550 Ὅτι
3033 5494 3061 5548 6
3089 5494 3219 5556 Θεὸς
3263 5494 3348 5549 καὶ
3407 5494 3543 5570 ὑπὶρ
3591 5490 3651 5548 τὸ
3697 5490 3810 5544 νοεῖν

440 5579 564 5634 tam
595 5594 774 5651 supra
799 5579 857 5635 id
891 5581 1048 5652 quod
1079 5579 1376 5654 intelligit,
1407 5598 1584 5654 quam
1618 5601 1802 5658 supra
1830 5587 1890 5644 id
1931 5591 2088 5661 quod

2237 5603 2331 5654 ττι,
2361 5581 2450 5639 καὶ
2483 5583 2619 5660 ὗπὶρ
2647 5583 2710 5639 τὸ
2739 5584 3004 5656 νοεῖσθαι,
3032 5582 3124 5640 καὶ
3157 5583 3288 5659 ὗπὶρ
3315 5582 3375 5638 τὸ
3409 5583 3566 5639 εἶναι.

434 5663 816 5741 intelligitur,
842 5671 902 5726 et
926 5683 1109 5741 supra
1137 5667 1198 5726 id
1228 5670 1386 5742 quod
1416 5674 1526 5728 est.

3055 5685 3066 5696 ν
