3972 6214
222 368 332 439 573

1183 375 1243 428 8.
1283 373 1553 429 MAXIMI
1588 373 1896 430 ΒΘΗοω
1930 376 2006 428 ΙΝ
2043 375 2202 434 ΕΡΡ.
2242 377 2302 430 8.
2342 375 2676 432 DIONYSII.

3521 377 3630 432 574

294 491 719 563 Μεμεθυσμὲνος
777 492 912 564 ἅμα.
959 494 1277 565 Σημείωσαι
1333 493 1385 548 ἐν
1433 495 1708 568 συντόμῳ,
1755 495 1873 556 πῶς
1905 498 1958 565 Α

2057 497 2241 554 Simul
2270 497 2601 553 inebriatus.
2624 498 2771 552 Nota
2804 499 3054 554 breviter
3082 501 3372 572 quomodo
3403 501 3634 560 dicatur

226 579 642 652 μεμεθυσμένος
669 579 760 635 καὶ
789 579 1089 653 ἐξεστηκὼς
1123 581 1336 657 λέγεται
1366 584 1394 638 6
1425 583 1575 645 Θεός.

296 668 442 722 Κατά
488 674 581 722 τὸν
647 668 805 724 αὐτὸν
874 667 1247 744 ἐκληψόμεθα.
1308 671 1441 728 Τίνα
1488 672 1554 726 τὰ
1610 669 1879 747 λεγόμενα

223 753 417 810 δεῖπνα
464 755 591 826 ἤτοι
661 757 935 830 συμπόσια
993 758 1044 814 ἐν
1103 764 1172 834 τῇ
1235 759 1487 835 βασιλείᾳ
1538 765 1646 816 τῶν
1709 760 1877 835 οὖραο

219 867 351 901 νων.

293 935 408 1001 Τὴν
458 933 764 992 ἀνάκλισιν.
797 936 898 999 Τίς
941 938 976 1005 ἡ
1029 935 1083 991 ἐν
1133 941 1201 1011 τῇ
1239 935 1489 1013 βασιλείᾳ
1541 943 1650 993 τῶν
1711 937 1874 1013 οὐρα-

219 1026 327 1076 νῶν
352 1021 631 1086 ἀνάκλισις
659 1043 672 1056 ⁸
707 1022 790 1079 ὅτι
846 1024 1162 1096 ἀνάπαυσις,
1190 1026 1280 1082 καὶ
1339 1022 1587 1097 ἀϐλαϐὴς
1621 1028 1759 1099 ζωὴ,
1785 1027 1874 1082 καὶ

211 1113 282 1166 τὰ
315 1113 461 1182 ἑξῆς.

291 1201 430 1255 Καθ’
485 1203 547 1269 ἣν
606 1199 958 1279 εὐφροσύνην.
1019 1203 1133 1272 Τὴν
1201 1203 1558 1282 εὐφροσύνην,
1615 1202 1741 1274 ἤτοι
1809 1205 1871 1258 τὸ

217 1289 502 1368 εὐφρανεῖν
537 1294 606 1329 ⁶³¹
637 1296 819 1366 (τοῦτο
851 1295 954 1369 γάρ
986 1293 1128 1350 ἐστιν
1179 1295 1506 1373 εὐφροσύνη)
1535 1298 1626 1352 τὸν
1660 1298 1870 1365 Ἰησοῦν

215 1379 451 1443 εἰκότως
484 1378 651 1458 λιγει.

285 1473 318 1540 §
355 1471 450 1526 VI.
503 1471 605 1527 Καὶ
652 1471 745 1527 τὸν
791 1470 1211 1549 εὖφημούμενον
1257 1471 1447 1528 ὕπνον.
1499 1477 1621 1535 Πῶς
1682 1468 1872 1528 ἔλαϐεν

210 1556 306 1612 ἐπὶ
340 1561 476 1612 Θεοῦ
504 1559 672 1614 ὕπνον
703 1561 791 1614 καὶ
824 1559 1170 1637 ἐγρήγορσιν.

288 1648 401 1715 Τήν
481 1642 824 1720 συμϐολικὴ
909 1648 1213 1726 θεολογίαν.
1271 1648 1588 1722 Σημείωσαι
1663 1649 1716 1704 τί
1776 1670 1871 1704 πε-

215 1736 399 1809 ριέχει
461 1738 496 1804 ἡ
558 1731 884 1809 Συμϐολικὴ
943 1736 1224 1813 θεολογία.
1283 1737 1729 1814 Διεξοδικώτερον
1790 1735 1870 1810 δὲ,

1985 585 2141 642 Deus
2173 585 2522 652 inebriatus,
2554 591 2610 642 et
2639 602 2944 643 excessum
2979 588 3228 659 patiens.

2055 677 2252 731 Eodem
2272 676 2434 732 modo
2454 675 2804 748 accipiemus.
2827 679 3103 742 Quaenam
3127 677 3244 733 sint
3270 678 3436 735 dicta
3459 697 3634 737 omnes

1986 764 2108 821 sive
2139 764 2404 822 convivia
2435 765 2494 822 in
2526 782 2706 838 regno
2738 765 3040 822 cmlorum.

2055 945 2202 1000 331
2240 943 2600 1000 Discubilum.
2647 945 2786 1012 Quis
2835 947 2908 1002 sit
2960 946 3294 1004 discubitus
3343 949 3402 1004 in
3452 965 3632 1022 regno

1984 1034 2287 1102 ccelorum,
2331 1050 2585 1105 eumque
2627 1050 2759 1090 esse
2805 1037 3066 1107 requiem
3123 1042 3181 1092 et
3226 1037 3406 1092 vitam
3470 1055 3630 1094 noxas

1982 1128 2302 1194 expertem,
2338 1129 2450 1179 etc.

2056 1212 2173 1279 Qua
2199 1212 2404 1283 gaudio
2451 1214 2760 1283 replentur.
2793 1217 2904 1269 Per
2947 1211 3303 1288 εὐφροσύνην,
3336 1215 3458 1272 sive
3486 1231 3633 1288 gau-

1983 1301 2145 1356 dium
2179 1302 2260 1372 (id
2311 1301 2467 1357 enim
2517 1302 2821 1374 gigniﬁcat
2869 1300 3193 1378 εὐφροσύνη)
3223 1303 3636 1360 verosimiliter

1980 1389 2184 1446 Jesum
2217 1389 2512 1460 intelligit.

2051 1481 2078 1546 §
2108 1479 2207 1534 Vl.
2239 1481 2305 1534 Et
2331 1480 2598 1534 celebrem
2636 1482 2803 1536 istum
2829 1495 3100 1536 somnum.
3133 1481 3434 1545 Quomodo
3463 1497 3630 1536 acce-

1953 1569 2133 1640 perit
2162 1568 2219 1622 in
2257 1573 2368 1623 Deo
2399 1585 2676 1624 somnum
2711 1575 2760 1624 et
2795 1568 3248 1641 evigilationem.

2049 1657 2418 1728 Symbolicam
2475 1657 2838 1728 theologiam.
2891 1658 3038 1714 Nota
3099 1658 3237 1730 quid
3299 1656 3626 1729 Symbolica

1981 1747 2261 1815 theologia
2300 1747 2616 1802 contineat.
2654 1747 2757 1802 Ubi
2808 1747 3020 1817 fusius,
3053 1748 3108 1802 id
3159 1753 3248 1803 est
3295 1746 3491 1815 latius,
3524 1763 3627 1802 seu

208 1821 462 1878 τουτέστι
541 1824 902 1902 πλατύτερον,
961 1823 1293 1903 διήρθρωται
1369 1827 1458 1882 καὶ
1537 1825 1867 1883 διατετύπω-
1897 1853 1986 1934 Β]

2006 1835 2218 1892 ιιαυίυε
2247 1839 2304 1890 et
2337 1835 2709 1892 articulatius
2757 1835 3115 1908 explicatum
3161 1841 3219 1892 et
3267 1836 3628 1908 descriptum

206 1933 326 1970 ται.

617 2009 731 2058 ΕΙΣ
773 2005 918 2061 ΤΗΝ
961 2007 1362 2062 ΕΠΙΣΤΟΛΗΝ
1404 2007 1463 2064 1’.

276 2093 348 2148 Ἡ
401 2092 496 2165 μὲν
547 2090 813 2162 ἐπιστολή
847 2093 965 2164 ἀξία
996 2100 1096 2163 τῆς
1125 2093 1494 2170 ἀρχαιότητος
1526 2093 1734 2166 ἐκείνης
1763 2097 1862 2164 τῆς

200 2181 381 2255 ἱερᾶς,
444 2181 534 2236 καὶ
576 2186 673 2237 τοῦ
725 2187 1000 2255 μαθητοῦ,
1059 2183 1118 2236 ’ὀν
1172 2183 1356 2260 ἠγάπα
1411 2185 1440 2238 6
1502 2185 1732 2254 Ἰησοῦς,
1762 2184 1860 2252 τήν

201 2271 375 2345 χάριν
435 2269 875 2345 ἁπαγγὲλλουσα.
933 2273 1088 2328 Ἔστι
1159 2269 1214 2328 δὲ
1283 2267 1582 2346 συμϐαλεῖν
1651 2272 1710 2328 ἐκ
1763 2280 1862 2342 τῆς

201 2359 350 2434 πρὸς
400 2360 495 2414 τὸν
552 2361 701 2435 ἅγιον
748 2359 1112 2436 Πολύκαρπον
1145 2362 1185 2430 ζ’
1217 2357 1407 2432 οὔσης,
1441 2363 1569 2417 εἶναι
1620 2362 1711 2417 τὸν
1771 2355 1881 2434 μὲέ

201 2468 306 2522 γαν
369 2447 674 2520 Διονύσιον,
725 2447 814 2504 ὅτε
863 2454 1032 2504 ταῦτα
1089 2447 1336 2527 ἔγραφεν,
1394 2449 1524 2505 ἐτῶν
1584 2450 1708 2526 περί
1758 2471 1863 2506 που

204 2535 590 2608 ἐννενήκοντα.
643 2539 729 2594 Ἐν
793 2539 886 2611 μὲν
947 2539 1050 2613 γὰρ
1104 2543 1173 2612 τῇ
1208 2539 1346 2614 πρὸς
1392 2539 1484 2594 τὸν
1544 2540 1696 2615 ἅγιον
1754 2541 1864 2596 H0-

205 2621 500 2700 λύκαρπόν
576 2648 781 2697 φησιν,
844 2627 894 2682 ἐν
969 2631 1039 2702 τῇ
1105 2629 1222 2683 κατ’
1296 2625 1568 2702 Αἷίγυπτον
1641 2626 1863 2684 Ἡλιου-

205 2713 378 2769 πόλει
449 2713 669 2792 διάγων,
737 2717 1026 2780 θεάσασθαι
1094 2718 1193 2786 τήν
1261 2717 1407 2790 παρὰ
1478 2717 1634 2786 φύσιν
1708 2737 1864 2793 γενο-

206 2803 387 2875 μὲνην
447 2803 687 2878 ἔκλειψιν
748 2809 847 2859 τοῦ
921 2805 1088 2874 ἡλίου
1149 2804 1202 2860 ἐν
1257 2810 1338 2879 τῷ
1394 2807 1654 2882 σωτηρίῳ
1706 2827 1864 2860 σταυ-

203 2896 291 2967 ρῷ
349 2896 396 2930 ⁸⁸
452 2897 548 2948 τοῦ
599 2896 858 2962 Χριστοῦ,
919 2893 1050 2971 ὅπερ
1107 2895 1293 2972 γέγονε
1343 2901 1424 2968 τῷ
1485 2897 1553 2966 ιη’
1604 2895 1707 2951 ἔτει
1763 2902 1863 2964 τῆς

199 2975 472 3055 Τιϐερίου
525 2981 802 3057 βασιλείας
837 3001 850 3014 ο
877 2987 958 3055 τῷ
984 3003 1085 3059 γαρ
1120 2990 1176 3038 ιε’
1201 2982 1303 3039 ἔτει
1337 2984 1502 3039 αὐτοῦ
1544 2981 1744 3059 ἤρξατο
1768 2987 1864 3038 τοῦ

198 3070 570 3145 κηρύγματος
603 3072 631 3126 6
679 3071 882 3146 Κύριος
929 3072 1164 3143 Ἰησοῦς,
1197 3074 1271 3135 ὡς
1316 3072 1368 3128 ἐν
1413 3078 1493 3146 τῷ
1541 3073 1676 3128 κατὰ
1731 3080 1866 3128 Λου-

197 3163 303 3213 κᾶν
371 3156 637 3229 δηλοῦται
681 3159 1020 3237 Βύαγγελίῳ.
1074 3163 1214 3238 Τρία
1260 3161 1318 3217 δὶ
1363 3165 1408 3200 ⁸⁵
1451 3162 1542 3232 ἔτη
1598 3163 1712 3235 μετ’
1752 3161 1866 3216 ὀλί-

200 3269 323 3323 γων
387 3225 573 3321 μηνῶν
630 3225 890 3325 κηρύξας,
950 3225 1088 3306 ἑκὼν
1124 3225 1355 3327 ’πάσχει
1429 3253 1458 3307 6
1516 3225 1718 3327 έζύριος
1775 3251 1864 3306 καὶ
1897 3225 1940 3292 C

201 3338 345 3400 Θεὸς
401 3340 582 3411 ἡμῶν,
616 3339 690 3400 ὡς
745 3339 878 3394 εἶναι
933 3335 1189 3414 Τιϐερίου
1251 3343 1322 3411 ιη’
1355 3338 1497 3409 ἔτος,
1529 3336 1872 3398 Ἐϐασίλευσε

205 3423 268 3481 δὶ
321 3421 571 3502 Τιϐέριος
614 3427 754 3504 ἀμφὶ
801 3427 868 3482 τὰ
910 3435 989 3504 κγ’
1019 3427 1134 3500 ἔτη,
1164 3430 1240 3492 ὡς
1290 3431 1418 3484 εἶναι
1459 3429 1564 3484 ἀπὸ
1605 3435 1702 3484 τοῦ
1759 3452 1869 3486 σω-

201 3515 412 3591 τηρίου
437 3515 637 3578 πάθους
687 3513 792 3579 ἓως
821 3515 1082 3587 τελευτῆς
1116 3513 1373 3594 Τιϐερίου
1401 3516 1597 3593 σχεδὸν
1640 3514 1732 3590 ἔτη

197 3603 512 3679 Ἐξωρίσθη
587 3601 644 3660 δὶ
721 3605 749 3659 6
825 3606 982 3680 ἅγιος
1064 3605 1451 3684 connexio-11‘):
1505 3608 1760 3678 Ἰωάννης
1814 3608 1865 3662 ἐν

194 3692 420 3766 Πάτμῳ
447 3697 516 3766 τῇ
545 3695 721 3766 νήσῳ,
751 3692 876 3763 ἥτις
908 3693 1020 3750 ἐστὶ
1054 3695 1154 3768 μία
1209 3700 1316 3750 τῶν
1371 3693 1696 3766 Κυκλάδων,
1741 3690 1866 3772 περῖ

195 3783 261 3837 τὸ
294 3780 618 3837 τελευταῖον
667 3776 785 3844 ἔτος
833 3790 936 3852 τῆς
970 3784 1304 3857 Δομετιανοῦ
1359 3781 1660 3858 βασιλείας.
1703 3779 1866 3840 Ἐϐαε

194 3872 427 3928 σίλευσε
482 3869 540 3926 δὲ
597 3872 754 3934 οὗτος
783 3867 874 3942 ἔτη
914 3873 972 3927 ιε’
999 3873 1091 3928 καὶ
1148 3879 1324 3946 μῆνας
1357 3875 1414 3930 ε’.
1448 3873 1779 3949 Συνάγονται
1811 3871 1868 3928 δὲ

192 3961 310 4016 ἀπὸ
369 3965 469 4016 τοῦ
501 3962 572 4030 ιη’
602 3955 754 4024 ἔτους
779 3956 1053 4036 Τιϐερίου,
1086 3961 1176 4017 ὅτε
1209 3963 1244 4032 ἡ
1295 3956 1560 4035 ἔκλειψις,
1607 3959 1708 4024 ἕως
1763 3968 1862 4032 τῆς

192 4051 466 4114 τελευτῆς
497 4055 827 4124 Δομετιανοῦ
874 4049 966 4121 ἔτη
1030 4047 1101 4121 ξδ’
1131 4049 1254 4125 περί
1285 4072 1390 4106 που
1439 4050 1526 4105 καὶ
1576 4057 1750 4124 μῆνας

196 4138 568 4213 Ὑποθώμεθα
597 4141 642 4177 ⁸⁸
689 4137 746 4194 δὲ
799 4140 889 4194 καὶ
949 4141 1040 4195 τὸν
1100 4145 1243 4203 θεῖον
1305 4138 1609 4208 Διονύσιον,
1666 4141 1755 4195 ὅτε
1798 4139 1865 4195 τὰ

201 4227 298 4284 ἐπὶ
358 4233 442 4300 τῷ
499 4233 712 4302 σταυρῷ
761 4233 859 4284 τοῦ
916 4230 1122 4303 Κυρίου
1171 4226 1332 4296 εἶδεν,
1384 4229 1518 4284 εἶναι
1582 4235 1656 4284 κε’
1705 4227 1858 4298 ἐτῶν,

196 4319 296 4372 ἅτε
333 4316 510 4390 οἶμαι,
539 4317 630 4372 καὶ
661 4315 737 4372 ἔτι
771 4317 1228 4394 ἀναγινώσκοντα,
1262 4317 1338 4380 ὡς
1389 4319 1520 4372 εἶναι
1570 4319 1638 4373 τὰ
1687 4319 1860 4373 πάντα

193 4407 348 4482 ἀμφὶ
423 4407 490 4460 τὰ
567 4405 920 4476 ἐννενήκοντα
987 4405 1103 4478 ἔτη.
1156 4407 1446 4479 Μέμνηται
1504 4404 1562 4461 δὲ
1610 4414 1710 4477 τῆς
1770 4407 1858 4462 ἐπὶ

193 4499 537 4568 Δομετιανοῦ
607 4494 814 4569 ἐξορίας
888 4499 983 4549 τοῦ
1071 4494 1375 4568 ἁγιωτάτου
1433 4494 1707 4566 Ἰωάννου,
1766 4494 1855 4550 καὶ

1974 1930 2082 1981 est.

2492 2013 2565 2072 IN
2604 2014 3009 2071 EPISTOLAM
3046 2014 3112 2070 X.

2048 2102 2314 2173 Epistola
2344 2102 2465 2158 haec
2495 2109 2702 2158 sancta
2747 2103 2846 2158 illa
2895 2103 3246 2175 antiquitate
3277 2102 3626 2175 cumprimis

1975 2190 2175 2262 digna,
2210 2192 2292 2246 uti
2327 2197 2384 2248 et
2431 2192 2720 2264 discipulo
2769 2208 2944 2264 quem
2999 2192 3281 2264 diligebat
3305 2196 3498 2258 Jesus,
3529 2191 3622 2247 cui

1973 2280 2220 2351 gratiam
2247 2281 2582 2336 annuntiat.
2607 2282 2760 2336 Licet
2781 2285 2976 2336 autem
2996 2280 3265 2352 colligere
3287 2297 3356 2336 ex
3377 2281 3484 2336 hac
3506 2280 3624 2351 epi-

1974 2368 2124 2424 stola
2152 2374 2211 2424 et
2239 2385 2307 2424 ex
2337 2368 2437 2424 illa
2476 2371 2546 2424 ad
2600 2376 2867 2425 sanctum
2922 2371 3297 2442 Polycarpum
3349 2370 3620 2441 septima,

1974 2475 2255 2529 magnum
2287 2457 2655 2530 Dionysium,
2684 2459 2920 2529 quando
2971 2457 3092 2514 haec
3140 2458 3397 2530 scripsit,
3431 2474 3618 2513 anno-

1972 2563 2104 2617 rum
2137 2548 2369 2602 circiter
2398 2547 2720 2618 nonaginta
2767 2549 2969 2603 fuisse.
2994 2551 3054 2603 In
3089 2547 3191 2603 illa
3219 2546 3511 2619 siquidem
3544 2547 3616 2601 ad

1971 2636 2028 2691 S.
2048 2634 2430 2708 Polycarpum
2457 2635 2537 2690 ait
2554 2651 2636 2703 se,
2654 2651 2786 2690 cum
2809 2635 3092 2706 Heliopoli
3114 2636 3340 2708 [Egypti
3363 2635 3621 2706 degeret,

1975 2725 2338 2796 perspexisse
2357 2725 2604 2779 solarem
2627 2725 2801 2778 istam
2819 2723 3392 2795 eclipsim,salutaris
3407 2723 3484 2778 Cb
3495 2722 3625 2777 risti

1975 2813 2167 2867 crucis
2190 2817 2473 2884 tempore,
2499 2829 2626 2883 quae
2656 2813 2868 2868 incidit
2890 2813 2947 2867 in
2973 2830 3193 2868 annum
3222 2813 3385 2885 regni
3407 2811 3628 2868 Tiberii

1973 2901 2267 2957 decimum
2289 2907 2560 2957 octavum
2579 2918 2590 2956 :
2608 2901 2786 2973 hujus
2807 2902 2962 2958 enim
2981 2919 3132 2958 anno
3154 2901 3379 2958 decimo
3398 2903 3626 2972 quinto,

1973 3006 2216 3046 exorsus
2246 2996 2369 3046 erat
2400 2990 2874 3062 praedicationem
2913 3007 3081 3046 suam
3117 2991 3398 3046 Dominus
3427 2990 3620 3058 Jesus,

1975 3082 2040 3133 ut
2070 3079 2127 3134 in
2158 3078 2471 3150 Evangelio
2512 3079 2839 3134 secundum
2874 3079 3090 3134 Lucam
3128 3080 3480 3135 declaratur.
3515 3076 3626 3133 Ubi

1978 3171 2172 3223 autem
2206 3169 2396 3223 tribus
2427 3168 2600 3223 annis
2631 3174 2688 3223 et
2713 3167 2914 3239 paucis
2946 3169 3252 3224 mensibus
3283 3167 3626 3239 praedicave-

1978 3261 2091 3323 rat,
2124 3257 2409 3312 Dominus
2433 3273 2499 3312 ac
2522 3260 2673 3312 Deus
2704 3261 2902 3312 noster
2925 3262 3132 3329 sponte
3155 3273 3367 3328 passus
3397 3260 3486 3312 est
3516 3255 3627 3311 cir-

1978 3361 2046 3399 ca
2067 3363 2286 3400 annum
2312 3345 2524 3400 Tiberii
2559 3345 2852 3400 decimum
2887 3351 3176 3401 octavum.
3207 3345 3496 3417 Regnavit
3525 3361 3628 3399 au-

1977 3437 2096 3488 tem
2121 3433 2392 3488 Tiberius
2417 3434 2586 3488 annis
2605 3433 2839 3489 circiter
2859 3433 3050 3490 tribus
3070 3437 3128 3490 et
3145 3433 3380 3505 viginti,
3406 3439 3470 3488 ut
3491 3431 3572 3488 sic
3595 3449 3630 3488 a

1979 3521 2222 3577 salutari
2258 3521 2531 3593 passione
2561 3522 2631 3577 ad
2664 3522 2889 3577 obitum
2914 3537 3102 3594 usque
3132 3522 3346 3578 Tiberii
3379 3522 3497 3576 fere
3527 3537 3629 3576 sex

1977 3610 2113 3665 anni
2136 3609 2592 3665 intercesserint.
2619 3609 2791 3664 Porro
2813 3613 3055 3665 sanctus
3077 3609 3430 3681 evangelista
3451 3609 3622 3664 Joan-

1975 3715 2080 3754 nes
2110 3697 2414 3770 ablegatus
2447 3701 2538 3753 est
2561 3696 2624 3752 in
2656 3697 2927 3752 Patmum
2959 3696 3238 3762 insulam,
3262 3715 3388 3766 quis
3418 3697 3624 3767 Cycla-

1975 3787 2117 3842 dum
2150 3804 2267 3842 una
2298 3790 2404 3851 est,
2431 3786 2544 3840 sub
2575 3790 2900 3840 extremum
2927 3785 3062 3839 anni
3089 3785 3248 3852 regni
3281 3784 3622 3840 Domitiani.

1975 3876 2076 3930 Hic
2109 3880 2303 3930 autem
2337 3873 2602 3946 regnavit
2647 3873 2818 3929 annis
2859 3872 3196 3945 quindecim
3227 3877 3285 3928 et
3315 3872 3620 3929 mensibus

1971 3965 2254 4036 quinque.
2285 3963 2370 4018 Ab
2402 3979 2554 4018 anno
2584 3979 2720 4018 vero
2751 3961 2964 4017 Tiberii
2999 3962 3225 4017 decimo
3256 3966 3480 4029 octavo,
3504 3978 3621 4033 quo

1971 4053 2206 4124 eclipsis
2236 4051 2338 4107 illa
2368 4051 2636 4123 contigit,
2660 4051 2732 4106 ad
2778 4055 3027 4106 mortem
3064 4066 3250 4122 usque
3279 4049 3620 4120 Domitiani,

1970 4140 2331 4213 colliguntur
2359 4139 2498 4196 anni
2543 4139 2778 4195 circiter
2807 4144 3059 4210 quatuor
3106 4144 3164 4194 et
3211 4139 3534 4210 sexaginta,
3567 4144 3624 4194 et

1969 4245 2206 4287 menses
2235 4233 2484 4300 septem.
2519 4228 2936 4299 Supponamus
2975 4227 3135 4299 item,
3163 4229 3225 4284 D.
3249 4228 3618 4300 Dionysium,

1969 4319 2205 4391 quando
2239 4318 2352 4374 ista
2381 4317 2492 4373 sub
2523 4315 2958 4373 cruciﬁxionem
2983 4315 3215 4372 Domini
3243 4316 3411 4382 vidit,
3435 4332 3619 4371 anno-

1967 4426 2098 4464 rum
2134 4410 2317 4464 fuisse
2338 4407 2850 4480 vigintiquinque,
2876 4407 3374 4479 quemadmodum
3408 4422 3498 4462 me
3520 4407 3620 4460 ad-

1967 4499 2082 4555 huc
2115 4498 2328 4571 legisse
2360 4502 2627 4567 autumo,
2650 4497 2735 4552 sic
2766 4501 2830 4552 ut
2859 4513 3063 4552 omnes
3096 4497 3234 4552 anni
3265 4496 3485 4553 fuerint
3513 4496 3623 4552 cir-

196 4583 502 4658 Εἰρηναῖος
535 4580 588 4637 ἐν
619 4581 786 4657 τρίτῳ
834 4581 924 4637 καὶ
972 4581 1211 4654 πέμπτῳ
1237 4585 1345 4636 τῶν
1397 4581 1546 4637 Κατὰ
1575 4577 1854 4656 αἱρέσεων,
1885 4593 1935 4660 D
1969 4605 1986 4644 ε

2006 4589 2115 4644 iter
2145 4588 2488 4659 nonaginta.
2522 4585 2786 4642 Meminit
2815 4588 2992 4640 etiam
3033 4585 3214 4656 hujus
3245 4585 3622 4657 relegationis

195 4669 333 4726 ἔνθα
380 4669 469 4725 καὶ
523 4670 616 4726 τὸν
671 4668 869 4746 χρόνον
923 4669 1299 4742 ἐσημειώσατο
1333 4687 1346 4700 ⁶
1397 4669 1486 4725 καὶ
1545 4669 1780 4742 Κλήμης
1827 4671 1854 4724 6

190 4755 610 4834 Ἀλεξανδρεὺς,
644 4757 697 4814 ἐν
723 4761 801 4830 τῷ
828 4756 984 4834 λόγῳ
1011 4761 1094 4831 τῷ
1122 4757 1246 4833 περί
1280 4775 1294 4791 ⁸
1325 4756 1425 4821 Τίς
1475 4759 1502 4812 6
1554 4757 1858 4832 σωζόμενος

188 4847 469 4911 πλούσιος
487 4865 502 4918 ;

274 5026 422 5088 Οὐδὲ
501 5027 569 5088 vd

274 5049 422 5088 υυοε
501 5049 603 5105 γαρ
688 5049 740 5081 εν
796 5049 914 5088 τοις
989 5049 1172 5084 αιωσι.
1232 5049 1551 5100 ιημειωσαι
1607 5049 1689 5084 οτι
1750 5049 1856 5105 ουχ

201 5120 230 5174 6
263 5119 401 5181 Θεὸς
431 5117 601 5179 αἴτιος
631 5114 728 5171 τοῦ
762 5116 1071 5194 ἀφορισμοῦ
1095 5121 1213 5179 τοῖς
1246 5117 1597 5192 ἁμαρτωλοῖς
1647 5125 1747 5188 τῆς
1805 5119 1856 5172 ἐν

198 5209 466 5284 ἀριστερᾷ
505 5207 761 5273 στάσεως,
807 5203 934 5260 ἀλλ’
977 5204 1132 5260 αὐτοὶ
1179 5205 1393 5270 ἑαυτοῖς
1440 5205 1604 5261 αἶ’τιοι
1652 5207 1859 5262 τούτων

193 5299 250 5354 οἱ
316 5293 659 5371 ἁμαρτωλοὶ,
720 5291 1002 5358 παντελῶς
1059 5293 1282 5358 ὶαυτοὺς
1350 5295 1703 5371 ἀφορίσαντες
1760 5300 1860 5352 τοῦ

195 5387 364 5441 Θεοῦ.

688 5026 740 5081 ἐν
796 5031 914 5088 τοῖς
989 5027 1172 5084 αἶ’ῶσι.
1232 5027 1551 5100 Σημείωσαι
1607 5029 1689 5084 ὅτι
1750 5031 1860 5105 οὐχ

1967 4677 2329 4734 sanctissimi
2372 4673 2619 4731 Joannis
2653 4675 2766 4729 sub
2802 4674 3128 4729 Domitiano
3176 4675 3340 4730 factae
3373 4675 3622 4730 lrenmus

1967 4767 2028 4822 in
2062 4766 2235 4822 tertio
2268 4769 2324 4820 et
2345 4763 2550 4834 quinto
2582 4762 2731 4817 libro
2783 4778 2889 4818 suo
2937 4763 3205 4817 Adversus
3234 4763 3486 4833 haereses,
3519 4762 3620 4818 ubi

1967 4862 2026 4912 et
2054 4860 2291 4925 tempus
2335 4851 2644 4920 indicavit;
2680 4849 2947 4906 Clemens
2981 4851 3118 4906 item
3168 4851 3618 4916 Alexandrinus,

1967 4944 2028 5000 in
2060 4960 2126 4999 eo
2159 4957 2330 5014 Opere
2362 4939 2456 4996 cui
2489 4939 2796 5010 inscriptio
2831 4955 2844 4993 :
2881 4940 3017 5007 Qui:
3045 4939 3194 4995 dives
3220 4941 3445 4995 salvus?

2040 5032 2193 5088 332
2224 5032 2406 5101 Neque
2433 5027 2584 5084 enim
2614 5030 2674 5082 in
2703 5029 2944 5084 saeculis.
2969 5028 3118 5083 Nota
3139 5029 3322 5084 Deum
3356 5045 3470 5084 non
3492 5045 3618 5085 esse

1969 5137 2210 5178 causam
2269 5117 2656 5190 separationis
2713 5121 3128 5188 peccatorum,
3175 5135 3293 5189 qua
3349 5119 3419 5173 ad
3479 5118 3617 5176 sini-

1970 5215 2153 5266 stram
2185 5206 2568 5276 collocantur,
2605 5204 2706 5260 sed
2756 5204 2869 5259 sibi
2903 5204 3048 5276 ipsis
3079 5210 3411 5277 peccatores
3443 5207 3620 5277 hujus

1969 5297 2052 5354 rei
2084 5313 2274 5353 causae
2305 5299 2465 5366 sunt,
2498 5294 2640 5350 dum
2673 5292 2789 5364 ipsi
2838 5309 2900 5350 se
2947 5293 3183 5366 penitus
3214 5311 3248 5350 a
3275 5293 3392 5352 Deo
3421 5309 3619 5367 segre-

1969 5390 2128 5460 gant.

1207 5571 1443 5630 νΑιιιιΕ
1482 5572 1872 5633 LECTIONES
1914 5575 2006 5633 ET
2045 5569 2610 5633 CORRECTIONES.

266 5700 350 5738 εν
379 5695 436 5752 εὖ
467 5699 710 5771 φρονεῖν.
789 5695 836 5731 ⁸⁸
861 5692 950 5750 ἐπὶ
977 5697 1060 5770 τῷ
1087 5699 1322 5773 σταυρῷ.
1396 5697 1442 5736 ⁸⁸
1467 5696 1593 5774 γάρ.
1667 5700 1712 5740 ⁸⁸
1739 5697 2053 5777 ὁποθῶμεν.
