3972 6214
457 342 564 398 575

1267 343 1636 401 APPENDIX
1675 346 1772 400 AD
1806 344 2047 399 OPERA
2082 342 2138 397 Β.
2181 341 2496 397 ΒΙΟΝΪΒῙῘ
2533 343 3032 401 ΔΒΕΟΡΔΘΙΤΕ.

3690 348 3772 406 576

533 469 597 524 Et
623 467 725 524 Dei
748 467 989 525 nomine.
1023 467 1122 524 Dei
1169 484 1381 525 nomen
1413 470 1514 537 ait,
1541 470 1661 525 sive
1709 468 1865 541 quod
1898 482 2102 523 omnes

2287 465 2385 518 Καὶ
2418 465 2712 539 θεωνυμίᾳ.
2744 466 3059 540 Θεωνυμίαν
3120 465 3276 543 φησὶν
3336 465 3455 535 ἢτὸ
3497 469 3690 526 πάντοτε
3733 472 3772 528 ἒν

462 557 723 614 actiones
753 574 892 613 suas
920 557 978 612 in
1015 559 1111 612 Dei
1142 575 1373 630 semper
1405 558 1640 614 nomine
1673 562 1976 630 peragant,
2004 560 2106 611 aut

465 646 602 718 quia
626 664 656 701 a
692 647 813 701 Deo
844 645 966 702 sive
993 646 1221 702 Christo
1267 664 1480 703 nomen
1520 646 1731 715 sortiti,
1756 661 1823 701 ex
1853 661 1918 701 eo
1951 645 2103 716 quod

465 736 788 791 secundum
850 735 1046 806 ipsum
1092 735 1275 791 vitam
1329 753 1499 792 suam
1548 737 1886 804 instituunt,
1927 736 2104 790 etiam

463 825 700 897 ipsimet
734 823 813 878 dii
846 823 1231 895 appellentur.

537 914 828 984 Evangelii
871 914 1062 969 solem.
1095 913 1297 969 Merito
1345 913 1543 969 divum
1592 914 1877 970 Joannem
1923 916 2130 977 Evan-,

466 1002 604 1074 gelii
662 1001 843 1057 solem
900 1007 1214 1073 nuncupat.
1261 1003 1401 1058 Jure
1455 1003 1656 1074 igitur,
1717 1003 1924 1071 inquit,
1974 999 2107 1054 illos

467 1091 828 1162 reprehendo
885 1094 939 1145 et
995 1089 1252 1161 increpo,
1298 1091 1398 1161 qui
1454 1107 1518 1145 se
1571 1089 1750 1145 solem
1805 1087 2106 1160 Evangelii

467 1180 873 1245 exterminare,
921 1194 1093 1249 posse
1141 1183 1372 1249 putant.
1402 1179 1670 1234 Attamen
1717 1183 1852 1249 opto
1903 1181 1968 1231 ut
2015 1192 2106 1230 re-

466 1266 738 1337 spiciant,
771 1270 828 1321 et
870 1267 942 1322 ad
989 1272 1047 1322 te
1097 1271 1425 1333 accurrant,
1459 1271 1521 1321 ut
1569 1265 1846 1321 illustrati
1878 1263 2108 1320 salven-

463 1360 581 1411 tur.
619 1355 1126 1422 Quemadmodum
1177 1355 1333 1411 enim
1387 1356 1628 1422 insanit,
1679 1355 1779 1426 qui
1829 1369 1891 1409 se
1940 1355 2110 1425 putat

465 1442 649 1498 solem
703 1443 859 1500 hunc
909 1444 1256 1500 concludere
1285 1444 1411 1500 loco
1442 1461 1632 1516 posse,
1665 1444 1750 1499 sic
1796 1448 1855 1499 et
1903 1443 1963 1497 hi
2014 1443 2103 1496 in-

467 1533 709 1590 saniunt
739 1533 836 1604 qui
880 1534 1069 1590 lucem
1109 1533 1407 1607 Evangelii
1451 1533 1814 1590 arbitrantur
1843 1549 1904 1587 se
1934 1544 2108 1603 posse

467 1627 660 1677 tecum
693 1621 848 1678 intra
877 1627 1149 1678 Patmum
1181 1623 1437 1680 insulam
1471 1622 1973 1679 circumscribere.

538 1801 644 1857 Nos
684 1808 874 1858 autem
918 1818 948 1858 c
993 1803 1206 1858 diverso
1250 1819 1442 1874 neque.
1475 1803 1604 1868 Pro,
1638 1816 1828 1872 neque
1875 1799 2107 1872 longius

468 1891 528 1944 te
572 1888 799 1944 abesse.
841 1889 986 1945 Nota
1040 1893 1234 1945 autem
1293 1906 1574 1962 magnum
1623 1888 1962 1961 Dionysium
2015 1887 2110 1942 hic

468 1977 645 2033 etiam
691 1977 1094 2050 prophetasee,
1143 1995 1277 2033 cum
1328 1978 1482 2033 clare
1532 1977 1708 2043 dicat,
1747 1977 1882 2047 sibi,
1915 1977 2002 2032 uti
2053 1981 2112 2032 et

472 2066 641 2121 beato
683 2065 895 2121 Joanni
947 2066 1266 2122 revelatum
1314 2083 1464 2136 esse,
1494 2066 1690 2139 ipsum
1740 2066 1896 2121 intra
1941 2065 2112 2120 breve

471 2158 707 2224 tempus
746 2155 817 2209 ab
863 2155 1064 2210 exsilio
1095 2155 1283 2210 Patmi
1332 2157 1723 2211 revocandum
1773 2171 1925 2222 esse,
1955 2154 2112 2227 quod

472 2245 530 2296 et
558 2242 822 2312 contigit.
855 2243 1025 2311 Nam,
1059 2248 1123 2298 ut
1169 2243 1445 2312 diximus,
1482 2243 1654 2315 paulo
1697 2247 1850 2315 post,
1881 2243 1993 2298 sub
2023 2241 2112 2298 ul-

474 2330 683 2385 timum
717 2347 939 2386 annum
973 2331 1130 2404 regni
1172 2331 1508 2401 Domitiani,
1542 2335 1600 2388 in
1641 2337 1912 2388 Patmum
1945 2332 2112 2387 insu-

467 2418 586 2474 lam
637 2422 829 2475 luerat
885 2419 1196 2490 relegatus,
1257 2421 1586 2477 Domitiano
1647 2420 2112 2493 persecutionem

469 2507 790 2578 excitante;
845 2513 905 2564 at
960 2509 1195 2565 interim
1255 2511 1366 2566 sub
1428 2509 1603 2566 istius
1659 2510 1814 2582 regis
1870 2509 2113 2578 exitum,

469 2597 762 2654 maximus
801 2597 897 2653 hic
926 2598 1286 2672 evangelista
1329 2599 1588 2657 Joannes
1638 2599 1899 2655 divinam
1948 2597 2113 2654 illam

467 2685 883 2761 Apocalypsim
919 2686 1087 2744 vidit.

2211 556 2290 624 τῷ
2339 553 2566 626 ὀνόματι
2617 555 2712 609 τοῦ
2774 559 2908 610 Θεοῦ
2991 556 3162 609 πάντα
3230 554 3468 629 πράττειν
3535 556 3773 632 αὐτώ)ςῆ

2215 640 2338 696 ὅταν
2393 641 2521 705 τοὺς
2572 643 2678 697 ἀπὸ
2725 647 2822 697 τοῦ
2871 647 3026 708 Θεοῦ,
3057 641 3227 718 ἤγουν
3279 648 3373 698 τοῦ
3426 645 3653 720 Χριστοῦ,
3687 650 3774 704 ὀνο-

2219 729 2584 803 μαζομένους,
2639 733 2756 786 κατ’
2806 732 2968 788 αὐτὸν
3034 730 3407 796 πολιτεύεσθαι
3463 735 3674 810 ὑπάρχῃ,
3711 740 3774 792 καὶ

2213 818 2408 882 αὐτοὺς
2442 818 2573 894 λεγο
2585 822 2774 893 μένους
2804 821 2976 885 θεούς.

2285 911 2390 961 Τοῦ
2440 907 2776 984 Εὐαγγελίου
2828 909 2918 964 τὸν
2968 907 3154 979 ἥλιον.
3204 910 3306 967 Τὸν
3367 913 3458 964 τοῦ
3515 910 3776 988 Εὖαγγελὶου

2215 994 2376 1066 ἥλιον
2431 1001 2623 1052 τοῦτον
2675 999 2770 1053 τὸν
2819 1004 2962 1062 θεῖον
2995 999 3247 1069 Ἰωάννην
3305 997 3545 1072 ὀνομάζει
3593 998 3777 1059 δικαίως.

2216 1087 2393 1158 Φησὶν
2428 1083 2520 1140 οὖν
2556 1105 2569 1120 ⁸
2600 1088 2726 1144 ’Ὁτι
2767 1086 2900 1163 ἐγὼ,
2934 1087 3160 1150 εἰκότως
3203 1086 3518 1161 αἰτιώμενος
3556 1089 3632 1142 καὶ
3676 1110 3778 1161 μεμ-

2216 1175 2452 1254 φόμενος
2509 1173 2637 1238 τοὺς
2685 1175 3002 1250 νομίζοντάς
3061 1197 3118 1231 σε
3179 1176 3271 1232 τὸν
3349 1180 3443 1232 τοῦ
3516 1175 3780 1253 Εὖαγγελὶου

2214 1262 2379 1332 ἥλιον
2439 1263 2766 1340 περισρίζειν
2826 1263 2881 1320 ἐν
2931 1265 3108 1338 τόπῳ,
3150 1261 3384 1340 εὔχομαι
3440 1263 3579 1338 ὅμως
3631 1264 3780 1332 ἀνανῆ-

2215 1355 2310 1425 ψαι
2367 1352 2456 1407 καὶ
2515 1349 2886 1427 προσδραμεῖν
2935 1374 3042 1421 σοι,
3070 1351 3163 1408 ’ἱνα
3219 1356 3431 1408 σωθῶσι
3481 1351 3780 1430 φωτισθέντες.

2214 1442 2418 1515 ’Ὠσπερ
2476 1441 2576 1516 γὰρ
2640 1440 2879 1515 μέμηνεν
2937 1443 2965 1496 ὁ
2995 1441 3254 1515 οἲόμενος
3306 1442 3394 1497 τὸν
3452 1439 3596 1510 ἥλιον
3640 1446 3780 1496 τοῦτον

2214 1527 2544 1602 περικλείειν
2603 1529 2782 1602 τόπῳ,
2820 1529 2964 1584 aiio-cn
3018 1531 3109 1585 καὶ
3166 1530 3315 1586 οὗτοι
3375 1529 3784 1604 μεμήτασι,νομί-

2219 1623 2398 1686 ζοντες
2449 1617 2513 1671 τὸ
2565 1621 2681 1694 φῶς
2727 1622 2824 1672 τοῦ
2878 1617 3211 1695 Εὖαγγελίου
3259 1639 3354 1673 σου
3396 1619 3681 1694 περιορίζειν
3717 1617 3781 1670 σὺν

2217 1706 2302 1760 σοὶ
2333 1705 2384 1761 ἐν
2420 1706 2630 1779 Πάτμῳ
2657 1710 2724 1780 τῇ
2754 1708 2926 1780 νήσῳ.

2287 1795 2462 1866 Ἠμᾶς
2551 1791 2608 1849 δὲ
2679 1791 2806 1849 οὐδὶ
2875 1795 3208 1850 τούναντίον.
3270 1795 3416 1851 Ἀντὶ
3458 1799 3566 1863 τοῦ,
3607 1791 3707 1849 οὐδὲ
3739 1795 3782 1847 τὸ

2217 1882 2553 1959 ποῤῥωτὲρω
2595 1904 2651 1938 σε
2695 1884 2959 1959 γενέσθαι.
3009 1882 3329 1958 Σημείωσαι
3374 1881 3430 1938 δὲ
3473 1884 3547 1938 δτι
3588 1881 3784 1955 καὶπρο·

2220 1973 2507 2048 εφήτευσεν
2549 1973 2577 2026 ὁ
2627 1972 2794 2048 μέγας
2842 1972 3142 2044 Διονύσιος,
3175 1978 3359 2050 σαφῶς
3407 1971 3561 2028 εἲπὼν
3601 1970 3652 2026 ἐκ
3688 1973 3784 2025 Θεοῦ

2221 2061 2676 2136 ἀποκαλυφθῆναι
2732 2061 2903 2132 αὐτῷ,
2935 2061 3009 2123 ὡς
3051 2062 3138 2116 καὶ
3187 2065 3266 2132 νῷ
3313 2062 3450 2137 ἁγίῳ
3477 2059 3684 2133 Ἰωάννῃ,
3727 2055 3785 2111 ὅτι

2221 2146 2348 2203 εἷ’σω
2397 2148 2741 2223 βραχυτάτου
2793 2148 2997 2225 χρόνου
3048 2148 3480 2220 ἆνακληθήσεται
3509 2156 3596 2217 τῆς
3635 2147 3677 2202 ἐν
3711 2147 3788 2201 Πά-

2169 2305 2187 2318 _
2218 2258 2346 2310 τμῳ
2402 2237 2612 2311 ἐξορίας
2647 2256 2659 2271 ·
2720 2238 2749 2292 ’ὀ
2800 2237 2866 2308 δὴ
2917 2240 3006 2294 καὶ
3069 2238 3316 2314 γέγονεν.
3347 2240 3434 2300 Ὠς
3475 2239 3565 2314 γὰρ
3610 2233 3788 2312 ἔφημεν,

2221 2330 2329 2406 πρὸ
2390 2329 2626 2406 βραχέος
2678 2331 2802 2407 περὶ
2855 2332 2918 2387 τὸ
2965 2330 3279 2387 τελευταῖον
3314 2326 3432 2393 ἔτος
3458 2338 3549 2400 τῆς
3598 2336 3792 2402 Δομετια-

2221 2416 2313 2472 νοῦ
2367 2417 2646 2493 βασιλείας
2691 2419 2770 2482 εἷς
2811 2421 2911 2488 τήν
2963 2419 3184 2494 Πάτμον
3226 2417 3573 2498 ἐφυγαδεύθη,
3604 2415 3788 2490 διωγμὸν

2221 2508 2540 2577 κινήσαντος
2569 2507 2666 2562 τοῦ
2699 2513 3034 2582 Δομετιανοῦ
3067 2527 3080 2542 °
3119 2511 3234 2564 εἶτα
3281 2509 3402 2585 περὶ
3457 2509 3548 2578 τήν
3595 2503 3789 2570 τελευτὴν

2220 2594 2318 2651 τοῖ’)
2379 2594 2646 2672 βασιλέως
2703 2598 2804 2672 ὁρᾷ
2837 2598 2936 2667 τήν
2971 2597 3112 2662 θείαν
3147 2595 3518 2672 ’Δποκάλυψιν
3547 2597 3573 2651 ὁ
3601 2593 3789 2668 μέγιστος

2222 2686 2380 2750 οὗτος
2411 2683 2804 2762 εὐαγγελιστής
2833 2686 3086 2758 Ἰωάννης
3109 2689 3175 2746 ⁸⁷.

1467 2887 1710 2944 VARI/ﬂ
1750 2886 2146 2944 LECTIONES
2185 2886 2274 2942 ET
2312 2884 2874 2942 COBRECTIONES.

537 3002 581 3036 ⁸⁷
612 3001 754 3063 θεῖος
788 2999 1179 3077 εὐαγγελιστὴς
1210 3002 1388 3058 Ἰωάν.
