3972 6214
173 350 268 405 577
1283 349 1688 418 summum,
1727 349 1828 401 sx
1864 348 2155 402 manans
2190 347 2489 401 σηοω.
3461 348 3570 404 578

639 638 2188 845 SCRIPTORES
2349 640 3093 844 VARII.

1561 971 2176 1136 VIT/E

185 1265 918 1421 SANGTI
1059 1263 1984 1416 DIONYSII
2126 1266 3572 1420 AREOPAGITZE.

1616 1503 2150 1534 -ψ-

712 1647 1242 1821 ΒΙΟΣ
1333 1648 1736 1817 ΚΑΙ
1822 1649 3044 1822 ΕΓΚΩΜΙΟΝ

350 1947 638 2044 ΤΟΥ
718 1945 1174 2041 ΑΓΙΟΥ
1309 1945 2150 2043 ΔΙΟΝΥΣΙΟΥ
2271 1945 3422 2044 ΑΡΕΙΟΠΑΓΙΤΟΥ

822 2143 918 2199 Ἐκ
946 2146 1051 2197 τῶν
1086 2144 1348 2214 Μηναίων
1380 2149 1479 2213 τῆς
1510 2141 1562 2198 ἐν
1598 2139 1827 2200 Ἑλλάδι
1855 2142 2207 2214 Ἐκκλησίας,
2243 2144 2416 2218 μηνὸς
2447 2138 2786 2217 Ὀκτωϐρίου
2814 2147 2885 2218 τῇ
2915 2143 2982 2217 γ’.

836 2453 1328 2606 VITA
1453 2453 1709 2603 ET
1829 2451 2938 2608 ENCOMIUM

557 2721 1141 2817 SANCTI
1246 2721 1999 2818 DIONYSII
2109 2723 3225 2819 AREOPAGIT/E

1218 2911 1326 2972 Ea:
1371 2911 1609 2972 Menaeis
1650 2912 1894 2987 Graecis,
1941 2915 2153 2974 mensis
2193 2914 2317 2976 Oct.
2365 2913 2464 2974 die
2491 2916 2549 2975 3.

760 3072 1108 3150 Interprete
1135 3071 1323 3132 Petro
1355 3070 1700 3144 Lansselio,
1735 3072 2220 3152 Gravelingano,
2252 3074 2396 3135 Soc.
2427 3076 2574 3138 Jesu
2609 3074 2994 3154 presbytero.

1849 3261 1920 3273 .-

241 3397 549 3476 ⁹Αγχίστρῳ
579 3404 678 3467 τῆς
736 3398 964 3475 χάριτος
1017 3401 1201 3476 σοφῶς
1258 3399 1286 3452 ὁ
1338 3397 1555 3460 Παῦλος
1589 3399 1617 3453 ὁ
1648 3394 1809 3462 ἔνθεοι

2022 3405 2362 3463 888-885
2425 3406 2629 3462 Divino
2687 3409 2985 3476 correptus
3044 3403 3292 3459 numine
3354 3401 3590 3470 Paulus,

175 3485 584 3562 δημηγορήσας
617 3487 921 3562 ἐζώγρησεν
980 3485 1361 3562 ἱεροφάντορα,
1409 3486 1500 3540 καὶ
1529 3483 1634 3540 τῶν
1665 3488 1743 3541 ἁπη

2026 3494 2225 3550 ncione
2247 3497 2317 3550 ad
2343 3495 2625 3566 populum
2650 3494 2868 3559 habita,
2889 3509 3190 3549 sacrorum
3215 3490 3594 3562 interpretem

183 3576 366 3652 ῥήτων
429 3574 631 3650 θεωρὸν
684 3573 988 3649 εἰργάσατο,
1065 3575 1122 3628 σὶ
1183 3578 1372 3637 σκεῦος
1431 3573 1663 3649 ἰκλογῆς
1721 3586 1748 3638 θ

2027 3584 2144 3638 stite
2177 3583 2348 3638 hamo
2379 3583 2507 3639 vitae
2538 3583 2835 3655 sapienter
2865 3581 3046 3650 dedit,
3085 3579 3595 3650 ineﬂ‘ahiliumque

179 3668 434 3741 σάμενος,
470 3666 588 3739 μεθ’
613 3663 675 3720 οὗ
693 3662 1062 3735 δυσώπησον⁶,
1096 3664 1404 3741 Θεοῤῥῆμον
1439 3664 1742 3736 Διονύσιε,τ

2027 3673 2470 3743 ntemplatorem
2501 3673 2708 3737 eﬂ‘ecit,
2740 3671 2882 3725 dum
2916 3674 2972 3725 te
2995 3685 3097 3725 vas
3129 3667 3432 3724 electionis
3459 3681 3595 3720 con-

179 3758 341 3829 πόθφ
373 3755 678 3828 ὑμνοῦντας
703 3774 780 3810 σε.

2027 3761 2163 3826 exit,
2192 3778 2327 3816 cum
2359 3778 2496 3833 quo,
2529 3759 2889 3830 diviniloque
2920 3757 3182 3829 Dionysi,
3215 3772 3318 3827 pro
3349 3754 3595 3809 laudum

1950 3855 2183 3906 tuarum
2215 3850 2448 3922 cupidis
2479 3850 2663 3905 Deum
2693 3863 2887 3903 exora.

249 3931 538 4009 ’Δγγὲλοις
588 3931 858 4003 ὁμότιμον
906 3930 998 3986 τὸν
1044 3934 1194 4002 νοῦν,
1243 3931 1411 4001 πάτερ
1472 3930 1736 4002 Διονύσιε,
1772 3927 1817 3985 δι

2037 3940 2274 3994 Mentem
2324 3938 2546 4010 angelis
2597 3938 2813 3993 honore
2865 3953 3090 4009 parem,
3127 3935 3293 3990 Pater
3339 3928 3605 4003 Dionysi,

177 4022 380 4097 ἀρετῆς
417 4018 816 4096 ἰργασάμενος,
867 4021 966 4089 τὴν
1019 4019 1384 4094 ὑπερκόσμιον
1429 4025 1531 4087 τῆς
1562 4020 1745 4094 ἱεραρχ

2045 4033 2166 4082 tute
2197 4027 2542 4100 praestitisti,
2579 4027 2796 4082 mundo
2828 4026 3192 4099 superiorem
3245 4017 3452 4076 horum
3486 4018 3608 4074 hie-

177 4109 449 4180 ιύταξίαν,
506 4107 766 4184 πάνσοφε,
833 4110 933 4176 τήν
1008 4106 1216 4162 τούτων
1267 4109 1428 4182 ἱερῶς
1485 4107 1741 4182 ἀνιστορή

2037 4117 2196 4172 rohiae
2245 4117 2468 4172 bonum
2521 4116 2784 4173 ordinem
2835 4119 3037 4172 sancte
3082 4111 3404 4184 indagasti,
3435 4109 3605 4180 cujus

175 4201 302 4253 καθ’
332 4199 400 4267 ἦν
450 4197 780 4274 ἐῤῥύθμισας
830 4195 1153 4268 Ἐκκλησίας
1202 4198 1269 4252 τὰ
1319 4199 1658 4270 συστήματα,
1691 4197 1743 4251 οὗ

2041 4223 2165 4262 rma
2195 4210 2378 4262 cmtus
2409 4205 2675 4262 Ecclesia:
2707 4203 3119 4277 composuisti,
3152 4199 3480 4256 ccelestium
3510 4214 3609 4252 or-

173 4289 308 4343 νίων
337 4289 432 4350 τὰς
463 4286 640 4358 τάξεις
679 4285 1043 4360 μιμούμενος.

877 4307 1043 4348 ιενος.
1961 4297 2126 4351 dines
2159 4296 2445 4351 imitatus.

254 4378 813 4458 Ἑμφιλοσοφώτατα,
869 4382 1006 4450 Θεῷ,
1073 4379 1251 4454 μάκαρ
1305 4378 1572 4451 Διονύσιε,
1621 4378 1651 4434 ὃ
1691 4375 1822 4433 δυνα

2044 4385 2284 4441 Maxima
2332 4401 2466 4440 cum
2517 4383 2826 4454 sapientia,
2850 4384 3016 4438 beate
3053 4377 3314 4450 Dionysi,
3339 4374 3440 4446 qui
3475 4374 3612 4444 Deo,

178 4470 278 4524 τὸν
310 4466 704 4541 ὁμοιούμενος,
761 4472 869 4522 τῶν
927 4467 1209 4540 ὀνομάτων
1268 4472 1364 4522 σοῦ
1423 4472 1746 4540 μυστικῶς-ι

2044 4480 2247 4528 antum
2296 4472 2452 4538 licet,
2485 4489 2548 4528 es
2579 4471 2813 4537 similis,
2836 4476 3000 4526 tuam
3034 4467 3366 4522 divinorum
3419 4461 3611 4517 nomi-

183 4558 348 4623 θείων
381 4553 616 4620 εύσεϐὦς
659 4555 982 4628 ἑξήπλωσας
1025 4558 1126 4626 τήν
1172 4554 1380 4625 ἓνθεον,
1422 4557 1674 4635 θεόφρον,
1719 4557 1751 4611 ἆ

2047 4579 2102 4616 m
2137 4562 2253 4617 Deo
2286 4561 2518 4634 plenam
2559 4560 2982 4631 expositionem
3017 4571 3228 4611 arcano
3267 4567 3440 4608 sensu
3475 4548 3612 4604 reli-

184 4647 406 4716 πτυξιν,
455 4644 642 4700 ἒνώσει
702 4643 968 4718 κρείττονι
1035 4645 1264 4718 μυηθεὶς
1318 4647 1386 4700 τὰ
1438 4645 1570 4721 ὑπὲρ
1622 4640 1752 4700 ἔννοι

2048 4667 2148 4721 ise,
2179 4655 2241 4705 tu
2275 4651 2374 4721 qui
2406 4651 2605 4705 divina
2648 4648 2830 4720 sapis,
2862 4643 3219 4718 explicuisti,
3252 4638 3616 4696 excellentis-

185 4735 279 4788 καὶ
322 4736 535 4807 μυήσας
563 4737 663 4787 τοῦ
689 4733 903 4804 κόσμου
929 4732 996 4788 τὰ
1023 4734 1248 4807 πέρατα.

2049 4756 2118 4795 na
2149 4739 2410 4795 unitione
2441 4755 2569 4809 quae
2605 4741 2862 4792 mentem
2892 4734 3135 4789 vincunt
3164 4731 3410 4785 edoctus
3442 4743 3617 4781 mun-

1964 4829 2139 4900 dique
2171 4829 2446 4883 erudiens
2480 4827 2648 4882 fines.

366 4918 622 4996 Ἀνδρὲου
649 4917 1112 4993 Ἰεροσολυμίτου,
1146 4921 1200 4973 οἱ
1232 4924 1254 4945 ¹’
1285 4917 1342 4974 δὲ
1373 4919 1690 4989 Βυζαντίου.

2190 4924 2419 4980 Αηάνεκ
2450 4922 2940 4995 Hierosolymitani
2967 4927 3066 4975 aut
3103 4913 3385 4988 Byzantii.

259 5021 382 5088 Τῆς
443 5017 698 5092 οὐρανίου
752 5017 1004 5092 γνώσεως
1061 5018 1372 5092 ἀθεώρητον
1433 5018 1592 5093 βυθόν
1649 5039 1706 5073 σε
1760 5040 1827 5074 κα

2047 5022 2394 5079 lnvisibilem
2429 5021 2634 5076 divinae
2666 5017 3018 5091 cognitionis
3051 5011 3507 5087 profunditatem
3542 5014 3615 5072 te,

187 5105 471 5179 λέσωμεν,
527 5104 881 5179 λαμπρότατε
937 5107 1142 5182 μάρτυς
1197 5112 1294 5162 τοῦ
1354 5109 1611 5183 Χριστοῦ,
1655 5108 1728 5169 ὡς

2053 5110 2366 5166 istrissime
2417 5109 2631 5166 Christi
2684 5112 2924 5178 martyr,
2966 5100 3424 5176 appellabimus,
3463 5096 3621 5153 sicut

185 5194 435 5266 ὁπλίτην
491 5197 582 5248 καὶ
640 5192 866 5270 στεῤῥὸν
953 5195 1280 5272 ὑπὲρμαχον
1354 5200 1454 5262 τῆς
1502 5195 1753 5264 Ἐκκλησι

2053 5218 2144 5254 am
2170 5200 2360 5269 gravis
2377 5207 2687 5254 armaturis
2706 5195 2974 5263 militem,
2990 5209 3057 5248 ac
3074 5190 3330 5246 validum
3351 5184 3617 5242 Ecclesiae

188 5286 579 5360 Ἀνυμνοῦμέν
616 5307 694 5354 σε,
729 5284 861 5363 σοφὲ
892 5305 905 5318 '
939 5287 1069 5361 πυρὶ
1099 5289 1198 5361 γὰρ
1226 5287 1562 5366 ἐλλαμφθεὶς
1589 5292 1669 5359 τῷ
1697 5289 1756 5361 ἀγ

2054 5292 2484 5360 apugnatorem.
2507 5287 2604 5352 'l‘e,
2628 5303 2660 5342 ο
2683 5285 2941 5357 sapiens,
2966 5279 3356 5355 praedicamus
3387 5291 3403 5332 :
3429 5274 3622 5347 puris-

189 5379 355 5448 τάτῳ
381 5376 626 5447 ἠξιώθη(
659 5376 770 5448 ἅμα
799 5379 916 5436 ταῖς
960 5372 1071 5430 ἄνω
1103 5363 1540 5452 στρατολογίαις,
1571 5377 1634 5431 τὸ
1664 5398 1757 5454 φω·

2054 5395 2122 5433 no
2161 5377 2316 5432 enim
2349 5375 2719 5430 illuminatus
2764 5374 2919 5445 igne,
2962 5371 3335 5440 fulgoresque
3375 5363 3622 5436 spiritus

194 5467 297 5521 νὸν
361 5461 718 5540 περιϐόλαιον
772 5462 1089 5530 ἐνδύσασθαι
1144 5468 1396 5541 Χριστὸν,
1449 5468 1538 5520 καὶ
1585 5464 1762 5538 λαμ-πε

2055 5471 2191 5531 ante,
2209 5465 2464 5536 Dionysi,
2491 5461 3124 5534 resplendens,dignus
3145 5474 3207 5512 es
3228 5454 3466 5510 habitus
3488 5467 3623 5506 cum

200 5556 325 5620 θεὶς
384 5559 455 5629 τῇ
510 5553 678 5630 αἴγλῃ
758 5557 856 5608 τοῦ
927 5553 1237 5629 πνεύματος
1312 5555 1405 5611 τὸν
1476 5558 1626 5625 νοῦν,
1677 5561 1768 5609 Διο

2053 5554 2308 5610 :lestibus
2325 5552 2678 5609 exercitibus
2699 5549 3062 5622 splendidam
3087 5549 3307 5602 vestem
3321 5542 3621 5599 Christum

203 5666 318 5703 σιε.
359 5646 451 5702 Διὸ
498 5647 592 5700 σοῦ
642 5643 743 5714 τήν
800 5642 1138 5719 παγχόσμιον
1200 5646 1427 5719 μνήμην
1466 5641 1771 5720 πανηγυρίζ

2053 5643 2378 5713 iuere,ideo
2395 5641 2832 5700 ornatissimam
2857 5639 2942 5694 tui
2965 5634 3308 5694 memoriam
3326 5631 3621 5690 celebran-
