3972 6214
403 363 511 420 579

1632 363 1694 414 s.
1734 360 2047 414 momen
2085 347 2585 414 ABBOPAGITIE.
3702 363 3792 416 530

405 489 635 555 tes,fide
656 486 1098 558 laudamus,qui
1114 490 1168 541 te
1180 483 2048 557 gloriosumvoluitDominum.

2203 501 2250 542 ες
2305 483 2512 542 πιστῶς
2595 477 2888 553 δοξάζομεν
2965 482 3059 536 τὸν
3133 478 3427 552 δοξάζοντά
3483 471 3546 537 σε
3600 482 3790 560 Κύριον.

410 579 562 635 836
587 577 770 632 Conon
793 577 974 630 sancti
993 577 1151 647 cujus
1172 574 1496 630 acrostichis
1517 593 1568 628 :a
1593 573 1821 629 Mentem
1851 572 2053 628 honoro

619 666 960 737 sapientium
988 664 1396 727 doctrinarum,
1423 686 1445 715 ι
1484 663 1841 733 Theophanis.

479 761 523 809 A
556 754 752 809 divino
781 751 955 808 Paulo
982 752 1304 808 cmlestium
1337 751 1795 822 contemplatore
1828 749 2057 806 institu-

2236 569 2297 626 Ὀ
2327 569 2499 624 κανὼν
2534 573 2631 624 τοῦ
2679 569 2854 645 ἁγίου,
2907 570 2969 624 οὗ
3009 571 3044 639 ἠ
3097 571 3415 646 ἀκροστιχίς
3452 588 3466 603 ο
3501 595 3530 623 ‹‹
3562 573 3658 627 Τὸν
3687 578 3791 628 νοῦν

2235 657 2470 734 γεραίρω
2499 661 2605 712 τῶν
2633 662 2815 736 σοφῶν
2847 656 3222 734 διδαγμάτων,
3259 684 3286 710 υ
3311 662 3638 738 Θεοφάνους.

2236 750 2332 820 Τῷ
2359 746 2560 820 Παύλῳ
2588 752 2666 819 τῷ
2697 747 2824 819 θείῳ
2878 749 3233 821 μαθητευθεὶς
3260 754 3340 822 τῷ
3383 755 3492 805 τῶν
3524 751 3792 824 οὐρανίων,

409 849 524 911 tus,
573 842 833 914 Dionysi,
889 858 1022 896 mox
1077 841 1331 897 cmlestis
1390 841 1671 912 magister
1717 843 1774 896 et
1820 840 2054 894 divinus

2212 837 2430 905 ιονύσιε,
2488 838 2672 910 θεατῇ,
2748 835 2997 911 οὐράνιος
3076 837 3285 910 μύστης
3344 840 3652 916 παραυτίκα
3718 843 3791 896 καὶ

408 933 784 989 οοιιοὶουιιιοι·
812 930 1074 986 evasisti.

481 1021 688 1076 Divina
713 1019 1042 1076 illustratus
1063 1019 1274 1090 gratia,
1298 1017 1553 1083 illustra,
1574 1035 1606 1074 ο
1637 1018 1827 1086 beate,
1851 1033 2053 1073 eorum

407 1113 508 1184 qui
538 1116 594 1165 te
624 1110 866 1164 laudant
909 1109 1160 1178 animas,
1195 1113 1260 1164 ut
1289 1115 1422 1163 tuas
1453 1108 1569 1164 Deo
1621 1108 1851 1163 afﬂatas
1880 1104 2056 1161 intel-

409 1199 600 1272 ligant
629 1197 946 1265 doctrinas,
983 1197 1244 1269 Dionysi.

485 1287 697 1343 Mentis
719 1292 895 1358 atque
919 1285 1129 1342 animae
1159 1285 1405 1358 puritate
1426 1284 1752 1342 cmlestium
1783 1285 2056 1340 ordinum

2167 925 2426 1000 θεηγόρος
2455 924 2851 1001 ἐχρημάτισας.

2235 1015 2296 1072 Ὀ
2327 1015 2514 1088 χάριτι
2571 1015 2688 1086 θείᾳ
2742 1015 3152 1089 καταυγασθεὶς,
3209 1016 3565 1090 καταύγασον,
3613 1017 3790 1092 μάκαρ,

2163 1109 2273 1158 τῶν
2309 1103 2623 1175 ὑμνούντων
2653 1123 2712 1157 σε
2764 1103 2861 1166 τὰς
2915 1105 3096 1178 ψυχὰς
3139 1103 3234 1167 τὰς
3293 1107 3389 1167 σὰς
3438 1106 3791 1162 συνιὲναιθεο·

2165 1192 2457 1254 πνεύστους
2491 1188 2860 1259 διδασκαλίας,
2894 1193 3155 1248 Διονύσιε.

2237 1282 2374 1343 Νοὸς
2405 1279 2732 1355 καθαρότητι
2779 1280 2870 1335 καὶ
2918 1283 3103 1356 ψυχῆς
3158 1285 3265 1336 τῶν
3325 1280 3657 1349 ἐπουρανίων
3696 1281 3794 1338 δια-

408 1377 667 1450 {ulgores
699 1376 1004 1430 addiscere
1050 1374 1348 1439 meruisti,
1379 1390 1700 1446 eorumque
1730 1372 1922 1428 videre
1954 1388 2057 1444 per

2203 1373 2387 1444 όσμων
2415 1370 2512 1431 τὰς
2551 1369 2826 1445 ἀστραπὰς
2887 1375 3073 1442 μαθεῖν
3119 1371 3383 1443 ἠξιώθης,
3430 1372 3521 1426 καὶ
3568 1371 3660 1434 τὰς
3684 1374 3793 1427 τού-

406 1467 616 1524 choros
649 1464 1092 1537 dispositiones,
1129 1463 1387 1536 Dionysi.

1097 1553 1175 1607 Ad
1207 1554 1268 1608 Β.
1311 1554 1363 1607 ν.

477 1645 712 1702 Lucifer
754 1641 1050 1698 thalamus
1091 1640 1519 1697 incarnationis
1550 1639 1815 1695 omnium
1845 1637 2055 1694 Condi-

407 1733 553 1790 toris
583 1750 686 1804 pro
720 1731 889 1786 nobis
931 1731 1112 1797 facta},
1138 1729 1406 1800 judicata
1433 1745 1525 1797 es;
1557 1745 1626 1784 ex
1659 1734 1714 1784 te
1745 1728 1924 1793 enim,
1959 1726 2056 1782 Dei

410 1822 663 1896 genitrix
693 1827 953 1876 nostram
987 1819 1184 1873 induit
1215 1833 1471 1873 carnem.

479 1916 670 1982 Supra
699 1908 962 1966 caelestes
991 1907 1249 1963 elevatus
1278 1905 1552 1973 fornices,
1578 1908 1798 1970 sancte,
1840 1905 2062 1960 mundo

409 2000 780 2072 superiorum
814 1996 1050 2052 ordines
1083 2000 1139 2050 et
1169 1996 1459 2050 exercitus
1480 1999 1536 2049 et
1557 1993 1922 2066 splendores,
1945 2009 2064 2047 om-

407 2090 573 2144 nium
609 2085 855 2143 sublimi
905 2101 1177 2140 sermone
1228 2081 1808 2155 sapientissimisque
1836 2079 2063 2153 exposi-

406 2177 669 2234 tionibus
703 2173 1114 2229 manifestasti.

481 2264 622 2321 Alta:
680 2263 999 2318 immersus
1053 2259 1550 2332 contemplationi,
1603 2259 1874 2330 gloriose,
1919 2257 2064 2312 divi-

417 2370 630 2410 norum
683 2353 988 2408 nominum
1041 2349 1488 2421 explicationem
1521 2349 1716 2402 divine
1748 2345 2064 2418 protulisti,

417 2443 726 2500 Trinitatis
777 2440 1087 2513 theologus
1145 2439 1387 2494 effectus
1432 2437 1535 2493 Dei
1585 2436 1795 2509 gratia,
1846 2435 1906 2491 in
1951 2436 2068 2491 Deo

421 2531 781 2588 beatissime.

492 2623 704 2676 Amore
760 2618 955 2673 divino
1012 2621 1284 2672 mortuus
1343 2614 1748 2688 praesentibus,
1799 2613 2067 2686 philoso-

421 2708 689 2782 phiaeque
742 2707 1004 2762 intentus
1034 2705 1252 2774 studio,
1285 2704 1648 2759 viviﬁcarum
1696 2719 1876 2775 supra
1906 2718 2068 2757 men-

420 2802 540 2854 tem
573 2796 895 2869 gratiarum
927 2794 1224 2849 Deiferum
1265 2793 1452 2861 tuisti,
1486 2793 1672 2861 Pater,
1707 2792 2069 2847 instrumen-

421 2888 572 2941 tum.

1113 2969 1193 3025 Ad
1221 2971 1284 3025 B.
1323 2971 1379 3026 ν.

451 3056 459 3063 ’
493 3061 669 3134 Virgo
701 3060 1063 3134 agricultura
1092 3063 1304 3115 cuncta
1350 3057 1620 3114 facientis
1670 3056 1914 3129 spiritus
1943 3071 2068 3112 om-

421 3150 586 3206 nium
620 3151 862 3205 Domino
896 3163 1110 3219 corpus
1143 3164 1245 3219 pro
1276 3147 1471 3202 fructu
1510 3144 1829 3217 protulisti,
1861 3144 1920 3199 in
1953 3161 2067 3216 quo

2164 1483 2274 1516 των
2305 1459 2666 1536 χοροστασίας
2698 1458 2852 1530 ἰδεῖν,
2887 1459 3152 1518 Διονύσιε.

2901 1550 3002 1606 θόκ
3029 1549 3070 1605 ⁸.

2237 1637 2478 1715 Νυμφῶν
2541 1635 2864 1711 φωτοφόρος
2944 1643 3044 1706 τῆς
3127 1637 3256 1712 ὑπὲρ
3315 1641 3440 1693 τοῦν
3493 1639 3795 1712 σαρκώσιως

2170 1723 2318 1797 ὤθης
2362 1730 2460 1780 τοῦ
2509 1730 2615 1780 τῶν
2664 1724 2809 1780 ὅλων
2871 1722 3210 1802 δημιουργοῦ
3243 1745 3258 1759 ⁸
3317 1727 3376 1782 ἰκ
3433 1731 3532 1782 σοῦ
3586 1727 3682 1802 γὰρ
3708 1729 3793 1795 τὴν

2091 1851 2140 1916 Β
2169 1815 2358 1916 σάρκα,
2392 1821 2705 1916 Θεομῆτορζ
2730 1815 2831 1883 τὴν
2863 1813 3132 1888 ἡμετέραν
3163 1816 3500 1891 ἠμφιάσατο.

2242 1903 2521 1978 Οὐρανίων
2577 1901 2785 1977 ἀψίδων
2855 1903 3169 1979 ὑπεραρθεὶς
3237 1903 3370 1973 ὅσια,
3429 1909 3537 1960 τῶν
3597 1906 3800 1980 61::pr-

2171 1994 2348 2066 σμίων
2377 1994 2471 2054 τὰς
2500 1993 2676 2062 τάξεις
2729 1993 2819 2047 καὶ
2869 1994 2936 2048 τὰ
2983 1992 3378 2065 σσρατεύματα,
3433 1993 3521 2048 καὶ
3547 1995 3642 2054 τὰς
3671 1993 3798 2066 λαμ-

2169 2083 2447 2156 πρότητας
2482 2081 2809 2156 ὑψηγορίαις
2858 2085 2966 2136 τῶν
3015 2078 3194 2158 λόγων
3241 2082 3330 2136 καὶ
3360 2083 3656 2160 πανσόφοις
3683 2082 3803 2159 φράο

2174 2190 2292 2224 σεσε
2320 2175 2449 2223 πᾶσι
2491 2167 2815 2243 ἐτράνωσας.

2244 2257 2493 2332 Ὑψηλῆς
2549 2257 2776 2332 θεωρίας
2850 2257 3204 2336 ἐμφορηθεὶς,
3283 2254 3480 2331 ἕνδοξε,
3565 2260 3660 2328 τὴν
3714 2265 3811 2314 τῶν

2177 2347 2459 2419 ὀνομάτων
2507 2351 2615 2401 τῶν
2674 2346 2829 2402 θείων
2887 2347 3174 2420 ἀνάπτυξιν
3233 2347 3619 2424 ἐθεολόγησας,
3673 2369 3812 2423 τριαο

2177 2435 2326 2498 δικὸς
2354 2433 2616 2511 θεολόγος
2643 2434 2878 2512 γεγονὼς
2907 2439 2976 2510 τῇ
3003 2435 3212 2513 χάριτι,
3243 2436 3654 2513 θεομακάριστε.

2246 2611 2554 2689 Νεκρωθεὶς
2597 2617 2716 2676 τοῖς
2759 2617 2993 2689 παροῦσι
3043 2618 3122 2685 τῷ
3173 2613 3310 2690 πρὸς
3359 2615 3487 2670 Θεὸν
3521 2613 3702 2690 ἔρωτι,
3728 2615 3806 2671 καὶ

2176 2702 2475 2782 φιλοσοφία
2526 2701 2794 2764 συντόνως
2836 2701 3327 2779 ἐγγυμνασάμενος,
3383 2707 3491 2758 τῶν
3556 2704 3684 2777 ὑπὶρ
3734 2701 3808 2759 ἔνο

2174 2812 2324 2847 νοιαν
2360 2796 2647 2860 ζωοποιῶν
2707 2791 3064 2866 χαρισμάτων
3119 2792 3380 2868 θεοφόρον
3433 2787 3682 2868 ὄργανον,
3712 2794 3807 2848 Πά-

2173 2901 2286 2954 τερ,
2317 2881 2627 2956 γεγᾶνησαι.

2927 2969 3046 3026 θόκ.

2247 3058 2495 3134 Γεωργία
2543 3058 2779 3134 Παρθὲνε
2821 3061 2919 3112 τοῦ
2958 3060 3301 3133 παντουργοῦ
3339 3056 3676 3132 Ηνεύματος,
3714 3061 3808 3112 σῶ-

2181 3169 2257 3222 μα
2309 3151 2390 3220 τῷ
2437 3148 2680 3222 Δεσπότςι
2735 3150 2842 3202 τῶν
2930 3145 3073 3201 ὅλων
3143 3145 3616 3224 ἐκαρποφόρησας,
3670 3146 3716 3200 ἐν
3767 3148 3806 3218 ᾧ

420 3239 625 3294 mundi
651 3241 952 3308 peccatum
978 3218 1406 3304 condemnavit,
1429 3234 1728 3306 vitamque
1749 3249 2057 3306 perennem

2203 3218 2450 3311 atéxptve
2475 3238 2574 3305 τὴν
2636 3218 2901 3311 άμαρτίαν
2947 3236 3040 3290 τοῦ
3105 3218 3462 3308 κόσμίουίκάῖ
3513 3218 3656 3306 ζωὴν
3686 3237 3805 3305 ιπη-

416 3328 605 3384 instar
635 3327 815 3383 fontis
847 3325 1066 3381 emisit.

489 3418 715 3471 Bonum
761 3415 1154 3470 Ecclesiarum
1205 3413 1468 3468 ordinem
1519 3411 1940 3484 composuisti;
2002 3412 2062 3466 in

414 3505 561 3577 ipsis
610 3503 788 3571 enim,
829 3504 1019 3573 Pater,
1053 3501 1359 3558 formando
1409 3501 1723 3573 depinxisti
1774 3499 2063 3571 imagines

415 3611 593 3650 sacra:
626 3592 879 3648 fictionis
909 3592 1190 3647 virtutum
1228 3591 1430 3645 formae
1460 3590 1783 3660 expertium
1816 3587 2061 3658 similes,

413 3700 517 3755 per
539 3699 685 3754 quas
710 3680 1042 3737 instituitur
1063 3697 1129 3735 ac
1151 3679 1484 3736 illustratur
1505 3678 1776 3735 universa
1801 3677 2060 3733 ﬁdelium

413 3771 687 3844 religiosa
717 3769 1112 3843 congregatio.

484 3863 618 3916 Tum
649 3860 868 3916 ﬂuenta
899 3858 1227 3931 theologia,
1264 3875 1297 3913 a
1327 3858 1441 3914 Deo
1472 3861 1757 3929 correpte,
1780 3861 1945 3928 prata
1975 3873 2064 3911 ra-

413 3949 659 4004 tionalia
687 3953 743 4004 et
774 3964 1008 4019 semper
1035 3946 1282 4002 virentia
1311 3951 1486 4018 atque
1519 3945 1572 4001 in
1601 3945 1736 4000 ﬁdei
1769 3943 2065 4000 rectitudi-

415 4054 488 4091 ne
517 4037 745 4091 oonsita
769 4037 937 4091 valde
977 4036 1256 4107 irrigant;
1291 4037 1574 4090 unitatem
1607 4035 1762 4090 enim
1795 4034 2062 4089 essentiaa

416 4125 475 4179 in
511 4139 896 4195 personarum
928 4125 1211 4181 Trinitate
1239 4125 1632 4180 venerandam
1661 4122 2059 4178 monarchiam

416 4213 771 4286 praedicasti.

489 4301 818 4357 Vehemens
847 4300 1188 4357 hierarchiae
1217 4300 1470 4358 ccelestis
1500 4299 1856 4356 desiderium
1889 4302 2065 4370 atque

417 4408 554 4462 erga
588 4395 768 4446 Deum
800 4406 1082 4459 amorem,
1115 4394 1172 4445 et
1214 4391 1445 4445 ﬁrmam
1476 4406 1612 4459 erga
1642 4388 1897 4444 divinam
1931 4405 2065 4444 neo-

419 4497 535 4537 non
552 4479 1207 4551 ineomprehensibilem
1226 4478 1596 4534 altitudinem
1618 4478 2063 4550 propensionem

2169 3347 2299 3402 γασε
2325 3327 2424 3395 την
2459 3325 2589 3380 αἷων
2603 3323 2837 3394 [ζουσαν.

2246 3413 2584 3483 Ἐκκλησιῶν
2616 3415 2717 3481 τὴν
2772 3411 3068 3486 εὐκοσμίαν
3117 3410 3448 3488 ὲρῥύθμισας
3484 3433 3498 3447 ο
3550 3411 3598 3467 ἐν
3630 3412 3804 3474 αὐταῖς

2169 3503 2293 3578 γὰρ,
2356 3501 2549 3577 Πάτερ,
2610 3500 3001 3580 ἰζωγράφησας
3063 3506 3425 3578 μορφωτικῶς
3475 3502 3680 3565 τύπους
3718 3501 3805 3573 ἐμ·

2172 3595 2349 3666 φερεῖς
2400 3590 2787 3665 ἱεροπΛαστίας
2840 3595 2948 3644 τῶν
3000 3589 3344 3668 ἀμορφώτων
3400 3587 3700 3665 δυνάμεων,
3739 3588 3802 3644 δι’

2171 3678 2248 3733 ὧν
2279 3678 2520 3755 θεόφρων
2553 3680 2850 3756 ὁμήγυρις.

2241 3861 2454 3936 Ῥειθρα
2481 3865 2581 3928 τῆς
2606 3865 2704 3928 σῆς
2752 3857 3056 3933 θεολογίας,
3109 3853 3398 3931 θεόληπτι,
3446 3857 3575 3921 τοὺς
3608 3856 3806 3931 λειμῶ-

2170 3969 2262 4010 νας
2293 3945 2419 4024 ἂίγαν
2477 3944 2864 4020 καταρδεύουσι
2918 3945 3047 4008 τοὺς
3104 3945 3362 4022 λογικοὺς
3415 3947 3507 4002 καὶ
3552 3945 3807 4007 ἀειθαλιῖς

2169 4037 2259 4092 καὶ
2290 4035 2723 4115 πεφυτευμένους
2781 4034 2866 4090 ἐπὶ
2919 4032 3210 4110 δογμάτων
3260 4036 3518 4111 ὀρθότητι
3553 4053 3570 4068 ⁶
3615 4033 3811 4108 μονάδα

2171 4127 2274 4202 γὰρ
2307 4125 2488 4187 οὐσίας
2519 4125 2568 4179 ἐν
2601 4121 2789 4201 Τριάδι
2820 4125 3130 4198 προσώπων
3161 4125 3260 4193 τήν
3293 4123 3494 4196 ππτήν
3526 4123 3815 4200 μοναρχίαν

2174 4216 2269 4286 ἒκή
2279 4215 2455 4290 ρυξας.

2246 4303 2572 4379 Ἀγγελικῇς
2605 4301 2889 4379 ἱεραρχίας
2911 4302 3003 4357 τὸν
3037 4301 3315 4373 σύντονον,
3346 4302 3604 4377 ἱεράρχα,
3637 4304 3815 4369 πόθον,

2171 4392 2261 4448 καὶ
2291 4393 2383 4448 τὸν
2412 4391 2584 4468 ἔρωτα
2616 4392 2750 4466 πρὸς
2803 4392 2897 4446 τὸν
2950 4392 3102 4459 Θεὸν,
3154 4391 3242 4446 καὶ
3287 4391 3387 4459 τὴν
3430 4389 3625 4460 ἀκλινῆ
3657 4395 3814 4446 νεῦσιν

2173 4483 2310 4558 πρὸς
2357 4482 2418 4536 τὸ
2477 4481 2610 4556 ὕψος
2661 4483 2722 4535 τὸ
2781 4486 2922 4544 θεῖον
2982 4480 3071 4535 καὶ
3143 4477 3525 4549 ἀκατάληπτον
3587 4477 3816 4550 ἐδίδαξας

417 4574 738 4644 prudenter
767 4570 1017 4626 docuisti
1069 4587 1166 4626 eos
1199 4569 1298 4641 qui
1330 4569 1389 4624 in
1420 4568 1534 4624 ﬁde
1575 4570 1849 4636 clamant,
1883 4567 2057 4641 gloria

2210 4572 2466 4648 μφρόνως
2493 4569 2622 4632 τοὺς
2684 4568 2736 4624 ἐν
2787 4569 2965 4625 πίστει
3022 4570 3286 4645 βοῶντας,
3338 4572 3408 4642 τῇ
3469 4565 3694 4642 δυνάμει
3733 4589 3818 4622 σου

418 4661 693 4733 potestati
727 4665 862 4729 tute,
896 4676 928 4715 ο
961 4675 1170 4714 amans
1203 4658 1534 4714 hominum.

1029 4749 1177 4804 837
1212 4747 1290 4802 Ad
1323 4750 1384 4803 Β.
1420 4747 1474 4804 ν.

488 4843 660 4896 Sacer
704 4837 913 4895 salutis
945 4844 1216 4910 operator
1251 4839 1362 4893 fuit
1395 4835 1574 4891 Filius
1619 4839 1760 4891 tuus
1791 4836 2066 4891 omnibus

418 4932 478 4983 te
509 4927 892 4983 laudantibus
947 4932 1004 4982 et
1041 4927 1143 4982 vim
1173 4931 1226 4982 et
1259 4925 1408 4981 lucis
1463 4925 1672 4980 ductor
1719 4928 1774 4980 et
1815 4924 2064 4994 justitia,

417 5016 616 5088 Virgo,
651 5021 708 5072 et
752 5016 1077 5088 redemptio
1112 5033 1124 5070 :
1160 5019 1464 5086 propterea
1491 5019 1548 5068 te
1591 5013 1916 5085 Deiparam,
1939 5029 2069 5068 vere

419 5122 487 5161 ac
521 5106 754 5177 proprie
785 5105 1146 5160 unanimiter
1174 5104 1582 5177 praedicamus.

491 5281 682 5336 Sonus
711 5279 1020 5335 verborum
1054 5283 1315 5341 tuorum,
1337 5281 1618 5349 tanquam
1644 5276 1896 5332 caalestis
1918 5293 2070 5348 qure-

419 5369 555 5424 dam
588 5386 696 5424 vox
717 5368 949 5424 delatus
971 5373 1198 5424 mentes
1221 5367 1323 5424 Dei
1353 5371 1620 5439 expertes
1643 5367 1922 5422 attonitas
1945 5367 2066 5423 red-

417 5457 569 5512 didit
610 5457 807 5527 gratiaa
857 5473 1150 5525 sermone,
1182 5475 1249 5512 ac
1298 5457 1627 5512 divinarum
1681 5454 2068 5512 lucidissimis

418 5545 817 5601 doctrinarum
849 5546 1032 5602 radiis
1061 5547 1238 5601 corda
1269 5545 1530 5602 fidelium
1561 5543 1938 5600 illuminavit.

2180 4659 2328 4732 δόξα,
2362 4657 2730 4734 φιλάνθρωπε.

2943 4754 3061 4812 θόκ.

2246 4837 2545 4912 Ἱερουργὸς
2575 4843 2678 4906 τῆς
2733 4836 3005 4912 σωτηρίας
3055 4835 3263 4910 ἐγένετο
3321 4835 3349 4889 ὁ
3407 4834 3533 4896 Υἱός
3577 4855 3673 4890 σου
3701 4839 3817 4888 πᾶσι

2173 4932 2291 4988 τοῖς
2344 4924 2572 5000 ὑμνοῦσί
2631 4946 2687 4979 σε
2742 4926 2830 4978 καὶ
2913 4922 3154 4998 ποδηγὸς
3207 4923 3298 4978 καὶ
3355 4925 3692 5000 φωταγωγὸς
3739 4922 3818 4974 καὶ

2178 5013 2515 5084 δικαιοσύνη.
2566 5013 2823 5089 ΙΙαρθὲνε,
2873 5013 2962 5068 καὶ
3019 5011 3401 5087 ἀπολύτρωσις
3433 5032 3446 5046 ο
3501 5009 3590 5066 διὸ
3623 5009 3680 5067 δὶ
3702 5017 3818 5065 Oto-

2174 5105 2335 5160 τόκον
2369 5101 2592 5174 ἀληθῶς
2619 5102 2709 5157 καὶ
2755 5102 2959 5176 κυρίως
3008 5103 3059 5157 οἱ
3108 5101 3291 5156 πιστοὶ
3322 5099 3657 5178 άμοφρόνως
3679 5098 3823 5169 δοξά-

2179 5199 2239 5263 ζο
2248 5213 2341 5266 μεν
2352 5237 2364 5250 .

2249 5279 2538 5353 Ῥημάτων
2587 5301 2682 5334 σου
2739 5281 2768 5334 ὁ
2859 5279 3118 5358 φθόγγος,
3206 5273 3389 5352 ὥσπερ
3453 5298 3537 5338 τις
3592 5277 3828 5353 οὐράνιος

2175 5370 2318 5442 ᾔχος
2378 5370 2696 5445 φερόμενος.
2779 5368 2877 5431 τὰς
2935 5369 3127 5431 ἀθέους
3197 5367 3392 5444 φρένας
3449 5361 3829 5441 κατεϐρόντησε

2177 5455 2332 5532 λόγῳ
2361 5465 2460 5526 τῆς
2493 5458 2748 5532 χάριτος,
2779 5457 2870 5512 καὶ
2921 5453 3210 5529 δογμάτων
3257 5454 3415 5510 θείων
3451 5458 3832 5530 μαρμαρυγαῖς

2177 5551 2300 5608 ταῖς
2333 5547 2660 5623 φανοτάταις
2687 5551 2793 5603 τῶν
2845 5550 3054 5603 πιστῶν
3095 5545 3191 5608 τὰς
3219 5541 3445 5620 καρδίας
3477 5543 3832 5621 ὖλάμπρυνεν.

493 5671 517 5695 ·
549 5669 918 5728 Abbrevialio
952 5671 1112 5728 vocis
1142 5667 1412 5742 Θεοτόκῳ,
1441 5670 1502 5728 h.
1533 5686 1584 5728 θ.
1620 5673 1898 5744 Dciparae.
1929 5671 2057 5728 Enr]

2203 5689 2293 5730 TR.
