  <div class='ocr_page' id='page_1' title='image "/cluster/home/n/w/nwhite01/storage/ocr_20150623/4/hvd.32044073426538/300.png"; bbox 0 0 3972 6214; ppageno 0'>
   <div class='ocr_carea' id='block_1_1' title="bbox 146 322 1752 390">
    <p class='ocr_par' dir='ltr' id='par_1_1' title="bbox 146 322 1736 390">
     <span class='ocr_line' id='line_1_1' title="bbox 146 322 1736 390; baseline -0.002 -9"><span class='ocrx_word' id='word_1_1' title='bbox 146 325 228 381; x_wconf 85' lang='grc'>581</span> <span class='ocrx_word' id='word_1_2' title='bbox 1186 322 1594 390; x_wconf 77' lang='lat' dir='ltr'>ENCOMIUM,</span> <span class='ocrx_word' id='word_1_3' title='bbox 1636 325 1736 378; x_wconf 74' lang='lat' dir='ltr'>EX</span> 
     </span>
    </p>
   </div>
   <div class='ocr_carea' id='block_1_2' title="bbox 1917 322 2406 390">
    <p class='ocr_par' dir='ltr' id='par_1_2' title="bbox 1917 323 2406 380">
     <span class='ocr_line' id='line_1_2' title="bbox 1917 323 2406 380; baseline 0.002 -2"><span class='ocrx_word' id='word_1_4' title='bbox 1917 325 2063 379; x_wconf 71' lang='lat' dir='ltr'>[E18</span> <span class='ocrx_word' id='word_1_5' title='bbox 2103 323 2406 380; x_wconf 72' lang='lat' dir='ltr'>GRECIS.</span> 
     </span>
    </p>
   </div>
   <div class='ocr_carea' id='block_1_3' title="bbox 3401 325 3511 380">
    <p class='ocr_par' dir='ltr' id='par_1_3' title="bbox 3401 325 3511 380">
     <span class='ocr_line' id='line_1_3' title="bbox 3401 325 3511 380; baseline 0.009 -1"><span class='ocrx_word' id='word_1_6' title='bbox 3401 325 3511 380; x_wconf 88' lang='lat'>582</span> 
     </span>
    </p>
   </div>
   <div class='ocr_carea' id='block_1_4' title="bbox 205 439 1752 519">
    <p class='ocr_par' dir='ltr' id='par_1_4' title="bbox 205 439 1744 516">
     <span class='ocr_line' id='line_1_4' title="bbox 205 439 1744 516; baseline -0.001 -18"><span class='ocrx_word' id='word_1_7' title='bbox 205 441 484 516; x_wconf 83' lang='grc' dir='ltr'>Ὥμοιώθης</span> <span class='ocrx_word' id='word_1_8' title='bbox 525 439 744 514; x_wconf 70' lang='grc' dir='ltr'>ἐμπόρῳ</span> <span class='ocrx_word' id='word_1_9' title='bbox 788 444 870 513; x_wconf 78' lang='grc' dir='ltr'>τῷ</span> <span class='ocrx_word' id='word_1_10' title='bbox 913 439 1040 502; x_wconf 77' lang='grc' dir='ltr'>τοὺς</span> <span class='ocrx_word' id='word_1_11' title='bbox 1086 440 1417 516; x_wconf 75' lang='grc' dir='ltr'>μαργαρίτας</span> <span class='ocrx_word' id='word_1_12' title='bbox 1470 445 1744 512; x_wconf 76' lang='grc' dir='ltr'>ζητοῦντι,</span> 
     </span>
    </p>
   </div>
   <div class='ocr_carea' id='block_1_5' title="bbox 1917 439 3507 519">
    <p class='ocr_par' dir='ltr' id='par_1_5' title="bbox 1933 443 3507 519">
     <span class='ocr_line' id='line_1_5' title="bbox 1933 443 3507 519; baseline 0.002 -20"><span class='ocrx_word' id='word_1_13' title='bbox 1933 443 2154 501; x_wconf 86' lang='lat' dir='ltr'>Similis</span> <span class='ocrx_word' id='word_1_14' title='bbox 2211 445 2372 500; x_wconf 82' lang='lat' dir='ltr'>fuisti</span> <span class='ocrx_word' id='word_1_15' title='bbox 2432 447 2737 502; x_wconf 81' lang='lat' dir='ltr'>mercatori</span> <span class='ocrx_word' id='word_1_16' title='bbox 2797 447 3142 519; x_wconf 86' lang='lat' dir='ltr'>margaritas</span> <span class='ocrx_word' id='word_1_17' title='bbox 3200 447 3507 519; x_wconf 64' lang='lat' dir='ltr'>quaerenti,</span> 
     </span>
    </p>
   </div>
   <div class='ocr_carea' id='block_1_6' title="bbox 144 526 1746 604">
    <p class='ocr_par' dir='ltr' id='par_1_6' title="bbox 144 526 1746 604">
     <span class='ocr_line' id='line_1_6' title="bbox 144 526 1746 604; baseline -0.001 -17"><span class='ocrx_word' id='word_1_18' title='bbox 144 526 389 600; x_wconf 81' lang='grc' dir='ltr'>πανόλϐιε,</span> <span class='ocrx_word' id='word_1_19' title='bbox 420 529 504 584; x_wconf 83' lang='grc' dir='ltr'>καὶ</span> <span class='ocrx_word' id='word_1_20' title='bbox 551 528 716 603; x_wconf 77' lang='grc' dir='ltr'>εὑρὼν</span> <span class='ocrx_word' id='word_1_21' title='bbox 763 529 856 583; x_wconf 90' lang='grc' dir='ltr'>τὸν</span> <span class='ocrx_word' id='word_1_22' title='bbox 897 527 991 582; x_wconf 72' lang='grc' dir='ltr'>ἕνα</span> <span class='ocrx_word' id='word_1_23' title='bbox 1040 528 1381 604; x_wconf 74' lang='grc' dir='ltr'>μαργαρίτην</span> <span class='ocrx_word' id='word_1_24' title='bbox 1431 529 1525 584; x_wconf 89' lang='grc' dir='ltr'>τὸν</span> <span class='ocrx_word' id='word_1_25' title='bbox 1575 526 1746 594; x_wconf 79' lang='grc' dir='ltr'>ὅντως</span> 
     </span>
    </p>
   </div>
   <div class='ocr_carea' id='block_1_7' title="bbox 142 617 1750 696">
    <p class='ocr_par' dir='ltr' id='par_1_7' title="bbox 142 617 1750 696">
     <span class='ocr_line' id='line_1_7' title="bbox 142 617 1750 696; baseline -0.001 -20"><span class='ocrx_word' id='word_1_26' title='bbox 142 619 435 692; x_wconf 71' lang='grc' dir='ltr'>πολύτιμον,</span> <span class='ocrx_word' id='word_1_27' title='bbox 459 617 545 672; x_wconf 86' lang='grc' dir='ltr'>καὶ</span> <span class='ocrx_word' id='word_1_28' title='bbox 575 617 851 691; x_wconf 81' lang='grc' dir='ltr'>θαυμάσας</span> <span class='ocrx_word' id='word_1_29' title='bbox 873 617 1072 672; x_wconf 88' lang='grc' dir='ltr'>τούτου</span> <span class='ocrx_word' id='word_1_30' title='bbox 1102 618 1197 682; x_wconf 82' lang='grc' dir='ltr'>τὰς</span> <span class='ocrx_word' id='word_1_31' title='bbox 1229 621 1523 693; x_wconf 75' lang='grc' dir='ltr'>θεουργοὺς</span> <span class='ocrx_word' id='word_1_32' title='bbox 1575 641 1750 696; x_wconf 65' lang='grc' dir='ltr'>φωτου</span> 
     </span>
    </p>
   </div>
   <div class='ocr_carea' id='block_1_8' title="bbox 142 705 1176 782">
    <p class='ocr_par' dir='ltr' id='par_1_8' title="bbox 142 705 1176 782">
     <span class='ocr_line' id='line_1_8' title="bbox 142 705 1176 782; baseline -0.001 -18"><span class='ocrx_word' id='word_1_33' title='bbox 142 706 324 773; x_wconf 79' lang='grc' dir='ltr'>ϐολίας,</span> <span class='ocrx_word' id='word_1_34' title='bbox 353 709 598 782; x_wconf 71' lang='grc' dir='ltr'>ἱεράρχα,</span> <span class='ocrx_word' id='word_1_35' title='bbox 630 706 754 762; x_wconf 86' lang='grc' dir='ltr'>Θεὸν</span> <span class='ocrx_word' id='word_1_36' title='bbox 780 705 1176 781; x_wconf 82' lang='grc' dir='ltr'>ὡμολόγησας.</span> 
     </span>
    </p>
   </div>
   <div class='ocr_carea' id='block_1_9' title="bbox 197 792 1745 872">
    <p class='ocr_par' dir='ltr' id='par_1_9' title="bbox 197 792 1745 872">
     <span class='ocr_line' id='line_1_9' title="bbox 197 792 1745 872; baseline -0.003 -21"><span class='ocrx_word' id='word_1_37' title='bbox 197 798 288 866; x_wconf 77' lang='grc' dir='ltr'>Τὴν</span> <span class='ocrx_word' id='word_1_38' title='bbox 339 795 512 868; x_wconf 78' lang='grc' dir='ltr'>πηγήν</span> <span class='ocrx_word' id='word_1_39' title='bbox 556 801 653 863; x_wconf 78' lang='grc' dir='ltr'>τῆς</span> <span class='ocrx_word' id='word_1_40' title='bbox 711 793 902 872; x_wconf 90' lang='grc' dir='ltr'>σοφίας</span> <span class='ocrx_word' id='word_1_41' title='bbox 950 792 1493 872; x_wconf 60' lang='grc' dir='ltr'>ἐμφιλοσοφώτατα,</span> <span class='ocrx_word' id='word_1_42' title='bbox 1547 793 1745 866; x_wconf 82' lang='grc' dir='ltr'>Πάτερ,</span> 
     </span>
    </p>
   </div>
   <div class='ocr_carea' id='block_1_10' title="bbox 142 881 1749 960">
    <p class='ocr_par' dir='ltr' id='par_1_10' title="bbox 142 881 1749 960">
     <span class='ocr_line' id='line_1_10' title="bbox 142 881 1749 960; baseline -0.001 -22"><span class='ocrx_word' id='word_1_43' title='bbox 142 885 412 960; x_wconf 73' lang='grc' dir='ltr'>ἠγάπησας,</span> <span class='ocrx_word' id='word_1_44' title='bbox 453 882 539 937; x_wconf 80' lang='grc' dir='ltr'>καὶ</span> <span class='ocrx_word' id='word_1_45' title='bbox 587 887 668 955; x_wconf 78' lang='grc' dir='ltr'>τῷ</span> <span class='ocrx_word' id='word_1_46' title='bbox 709 881 912 954; x_wconf 90' lang='grc' dir='ltr'>ταύτης</span> <span class='ocrx_word' id='word_1_47' title='bbox 964 881 1177 957; x_wconf 81' lang='grc' dir='ltr'>φίλτρῳ</span> <span class='ocrx_word' id='word_1_48' title='bbox 1206 883 1294 937; x_wconf 85' lang='grc' dir='ltr'>καὶ</span> <span class='ocrx_word' id='word_1_49' title='bbox 1326 883 1512 958; x_wconf 80' lang='grc' dir='ltr'>ἀγάπῃ</span> <span class='ocrx_word' id='word_1_50' title='bbox 1546 902 1749 955; x_wconf 86' lang='grc' dir='ltr'>συμπε-</span> 
     </span>
    </p>
   </div>
   <div class='ocr_carea' id='block_1_11' title="bbox 143 969 1744 1049">
    <p class='ocr_par' dir='ltr' id='par_1_11' title="bbox 143 969 1744 1049">
     <span class='ocr_line' id='line_1_11' title="bbox 143 969 1744 1049; baseline -0.001 -24"><span class='ocrx_word' id='word_1_51' title='bbox 143 971 476 1049; x_wconf 74' lang='grc' dir='ltr'>ριφερόμενος,</span> <span class='ocrx_word' id='word_1_52' title='bbox 523 969 833 1032; x_wconf 84' lang='grc' dir='ltr'>πολλοστὸς</span> <span class='ocrx_word' id='word_1_53' title='bbox 883 970 1089 1046; x_wconf 76' lang='grc' dir='ltr'>ἐγὲνου,</span> <span class='ocrx_word' id='word_1_54' title='bbox 1133 970 1223 1024; x_wconf 84' lang='grc' dir='ltr'>καὶ</span> <span class='ocrx_word' id='word_1_55' title='bbox 1254 969 1540 1044; x_wconf 83' lang='grc' dir='ltr'>ποταμοὺς</span> <span class='ocrx_word' id='word_1_56' title='bbox 1587 970 1744 1034; x_wconf 83' lang='grc' dir='ltr'>θείων</span> 
     </span>
    </p>
   </div>
   <div class='ocr_carea' id='block_1_12' title="bbox 139 1057 1299 1134">
    <p class='ocr_par' dir='ltr' id='par_1_12' title="bbox 139 1057 1299 1134">
     <span class='ocr_line' id='line_1_12' title="bbox 139 1057 1299 1134; baseline 0 -19"><span class='ocrx_word' id='word_1_57' title='bbox 139 1063 353 1134; x_wconf 73' lang='grc' dir='ltr'>ναμάτωγ</span> <span class='ocrx_word' id='word_1_58' title='bbox 384 1057 614 1122; x_wconf 83' lang='grc' dir='ltr'>ἀεννάως</span> <span class='ocrx_word' id='word_1_59' title='bbox 640 1059 929 1133; x_wconf 84' lang='grc' dir='ltr'>πηγοὶζεις,</span> <span class='ocrx_word' id='word_1_60' title='bbox 961 1058 1299 1116; x_wconf 86' lang='grc' dir='ltr'>θεόπνευστε.</span> 
     </span>
    </p>
   </div>
   <div class='ocr_carea' id='block_1_13' title="bbox 858 1175 979 1233">
    <p class='ocr_par' dir='ltr' id='par_1_13' title="bbox 858 1175 979 1233">
     <span class='ocr_line' id='line_1_13' title="bbox 858 1175 979 1233; baseline 0.008 -5"><span class='ocrx_word' id='word_1_61' title='bbox 858 1175 979 1233; x_wconf 84' lang='grc' dir='ltr'>θόκ.</span> 
     </span>
    </p>
   </div>
   <div class='ocr_carea' id='block_1_14' title="bbox 190 1286 1748 1366">
    <p class='ocr_par' dir='ltr' id='par_1_14' title="bbox 190 1286 1748 1366">
     <span class='ocr_line' id='line_1_14' title="bbox 190 1286 1748 1366; baseline -0.001 -22"><span class='ocrx_word' id='word_1_62' title='bbox 190 1291 264 1353; x_wconf 84' lang='grc' dir='ltr'>Ὡς</span> <span class='ocrx_word' id='word_1_63' title='bbox 298 1289 710 1364; x_wconf 70' lang='grc' dir='ltr'>κεχαριτωμένη</span> <span class='ocrx_word' id='word_1_64' title='bbox 754 1290 855 1358; x_wconf 78' lang='grc' dir='ltr'>τήν</span> <span class='ocrx_word' id='word_1_65' title='bbox 911 1288 1250 1344; x_wconf 90' lang='grc' dir='ltr'>καλλοποιὸν</span> <span class='ocrx_word' id='word_1_66' title='bbox 1315 1286 1612 1366; x_wconf 80' lang='grc' dir='ltr'>ὑπερεδὲξω</span> <span class='ocrx_word' id='word_1_67' title='bbox 1661 1287 1748 1343; x_wconf 89' lang='grc' dir='ltr'>εὐ-</span> 
     </span>
    </p>
   </div>
   <div class='ocr_carea' id='block_1_15' title="bbox 135 1376 1748 1454">
    <p class='ocr_par' dir='ltr' id='par_1_15' title="bbox 135 1376 1748 1454">
     <span class='ocr_line' id='line_1_15' title="bbox 135 1376 1748 1454; baseline -0.001 -21"><span class='ocrx_word' id='word_1_68' title='bbox 135 1377 350 1454; x_wconf 75' lang='grc' dir='ltr'>πρέπειαν</span> <span class='ocrx_word' id='word_1_69' title='bbox 394 1380 491 1447; x_wconf 82' lang='grc' dir='ltr'>τήν</span> <span class='ocrx_word' id='word_1_70' title='bbox 543 1377 610 1432; x_wconf 64' lang='grc' dir='ltr'>τὸ.</span> <span class='ocrx_word' id='word_1_71' title='bbox 652 1379 826 1432; x_wconf 81' lang='grc' dir='ltr'>πάντα</span> <span class='ocrx_word' id='word_1_72' title='bbox 876 1379 1024 1451; x_wconf 86' lang='grc' dir='ltr'>μόνῳ</span> <span class='ocrx_word' id='word_1_73' title='bbox 1068 1379 1148 1450; x_wconf 84' lang='grc' dir='ltr'>τῷ</span> <span class='ocrx_word' id='word_1_74' title='bbox 1209 1376 1523 1453; x_wconf 83' lang='grc' dir='ltr'>βουλήματι</span> <span class='ocrx_word' id='word_1_75' title='bbox 1582 1398 1748 1432; x_wconf 89' lang='grc' dir='ltr'>κατα-</span> 
     </span>
    </p>
   </div>
   <div class='ocr_carea' id='block_1_16' title="bbox 135 1466 1749 1546">
    <p class='ocr_par' dir='ltr' id='par_1_16' title="bbox 135 1466 1749 1546">
     <span class='ocr_line' id='line_1_16' title="bbox 135 1466 1749 1546; baseline 0.001 -24"><span class='ocrx_word' id='word_1_76' title='bbox 135 1470 438 1535; x_wconf 73' lang='grc' dir='ltr'>σκευάσασαν,</span> <span class='ocrx_word' id='word_1_77' title='bbox 488 1469 577 1522; x_wconf 79' lang='grc' dir='ltr'>καὶ</span> <span class='ocrx_word' id='word_1_78' title='bbox 624 1473 705 1540; x_wconf 81' lang='grc' dir='ltr'>τῷ</span> <span class='ocrx_word' id='word_1_79' title='bbox 764 1467 893 1540; x_wconf 83' lang='grc' dir='ltr'>θείῳ</span> <span class='ocrx_word' id='word_1_80' title='bbox 937 1466 1132 1523; x_wconf 89' lang='grc' dir='ltr'>κάλλει</span> <span class='ocrx_word' id='word_1_81' title='bbox 1180 1467 1270 1522; x_wconf 86' lang='grc' dir='ltr'>καὶ</span> <span class='ocrx_word' id='word_1_82' title='bbox 1324 1472 1596 1546; x_wconf 78' lang='grc' dir='ltr'>φωτισμῷ</span> <span class='ocrx_word' id='word_1_83' title='bbox 1648 1475 1749 1538; x_wconf 80' lang='grc' dir='ltr'>τῆς</span> 
     </span>
    </p>
   </div>
   <div class='ocr_carea' id='block_1_17' title="bbox 135 1551 1390 1630">
    <p class='ocr_par' dir='ltr' id='par_1_17' title="bbox 135 1551 1390 1630">
     <span class='ocr_line' id='line_1_17' title="bbox 135 1551 1390 1630; baseline 0.002 -20"><span class='ocrx_word' id='word_1_84' title='bbox 135 1551 383 1625; x_wconf 78' lang='grc' dir='ltr'>εὐσεϐείας,</span> <span class='ocrx_word' id='word_1_85' title='bbox 415 1558 723 1630; x_wconf 77' lang='grc' dir='ltr'>Θεομῆτορ,</span> <span class='ocrx_word' id='word_1_86' title='bbox 756 1558 905 1628; x_wconf 77' lang='grc' dir='ltr'>ἡμᾶς</span> <span class='ocrx_word' id='word_1_87' title='bbox 936 1554 1390 1613; x_wconf 84' lang='grc' dir='ltr'>καλλωπίσασαν.</span> 
     </span>
    </p>
   </div>
   <div class='ocr_carea' id='block_1_18' title="bbox 192 1641 1747 1723">
    <p class='ocr_par' dir='ltr' id='par_1_18' title="bbox 192 1641 1747 1723">
     <span class='ocr_line' id='line_1_18' title="bbox 192 1641 1747 1723; baseline 0.001 -24"><span class='ocrx_word' id='word_1_88' title='bbox 192 1643 431 1718; x_wconf 74' lang='grc' dir='ltr'>Νομίμως</span> <span class='ocrx_word' id='word_1_89' title='bbox 462 1641 782 1719; x_wconf 78' lang='grc' dir='ltr'>φιλοσὸφων</span> <span class='ocrx_word' id='word_1_90' title='bbox 812 1644 1000 1723; x_wconf 88' lang='grc' dir='ltr'>σοφίας</span> <span class='ocrx_word' id='word_1_91' title='bbox 1034 1642 1196 1722; x_wconf 84' lang='grc' dir='ltr'>δώρῳ</span> <span class='ocrx_word' id='word_1_92' title='bbox 1225 1645 1507 1721; x_wconf 72' lang='grc' dir='ltr'>ἐπέτυχεςο</span> <span class='ocrx_word' id='word_1_93' title='bbox 1554 1644 1747 1708; x_wconf 78' lang='grc' dir='ltr'>ἐνθὲως</span> 
     </span>
    </p>
   </div>
   <div class='ocr_carea' id='block_1_19' title="bbox 137 1730 1748 1810">
    <p class='ocr_par' dir='ltr' id='par_1_19' title="bbox 137 1730 1748 1810">
     <span class='ocr_line' id='line_1_19' title="bbox 137 1730 1748 1810; baseline 0.001 -22"><span class='ocrx_word' id='word_1_94' title='bbox 137 1732 422 1810; x_wconf 73' lang='grc' dir='ltr'>ἑνθεολογῶν</span> <span class='ocrx_word' id='word_1_95' title='bbox 453 1730 719 1810; x_wconf 77' lang='grc' dir='ltr'>ὁρθόδοξα</span> <span class='ocrx_word' id='word_1_96' title='bbox 751 1731 1014 1810; x_wconf 80' lang='grc' dir='ltr'>δόγματα,</span> <span class='ocrx_word' id='word_1_97' title='bbox 1065 1733 1392 1810; x_wconf 85' lang='grc' dir='ltr'>παμμάκαρ,</span> <span class='ocrx_word' id='word_1_98' title='bbox 1439 1733 1748 1808; x_wconf 68' lang='grc' dir='ltr'>κατέλιπες,</span> 
     </span>
    </p>
   </div>
   <div class='ocr_carea' id='block_1_20' title="bbox 133 1821 1404 1897">
    <p class='ocr_par' dir='ltr' id='par_1_20' title="bbox 133 1821 1404 1897">
     <span class='ocr_line' id='line_1_20' title="bbox 133 1821 1404 1897; baseline 0.004 -23"><span class='ocrx_word' id='word_1_99' title='bbox 133 1822 190 1874; x_wconf 84' lang='grc' dir='ltr'>ὧν</span> <span class='ocrx_word' id='word_1_100' title='bbox 211 1822 582 1897; x_wconf 79' lang='grc' dir='ltr'>κατετρύχθης·</span> <span class='ocrx_word' id='word_1_101' title='bbox 617 1822 672 1875; x_wconf 74' lang='grc' dir='ltr'>οἱ</span> <span class='ocrx_word' id='word_1_102' title='bbox 701 1821 885 1876; x_wconf 85' lang='grc' dir='ltr'>πιστοὶ</span> <span class='ocrx_word' id='word_1_103' title='bbox 918 1822 976 1876; x_wconf 72' lang='grc' dir='ltr'>σὲ</span> <span class='ocrx_word' id='word_1_104' title='bbox 1011 1822 1404 1896; x_wconf 84' lang='grc' dir='ltr'>μακαρίζομεν.</span> 
     </span>
    </p>
   </div>
   <div class='ocr_carea' id='block_1_21' title="bbox 186 1998 1744 2078">
    <p class='ocr_par' dir='ltr' id='par_1_21' title="bbox 186 1998 1744 2078">
     <span class='ocr_line' id='line_1_21' title="bbox 186 1998 1744 2078; baseline -0.001 -23"><span class='ocrx_word' id='word_1_105' title='bbox 186 2001 375 2055; x_wconf 73' lang='grc' dir='ltr'>Συνέσει</span> <span class='ocrx_word' id='word_1_106' title='bbox 421 2005 736 2076; x_wconf 75' lang='grc' dir='ltr'>θεοπρεπεῖ,</span> <span class='ocrx_word' id='word_1_107' title='bbox 790 2000 1040 2078; x_wconf 89' lang='grc' dir='ltr'>θεόφρον,</span> <span class='ocrx_word' id='word_1_108' title='bbox 1091 1998 1606 2074; x_wconf 83' lang='grc' dir='ltr'>καλλωπιζόμενος,</span> <span class='ocrx_word' id='word_1_109' title='bbox 1664 2005 1744 2072; x_wconf 79' lang='grc' dir='ltr'>τῶ</span> 
     </span>
    </p>
   </div>
   <div class='ocr_carea' id='block_1_22' title="bbox 132 2087 1741 2164">
    <p class='ocr_par' dir='ltr' id='par_1_22' title="bbox 132 2087 1741 2164">
     <span class='ocr_line' id='line_1_22' title="bbox 132 2087 1741 2164; baseline 0.001 -22"><span class='ocrx_word' id='word_1_110' title='bbox 132 2090 234 2162; x_wconf 81' lang='grc' dir='ltr'>θείῷ</span> <span class='ocrx_word' id='word_1_111' title='bbox 282 2093 620 2164; x_wconf 86' lang='grc' dir='ltr'>μυσταγωγῷ</span> <span class='ocrx_word' id='word_1_112' title='bbox 672 2089 734 2144; x_wconf 88' lang='grc' dir='ltr'>τὸ</span> <span class='ocrx_word' id='word_1_113' title='bbox 789 2089 881 2149; x_wconf 74' lang='grc' dir='ltr'>οὖς</span> <span class='ocrx_word' id='word_1_114' title='bbox 932 2110 1026 2143; x_wconf 93' lang='grc' dir='ltr'>σου</span> <span class='ocrx_word' id='word_1_115' title='bbox 1069 2087 1444 2162; x_wconf 78' lang='grc' dir='ltr'>ὑπερὲκλινας,</span> <span class='ocrx_word' id='word_1_116' title='bbox 1494 2089 1586 2143; x_wconf 88' lang='grc' dir='ltr'>καὶ</span> <span class='ocrx_word' id='word_1_117' title='bbox 1643 2090 1741 2159; x_wconf 76' lang='grc' dir='ltr'>τὴν</span> 
     </span>
    </p>
   </div>
   <div class='ocr_carea' id='block_1_23' title="bbox 134 2175 1591 2254">
    <p class='ocr_par' dir='ltr' id='par_1_23' title="bbox 134 2175 1591 2254">
     <span class='ocr_line' id='line_1_23' title="bbox 134 2175 1591 2254; baseline 0.001 -22"><span class='ocrx_word' id='word_1_118' title='bbox 134 2179 455 2254; x_wconf 83' lang='grc' dir='ltr'>ὑπερκόσμιον</span> <span class='ocrx_word' id='word_1_119' title='bbox 493 2177 584 2232; x_wconf 84' lang='grc' dir='ltr'>ὑπ’</span> <span class='ocrx_word' id='word_1_120' title='bbox 616 2176 781 2232; x_wconf 78' lang='grc' dir='ltr'>αὐτοῦ</span> <span class='ocrx_word' id='word_1_121' title='bbox 803 2176 991 2252; x_wconf 80' lang='grc' dir='ltr'>σοφίαν</span> <span class='ocrx_word' id='word_1_122' title='bbox 1020 2176 1291 2250; x_wconf 78' lang='grc' dir='ltr'>ἐμυήθης,</span> <span class='ocrx_word' id='word_1_123' title='bbox 1324 2175 1591 2234; x_wconf 79' lang='grc' dir='ltr'>Διονύσιε.</span> 
     </span>
    </p>
   </div>
   <div class='ocr_carea' id='block_1_24' title="bbox 183 2353 1745 2431">
    <p class='ocr_par' dir='ltr' id='par_1_24' title="bbox 183 2353 1745 2431">
     <span class='ocr_line' id='line_1_24' title="bbox 183 2353 1745 2431; baseline 0.026 -56"><span class='ocrx_word' id='word_1_124' title='bbox 183 2359 234 2414; x_wconf 78' lang='grc' dir='ltr'>Ὁ</span> <span class='ocrx_word' id='word_1_125' title='bbox 262 2357 372 2431; x_wconf 67' lang='grc' dir='ltr'>βίος</span> <span class='ocrx_word' id='word_1_126' title='bbox 399 2377 501 2411; x_wconf 73' lang='grc' dir='ltr'>σου</span> <span class='ocrx_word' id='word_1_127' title='bbox 552 2355 880 2427; x_wconf 73' lang='grc' dir='ltr'>θαυμαστὸς,</span> <span class='ocrx_word' id='word_1_128' title='bbox 919 2355 946 2409; x_wconf 90' lang='grc' dir='ltr'>ὁ</span> <span class='ocrx_word' id='word_1_129' title='bbox 996 2353 1163 2428; x_wconf 81' lang='grc' dir='ltr'>λόγος</span> <span class='ocrx_word' id='word_1_130' title='bbox 1194 2355 1660 2430; x_wconf 85' lang='grc' dir='ltr'>θαυμασιώτερος,</span> <span class='ocrx_word' id='word_1_131' title='bbox 1711 2356 1745 2423; x_wconf 78' lang='grc' dir='ltr'><strong>ἡ</strong></span> 
     </span>
    </p>
   </div>
   <div class='ocr_carea' id='block_1_25' title="bbox 132 2443 1747 2522">
    <p class='ocr_par' dir='ltr' id='par_1_25' title="bbox 132 2443 1747 2522">
     <span class='ocr_line' id='line_1_25' title="bbox 132 2443 1747 2522; baseline -0.001 -25"><span class='ocrx_word' id='word_1_132' title='bbox 132 2443 318 2518; x_wconf 83' lang='grc' dir='ltr'>γλῶσσά</span> <span class='ocrx_word' id='word_1_133' title='bbox 366 2465 460 2499; x_wconf 89' lang='grc' dir='ltr'>σου</span> <span class='ocrx_word' id='word_1_134' title='bbox 496 2444 814 2522; x_wconf 77' lang='grc' dir='ltr'>φωταυγής,</span> <span class='ocrx_word' id='word_1_135' title='bbox 862 2443 924 2497; x_wconf 91' lang='grc' dir='ltr'>τὸ</span> <span class='ocrx_word' id='word_1_136' title='bbox 970 2443 1146 2516; x_wconf 86' lang='grc' dir='ltr'>στόμα</span> <span class='ocrx_word' id='word_1_137' title='bbox 1181 2443 1506 2518; x_wconf 83' lang='grc' dir='ltr'>πυρίπνοον,</span> <span class='ocrx_word' id='word_1_138' title='bbox 1571 2443 1747 2517; x_wconf 81' lang='grc' dir='ltr'>μάκαρ</span> 
     </span>
    </p>
   </div>
   <div class='ocr_carea' id='block_1_26' title="bbox 130 2527 1752 2606">
    <p class='ocr_par' dir='ltr' id='par_1_26' title="bbox 130 2527 1752 2606">
     <span class='ocr_line' id='line_1_26' title="bbox 130 2527 1752 2606; baseline -0.001 -19"><span class='ocrx_word' id='word_1_139' title='bbox 130 2533 348 2588; x_wconf 76' lang='grc' dir='ltr'>Διονύσιε·</span> <span class='ocrx_word' id='word_1_140' title='bbox 381 2534 407 2588; x_wconf 76' lang='grc' dir='ltr'>ὸ</span> <span class='ocrx_word' id='word_1_141' title='bbox 439 2532 504 2588; x_wconf 64' lang='grc' dir='ltr'>δὲ</span> <span class='ocrx_word' id='word_1_142' title='bbox 534 2536 657 2594; x_wconf 71' lang='grc' dir='ltr'>νοῦς</span> <span class='ocrx_word' id='word_1_143' title='bbox 700 2552 819 2600; x_wconf 80' lang='grc' dir='ltr'>σου,</span> <span class='ocrx_word' id='word_1_144' title='bbox 873 2530 1068 2605; x_wconf 76' lang='grc' dir='ltr'>Πάτερ,</span> <span class='ocrx_word' id='word_1_145' title='bbox 1129 2527 1368 2606; x_wconf 82' lang='grc' dir='ltr'>ἀκριϐῶς</span> <span class='ocrx_word' id='word_1_146' title='bbox 1420 2528 1752 2596; x_wconf 70' lang='grc' dir='ltr'>θεοειδέα-τα-</span> 
     </span>
    </p>
   </div>
   <div class='ocr_carea' id='block_1_27' title="bbox 131 2642 218 2685">
    <p class='ocr_par' dir='ltr' id='par_1_27' title="bbox 131 2642 218 2685">
     <span class='ocr_line' id='line_1_27' title="bbox 131 2642 218 2685; baseline 0.023 -11"><span class='ocrx_word' id='word_1_147' title='bbox 131 2642 218 2685; x_wconf 83' lang='grc' dir='ltr'>τος.</span> 
     </span>
    </p>
   </div>
   <div class='ocr_carea' id='block_1_28' title="bbox 858 2727 982 2784">
    <p class='ocr_par' dir='ltr' id='par_1_28' title="bbox 858 2727 982 2784">
     <span class='ocr_line' id='line_1_28' title="bbox 858 2727 982 2784; baseline 0.024 -4"><span class='ocrx_word' id='word_1_148' title='bbox 858 2727 982 2784; x_wconf 88' lang='grc' dir='ltr'>θόκ.</span> 
     </span>
    </p>
   </div>
   <div class='ocr_carea' id='block_1_29' title="bbox 181 2829 1750 2910">
    <p class='ocr_par' dir='ltr' id='par_1_29' title="bbox 181 2829 1750 2910">
     <span class='ocr_line' id='line_1_29' title="bbox 181 2829 1750 2910; baseline 0.001 -22"><span class='ocrx_word' id='word_1_149' title='bbox 181 2837 357 2906; x_wconf 82' lang='grc' dir='ltr'>Φωνήν</span> <span class='ocrx_word' id='word_1_150' title='bbox 404 2857 493 2891; x_wconf 90' lang='grc' dir='ltr'>σοι</span> <span class='ocrx_word' id='word_1_151' title='bbox 542 2839 643 2890; x_wconf 74' lang='grc' dir='ltr'>τοῦ</span> <span class='ocrx_word' id='word_1_152' title='bbox 687 2829 956 2908; x_wconf 80' lang='grc' dir='ltr'>Γαϐριὴλ,</span> <span class='ocrx_word' id='word_1_153' title='bbox 987 2833 1050 2889; x_wconf 85' lang='grc' dir='ltr'>τὸ</span> <span class='ocrx_word' id='word_1_154' title='bbox 1083 2835 1272 2910; x_wconf 83' lang='grc' dir='ltr'>Χαῖρε,</span> <span class='ocrx_word' id='word_1_155' title='bbox 1305 2835 1483 2888; x_wconf 82' lang='grc' dir='ltr'>πίστει</span> <span class='ocrx_word' id='word_1_156' title='bbox 1514 2832 1750 2909; x_wconf 85' lang='grc' dir='ltr'>κραυγά-</span> 
     </span>
    </p>
   </div>
   <div class='ocr_carea' id='block_1_30' title="bbox 130 2921 1748 3001">
    <p class='ocr_par' dir='ltr' id='par_1_30' title="bbox 130 2921 1748 3001">
     <span class='ocr_line' id='line_1_30' title="bbox 130 2921 1748 3001; baseline 0.001 -25"><span class='ocrx_word' id='word_1_157' title='bbox 130 2928 282 2995; x_wconf 77' lang='grc' dir='ltr'>ζομιν,</span> <span class='ocrx_word' id='word_1_158' title='bbox 313 2923 361 2995; x_wconf 71' lang='grc' dir='ltr'><em>ἐξ</em></span> <span class='ocrx_word' id='word_1_159' title='bbox 390 2924 458 2992; x_wconf 80' lang='grc' dir='ltr'>ἧς</span> <span class='ocrx_word' id='word_1_160' title='bbox 520 2921 804 3001; x_wconf 72' lang='grc' dir='ltr'>ἄφράστως</span> <span class='ocrx_word' id='word_1_161' title='bbox 845 2924 982 2996; x_wconf 76' lang='grc' dir='ltr'>ἡμῖν</span> <span class='ocrx_word' id='word_1_162' title='bbox 1024 2925 1051 2978; x_wconf 88' lang='grc' dir='ltr'>ὁ</span> <span class='ocrx_word' id='word_1_163' title='bbox 1100 2925 1562 2998; x_wconf 84' lang='grc' dir='ltr'>ζωαρχικώτατος</span> <span class='ocrx_word' id='word_1_164' title='bbox 1611 2923 1748 2996; x_wconf 73' lang='grc' dir='ltr'>ἀνὴρ</span> 
     </span>
    </p>
   </div>
   <div class='ocr_carea' id='block_1_31' title="bbox 128 3011 1748 3091">
    <p class='ocr_par' dir='ltr' id='par_1_31' title="bbox 128 3011 1748 3091">
     <span class='ocr_line' id='line_1_31' title="bbox 128 3011 1748 3091; baseline -0.006 -26"><span class='ocrx_word' id='word_1_165' title='bbox 128 3011 426 3086; x_wconf 73' lang='grc' dir='ltr'>ἐχρημάτισε</span> <span class='ocrx_word' id='word_1_166' title='bbox 473 3013 572 3069; x_wconf 86' lang='grc' dir='ltr'>καὶ</span> <span class='ocrx_word' id='word_1_167' title='bbox 620 3014 1016 3091; x_wconf 85' lang='grc' dir='ltr'>συνανεστράφη</span> <span class='ocrx_word' id='word_1_168' title='bbox 1066 3018 1184 3076; x_wconf 86' lang='grc' dir='ltr'>τοῖς</span> <span class='ocrx_word' id='word_1_169' title='bbox 1231 3011 1541 3089; x_wconf 85' lang='grc' dir='ltr'>ἀνθρώποις</span> <span class='ocrx_word' id='word_1_170' title='bbox 1592 3014 1620 3067; x_wconf 85' lang='grc' dir='ltr'>ὁ</span> <span class='ocrx_word' id='word_1_171' title='bbox 1661 3034 1748 3090; x_wconf 73' lang='grc' dir='ltr'>φι-</span> 
     </span>
    </p>
   </div>
   <div class='ocr_carea' id='block_1_32' title="bbox 125 3098 422 3177">
    <p class='ocr_par' dir='ltr' id='par_1_32' title="bbox 125 3098 422 3177">
     <span class='ocr_line' id='line_1_32' title="bbox 125 3098 422 3177; baseline 0.024 -24"><span class='ocrx_word' id='word_1_172' title='bbox 125 3098 226 3155; x_wconf 72' lang='grc' dir='ltr'>λάνθ</span> <span class='ocrx_word' id='word_1_173' title='bbox 231 3123 422 3177; x_wconf 76' lang='grc' dir='ltr'>ρωπος.</span> 
     </span>
    </p>
   </div>
   <div class='ocr_carea' id='block_1_33' title="bbox 1859 533 3511 607">
    <p class='ocr_par' dir='ltr' id='par_1_33' title="bbox 1859 533 3511 607">
     <span class='ocr_line' id='line_1_33' title="bbox 1859 533 3511 607; baseline 0.002 -20"><span class='ocrx_word' id='word_1_174' title='bbox 1859 533 2228 602; x_wconf 82' lang='lat' dir='ltr'>beatissime;</span> <span class='ocrx_word' id='word_1_175' title='bbox 2259 550 2491 605; x_wconf 87' lang='lat' dir='ltr'>unaque</span> <span class='ocrx_word' id='word_1_176' title='bbox 2513 550 2711 590; x_wconf 83' lang='lat' dir='ltr'>revera</span> <span class='ocrx_word' id='word_1_177' title='bbox 2743 534 3171 607; x_wconf 79' lang='lat' dir='ltr'>pretiosissima</span> <span class='ocrx_word' id='word_1_178' title='bbox 3195 536 3511 605; x_wconf 79' lang='lat' dir='ltr'>margarita</span> 
     </span>
    </p>
   </div>
   <div class='ocr_carea' id='block_1_34' title="bbox 1857 622 3508 694">
    <p class='ocr_par' dir='ltr' id='par_1_34' title="bbox 1857 622 3508 694">
     <span class='ocr_line' id='line_1_34' title="bbox 1857 622 3508 694; baseline 0.002 -18"><span class='ocrx_word' id='word_1_179' title='bbox 1857 622 2115 689; x_wconf 90' lang='lat' dir='ltr'>inventa,</span> <span class='ocrx_word' id='word_1_180' title='bbox 2150 639 2216 678; x_wconf 91' lang='lat' dir='ltr'>ac</span> <span class='ocrx_word' id='word_1_181' title='bbox 2247 624 2376 692; x_wconf 86' lang='lat' dir='ltr'><strong>ejus</strong></span> <span class='ocrx_word' id='word_1_182' title='bbox 2407 623 2646 680; x_wconf 81' lang='lat' dir='ltr'>deificas</span> <span class='ocrx_word' id='word_1_183' title='bbox 2678 625 2929 680; x_wconf 83' lang='lat' dir='ltr'>miratus</span> <span class='ocrx_word' id='word_1_184' title='bbox 2959 623 3109 679; x_wconf 90' lang='lat' dir='ltr'>lucis</span> <span class='ocrx_word' id='word_1_185' title='bbox 3139 624 3508 694; x_wconf 82' lang='lat' dir='ltr'>emissiones,</span> 
     </span>
    </p>
   </div>
   <div class='ocr_carea' id='block_1_35' title="bbox 1862 710 2857 776">
    <p class='ocr_par' dir='ltr' id='par_1_35' title="bbox 1862 710 2857 776">
     <span class='ocr_line' id='line_1_35' title="bbox 1862 710 2857 776; baseline 0.002 -11"><span class='ocrx_word' id='word_1_186' title='bbox 1862 710 2185 776; x_wconf 78' lang='lat' dir='ltr'>hierarcha,</span> <span class='ocrx_word' id='word_1_187' title='bbox 2220 711 2401 766; x_wconf 90' lang='lat' dir='ltr'>Deum</span> <span class='ocrx_word' id='word_1_188' title='bbox 2434 728 2497 767; x_wconf 92' lang='lat' dir='ltr'>es</span> <span class='ocrx_word' id='word_1_189' title='bbox 2527 713 2857 769; x_wconf 78' lang='lat' dir='ltr'>confessus.</span> 
     </span>
    </p>
   </div>
   <div class='ocr_carea' id='block_1_36' title="bbox 1929 800 3507 874">
    <p class='ocr_par' dir='ltr' id='par_1_36' title="bbox 1929 800 3507 874">
     <span class='ocr_line' id='line_1_36' title="bbox 1929 800 3507 874; baseline 0.003 -20"><span class='ocrx_word' id='word_1_190' title='bbox 1929 800 2238 871; x_wconf 81' lang='lat' dir='ltr'>Sapientiae</span> <span class='ocrx_word' id='word_1_191' title='bbox 2288 801 2506 856; x_wconf 82' lang='lat' dir='ltr'>fontem</span> <span class='ocrx_word' id='word_1_192' title='bbox 2553 802 3012 873; x_wconf 85' lang='lat' dir='ltr'>sapientissime,</span> <span class='ocrx_word' id='word_1_193' title='bbox 3047 807 3238 869; x_wconf 87' lang='lat' dir='ltr'>Pater,</span> <span class='ocrx_word' id='word_1_194' title='bbox 3271 806 3507 874; x_wconf 85' lang='lat' dir='ltr'>amasti,</span> 
     </span>
    </p>
   </div>
   <div class='ocr_carea' id='block_1_37' title="bbox 1857 889 3511 958">
    <p class='ocr_par' dir='ltr' id='par_1_37' title="bbox 1857 889 3511 958">
     <span class='ocr_line' id='line_1_37' title="bbox 1857 889 3511 958; baseline 0.004 -16"><span class='ocrx_word' id='word_1_195' title='bbox 1857 889 2104 958; x_wconf 87' lang='lat' dir='ltr'>ejusque</span> <span class='ocrx_word' id='word_1_196' title='bbox 2135 889 2351 958; x_wconf 88' lang='lat' dir='ltr'>pbiltro</span> <span class='ocrx_word' id='word_1_197' title='bbox 2377 894 2435 946; x_wconf 92' lang='lat' dir='ltr'>et</span> <span class='ocrx_word' id='word_1_198' title='bbox 2459 907 2656 946; x_wconf 89' lang='lat' dir='ltr'>amore</span> <span class='ocrx_word' id='word_1_199' title='bbox 2686 892 3080 947; x_wconf 87' lang='lat' dir='ltr'>circumactus</span> <span class='ocrx_word' id='word_1_200' title='bbox 3113 909 3268 947; x_wconf 88' lang='lat' dir='ltr'>unus</span> <span class='ocrx_word' id='word_1_201' title='bbox 3298 910 3329 948; x_wconf 93' lang='lat' dir='ltr'>e</span> <span class='ocrx_word' id='word_1_202' title='bbox 3360 894 3511 948; x_wconf 83' lang='lat' dir='ltr'>mul-</span> 
     </span>
    </p>
   </div>
   <div class='ocr_carea' id='block_1_38' title="bbox 1857 977 3510 1051">
    <p class='ocr_par' dir='ltr' id='par_1_38' title="bbox 1857 977 3510 1051">
     <span class='ocr_line' id='line_1_38' title="bbox 1857 977 3510 1051; baseline 0.003 -20"><span class='ocrx_word' id='word_1_203' title='bbox 1857 977 1934 1032; x_wconf 90' lang='lat' dir='ltr'>tis</span> <span class='ocrx_word' id='word_1_204' title='bbox 1983 977 2167 1044; x_wconf 79' lang='lat' dir='ltr'>fuisti,</span> <span class='ocrx_word' id='word_1_205' title='bbox 2220 978 2580 1050; x_wconf 83' lang='lat' dir='ltr'>ﬂuminaque</span> <span class='ocrx_word' id='word_1_206' title='bbox 2622 979 2954 1034; x_wconf 90' lang='lat' dir='ltr'>divinorum</span> <span class='ocrx_word' id='word_1_207' title='bbox 2997 980 3261 1051; x_wconf 82' lang='lat' dir='ltr'>laticum,</span> <span class='ocrx_word' id='word_1_208' title='bbox 3313 981 3510 1038; x_wconf 81' lang='lat' dir='ltr'>afflate</span> 
     </span>
    </p>
   </div>
   <div class='ocr_carea' id='block_1_39' title="bbox 1857 1065 2562 1138">
    <p class='ocr_par' dir='ltr' id='par_1_39' title="bbox 1857 1065 2562 1138">
     <span class='ocr_line' id='line_1_39' title="bbox 1857 1065 2562 1138; baseline 0.001 -16"><span class='ocrx_word' id='word_1_209' title='bbox 1857 1065 1999 1127; x_wconf 87' lang='lat' dir='ltr'>Deo.</span> <span class='ocrx_word' id='word_1_210' title='bbox 2033 1067 2367 1138; x_wconf 88' lang='lat' dir='ltr'>perenniter</span> <span class='ocrx_word' id='word_1_211' title='bbox 2398 1067 2562 1124; x_wconf 86' lang='lat' dir='ltr'>facis.</span> 
     </span>
    </p>
   </div>
   <div class='ocr_carea' id='block_1_40' title="bbox 2549 1182 2812 1240">
    <p class='ocr_par' dir='ltr' id='par_1_40' title="bbox 2549 1182 2812 1240">
     <span class='ocr_line' id='line_1_40' title="bbox 2549 1182 2812 1240; baseline 0.011 -3"><span class='ocrx_word' id='word_1_212' title='bbox 2549 1182 2628 1238; x_wconf 82' lang='lat' dir='ltr'>Ad</span> <span class='ocrx_word' id='word_1_213' title='bbox 2657 1183 2719 1238; x_wconf 88' lang='grc' dir='ltr'>Β.</span> <span class='ocrx_word' id='word_1_214' title='bbox 2758 1184 2812 1240; x_wconf 82' lang='grc' dir='ltr'>ν.</span> 
     </span>
    </p>
   </div>
   <div class='ocr_carea' id='block_1_41' title="bbox 1932 1295 3509 1370">
    <p class='ocr_par' dir='ltr' id='par_1_41' title="bbox 1932 1295 3509 1370">
     <span class='ocr_line' id='line_1_41' title="bbox 1932 1295 3509 1370; baseline 0.004 -21"><span class='ocrx_word' id='word_1_215' title='bbox 1932 1295 2098 1350; x_wconf 81' lang='lat' dir='ltr'>Velut</span> <span class='ocrx_word' id='word_1_216' title='bbox 2127 1295 2314 1368; x_wconf 86' lang='lat' dir='ltr'>gratia</span> <span class='ocrx_word' id='word_1_217' title='bbox 2345 1296 2516 1369; x_wconf 90' lang='lat' dir='ltr'>plena</span> <span class='ocrx_word' id='word_1_218' title='bbox 2547 1297 2957 1369; x_wconf 80' lang='lat' dir='ltr'>pulchrificum</span> <span class='ocrx_word' id='word_1_219' title='bbox 2983 1315 3162 1370; x_wconf 89' lang='lat' dir='ltr'>supra</span> <span class='ocrx_word' id='word_1_220' title='bbox 3182 1315 3390 1356; x_wconf 88' lang='lat' dir='ltr'>omnes</span> <span class='ocrx_word' id='word_1_221' title='bbox 3421 1317 3509 1356; x_wconf 88' lang='lat' dir='ltr'>ac-</span> 
     </span>
    </p>
   </div>
   <div class='ocr_carea' id='block_1_42' title="bbox 1859 1385 3506 1457">
    <p class='ocr_par' dir='ltr' id='par_1_42' title="bbox 1859 1385 3506 1457">
     <span class='ocr_line' id='line_1_42' title="bbox 1859 1385 3506 1457; baseline 0.004 -20"><span class='ocrx_word' id='word_1_222' title='bbox 1859 1385 2062 1455; x_wconf 88' lang='lat' dir='ltr'>cepisti</span> <span class='ocrx_word' id='word_1_223' title='bbox 2115 1385 2531 1457; x_wconf 79' lang='lat' dir='ltr'>decorem,qui</span> <span class='ocrx_word' id='word_1_224' title='bbox 2563 1385 2862 1442; x_wconf 87' lang='lat' dir='ltr'>voluntate</span> <span class='ocrx_word' id='word_1_225' title='bbox 2908 1386 3032 1443; x_wconf 89' lang='lat' dir='ltr'>sola</span> <span class='ocrx_word' id='word_1_226' title='bbox 3064 1388 3328 1444; x_wconf 92' lang='lat' dir='ltr'>condidit</span> <span class='ocrx_word' id='word_1_227' title='bbox 3374 1391 3506 1444; x_wconf 84' lang='lat' dir='ltr'>uni-</span> 
     </span>
    </p>
   </div>
   <div class='ocr_carea' id='block_1_43' title="bbox 1856 1474 3503 1549">
    <p class='ocr_par' dir='ltr' id='par_1_43' title="bbox 1856 1474 3503 1549">
     <span class='ocr_line' id='line_1_43' title="bbox 1856 1474 3503 1549; baseline 0.004 -23"><span class='ocrx_word' id='word_1_228' title='bbox 1856 1489 2046 1542; x_wconf 86' lang='lat' dir='ltr'>versa,</span> <span class='ocrx_word' id='word_1_229' title='bbox 2079 1474 2395 1545; x_wconf 82' lang='lat' dir='ltr'>divinaque</span> <span class='ocrx_word' id='word_1_230' title='bbox 2442 1474 2902 1546; x_wconf 89' lang='lat' dir='ltr'>pulchritudine,</span> <span class='ocrx_word' id='word_1_231' title='bbox 2935 1482 3109 1548; x_wconf 89' lang='lat' dir='ltr'>atque</span> <span class='ocrx_word' id='word_1_232' title='bbox 3157 1477 3392 1549; x_wconf 89' lang='lat' dir='ltr'>pietatis</span> <span class='ocrx_word' id='word_1_233' title='bbox 3436 1477 3503 1532; x_wconf 91' lang='lat' dir='ltr'>il-</span> 
     </span>
    </p>
   </div>
   <div class='ocr_carea' id='block_1_44' title="bbox 1860 1561 3438 1635">
    <p class='ocr_par' dir='ltr' id='par_1_44' title="bbox 1860 1561 3438 1635">
     <span class='ocr_line' id='line_1_44' title="bbox 1860 1561 3438 1635; baseline -0.001 -19"><span class='ocrx_word' id='word_1_234' title='bbox 1860 1561 2232 1629; x_wconf 89' lang='lat' dir='ltr'>lustratione,</span> <span class='ocrx_word' id='word_1_235' title='bbox 2268 1563 2365 1618; x_wconf 89' lang='lat' dir='ltr'>Dei</span> <span class='ocrx_word' id='word_1_236' title='bbox 2395 1563 2667 1635; x_wconf 82' lang='lat' dir='ltr'>genitrix,</span> <span class='ocrx_word' id='word_1_237' title='bbox 2697 1565 3052 1622; x_wconf 87' lang='lat' dir='ltr'>venustavit.</span> <span class='ocrx_word' id='word_1_238' title='bbox 3435 1609 3438 1614; x_wconf 93' lang='lat'>.</span> 
     </span>
    </p>
   </div>
   <div class='ocr_carea' id='block_1_45' title="bbox 1931 1651 3508 1726">
    <p class='ocr_par' dir='ltr' id='par_1_45' title="bbox 1931 1651 3508 1726">
     <span class='ocr_line' id='line_1_45' title="bbox 1931 1651 3508 1726; baseline 0.003 -20"><span class='ocrx_word' id='word_1_239' title='bbox 1931 1651 2102 1723; x_wconf 89' lang='lat' dir='ltr'>Legis</span> <span class='ocrx_word' id='word_1_240' title='bbox 2150 1652 2489 1724; x_wconf 63' lang='lat' dir='ltr'>praescripto</span> <span class='ocrx_word' id='word_1_241' title='bbox 2521 1652 3007 1724; x_wconf 88' lang='lat' dir='ltr'>philosophorum</span> <span class='ocrx_word' id='word_1_242' title='bbox 3058 1655 3363 1726; x_wconf 69' lang='lat' dir='ltr'>sapientiae</span> <span class='ocrx_word' id='word_1_243' title='bbox 3401 1655 3508 1711; x_wconf 88' lang='lat' dir='ltr'>do-</span> 
     </span>
    </p>
   </div>
   <div class='ocr_carea' id='block_1_46' title="bbox 1861 1740 3511 1812">
    <p class='ocr_par' dir='ltr' id='par_1_46' title="bbox 1861 1740 3511 1812">
     <span class='ocr_line' id='line_1_46' title="bbox 1861 1740 3511 1812; baseline 0.003 -18"><span class='ocrx_word' id='word_1_244' title='bbox 1861 1756 2003 1794; x_wconf 89' lang='lat' dir='ltr'>num</span> <span class='ocrx_word' id='word_1_245' title='bbox 2036 1745 2409 1808; x_wconf 87' lang='lat' dir='ltr'>consecutus,</span> <span class='ocrx_word' id='word_1_246' title='bbox 2443 1740 2635 1796; x_wconf 90' lang='lat' dir='ltr'>divine</span> <span class='ocrx_word' id='word_1_247' title='bbox 2674 1741 2789 1796; x_wconf 91' lang='lat' dir='ltr'>Deo</span> <span class='ocrx_word' id='word_1_248' title='bbox 2832 1740 3039 1812; x_wconf 87' lang='lat' dir='ltr'>plenus</span> <span class='ocrx_word' id='word_1_249' title='bbox 3071 1743 3142 1798; x_wconf 93' lang='lat' dir='ltr'>de</span> <span class='ocrx_word' id='word_1_250' title='bbox 3174 1749 3341 1798; x_wconf 75' lang='lat' dir='ltr'>rectae</span> <span class='ocrx_word' id='word_1_251' title='bbox 3373 1743 3511 1800; x_wconf 83' lang='lat' dir='ltr'>ﬁdei</span> 
     </span>
    </p>
   </div>
   <div class='ocr_carea' id='block_1_47' title="bbox 1775 1818 3512 1904">
    <p class='ocr_par' dir='ltr' id='par_1_47' title="bbox 1775 1818 3512 1904">
     <span class='ocr_line' id='line_1_47' title="bbox 1775 1818 3512 1904; baseline 0.002 -20"><span class='ocrx_word' id='word_1_252' title='bbox 1775 1818 1825 1884; x_wconf 89' lang='lat' dir='ltr'><strong>B</strong></span> <span class='ocrx_word' id='word_1_253' title='bbox 1857 1829 2234 1900; x_wconf 86' lang='lat' dir='ltr'>dogmatibus</span> <span class='ocrx_word' id='word_1_254' title='bbox 2266 1829 2587 1894; x_wconf 89' lang='lat' dir='ltr'>disserens,</span> <span class='ocrx_word' id='word_1_255' title='bbox 2621 1830 2958 1898; x_wconf 89' lang='lat' dir='ltr'>deseruisti,</span> <span class='ocrx_word' id='word_1_256' title='bbox 2991 1831 3351 1902; x_wconf 89' lang='lat' dir='ltr'>beatissime,</span> <span class='ocrx_word' id='word_1_257' title='bbox 3377 1832 3512 1904; x_wconf 90' lang='lat' dir='ltr'>qui-</span> 
     </span>
    </p>
   </div>
   <div class='ocr_carea' id='block_1_48' title="bbox 1853 1917 3082 1975">
    <p class='ocr_par' dir='ltr' id='par_1_48' title="bbox 1853 1917 3082 1975">
     <span class='ocr_line' id='line_1_48' title="bbox 1853 1917 3082 1975; baseline 0.002 -3"><span class='ocrx_word' id='word_1_258' title='bbox 1853 1917 1966 1973; x_wconf 87' lang='lat' dir='ltr'>bus</span> <span class='ocrx_word' id='word_1_259' title='bbox 1999 1918 2410 1973; x_wconf 89' lang='lat' dir='ltr'>absumebaris</span> <span class='ocrx_word' id='word_1_260' title='bbox 2443 1935 2457 1974; x_wconf 87' lang='lat'><strong>:</strong></span> <span class='ocrx_word' id='word_1_261' title='bbox 2493 1918 2694 1974; x_wconf 82' lang='lat' dir='ltr'>ﬁdeles</span> <span class='ocrx_word' id='word_1_262' title='bbox 2726 1922 2784 1974; x_wconf 87' lang='lat' dir='ltr'>te</span> <span class='ocrx_word' id='word_1_263' title='bbox 2815 1919 3082 1975; x_wconf 80' lang='lat' dir='ltr'>beamus.</span> 
     </span>
    </p>
   </div>
   <div class='ocr_carea' id='block_1_49' title="bbox 1925 2006 3511 2078">
    <p class='ocr_par' dir='ltr' id='par_1_49' title="bbox 1925 2006 3511 2078">
     <span class='ocr_line' id='line_1_49' title="bbox 1925 2006 3511 2078; baseline 0.003 -16"><span class='ocrx_word' id='word_1_264' title='bbox 1925 2007 2013 2062; x_wconf 91' lang='lat' dir='ltr'>Tu</span> <span class='ocrx_word' id='word_1_265' title='bbox 2045 2008 2143 2072; x_wconf 89' lang='lat' dir='ltr'>qui</span> <span class='ocrx_word' id='word_1_266' title='bbox 2177 2006 2378 2061; x_wconf 91' lang='lat' dir='ltr'>divina</span> <span class='ocrx_word' id='word_1_267' title='bbox 2429 2007 2608 2078; x_wconf 86' lang='lat' dir='ltr'>sapis,</span> <span class='ocrx_word' id='word_1_268' title='bbox 2640 2012 2822 2062; x_wconf 92' lang='lat' dir='ltr'>Deum</span> <span class='ocrx_word' id='word_1_269' title='bbox 2853 2009 3092 2064; x_wconf 88' lang='lat' dir='ltr'>decente</span> <span class='ocrx_word' id='word_1_270' title='bbox 3142 2013 3387 2066; x_wconf 89' lang='lat' dir='ltr'>ornatus</span> <span class='ocrx_word' id='word_1_271' title='bbox 3417 2009 3511 2066; x_wconf 85' lang='lat' dir='ltr'>in-</span> 
     </span>
    </p>
   </div>
   <div class='ocr_carea' id='block_1_50' title="bbox 1855 2095 3512 2167">
    <p class='ocr_par' dir='ltr' id='par_1_50' title="bbox 1855 2095 3512 2167">
     <span class='ocr_line' id='line_1_50' title="bbox 1855 2095 3512 2167; baseline 0.003 -17"><span class='ocrx_word' id='word_1_272' title='bbox 1855 2095 2117 2160; x_wconf 87' lang='lat' dir='ltr'>teliectu,</span> <span class='ocrx_word' id='word_1_273' title='bbox 2149 2097 2216 2150; x_wconf 89' lang='lat' dir='ltr'>ad</span> <span class='ocrx_word' id='word_1_274' title='bbox 2255 2095 2518 2150; x_wconf 89' lang='lat' dir='ltr'>divinum</span> <span class='ocrx_word' id='word_1_275' title='bbox 2570 2101 2987 2167; x_wconf 80' lang='lat' dir='ltr'>praeceptorem</span> <span class='ocrx_word' id='word_1_276' title='bbox 3038 2114 3210 2153; x_wconf 88' lang='lat' dir='ltr'>aures</span> <span class='ocrx_word' id='word_1_277' title='bbox 3260 2103 3391 2154; x_wconf 84' lang='lat' dir='ltr'>tuas</span> <span class='ocrx_word' id='word_1_278' title='bbox 3424 2099 3512 2155; x_wconf 91' lang='lat' dir='ltr'>in-</span> 
     </span>
    </p>
   </div>
   <div class='ocr_carea' id='block_1_51' title="bbox 1857 2183 3511 2258">
    <p class='ocr_par' dir='ltr' id='par_1_51' title="bbox 1857 2183 3511 2258">
     <span class='ocr_line' id='line_1_51' title="bbox 1857 2183 3511 2258; baseline 0.003 -20"><span class='ocrx_word' id='word_1_279' title='bbox 1857 2183 2121 2253; x_wconf 88' lang='lat' dir='ltr'>clinasti,</span> <span class='ocrx_word' id='word_1_280' title='bbox 2181 2201 2246 2238; x_wconf 89' lang='lat' dir='ltr'>ac</span> <span class='ocrx_word' id='word_1_281' title='bbox 2299 2183 2845 2254; x_wconf 87' lang='lat' dir='ltr'>supermundanam</span> <span class='ocrx_word' id='word_1_282' title='bbox 2905 2184 2978 2240; x_wconf 90' lang='lat' dir='ltr'>ab</span> <span class='ocrx_word' id='word_1_283' title='bbox 3032 2200 3098 2241; x_wconf 91' lang='lat' dir='ltr'>eo</span> <span class='ocrx_word' id='word_1_284' title='bbox 3158 2186 3511 2258; x_wconf 88' lang='lat' dir='ltr'>sapientiam</span> 
     </span>
    </p>
   </div>
   <div class='ocr_carea' id='block_1_52' title="bbox 1857 2271 2508 2343">
    <p class='ocr_par' dir='ltr' id='par_1_52' title="bbox 1857 2271 2508 2343">
     <span class='ocr_line' id='line_1_52' title="bbox 1857 2271 2508 2343; baseline -0.002 -17"><span class='ocrx_word' id='word_1_285' title='bbox 1857 2273 2098 2327; x_wconf 90' lang='lat' dir='ltr'>edoctus</span> <span class='ocrx_word' id='word_1_286' title='bbox 2131 2287 2214 2338; x_wconf 90' lang='lat' dir='ltr'>es,</span> <span class='ocrx_word' id='word_1_287' title='bbox 2247 2271 2508 2343; x_wconf 83' lang='lat' dir='ltr'>Dionysi.</span> 
     </span>
    </p>
   </div>
   <div class='ocr_carea' id='block_1_53' title="bbox 1928 2359 3512 2433">
    <p class='ocr_par' dir='ltr' id='par_1_53' title="bbox 1928 2359 3512 2433">
     <span class='ocr_line' id='line_1_53' title="bbox 1928 2359 3512 2433; baseline 0.004 -21"><span class='ocrx_word' id='word_1_288' title='bbox 1928 2359 2060 2414; x_wconf 89' lang='lat' dir='ltr'>Vita</span> <span class='ocrx_word' id='word_1_289' title='bbox 2088 2365 2189 2414; x_wconf 91' lang='lat' dir='ltr'>tua</span> <span class='ocrx_word' id='word_1_290' title='bbox 2215 2359 2604 2425; x_wconf 89' lang='lat' dir='ltr'>admirabilis,</span> <span class='ocrx_word' id='word_1_291' title='bbox 2629 2374 2824 2415; x_wconf 88' lang='lat' dir='ltr'>sermo</span> <span class='ocrx_word' id='word_1_292' title='bbox 2855 2360 3284 2431; x_wconf 89' lang='lat' dir='ltr'>admirabilior,</span> <span class='ocrx_word' id='word_1_293' title='bbox 3309 2361 3512 2433; x_wconf 83' lang='lat' dir='ltr'>lingua</span> 
     </span>
    </p>
   </div>
   <div class='ocr_carea' id='block_1_54' title="bbox 1858 2447 3511 2520">
    <p class='ocr_par' dir='ltr' id='par_1_54' title="bbox 1858 2447 3511 2520">
     <span class='ocr_line' id='line_1_54' title="bbox 1858 2447 3511 2520; baseline 0.002 -17"><span class='ocrx_word' id='word_1_294' title='bbox 1858 2451 1961 2503; x_wconf 89' lang='lat' dir='ltr'>tua</span> <span class='ocrx_word' id='word_1_295' title='bbox 1992 2448 2322 2520; x_wconf 90' lang='lat' dir='ltr'>spiendida,</span> <span class='ocrx_word' id='word_1_296' title='bbox 2355 2464 2420 2502; x_wconf 89' lang='lat' dir='ltr'>os</span> <span class='ocrx_word' id='word_1_297' title='bbox 2451 2453 2620 2502; x_wconf 90' lang='lat' dir='ltr'>tuum</span> <span class='ocrx_word' id='word_1_298' title='bbox 2655 2447 2849 2519; x_wconf 86' lang='lat' dir='ltr'>ignem</span> <span class='ocrx_word' id='word_1_299' title='bbox 2885 2447 3138 2520; x_wconf 87' lang='lat' dir='ltr'>spirans,</span> <span class='ocrx_word' id='word_1_300' title='bbox 3174 2449 3342 2505; x_wconf 86' lang='lat' dir='ltr'>beate</span> <span class='ocrx_word' id='word_1_301' title='bbox 3369 2450 3511 2506; x_wconf 92' lang='lat' dir='ltr'>Dio-</span> 
     </span>
    </p>
   </div>
   <div class='ocr_carea' id='block_1_55' title="bbox 1857 2536 3509 2610">
    <p class='ocr_par' dir='ltr' id='par_1_55' title="bbox 1857 2536 3509 2610">
     <span class='ocr_line' id='line_1_55' title="bbox 1857 2536 3509 2610; baseline 0.001 -18"><span class='ocrx_word' id='word_1_302' title='bbox 1857 2537 2009 2608; x_wconf 87' lang='lat' dir='ltr'>nysi,</span> <span class='ocrx_word' id='word_1_303' title='bbox 2043 2542 2144 2591; x_wconf 90' lang='lat' dir='ltr'>tua</span> <span class='ocrx_word' id='word_1_304' title='bbox 2177 2552 2305 2591; x_wconf 87' lang='lat' dir='ltr'>vero</span> <span class='ocrx_word' id='word_1_305' title='bbox 2357 2551 2542 2606; x_wconf 89' lang='lat' dir='ltr'>mens,</span> <span class='ocrx_word' id='word_1_306' title='bbox 2577 2536 2765 2606; x_wconf 89' lang='lat' dir='ltr'>Pater,</span> <span class='ocrx_word' id='word_1_307' title='bbox 2800 2553 3032 2593; x_wconf 88' lang='lat' dir='ltr'>summe</span> <span class='ocrx_word' id='word_1_308' title='bbox 3064 2537 3179 2594; x_wconf 89' lang='lat' dir='ltr'>Deo</span> <span class='ocrx_word' id='word_1_309' title='bbox 3218 2555 3396 2610; x_wconf 88' lang='lat' dir='ltr'>quam</span> <span class='ocrx_word' id='word_1_310' title='bbox 3429 2539 3509 2596; x_wconf 89' lang='lat' dir='ltr'>si-</span> 
     </span>
    </p>
   </div>
   <div class='ocr_carea' id='block_1_56' title="bbox 1861 2625 2133 2681">
    <p class='ocr_par' dir='ltr' id='par_1_56' title="bbox 1861 2625 2133 2681">
     <span class='ocr_line' id='line_1_56' title="bbox 1861 2625 2133 2681; baseline -0.004 0"><span class='ocrx_word' id='word_1_311' title='bbox 1861 2625 2133 2681; x_wconf 88' lang='lat' dir='ltr'>millima.</span> 
     </span>
    </p>
   </div>
   <div class='ocr_carea' id='block_1_57' title="bbox 2547 2733 2817 2790">
    <p class='ocr_par' dir='ltr' id='par_1_57' title="bbox 2547 2733 2817 2790">
     <span class='ocr_line' id='line_1_57' title="bbox 2547 2733 2817 2790; baseline 0 -2"><span class='ocrx_word' id='word_1_312' title='bbox 2547 2733 2630 2788; x_wconf 88' lang='lat' dir='ltr'>Ad</span> <span class='ocrx_word' id='word_1_313' title='bbox 2657 2734 2721 2788; x_wconf 90' lang='lat' dir='ltr'>B.</span> <span class='ocrx_word' id='word_1_314' title='bbox 2761 2735 2817 2790; x_wconf 84' lang='lat' dir='ltr'>V.</span> 
     </span>
    </p>
   </div>
   <div class='ocr_carea' id='block_1_58' title="bbox 1929 2835 3514 2907">
    <p class='ocr_par' dir='ltr' id='par_1_58' title="bbox 1929 2835 3514 2907">
     <span class='ocr_line' id='line_1_58' title="bbox 1929 2835 3514 2907; baseline 0.001 -15"><span class='ocrx_word' id='word_1_315' title='bbox 1929 2837 2014 2892; x_wconf 89' lang='lat' dir='ltr'>Ad</span> <span class='ocrx_word' id='word_1_316' title='bbox 2048 2841 2104 2892; x_wconf 92' lang='lat' dir='ltr'>te</span> <span class='ocrx_word' id='word_1_317' title='bbox 2134 2835 2423 2892; x_wconf 90' lang='lat' dir='ltr'>Gabrielis</span> <span class='ocrx_word' id='word_1_318' title='bbox 2470 2853 2692 2906; x_wconf 87' lang='lat' dir='ltr'>vocem,</span> <span class='ocrx_word' id='word_1_319' title='bbox 2725 2836 2851 2906; x_wconf 83' lang='lat' dir='ltr'>Ave,</span> <span class='ocrx_word' id='word_1_320' title='bbox 2898 2836 3012 2891; x_wconf 82' lang='lat' dir='ltr'>fide</span> <span class='ocrx_word' id='word_1_321' title='bbox 3063 2835 3411 2907; x_wconf 88' lang='lat' dir='ltr'>clamamus,</span> <span class='ocrx_word' id='word_1_322' title='bbox 3445 2853 3514 2894; x_wconf 85' lang='lat' dir='ltr'><strong>ex</strong></span> 
     </span>
    </p>
   </div>
   <div class='ocr_carea' id='block_1_59' title="bbox 1860 2925 3514 2998">
    <p class='ocr_par' dir='ltr' id='par_1_59' title="bbox 1860 2925 3514 2998">
     <span class='ocr_line' id='line_1_59' title="bbox 1860 2925 3514 2998; baseline 0.002 -18"><span class='ocrx_word' id='word_1_323' title='bbox 1860 2943 1978 2998; x_wconf 90' lang='lat' dir='ltr'>qua</span> <span class='ocrx_word' id='word_1_324' title='bbox 2015 2925 2186 2982; x_wconf 89' lang='lat' dir='ltr'>nobis</span> <span class='ocrx_word' id='word_1_325' title='bbox 2239 2926 2611 2982; x_wconf 79' lang='lat' dir='ltr'>ineii&#39;abiliter</span> <span class='ocrx_word' id='word_1_326' title='bbox 2640 2925 2738 2997; x_wconf 88' lang='lat' dir='ltr'>qui</span> <span class='ocrx_word' id='word_1_327' title='bbox 2770 2925 3260 2982; x_wconf 83' lang='lat' dir='ltr'>excellentissime</span> <span class='ocrx_word' id='word_1_328' title='bbox 3309 2933 3514 2984; x_wconf 88' lang='lat' dir='ltr'>auctor</span> 
     </span>
    </p>
   </div>
   <div class='ocr_carea' id='block_1_60' title="bbox 1859 3013 3512 3080">
    <p class='ocr_par' dir='ltr' id='par_1_60' title="bbox 1859 3013 3512 3080">
     <span class='ocr_line' id='line_1_60' title="bbox 1859 3013 3512 3080; baseline 0.002 -13"><span class='ocrx_word' id='word_1_329' title='bbox 1859 3018 1948 3068; x_wconf 88' lang='lat' dir='ltr'>est</span> <span class='ocrx_word' id='word_1_330' title='bbox 1977 3014 2130 3077; x_wconf 69' lang='lat' dir='ltr'>vitae,</span> <span class='ocrx_word' id='word_1_331' title='bbox 2165 3013 2248 3068; x_wconf 91' lang='lat' dir='ltr'>vir</span> <span class='ocrx_word' id='word_1_332' title='bbox 2276 3020 2450 3070; x_wconf 88' lang='lat' dir='ltr'>natus</span> <span class='ocrx_word' id='word_1_333' title='bbox 2479 3019 2589 3080; x_wconf 89' lang='lat' dir='ltr'>est,</span> <span class='ocrx_word' id='word_1_334' title='bbox 2623 3031 2690 3069; x_wconf 89' lang='lat' dir='ltr'>ac</span> <span class='ocrx_word' id='word_1_335' title='bbox 2723 3030 2854 3069; x_wconf 91' lang='lat' dir='ltr'>cum</span> <span class='ocrx_word' id='word_1_336' title='bbox 2889 3013 3232 3070; x_wconf 90' lang='lat' dir='ltr'>hominibus</span> <span class='ocrx_word' id='word_1_337' title='bbox 3266 3030 3512 3071; x_wconf 86' lang='lat' dir='ltr'>conver-</span> 
     </span>
    </p>
   </div>
   <div class='ocr_carea' id='block_1_61' title="bbox 1858 3102 2754 3157">
    <p class='ocr_par' dir='ltr' id='par_1_61' title="bbox 1858 3102 2754 3157">
     <span class='ocr_line' id='line_1_61' title="bbox 1858 3102 2754 3157; baseline -0.002 0"><span class='ocrx_word' id='word_1_338' title='bbox 1858 3109 2022 3157; x_wconf 86' lang='lat' dir='ltr'>satus</span> <span class='ocrx_word' id='word_1_339' title='bbox 2053 3102 2149 3156; x_wconf 91' lang='lat' dir='ltr'>ille</span> <span class='ocrx_word' id='word_1_340' title='bbox 2182 3102 2490 3157; x_wconf 89' lang='lat' dir='ltr'>hominum</span> <span class='ocrx_word' id='word_1_341' title='bbox 2525 3119 2754 3157; x_wconf 89' lang='lat' dir='ltr'>amans.</span> 
     </span>
    </p>
   </div>
   <div class='ocr_carea' id='block_1_62' title="bbox 178 3177 1752 3268">
    <p class='ocr_par' dir='ltr' id='par_1_62' title="bbox 178 3186 1743 3268">
     <span class='ocr_line' id='line_1_62' title="bbox 178 3186 1743 3268; baseline -0.001 -23"><span class='ocrx_word' id='word_1_342' title='bbox 178 3191 253 3252; x_wconf 83' lang='grc' dir='ltr'>Ὠς</span> <span class='ocrx_word' id='word_1_343' title='bbox 283 3188 501 3268; x_wconf 74' lang='grc' dir='ltr'>ὄμϐροσ</span> <span class='ocrx_word' id='word_1_344' title='bbox 529 3189 780 3268; x_wconf 77' lang='grc' dir='ltr'>οὐράνιος</span> <span class='ocrx_word' id='word_1_345' title='bbox 812 3189 863 3245; x_wconf 81' lang='grc' dir='ltr'>ἐν</span> <span class='ocrx_word' id='word_1_346' title='bbox 895 3193 964 3265; x_wconf 77' lang='grc' dir='ltr'>γῇ</span> <span class='ocrx_word' id='word_1_347' title='bbox 993 3187 1204 3264; x_wconf 82' lang='grc' dir='ltr'>διψώσῃ</span> <span class='ocrx_word' id='word_1_348' title='bbox 1228 3189 1295 3244; x_wconf 73' lang='grc' dir='ltr'>τὰ</span> <span class='ocrx_word' id='word_1_349' title='bbox 1324 3189 1390 3244; x_wconf 61' lang='lat' dir='ltr'>ai</span> <span class='ocrx_word' id='word_1_350' title='bbox 1437 3186 1743 3263; x_wconf 80' lang='grc' dir='ltr'>διδάγματα</span> 
     </span>
    </p>
   </div>
   <div class='ocr_carea' id='block_1_63' title="bbox 1917 3177 3516 3268">
    <p class='ocr_par' dir='ltr' id='par_1_63' title="bbox 1926 3190 3516 3247">
     <span class='ocr_line' id='line_1_63' title="bbox 1926 3190 3516 3247; baseline 0.002 -3"><span class='ocrx_word' id='word_1_351' title='bbox 1926 3190 2089 3246; x_wconf 84' lang='lat' dir='ltr'>Sicut</span> <span class='ocrx_word' id='word_1_352' title='bbox 2120 3191 2373 3246; x_wconf 75' lang='lat' dir='ltr'>cmlestis</span> <span class='ocrx_word' id='word_1_353' title='bbox 2422 3191 2610 3246; x_wconf 91' lang='lat' dir='ltr'>imber</span> <span class='ocrx_word' id='word_1_354' title='bbox 2651 3192 2710 3245; x_wconf 91' lang='lat' dir='ltr'>in</span> <span class='ocrx_word' id='word_1_355' title='bbox 2760 3190 2980 3246; x_wconf 89' lang='lat' dir='ltr'>sitienti</span> <span class='ocrx_word' id='word_1_356' title='bbox 3033 3197 3189 3246; x_wconf 91' lang='lat' dir='ltr'>terra</span> <span class='ocrx_word' id='word_1_357' title='bbox 3233 3191 3516 3247; x_wconf 68' lang='lat' dir='ltr'>doctrina)</span> 
     </span>
    </p>
   </div>
   <div class='ocr_carea' id='block_1_64' title="bbox 126 3277 1750 3355">
    <p class='ocr_par' dir='ltr' id='par_1_64' title="bbox 126 3277 1750 3355">
     <span class='ocr_line' id='line_1_64' title="bbox 126 3277 1750 3355; baseline 0.001 -25"><span class='ocrx_word' id='word_1_358' title='bbox 126 3281 208 3331; x_wconf 80' lang='grc' dir='ltr'>τῶν</span> <span class='ocrx_word' id='word_1_359' title='bbox 232 3285 426 3335; x_wconf 82' lang='grc' dir='ltr'>πιστῶν</span> <span class='ocrx_word' id='word_1_360' title='bbox 455 3281 558 3344; x_wconf 83' lang='grc' dir='ltr'>τὰς</span> <span class='ocrx_word' id='word_1_361' title='bbox 593 3277 819 3355; x_wconf 84' lang='grc' dir='ltr'>καρδίας</span> <span class='ocrx_word' id='word_1_362' title='bbox 863 3279 946 3334; x_wconf 77' lang='grc' dir='ltr'>ἀεὶ</span> <span class='ocrx_word' id='word_1_363' title='bbox 995 3278 1267 3342; x_wconf 82' lang='grc' dir='ltr'>ποθούσας</span> <span class='ocrx_word' id='word_1_364' title='bbox 1311 3277 1750 3345; x_wconf 88' lang='grc' dir='ltr'>καταπιαίνουσι,</span> 
     </span>
    </p>
   </div>
   <div class='ocr_carea' id='block_1_65' title="bbox 123 3365 1753 3442">
    <p class='ocr_par' dir='ltr' id='par_1_65' title="bbox 123 3365 1753 3442">
     <span class='ocr_line' id='line_1_65' title="bbox 123 3365 1753 3442; baseline 0.002 -25"><span class='ocrx_word' id='word_1_365' title='bbox 123 3366 194 3418; x_wconf 79' lang='grc' dir='ltr'>καὶ</span> <span class='ocrx_word' id='word_1_366' title='bbox 221 3368 517 3442; x_wconf 66' lang='grc' dir='ltr'>ἀκορεστως</span> <span class='ocrx_word' id='word_1_367' title='bbox 553 3369 682 3442; x_wconf 80' lang='grc' dir='ltr'>βοᾷν</span> <span class='ocrx_word' id='word_1_368' title='bbox 712 3365 1140 3423; x_wconf 70' lang='grc' dir='ltr'>ἱκδιδάσκουσιν·</span> <span class='ocrx_word' id='word_1_369' title='bbox 1187 3365 1506 3442; x_wconf 78' lang='grc' dir='ltr'>Εὐλογητὸς</span> <span class='ocrx_word' id='word_1_370' title='bbox 1538 3367 1565 3420; x_wconf 88' lang='grc' dir='ltr'>ὁ</span> <span class='ocrx_word' id='word_1_371' title='bbox 1615 3365 1753 3430; x_wconf 85' lang='grc' dir='ltr'>Θεὸς</span> 
     </span>
    </p>
   </div>
   <div class='ocr_carea' id='block_1_66' title="bbox 127 3454 752 3534">
    <p class='ocr_par' dir='ltr' id='par_1_66' title="bbox 127 3454 752 3534">
     <span class='ocr_line' id='line_1_66' title="bbox 127 3454 752 3534; baseline 0.01 -27"><span class='ocrx_word' id='word_1_372' title='bbox 127 3454 259 3510; x_wconf 80' lang='grc' dir='ltr'>ὁτῶν</span> <span class='ocrx_word' id='word_1_373' title='bbox 289 3456 536 3534; x_wconf 72' lang='grc' dir='ltr'>πατέρων</span> <span class='ocrx_word' id='word_1_374' title='bbox 570 3459 752 3528; x_wconf 76' lang='grc' dir='ltr'>ἡμῶν.</span> 
     </span>
    </p>
   </div>
   <div class='ocr_carea' id='block_1_67' title="bbox 183 3541 1749 3623">
    <p class='ocr_par' dir='ltr' id='par_1_67' title="bbox 183 3541 1749 3623">
     <span class='ocr_line' id='line_1_67' title="bbox 183 3541 1749 3623; baseline 0.001 -26"><span class='ocrx_word' id='word_1_375' title='bbox 183 3552 397 3620; x_wconf 81' lang='grc' dir='ltr'>Δοχεῖον</span> <span class='ocrx_word' id='word_1_376' title='bbox 426 3544 748 3618; x_wconf 84' lang='grc' dir='ltr'>Πνεύματος</span> <span class='ocrx_word' id='word_1_377' title='bbox 778 3548 874 3599; x_wconf 81' lang='grc' dir='ltr'>τοῦ</span> <span class='ocrx_word' id='word_1_378' title='bbox 901 3543 1164 3620; x_wconf 90' lang='grc' dir='ltr'>παναγίου</span> <span class='ocrx_word' id='word_1_379' title='bbox 1198 3541 1384 3623; x_wconf 80' lang='grc' dir='ltr'>ὤφθης</span> <span class='ocrx_word' id='word_1_380' title='bbox 1418 3542 1749 3617; x_wconf 80' lang='grc' dir='ltr'>ἐνάρμοστον</span> 
     </span>
    </p>
   </div>
   <div class='ocr_carea' id='block_1_68' title="bbox 123 3631 1754 3709">
    <p class='ocr_par' dir='ltr' id='par_1_68' title="bbox 123 3631 1754 3709">
     <span class='ocr_line' id='line_1_68' title="bbox 123 3631 1754 3709; baseline 0.001 -25"><span class='ocrx_word' id='word_1_381' title='bbox 123 3631 194 3685; x_wconf 76' lang='grc' dir='ltr'>καί</span> <span class='ocrx_word' id='word_1_382' title='bbox 222 3638 281 3709; x_wconf 80' lang='grc' dir='ltr'>τῇ</span> <span class='ocrx_word' id='word_1_383' title='bbox 310 3634 509 3690; x_wconf 87' lang='grc' dir='ltr'>τούτου</span> <span class='ocrx_word' id='word_1_384' title='bbox 539 3632 827 3708; x_wconf 77' lang='grc' dir='ltr'>ἐμπνεύσει</span> <span class='ocrx_word' id='word_1_385' title='bbox 855 3633 944 3688; x_wconf 85' lang='grc' dir='ltr'>καὶ</span> <span class='ocrx_word' id='word_1_386' title='bbox 968 3634 1266 3709; x_wconf 80' lang='grc' dir='ltr'>φανερώσει</span> <span class='ocrx_word' id='word_1_387' title='bbox 1288 3635 1754 3709; x_wconf 86' lang='grc' dir='ltr'>προφητικώτατα</span> 
     </span>
    </p>
   </div>
   <div class='ocr_carea' id='block_1_69' title="bbox 122 3715 1752 3799">
    <p class='ocr_par' dir='ltr' id='par_1_69' title="bbox 122 3715 1752 3799">
     <span class='ocr_line' id='line_1_69' title="bbox 122 3715 1752 3799; baseline 0.001 -27"><span class='ocrx_word' id='word_1_388' title='bbox 122 3724 502 3798; x_wconf 74' lang='grc' dir='ltr'>προαγορεύων,</span> <span class='ocrx_word' id='word_1_389' title='bbox 548 3723 680 3799; x_wconf 75' lang='grc' dir='ltr'>σοφὲ</span> <span class='ocrx_word' id='word_1_390' title='bbox 727 3723 992 3791; x_wconf 75' lang='grc' dir='ltr'>Διονύσιε,</span> <span class='ocrx_word' id='word_1_391' title='bbox 1053 3721 1393 3796; x_wconf 81' lang='grc' dir='ltr'>Εὐλογητὸς,</span> <span class='ocrx_word' id='word_1_392' title='bbox 1453 3715 1678 3793; x_wconf 66' lang='grc' dir='ltr'>ἐκϐοῶν,</span> <span class='ocrx_word' id='word_1_393' title='bbox 1724 3721 1752 3774; x_wconf 89' lang='grc' dir='ltr'>ὁ</span> 
     </span>
    </p>
   </div>
   <div class='ocr_carea' id='block_1_70' title="bbox 123 3812 673 3890">
    <p class='ocr_par' dir='ltr' id='par_1_70' title="bbox 123 3812 673 3890">
     <span class='ocr_line' id='line_1_70' title="bbox 123 3812 673 3890; baseline 0.011 -28"><span class='ocrx_word' id='word_1_394' title='bbox 123 3813 210 3864; x_wconf 86' lang='grc' dir='ltr'>τῶν</span> <span class='ocrx_word' id='word_1_395' title='bbox 239 3814 485 3890; x_wconf 69' lang='grc' dir='ltr'>πατέρων</span> <span class='ocrx_word' id='word_1_396' title='bbox 521 3812 673 3874; x_wconf 88' lang='grc' dir='ltr'>Θεός.</span> 
     </span>
    </p>
   </div>
   <div class='ocr_carea' id='block_1_71' title="bbox 869 4012 990 4070">
    <p class='ocr_par' dir='ltr' id='par_1_71' title="bbox 869 4012 990 4070">
     <span class='ocr_line' id='line_1_71' title="bbox 869 4012 990 4070; baseline -0.008 -8"><span class='ocrx_word' id='word_1_397' title='bbox 869 4012 990 4070; x_wconf 85' lang='grc' dir='ltr'>θόκ.</span> 
     </span>
    </p>
   </div>
   <div class='ocr_carea' id='block_1_72' title="bbox 177 4109 1757 4187">
    <p class='ocr_par' dir='ltr' id='par_1_72' title="bbox 177 4109 1757 4187">
     <span class='ocr_line' id='line_1_72' title="bbox 177 4109 1757 4187; baseline -0.003 -17"><span class='ocrx_word' id='word_1_398' title='bbox 177 4112 309 4170; x_wconf 76' lang='grc' dir='ltr'>Ἰδοὺ</span> <span class='ocrx_word' id='word_1_399' title='bbox 366 4113 458 4170; x_wconf 73' lang='grc' dir='ltr'>νῦν</span> <span class='ocrx_word' id='word_1_400' title='bbox 511 4110 872 4186; x_wconf 77' lang='grc' dir='ltr'>πεπλήρωται</span> <span class='ocrx_word' id='word_1_401' title='bbox 922 4115 1018 4166; x_wconf 84' lang='grc' dir='ltr'>τοῦ</span> <span class='ocrx_word' id='word_1_402' title='bbox 1058 4109 1280 4168; x_wconf 70' lang='grc' dir='ltr'>Ἠσαίου</span> <span class='ocrx_word' id='word_1_403' title='bbox 1333 4114 1367 4181; x_wconf 79' lang='grc' dir='ltr'>ἡ</span> <span class='ocrx_word' id='word_1_404' title='bbox 1423 4111 1757 4187; x_wconf 87' lang='grc' dir='ltr'>προαγόρευ-</span> 
     </span>
    </p>
   </div>
   <div class='ocr_carea' id='block_1_73' title="bbox 127 4197 1756 4278">
    <p class='ocr_par' dir='ltr' id='par_1_73' title="bbox 127 4197 1756 4278">
     <span class='ocr_line' id='line_1_73' title="bbox 127 4197 1756 4278; baseline 0.001 -24"><span class='ocrx_word' id='word_1_405' title='bbox 127 4221 214 4264; x_wconf 78' lang='grc' dir='ltr'>σιςο</span> <span class='ocrx_word' id='word_1_406' title='bbox 266 4202 316 4259; x_wconf 62' lang='grc' dir='ltr'>ἂν</span> <span class='ocrx_word' id='word_1_407' title='bbox 365 4203 562 4278; x_wconf 86' lang='grc' dir='ltr'>γαστρί</span> <span class='ocrx_word' id='word_1_408' title='bbox 622 4221 740 4268; x_wconf 89' lang='grc' dir='ltr'>σου,</span> <span class='ocrx_word' id='word_1_409' title='bbox 789 4200 1046 4276; x_wconf 82' lang='grc' dir='ltr'>Παρθὲνε,</span> <span class='ocrx_word' id='word_1_410' title='bbox 1102 4201 1196 4255; x_wconf 91' lang='grc' dir='ltr'>τὸν</span> <span class='ocrx_word' id='word_1_411' title='bbox 1252 4200 1433 4276; x_wconf 80' lang='grc' dir='ltr'>Λόγον</span> <span class='ocrx_word' id='word_1_412' title='bbox 1469 4197 1626 4274; x_wconf 80' lang='grc' dir='ltr'>ἔσχες</span> <span class='ocrx_word' id='word_1_413' title='bbox 1665 4201 1756 4256; x_wconf 85' lang='grc' dir='ltr'>καὶ</span> 
     </span>
    </p>
   </div>
   <div class='ocr_carea' id='block_1_74' title="bbox 123 4285 1751 4365">
    <p class='ocr_par' dir='ltr' id='par_1_74' title="bbox 123 4285 1751 4365">
     <span class='ocr_line' id='line_1_74' title="bbox 123 4285 1751 4365; baseline 0.001 -23"><span class='ocrx_word' id='word_1_414' title='bbox 123 4288 409 4362; x_wconf 79' lang='grc' dir='ltr'>ἆπεκύησας</span> <span class='ocrx_word' id='word_1_415' title='bbox 465 4292 562 4346; x_wconf 89' lang='grc' dir='ltr'>τὸν</span> <span class='ocrx_word' id='word_1_416' title='bbox 622 4285 922 4358; x_wconf 83' lang='grc' dir='ltr'>ζωοδότην,</span> <span class='ocrx_word' id='word_1_417' title='bbox 981 4289 1028 4360; x_wconf 83' lang='grc' dir='ltr'>ᾧ</span> <span class='ocrx_word' id='word_1_418' title='bbox 1083 4289 1278 4351; x_wconf 87' lang='grc' dir='ltr'>πάντες</span> <span class='ocrx_word' id='word_1_419' title='bbox 1332 4291 1751 4365; x_wconf 73' lang='grc' dir='ltr'>κραυγάζομενο</span> 
     </span>
    </p>
   </div>
   <div class='ocr_carea' id='block_1_75' title="bbox 119 4377 662 4456">
    <p class='ocr_par' dir='ltr' id='par_1_75' title="bbox 119 4377 662 4456">
     <span class='ocr_line' id='line_1_75' title="bbox 119 4377 662 4456; baseline 0.002 -23"><span class='ocrx_word' id='word_1_420' title='bbox 119 4377 416 4456; x_wconf 77' lang='grc' dir='ltr'>Εὐλογητὸς</span> <span class='ocrx_word' id='word_1_421' title='bbox 447 4382 476 4435; x_wconf 80' lang='grc' dir='ltr'>ὁ</span> <span class='ocrx_word' id='word_1_422' title='bbox 511 4378 662 4441; x_wconf 87' lang='grc' dir='ltr'>Θεός.</span> 
     </span>
    </p>
   </div>
   <div class='ocr_carea' id='block_1_76' title="bbox 179 4464 1756 4546">
    <p class='ocr_par' dir='ltr' id='par_1_76' title="bbox 179 4464 1756 4546">
     <span class='ocr_line' id='line_1_76' title="bbox 179 4464 1756 4546; baseline 0 -24"><span class='ocrx_word' id='word_1_423' title='bbox 179 4471 432 4546; x_wconf 74' lang='grc' dir='ltr'>Διαφανὲς</span> <span class='ocrx_word' id='word_1_424' title='bbox 486 4469 560 4530; x_wconf 86' lang='grc' dir='ltr'>ὡς</span> <span class='ocrx_word' id='word_1_425' title='bbox 610 4464 872 4542; x_wconf 81' lang='grc' dir='ltr'>ἔσοπτρον</span> <span class='ocrx_word' id='word_1_426' title='bbox 923 4467 1186 4543; x_wconf 86' lang='grc' dir='ltr'>γεγονὼς,</span> <span class='ocrx_word' id='word_1_427' title='bbox 1222 4466 1487 4540; x_wconf 79' lang='grc' dir='ltr'>Διονύσιε,</span> <span class='ocrx_word' id='word_1_428' title='bbox 1517 4467 1608 4522; x_wconf 88' lang='grc' dir='ltr'>καὶ</span> <span class='ocrx_word' id='word_1_429' title='bbox 1639 4487 1756 4542; x_wconf 87' lang='grc' dir='ltr'>χω-</span> 
     </span>
    </p>
   </div>
   <div class='ocr_carea' id='block_1_77' title="bbox 121 4549 1837 4633">
    <p class='ocr_par' dir='ltr' id='par_1_77' title="bbox 121 4549 1837 4633">
     <span class='ocr_line' id='line_1_77' title="bbox 121 4549 1837 4633; baseline 0.001 -21"><span class='ocrx_word' id='word_1_430' title='bbox 121 4559 322 4627; x_wconf 81' lang='grc' dir='ltr'>ρητικὸν</span> <span class='ocrx_word' id='word_1_431' title='bbox 364 4564 475 4614; x_wconf 90' lang='grc' dir='ltr'>τῶν</span> <span class='ocrx_word' id='word_1_432' title='bbox 528 4562 778 4633; x_wconf 78' lang='grc' dir='ltr'>καθαρῶν</span> <span class='ocrx_word' id='word_1_433' title='bbox 821 4555 1108 4633; x_wconf 73' lang='grc' dir='ltr'>ἐμφάσεων</span> <span class='ocrx_word' id='word_1_434' title='bbox 1159 4556 1253 4611; x_wconf 92' lang='grc' dir='ltr'>τὸν</span> <span class='ocrx_word' id='word_1_435' title='bbox 1287 4561 1410 4611; x_wconf 79' lang='grc' dir='ltr'>νοῦν</span> <span class='ocrx_word' id='word_1_436' title='bbox 1462 4555 1756 4632; x_wconf 78' lang='grc' dir='ltr'>ἐργασάμε-</span> <span class='ocrx_word' id='word_1_437' title='bbox 1790 4549 1837 4613; x_wconf 86' lang='lat' dir='ltr'>D</span> 
     </span>
    </p>
   </div>
   <div class='ocr_carea' id='block_1_78' title="bbox 119 4642 1760 4724">
    <p class='ocr_par' dir='ltr' id='par_1_78' title="bbox 119 4642 1760 4724">
     <span class='ocr_line' id='line_1_78' title="bbox 119 4642 1760 4724; baseline 0.002 -25"><span class='ocrx_word' id='word_1_438' title='bbox 119 4667 196 4709; x_wconf 84' lang='grc' dir='ltr'>νος</span> <span class='ocrx_word' id='word_1_439' title='bbox 227 4646 295 4704; x_wconf 82' lang='grc' dir='ltr'>δι’</span> <span class='ocrx_word' id='word_1_440' title='bbox 340 4649 566 4724; x_wconf 80' lang='grc' dir='ltr'>ἀρετῆς,</span> <span class='ocrx_word' id='word_1_441' title='bbox 593 4642 883 4716; x_wconf 82' lang='grc' dir='ltr'>πανόλϐιε,</span> <span class='ocrx_word' id='word_1_442' title='bbox 931 4648 1026 4708; x_wconf 72' lang='grc' dir='ltr'>τὰς</span> <span class='ocrx_word' id='word_1_443' title='bbox 1078 4646 1440 4722; x_wconf 73' lang='grc' dir='ltr'>μαρμαρυγὰς</span> <span class='ocrx_word' id='word_1_444' title='bbox 1467 4652 1577 4702; x_wconf 88' lang='grc' dir='ltr'>τῶν</span> <span class='ocrx_word' id='word_1_445' title='bbox 1629 4648 1760 4722; x_wconf 80' lang='grc' dir='ltr'>ὑπὲρ</span> 
     </span>
    </p>
   </div>
   <div class='ocr_carea' id='block_1_79' title="bbox 121 4729 1761 4811">
    <p class='ocr_par' dir='ltr' id='par_1_79' title="bbox 121 4729 1761 4811">
     <span class='ocr_line' id='line_1_79' title="bbox 121 4729 1761 4811; baseline 0.002 -25"><span class='ocrx_word' id='word_1_446' title='bbox 121 4740 228 4790; x_wconf 73' lang='grc' dir='ltr'>νοῦν</span> <span class='ocrx_word' id='word_1_447' title='bbox 285 4735 662 4811; x_wconf 85' lang='grc' dir='ltr'>λαμπηδόνων</span> <span class='ocrx_word' id='word_1_448' title='bbox 711 4733 1049 4810; x_wconf 84' lang='grc' dir='ltr'>δεχόμενος,</span> <span class='ocrx_word' id='word_1_449' title='bbox 1110 4729 1303 4797; x_wconf 80' lang='grc' dir='ltr'>ἐϐόας·</span> <span class='ocrx_word' id='word_1_450' title='bbox 1361 4738 1542 4810; x_wconf 88' lang='grc' dir='ltr'>Ἱερεῖς</span> <span class='ocrx_word' id='word_1_451' title='bbox 1602 4735 1761 4790; x_wconf 85' lang='grc' dir='ltr'>εὐλο-</span> 
     </span>
    </p>
   </div>
   <div class='ocr_carea' id='block_1_80' title="bbox 123 4843 271 4896">
    <p class='ocr_par' dir='ltr' id='par_1_80' title="bbox 123 4843 271 4896">
     <span class='ocr_line' id='line_1_80' title="bbox 123 4843 271 4896; baseline 0.02 -18"><span class='ocrx_word' id='word_1_452' title='bbox 123 4843 172 4896; x_wconf 77' lang='grc' dir='ltr'>γε</span> <span class='ocrx_word' id='word_1_453' title='bbox 184 4846 271 4881; x_wconf 84' lang='grc' dir='ltr'>ιτε.</span> 
     </span>
    </p>
   </div>
   <div class='ocr_carea' id='block_1_81' title="bbox 183 4911 1760 4992">
    <p class='ocr_par' dir='ltr' id='par_1_81' title="bbox 183 4911 1760 4992">
     <span class='ocr_line' id='line_1_81' title="bbox 183 4911 1760 4992; baseline -0.003 -22"><span class='ocrx_word' id='word_1_454' title='bbox 183 4915 559 4992; x_wconf 77' lang='grc' dir='ltr'>Ἀφθονωτὲρα</span> <span class='ocrx_word' id='word_1_455' title='bbox 635 4916 799 4990; x_wconf 81' lang='grc' dir='ltr'>χάρις</span> <span class='ocrx_word' id='word_1_456' title='bbox 875 4933 970 4967; x_wconf 90' lang='grc' dir='ltr'>σου</span> <span class='ocrx_word' id='word_1_457' title='bbox 1038 4911 1265 4988; x_wconf 77' lang='grc' dir='ltr'>ἐξεχύθη</span> <span class='ocrx_word' id='word_1_458' title='bbox 1321 4916 1440 4974; x_wconf 86' lang='grc' dir='ltr'>τοῖς</span> <span class='ocrx_word' id='word_1_459' title='bbox 1497 4913 1760 4989; x_wconf 78' lang='grc' dir='ltr'>χείλεσιν·</span> 
     </span>
    </p>
   </div>
   <div class='ocr_carea' id='block_1_82' title="bbox 122 4999 1759 5077">
    <p class='ocr_par' dir='ltr' id='par_1_82' title="bbox 122 4999 1759 5077">
     <span class='ocr_line' id='line_1_82' title="bbox 122 4999 1759 5077; baseline 0.001 -22"><span class='ocrx_word' id='word_1_460' title='bbox 122 5001 228 5065; x_wconf 66' lang='grc' dir='ltr'>ὅθεν</span> <span class='ocrx_word' id='word_1_461' title='bbox 289 5004 385 5066; x_wconf 78' lang='grc' dir='ltr'>τὰς</span> <span class='ocrx_word' id='word_1_462' title='bbox 455 5003 668 5064; x_wconf 70' lang='grc' dir='ltr'>ἐνθέους</span> <span class='ocrx_word' id='word_1_463' title='bbox 730 4999 956 5077; x_wconf 82' lang='grc' dir='ltr'>διδαχὰς</span> <span class='ocrx_word' id='word_1_464' title='bbox 1014 5003 1344 5074; x_wconf 71' lang='grc' dir='ltr'>παρέθηκας,</span> <span class='ocrx_word' id='word_1_465' title='bbox 1398 5003 1497 5070; x_wconf 80' lang='grc' dir='ltr'>τὴν</span> <span class='ocrx_word' id='word_1_466' title='bbox 1554 5002 1759 5057; x_wconf 88' lang='grc' dir='ltr'>τούτων</span> 
     </span>
    </p>
   </div>
   <div class='ocr_carea' id='block_1_83' title="bbox 125 5086 1759 5168">
    <p class='ocr_par' dir='ltr' id='par_1_83' title="bbox 125 5086 1759 5168">
     <span class='ocr_line' id='line_1_83' title="bbox 125 5086 1759 5168; baseline 0.002 -27"><span class='ocrx_word' id='word_1_467' title='bbox 125 5086 344 5146; x_wconf 68' lang='grc' dir='ltr'>διάνοιαν</span> <span class='ocrx_word' id='word_1_468' title='bbox 412 5094 700 5168; x_wconf 78' lang='grc' dir='ltr'>ὑπερφυῶς</span> <span class='ocrx_word' id='word_1_469' title='bbox 731 5093 868 5160; x_wconf 77' lang='grc' dir='ltr'>ἡμῖν</span> <span class='ocrx_word' id='word_1_470' title='bbox 894 5088 1163 5161; x_wconf 80' lang='grc' dir='ltr'>ἐξαπλῶν,</span> <span class='ocrx_word' id='word_1_471' title='bbox 1196 5091 1285 5144; x_wconf 85' lang='grc' dir='ltr'>καὶ</span> <span class='ocrx_word' id='word_1_472' title='bbox 1320 5088 1642 5164; x_wconf 86' lang='grc' dir='ltr'>διατρανῶν,</span> <span class='ocrx_word' id='word_1_473' title='bbox 1672 5092 1759 5145; x_wconf 83' lang='grc' dir='ltr'>καὶ</span> 
     </span>
    </p>
   </div>
   <div class='ocr_carea' id='block_1_84' title="bbox 121 5177 1764 5255">
    <p class='ocr_par' dir='ltr' id='par_1_84' title="bbox 121 5177 1764 5255">
     <span class='ocr_line' id='line_1_84' title="bbox 121 5177 1764 5255; baseline 0.001 -22"><span class='ocrx_word' id='word_1_474' title='bbox 121 5178 395 5254; x_wconf 82' lang='grc' dir='ltr'>τηλαυγῶς</span> <span class='ocrx_word' id='word_1_475' title='bbox 424 5179 774 5236; x_wconf 83' lang='grc' dir='ltr'>ἀναπτύσσων</span> <span class='ocrx_word' id='word_1_476' title='bbox 806 5185 920 5242; x_wconf 84' lang='grc' dir='ltr'>τοῖς</span> <span class='ocrx_word' id='word_1_477' title='bbox 952 5179 1128 5235; x_wconf 91' lang='grc' dir='ltr'>πίστει</span> <span class='ocrx_word' id='word_1_478' title='bbox 1161 5177 1527 5253; x_wconf 78' lang='grc' dir='ltr'>μελῳδοῦσιν·</span> <span class='ocrx_word' id='word_1_479' title='bbox 1561 5180 1764 5255; x_wconf 84' lang='grc' dir='ltr'>Ἰερεῖς,</span> 
     </span>
    </p>
   </div>
   <div class='ocr_carea' id='block_1_85' title="bbox 125 5267 416 5342">
    <p class='ocr_par' dir='ltr' id='par_1_85' title="bbox 125 5267 416 5342">
     <span class='ocr_line' id='line_1_85' title="bbox 125 5267 416 5342; baseline 0.017 -23"><span class='ocrx_word' id='word_1_480' title='bbox 125 5267 416 5342; x_wconf 79' lang='grc' dir='ltr'>εὐλογεῖτε.</span> 
     </span>
    </p>
   </div>
   <div class='ocr_carea' id='block_1_86' title="bbox 184 5354 1769 5432">
    <p class='ocr_par' dir='ltr' id='par_1_86' title="bbox 184 5354 1769 5432">
     <span class='ocr_line' id='line_1_86' title="bbox 184 5354 1769 5432; baseline 0 -22"><span class='ocrx_word' id='word_1_481' title='bbox 184 5357 582 5432; x_wconf 81' lang='grc' dir='ltr'>Γνωριμωτὲρα</span> <span class='ocrx_word' id='word_1_482' title='bbox 645 5358 840 5432; x_wconf 72' lang='grc' dir='ltr'>γέγονε</span> <span class='ocrx_word' id='word_1_483' title='bbox 906 5354 994 5411; x_wconf 70' lang='grc' dir='ltr'>διὰ</span> <span class='ocrx_word' id='word_1_484' title='bbox 1070 5360 1188 5424; x_wconf 71' lang='grc' dir='ltr'>σοῦ,</span> <span class='ocrx_word' id='word_1_485' title='bbox 1252 5357 1516 5427; x_wconf 83' lang='grc' dir='ltr'>Διονύσιε,</span> <span class='ocrx_word' id='word_1_486' title='bbox 1576 5357 1612 5425; x_wconf 75' lang='grc' dir='ltr'><strong>ἡ</strong></span> <span class='ocrx_word' id='word_1_487' title='bbox 1659 5360 1769 5411; x_wconf 90' lang='grc' dir='ltr'>τῶν</span> 
     </span>
    </p>
   </div>
   <div class='ocr_carea' id='block_1_87' title="bbox 123 5444 1769 5522">
    <p class='ocr_par' dir='ltr' id='par_1_87' title="bbox 123 5444 1769 5522">
     <span class='ocr_line' id='line_1_87' title="bbox 123 5444 1769 5522; baseline -0.001 -21"><span class='ocrx_word' id='word_1_488' title='bbox 123 5445 416 5515; x_wconf 80' lang='grc' dir='ltr'>Ἀθηναίων</span> <span class='ocrx_word' id='word_1_489' title='bbox 450 5444 676 5515; x_wconf 78' lang='grc' dir='ltr'>εὐκλεὴς</span> <span class='ocrx_word' id='word_1_490' title='bbox 712 5446 1082 5522; x_wconf 88' lang='grc' dir='ltr'>μητρόπολις,</span> <span class='ocrx_word' id='word_1_491' title='bbox 1116 5451 1332 5518; x_wconf 81' lang='grc' dir='ltr'>Χριστῷ</span> <span class='ocrx_word' id='word_1_492' title='bbox 1370 5447 1769 5522; x_wconf 70' lang='grc' dir='ltr'>προσενέγκασα</span> 
     </span>
    </p>
   </div>
   <div class='ocr_carea' id='block_1_88' title="bbox 120 5531 1767 5612">
    <p class='ocr_par' dir='ltr' id='par_1_88' title="bbox 120 5531 1767 5612">
     <span class='ocr_line' id='line_1_88' title="bbox 120 5531 1767 5612; baseline 0.004 -26"><span class='ocrx_word' id='word_1_493' title='bbox 120 5533 199 5588; x_wconf 81' lang='grc' dir='ltr'>καὶ</span> <span class='ocrx_word' id='word_1_494' title='bbox 227 5535 486 5611; x_wconf 79' lang='grc' dir='ltr'>ἄπαρχον</span> <span class='ocrx_word' id='word_1_495' title='bbox 515 5537 769 5612; x_wconf 79' lang='grc' dir='ltr'>πανίερον</span> <span class='ocrx_word' id='word_1_496' title='bbox 794 5540 874 5608; x_wconf 81' lang='grc' dir='ltr'>τῷ</span> <span class='ocrx_word' id='word_1_497' title='bbox 903 5531 1246 5610; x_wconf 85' lang='grc' dir='ltr'>παμϐασιλεῖ</span> <span class='ocrx_word' id='word_1_498' title='bbox 1285 5533 1550 5605; x_wconf 86' lang='grc' dir='ltr'>διηνεκῶς</span> <span class='ocrx_word' id='word_1_499' title='bbox 1585 5534 1767 5610; x_wconf 83' lang='grc' dir='ltr'>μελῳ-</span> 
     </span>
    </p>
   </div>
   <div class='ocr_carea' id='block_1_89' title="bbox 125 5617 983 5702">
    <p class='ocr_par' dir='ltr' id='par_1_89' title="bbox 125 5617 983 5702">
     <span class='ocr_line' id='line_1_89' title="bbox 125 5617 983 5702; baseline 0.008 -26"><span class='ocrx_word' id='word_1_500' title='bbox 125 5617 306 5683; x_wconf 73' lang='grc' dir='ltr'>δοῦσα.</span> <span class='ocrx_word' id='word_1_501' title='bbox 339 5625 415 5682; x_wconf 79' lang='grc' dir='ltr'>Οἱ</span> <span class='ocrx_word' id='word_1_502' title='bbox 443 5621 652 5697; x_wconf 85' lang='grc' dir='ltr'>παῖδες,</span> <span class='ocrx_word' id='word_1_503' title='bbox 684 5624 983 5702; x_wconf 75' lang='grc' dir='ltr'>εὐλογεῖτε.</span> 
     </span>
    </p>
   </div>
   <div class='ocr_carea' id='block_1_90' title="bbox 1857 3278 3515 3351">
    <p class='ocr_par' dir='ltr' id='par_1_90' title="bbox 1857 3278 3515 3351">
     <span class='ocr_line' id='line_1_90' title="bbox 1857 3278 3515 3351; baseline 0.002 -18"><span class='ocrx_word' id='word_1_504' title='bbox 1857 3283 1970 3333; x_wconf 71' lang='lat' dir='ltr'>tuas</span> <span class='ocrx_word' id='word_1_505' title='bbox 2007 3278 2266 3334; x_wconf 83' lang='lat' dir='ltr'>ﬁdelium</span> <span class='ocrx_word' id='word_1_506' title='bbox 2309 3281 2485 3334; x_wconf 90' lang='lat' dir='ltr'>corda</span> <span class='ocrx_word' id='word_1_507' title='bbox 2533 3296 2765 3351; x_wconf 89' lang='lat' dir='ltr'>semper</span> <span class='ocrx_word' id='word_1_508' title='bbox 2811 3280 2982 3334; x_wconf 89' lang='lat' dir='ltr'>avida</span> <span class='ocrx_word' id='word_1_509' title='bbox 3027 3279 3421 3351; x_wconf 91' lang='lat' dir='ltr'>impinguanl,</span> <span class='ocrx_word' id='word_1_510' title='bbox 3457 3285 3515 3336; x_wconf 90' lang='lat' dir='ltr'>et</span> 
     </span>
    </p>
   </div>
   <div class='ocr_carea' id='block_1_91' title="bbox 1861 3367 3517 3425">
    <p class='ocr_par' dir='ltr' id='par_1_91' title="bbox 1861 3367 3517 3425">
     <span class='ocr_line' id='line_1_91' title="bbox 1861 3367 3517 3425; baseline 0.002 -3"><span class='ocrx_word' id='word_1_511' title='bbox 1861 3368 2071 3423; x_wconf 89' lang='lat' dir='ltr'>docent</span> <span class='ocrx_word' id='word_1_512' title='bbox 2127 3368 2543 3424; x_wconf 88' lang='lat' dir='ltr'>insatiabiliter</span> <span class='ocrx_word' id='word_1_513' title='bbox 2597 3367 2851 3424; x_wconf 90' lang='lat' dir='ltr'>clamare</span> <span class='ocrx_word' id='word_1_514' title='bbox 2899 3385 2912 3423; x_wconf 87' lang='lat'><strong>:</strong></span> <span class='ocrx_word' id='word_1_515' title='bbox 2955 3369 3305 3423; x_wconf 90' lang='lat' dir='ltr'>Benedictus</span> <span class='ocrx_word' id='word_1_516' title='bbox 3361 3369 3517 3425; x_wconf 84' lang='lat' dir='ltr'>Deus</span> 
     </span>
    </p>
   </div>
   <div class='ocr_carea' id='block_1_92' title="bbox 1861 3462 2491 3527">
    <p class='ocr_par' dir='ltr' id='par_1_92' title="bbox 1861 3462 2491 3527">
     <span class='ocr_line' id='line_1_92' title="bbox 1861 3462 2491 3527; baseline 0.002 -17"><span class='ocrx_word' id='word_1_517' title='bbox 1861 3462 2100 3527; x_wconf 90' lang='lat' dir='ltr'>patrum</span> <span class='ocrx_word' id='word_1_518' title='bbox 2132 3462 2491 3512; x_wconf 88' lang='lat' dir='ltr'>nostrorum.</span> 
     </span>
    </p>
   </div>
   <div class='ocr_carea' id='block_1_93' title="bbox 1932 3542 3520 3615">
    <p class='ocr_par' dir='ltr' id='par_1_93' title="bbox 1932 3542 3520 3615">
     <span class='ocr_line' id='line_1_93' title="bbox 1932 3542 3520 3615; baseline 0.002 -16"><span class='ocrx_word' id='word_1_519' title='bbox 1932 3544 2296 3600; x_wconf 87' lang='lat' dir='ltr'>Concinnum</span> <span class='ocrx_word' id='word_1_520' title='bbox 2345 3544 2600 3615; x_wconf 87' lang='lat' dir='ltr'>Spiritus</span> <span class='ocrx_word' id='word_1_521' title='bbox 2654 3543 2842 3599; x_wconf 88' lang='lat' dir='ltr'>sancti</span> <span class='ocrx_word' id='word_1_522' title='bbox 2901 3542 3307 3599; x_wconf 89' lang='lat' dir='ltr'>habitaculum</span> <span class='ocrx_word' id='word_1_523' title='bbox 3357 3545 3520 3602; x_wconf 90' lang='lat' dir='ltr'>visus</span> 
     </span>
    </p>
   </div>
   <div class='ocr_carea' id='block_1_94' title="bbox 1863 3629 3520 3706">
    <p class='ocr_par' dir='ltr' id='par_1_94' title="bbox 1863 3629 3520 3706">
     <span class='ocr_line' id='line_1_94' title="bbox 1863 3629 3520 3706; baseline 0.003 -20"><span class='ocrx_word' id='word_1_524' title='bbox 1863 3648 1947 3696; x_wconf 90' lang='lat' dir='ltr'>es,</span> <span class='ocrx_word' id='word_1_525' title='bbox 1972 3636 2148 3704; x_wconf 86' lang='lat' dir='ltr'>atque</span> <span class='ocrx_word' id='word_1_526' title='bbox 2180 3632 2357 3703; x_wconf 86' lang='lat' dir='ltr'>hujus</span> <span class='ocrx_word' id='word_1_527' title='bbox 2380 3631 2764 3702; x_wconf 87' lang='lat' dir='ltr'>inspiratione</span> <span class='ocrx_word' id='word_1_528' title='bbox 2786 3647 2852 3686; x_wconf 93' lang='lat' dir='ltr'>ac</span> <span class='ocrx_word' id='word_1_529' title='bbox 2876 3629 3272 3688; x_wconf 86' lang='lat' dir='ltr'>declaratione</span> <span class='ocrx_word' id='word_1_530' title='bbox 3298 3650 3368 3689; x_wconf 89' lang='lat' dir='ltr'>ea</span> <span class='ocrx_word' id='word_1_531' title='bbox 3389 3651 3520 3706; x_wconf 73' lang='lat' dir='ltr'>quae</span> 
     </span>
    </p>
   </div>
   <div class='ocr_carea' id='block_1_95' title="bbox 1864 3720 3514 3793">
    <p class='ocr_par' dir='ltr' id='par_1_95' title="bbox 1864 3720 3514 3793">
     <span class='ocr_line' id='line_1_95' title="bbox 1864 3720 3514 3793; baseline 0.003 -19"><span class='ocrx_word' id='word_1_532' title='bbox 1864 3721 2165 3793; x_wconf 87' lang='lat' dir='ltr'>prOphetis</span> <span class='ocrx_word' id='word_1_533' title='bbox 2198 3721 2434 3792; x_wconf 91' lang='lat' dir='ltr'>propria</span> <span class='ocrx_word' id='word_1_534' title='bbox 2480 3725 2639 3790; x_wconf 91' lang='lat' dir='ltr'>sunt,</span> <span class='ocrx_word' id='word_1_535' title='bbox 2673 3737 2851 3792; x_wconf 92' lang='lat' dir='ltr'>quam</span> <span class='ocrx_word' id='word_1_536' title='bbox 2886 3720 3138 3776; x_wconf 83' lang='lat' dir='ltr'>maxime</span> <span class='ocrx_word' id='word_1_537' title='bbox 3169 3723 3514 3793; x_wconf 69' lang='lat' dir='ltr'>praedicens,</span> 
     </span>
    </p>
   </div>
   <div class='ocr_carea' id='block_1_96' title="bbox 1865 3809 3517 3883">
    <p class='ocr_par' dir='ltr' id='par_1_96' title="bbox 1865 3809 3517 3883">
     <span class='ocr_line' id='line_1_96' title="bbox 1865 3809 3517 3883; baseline 0.002 -19"><span class='ocrx_word' id='word_1_538' title='bbox 1865 3809 2102 3880; x_wconf 89' lang='lat' dir='ltr'>sapiens</span> <span class='ocrx_word' id='word_1_539' title='bbox 2131 3809 2393 3878; x_wconf 90' lang='lat' dir='ltr'>Dionysi,</span> <span class='ocrx_word' id='word_1_540' title='bbox 2423 3809 2762 3864; x_wconf 83' lang='lat' dir='ltr'>exclamans</span> <span class='ocrx_word' id='word_1_541' title='bbox 2796 3825 2808 3864; x_wconf 93' lang='lat'>:</span> <span class='ocrx_word' id='word_1_542' title='bbox 2844 3809 3196 3865; x_wconf 89' lang='lat' dir='ltr'>Benedictus</span> <span class='ocrx_word' id='word_1_543' title='bbox 3226 3810 3382 3866; x_wconf 89' lang='lat' dir='ltr'>Deus</span> <span class='ocrx_word' id='word_1_544' title='bbox 3414 3828 3517 3883; x_wconf 86' lang='lat' dir='ltr'>pa-</span> 
     </span>
    </p>
   </div>
   <div class='ocr_carea' id='block_1_97' title="bbox 1864 3901 2046 3952">
    <p class='ocr_par' dir='ltr' id='par_1_97' title="bbox 1864 3901 2046 3952">
     <span class='ocr_line' id='line_1_97' title="bbox 1864 3901 2046 3952; baseline 0 0"><span class='ocrx_word' id='word_1_545' title='bbox 1864 3901 2046 3952; x_wconf 87' lang='lat' dir='ltr'>trum.</span> 
     </span>
    </p>
   </div>
   <div class='ocr_carea' id='block_1_98' title="bbox 2557 4004 2823 4061">
    <p class='ocr_par' dir='ltr' id='par_1_98' title="bbox 2557 4004 2823 4061">
     <span class='ocr_line' id='line_1_98' title="bbox 2557 4004 2823 4061; baseline 0 -3"><span class='ocrx_word' id='word_1_546' title='bbox 2557 4004 2636 4059; x_wconf 85' lang='lat' dir='ltr'>Ad</span> <span class='ocrx_word' id='word_1_547' title='bbox 2667 4005 2728 4058; x_wconf 86' lang='grc' dir='ltr'>Β.</span> <span class='ocrx_word' id='word_1_548' title='bbox 2771 4005 2823 4061; x_wconf 77' lang='grc' dir='ltr'>ν.</span> 
     </span>
    </p>
   </div>
   <div class='ocr_carea' id='block_1_99' title="bbox 1937 4117 3520 4190">
    <p class='ocr_par' dir='ltr' id='par_1_99' title="bbox 1937 4117 3520 4190">
     <span class='ocr_line' id='line_1_99' title="bbox 1937 4117 3520 4190; baseline 0.004 -18"><span class='ocrx_word' id='word_1_549' title='bbox 1937 4121 2078 4173; x_wconf 88' lang='lat' dir='ltr'>Ecce</span> <span class='ocrx_word' id='word_1_550' title='bbox 2111 4134 2265 4174; x_wconf 90' lang='lat' dir='ltr'>nunc</span> <span class='ocrx_word' id='word_1_551' title='bbox 2297 4117 2604 4190; x_wconf 79' lang='lat' dir='ltr'>impletum</span> <span class='ocrx_word' id='word_1_552' title='bbox 2639 4123 2730 4174; x_wconf 88' lang='lat' dir='ltr'>est</span> <span class='ocrx_word' id='word_1_553' title='bbox 2760 4118 2920 4174; x_wconf 82' lang='lat' dir='ltr'>Isaiae</span> <span class='ocrx_word' id='word_1_554' title='bbox 2952 4118 3333 4178; x_wconf 90' lang='lat' dir='ltr'>vaticinium:</span> <span class='ocrx_word' id='word_1_555' title='bbox 3367 4122 3520 4178; x_wconf 77' lang='lat'>838</span> 
     </span>
    </p>
   </div>
   <div class='ocr_carea' id='block_1_100' title="bbox 1864 4207 3524 4282">
    <p class='ocr_par' dir='ltr' id='par_1_100' title="bbox 1864 4207 3524 4282">
     <span class='ocr_line' id='line_1_100' title="bbox 1864 4207 3524 4282; baseline 0.003 -20"><span class='ocrx_word' id='word_1_556' title='bbox 1864 4207 1924 4262; x_wconf 91' lang='lat' dir='ltr'>in</span> <span class='ocrx_word' id='word_1_557' title='bbox 1961 4212 2127 4263; x_wconf 90' lang='lat' dir='ltr'>utero</span> <span class='ocrx_word' id='word_1_558' title='bbox 2158 4212 2282 4276; x_wconf 91' lang='lat' dir='ltr'>tuo,</span> <span class='ocrx_word' id='word_1_559' title='bbox 2316 4207 2511 4279; x_wconf 83' lang='lat' dir='ltr'>Virgo,</span> <span class='ocrx_word' id='word_1_560' title='bbox 2542 4207 2801 4263; x_wconf 87' lang='lat' dir='ltr'>Verbum</span> <span class='ocrx_word' id='word_1_561' title='bbox 2842 4208 3103 4264; x_wconf 90' lang='lat' dir='ltr'>habuisti</span> <span class='ocrx_word' id='word_1_562' title='bbox 3135 4212 3524 4282; x_wconf 86' lang='lat' dir='ltr'>datoremque</span> 
     </span>
    </p>
   </div>
   <div class='ocr_carea' id='block_1_101' title="bbox 1865 4295 3524 4369">
    <p class='ocr_par' dir='ltr' id='par_1_101' title="bbox 1865 4295 3524 4369">
     <span class='ocr_line' id='line_1_101' title="bbox 1865 4295 3524 4369; baseline 0.003 -19"><span class='ocrx_word' id='word_1_563' title='bbox 1865 4297 1998 4352; x_wconf 73' lang='lat' dir='ltr'>vitae</span> <span class='ocrx_word' id='word_1_564' title='bbox 2044 4296 2324 4369; x_wconf 84' lang='lat' dir='ltr'>genuisti,</span> <span class='ocrx_word' id='word_1_565' title='bbox 2357 4297 2451 4351; x_wconf 92' lang='lat' dir='ltr'>cui</span> <span class='ocrx_word' id='word_1_566' title='bbox 2502 4295 2834 4354; x_wconf 88' lang='lat' dir='ltr'>clamamus</span> <span class='ocrx_word' id='word_1_567' title='bbox 2885 4314 3090 4354; x_wconf 92' lang='lat' dir='ltr'>omnes</span> <span class='ocrx_word' id='word_1_568' title='bbox 3125 4314 3139 4355; x_wconf 87' lang='lat'><strong>:</strong></span> <span class='ocrx_word' id='word_1_569' title='bbox 3181 4299 3524 4355; x_wconf 88' lang='lat' dir='ltr'>Benedictus</span> 
     </span>
    </p>
   </div>
   <div class='ocr_carea' id='block_1_102' title="bbox 1869 4391 2042 4441">
    <p class='ocr_par' dir='ltr' id='par_1_102' title="bbox 1869 4391 2042 4441">
     <span class='ocr_line' id='line_1_102' title="bbox 1869 4391 2042 4441; baseline 0.012 -2"><span class='ocrx_word' id='word_1_570' title='bbox 1869 4391 2042 4441; x_wconf 88' lang='lat' dir='ltr'>Deus.</span> 
     </span>
    </p>
   </div>
   <div class='ocr_carea' id='block_1_103' title="bbox 1940 4473 3518 4547">
    <p class='ocr_par' dir='ltr' id='par_1_103' title="bbox 1940 4473 3518 4547">
     <span class='ocr_line' id='line_1_103' title="bbox 1940 4473 3518 4547; baseline 0.001 -18"><span class='ocrx_word' id='word_1_571' title='bbox 1940 4475 2013 4530; x_wconf 91' lang='lat' dir='ltr'>Ut</span> <span class='ocrx_word' id='word_1_572' title='bbox 2043 4480 2424 4545; x_wconf 88' lang='lat' dir='ltr'>transparens</span> <span class='ocrx_word' id='word_1_573' title='bbox 2474 4474 2777 4543; x_wconf 88' lang='lat' dir='ltr'>speculum</span> <span class='ocrx_word' id='word_1_574' title='bbox 2833 4473 3017 4543; x_wconf 86' lang='lat' dir='ltr'>fuisti,</span> <span class='ocrx_word' id='word_1_575' title='bbox 3057 4475 3312 4546; x_wconf 86' lang='lat' dir='ltr'>Dionysi,</span> <span class='ocrx_word' id='word_1_576' title='bbox 3345 4491 3518 4547; x_wconf 88' lang='lat' dir='ltr'>pura-</span> 
     </span>
    </p>
   </div>
   <div class='ocr_carea' id='block_1_104' title="bbox 1870 4561 3524 4634">
    <p class='ocr_par' dir='ltr' id='par_1_104' title="bbox 1870 4561 3524 4634">
     <span class='ocr_line' id='line_1_104' title="bbox 1870 4561 3524 4634; baseline -0.002 -16"><span class='ocrx_word' id='word_1_577' title='bbox 1870 4578 2404 4634; x_wconf 88' lang='lat' dir='ltr'>rumquecapacem</span> <span class='ocrx_word' id='word_1_578' title='bbox 2432 4561 2895 4616; x_wconf 88' lang='lat' dir='ltr'>illustrationum</span> <span class='ocrx_word' id='word_1_579' title='bbox 2921 4566 3176 4616; x_wconf 91' lang='lat' dir='ltr'>mentem</span> <span class='ocrx_word' id='word_1_580' title='bbox 3202 4561 3415 4616; x_wconf 89' lang='lat' dir='ltr'>virtute</span> <span class='ocrx_word' id='word_1_581' title='bbox 3438 4566 3524 4617; x_wconf 65' lang='lat' dir='ltr'>ef-</span> 
     </span>
    </p>
   </div>
   <div class='ocr_carea' id='block_1_105' title="bbox 1870 4649 3522 4718">
    <p class='ocr_par' dir='ltr' id='par_1_105' title="bbox 1870 4649 3522 4718">
     <span class='ocr_line' id='line_1_105' title="bbox 1870 4649 3522 4718; baseline -0.001 -11"><span class='ocrx_word' id='word_1_582' title='bbox 1870 4653 2086 4718; x_wconf 83' lang='lat' dir='ltr'>fecisti,</span> <span class='ocrx_word' id='word_1_583' title='bbox 2116 4668 2148 4706; x_wconf 92' lang='lat'>0</span> <span class='ocrx_word' id='word_1_584' title='bbox 2184 4650 2522 4706; x_wconf 77' lang='lat' dir='ltr'>felicissime</span> <span class='ocrx_word' id='word_1_585' title='bbox 2556 4669 2567 4704; x_wconf 87' lang='lat'>:</span> <span class='ocrx_word' id='word_1_586' title='bbox 2601 4649 2988 4704; x_wconf 85' lang='lat' dir='ltr'>scintillarum</span> <span class='ocrx_word' id='word_1_587' title='bbox 3046 4655 3299 4705; x_wconf 90' lang='lat' dir='ltr'>mentem</span> <span class='ocrx_word' id='word_1_588' title='bbox 3348 4667 3522 4706; x_wconf 86' lang='lat' dir='ltr'>exce-</span> 
     </span>
    </p>
   </div>
   <div class='ocr_carea' id='block_1_106' title="bbox 1872 4737 3524 4810">
    <p class='ocr_par' dir='ltr' id='par_1_106' title="bbox 1872 4737 3524 4810">
     <span class='ocr_line' id='line_1_106' title="bbox 1872 4737 3524 4810; baseline 0 -16"><span class='ocrx_word' id='word_1_589' title='bbox 1872 4740 2136 4796; x_wconf 87' lang='lat' dir='ltr'>dentium</span> <span class='ocrx_word' id='word_1_590' title='bbox 2189 4738 2532 4810; x_wconf 91' lang='lat' dir='ltr'>splendores</span> <span class='ocrx_word' id='word_1_591' title='bbox 2577 4737 2908 4809; x_wconf 86' lang='lat' dir='ltr'>suscipiens</span> <span class='ocrx_word' id='word_1_592' title='bbox 2941 4738 3241 4794; x_wconf 87' lang='lat' dir='ltr'>clamabas</span> <span class='ocrx_word' id='word_1_593' title='bbox 3275 4753 3287 4794; x_wconf 93' lang='lat'>:</span> <span class='ocrx_word' id='word_1_594' title='bbox 3322 4738 3524 4794; x_wconf 87' lang='lat' dir='ltr'>Sacer-</span> 
     </span>
    </p>
   </div>
   <div class='ocr_carea' id='block_1_107' title="bbox 1870 4827 2439 4897">
    <p class='ocr_par' dir='ltr' id='par_1_107' title="bbox 1870 4827 2439 4897">
     <span class='ocr_line' id='line_1_107' title="bbox 1870 4827 2439 4897; baseline -0.004 -13"><span class='ocrx_word' id='word_1_595' title='bbox 1870 4830 2059 4897; x_wconf 90' lang='lat' dir='ltr'>dotes,</span> <span class='ocrx_word' id='word_1_596' title='bbox 2092 4827 2439 4884; x_wconf 89' lang='lat' dir='ltr'>benedicite.</span> 
     </span>
    </p>
   </div>
   <div class='ocr_carea' id='block_1_108' title="bbox 1941 4913 3524 4987">
    <p class='ocr_par' dir='ltr' id='par_1_108' title="bbox 1941 4913 3524 4987">
     <span class='ocr_line' id='line_1_108' title="bbox 1941 4913 3524 4987; baseline 0 -15"><span class='ocrx_word' id='word_1_597' title='bbox 1941 4916 2470 4972; x_wconf 90' lang='lat' dir='ltr'>Abundantissima</span> <span class='ocrx_word' id='word_1_598' title='bbox 2501 4914 2713 4970; x_wconf 68' lang='lat' dir='ltr'>diffusa</span> <span class='ocrx_word' id='word_1_599' title='bbox 2743 4918 2831 4970; x_wconf 90' lang='lat' dir='ltr'>est</span> <span class='ocrx_word' id='word_1_600' title='bbox 2862 4915 2922 4969; x_wconf 91' lang='lat' dir='ltr'>in</span> <span class='ocrx_word' id='word_1_601' title='bbox 2947 4913 3120 4970; x_wconf 88' lang='lat' dir='ltr'>labiis</span> <span class='ocrx_word' id='word_1_602' title='bbox 3143 4915 3258 4971; x_wconf 88' lang='lat' dir='ltr'>tuis</span> <span class='ocrx_word' id='word_1_603' title='bbox 3290 4917 3524 4987; x_wconf 84' lang='lat' dir='ltr'>gratia;</span> 
     </span>
    </p>
   </div>
   <div class='ocr_carea' id='block_1_109' title="bbox 1872 5002 3526 5075">
    <p class='ocr_par' dir='ltr' id='par_1_109' title="bbox 1872 5002 3526 5075">
     <span class='ocr_line' id='line_1_109' title="bbox 1872 5002 3526 5075; baseline -0.001 -13"><span class='ocrx_word' id='word_1_604' title='bbox 1872 5008 2027 5062; x_wconf 90' lang='lat' dir='ltr'>unde</span> <span class='ocrx_word' id='word_1_605' title='bbox 2059 5006 2356 5060; x_wconf 87' lang='lat' dir='ltr'>doctrinas</span> <span class='ocrx_word' id='word_1_606' title='bbox 2385 5005 2494 5058; x_wconf 91' lang='lat' dir='ltr'>Deo</span> <span class='ocrx_word' id='word_1_607' title='bbox 2518 5002 2720 5074; x_wconf 87' lang='lat' dir='ltr'>plenas</span> <span class='ocrx_word' id='word_1_608' title='bbox 2745 5003 3126 5075; x_wconf 82' lang='lat' dir='ltr'>praposuisti,</span> <span class='ocrx_word' id='word_1_609' title='bbox 3159 5004 3367 5059; x_wconf 90' lang='lat' dir='ltr'>harum</span> <span class='ocrx_word' id='word_1_610' title='bbox 3394 5023 3526 5060; x_wconf 88' lang='lat' dir='ltr'>sen-</span> 
     </span>
    </p>
   </div>
   <div class='ocr_carea' id='block_1_110' title="bbox 1873 5091 3524 5163">
    <p class='ocr_par' dir='ltr' id='par_1_110' title="bbox 1873 5091 3524 5163">
     <span class='ocr_line' id='line_1_110' title="bbox 1873 5091 3524 5163; baseline -0.002 -11"><span class='ocrx_word' id='word_1_611' title='bbox 1873 5113 2003 5152; x_wconf 87' lang='lat' dir='ltr'>sum</span> <span class='ocrx_word' id='word_1_612' title='bbox 2035 5095 2205 5149; x_wconf 83' lang='lat' dir='ltr'>modo</span> <span class='ocrx_word' id='word_1_613' title='bbox 2221 5098 2493 5147; x_wconf 88' lang='lat' dir='ltr'>naturam</span> <span class='ocrx_word' id='word_1_614' title='bbox 2508 5091 2772 5146; x_wconf 89' lang='lat' dir='ltr'>vincente</span> <span class='ocrx_word' id='word_1_615' title='bbox 2793 5091 3091 5163; x_wconf 82' lang='lat' dir='ltr'>explicans</span> <span class='ocrx_word' id='word_1_616' title='bbox 3117 5097 3174 5147; x_wconf 89' lang='lat' dir='ltr'>et</span> <span class='ocrx_word' id='word_1_617' title='bbox 3195 5092 3524 5162; x_wconf 91' lang='lat' dir='ltr'>declarans,</span> 
     </span>
    </p>
   </div>
   <div class='ocr_carea' id='block_1_111' title="bbox 1873 5179 3528 5251">
    <p class='ocr_par' dir='ltr' id='par_1_111' title="bbox 1873 5179 3528 5251">
     <span class='ocr_line' id='line_1_111' title="bbox 1873 5179 3528 5251; baseline -0.001 -11"><span class='ocrx_word' id='word_1_618' title='bbox 1873 5201 1940 5240; x_wconf 88' lang='lat' dir='ltr'>ac</span> <span class='ocrx_word' id='word_1_619' title='bbox 1972 5183 2298 5239; x_wconf 89' lang='lat' dir='ltr'>clarissime</span> <span class='ocrx_word' id='word_1_620' title='bbox 2329 5182 2597 5251; x_wconf 89' lang='lat' dir='ltr'>aperiens</span> <span class='ocrx_word' id='word_1_621' title='bbox 2629 5179 2798 5235; x_wconf 92' lang='lat' dir='ltr'>nobis</span> <span class='ocrx_word' id='word_1_622' title='bbox 2829 5180 2930 5251; x_wconf 89' lang='lat' dir='ltr'>qui</span> <span class='ocrx_word' id='word_1_623' title='bbox 2964 5181 3076 5236; x_wconf 79' lang='lat' dir='ltr'>fide</span> <span class='ocrx_word' id='word_1_624' title='bbox 3098 5181 3368 5237; x_wconf 90' lang='lat' dir='ltr'>canimus</span> <span class='ocrx_word' id='word_1_625' title='bbox 3393 5199 3406 5238; x_wconf 88' lang='lat'><strong>:</strong></span> <span class='ocrx_word' id='word_1_626' title='bbox 3429 5188 3528 5240; x_wconf 84' lang='lat' dir='ltr'>Sa-</span> 
     </span>
    </p>
   </div>
   <div class='ocr_carea' id='block_1_112' title="bbox 1874 5269 2547 5337">
    <p class='ocr_par' dir='ltr' id='par_1_112' title="bbox 1874 5269 2547 5337">
     <span class='ocr_line' id='line_1_112' title="bbox 1874 5269 2547 5337; baseline -0.009 -9"><span class='ocrx_word' id='word_1_627' title='bbox 1874 5273 2162 5337; x_wconf 88' lang='lat' dir='ltr'>cerdotes,</span> <span class='ocrx_word' id='word_1_628' title='bbox 2197 5269 2547 5325; x_wconf 86' lang='lat' dir='ltr'>benedicite.</span> 
     </span>
    </p>
   </div>
   <div class='ocr_carea' id='block_1_113' title="bbox 1947 5355 3530 5428">
    <p class='ocr_par' dir='ltr' id='par_1_113' title="bbox 1947 5355 3530 5428">
     <span class='ocr_line' id='line_1_113' title="bbox 1947 5355 3530 5428; baseline -0.001 -13"><span class='ocrx_word' id='word_1_629' title='bbox 1947 5359 2266 5417; x_wconf 87' lang='lat' dir='ltr'>Notissima</span> <span class='ocrx_word' id='word_1_630' title='bbox 2313 5357 2426 5412; x_wconf 84' lang='lat' dir='ltr'>fuit</span> <span class='ocrx_word' id='word_1_631' title='bbox 2478 5372 2578 5426; x_wconf 91' lang='lat' dir='ltr'>per</span> <span class='ocrx_word' id='word_1_632' title='bbox 2631 5361 2707 5424; x_wconf 85' lang='lat' dir='ltr'>te,</span> <span class='ocrx_word' id='word_1_633' title='bbox 2757 5355 3016 5428; x_wconf 87' lang='lat' dir='ltr'>Dionysi,</span> <span class='ocrx_word' id='word_1_634' title='bbox 3053 5357 3300 5413; x_wconf 89' lang='lat' dir='ltr'>celebris</span> <span class='ocrx_word' id='word_1_635' title='bbox 3348 5359 3530 5414; x_wconf 88' lang='lat' dir='ltr'>Athe-</span> 
     </span>
    </p>
   </div>
   <div class='ocr_carea' id='block_1_114' title="bbox 1875 5443 3526 5514">
    <p class='ocr_par' dir='ltr' id='par_1_114' title="bbox 1875 5443 3526 5514">
     <span class='ocr_line' id='line_1_114' title="bbox 1875 5443 3526 5514; baseline -0.001 -10"><span class='ocrx_word' id='word_1_636' title='bbox 1875 5448 2171 5504; x_wconf 91' lang='lat' dir='ltr'>niensium</span> <span class='ocrx_word' id='word_1_637' title='bbox 2221 5443 2577 5514; x_wconf 85' lang='lat' dir='ltr'>metropolis,</span> <span class='ocrx_word' id='word_1_638' title='bbox 2605 5444 2743 5499; x_wconf 90' lang='lat' dir='ltr'>dum</span> <span class='ocrx_word' id='word_1_639' title='bbox 2777 5444 3008 5500; x_wconf 86' lang='lat' dir='ltr'>Christo</span> <span class='ocrx_word' id='word_1_640' title='bbox 3057 5446 3526 5503; x_wconf 89' lang='lat' dir='ltr'>sacratissimum</span> 
     </span>
    </p>
   </div>
   <div class='ocr_carea' id='block_1_115' title="bbox 1875 5532 3526 5609">
    <p class='ocr_par' dir='ltr' id='par_1_115' title="bbox 1875 5532 3526 5609">
     <span class='ocr_line' id='line_1_115' title="bbox 1875 5532 3526 5609; baseline 0.001 -15"><span class='ocrx_word' id='word_1_641' title='bbox 1875 5539 2052 5594; x_wconf 87' lang='lat' dir='ltr'>etiam</span> <span class='ocrx_word' id='word_1_642' title='bbox 2100 5532 2411 5606; x_wconf 54' lang='lat' dir='ltr'>praesulem</span> <span class='ocrx_word' id='word_1_643' title='bbox 2459 5532 2694 5598; x_wconf 90' lang='lat' dir='ltr'>obtulit,</span> <span class='ocrx_word' id='word_1_644' title='bbox 2725 5534 2989 5591; x_wconf 90' lang='lat' dir='ltr'>omnium</span> <span class='ocrx_word' id='word_1_645' title='bbox 3041 5535 3162 5609; x_wconf 87' lang='lat' dir='ltr'>regi</span> <span class='ocrx_word' id='word_1_646' title='bbox 3213 5536 3526 5595; x_wconf 89' lang='lat' dir='ltr'>concinens</span> 
     </span>
    </p>
   </div>
   <div class='ocr_carea' id='block_1_116' title="bbox 1873 5620 2814 5700">
    <p class='ocr_par' dir='ltr' id='par_1_116' title="bbox 1873 5620 2814 5700">
     <span class='ocr_line' id='line_1_116' title="bbox 1873 5620 2814 5700; baseline -0.004 -16"><span class='ocrx_word' id='word_1_647' title='bbox 1873 5628 2158 5700; x_wconf 88' lang='lat' dir='ltr'>perpetuo</span> <span class='ocrx_word' id='word_1_648' title='bbox 2193 5639 2207 5679; x_wconf 92' lang='lat'><strong>:</strong></span> <span class='ocrx_word' id='word_1_649' title='bbox 2240 5620 2430 5693; x_wconf 85' lang='lat' dir='ltr'>Pueri,</span> <span class='ocrx_word' id='word_1_650' title='bbox 2463 5622 2814 5680; x_wconf 90' lang='lat' dir='ltr'>benedicite.</span> 
     </span>
    </p>
   </div>
  </div>
