3972 6214
474 291 580 345 583

1161 412 1248 467 Ad
1276 413 1340 467 Β.
1375 413 1431 466 ν.

548 503 734 558 Mater
779 500 882 557 Dei
931 499 1491 572 irreprehensibilis,
1551 500 1758 554 animae
1808 515 1952 554 meae
1995 498 2123 554 vul-

477 609 639 660 nera,
672 595 729 646 et
759 590 979 662 peccati
1033 590 1333 644 cicatrices
1364 588 1518 656 dele;
1553 587 1764 643 Filium
1813 588 1970 643 enim
2020 604 2121 659 ge-

477 681 683 744 nuisti.
717 680 818 751 qui
853 683 1201 751 potestatem
1254 677 1432 733 habet
1483 678 1706 732 catenis
1735 677 1963 748 lapsum
1995 677 2121 731 vin-

475 775 600 826 ctos
631 787 700 826 ex
731 768 1244 826 indissolubilibus
1291 767 1539 824 vinculis
1582 767 1750 824 facile
1800 767 2120 838 relaxandi,

475 859 576 930 qui
607 858 771 915 solus
801 863 891 914 est
924 859 1072 912 Deus
1105 857 1436 912 benefactor
1465 856 1525 910 in
1556 856 1790 912 saecula.

487 1091 496 1097 ,
545 1037 772 1108 Dignus
807 1034 968 1090 fuisti
1000 1050 1128 1090 esse
1168 1042 1504 1089 sanctorum
1545 1035 1944 1106 apostolorum
1978 1051 2120 1090 con-

472 1126 810 1197 templator,
844 1139 908 1179 ac
939 1123 1325 1178 collaborator
1367 1122 1529 1179 fuisti
1579 1123 1869 1195 particeps
1900 1123 2116 1196 gloriae,

472 1221 650 1287 atque
680 1233 811 1271 cum
845 1215 989 1288 ipsis
1023 1213 1315 1269 festinasti
1346 1215 1417 1268 ad
1450 1217 1828 1284 conspectum
1851 1215 2121 1285 corporis

467 1305 663 1376 reipsa
691 1305 820 1358 vitae
853 1303 1123 1375 principii
1158 1303 1342 1358 solius
1388 1302 1648 1373 Deiparae
1679 1307 1734 1356 et
1765 1303 2119 1374 augustissi-

464 1409 594 1464 ma),
631 1409 807 1466 quam
842 1406 946 1464 pro
980 1391 1204 1446 meritis
1236 1407 1512 1463 magnam
1544 1391 1956 1462 praedicamus.

531 1483 726 1561 Haeres
770 1481 950 1536 divini
996 1481 1054 1535 in
1089 1479 1248 1536 ccelis
1280 1480 1440 1552 regni
1476 1481 1662 1535 factus
1693 1496 1776 1546 es,
1812 1484 1877 1534 ut
1924 1480 2120 1552 legiti-

464 1587 598 1626 mus
629 1571 965 1642 episcopus,
999 1573 1192 1638 Pater,
1222 1572 1288 1624 ut
1319 1567 1571 1623 invictus
1613 1567 1774 1640 pugil
1809 1567 2119 1624 sacerdotii

465 1664 766 1731 unguento
797 1657 1146 1730 sanguinem
1192 1657 1466 1728 martyris
1497 1657 1958 1725 commiscuisti;
1991 1657 2118 1712 ideo

465 1748 732 1820 duplices
763 1764 1009 1803 coronas
1054 1747 1262 1802 merito
1313 1746 1613 1818 accepisti,
1647 1762 1813 1802 sacre
1859 1745 2122 1801 initiator

460 1836 724 1909 Dionysi.

533 1926 608 1982 Ut
639 1925 860 1981 habens
891 1923 1168 1995 loquendi
1195 1939 1328 1978 cum
1357 1925 1467 1978 Deo
1498 1921 1850 1992 libertatem,
1874 1924 2109 1995 sapiens

459 2015 730 2087 episcope
783 2013 1040 2085 Dionysi,
1075 2030 1304 2082 semper
1353 2013 1666 2082 intercede,
1697 2017 1761 2068 ut
1799 2011 1901 2084 qui
1932 2012 2025 2084 pie
2054 2017 2109 2068 te

455 2104 702 2160 laudant
743 2118 813 2158 ex
851 2101 1276 2157 tentationibus
1319 2100 1688 2172 eripiantur:
1723 2100 2105 2156 ineﬂ'abilium

363 2255 365 2258 ,
456 2191 723 2248 initiator
763 2189 1349 2262 contemplationum,
1383 2191 1537 2244 sicut
1568 2206 1793 2245 arcanae
1847 2207 1912 2246 ac
1961 2189 2107 2244 divi-

460 2281 721 2338 nissimaa
754 2279 1037 2336 bonitatis
1068 2295 1232 2334 sacer
1261 2296 1320 2335 es
1351 2279 1659 2351 interpres.

1153 2384 1234 2440 Ad
1264 2387 1324 2441 Β.
1365 2388 1418 2442 V.

529 2477 936 2532 Venerandam
979 2474 1298 2531 Ecclesiam
1350 2474 1602 2530 haereses
1649 2491 1928 2546 generose
1976 2474 2106 2529 vin-

453 2571 687 2622 centem
746 2564 1009 2632 ostende,
1061 2581 1242 2636 quam
1291 2563 1579 2629 Christus,
1614 2581 1645 2620 ο
1677 2565 1866 2636 gratia
1913 2563 2102 2635 plena,

455 2655 640 2711 Filius
673 2659 808 2710 tuus
859 2653 1114 2725 pretioso
1147 2652 1435 2725 sanguine
1465 2669 1571 2707 suo
1604 2657 1667 2707 ut
1713 2653 1903 2708 bonus
1934 2669 2094 2707 com-

454 2744 704 2818 paravit,
736 2747 792 2798 et
820 2741 1100 2814 periculis
1149 2742 1329 2814 eripe,
1363 2746 1539 2814 atque
1587 2741 1659 2796 ab
1708 2757 1776 2797 ea
1823 2757 1949 2812 qua:
1998 2757 2105 2797 nos

455 2837 706 2905 occupat
731 2831 1039 2905 tyrannide
1070 2829 1314 2886 redime.

528 2921 767 2994 Dionysi
797 2919 1140 2976 beatissime
1166 2918 1411 2974 celebris
1437 2918 1705 2992 coryphei
1737 2918 1903 2974 Pauli
1935 2917 2107 2974 disci-

455 3011 616 3084 pule,
650 3010 1011 3065 occultorum
1043 3008 1436 3080 cognitionem
1463 3008 1535 3063 ab
1561 3025 1627 3063 eo
1657 3008 1897 3063 edoctus
1918 3007 2102 3078 fuisti,

450 3101 609 3155 unde
641 3098 960 3171 fulgentem
993 3100 1051 3152 in
1087 3097 1349 3152 Ecclesia
1390 3098 1575 3152 facem
1609 3097 1794 3168 ponit,
1825 3098 1978 3152 389
2012 3113 2098 3152 re-

445 3187 668 3259 ligiosae
708 3187 1072 3242 Athenarum
1104 3185 1356 3241 civitatis
1403 3186 1682 3240 ordinans
1731 3185 2095 3257 episcOpum,

449 3293 627 3348 quam
661 3279 819 3329 recta
850 3272 1153 3344 praeditam
1205 3273 1317 3327 {ide
1367 3271 1486 3327 tuis
1533 3271 1828 3342 precibus,
1859 3271 2094 3343 sapien-

448 3365 680 3420 tissime
710 3363 809 3418 Dei
842 3378 1052 3434 prazco,
1085 3361 1337 3416 custodi.

1135 3468 1216 3523 Ad
1244 3469 1308 3521 Β.
1348 3469 1402 3522 ν.

516 3563 577 3614 In
611 3559 955 3614 honoranda
984 3557 1333 3614 dormitione
1352 3560 1475 3626 tua,
1495 3555 1671 3629 Virgo
1693 3555 2089 3624 sanctissima,

445 3649 756 3721 Dionysius
801 3649 1000 3704 aderat
1047 3664 1184 3703 cum
1237 3646 1547 3702 Hierotbeo
1579 3649 1636 3700 et
1664 3645 1861 3700 divino
1892 3645 2093 3700 Timo-

439 3736 600 3808 theo,
635 3737 887 3810 quisque
919 3753 1038 3792 una
1086 3752 1218 3791 cum
1254 3735 1536 3807 apostolis
1581 3734 1861 3803 hymnum
1895 3733 2091 3805 gloria:

438 3829 552 3881 tua;
604 3827 1044 3882 convenientem
1091 3826 1433 3890 decantans,
1467 3841 1601 3878 cum
1653 3823 1866 3892 quibus
1912 3823 2089 3878 etiam

439 3931 597 3968 nunc
630 3916 897 3970 mortalis
928 3914 1128 3983 lingua
1158 3913 1353 3968 omnis
1376 3918 1433 3968 te
1463 3912 1565 3967 Dei
1597 3917 1896 3984 parentem
1925 3929 2091 3966 mun-

441 4003 616 4072 dique
649 4013 954 4072 palronam
986 4002 1208 4057 laudat.

512 4093 666 4145 Inter
699 4093 1031 4146 sacerdotes
1061 4095 1116 4144 et
1148 4097 1433 4160 martyres
1476 4089 1731 4155 excellis,
1765 4094 1985 4150 sancte,
2020 4088 2087 4142 fi-

439 4178 550 4234 dus
580 4183 856 4235 ostensus
889 4195 950 4234 es
985 4184 1202 4249 pastor,
1237 4183 1293 4234 et
1334 4178 1576 4234 calicem
1611 4178 1824 4232 Christi
1856 4176 2085 4247 bibistiﬁ;

376 4305 378 4308 ν
438 4284 621 4341 quare
651 4269 708 4323 in
745 4272 992 4338 utroque
1043 4268 1158 4338 ipsi
1187 4267 1414 4324 Christo
1464 4268 1610 4321 bene
1660 4265 1952 4336 placuisti,
1987 4282 2088 4320 ora

436 4375 539 4429 pro
571 4357 742 4413 nobis
772 4358 1072 4423 omnibus,
1104 4356 1202 4427 qui
1247 4372 1380 4410 cum
1423 4355 1761 4410 ccslestibus
1795 4353 2085 4410 ministris

435 4447 494 4502 in
529 4446 755 4503 lumine
783 4446 1036 4502 habitas.

1090 4533 1432 4589 Cuntacium.
2113 4509 2161 4573 D

515 4625 791 4681 Coelestes
832 4627 1149 4696 penetrans
1199 4622 1258 4678 in
1311 4621 1523 4694 spiritu
1575 4624 1790 4693 portas,
1823 4619 2084 4692 Apostoli

438 4715 539 4785 qui
604 4731 786 4782 supra
840 4719 958 4768 tres
1007 4711 1184 4767 caelos
1231 4711 1518 4776 ascendit,
1576 4711 1786 4776 factus,
1819 4708 2081 4781 Dionysi,

434 4802 788 4876 discipulus,
819 4817 1055 4858 omnem
1088 4799 1473 4856 ineffabilium
1496 4799 1887 4871 cognitionem
1917 4797 2085 4852 uber-

429 4892 542 4946 tim
576 4891 880 4962 accepisti;
912 4906 1130 4960 eosque
1171 4889 1270 4960 qui
1322 4891 1379 4943 in
1434 4887 1692 4943 tenebris
1742 4887 2080 4957 ignorantiae

436 4980 826 5046 dormiebant,
887 4978 1266 5047 illuminasti;
1325 4977 1455 5032 ideo
1513 4976 1887 5030 clamamus:
1942 4977 2076 5041 Ave,

431 5070 692 5125 universi
724 5073 889 5141 pater
925 5068 1150 5124 mundi.

1161 5155 1352 5211 0Ecus.

504 5245 815 5318 Dionysius
849 5261 1099 5316 magnus
1125 5243 1226 5316 qui
1258 5261 1328 5299 ex
1357 5242 1696 5298 hominibus
1727 5243 1799 5298 ob
1830 5243 2078 5297 virtutes

429 5334 676 5406 angelus
706 5341 946 5389 vocatus
966 5338 1074 5401 est,
1101 5333 1431 5389 universam
1456 5339 1735 5402 tanquam
1765 5330 1948 5403 aliger
1974 5348 2080 5386 coe-

425 5422 630 5478 lestem
664 5424 904 5478 edoctus
936 5428 1026 5476 est
1056 5422 1447 5493 cognitionem
1483 5438 1495 5476 :
1532 5436 1712 5492 quare
1739 5419 1982 5475 canticis
2015 5423 2079 5474 ut

427 5511 700 5583 angelum
724 5511 1104 5575 honoremus,
1122 5511 1193 5564 ad
1215 5509 1384 5564 illum
1406 5509 1544 5566 talia
1561 5509 1882 5565 clamantes
1905 5525 1918 5566 :
1937 5510 2072 5576 Ave,

427 5600 527 5672 qui
557 5599 853 5656 Christum
878 5615 981 5672 per
1001 5597 1245 5654 Paulum
1271 5599 1591 5671 agnovisti;
1623 5603 1762 5668 Ave,
1789 5597 1887 5671 qui
1922 5597 2072 5653 mul-

1701 292 1761 344 S.
1801 289 2116 345 DIONYBII
2153 289 2661 346 AREOPAGITJE.

2145 422 2202 490 Α
2995 415 3114 472 θόκ.

3698 307 3772 362 584

2303 505 2506 590 Μῆτερ,
2536 504 2671 556 Θεοῦ
2709 503 3036 576 πανάμωμε,
3086 510 3186 574 τῆς
3237 509 3416 582 ψυχῆς
3457 531 3545 582 μου
3568 511 3622 566 τὰ
3655 517 3770 590 qia-5.

2237 609 2379 661 ματα
2425 588 2515 644 καὶ
2554 592 2649 658 τῆς
2702 592 2968 665 ἁμαρτίας
3011 593 3107 657 τὰς
3158 593 3324 657 οὐλὰς
3370 596 3642 674 ὲξάλειψον·
3683 588 3774 660 ἾΥίὸν

2230 676 2330 753 γὰρ
2377 677 2661 753 ἐγέννησας
2701 681 2792 734 τὸν
2841 679 3079 752 ἐξουσίαν
3135 677 3331 757 ἔχοντα
3373 685 3488 748 τοὺς
3542 689 3776 765 πεπεδημέ·

2230 786 2356 828 νους
2397 772 2516 829 ταῖς
2564 770 2768 842 σειραῖς
2813 773 2918 822 τῶν
2970 772 3326 843 πταισμάτων
3374 773 3586 837 εὐκόλως
3633 778 3776 834 ἀνιέναι

2229 859 2338 908 τῶν
2371 852 2584 928 δεσμῶν
2613 861 2720 910 τῶν
2767 855 3004 926 ἀλύτων,
3048 859 3140 914 τὸν
3199 859 3363 932 μόνον
3411 861 3654 939 εὐεργέτην
3692 869 3778 922 Θεὸν

2231 943 2308 1004 εἲς
2335 944 2462 1005 τοὺς
2496 944 2714 1006 αἰῶνας.

2300 1032 2495 1109 Ἃγίων
2559 1033 2881 1089 ἀποστόλων
2940 1034 3189 1106 ἀξιωθεὶς
3249 1039 3439 1109 θεατὴς
3497 1044 3780 1116 χρηματίσαι,

2229 1121 2318 1176 καὶ
2352 1121 2626 1195 σύμπονος
2659 1124 3018 1197 συγκοινωνὸς
3045 1125 3264 1201 γέγονας
3293 1135 3391 1196 τῆς
3430 1126 3593 1201 δόξης,
3619 1132 3688 1185 καὶ
3722 1133 3781 1186 σὺν

2229 1209 2414 1273 αὐτοῖς
2462 1209 2549 1265 ἐπὶ
2605 1213 2705 1280 τὴν
2753 1211 2872 1266 θέαν
2923 1207 3180 1276 ἔσπευσας
3243 1216 3489 1288 σώματος
3541 1223 3625 1272 τοῦ
3667 1217 3785 1282 ὅπως

2233 1302 2546 1373 ζωαρχικοῦ
2591 1301 2690 1368 τῆς
2742 1300 2913 1372 μόνης
2962 1302 3226 1356 Θεοτόκου
3262 1305 3350 1358 καὶ
3400 1301 3784 1377 σεῦασμιωτάτης,

2227 1387 2290 1454 ἢν
2322 1385 2548 1456 ἐπαξίως
2585 1385 2980 1464 μεγαλύνομεν.

2299 1479 2414 1545 Τῆς
2464 1475 2606 1540 θείας
2659 1474 2935 1551 βασιλείας
2983 1477 3034 1532 ἐν
3081 1479 3329 1556 οὐρανοῖς
3382 1479 3789 1557 κληρονόμος

2226 1585 2343 1632 νου,
2401 1565 2477 1626 ὡς
2535 1559 2762 1639 ἔννομος
2823 1568 3105 1643 ἀρχιεςενς
3141 1613 3154 1639 ,
3214 1569 3418 1647 Πάτερ,
3469 1572 3536 1634 ὡς
3588 1574 3792 1643 ἀήττητος

2229 1651 2473 1723 ἀθλητὴς
2528 1654 2828 1727 ἱερωσύνης
2875 1657 3141 1732 χρίσματι
3188 1661 3326 1732 αἷμα
3373 1660 3666 1735 συγκεράσας
3693 1682 3789 1735 μαρ-

2225 1742 2481 1816 τυρικόνο
2551 1741 2636 1797 διὸ
2692 1740 2921 1808 διπλοῦς
2972 1745 3263 1823 στεφάνους
3321 1747 3608 1825 ἀπείληφας
3643 1747 3797 1819 ἀξίως,

2225 1830 2522 1906 ίερομύστα
2567 1833 2829 1890 Διονύσιε.

2288 1919 2376 1981 Ὦς
2418 1917 2562 1994 ἔχων
2613 1919 2920 1997 παρρησίαν
2970 1923 3106 1996 πρὸς
3136 1923 3228 1978 τὸν
3261 1926 3414 1995 Θεὸν,
3462 1926 3668 2002 ἱεράρχα
3703 1926 3798 2002 σοφὲ

2219 2007 2485 2077 Διονύσιε,
2518 2007 2608 2064 διὰ
2632 2009 2829 2071 παντὸς
2860 2006 3119 2081 πρέσϐευε
3147 2011 3409 2087 ῥωσθῆναι
3445 2014 3500 2068 ἐκ
3542 2019 3791 2088 πειρασμῶν

2215 2095 2344 2158 τοὺς
2410 2093 2644 2161 εὐσεϐῶς
2713 2099 3011 2169 ὑμνοῦντάς
3059 2120 3136 2168 σε,
3191 2100 3366 2173 μύστα
3435 2107 3534 2158 τῶν
3592 2102 3786 2179 ἀρῤήτων

2217 2186 2478 2260 θεωριῶν,
2529 2187 2602 2248 ὡς
2665 2189 2763 2255 τῆς
2829 2187 3239 2264 κρυφιομύστου
3295 2191 3388 2246 καὶ
3418 2191 3791 2268 θεαρχικῶτάτης

2216 2272 2543 2349 ἱεροφάντης
2571 2275 2928 2352 ἆγαθότητος.

2979 2383 3098 2440 θόκ.

2285 2473 2536 2526 Νικῶσαν
2593 2471 2688 2532 τὰς
2754 2471 2986 2545 αἱρέσεις
3033 2477 3293 2537 νεανικῶς
3341 2476 3440 2544 τήν
3493 2473 3668 2542 σεπτὴν
3708 2473 3794 2527 Ἐκ-

2211 2557 2440 2629 κλησίαν
2492 2556 2790 2632 ἀνάδειξον,
2838 2559 2904 2629 ἧς
2955 2563 2983 2616 ὁ
3046 2564 3276 2637 Χριστὸς
3325 2563 3512 2637 α’ίματι
3562 2561 3704 2636 τιμίῳ
3740 2565 3795 2631 τῷ

2213 2647 2404 2702 ἑαυτοῦ
2453 2647 2528 2710 ὡς
2588 2648 2787 2723 ἀγαθὸς
2853 2647 3138 2720 ἐκτήσατο,
3205 2653 3633 2726 κεχαριτωμένη,
3669 2652 3691 2704 ὁ
3728 2650 3793 2708 σὸς

2212 2736 2360 2806 Υἱὸς,
2391 2735 2481 2790 καὶ
2514 2740 2687 2791 σῶσον
2724 2736 2783 2791 ἐκ
2811 2735 3097 2807 κινδύνων,
3145 2739 3236 2794 καὶ
3266 2743 3369 2810 τῆς
3398 2740 3699 2817 ἐπικρατείας
3721 2745 3794 2806 τῆς

2210 2824 2550 2900 κατεχούσης
2580 2827 2728 2898 ἡμᾶς
2759 2823 3056 2902 λύτρωσαι.

2283 2916 2379 2986 Τῷ
2425 2913 2647 2986 Παύλῳ,
2699 2914 2963 2984 Διονύσιε,
2993 2921 3072 2988 τῷ
3119 2915 3322 2991 κλεινῷ
3375 2917 3635 2994 κορυφαίῳ
3658 2917 3792 2990 μαθη-

2209 3002 2438 3074 τευθεὶς,
2495 2998 2783 3072 πανόλϐιε,
2835 3005 2921 3059 ὑπ’
2963 3005 3128 3060 αὐτοῦ
3175 3005 3426 3080 ἰμυήθης
3475 3012 3575 3063 τῶν
3615 3001 3793 3076 ἀποκρύο

2212 3113 2325 3168 φων
2360 3093 2459 3161 τήν
2511 3095 2734 3166 γνῶσιν·
2786 3091 2904 3155 ὅθεν
2953 3093 3042 3148 καὶ
3094 3093 3399 3171 λαμπτῆρα
3447 3101 3513 3170 τῇ
3563 3091 3794 3162 Ἐκκλησίᾳ

2207 3180 2418 3250 τίθησιν
2455 3181 2714 3251 Ἀθηνῶν,
2747 3183 3105 3257 προχειρίσας
3160 3190 3261 3253 τῆς
3310 3181 3561 3248 εὐσεϐοῦς
3587 3182 3791 3257 ἱεράρχην

2202 3265 2442 3338 πόλεως,
2499 3270 2564 3338 ἣν
2614 3268 2906 3346 φυλάττοις
2954 3269 3391 3346 ὀρθοδοξοῦσαν,
3439 3273 3673 3350 πάνσοφε,
3711 3272 3796 3329 σαῖς

2203 3355 2413 3432 εὐχαῖς,
2449 3358 2713 3433 θεοκῆρυξ
2741 3360 2752 3414 l

2967 3468 3088 3525 θόκ.

2275 3553 2360 3608 Ἐν
2393 3556 2461 3626 τῇ
2496 3556 2664 3626 σεπτῇ
2712 3556 2970 3627 κοιμήσει
3003 3577 3122 3628 σου,
3152 3556 3394 3631 παναγία
3433 3557 3665 3634 Παρθένε,
3689 3571 3788 3624 παρ-

2199 3643 2264 3709 ἧν
2316 3641 2344 3695 ὁ
2399 3641 2675 3705 Διονύσιος
2730 3643 2820 3697 σὺν
2890 3649 2967 3715 τῷ
3027 3644 3270 3721 Ἰεροθέῳ
3339 3646 3432 3702 καὶ
3474 3643 3699 3718 Τιμοθέῳ
3740 3644 3795 3708 τῷ

2200 3729 2328 3802 θείῳ
2379 3731 2491 3803 ἅμα
2547 3736 2663 3794 τοῖς
2723 3731 3080 3802 ἀποστόλοις,
3147 3733 3317 3807 ὕμνον
3379 3732 3574 3806 ἐξᾴδων
3617 3729 3795 3787 ἕκαστος

2199 3818 2508 3896 πρόσφορον
2541 3823 2607 3893 τῇ
2650 3823 2716 3893 σῇ
2750 3817 2896 3894 δόξῃ,
2933 3822 3049 3894 μεθ’
3095 3823 3168 3876 ὧν
3215 3823 3304 3877 καὶ
3337 3828 3432 3878 ν3ν
3465 3827 3600 3877 πᾶσα
3625 3820 3797 3897 γλῶσσα

2204 3907 2449 3980 βρότειος
2480 3907 2703 3981 ἀνυμνεῖ
2734 3930 2791 3964 σε
2816 3910 2916 3978 τήν
2946 3914 3044 3965 τοῦ
3075 3915 3206 3966 Θεοῦ
3257 3909 3587 3987 λοχεύτριαν
3613 3911 3686 3964 καὶ
3724 3908 3794 3960 τοῦ

2195 3997 2408 4068 κόσμου
2433 3999 2748 4071 προστάτιν.

2269 4086 2356 4141 Ἐν
2420 4086 2619 4158 ἱερεῦσι
2666 4086 2756 4140 καὶ
2805 4086 3036 4159 μάρτυσι
3097 4085 3403 4164 διαπρέψας
3464 4090 3610 4160 ὅσιε,
3649 4085 3796 4141 πιστὸς

2197 4171 2519 4249 ἀνεδείχθης
2566 4175 2774 4247 ποιμήν
2825 4175 2915 4230 καὶ
2972 4178 3207 4251 Χριστοῦ
3254 4181 3399 4233 πιὼν
3450 4180 3512 4234 τὸ
3557 4177 3797 4249 ποτήριον

2197 4259 2302 4328 διὸ,
2369 4260 2420 4316 ἐν
2488 4261 2758 4339 ἑκατέροις
2826 4263 3184 4340 εὐαρεστήσας
3249 4267 3401 4339 αὐτῷ
3465 4272 3545 4338 τῷ
3607 4265 3796 4339 Χριστῷ,

2195 4344 2458 4424 πρέσϐευε
2509 4352 2640 4425 ὑπὲρ
2690 4353 2905 4406 πάντων
2953 4355 3137 4426 ἡμῶν,
3171 4353 3264 4408 σὺν
3315 4361 3440 4418 τοῖς
3464 4355 3573 4411 ἄνω
3601 4353 3798 4419 λειτουρ-

2196 4443 2319 4512 γοῖς
2343 4436 2393 4493 ἐν
2426 4439 2565 4514 φωτὶ
2598 4436 2985 4514 αὐλιζόμενος.

2863 4531 3153 4586 Κοντάκιον
3165 4576 3176 4590 .

2261 4615 2364 4676 Τὰς
2413 4614 2692 4688 οὐρανίους
2742 4612 2932 4680 διαϐὰς
2982 4618 3158 4681 πύλας
3207 4619 3259 4674 ἐν
3306 4620 3614 4694 πνεύματι,
3660 4626 3798 4690 μαθη-

2189 4703 2395 4765 τευθεὶς
2423 4709 2502 4777 τῷ
2542 4705 2673 4782 ὑπὲρ
2721 4711 2868 4782 τρεῖς
2900 4707 3163 4781 οὐρανοὺς
3193 4707 3455 4786 φθάσαντι
3509 4703 3800 4773 Ἀποστόλῳ,

2191 4792 2473 4865 Διονύσιε,
2522 4798 2631 4849 τῶν
2683 4794 2933 4871 ἀρρήτων
2992 4795 3356 4867 έπλουτίσθης
3404 4804 3577 4854 πᾶσαν
3621 4799 3798 4872 γνῶσιν·

2189 4880 2279 4935 καὶ
2309 4881 2651 4957 κατηύγασας
2680 4882 2809 4945 τοὺς
2852 4882 2901 4939 ἐν
2954 4886 3129 4941 σκότει
3163 4887 3436 4962 ἀγνωσίας
3465 4883 3796 4952 καθεύδοντις’

2191 4966 2275 5024 διὸ
2305 4971 2596 5046 κράζομεν’
2632 4973 2880 5048 Χαίροις,
2912 4972 3078 5050 πᾶτερ
3111 4977 3442 5052 παγκόσμιε.

2879 5153 2939 5210 Ὁ
2969 5156 3143 5218 οἶκος.

2259 5237 2532 5313 Ἀγγελος
2581 5238 2632 5310 ἐξ
2682 5241 2980 5315 ἀνθρώπων
3035 5244 3250 5318 ἀρεταῖς
3289 5244 3641 5318 χρηματίσας
3684 5237 3801 5308 ὁμὲ-

2184 5348 2280 5402 γας
2334 5328 2635 5398 Διονύσιος,
2663 5335 2834 5384 πᾶσαν
2871 5331 2943 5392 ὡς
2972 5331 3274 5406 ὑπόπτερος
3307 5331 3534 5404 ἐμυήθη
3580 5333 3665 5387 τὸν
3701 5329 3799 5382 γοῦν

2185 5418 2285 5484 τὴν
2321 5415 2565 5491 οὐράνιον
2591 5421 2811 5493 γνῶσινο
2849 5415 2932 5474 διὸ
2963 5418 3161 5494 ᾅσμασι
3203 5422 3277 5481 ὡς
3308 5419 3546 5495 ἄγγελον
3592 5419 3801 5493 τιμήσω·

2187 5526 2305 5578 μεν,
2365 5507 2600 5581 βοῶντες
2632 5508 2768 5583 πρὸς
2814 5508 2973 5565 αὐτὸν
2999 5514 3241 5566 τοιαῦτα·
3274 5512 3474 5586 Χαῖρε,
3507 5515 3537 5570 ὅ
3565 5510 3708 5588 γνοὺς
3731 5507 3803 5562 τὸν

2184 5595 2416 5670 Χριστὸν
2447 5593 2536 5652 διὰ
2585 5596 2825 5654 Παύλου’
2873 5605 3058 5676 χαῖρε,
3107 5598 3355 5664 πολλοὺς
3415 5603 3556 5677 πρὸς
3609 5597 3802 5676 Χριστὸν
