3972 6214
214 294 334 388 585-

1317 340 1721 424 ENCOMIUM,
1763 341 1862 393 EX
1900 341 2191 394 MENEIS
2228 341 2521 396 GRECIS.

3517 344 3625 398 586

215 455 540 533 ἐπιστρέψας
577 476 594 495 ο
622 465 803 536 χαῖρε,
837 457 1112 525 πολυθὲου
1143 467 1348 532 σκηνῆς
1379 459 1667 538 ὀλετήριον
1693 481 1706 493 '
1741 468 1867 537 χαῖ-

1991 466 2072 519 tos
2096 463 2168 519 ad
2187 464 2482 520 Christum
2525 466 2878 524 convertisti.
2903 472 3043 535 Ave,
3065 467 3423 522 tabernaculi
3446 468 3624 540 pluri-

215 569 302 623 ρε,
331 549 666 624 θεογνώστου
701 548 908 624 βουλῆς
959 553 1352 625 σκοπευτήριον
1389 570 1400 582 ·
1443 557 1625 627 χαῖρε,
1679 547 1872 626 βίϐλος

213 639 610 713 Θεοχάρακτος,
650 639 964 714 μυστηρίων
1013 639 1248 715 θησαυρέ
1283 659 1294 670 ·
1329 645 1510 714 χαῖρε,
1543 641 1697 713 πίναξ
1750 653 1870 703 θεο-

215 725 474 802 μόρφωτε
510 727 599 780 καὶ
633 724 862 802 διόπτρα
914 728 1146 804 οὐρανοῦ
1186 747 1195 760 ·
1238 734 1420 804 χαῖρε,
1453 728 1535 783 ὅτι
1584 729 1646 783 τὸ
1700 729 1871 792 πάθος

209 820 311 869 τοῦ
344 815 542 890 Κυρίου
574 813 816 879 κατεῖδες
839 836 850 848 ·
890 823 1072 894 χαῖρε,
1101 817 1252 894 ῥανὶς
1281 818 1633 873 κοιλαίνουσα
1664 819 1870 872 ἄνοιανο

212 910 405 980 χαῖρε,
456 906 709 982 φραγμὸς
774 901 979 960 ἀσεϐῶν
1038 904 1325 981 παροδείας
1359 925 1371 937 ⁸
1405 912 1585 982 χαῖρε,
1648 908 1870 982 φωστὴρ

213 994 349 1055 τοὺς
398 993 620 1056 πιστοὺς
671 996 1021 1070 καταυγάζων
1060 1015 1072 1027 °
1107 1002 1290 1072 χαῖρε,
1321 997 1487 1071 πάτερ
1541 995 1868 1071 παγκόσμιε.

291 1210 463 1271 Οὗτος
511 1208 760 1282 πλούτῳ,
811 1211 900 1265 καὶ
951 1208 1101 1285 δόξῃ,
1133 1212 1225 1266 καὶ
1285 1214 1514 1284 συνέσει,
1564 1212 1653 1266 καὶ
1712 1210 1872 1286 σοφίᾳ

214 1303 333 1352 τῶν
394 1299 642 1352 ἁπάντων
706 1298 1006 1374 ὑπερέχων,
1059 1304 1166 1354 τῶν
1225 1299 1278 1354 ἐν
1330 1301 1410 1372 τῷ
1469 1299 1664 1371 Ἀρείῳ
1717 1301 1872 1374 πάγῳ

214 1387 535 1461 βουλευτῶν
585 1389 662 1449 εἷς
692 1389 757 1456 ἦν
796 1409 809 1422 ο
843 1389 933 1442 καὶ
981 1387 1254 1464 ἀγρευθεῖς
1312 1389 1416 1443 ὑπὸ
1471 1394 1567 1443 τοῦ
1630 1387 1871 1462 μεγάλου

213 1474 466 1542 Παύλου,
493 1476 586 1531 καὶ
649 1477 984 1551 βαπτισθεὶς,
1019 1483 1411 1552 χειροτονεῖται
1460 1477 1776 1546 ἐπίσκοπος,
1806 1477 1873 1531 τὰ

212 1566 506 1642 ἀπόρῥητα
549 1568 777 1639 μυηθεὶς
812 1568 912 1621 ὑπὸ
952 1572 1053 1622 τοῦ
1100 1573 1269 1646 σοφοῦ
1308 1568 1590 1642 Ἱεροθέου,
1619 1568 1707 1622 καὶ
1743 1588 1870 1641 συγ-

209 1655 521 1728 γράμματα
569 1654 985 1717 καταλελοιπὼς
1015 1654 1313 1729 παράδοξα,
1344 1657 1433 1710 καὶ
1481 1658 1762 1729 θαυμαστᾶ
1813 1675 1872 1709 τε

211 1744 307 1798 καὶ
342 1743 682 1817 ὑψηλότατα,
716 1745 788 1798 ὧν
823 1745 939 1806 ἑνὸς
984 1746 1120 1807 τέως
1172 1751 1542 1818 μνημονεῦσαι
1590 1745 1870 1820 ἐπικαιρό-

1979 554 2088 608 bus
2117 553 2491 610 inservientis
2521 554 2635 610 diis
2665 556 2972 628 pernicies.
3015 562 3154 622 Ave,
3187 557 3417 611 consilii
3450 575 3484 612 a
3514 559 3629 614 Deo

1981 642 2200 714 cogniti
2221 641 2480 714 specula.
2500 647 2636 712 Ave,
2657 643 2804 699 liber
2826 661 2860 700 a
2882 644 2996 700 Deo
3021 644 3299 716 inscripte
3323 647 3630 717 mysterio-

1982 749 2110 786 rum
2163 733 2455 788 thesaure.
2487 735 2622 798 Ave,
2656 733 2856 788 tabula
2885 752 2918 789 a
2947 733 3061 788 Deo
3111 735 3378 804 formata,
3417 738 3474 790 et
3503 736 3631 791 coeli

1982 821 2234 892 di0ptra.
2259 823 2391 887 Ave,
2420 822 2572 893 quod
2606 821 2838 877 Domini
2871 822 3207 894 passionem
3233 824 3630 894 conspexeris.

1978 911 2116 979 Ave,
2147 915 2314 981 gutta
2355 911 2676 965 amentiam
2728 928 3033 969 excavans.
3064 914 3205 982 Ave,
3235 910 3631 983 sepimentum

1981 1005 2182 1054 contra
2216 999 2530 1069 impiorum
2573 1015 2900 1055 acceSsum.
2935 1004 3065 1068 Ave,
3097 1000 3191 1056 fax
3244 1000 3447 1056 ﬁdeles
3495 1001 3629 1056 illu-

1981 1093 2201 1145 strans.
2233 1090 2368 1159 Ave,
2397 1094 2563 1159 pater
2593 1088 2852 1144 universi
2883 1089 3110 1144 mundi.

2050 1214 2154 1268 Hic
2202 1213 2520 1282 divitiis,et
2567 1213 2772 1288 gloria,
2807 1218 2864 1268 et
2913 1213 3178 1284 scientia,
3211 1217 3267 1269 et
3314 1214 3628 1284 sapientia,

1981 1318 2186 1357 omnes
2215 1319 2522 1372 superans,
2554 1319 2710 1357 unus
2753 1318 2822 1356 ex
2870 1302 3041 1356 Areio
3093 1318 3240 1373 pago
3287 1307 3628 1357 senatorum

1981 1396 2126 1460 erat,
2150 1397 2324 1462 atque
2357 1409 2389 1446 a
2417 1408 2629 1463 magno
2663 1391 2838 1446 Paulo
2869 1395 3077 1445 venatu
3114 1397 3323 1462 captus
3353 1395 3408 1446 et
3438 1392 3632 1462 bapti-

1981 1485 2144 1535 zatus
2195 1481 2504 1535 ordinatur
2551 1481 2884 1552 episcopus,
2918 1479 3237 1535 ineffabilia
3287 1481 3563 1551 mysteria
3599 1497 3631 1535 a

1980 1569 2242 1638 sapiente
2275 1569 2584 1625 Hierotheo
2617 1571 2882 1635 edoctus,
2905 1575 2961 1623 et
2986 1567 3169 1623 libros
3217 1569 3454 1639 reliquit
3503 1569 3632 1639 opi-

1982 1659 2154 1713 nione
2179 1661 2526 1729 majores,et
2548 1658 2950 1724 admirandos,
2974 1662 3030 1713 et
3060 1657 3542 1724 sublimissimos,
3566 1674 3636 1712 ex

1981 1749 2198 1818 quibus
2222 1749 2454 1802 interim
2478 1749 2655 1803 unius
2677 1747 3017 1802 meminisse
3034 1746 3630 1818 opportunissimum.

208 1854 400 1888 τατον.
439 1833 733 1905 Γενόμενόν
784 1854 870 1906 με,
919 1835 1074 1910 φησὶ,
1123 1835 1256 1889 ποτε
1302 1834 1438 1890 κατὰ
1481 1837 1582 1904 τὴν
1629 1836 1868 1909 Κρήτην,

1991 1836 2125 1892 Sum
2174 1838 2489 1909 aliquando
2538 1838 2596 1892 in
2649 1837 2878 1892 Cretam
2929 1837 3241 1901 venissem,
3287 1837 3498 1907 inquit,
3535 1852 3630 1890 me

222 1925 252 1977 ὁ
292 1922 439 1997 ἱερὸς
467 1921 830 1997 έξεναγώγησε
862 1923 1099 1997 Κάρπος,
1129 1924 1288 2000 ἀνὴρ,
1323 1923 1370 1978 εἷ’
1418 1924 1508 1978 καί
1535 1945 1618 1985 τις
1674 1921 1866 1990 ἄλλος,

216 2009 317 2065 διὰ
359 2011 580 2080 πολλὴν
627 2013 974 2085 καθαρότητα
1029 2018 1120 2066 νοῦ
1177 2015 1312 2087 πρὸς
1370 2015 1622 2077 θεοπτίαν
1687 2012 1870 2082 ἐπιτη·

213 2097 520 2160 δειότατος.
556 2101 655 2156 Καὶ
707 2105 838 2174 γοῦν
869 2099 994 2155 οὐδὲ
1025 2108 1143 2163 ταῖς
1171 2108 1277 2157 τῶν
1337 2102 1502 2178 ἁγίων
1557 2102 1868 2174 μυστηρίων

211 2188 466 2249 τελεταῖς
496 2187 785 2264 ἐπεχείρει,
825 2191 900 2261 μὴ
933 2189 1195 2266 πρότερον
1245 2190 1391 2264 αὐτῷ
1436 2192 1570 2246 κατὰ
1615 2194 1711 2253 τὰς
1741 2212 1874 2265 προ-

209 2276 464 2338 τελείους
497 2277 662 2352 εὐχὰς
691 2279 838 2353 ἱερᾶς
877 2279 966 2333 καὶ
1023 2280 1282 2352 εὐμενοῦς
1332 2280 1567 2355 ὁράσεως
1622 2279 1872 2358 ἐκφαινο-

217 2367 416 2439 μένης.
462 2365 682 2440 Ἔλεγεν
765 2365 879 2435 οὖν,
936 2367 1042 2439 ὅτι,
1101 2367 1480 2439 Λελυπηκότος
1561 2369 1718 2424 αὐτὸν
1762 2374 1871 2423 τῶν

217 2454 468 2511 ἀπίστων
524 2457 671 2517 τινός
704 2474 716 2488 ’
857 2455 1002 2526 λύπη
1039 2455 1095 2511 δὲ
1123 2460 1210 2526 ἦν,
1245 2457 1326 2512 ὅτι
1386 2465 1485 2527 τῆς
1545 2457 1874 2528 Ἐκκλησίας

213 2544 430 2607 ἐκεῖνος
485 2545 607 2599 τινὰ
652 2547 790 2618 πρὸς
831 2547 895 2600 τὸ
954 2545 1108 2601 ἄθεον
1168 2547 1596 2620 ἀπεπλάνησεψ)
1628 2546 1706 2602 ἔτι
1764 2552 1870 2601 τῶν

212 2633 474 2708 Ἰλαρίων
516 2634 665 2706 αὐτῷ
711 2637 934 2710 ἡμερῶν
980 2637 1351 2708 τελουμένων,
1385 2635 1502 2691 δέον
1550 2636 1870 2714 ἀμφοτέρων

214 2724 622 2797 ἀγαθοπρεπῶς
687 2723 1094 2799 ὑπερεύξασθαι,
1137 2727 1227 2780 καὶ
1313 2726 1443 2781 Θεὸν
1514 2724 1875 2800 συλλήπτορα

213 2807 486 2879 λαϐόντα,
515 2811 607 2865 τὸν
645 2812 738 2883 μὶν
785 2809 1088 2887 ἕπιτρέψαι,
1119 2815 1210 2868 τὸν
1273 2811 1328 2868 δὶ
1377 2815 1673 2889 ἀγαθότητι
1722 2821 1874 2882 νικῆ-

214 2921 311 2953 σαι
348 2919 360 2932 ·
406 2899 495 2953 καὶ
539 2901 615 2971 μή
657 2898 928 2956 διαλιπεῖν
957 2904 1306 2958 νουθετοῦντα
1363 2901 1452 2958 διὰ
1503 2904 1622 2980 βίου
1677 2903 1878 2966 παντὸς

214 2987 390 3062 ἄχρις
448 2990 508 3042 οὗ
537 2990 599 3043 τὸ
630 2991 896 3064 σήμερον,
928 2991 1016 3045 καὶ
1051 2990 1223 3056 οὕτως
1253 2992 1340 3046 ἐπὶ
1389 2994 1488 3062 τὴν
1548 2993 1689 3048 θείαν
1746 2991 1874 3046 ταώ-

210 3099 323 3148 την
359 3078 580 3154 ἀγαγεῖν
612 3083 834 3154 γνῶσιν,
866 3080 940 3141 ὡς
973 3079 1034 3134 ἂν
1063 3078 1172 3151 ἤδη
1213 3082 1302 3136 καὶ
1351 3087 1460 3137 τῶν
1518 3077 1876 3158 ἀμφισϐητη-

214 3166 399 3239 σίμων
435 3166 622 3229 αὐτοῖς
665 3168 1026 3241 κρινομένων,
1057 3169 1146 3223 καὶ
1183 3174 1290 3224 τῶν
1336 3168 1556 3244 ἀλόγως
1615 3182 1878 3243 θρασυνο-
1905 3208 1950 3277 C

267 3257 279 3277 ι
465 3253 477 3277 Ῐ
564 3255 575 3277 θ
727 3254 774 3277 θ’
1134 3263 1156 3274 ν
1225 3258 1238 3277 7
1426 3265 1451 3277 υ
1539 3260 1549 3277 Ι
1760 3257 1804 3277 ’Χ
1822 3257 1841 3277 Ὗ
1863 3259 1874 3276 θ

217 3257 402 3326 μένων
461 3253 673 3327 ἐννόμῳ
724 3254 846 3330 δίκῃ
886 3263 1182 3334 σωφρονεῖν
1215 3258 1666 3334 ἀναγκαζομένων
1701 3278 1713 3292 ⁸
1748 3257 1874 3313 ἀλλ’

215 3343 317 3419 ὅγε
375 3345 453 3414 μὴ
508 3343 770 3419 πρότερον
811 3349 972 3400 τοῦτο
1021 3347 1228 3414 παθὼν,
1263 3348 1362 3403 οὐκ
1419 3345 1525 3403 οἷδ’
1573 3349 1722 3402 ὅπως
1754 3349 1879 3403 τότε

214 3431 448 3502 πολλὴν
481 3430 799 3506 δυσμένειαν
829 3434 920 3489 καὶ
959 3436 1176 3508 πικρίαν
1205 3435 1426 3506 ἐντήξας
1466 3441 1535 3510 τῇ
1569 3441 1720 3513 ψυχῇ
1753 3457 1879 3492 κατ-

227 3520 440 3595 έδραμε
493 3522 587 3593 μέν
622 3522 764 3576 οὕτω
794 3529 976 3584 κακῶς
1023 3522 1166 3598 ἔχων
1203 3544 1214 3554 ·
1250 3527 1448 3599 ἑσπέρα
1493 3528 1592 3600 γὰρ
1631 3528 1720 3595 ἦν·
1755 3528 1876 3600 περὶ

219 3609 281 3665 δὲ
349 3612 513 3682 μέσας
571 3610 765 3674 νύκτας
824 3613 1026 3684 (εἰώθει
1072 3614 1173 3688 γὰρ
1226 3614 1304 3675 είς
1334 3613 1488 3669 τόνδε
1541 3617 1630 3668 τὸν
1689 3615 1877 3691 καιρὸν

223 3698 390 3760 αὐτὸς
451 3699 530 3774 ἐφ’
562 3701 754 3754 ἑαυτοῦ
809 3702 946 3776 πρὸς
1001 3701 1127 3762 τοὺς
1175 3703 1350 3766 θείους
1398 3703 1601 3776 ὕμνους
1647 3703 1880 3780 ἐγρηγο-

222 3790 428 3858 ρέναι·)
461 3785 793 3843 διανίσταται
843 3791 959 3862 μὲν,
995 3789 1120 3846 οὐδὲ
1149 3795 1256 3845 τῶν
1299 3792 1476 3846 ὕπνων
1510 3792 1708 3860 αὐτῶν,
1741 3792 1880 3848 πολ-

219 3875 341 3931 λῶν
405 3897 469 3949 γε
527 3873 696 3932 ὄντων
746 3878 836 3932 καὶ
886 3878 966 3934 ἀεὶ
1007 3879 1443 3955 ἐγκοπτομένων,
1477 3880 1577 3952 ἔξω
1627 3889 1877 3956 ταραχῆς

221 3966 664 4039 παραπολαύσας
701 3985 712 3999 ⁶
759 3969 923 4030 ἑστὼς
984 3966 1041 4023 δὲ
1092 3971 1246 4042 ὅμως
1293 3969 1367 4031 εἷς
1414 3973 1514 4039 τὴν
1562 3970 1705 4025 θείαν
1754 3973 1878 4042 ὁμιο

224 4053 372 4120 λίαν,
410 4055 509 4108 οὐκ
541 4055 746 4130 εὐαγῶς
779 4058 969 4126 ἠνιᾶτο
1019 4059 1108 4112 καὶ
1153 4055 1552 4133 ἐδυσχέραινεν,
1587 4061 1688 4114 οὐκ
1744 4062 1878 4113 εἶναι

224 4140 440 4196 δίκαιον
505 4143 706 4218 λέγων,
742 4145 789 4200 εἷ’
849 4150 1011 4214 ζῶσιν
1059 4143 1248 4222 ἄνδρες
1296 4149 1442 4211 ἄθεοι
1490 4149 1580 4202 καὶ
1638 4145 1879 4221 διαστρέ-

223 4253 390 4308 φουσι
436 4233 531 4293 τὰς
579 4230 738 4296 ὁδοὺς
791 4233 990 4310 Κυρίου
1037 4235 1131 4296 τὰς
1183 4235 1414 4298 εὐθείας.
1447 4238 1542 4291 Καὶ
1584 4241 1752 4292 ταῦτα
1800 4236 1884 4291 λέ-

221 4344 338 4397 γων
391 4319 566 4378 ἐδεῖτο
612 4328 708 4377 τοῦ
758 4329 914 4390 Θεοῦ,
947 4325 1224 4400 πρηστῆρί
1270 4347 1372 4380 τινι
1421 4327 1514 4388 τὰς
1565 4327 1885 4404 ἀμφοτέρων

227 4409 309 4471 εἷς
342 4411 478 4481 ἅπαξ
521 4413 765 4481 ἀνηλεῶς
799 4413 1106 4468 ἀποσπάσαι
1155 4416 1316 4482 ζωάς.
1345 4416 1448 4471 Καὶ
1504 4416 1670 4470 ταῦτα
1719 4415 1882 4471 εἰπὼν

226 4495 387 4574 ἔλεγε
442 4497 589 4570 δόξαι
649 4498 782 4555 ἰδεῖν
832 4499 984 4576 ἄφνω
1023 4503 1114 4557 τὸν
1159 4503 1330 4572 οἶκον,
1363 4503 1415 4558 ἐν
1445 4503 1592 4578 ᾧπερ
1627 4507 1886 4575 εἱστήκει,

228 4584 631 4658 διαδονηθέντα
675 4590 1078 4666 πρότερον,καῖ
1140 4590 1199 4646 ἐκ
1256 4599 1353 4661 τῆς
1404 4594 1612 4670 ὀροφῆς
1667 4593 1742 4654 εἰς
1791 4590 1887 4647 δύο
1918 4579 1966 4644 D

233 4673 404 4746 μέσος
440 4675 792 4752 διαιρεθέντα,
825 4679 912 4734 καί
959 4700 1077 4734 τινα
1105 4681 1276 4756 πυρὸς
1323 4679 1504 4756 φλόγα
1560 4679 1890 4759 πολύφωτον

227 4761 540 4840 ἔμπροσθεν
599 4767 788 4836 αὐτοῦ,
847 4769 935 4822 καὶ
997 4767 1224 4839 ταύτην,
1261 4765 1456 4841 (ἐδόκει
1521 4769 1623 4844 γὰρ
1695 4769 1890 4825 λοιπὸν

229 4852 498 4930 ὕπαιθρος
528 4855 556 4908 ὁ
586 4854 801 4926 τόπος’)
833 4854 1030 4912 λοιπὸν
1061 4857 1120 4912 ἐκ
1155 4861 1253 4912 τοῦ
1285 4857 1537 4934 οὐρανίου
1569 4859 1760 4934 χώρου
1793 4860 1894 4932 μέ,

234 4961 365 5016 χρις
426 4942 594 4997 αὑτοῦ
649 4946 1088 5022 καταφερομένην
1125 4965 1139 4978 ·
1192 4948 1284 5001 τὸν
1346 4946 1403 5001 δὲ
1460 4947 1681 5022 οὐρανὸν
1734 4947 1891 5003 αὐτὸν

229 5029 710 5104 ἀναπεπταμένον,
751 5033 837 5088 καὶ
873 5033 962 5088 ἐπὶ
1018 5038 1098 5106 τῷ
1149 5035 1307 5107 νώτῳ
1355 5039 1452 5089 τοῦ
1511 5037 1745 5110 οὐρανοῦ
1801 5035 1892 5090 τὸν

233 5121 473 5190 Ἰησοῦν,
527 5121 763 5197 ἀπείρων
813 5122 958 5194 αὐτῷ
1007 5121 1423 5198 ἀνθρωποειδῶς
1479 5125 1894 5199 παρισταμένων

232 5208 508 5284 ἀγγέλων.
547 5211 642 5265 Καὶ
677 5216 847 5266 ταῦτα
910 5213 1002 5286 μὶν
1065 5210 1263 5276 ἄνωθεν
1307 5215 1553 5288 ὁρᾶσθαι,
1586 5214 1677 5268 καὶ
1737 5213 1894 5268 αὐτὸν

233 5297 532 5371 θαυμάζειν
572 5319 584 5331 ·
620 5302 768 5354 κάτω
823 5299 880 5355 δὲ
927 5301 1099 5375 κύψας
1133 5303 1160 5356 ὁ
1201 5301 1441 5378 Κάρπος,
1478 5300 1609 5357 ἰδεῖν
1661 5299 1761 5380 ἔφη
1807 5304 1894 5357 καὶ

229 5388 304 5441 τὸ
334 5383 532 5462 ἔδαφος
562 5390 698 5464 πρὸς
727 5389 925 5465 ἀχανές
955 5412 1006 5445 τι
1050 5391 1238 5465 χάσμα
1280 5391 1366 5446 καὶ
1432 5392 1703 5447 σκοτεινὸν
1753 5390 1894 5467 διερ-

234 5474 543 5552 ῥηγμάνον,
574 5479 665 5533 καὶ
693 5479 819 5541 τοὺς
852 5479 948 5553 μὲν
977 5477 1172 5556 ἄνδρας
1218 5479 1451 5542 ἐκείνους
1497 5483 1581 5545 οἷς
1629 5479 1895 5556 ἐπηρᾶτο,

235 5564 349 5639 πρὸ
381 5566 546 5622 αὐτοῦ
577 5567 714 5623 κατᾶ
745 5570 809 5623 τὸ
858 5568 1082 5642 στόμιον
1132 5567 1411 5639 ἓστηκέναι
1469 5573 1566 5624 τοῦ
1613 5567 1898 5649 ’χᾶσματος

236 5653 616 5731 ὁποτρόμους,
667 5655 958 5734 ἐλεεινοὺς,
1009 5657 1134 5713 ὅσον
1220 5655 1372 5714 οὔπω
1435 5659 1902 5738 καταφερομένους

570 5789 835 5850 ΡΑτιιοι..
885 5793 995 5850 Gn.
1042 5790 1142 5850 1V.

1979 1925 2203 1997 Carpus
2234 1927 2487 1997 hospitio
2519 1927 2762 1998 excepit,
2786 1927 2892 1992 vir,
2935 1926 2982 1981 si
3018 1925 3151 1997 quis
3178 1925 3350 1994 alius,
3395 1929 3630 1997 propter

1981 2031 2256 2085 magnam
2312 2016 2525 2070 mentis
2568 2016 2886 2086 puritatem
2938 2013 3010 2069 ad
3050 2014 3409 2068 cernendum
3447 2014 3625 2068 Deum

1979 2104 2346 2175 aptissimus.
2371 2109 2570 2175 Neque
2614 2105 2772 2159 enim
2804 2119 3002 2159 sacros
3035 2104 3444 2175 mysteriorum
3478 2103 3626 2157 ritus

1982 2193 2451 2264 aggrediebatur,
2477 2193 2589 2247 nisi
2639 2193 2802 2264 prius
2835 2191 2945 2263 ipsi
2976 2192 3035 2245 in
3068 2192 3140 2245 iis
3173 2193 3463 2262 precibus,
3499 2207 3626 2261 quaa

1982 2289 2154 2337 antea
2185 2284 2339 2337 340
2374 2282 2568 2352 perﬁci
2601 2283 2810 2350 solent,
2830 2299 2997 2337 sacra
3017 2287 3074 2336 et
3095 2281 3225 2335 leta
3255 2281 3629 2351 apparuisset

1983 2372 2148 2426 visio.
2179 2372 2234 2426 Is
2267 2372 2503 2443 quidem
2539 2371 2833 2437 narrabat,
2867 2387 3002 2425 cum
3049 2387 3082 2424 a
3131 2371 3410 2441 quodam,
3445 2370 3546 2440 qui
3595 2387 3629 2424 a

1983 2461 2097 2515 ﬁde
2129 2460 2524 2531 religioneque
2557 2464 2756 2515 nostra
2786 2460 3145 2526 abhorreret,
3181 2460 3328 2514 forte
3369 2458 3628 2514 offensus

1984 2554 2140 2604 esset
2171 2549 2442 2622 (tristitiae
2476 2554 2668 2604 autem
2705 2566 2883 2604 causa
2932 2551 3076 2615 erat,
3099 2548 3254 2619 quod
3287 2547 3384 2602 ille
3415 2549 3487 2602 ab
3521 2549 3632 2602 Ec-

1983 2638 2158 2693 clesia
2180 2639 2489 2709 quemdam
2508 2639 2576 2692 ad
2592 2638 2841 2709 impium
2865 2637 3088 2692 cultum
3114 2637 3492 2707 traduxerat),
3509 2640 3634 2690 tum

1985 2744 2116 2782 cum
2150 2729 2325 2782 etiam
2360 2728 2431 2782 ab
2462 2727 2590 2798 ipso
2621 2726 2869 2798 (scilicet
2888 2726 3241 2793 Christiano,
3273 2731 3510 2796 propter
3539 2726 3634 2780 ba—

1985 2815 2544 2888 ptismum)Hilaria
2584 2821 2928 2886 agerentur;
2979 2830 3113 2869 cum
3163 2813 3476 2884 benignam
3529 2829 3632 2884 pro

1986 2909 2238 2975 utroque
2258 2905 2327 2959 ad
2353 2904 2538 2959 Deum
2570 2906 2962 2974 precationem
2996 2903 3238 2958 fundere
3267 2917 3506 2957 necesse
3536 2918 3634 2956 es-

1986 2994 2344 3065 set,Deoque
2367 2998 2662 3048 servatorc
2691 2993 2956 3062 adjutore
2986 2992 3286 3061 adjuncto,
3307 2991 3476 3046 illum
3500 2990 3632 3061 qui-

1987 3085 2118 3139 dem
2153 3087 2506 3148 convertere,
2530 3081 2687 3137 bunc
2718 3099 2848 3138 vero
2881 3082 3109 3138 vincere
3141 3081 3501 3154 benignitate
3526 3096 3630 3134 nec

1988 3172 2271 3228 desistere
2301 3173 2618 3227 admonere
2663 3188 2766 3242 per
2815 3187 2987 3227 omne
3035 3175 3292 3242 tempus,
3327 3185 3512 3241 usque
3560 3169 3633 3223 ad

1990 3259 2145 3314 hunc
2176 3259 2371 3330 ipsum
2417 3259 2594 3327 diem,
2623 3262 2801 3330 atque
2851 3260 2933 3315 ita
2975 3260 3216 3314 demum
3265 3274 3364 3314 eos
3412 3259 3483 3312 ad
3535 3257 3636 3312 Dei

1987 3350 2256 3403 notitiam
2288 3349 2602 3415 deducere;
2643 3348 2811 3419 quasi
2839 3349 2964 3418 jam
2994 3365 3081 3418 ea,
3115 3349 3186 3403 de
3219 3347 3436 3419 quibus
3465 3351 3640 3402 antea

1988 3436 2344 3503 dubitarent,
2372 3437 2693 3507 dijudicata
2723 3443 2942 3506 essent,
2973 3443 3032 3492 et
3071 3438 3142 3492 ab
3175 3436 3246 3491 iis
3277 3453 3405 3508 qua
3439 3435 3642 3490 incon-

1989 3527 2240 3581 siderate
2265 3525 2393 3580 ausi
2425 3530 2643 3594 essent,
2664 3526 3008 3596 resipiscere
3040 3525 3303 3596 legitima
3338 3525 3645 3580 severitate

1989 3620 2372 3685 cogerentur;
2406 3619 2531 3668 tum
2551 3619 2743 3668 tamen
2772 3614 2828 3668 id
2853 3615 3004 3683 quod
3028 3630 3328 3685 nunquam
3353 3612 3464 3668 sibi
3497 3628 3638 3666 usu-

1987 3704 2258 3768 venisset,
2294 3703 2447 3756 haud
2502 3704 2622 3757 scio
2670 3703 2963 3773 quomodo
3013 3718 3222 3772 magno
3271 3702 3523 3770 quodam
3577 3703 3635 3752 et

1988 3791 2195 3847 acerbo
2225 3791 2407 3845 animi
2437 3790 2636 3846 dolore
2665 3792 3012 3856 confectum,
3040 3789 3221 3860 quieti
3251 3789 3520 3854 dedisse;
3565 3804 3630 3841 ac

1987 3897 2049 3936 se
2080 3880 2315 3951 quidem
2349 3880 2635 3934 dormisse
2665 3880 2746 3934 ita
2777 3878 2925 3933 male
2954 3880 3226 3934 aﬁ'ecturn
3276 3883 3420 3946 (erat
3469 3876 3626 3932 enim

1985 3970 2269 4038 vespera);
2301 3969 2490 4024 media
2519 3973 2715 4023 autem
2748 3968 2979 4022 circiter
3008 3973 3174 4022 nocte
3205 3968 3438 4038 (solitus
3469 3967 3628 4022 enim

1986 4063 2111 4114 erat
2149 4058 2256 4112 hoc
2297 4062 2558 4128 tempore
2589 4073 2692 4128 per
2718 4073 2780 4112 se
2810 4057 2883 4110 ad
2913 4057 3142 4112 divinos
3188 4055 3434 4128 hymnos
3481 4056 3630 4127 vigi-

1988 4147 2129 4215 lare)
2161 4147 2485 4202 surrexisse
2531 4147 2794 4218 quidem,
2827 4163 2959 4201 cum
2994 4163 3098 4201 nec
3125 4163 3403 4201 somnum
3434 4145 3631 4217 ipsum

1992 4237 2093 4307 qui
2124 4236 2281 4290 altus
2312 4236 2539 4301 fuisset,
2571 4239 2629 4290 et
2655 4250 2887 4306 semper
2939 4235 3311 4306 interruptus
3343 4236 3470 4290 sine
3499 4251 3637 4290 con-

1994 4325 2329 4380 turbatione
2360 4324 2631 4396 cepisset,
2665 4329 2918 4379 stantem
2963 4329 3159 4379 tamen
3191 4325 3261 4378 ad
3295 4324 3491 4379 divina
3522 4322 3640 4377 col-

1993 4415 2213 4486 loquia,
2245 4413 2567 4478 irreligiose
2623 4412 2906 4479 doluisse,
2933 4418 2990 4467 et
3036 4414 3240 4467 acerbe
3287 4412 3515 4479 tulisse,
3549 4412 3641 4465 di-

1999 4512 2248 4574 centem,
2283 4521 2397 4559 non
2429 4521 2558 4559 esse
2597 4520 2832 4574 aequum
2881 4503 3038 4557 viros
3085 4502 3298 4573 impios
3345 4503 3556 4567 vivere,
3585 4505 3643 4556 et

2000 4593 2101 4666 qui
2143 4593 2266 4648 vias
2314 4591 2540 4647 Domini
2591 4597 2780 4646 rectas
2814 4595 3244 4661 perverterent:
3291 4590 3412 4644 base
3441 4590 3640 4645 dicen-

1999 4688 2139 4750 tem,
2180 4686 2482 4754 precatum
2541 4695 2671 4736 esse
2720 4697 2754 4735 a
2802 4679 2938 4745 Deo,
2972 4683 3036 4734 ut
3083 4679 3393 4735 amborum
3442 4679 3644 4743 vitam,

2002 4772 2127 4829 sine
2160 4768 2559 4826 misericordia
2604 4768 2835 4823 turbine
2883 4768 3077 4838 aliquo
3124 4769 3294 4839 igneo
3336 4769 3648 4838 abrumpe-

2003 4865 2109 4917 ret.
2134 4863 2269 4926 Quee
2318 4874 2453 4914 cum
2485 4857 2750 4926 dixisset,
2784 4856 3284 4912 commemorabat
3314 4856 3426 4912 sibi
3456 4857 3648 4912 visum

2002 4965 2132 5005 esse
2163 4949 2358 5003 videre
2387 4951 2623 5018 repente
2653 4946 2894 5000 domum
2936 4945 2996 5000 in
3041 4962 3158 5016 qua
3206 4950 3408 5015 staret,
3439 4945 3653 5018 agitari

2005 5040 2286 5110 primum,
2318 5036 2528 5090 deinde
2560 5052 2592 5089 a
2616 5034 2828 5089 vertice
2855 5034 2910 5088 in
2945 5034 3092 5089 duas
3125 5039 3319 5105 partes
3374 5034 3656 5089 dimidias

2005 5126 2280 5195 divndi,et
2305 5129 2438 5180 ante
2469 5140 2532 5179 se
2564 5139 2771 5196 rogum
2806 5124 3124 5194 quemdam
3158 5124 3354 5196 magni
3390 5123 3655 5192 luminis,

2007 5231 2259 5286 eumque
2291 5213 2424 5284 (sub
2457 5212 2550 5267 dio
2583 5213 2738 5266 enim
2773 5210 2940 5267 locus
2970 5211 3068 5267 ille
3098 5229 3227 5267 esse
3269 5213 3594 5283 videbatur)
3628 5227 3658 5266 e

2008 5303 2151 5360 coelo
2183 5318 2370 5373 usque
2402 5302 2471 5356 ad
2507 5301 2766 5371 seipsum
2801 5300 3048 5356 deferri:
3080 5301 3288 5356 cmlum
3323 5318 3456 5357 vero
3489 5319 3658 5374 aper-

2009 5402 2126 5448 tum
2161 5396 2216 5447 et
2245 5391 2302 5444 in
2337 5406 2592 5445 convexa
2622 5388 2750 5443 cmli
2800 5390 3110 5460 superﬁcie
3139 5394 3341 5446 Jesum
3374 5392 3659 5446 assisten-

2008 5481 2166 5536 tibus
2196 5477 2730 5534 innumerabilibus
2761 5477 3011 5550 angelis,
3042 5479 3353 5536 hominum
3387 5481 3576 5552 ﬁgura
3605 5495 3664 5544 et

2010 5569 2223 5643 specie.
2257 5570 2445 5639 Atque
2495 5566 2616 5622 haec
2671 5567 2911 5640 quidem
2945 5586 2978 5624 a
3008 5568 3152 5627 ccelo
3201 5569 3385 5626 videri
3430 5585 3668 5626 summa

2010 5675 2145 5718 cum
2189 5674 2297 5716 sua
2336 5655 2747 5714 admiratione.
2781 5662 2924 5714 Cum
2970 5663 3166 5715 autem
3214 5659 3341 5732 ipse
3389 5660 3663 5716 deorsum

3269 5789 3343 5845 19
