3972 6214
271 236 378 293 587

1497 233 1557 284 8.
1598 230 1917 285 ΒΙΟΝῩΒΠ
1958 235 2466 296 AREOPAGITE.

3594 237 3702 292 588

272 358 474 417 oculos
502 354 904 423 convertisset,
925 370 1160 410 cernere
1184 369 1248 409 se
1273 353 1467 410 aiebat
1497 353 1673 409 etiam
1704 356 1840 408 terra

2138 379 2146 409 ι
2199 361 2326 422 τῆς-
2355 364 2462 416 τῶν
2524 359 2737 416 οἶκείων
2797 358 2981 416 ποδῶν
3013 359 3271 424 ἀστασίας
3299 380 3312 395 ⁸
3348 362 3592 417 κάτωθεν
3644 359 3706 414 δὶ

270 450 464 521 ipsam
495 447 579 502 ita
606 443 974 512 discessisse,
998 446 1063 498 ut
1093 443 1380 499 obscurus
1411 441 1650 515 quidam
1685 445 1740 497 et
1759 446 1921 497 tene-

271 538 540 594 bricosus
561 534 758 589 hiatus
781 531 1061 588 exsistere
1094 532 1416 587 videretur:
1451 535 1626 601 atque
1657 529 1925 586 homines

275 625 514 698 quidem
563 622 697 678 illos
747 621 965 692 quibus
999 621 1152 676 male
1182 624 1452 692 precatus
1489 624 1665 687 esset,
1699 623 1833 674 ante
1863 635 1926 675 se

276 716 348 770 ad
395 731 460 770 os
509 712 707 767 hiatus
753 716 909 766 stare
952 713 1272 765 trementes
1319 714 1377 765 et
1424 708 1694 777 miseros,
1725 713 1782 763 et
1825 707 1925 779 qui

275 805 395 859 fere
429 819 541 874 prae
573 801 791 873 pedum
825 815 1068 855 suorum
1102 797 1485 854 instabilitate
1516 798 1925 869 demergeren-

277 900 398 949 lur:
442 892 512 946 ab
545 890 819 946 inferiore
851 893 1048 943 autem
1081 886 1208 942 loco
1240 904 1308 942 ex
1342 887 1505 942 hiatu
1537 903 1762 957 angues
1793 903 1925 941 sur-

274 997 408 1038 sum
443 995 694 1051 serpere,
729 983 905 1048 atque
935 976 1007 1031 ad
1040 992 1243 1031 eorum
1293 977 1472 1047 pedes
1521 991 1656 1030 cum
1701 974 1923 1030 sensim

274 1074 667 1136 moverentur,
700 1068 847 1122 341
888 1065 1185 1120 interdum
1236 1063 1472 1136 quidem
1527 1063 1765 1119 sibilare
1813 1062 1923 1118 mi-

272 1163 503 1226 nantes,
529 1155 707 1212 simul
737 1161 794 1210 et
824 1154 1223 1225 deprimentes
1254 1158 1430 1224 atque
1458 1153 1760 1208 trahentes
1787 1169 1800 1206 :
1834 1154 1924 1208 in-

268 1250 498 1303 terdum
531 1255 728 1302 autem
761 1243 1038 1299 dentibus
1060 1246 1160 1297 aut
1184 1240 1388 1297 caudis
1411 1241 1813 1311 incendentes,
1837 1241 1926 1296 vel

269 1336 690 1399 demulcentes,
723 1332 1002 1404 omnique
1035 1331 1260 1386 ratione
1308 1336 1570 1403 agentes,
1606 1336 1670 1386 ut
1716 1347 1816 1386 eos
1864 1330 1924 1385 in

268 1426 498 1482 hiatum
531 1424 700 1478 illum
747 1421 1077 1492 injicerent.
1109 1420 1252 1475 Esse
1303 1421 1480 1475 etiam
1532 1421 1815 1490 quosdam
1864 1418 1924 1473 in

268 1514 484 1582 medio,
519 1512 616 1584 qui
653 1528 770 1566 una
801 1526 932 1566 cum
965 1508 1338 1580 serpentibus
1382 1508 1442 1563 in
1492 1508 1764 1564 homines
1794 1507 1928 1564 illos

269 1603 612 1658 invaderent
665 1599 1073 1671 cxagitatione,
1135 1598 1332 1668 pulsu,
1383 1601 1440 1652 et
1489 1597 1867 1670 percussione
1911 1615 1925 1654 :

2036 446 2145 500 ἀπὸ
2200 452 2297 502 τοῦ
2363 451 2670 524 χάσματος,
2719 447 2867 526 ὄφεις
2924 450 3200 526 ἀνέρπειν,
3251 450 3342 506 καὶ
3396 451 3520 525 περὶ
3576 449 3708 512 τοὺς

2033 530 2208 596 πόδας
2265 535 2441 592 αὐτῶν
2507 537 2996 610 ὑποκινουμένους,
3047 539 3184 593 ποτε
3253 540 3349 611 μὶν
3433 537 3704 613 συρίττειν

2035 621 2554 698 ἰπαπειΛουμένους,
2589 628 2700 700 ἅμα
2745 627 2833 681 καὶ
2883 622 3304 703 ἐπιϐαροῦνταί,
3357 629 3448 682 καὶ
3497 625 3698 682 ’ἐλκονο

2031 733 2128 775 τας
2163 731 2176 744 °
2207 713 2340 768 ποτὲ
2365 712 2422 768 δὶ
2464 716 2553 770 καὶ
2584 722 2701 778 τοὶς
2733 714 2977 790 οὐραίοις
3008 716 3381 794 ὑποτύφοντας
3429 717 3516 771 καὶ
3556 717 3696 772 ὑπο-

2031 799 2487 877 γαργαλίζοντας,
2515 802 2605 857 καὶ
2663 801 2753 858 διὰ
2799 805 3012 866 παντὸς
3067 803 3145 866 είς
3191 805 3253 860 τὸ
3303 804 3499 880 ἀχανές
3539 800 3719 878 ἐμϐα-

2034 887 2149 943 λεῖν
2199 893 2658 966 μηχανωμένους.
2720 891 2872 948 Εἶναι
2940 889 2997 946 δέ
3057 889 3146 946 καί
3199 889 3396 968 ἄνδρας
3449 893 3600 955 τινάς
3651 892 3711 948 ἐν

2038 978 2185 1052 μέσῳ
2231 985 2348 1040 τοῖς
2405 976 2578 1058 ὄφεσι,
2632 980 2769 1035 κατά
2839 985 2951 1036 τῶν
3017 977 3226 1054 ἀνδρῶν
3288 982 3712 1055 συνεπιτιθεμέ-

2031 1065 2584 1136 νους,διαδονοῦντας
2645 1070 2759 1143 ἅμα
2806 1070 2896 1124 καὶ
2954 1070 3449 1141 ὑπωθοῦντας,καὶ
3506 1072 3722 1125 παίον-

2032 1177 2126 1218 τας
2161 1178 2172 1190 ·
2210 1155 2430 1212 ἐδόκουν
2460 1158 2516 1213 δὲ
2548 1161 2687 1213 εἶναι
2717 1158 2853 1232 πρὸς
2883 1158 2950 1214 τὸ
3002 1164 3184 1213 πεσεῖν
3233 1157 3458 1231 ἐκεῖνοι,
3487 1160 3557 1214 τά
3610 1161 3723 1233 μὲν

2037 1245 2139 1301 ἐκό
2166 1268 2310 1315 ντες,
2357 1249 2425 1302 τὰ
2483 1246 2539 1302 δὲ
2589 1246 2832 1317 ἄκοντες,
2900 1248 3003 1302 ὑπὸ
3052 1251 3148 1302 τοῦ
3193 1252 3364 1302 κακοῦ
3414 1249 3724 1324 βιαζόμενο

2035 1336 2157 1389 κατ’
2191 1333 2381 1410 ὀλίγον
2433 1338 2543 1409 ἅμα
2580 1337 2670 1390 καὶ
2720 1335 3056 1409 πειθόμενοι.
3109 1338 3304 1412 Ἔλεγε
3351 1334 3409 1391 δὶ
3462 1337 3618 1392 αὐτὸν
3673 1339 3710 1392 ὁ

2040 1425 2260 1499 Κάρπος
2290 1421 2513 1493 ἥδεσθαι
2545 1425 2695 1480 κάτω
2731 1423 3026 1500 βλέποντα,
3053 1430 3162 1480 τῶν
3196 1423 3305 1480 ἅνω
3337 1422 3395 1480 δὶ
3423 1425 3648 1498 ἀμελεῖν
3688 1444 3706 1459 ⁶

2039 1509 2406 1589 δυσχεραίνειν
2468 1511 2524 1568 δὲ
2575 1513 2668 1568 καὶ
2723 1512 3040 1589 ὀλιγωρεῖν,
3073 1513 3157 1568 ὅτι
3205 1515 3282 1587 μὴ
3324 1511 3433 1584 ἤδη
3464 1517 3705 1569 πεπτώ-

2036 1622 2180 1670 κασι,
2240 1601 2328 1656 καὶ
2384 1600 2465 1675 τῷ
2516 1603 2795 1676 πράγματι
2861 1599 3136 1664 πολλάκις
3205 1601 3516 1677 ἐπιθέμενον
3595 1603 3701 1658 καὶ

269 1692 428 1748 visos
481 1695 678 1745 autem
730 1704 858 1744 esse
906 1688 1062 1743 viros
1111 1687 1399 1753 decidere,
1436 1686 1646 1758 partim
1699 1703 1837 1758 spon

384 1781 418 1796 ..
546 1778 558 1790 .
989 1793 1008 1796 _
1067 1774 1213 1796 ‘__._
1275 1775 1495 1796 nu,“
1561 1781 1823 1796 ____-_,

2141 1691 2464 1760 νατήσαντα,
2531 1690 2866 1765 ἀχθεσθῆναι
2901 1734 2915 1760 ,
2961 1691 3052 1745 καὶ
3145 1691 3548 1765 ἐπαράσασθαι·
3596 1692 3704 1746 καὶ

2208 1777 2222 1796 Ι
2504 1778 2543 1796 I‘
2694 1776 2744 1796 ’δ
2777 1785 2800 1795 υ
2921 1780 2936 1796 ς
3091 1778 3150 1796 TA
3315 1781 3329 1796 ἱ
3479 1778 3492 1796 9
3607 1780 3620 1796 \

269 1781 486 1853 partim
544 1778 744 1843 invite,
777 1778 934 1848 quod
985 1793 1019 1831 a
1067 1774 1219 1830 malo
1272 1775 1502 1831 sensim
1555 1781 1924 1846 cogerentur.

268 1870 557 1926 Narrabat
589 1884 759 1939 porro
791 1867 1014 1937 Carpus
1046 1881 1108 1920 se
1136 1864 1498 1935 voluptatem
1549 1881 1754 1936 capere
1784 1864 1922 1920 soli-

268 1962 418 2025 tum,
455 1973 590 2012 cum
621 1955 900 2010 inferiora
946 1953 1254 2026 aspiceret,
1289 1953 1594 2024 superiora
1642 1968 1774 2007 vero
1821 1970 1922 2008 ne-

266 2047 523 2118 gligere:
574 2045 828 2118 graviter
873 2048 1072 2098 autem
1119 2044 1267 2097 ferre
1317 2047 1374 2096 et
1423 2041 1732 2113 negligere,
1767 2043 1921 2113 quod

266 2135 528 2190 nondum
560 2133 942 2198 decidissent,
975 2136 1150 2202 atque
1182 2130 1239 2184 in
1277 2130 1424 2184 banc
1457 2145 1574 2184 rem
1608 2146 1738 2185 cum
1771 2147 1924 2202 saepe

268 2223 662 2288 incubuisset,
695 2238 802 2276 nec
855 2219 1219 2292 profecisset,
1248 2224 1304 2274 et
1353 2219 1558 2274 acerbe
1607 2218 1836 2286 tulisse,
1868 2224 1924 2274 et

270 2313 422 2369 male
452 2317 748 2384 precatum
776 2325 934 2365 esse:
960 2326 1090 2364 cum
1123 2308 1215 2362 vix
1236 2309 1473 2362 tandem
1506 2307 1717 2362 ccelum
1751 2325 1923 2379 aspe-

265 2401 473 2469 xisset,
503 2401 721 2457 vidisse
752 2398 992 2471 quidem
1037 2396 1182 2452 illud
1233 2413 1491 2465 rursum,
1542 2398 1921 2468 quemadmo-

266 2492 408 2546 dum
438 2490 612 2545 etiam
647 2494 818 2545 antea
846 2487 1121 2542 vidisset:
1154 2487 1354 2541 Iesum
1387 2491 1578 2541 autem
1627 2503 1802 2557 quem
1849 2487 1920 2541 ad

269 2577 762 2645 misericordiam,
797 2576 854 2630 id
903 2575 1056 2646 quod
1116 2575 1430 2646 gerebatur
1486 2575 1919 2642 commovisset,

267 2667 592 2724 surrexisse
623 2683 692 2722 ex
721 2664 941 2720 cmlesti
973 2663 1142 2732 solio,
1175 2669 1232 2719 ct
1262 2680 1396 2719 cum
1440 2663 1509 2718 ad
1543 2679 1644 2719 eos
1675 2664 1920 2719 descen-

268 2757 470 2824 disset,
523 2772 766 2811 manum
817 2754 1133 2825 benignam
1184 2753 1533 2824 porrexisse,
1575 2758 1632 2808 et
1681 2753 1920 2825 angelos

267 2849 364 2922 qui
401 2866 520 2904 una
547 2845 832 2903 auxilium
866 2845 1100 2910 ferrent,
1125 2843 1278 2899 viros
1299 2842 1480 2898 alium
1514 2842 1629 2898 alia
1656 2861 1724 2899 ex
1756 2850 1920 2915 parte

2036 1777 2396 1833 ἀνανεόσαντα
2449 1778 2634 1851 μόλις,
2694 1776 2828 1834 ἰδεῖν
2882 1780 2978 1854 μὲν
3057 1778 3207 1843 αὖθις
3277 1781 3370 1834 τὸν
3440 1778 3700 1852 οὐρανὸν,

2033 1867 2212 1940 ὥσπερ
2243 1867 2333 1922 καὶ
2379 1866 2640 1943 πρότερον
2702 1868 2928 1943 ἑωράκει
2970 1885 2985 1902 ⁶
3013 1868 3105 1924 τὸν
3151 1865 3209 1922 δὲ
3252 1869 3486 1938 Ἰησοῦν,
3517 1867 3694 1939 ἐλεή-

2033 1977 2196 2010 σαντα
2244 1956 2307 2010 τὸ
2362 1955 2669 2030 γινόμενον,
2730 1956 3076 2026 ἐξαναστῆναι
3143 1961 3242 2012 τοῦ
3295 1957 3696 2032 ὑπερουρανίου

2035 2044 2248 2120 θρόνου,
2280 2043 2370 2098 καὶ
2394 2041 2498 2108 ἕως
2529 2044 2701 2099 αὐτῶν
2746 2040 3050 2100 καταϐάντα
3095 2049 3257 2120 χεῖρα
3303 2045 3506 2120 ἀγαθὴν
3560 2045 3699 2119 ὀρέ-

2030 2153 2140 2207 γειν
2178 2152 2190 2164 ⁶
2223 2134 2312 2187 καὶ
2339 2135 2467 2196 τοῦς
2500 2133 2784 2210 ἀγγέλους,
3011 2128 3696 2207 συνεπιλαμόανομένους,

2034 2221 2202 2277 ἄλλον
2238 2219 2470 2287 ἄλλοθεν
2503 2223 2819 2298 ἀντέχεσθαι
2849 2228 2964 2277 τοῖν
2999 2220 3241 2298 ἀνδροῖν,
3271 2222 3363 2277 καὶ
3412 2223 3580 2277 εἰπεῖν
3606 2229 3699 2296 τῷ

2033 2312 2234 2386 Κάρπῳ
2288 2311 2381 2365 τὸν
2417 2313 2655 2382 Ἰησοῦν,
2689 2318 2791 2381 τῆς
2841 2312 3028 2387 χειρὸς
3075 2309 3185 2382 ἤδη
3231 2301 3642 2388 προτεταμένης
3675 2333 3697 2348 ο

2034 2425 2062 2451 ‹‹
2093 2406 2225 2455 Παῖε
2268 2401 2388 2455 κατ’
2413 2400 2548 2472 ἐμοῦ
2576 2401 2771 2456 λοιπόν
2809 2422 2822 2436 ο
2855 2397 3078 2474 ἕτοιμος
3110 2401 3212 2477 γάρ
3243 2400 3360 2474 εἰμι
3409 2403 3497 2456 καὶ
3532 2401 3698 2464 αὖθις

2035 2489 2165 2564 ὑπὲρ
2203 2490 2497 2565 ἀνθρώπων
2530 2490 2956 2563 ἀνασωζομένων
3000 2495 3213 2560 παθεῖν,
3244 2489 3334 2546 ιαὶ
3386 2491 3700 2564 προσφιλές

2038 2599 2134 2650 μοι
2165 2575 2350 2645 τοῦτο,
2387 2579 2462 2651 μή
2495 2576 2684 2634 ἄλλων
2718 2579 3135 2656 ἁμαρτανόντων
3172 2579 3498 2654 ἀνθρώπων.
3529 2578 3690 2647 Πλὴν

2031 2666 2131 2741 ὅρα
2179 2667 2224 2720 εἰ
2272 2665 2456 2728 καλῶς
2503 2666 2618 2742 ἔχει
2668 2688 2751 2722 σοι
2795 2669 2894 2736 τὴν
2933 2667 2986 2722 ἐν
3015 2673 3094 2740 τῷ
3119 2665 3389 2744 χάρματι,
3423 2667 3516 2722 καὶ
3553 2668 3696 2741 μιτά

2027 2759 2136 2809 τῶν
2169 2749 2340 2833 ὄφεων
2379 2756 2550 2828 μονὴν
2590 2753 3021 2826 ἀνταλλάξασθαι
3057 2763 3156 2826 τῆς
3213 2756 3350 2828 μετά
3407 2760 3543 2811 Θεοῦ
3593 2757 3691 2810 καὶ

2027 2848 2136 2898 τῶν
2167 2845 2379 2920 ἀγαθῶν
2411 2845 2501 2900 καὶ
2534 2843 2936 2923 φιλανθρώπων
2970 2843 3246 2922 ἀγγέλων.
3278 2868 3307 2898 ››

264 2935 600 2999 retinuisse,
631 2934 847 2988 dixisse
876 2936 1060 3003 Carpo
1090 2932 1291 2987 Jesum
1329 2937 1652 3001 porrectam
1684 2932 1876 2987 adhuc
1909 2950 2147 2989 manum
2181 2934 2456 2990 habenti:
2493 2957 2520 2984 «
2552 2934 2678 2990 Feri
2711 2950 2804 2989 me
2825 2935 2952 3006 jam
2980 2953 2994 3005 ;
3038 2939 3278 3006 paratus
3327 2950 3462 2990 sum
3514 2933 3675 2989 enim

263 3040 502 3081 rursum
543 3022 754 3078 salutis
783 3021 1092 3076 hominum
1125 3036 1298 3075 causa
1329 3029 1575 3075 mortem
1607 3023 1868 3093 perpeti:
1923 3023 2188 3094 mihique
2220 3024 2328 3078 hoc
2361 3029 2700 3095 pergratum
2747 3029 2859 3088 est,
2891 3024 3030 3080 dum
3086 3023 3184 3080 alii
3238 3023 3519 3079 homines
3570 3038 3691 3078 non

265 3117 527 3186 peccent.
562 3111 669 3166 Sed
701 3110 852 3181 vide,
883 3126 1027 3165 num
1061 3109 1166 3164 tibi
1198 3107 1340 3164 utile
1369 3108 1446 3164 sit
1477 3108 1627 3164 hanc
1661 3110 1718 3164 in
1747 3110 1906 3166 hiatu
1940 3117 1998 3166 et
2027 3129 2162 3168 cum
2194 3113 2567 3185 serpentibus
2602 3113 2992 3180 mansionem,
3026 3113 3324 3169 mansioni
3374 3128 3509 3168 cum
3568 3113 3684 3168 Deo

265 3209 323 3258 et
353 3199 622 3273 benignis
654 3199 1081 3270 hominumque
1111 3197 1447 3254 amantibus
1478 3197 1702 3270 angelis
1731 3204 2105 3270 anteponere.
2140 3221 2168 3250 »

337 3331 469 3397 Ipse
517 3324 715 3396 igitur,
748 3324 996 3380 formam
1036 3321 1443 3379 ecclesiasticas
1475 3323 1905 3379 constitutionis

2113 3323 2266 3387 ίῦτὸς
2293 3323 2470 3378 τοίνυν
2507 3325 2727 3394 καὶτῆς
2781 3321 3238 3394 έκκλησιαστικῆς
3297 3324 3681 3387 καταστάσεως

263 3416 706 3485 interpretatus,
741 3417 943 3484 postea
973 3411 1045 3467 ad
1078 3411 1469 3467 occidentales
1509 3419 1699 3483 partes
1729 3413 1917 3483 impe-

266 3509 434 3559 rante
465 3501 797 3558 Domitiano
840 3501 1122 3572 pervenit,
1158 3500 1481 3572 multisque
1530 3500 1809 3557 exhibitis
1857 3501 1916 3555 in

263 3593 496 3649 civitate
527 3591 843 3647 Parisiensi
887 3589 1210 3659 miraculis,
1241 3589 1428 3661 capite
1476 3589 1798 3660 plectitur:
1851 3606 1918 3644 ac

263 3684 404 3738 dum
435 3682 631 3754 ipsum
666 3679 919 3752 propriis
962 3679 1238 3734 manibus
1282 3679 1661 3749 suscepisset,
1696 3679 1766 3733 ad
1803 3678 1918 3733 duo

264 3773 520 3829 miliaria
550 3787 899 3844 progressus
930 3773 1040 3835 est,
1067 3786 1202 3825 cum
1235 3770 1628 3840 spectantium
1663 3769 1919 3824 admira-

261 3864 442 3929 tione,
474 3878 662 3931 nsque
711 3861 876 3932 prius
915 3860 1110 3930 ipsum
1141 3858 1400 3922 demisit,
1433 3875 1611 3929 quam
1665 3857 1917 3925 mulieri,

264 3951 358 4007 cui
393 3967 605 4006 nomen
635 3949 861 4018 Catula,
896 3964 1230 4017 occurrens,
1264 3947 1336 4002 ab
1386 3963 1475 4013 ea,
1506 3947 1704 4002 divino
1754 3963 1918 4017 pror-

262 4055 368 4094 sus
409 4037 676 4102 consilio,
705 4036 1198 4108 comprehensus,
1231 4036 1360 4106 ejus
1412 4037 1686 4091 manibus
1738 4033 1918 4090 veluti

259 4126 606 4182 thesaurum
634 4125 889 4197 aliquem
915 4125 1329 4197 imposuisset:
1351 4123 1624 4179 similiter
1642 4124 1920 4179 Rusticus

260 4219 319 4271 et
358 4213 731 4270 Eleutherius
782 4212 945 4268 illius
994 4211 1270 4283 discipuli
1321 4213 1511 4284 capite
1562 4212 1918 4285 plectuntur,

259 4309 440 4376 atque
469 4319 602 4358 cum
637 4301 788 4358 sacri
823 4302 1108 4374 praeconis
1126 4306 1182 4357 et
1201 4301 1474 4373 martyris
1507 4317 1747 4372 corpore
1778 4317 1919 4356 san-

259 4399 490 4449 ctorum
523 4409 770 4464 corpora
814 4391 1198 4462 abjiciuntur,
1234 4390 1372 4446 feris
1400 4395 1456 4445 et
1487 4390 1692 4445 avibus
1724 4390 1782 4444 in
1819 4407 1918 4460 pa-

257 4482 464 4538 bulum
517 4483 763 4552 objecta.
816 4480 1066 4543 Quidam
1124 4495 1260 4534 vero
1320 4477 1583 4534 ﬁdelium
1640 4478 1916 4549 reliquias

257 4581 596 4626 sanctorum
643 4569 906 4640 capiunt,
939 4573 996 4624 et
1037 4568 1096 4622 in
1144 4569 1396 4623 obscuro
1443 4567 1568 4622 loco
1615 4567 1918 4636 deponunt

256 4663 493 4730 propter
523 4659 894 4730 ingruentem
928 4656 1272 4711 carnificum
1307 4654 1577 4711 timorem
1608 4672 1620 4709 :
1669 4670 1802 4709 cum
1833 4653 1920 4724 illi

2029 3412 2364 3485 ἑρμηνεύσας
2419 3411 2512 3467 τᾶν
2569 3413 2762 3481 τόπον,
2826 3413 2960 3485 μετὰ
3013 3417 3181 3467 ταῦτα
3229 3407 3560 3467 καταλαϐὼν
3616 3413 3688 3466 τὰ

2029 3500 2248 3576 ἑσπέρια
2300 3501 2438 3573 μέρη
2499 3500 2586 3555 ἐπὶ
2654 3509 2756 3571 τῆς
2843 3500 3123 3577 βασιλείας
3182 3504 3538 3574 Δομετιανοῦ,
3596 3500 3686 3555 καὶ

2027 3587 2215 3644 πολλά
2244 3589 2490 3662 θαύματα
2541 3588 2964 3663 ἐπιδειξάμενος,
2995 3588 3047 3644 ἐν
3100 3590 3332 3665 Παρισίᾳ
3375 3593 3447 3663 τῇ
3495 3589 3683 3659 πόλει,

2027 3680 2128 3748 τὴν
2172 3678 2413 3747 κεφαλὴν
2448 3678 2802 3752 ἀποτέμνεται
2841 3699 2854 3712 ⁸
2887 3679 2978 3733 καὶ
3027 3678 3230 3750 ταύτην
3283 3676 3444 3740 ῗδίαις
3496 3679 3687 3754 χερσὶν

2034 3764 2448 3840 ὑποδεξάμενος,
2488 3767 2651 3843 μέχρι
2684 3766 2778 3823 δύο
2820 3767 3019 3840 μιλίων
3071 3763 3305 3835 ἐϐάδισε,
3338 3769 3521 3839 θαῦμα
3563 3772 3686 3829 τοῖς

2031 3855 2232 3929 ὁρῶσιν
2271 3855 2666 3928 ἐνστησάμενος
2690 3875 2702 3887 ο
2735 3857 2826 3910 καὶ
2857 3855 2918 3911 οὐ
2949 3856 3213 3932 πρότερον
3245 3855 3451 3924 ταύτην
3493 3855 3686 3924 ἀνῆκε,

2029 3945 2155 4016 πρὶν
2212 3946 2300 4000 ὅτε
2351 3945 2564 4020 γυναικῖ
2623 3945 2851 4018 ὀνόματι
2908 3942 3159 4016 Raro-51¢
3217 3945 3550 4013 ὑπαντήσας,
3597 3943 3688 3998 καὶ

2028 4035 2165 4088 κατά
2206 4033 2346 4089 θείαν
2405 4036 2620 4098 πάντως
2652 4036 2934 4110 συσχεθεὶς
2979 4033 3264 4111 πρόνοιαν,
3293 4037 3413 4093 ταῖς
3472 4032 3688 4102 ἐκείνης

2029 4121 2311 4196 παλάμαις
2371 4123 2485 4178 οἶόν
2543 4145 2664 4178 τινα
2723 4123 2996 4199 θησαυρὸν
3050 4121 3359 4186 ἐναπέθετο.
3407 4121 3689 4183 Ὡσαύτως

2029 4212 2336 4275 Ῥουστικὸς
2386 4213 2474 4267 καὶ
2520 4211 2864 4288 Ἐλευθέριος
2921 4215 3357 4286 καρατομοῦνται
3416 4210 3466 4264 οἱ
3519 4210 3688 4265 αὐτοῦ

2030 4301 2285 4374 φοιτηταί
2326 4320 2338 4332 ·
2368 4301 2455 4355 καὶ
2510 4300 2602 4354 σὺν
2647 4305 2725 4372 τῷ
2778 4305 3095 4375 μαρτυρικῷ
3137 4302 3348 4372 σώματι
3385 4301 3484 4352 τοῦ
3535 4298 3686 4373 ἱεροῦ

2027 4388 2266 4460 κήρυκος
2295 4389 2364 4442 τὰ
2391 4393 2498 4443 τῶν
2530 4389 2694 4463 ἁγίων
2734 4387 2962 4461 σώματα
2996 4387 3297 4463 ῥίπτονται,
3328 4384 3491 4458 θηρσὶ
3547 4385 3687 4461 βορὰ

2027 4475 2117 4530 καὶ
2177 4475 2383 4550 ὀρνέοις
2452 4477 2807 4552 προκείμενα.
2871 4480 3078 4533 ιΙιστῶν
3150 4473 3208 4530 δέ
3259 4494 3402 4536 τινες
3449 4473 3519 4527 τὰ
3571 4477 3683 4528 τῶν

2029 4561 2196 4636 ἁγίων
2249 4557 2590 4635 λαμϐάνουσι
2640 4561 2891 4636 λείψανα,
2922 4561 3010 4617 καὶ
3062 4561 3116 4616 ἐν
3171 4565 3251 4632 τῷ
3293 4560 3486 4636 ἀφανεῖ
3517 4579 3683 4614 κατα-

2028 4651 2262 4706 τίθενται
2295 4649 2385 4705 διά
2411 4652 2504 4707 τὸν
2539 4651 2877 4725 ἐπικείμενον
2911 4645 3080 4729 φόϐον
3130 4654 3237 4705 τῶν
3289 4647 3506 4721 δημίων
3538 4668 3551 4682 ·
3584 4646 3684 4701 κά-

255 4713 452 4804 autem
478 4713 967 4812 abiissent,beata
985 4743 1189 4800 Catula
1209 4748 1533 4815 martyrum
1554 4742 1823 4815 reliquias

2109 4761 2216 4794 νων
2276 4737 2727 4815 ἀπαλλαγέντων,
2787 4737 2838 4794 ἔν
2896 4761 3004 4794 τινι
3070 4738 3137 4792 τά
3213 4741 3322 4792 τῶν
3385 4735 3677 4811 μαρτύρων

255 4835 454 4909 aliquo
508 4835 723 4906 templo
772 4833 1047 4899 collocat,
1093 4831 1186 4888 die
1232 4833 1405 4888 tertia
1450 4831 1732 4888 Octobris.
1781 4831 1918 4886 Erat

253 4943 413 4994 vero,
439 4925 489 4980 si
521 4939 860 4995 corpoream
904 4927 1132 4992 spectes
1181 4922 1460 4993 speciem,
1484 4923 1638 4978 342
1684 4921 1914 4993 magni-

251 5015 456 5069 tudine
494 5013 792 5076 mediocri,
821 5028 1034 5077 macer,
1062 5011 1459 5082 subpallibus,
1483 5028 1623 5066 naso
1646 5011 1914 5081 aliquan-

251 5103 445 5158 tulum
495 5103 794 5173 depresso,
829 5099 1163 5172 superciliis
1220 5101 1559 5168 contractis,
1591 5099 1776 5155 oculis
1809 5100 1912 5154 de-

250 5193 451 5256 fossis,
482 5192 726 5247 auribus
775 5191 1008 5262 magnis
1057 5191 1357 5262 praeditus,
1384 5207 1588 5260 canus,
1622 5194 1908 5256 comatus,

252 5279 436 5334 barba
453 5280 765 5352 quaalabra
797 5279 1033 5348 quidem
1066 5281 1239 5334 vestit
1270 5279 1564 5334 moderate
1598 5278 1909 5349 promissa,

255 5384 383 5439 qua:
413 5375 612 5423 autem
635 5385 668 5423 a
696 5372 891 5422 mento
914 5368 1033 5422 exit
1056 5385 1212 5438 rara,
1235 5368 1544 5441 paululum
1579 5373 1908 5434 ventrosus,

253 5456 452 5528 digitis
469 5456 1014 5530 oblongis.Festum
1045 5457 1172 5528 ejus
1205 5458 1535 5516 celebratur
1565 5457 1626 5514 in
1661 5457 1908 5515 sanctis-

257 5543 410 5602 sima
440 5561 654 5619 magna
685 5544 961 5602 Ecclesia.

2026 4830 2254 4903 λείψανα
2304 4831 2339 4898 ἡ
2401 4828 2640 4904 μακαρία
2701 4828 2948 4885 Κατούλα
3015 4826 3300 4900 δομήματι
3357 4825 3678 4894 κατατίθησι

2022 4921 2214 4992 τρίτην
2251 4914 2558 4992 ὀκτωϐρίου
2609 4919 2781 4992 μηνὸς
2835 4916 3087 4993 ἄγοντος.
3121 4918 3221 4973 Ἦν
3284 4912 3340 4969 δὶ
3397 4916 3537 4968 κατά
3592 4915 3678 4968 τὸν

2027 5009 2333 5082 σωματικὸν
2361 5009 2528 5062 τύπον
2559 5008 2621 5062 τὸ
2655 5007 2882 5082 μέγεθος
2929 5006 3112 5080 μέσος,
3149 5003 3360 5078 ἰσχνὸς,
3392 5002 3678 5076 ὕπωχρος.
3757 5003 3764 5006 ’

2028 5099 2296 5170 ὑπόσιμος
2328 5099 2428 5166 τὴν
2463 5097 2606 5173 ῥῖνα,
2634 5097 2731 5160 τὰς
2762 5098 2930 5175 ὀφρῦς
2980 5093 3434 5167 συνεσπασμένος,
3491 5090 3682 5151 κοῖλος

2020 5191 2147 5250 τοὺς
2181 5184 2524 5265 ὀφθαλμοὺς,
2557 5184 2669 5242 ὦτα
2704 5183 2912 5260 μεγάλα
2948 5182 3121 5260 ἔχων,
3150 5180 3369 5250 πολιὸς,
3401 5182 3682 5252 κομήτης,

2025 5279 2260 5350 μετρίως
2297 5275 2666 5350 βαθυνόμενος
2693 5275 2793 5343 τὴν
2827 5275 3067 5344 ὑπήνην,
3098 5271 3287 5345 ἀραιὸς
3315 5270 3416 5337 τὴν
3461 5266 3677 5344 ἔκφυσιν

2017 5369 2113 5419 τοῦ
2156 5363 2387 5440 γενείου,
2433 5363 2614 5439 ἡμέρα
2660 5362 3012 5439 προγάστωρ,
3049 5355 3503 5434 μακροδάκτυλος
3560 5361 3674 5416 ταῖς

2017 5453 2226 5531 χερσίν.
2259 5455 2321 5510 Ἠ
2375 5451 2431 5508 δὶ
2461 5453 2672 5524 σύναξις
2703 5452 2870 5509 αὐτοῦ
2911 5449 3146 5507 τελεῖται
3197 5447 3250 5504 ἐν
3295 5448 3368 5519 τῇ
3399 5447 3669 5523 ἁγιωτάτῃ

2021 5541 2233 5619 μεγάλῃ
2267 5543 2590 5617 Ἐκκλησία.
