3972 6214
213 295 325 352 589
1151 308 1346 378 VITA,
1383 311 1720 366 AUCTORE
1755 315 2096 370 SYMEONE
2133 321 2687 382 METAPHRABTE.

219 463 3627 516 Ἢ

513 618 1466 755 ΕΥΜΕΩΝΟΣ
1573 629 1921 760 ΤΟΥ
2033 634 3345 780 ΜΕΤΑΦΡΑΣΤΟΥ

1024 875 1434 1005 ΒΙΟΣ
1548 879 1856 1009 ΚΑΙ
1970 887 2825 1024 ΠΟΓΙΤΕΙΑ

1080 1125 1498 1223 ΑΓΙΟΙΣ
1610 1131 2106 1232 ΠΑΤΡΟΣ
2227 1140 2596 1238 ΗΜΩΝ
2715 1147 3406 1251 ΔΙΟΝΥΣΙΟΥ

1174 1317 1576 1376 ΕΠΙΣΟΠΚΟΥ
1625 1324 1931 1392 ΔΘΗΝΩΝ,
1962 1328 2094 1383 ΤΟΥ
2135 1328 2664 1390 ΑΡΕῘΟΠΑΓῙΤΟΥ.

431 1099 682 1216 ΤΟΥ
797 1124 958 1218 EN

732 1627 1616 1760 SYMEONIS
1748 1636 3102 1780 METAPHRASTZE

1190 1837 1476 1931 VITA
1530 1839 1686 1934 ET
1757 1841 2636 1948 CONVERSATIO

841 2022 1309 2112 SANGTI
1393 2028 2008 2119 DIONYSII
2094 2037 2250 2122 All
2287 2039 2986 2132 EOPAGIT/F.

1435 2194 1790 2258 EPISCOPI
1835 2200 2388 2266 ATHENIENSIS.

195 2322 453 2383 Incerto
483 2321 854 2402 intreprete,
890 2343 1116 2430 rursus.
1155 2343 1296 2385 cum
1349 2329 1565 2430 Graeco
1616 2331 1962 2426 exemplari
2013 2333 2243 2398 collata
2274 2358 2314 2430 ἒ
2341 2343 2527 2403 Petro
2575 2345 2921 2430 hansselio,
2957 2347 3444 2430 Gravelingano,
3476 2349 3621 2415 Soc.

1083 2405 1231 2466 Jesu
1263 2408 1652 2488 presbytero,
1690 2405 2071 2493 qui—primus
2100 2434 2237 2478 eam
2271 2422 2485 2483 erce
2524 2405 2742 2487 edidit.

315 2697 721 2755 MAPTI‘PION
765 2699 900 2755 ΤΟΥ
950 2700 1154 2756 ΔΓΙΟΥ
1197 2703 1564 2760 ΔΙΟΝΥΣΙΟΥ
1606 2703 1744 2761 ΤΟΥ

762 2771 1287 2830 ΑΡΕΙΟΠΔΙἸἸῸΥ.

731 2884 892 2961 χύριε
917 2930 931 2957 ,
999 2885 1324 2962 εὖλόγησον.

274 2991 453 3046 Πάλαι
486 2991 580 3063 μὶν
623 2989 674 3045 ἐν
706 2991 899 3055 τόποις
952 2993 1014 3060 ήν
1065 2995 1131 3048 τὰ
1165 3001 1266 3064 τῆς
1298 2995 1530 3057 πίστεως
1562 2997 1648 3051 καὶ
1685 2997 1852 3072 αἰνίγ-

202 3101 363 3152 μασι,
393 3079 484 3134 καὶ
517 3080 579 3134 τὸ
608 3087 707 3150 τῆς
750 3080 1009 3150 ἀληθείας
1060 3084 1267 3160 φέγγος
1292 3087 1372 3150 τῷ
1391 3087 1490 3153 τῆς
1523 3091 1677 3147 σκιᾶς
1707 3084 1852 3164 νέφει

195 3168 654 3226 συνεκαλύπτετο.
717 3169 866 3227 Ἑπεί
922 3169 979 3225 δὲ
1025 3173 1087 3226 τὸ
1140 3173 1276 3247 μέγα
1323 3180 1423 3242 τῆς
1470 3176 1630 3246 ἡμῶν
1675 3195 1854 3245 σωτηο

195 3258 320 3331 ρίας
351 3257 771 3332 ἐπραγματεύθη
818 3262 1144 3334 μυστήριον,
1188 3260 1277 3315 καὶ
1309 3262 1337 3316 ὁ
1369 3260 1580 3324 πλάσας
1612 3263 1854 3336 καταμό-

195 3368 294 3409 νας
350 3349 447 3408 τὰς
500 3345 725 3422 καρδίας
791 3351 950 3421 ἡμῶν
1012 3354 1091 3420 τῷ
1138 3357 1238 3419 τῆς
1278 3350 1479 3412 οἰκείας
1526 3351 1650 3424 περὶ
1705 3354 1854 3424 ἡμᾶς

200 3434 374 3508 οἴκτῳ
406 3436 788 3512 χρηστότητος
835 3438 1230 3512 ἀναμαρτήτως
1279 3443 1496 3515 γίγονεν
1537 3441 1611 3502 ὡς
1643 3443 1808 3513 ἡμεῖς
1838 3461 1851 3474 ·

197 3523 382 3580 τᾶλλα
411 3546 469 3580 τε
515 3523 776 3596 ὕπῆλθεν,
829 3525 927 3582 ὅσα
968 3534 1068 3596 τῆς
1121 3528 1466 3600 ἀνθρωπίνης
1509 3527 1650 3584 ἐστὶν
1701 3530 1854 3585 ἀσθε-

200 3614 365 3683 νὲίας,
410 3611 485 3667 ἵν’
529 3614 637 3690 ἑγὼ
683 3616 780 3683 τήν
831 3617 1055 3688 πρώτην
1103 3612 1370 3672 ἀπολάϐω
1419 3619 1684 3692 εὐγένειαν
1717 3637 1730 3651 '
1763 3619 1853 3673 καὶ

199 3702 362 3765 τέλος
395 3704 486 3757 τὸν
521 3701 609 3758 διὰ
640 3709 873 3778 σταυροῦ
924 3706 1148 3759 θάνατον
1181 3706 1555 3780 κατακρίνεται
1592 3725 1604 3739 ·
1646 3706 1735 3761 καὶ
1760 3705 1854 3761 ’ἱνα

203 3793 280 3863 μή
308 3794 377 3847 τὰ
405 3794 522 3846 καθ’
548 3789 769 3848 ἕκαστον
804 3793 972 3869 λέγῳ,
1016 3791 1223 3866 (πολλᾶ
1246 3795 1346 3869 γὰρ
1373 3795 1438 3848 ti
1469 3793 1520 3848 ἐν
1557 3794 1706 3866 μέσῳ
1752 3801 1851 3863 τῆς

199 3880 520 3952 οἰκονομίας
554 3881 717 3936 αὐνοῦ
751 3884 1026 3955 μυστήρια
1165 3880 1332 3956 πέρας
1377 3883 1446 3936 τὰ
1475 3885 1572 3950 τῆς
1609 3903 1851 3954 σωματι-

195 3975 300 4036 κῆς
334 3965 596 4040 ἐνδημίας
628 3967 847 4045 δέχεται
881 3989 894 4002 ’
927 3971 994 4024 τὰ
1024 3967 1082 4025 ὃὶ
1113 3975 1212 4024 τοῦ
1241 3969 1549 4044 πνεύματος
1582 3969 1808 4045 ἄρχεται
1832 3991 1844 4005 ·

1877 2711 1934 2780 Α

2109 2713 2550 2775 MARTYRIUM
2590 2721 3220 2851 AJIONYSII
3259 2727 3480 2785 AREO-

2530 2893 2788 2962 Domine,
2822 2893 3063 2952 benedic.

2033 2989 2186 3046 Olim
2236 2993 2474 3064 quidem
2507 2997 2654 3053 fides
2685 3000 2802 3054 sita
2830 3003 2954 3056 erat
3000 2999 3060 3056 in
3115 3001 3344 3073 figuris,
3376 3006 3434 3058 et
3478 3003 3620 3060 eni-

1963 3081 2286 3152 gmatibus,
2317 3089 2374 3138 et
2405 3085 2560 3141 nube
2605 3088 2826 3144 umbra:
2860 3094 3011 3146 tecta
3040 3095 3165 3146 erat
3191 3089 3293 3147 lux
3321 3091 3611 3150 veritatis.

1967 3168 2278 3241 Postquam
2297 3177 2492 3229 autem
2512 3183 2720 3232 nostra:
2751 3178 2962 3236 salutis
2994 3196 3275 3252 magnum
3309 3187 3612 3252 peractum

1966 3257 2076 3313 fuit
2106 3261 2470 3332 mysterium,
2503 3269 2560 3319 et
2589 3265 2689 3337 qui
2723 3267 2891 3324 ﬁnxit
2918 3267 3260 3340 singulatim
3292 3272 3470 3326 corda
3501 3288 3613 3328 no-

1966 3351 2110 3415 stra,
2141 3365 2263 3405 sua
2319 3351 2702 3424 benignitatis
2750 3356 2812 3411 in
2862 3374 2968 3413 nos
3014 3357 3438 3426 misericordia,
3468 3359 3614 3416 citra

1967 3445 2272 3506 peccatum
2304 3446 2476 3496 natus
2507 3448 2596 3497 est
2621 3444 2774 3499 sicut
2804 3462 2944 3501 nos:
2994 3451 3051 3501 et
3097 3447 3214 3501 alia
3244 3447 3449 3516 subiit,
3483 3465 3612 3520 qua

1965 3528 2106 3578 sunt
2136 3525 2404 3583 humane
2436 3528 3079 3606 imbecillitatis,utego
3110 3536 3362 3606 primam
3396 3537 3616 3608 recipe-

1965 3629 2084 3667 rem
2127 3615 2533 3685 nobilitatem;
2583 3625 2640 3674 et
2688 3627 2983 3692 postremo
3031 3624 3461 3680 condemnatus
3502 3626 3613 3682 fuit

1963 3707 2151 3756 morte
2199 3705 2425 3761 crucis:
2487 3711 2543 3762 et
2591 3725 2662 3763 ne
2712 3710 2904 3765 dicam
2956 3711 3194 3782 singula
3233 3712 3401 3783 (sunt
3448 3714 3610 3769 enim

1963 3789 2150 3846 multa
2167 3791 2514 3850 intermedia
2529 3797 2862 3852 oeconomia:
2881 3799 3076 3854 carnis
3093 3804 3377 3871 susceptas
3397 3805 3613 3870 myste-

1959 3877 2067 3947 ria)
2118 3879 2290 3936 ﬁnem
2341 3884 2562 3954 accepit
2607 3901 2885 3957 corporea
2941 3887 3346 3956 conversatio;
3400 3890 3628 3962 incipit

1960 3971 2156 4023 autem
2187 3970 2543 4041 spiritualis;
2566 3977 2624 4028 et
2645 3973 2701 4028 in
2727 3975 2938 4030 cmlum
2961 3977 3228 4032 ascendit
3251 3993 3418 4034 meus
3441 3978 3614 4035 Chri-

194 4058 284 4110 καὶ
321 4057 398 4119 εἰς
432 4057 690 4129 οὐρανοὺς
723 4060 752 4114 ὁ
783 4057 912 4131 ἐμὸς
935 4059 1164 4130 Χριστὸς
1197 4058 1512 4136 ἀναφὲρεται
1545 4077 1559 4090 ’
1590 4059 1680 4113 καὶ
1711 4058 1848 4135 πρὸς
1882 4095 1930 4160 Β
1959 4060 2108 4122 stus,

1979 4060 2108 4122 stus,
2133 4061 2190 4112 ct
2220 4057 2290 4113 ad
2325 4059 2524 4115 sedem
2571 4065 2874 4133 paternam
2917 4064 3256 4136 revertitur;
3311 4071 3388 4134 et,
3421 4067 3525 4140 qui
3551 4085 3622 4140 ex
3661 4107 3664 4110 .

192 4147 286 4200 τὸν
319 4148 591 4218 πακρικὸν
621 4146 862 4202 ἐπάνεισι
915 4147 1106 4222 θρόνον
1141 4166 1153 4178 ⁸
1206 4148 1295 4203 καὶ
1327 4149 1389 4202 τὸ
1419 4146 1850 4222 ἐκπορευόμενον

198 4235 362 4289 αὖτοῦ
397 4240 613 4308 Πνεῦμα
659 4235 746 4291 ἰπὶ
791 4238 893 4305 τήν
940 4242 1045 4292 τῶν
1093 4237 1330 4292 ἀπίστων
1382 4237 1548 4301 ἐνθῶν
1577 4258 1851 4308 καταπεμ-

196 4343 287 4378 πει
319 4330 435 4386 τοῖς
470 4331 737 4397 μαθηταῖς
769 4324 1019 4401 ἀδηγίαν,
1045 4325 1116 4380 δι’
1146 4327 1208 4381 οὗ
1238 4326 1326 4382 καὶ
1357 4328 1384 4381 ὁ
1416 4327 1679 4400 μακάριος
1711 4326 1856 4380 Παυ-

199 4409 300 4475 λος
324 4412 430 4468 ἀπὸ
456 4421 556 4483 τῆς
589 4415 742 4476 σκιὰς
795 4415 1220 4490 ἐχειραγωγήθη
1267 4417 1404 4492 πρὸς
1441 4417 1539 4484 τήν
1569 4414 1853 4489 ἀλήθειαν,

197 4499 320 4555 τότε
351 4498 418 4569 δὴ
449 4503 574 4557 τότε
608 4505 764 4575 ζήλῳ
794 4509 874 4576 τῷ
898 4503 1023 4578 περὶ
1066 4506 1160 4559 τὸν
1205 4506 1437 4577 Χριστὸν
1471 4505 1630 4566 οὗτος
1661 4503 1853 4575 ἁλοὺς,

198 4588 259 4642 ὃν
290 4588 577 4666 ἐζωγρήθη
632 4593 833 4666 τρόπον
874 4593 1010 4668 πρὸς
1053 4595 1153 4663 τήν
1215 4589 1509 4661 εὐσέϐειαν,
1541 4597 1731 4648 τοῦτον
1763 4595 1853 4648 καὶ

195 4679 300 4745 τήν
331 4678 660 4752 οἶκουμὲνην
694 4679 946 4736 ἔσπευδεν
980 4681 1488 4748 ἑπισπάσασθαι,καὶ
1513 4684 1733 4757 Χριστῷ
1763 4679 1855 4736 διὰ

199 4772 304 4834 τῆς
333 4765 565 4830 πίστεως
599 4769 999 4826 οἰκειώσασθαι.
1052 4771 1158 4826 Καὶ
1185 4769 1277 4824 ’ἱνα
1323 4771 1390 4826 τὰ
1427 4771 1481 4824 ἐν
1516 4767 1854 4847 Ἀμφιπόλει

199 4856 290 4908 καὶ
323 4857 590 4929 Θεσσαλία
621 4863 799 4934 παρῶ,
833 4859 922 4913 καὶ
952 4859 1004 4915 ὲν
1045 4861 1124 4922 οἷς
1157 4861 1184 4915 ὁ
1223 4859 1420 4914 τούτου
1449 4858 1635 4934 λόγος,
1671 4859 1851 4933 ὥσπερ

198 4963 285 5004 τις
315 4952 544 5020 σαγήνῃ,
567 4947 699 5009 τοὺς
749 4947 996 5010 πολλοὺς
1037 4949 1174 5023 πρὸς
1199 4949 1298 5017 τὴν
1333 4943 1601 5004 εὐσέϐειαν
1633 4945 1854 5022 ήγρευε,

197 5036 310 5086 τῶν
342 5033 390 5087 ἐν
419 5037 676 5105 Ἀθήναις
733 5037 912 5108 μόνων
969 5040 1373 5110 μνησθήσομαι,
1416 5034 1485 5090 δι’
1528 5038 1600 5090 ὧν
1631 5038 1854 5108 θήραμα

203 5118 289 5192 τῷ
317 5123 632 5196 Ἀποστόλῳ
669 5125 758 5179 καὶ
813 5127 842 5181 ὁ
891 5127 1060 5200 μὲγας
1103 5122 1275 5188 ὅντως
1321 5125 1635 5181 καθίσταται
1667 5124 1854 5179 Διονύ-

203 5229 320 5271 σιος
351 5230 362 5242 ⁸
393 5213 448 5274 ὃς
505 5211 770 5288 πατρίδος
823 5215 918 5288 μὶν
966 5213 1284 5293 ἑπιφανοῦς,
1345 5213 1616 5292 ἆπιφανῶν
1669 5211 1726 5268 δὲ
1764 5207 1853 5267 καὶ

196 5301 534 5377 γεννητόρων
565 5304 776 5378 τυχὼν,
827 5303 915 5359 ἐπὶ
975 5304 1116 5379 μέγα
1165 5302 1326 5376 δόξης
1362 5304 1604 5379 ἀφίκετο.
1639 5303 1852 5358 Δίκαιοι

204 5386 445 5463 μὲνγὰρ.
477 5387 631 5470 εἴπερ
678 5411 760 5454 τις
811 5393 1144 5464 ’Δθηναίων,
1187 5391 1280 5448 ’ἕνα
1328 5393 1404 5466 μὴ
1460 5391 1607 5466 λὲγῳ
1641 5390 1797 5464 μόνοι
1835 5407 1849 5422 ο

1962 4158 2090 4215 ipso
2108 4147 2390 4217 procedit,
2409 4148 2689 4220 Spiritum
2708 4152 2969 4209 demittit
2991 4154 3324 4226 discipulis,
3340 4160 3623 4216 utessent

1961 4237 2138 4290 duces
2167 4237 2433 4307 gentium
2468 4239 2818 4296 infidelium.
2837 4242 2943 4297 Per
2957 4259 3128 4312 quem
3154 4244 3360 4300 beatus
3385 4261 3620 4316 quoque

1963 4324 2181 4380 Paulus
2211 4342 2280 4381 ex
2311 4328 2523 4383 umbra
2553 4329 2845 4386 deductus
2875 4331 2987 4386 fuit
3008 4333 3078 4387 ad
3104 4334 3623 4390 veritatem.Tunc

1965 4413 2171 4482 is,zelo
2194 4413 2410 4470 Christi
2435 4417 2716 4488 percitus,
2736 4421 3234 4490 quemadmodum
3259 4421 3385 4492 ipse
3407 4427 3621 4494 captus

1965 4503 2074 4556 fuit
2095 4503 2166 4556 ad
2192 4502 2490 4573 pietatem,
2515 4505 2595 4560 ita
2628 4507 2803 4562 etiam
2828 4509 3028 4563 orbem
3051 4516 3211 4564 terra:
3234 4509 3304 4563 ad
3327 4525 3390 4564 se
3411 4510 3613 4564 stude-
3659 4558 3665 4564 .

1963 4590 2066 4646 bat
2094 4593 2407 4661 attrahere,
2442 4600 2497 4650 et
2541 4595 2772 4652 Christo
2805 4613 2906 4669 per
2934 4597 3108 4652 fidem
3141 4599 3519 4668 conjungere.
3550 4597 3618 4653 Et

1966 4685 2032 4735 ut
2061 4697 2129 4736 ea
2159 4682 2429 4738 omittam
2462 4701 2586 4754 qua
2617 4685 2690 4740 ab
2721 4685 2849 4756 ipso
2900 4685 3235 4757 Amphipoli
3268 4686 3419 4742 iacta
3447 4689 3614 4752 sunt,

1963 4773 2022 4824 et
2055 4771 2110 4824 in
2140 4769 2470 4839 Thessalia,
2502 4777 2558 4827 et
2601 4774 2878 4829 omnibus
2909 4775 2966 4828 in
3000 4773 3164 4842 locis,
3201 4774 3258 4829 in
3293 4775 3446 4830 848
3478 4774 3616 4847 qui-

1963 4857 2076 4912 bus
2107 4858 2236 4929 ejus
2266 4875 2480 4924 sermo,
2515 4859 2756 4931 perinde
2786 4877 2853 4916 ac
2883 4862 3151 4930 quaedam
3183 4877 3421 4934 sagena,
3453 4862 3617 4918 mul-
3715 4851 3718 4854 ’

1963 4950 2053 5001 tos
2084 4953 2330 5003 venatus
2360 4952 2450 5004 est
2479 4949 2549 5004 ad
2585 4949 2881 5021 pietatem,
2913 4965 3115 5006 eorum
3167 4949 3358 5006 solum
3407 4950 3621 5007 memi-

1965 5051 2126 5100 nero,
2159 5052 2286 5106 qua
2340 5036 2580 5091 Athenis
2614 5038 2764 5092 facta
2795 5043 2954 5106 sunt,
2988 5054 3090 5109 per
3137 5055 3266 5109 quas
3313 5038 3490 5096 etiam
3539 5039 3632 5096 ab.

1961 5121 2242 5193 Apostolo
2265 5121 2392 5193 ipso
2416 5139 2545 5178 vere
2564 5139 2816 5195 magnus
2837 5129 3044 5194 captus
3062 5123 3171 5180 fuit
3192 5124 3502 5197 Dionysius
3517 5123 3618 5197 (9);

1965 5213 2087 5282 qui,
2115 5211 2366 5283 patriam
2399 5211 2638 5283 quidem
2669 5211 2883 5267 claram
2902 5217 2960 5267 et
2978 5218 3250 5284 parentes
3268 5212 3457 5270 claros
3478 5229 3619 5269 con-
3661 5249 3666 5264 ..

1964 5305 2226 5367 secutus,
2263 5302 2331 5356 ad
2393 5317 2667 5372 magnam
2702 5285 2962 5371 pervenit
2991 5301 3262 5373 gloriam.
3295 5301 3441 5358 Nam
3465 5301 3618 5373 justi

1965 5389 2202 5461 quidem
2235 5393 2421 5458 erant,
2455 5388 2504 5444 si
2555 5388 2660 5444 ulli
2687 5405 2755 5444 ex
2785 5389 3261 5461 Atheniensibus,
3299 5406 3374 5446 ne
3419 5389 3616 5447 dicam

194 5474 294 5529 καὶ
321 5463 627 5551 δικαιοσύνη
657 5485 774 5544 τοῖς
820 5463 1066 5557 γονεῦσιν
1110 5483 1177 5553 ἦν
1228 5483 1289 5538 τὸ
1329 5463 1842 5558 ἕπίσημον,ίφίλοις
1875 5463 1918 5532 C
1959 5477 2093 5550 soli,

1979 5477 2093 5550 loli,
2125 5478 2207 5533 ita
2238 5481 2302 5532 ut
2324 5477 2562 5549 justitia
2592 5476 2826 5551 insigne
2855 5476 2977 5536 illis
3007 5478 3354 5553 esset,equi
3385 5477 3615 5549 amicis,

286 5633 356 5706 (ο)
379 5635 496 5699 tot.
522 5653 666 5707 xm.
