3972 6214
361 301 460 355 591

1587 285 1648 338 S.
1689 281 2010 339 DIONYSII
2047 283 2549 340 AREOPAGITE.

3629 282 3714 338 592

359 420 657 482 mansueti
703 413 1119 489 hospitalibus,
1170 409 1408 481 benigni
1458 408 1517 462 in
1563 407 1904 478 familiares,
1951 411 2000 462 et

2123 405 2405 480 ἐπιεικεῖς,
2439 409 2641 485 ἥμεροι
2668 414 2784 471 τοῖς
2818 407 3010 480 ξένοις,
3052 413 3171 469 τοῖς
3217 405 3430 468 οἴκείοις
3461 404 3721 483 φιλάνθρω-

357 529 493 569 vera
542 509 778 566 bonitas
807 509 933 561 erat
961 502 1044 558 eis
1076 499 1329 569 bonitas,
1364 515 1480 554 non
1515 496 1851 563 ostentatio,
1887 513 2014 568 quas

361 602 541 657 habet
601 593 1040 669 improbitatem
1109 604 1323 658 magna
1381 603 1449 642 ex
1498 589 1662 658 parte
1722 585 2014 640 insidian-

362 695 519 757 tem;
565 689 682 743 imo
731 684 970 756 quidam
1021 683 1260 751 apertus
1309 677 1518 730 animae
1567 675 1761 742 fmtus,
1789 677 1847 730 et
1877 673 2016 728 cha-

367 784 557 834 racter
601 776 843 830 internas
894 767 1238 824 affectionis.
1280 769 1602 834 Postquam
1655 767 1852 817 autem
1908 760 2019 816 fuit

365 866 585 924 Paulus
635 860 901 928 Athenis,
935 863 992 913 et
1022 870 1372 926 congressus
1425 868 1558 906 cum
1611 851 1910 922 Epicureis
1960 854 2019 905 et

365 955 596 1023 Stoicis,
629 951 730 1023 qui
777 947 1116 1021 Pythagoran
1165 945 1436 1014 dogmata
1495 940 1890 1004 sectabantur,
1925 937 2018 992 in-

370 1046 567 1102 stabat
595 1040 777 1112 operi,
812 1051 1022 1106 nempe
1069 1036 1135 1088 ut
1181 1048 1281 1086 eos
1330 1031 1647 1086 abduceret
1697 1046 1730 1084 a
1779 1029 2019 1097 dogma-

356 1135 521 1191 tibus
577 1125 922 1201 impietatis,
978 1125 1034 1178 et
1091 1121 1425 1176 traduceret
1482 1119 1552 1174 ad
1607 1118 1905 1190 pietatem,
1959 1119 2015 1170 et

368 1221 649 1279 everteret
700 1212 921 1286 templa
981 1208 1466 1274 simulacrorum,
1525 1210 1584 1261 et
1640 1205 2020 1277 persuaderet

356 1305 836 1370 Atheniensibus,
871 1303 992 1357 fore
1023 1304 1088 1354 ut
1128 1299 1506 1368 resurgerent
1554 1296 1614 1349 in
1662 1293 1873 1349 ultimo
1923 1293 2018 1348 die

355 1397 598 1472 judicii,
647 1399 705 1451 et
751 1395 956 1448 darent
1003 1405 1207 1461 pcenas
1255 1402 1456 1441 eorum
1505 1401 1631 1456 quae
1682 1383 1959 1438 fecissent
2000 1397 2013 1437 :

372 1489 520 1555 ii,ut
577 1484 678 1556 qui
742 1484 940 1537 essent
983 1478 1116 1533 aliis
1165 1476 1356 1532 affecti
1418 1473 1916 1544 superstitiosius,
1961 1474 2018 1526 et

365 1577 428 1632 in
461 1573 682 1630 multas
714 1569 885 1626 divisi
917 1570 1116 1624 essent
1162 1564 1488 1636 opiniones,
1523 1561 2018 1634 aggrediebantur

366 1681 500 1721 eum
531 1658 1208 1727 subsannare,vocantes
1236 1669 1372 1708 eum
1404 1650 1879 1706 annuntiatorem
1912 1665 2017 1702 no-

361 1768 568 1810 vorum
619 1747 1011 1822 quorumdam
1064 1741 1510 1797 daemoniorum.
1565 1739 1647 1794 Ne
1695 1741 1889 1792 autem
1943 1737 2014 1791 ab

363 1842 451 1898 eis
480 1841 854 1912 appeteretur
883 1833 1009 1889 sola
1038 1829 1517 1894 subsannatione,
1551 1827 1651 1882 sed
1704 1825 2012 1880 molestum

363 1931 538 1987 etiam
589 1925 809 1996 aliquid
861 1921 1210 1988 sustineret,
1272 1919 1419 1972 dans
1469 1915 1754 1971 rationem
1811 1931 2011 1970 eorum

362 2033 490 2088 quae
523 2016 594 2070 ab
625 2015 752 2086 ipso
802 2008 1291 2082 prmdicabantur,
1327 2002 1832 2074 apprehendentes
1879 2017 2013 2055 eum

364 2101 1134 2169 duxeruntinAreopagum,
1161 2093 1262 2164 qui
1283 2097 1424 2147 tunc
1449 2091 1682 2160 quidem
1708 2095 1831 2144 erat
1853 2089 2014 2144 locus

361 2188 854 2264 congregationis,
879 2193 936 2241 et
960 2184 1320 2239 Athenarum
1344 2185 1470 2235 erat
1489 2179 1680 2234 adhuc
1695 2178 2013 2248 judicium.

362 2283 512 2340 Nam
543 2279 651 2335 etsi
681 2283 823 2333 tunc
850 2272 1096 2330 Romani
1128 2271 1188 2326 in
1221 2285 1427 2325 omnes
1469 2268 1804 2324 obtinerent
1832 2267 2015 2336 impe-

363 2368 933 2433 rium,Athenienses
947 2367 1143 2416 tamen
1158 2356 1700 2414 etLacedaamonios
1743 2355 1832 2410 sui
1862 2355 2016 2425 juris

365 2457 742 2515 demiserant.
765 2451 984 2509 Fabula
1003 2454 1224 2519 autem,
1249 2448 1403 2502 sicut
1424 2446 1537 2517 ipsi
1561 2445 1787 2510 dicunt,
1803 2460 2016 2498 nomen

364 2546 610 2618 accepit,
635 2543 790 2615 quod
821 2540 1128 2612 Neptunus
1159 2536 1219 2590 in
1251 2551 1319 2590 eo
1351 2539 1553 2589 contra
1590 2535 1831 2588 Martem
1876 2548 2016 2587 cau-

363 2651 490 2692 sam
514 2627 1044 2699 sustinuerit,quod
1065 2626 1245 2695 hujus
1267 2623 1454 2678 ﬁlium
1480 2621 1903 2676 Halirrothium
1926 2636 2018 2675 oc-

361 2723 621 2779 cidisset.
638 2721 781 2776 Cum
807 2733 942 2772 eum
966 2731 1102 2786 ergo
1125 2713 1510 2768 adduxissent
1533 2711 1588 2764 in
1617 2709 1853 2765 illorum
1877 2725 2016 2764 con-

361 2818 649 2884 spectum,
683 2808 781 2880 qui
833 2811 891 2861 et
939 2807 1178 2874 propter
1225 2801 1454 2856 sedium
1509 2798 1905 2866 altitudinem,
1935 2803 2012 2866 et,

360 2915 485 2970 quas
516 2902 850 2965 evacuatur,
880 2891 1256 2965 sapientiam,
1296 2905 1359 2945 se
1404 2888 1711 2960 magniﬁce
1758 2887 2011 2942 circum-

357 2987 719 3059 spiciebant:
752 2990 810 3039 et
838 2981 1017 3056 simul
1047 2996 1248 3036 eorum
1283 2995 1412 3048 quae
1443 2977 1682 3044 ﬁebant,
1715 2975 2012 3030 auditores

358 3082 416 3132 et
438 3075 670 3146 judices
700 3070 1115 3144 praesidebant,
1144 3082 1397 3138 quorum
1459 3081 1616 3120 unus
1663 3065 1839 3120 etiam
1889 3069 2013 3118 erat

2129 516 2246 567 ποι,
2284 497 2594 572 χρηστότης
2644 497 2828 559 αὐτοῖς
2877 497 2979 552 ούκ
3022 493 3300 568 ἐπίδειξις,
3348 497 3715 568 ὑποκαθημένην

2131 585 2204 645 ὡς
2233 585 2301 639 τὰ
2349 584 2537 642 πολλά
2594 589 2692 657 τήν
2749 587 3046 656 σκαιότητα
3102 580 3327 661 ἔχουσα,
3364 583 3501 639 ἀλλά
3520 605 3566 639 τι
3591 588 3723 663 σαφὶς

2127 674 2373 747 γέννημα
2401 683 2500 745 τῆς
2543 679 2752 751 ψυχῆς,
2803 676 2890 730 καὶ
2941 681 3038 744 τῆς
3088 670 3238 728 ἔνδον
3285 675 3553 749 χαρακτὴρ
3583 672 3726 738 διειθὲ-

2131 784 2289 826 σεως.
2325 763 2548 833 Ἐπειδή
2601 763 2658 820 δὲ
2711 766 2972 838 Ἀθήνῃσι
3021 761 3236 824 Ηαῦλος
3290 762 3512 838 ἐγένετο,
3540 763 3730 826 καὶτοῖς

2128 852 2525 926 Ἐπικουρείοις
2581 853 2649 908 τὰ
2707 853 3027 928 Πυθαγόρου
3076 851 3397 926 κρατύνουσι
3453 847 3726 923 συμϐαλὼν,

2129 940 2286 1017 ἔργου
2320 939 2502 1016 εἴχετο
2531 947 2611 1014 τῷ
2637 949 2739 1012 τῆς
2791 937 3032 1004 ἀσεϐείας
3074 940 3269 1002 αὐτοὺς
3312 941 3596 1009 ἀποστῆσαι
3624 939 3728 1015 δογ-

2131 1030 2338 1103 μάτων,
2387 1031 2473 1085 καὶ
2529 1036 2836 1104 μεταθεῖναι
2884 1031 3022 1105 πρὸς
3068 1032 3168 1100 τὴν
3213 1024 3498 1096 εὐσέϐειαν,
3543 1030 3652 1091 τούς
3685 1051 3730 1086 τε

2127 1123 2233 1173 τῶν
2268 1117 2514 1174 εἰδώλων
2565 1119 3021 1198 καταστρέφεσθαι
3053 1119 3233 1189 ναοὺς,
3272 1119 3359 1173 καὶ
3400 1123 3569 1172 πεῖσαι
3596 1120 3730 1188 Ἀθη-

2128 1208 2323 1268 ναίους
2351 1207 2402 1262 ἐν
2433 1212 2502 1281 τῇ
2536 1208 2741 1283 ἐσχάτῃ
2775 1209 2958 1281 ἡμέρά
2983 1215 3086 1277 τῆς
3125 1207 3354 1282 κρίσεως
3394 1206 3734 1276 ἀναστήσεσθαι

2134 1293 2380 1369 μέλλειν,
2414 1297 2505 1352 καὶ
2536 1295 2686 1360 δίκας
2712 1301 2821 1352 τῶν
2846 1297 3030 1358 αὐτοῖς
3051 1295 3416 1372 εἴργασμένων
3446 1295 3734 1370 εἰσπραχθῆ-

2127 1388 2312 1440 σεσθαι
2344 1405 2357 1418 ⁸
2392 1387 2543 1441 οὗτοι
2575 1385 2651 1454 δὲ,
2684 1391 2790 1441 τῶν
2839 1385 3022 1442 ἄλλων
3073 1383 3165 1440 ἅτε
3213 1383 3729 1460 δεισιδαιμονέστερον

2129 1471 2483 1548 διακείμενοι,
2515 1475 2603 1530 καὶ
2654 1475 2732 1537 εἷς
2782 1473 2999 1536 πολλὰς
3048 1471 3210 1544 δόξας.
3257 1474 3348 1528 καὶ
3392 1474 3585 1537 πίστεις
3613 1493 3734 1549 μερι-

2131 1563 2371 1636 ζόμενοι,
2407 1563 2754 1638 μυκτηρίζειν
2799 1563 2958 1619 αὐτὸν
3005 1563 3349 1638 ἐπεχείρουν,
3379 1567 3570 1617 καινῶν
3597 1566 3731 1616 τινῶν

2125 1654 2215 1706 καὶ
2247 1653 2408 1722 ξένων
2441 1651 2737 1726 δαιμονίων
2788 1652 3125 1728 καταηελέα
3164 1649 3458 1714 καλοῦντες
3491 1672 3504 1686 ο
3535 1651 3668 1712 ὅπως
3692 1648 3738 1704 δὲ

2047 1777 2094 1842 Β
2131 1741 2209 1842 μη
2242 1747 2608 1842 μυκτηρισμῷ
2642 1741 2806 1842 μόνον
2856 1740 3199 1842 παρ’ῃαύτῶν
3230 1738 3516 1816 βάλλοιτο,
3545 1737 3672 1794 ἀλλά
3694 1760 3736 1794 τι

2123 1828 2352 1882 καὶτῶν
2399 1829 2632 1902 ἀνιαρῶν
2675 1827 2938 1898 ὑποσταίη
2992 1825 3146 1891 δίκας
3189 1831 3298 1881 τῶν
3356 1829 3442 1882 ὑπ’
3491 1825 3639 1880 αύτοῦ
3663 1848 3740 1894 κη-

2125 1915 2464 1992 ρυττομένων
2488 1914 2697 1985 διδοὺς,
2719 1911 3112 1989 ἐπιλαϐόμενοι
3135 1915 3299 1971 αὐτοῦ
3324 1915 3413 1970 ἐπὶ
3442 1917 3529 1969 τὸν
3556 1918 3738 1989 ’Ἄρειον

2123 2006 2292 2079 πάγον
2323 2004 2525 2082 ἤγαγον
2563 2024 2574 2036 ⁸
2609 2006 2666 2066 ὃς
2713 2005 2884 2067 τόπος
2929 2005 3023 2076 μὲν
3066 2007 3133 2075 ἦν
3167 2011 3514 2080 συναγωγῆς,
3543 2004 3738 2058 καὶτῶν

2126 2095 2369 2164 ’Δθηνῶν
2402 2091 2478 2149 ἔτι
2530 2093 2818 2149 καθίστατο
2865 2092 3237 2170 δικαστήριον.
3294 2094 3359 2150 Εἰ
3397 2095 3493 2168 γὰρ
3518 2093 3600 2146 καί
3631 2095 3744 2145 Ῥω-

2130 2188 2283 2256 μαῖοι
2341 2183 2557 2237 πάντων
2609 2184 2733 2237 τότε
2796 2181 3074 2256 ἐκράτουν,
3133 2181 3262 2238 ἀλλ’
3309 2182 3623 2251 Ἀθηναίους
3673 2180 3743 2234 καὶ

2125 2269 2592 2344 Λακεδαιμονίους
2638 2271 2976 2344 αὐτονόμους
3020 2273 3254 2349 ἀφῆκαν.
3303 2269 3533 2343 Εἴρηται
3583 2268 3632 2325 δὶ
3661 2291 3742 2342 μυ·

2129 2365 2297 2425 θικῶς
2327 2361 2492 2432 οὕτω,
2549 2362 2789 2436 καθάπερ
2828 2360 3024 2416 ἐκεῖνοί
3081 2382 3263 2438 φασιν,
3326 2361 3436 2416 ἀπὸ
3487 2365 3579 2414 τοῦ
3606 2358 3736 2429 δίκην

2129 2448 2180 2504 έν
2216 2450 2364 2521 αὐτῷ
2392 2450 2481 2504 τὸν
2511 2447 2758 2505 Ποσειδῶ
2812 2451 2948 2504 κατὰ
2992 2453 3094 2504 τοῦ
3126 2455 3340 2524 ’Ἄρεως
3373 2450 3642 2523 ὑποσχεῖν,
3671 2447 3739 2502 ὅτι

2125 2538 2215 2592 τὸν
2246 2537 2442 2592 τούτου
2499 2539 2612 2592 υἱὸν
2665 2538 2973 2593 ἀπέκτεινεν
3022 2537 3395 2613 Ἁλιρρόθιον.
3455 2537 3739 2612 Ἀγαγόντες

2125 2624 2216 2680 οὖν
2248 2626 2411 2681 αὐτὸν
2439 2625 2577 2700 (ἐπεὶ
2608 2632 2701 2682 καῖ
2748 2632 2830 2699 τῷ
2875 2632 2982 2682 τῶν
3029 2626 3234 2702 θρόνων
3286 2623 3436 2701 ὕψει,
3469 2625 3552 2681 καί
3579 2630 3641 2699 τῇ
3662 2646 3738 2679 κα·

2121 2717 2464 2791 ταργουμένῃ
2495 2718 2658 2794 σοφίᾳ
2702 2716 2838 2792 μέγα
2885 2715 3168 2792 ἐφρόνουν,
3219 2715 3309 2770 καὶ
3346 2717 3460 2789 ἅμα
3486 2720 3588 2770 τῶν
3614 2736 3738 2790 γινο-

2127 2805 2297 2877 μένων
2325 2805 2580 2878 ἀκροαταὶ
2636 2804 2727 2859 καὶ
2765 2805 2944 2879 κριταὶ
2990 2805 3369 2880 προεκάθηντο
3402 2824 3417 2838 ·
3465 2806 3536 2858 ὧν
3576 2807 3643 2865 εἷς
3665 2802 3736 2856 καὶ

2121 2892 2399 2954 Διονύσιος
2429 2894 2517 2964 ἧν,
2548 2893 2643 2947 κάν
2692 2899 2811 2955 τοῖς
2861 2890 3051 2968 λόγοις
3103 2893 3199 2948 κᾶν
3236 2898 3358 2956 τοῖς
3401 2890 3739 2966 δικαστηρίοις

2119 2981 2181 3036 τὸ
2210 2980 2404 3036 πλεῖον
2433 2981 2857 3060 ἀποφερόμενος)
2892 3000 2906 3015 ⁸
2943 3006 2971 3034 ‹‹
3000 2979 3092 3044 Τίς
3125 2983 3160 3051 ἡ
3188 2983 3354 3050 καινὴ
3387 2981 3520 3052 αὕτη
3545 2982 3628 3040 καὶ
3655 2981 3738 3033 ὑπὸ

2121 3073 2217 3123 σοῦ
2243 3068 2586 3142 λαλουμένη,
2623 3095 2644 3120 ι
2679 3069 2817 3144 πρὸς
2845 3069 2938 3124 τὸν
2968 3067 3183 3124 Παῦλον
3217 3065 3451 3147 ἔφησαν,
3487 3094 3513 3121 ‹‹
3547 3066 3744 3142 διδαχὴ,

359 3137 896 3234 Dionysium-cujus
927 3163 984 3214 et
1012 3158 1071 3211 in
1105 3137 1374 3221 dicendo,
1405 3159 1463 3209 et
1503 3152 1824 3225 judicando
1860 3169 2000 3224 pras-

2118 3157 2208 3212 καὶ
2237 3158 2305 3213 τὰ
2327 3137 2466 3234 σοφὰ
2517 3137 2603 3213 καὶ
2649 3137 3079 3235 περινενοημένα
3121 3137 3437 3234 σοφίσματα
3468 3176 3482 3227 ;
3513 3157 3599 3212 καὶ
3627 3137 3742 3217 τίςὸ

360 3253 544 3324 οἱριιω
575 3255 743 3306 erant
773 3252 993 3321 partes:
1027 3267 1056 3296 «
1081 3245 1353 3309 Quanam
1380 3247 1468 3298 est
1489 3242 1611 3298 haec
1632 3258 1800 3307 nova,
1825 3257 1951 3312 quae
1973 3258 2006 3296 a

358 3347 416 3399 te
437 3337 963 3409 dicitur,doctrina,
981 3356 1008 3384 ιι
1031 3333 1210 3389 Paulo
1231 3333 1521 3398 dixerunt,
1546 3353 1573 3380 «
1601 3331 2004 3402 sapientiaque

361 3434 420 3488 et
441 3429 744 3501 ingeniosa
765 3424 1024 3481 decreta?
1036 3427 1093 3478 et
1111 3421 1243 3493 quis
1265 3427 1354 3476 est
1371 3421 1544 3476 Jesus
1573 3422 1720 3475 Deus
1732 3423 1790 3474 et
1804 3419 1999 3489 homo,

361 3524 418 3576 et
446 3519 505 3574 in
536 3517 695 3590 ligno
724 3515 853 3570 vitae
883 3515 1050 3569 dator
1073 3516 1131 3567 et
1151 3510 1357 3581 judex,
1379 3527 1412 3564 a
1432 3525 1547 3580 quo
1571 3509 1628 3564 in
1651 3509 1746 3578 jus
1767 3512 2004 3564 vocatur

355 3607 602 3681 quilibet
633 3604 971 3661 redditurus
1002 3600 1328 3656 rationem?
1356 3599 1630 3662 Quaedam
1662 3597 1820 3653 enim
1854 3614 2000 3654 nova

351 3704 409 3754 et
437 3696 630 3753 aliena
659 3694 851 3749 defers
903 3692 975 3746 ad
1025 3705 1198 3745 aures
1243 3692 1493 3743 nostras.
1527 3686 1814 3742 Volumus
1861 3703 1998 3758 ergo

346 3785 516 3851 scire,
552 3784 693 3856 quid
731 3782 847 3836 haec
878 3778 992 3834 sibi
1023 3776 1243 3843 volunt,
1275 3778 1333 3830 et
1380 3791 1495 3846 quo
1541 3775 1812 3828 tendunt.
1836 3795 1864 3823 ››
1897 3773 1997 3829 Ille

346 3880 540 3932 autem
565 3892 658 3930 res
677 3889 879 3929 eorum
904 3872 1060 3927 344
1081 3868 1338 3940 primum
1359 3864 1643 3920 extollens
1656 3864 1994 3930 etlaudans,

347 3981 420 4021 ne
441 3964 692 4020 insuetis
713 3966 770 4018 et
792 3958 1001 4016 alienis
1023 3957 1216 4014 verbis
1237 3954 1792 4026 irritarentur(iram
1814 3953 1992 4020 enim,

347 4052 431 4108 ait
462 4052 582 4122 ille,
613 4050 822 4106 avertit
850 4065 913 4104 se
941 4047 1298 4102 submittens
1330 4044 1632 4115 responsio
1655 4043 1766 4113 (h):
1821 4065 1848 4091 ‹‹
1869 4042 1994 4096 Viri

343 4140 559 4212 inquit,
603 4138 1014 4201 Athenienses,
1046 4136 1117 4190 de
1147 4134 1220 4190 iis
1250 4150 1377 4205 quae
1410 4133 1803 4204 interrogatis,
1836 4135 1992 4203 post-

342 4230 584 4286 modum
617 4227 666 4282 si
703 4227 786 4282 ita
819 4225 1110 4280 videbitur
1140 4223 1464 4278 disseram:
1499 4239 1654 4276 nunc
1673 4226 1866 4276 autem
1893 4236 1995 4291 per

341 4317 538 4375 omnia
570 4315 740 4390 quasi
771 4312 1302 4386 superstitiosiores
1329 4327 1433 4366 vos
1465 4311 1650 4365 video.
1671 4310 1992 4365 Transiens

341 4408 522 4474 enim,
567 4410 625 4462 et
673 4404 968 4476 aspiciens
1018 4418 1088 4457 ea
1129 4417 1257 4472 quas
1308 4399 1520 4464 colitis,
1570 4399 1762 4454 inveni
1813 4398 1987 4453 etiam

2113 3247 2456 3319 θεάνθρωπος
2500 3249 2750 3316 Ἰησοῦς;
2795 3247 2884 3302 καὶ
2935 3248 2963 3301 ὁ
3013 3246 3100 3301 ἐπὶ
3150 3246 3315 3318 ξύλου
3371 3245 3638 3316 ζωοδότης
3668 3243 3742 3301 καὶ

2112 3338 2303 3410 κριτὴς
2335 3335 2698 3409 εὐθυνόμενος
2749 3356 2764 3404 ;
2815 3335 3092 3406 ξενίζοντα
3147 3336 3247 3410 γάρ
3304 3357 3432 3391 τινα
3489 3335 3654 3410 φέρεις
3677 3332 3742 3392 εἷς

2107 3429 2205 3486 τὰς
2235 3424 2398 3487 ἀκοάς
2434 3427 2613 3498 ἡμῶν·
2681 3424 3005 3497 Βουλόμεθα
3058 3422 3148 3479 οὖν
3192 3430 3425 3497 γνῶναι,
3478 3425 3530 3480 τί
3561 3424 3613 3479 ἂν
3643 3420 3742 3498 βού-

2111 3511 2268 3569 λοιτο
2296 3519 2483 3582 ταῦτα,
2514 3515 2603 3569 καὶ
2635 3516 2770 3589 πρὸς
2801 3514 2829 3569 ὃ
2863 3516 3107 3591 φέρουσι.
3141 3538 3168 3564 ››
3210 3514 3309 3569 Καὶ
3346 3514 3429 3581 ὃς,
3461 3515 3523 3568 τὸ
3545 3518 3730 3589 πρῶτον

2110 3601 2345 3677 ἐπαίρων
2377 3623 2436 3657 τε
2464 3601 2578 3676 ἅμα
2618 3603 2685 3658 τὰ
2731 3601 2947 3656 ἐκείνων
2996 3601 3088 3656 καὶ
3131 3599 3201 3656 δι’
3233 3600 3460 3656 ἐπαίνου
3489 3604 3738 3674 τιθέμενος

2108 3693 2220 3747 οἷον
2267 3693 2428 3760 εἰκὸς,
2473 3691 2564 3747 ’ίνα
2594 3694 2670 3765 μὴ
2701 3697 2823 3754 τοῖς
2853 3691 3042 3761 ἀήθεσι
3075 3691 3166 3745 καὶ
3197 3693 3372 3763 ξένοις
3397 3691 3588 3766 λόγοις
3636 3710 3743 3764 τρα-

2109 3780 2364 3856 χύνοιντο
2421 3782 2617 3853 (θυμὸν
2656 3779 2758 3856 γὰρ
2812 3780 3160 3856 ὑποστρέφει,
3220 3779 3422 3855 φησὶν,
3484 3778 3739 3852 ἀπόκρισις

2107 3869 2507 3942 ὑποπίπτουσα)
2537 3887 2549 3902 ο
2593 3890 2614 3919 ε
2663 3866 2910 3942 Ἄνδρες,
2961 3869 3134 3936 εἶπεν,
3187 3869 3503 3937 Ἀθηναῖοι,
3533 3869 3646 3944 περὶ
3678 3867 3740 3919 ὧν

2116 3959 2454 4026 υτνθάνεσθε,
2505 3958 2745 4030 ὕστερον,
2792 3955 2842 4011 εἴ
2892 3954 3066 4026 δοκεῖ,
3116 3953 3462 4032 διηγήσομαι
3497 3977 3511 3990 ο
3562 3961 3651 4010 νῦν
3693 3951 3740 4008 δὲ

2106 4047 2242 4101 κατά
2272 4046 2442 4100 πάντα
2474 4046 2549 4108 ὡς
2584 4043 3179 4120 δεισιδαιμονεστέρους
3210 4045 3355 4118 ὑμᾶς
3379 4047 3589 4120 θεωρῶ.
3614 4053 3746 4115 Διερ-

2104 4135 2343 4211 χόμενος
2371 4136 2473 4210 γὰρ
2502 4135 2593 4189 καὶ
2622 4135 2688 4190 τὰ
2711 4129 3022 4206 σεϐάσματα
3052 4133 3205 4207 ὑμῶν
3234 4135 3586 4207 ἀναθεωρῶν,
3605 4133 3742 4204 εὗρον

2101 4225 2187 4279 καὶ
2247 4225 2457 4299 βωμὸν,
2491 4223 2540 4278 ἐν
2591 4225 2637 4296 ᾧ
2677 4223 3074 4298 ἐπεγέγραπτο·
3123 4223 3432 4297 Ἀγνώστῳ
3485 4228 3618 4295 Θεῷ,
3661 4225 3741 4273 "Ov

2109 4314 2201 4367 οὗν
2264 4314 2581 4387 ἀγνοοῦντες
2632 4307 2922 4383 εὐσεϐεῖτε,
2980 4316 3170 4366 τοῦτον
3231 4309 3339 4386 ἐγὼ
3409 4308 3743 4387 καταγγέλλω

2107 4402 2233 4473 ὑμῖν
2270 4419 2282 4433 ·
2318 4400 2362 4454 εί
2394 4400 2495 4473 ἄρα
2535 4399 2889 4474 ψηλαφήσετε
2937 4399 3120 4470 αὐτὸν,
3173 4398 3263 4452 καὶ
3301 4397 3542 4474 εὕροιτε,
3583 4397 3665 4454 καί
3694 4417 3743 4470 γε

341 4513 524 4561 aram,
559 4495 615 4549 in
670 4510 788 4564 qua
835 4491 1188 4562 inscriptum
1237 4493 1396 4544 erat:
1432 4490 1621 4558 Ignoto
1651 4490 1774 4543 Deo.
1809 4490 1988 4551 Quem

2117 4488 2172 4543 ού
2209 4488 2413 4561 μακρὰν
2461 4489 2549 4565 ἀφ’
2599 4488 2824 4542 ἑκάστου
2883 4488 3034 4560 ὑμῶν
3086 4488 3431 4562 ὑπάρχοντα,
3487 4490 3574 4544 Ἐν
3618 4485 3745 4554 αὐτῷ

342 4602 479 4658 ergo
505 4585 841 4656 ignorantes
864 4580 1077 4650 colitis,
1101 4595 1232 4634 eum
1257 4579 1542 4633 annuntio
1564 4577 1757 4645 vobis;
1783 4577 1829 4632 si
1853 4593 1991 4632 eum

336 4674 485 4731 forte
533 4669 1049 4736 contrectaveritis,
1081 4672 1138 4722 et
1185 4665 1550 4734 inveneritis,
1584 4664 1693 4721 etsi
1747 4682 1860 4720 non
1917 4665 1995 4720 sit

336 4763 510 4834 longe
542 4762 612 4816 ab
647 4773 996 4831 unoquoque
1026 4760 1313 4811 vestrum.
1347 4754 1409 4809 In
1461 4753 1590 4824 ipso
1641 4754 1797 4809 enim
1850 4753 1992 4808 vivi-

336 4868 493 4918 mus,
527 4855 582 4906 et
613 4865 935 4916 movemur,
963 4849 1020 4902 et
1050 4860 1281 4901 sumus.
1306 4865 1333 4893 η
1357 4847 1488 4898 Haec
1513 4859 1641 4898 cum
1668 4842 1754 4898 illi
1777 4843 1996 4899 audiis-

338 4943 489 5010 sent,
505 4938 783 5010 quoniam
810 4936 1084 5009 gravibus
1105 4931 1418 4988 sententiis
1443 4931 1615 5004 plena
1638 4937 1762 4988 erat
1783 4932 1989 5000 oratio,

337 5033 620 5101 tanquam
655 5043 799 5083 sono
830 5024 1054 5080 tonitru
1085 5025 1284 5078 essent
1299 5021 1992 5093 obstupefacti,elingues

338 5123 398 5174 et
419 5116 567 5172 muti
591 5114 1066 5172 evaserant.Cum
1087 5116 1284 5167 autem
1304 5111 1398 5164 vix
1415 5111 1652 5165 tandem
1678 5111 1989 5166 dixissent:

340 5229 370 5259 «
400 5206 726 5261 Audiemus
755 5211 812 5258 te
844 5200 1149 5274 postridie,
1184 5222 1212 5251 ››
1259 5215 1395 5255 eum
1446 5198 1805 5255 dimiserunt
1836 5215 1866 5255 e
1888 5200 1991 5270 ju-

339 5296 511 5355 dicio.
533 5294 845 5366 Egreditur
865 5308 1003 5364 ergo
1026 5289 1390 5360 Paulus,non
1414 5289 1712 5354 inanibus,
1730 5293 1795 5344 ut
1814 5289 1991 5362 vulgo

337 5381 986 5454 dicitur,manibus,sed
1011 5396 1214 5437 secum
1239 5378 1605 5451 accepto,qui
1627 5395 1761 5435 eum
1788 5397 1992 5453 seque-

410 5587 489 5657 (ἢ)
517 5586 684 5644 Prov.
716 5603 809 5644 xv.

2110 4577 2211 4653 γὰρ
2246 4581 2421 4650 ζῶμεν
2443 4578 2530 4631 καὶ
2563 4577 2861 4648 κινούμεθα
2903 4575 2992 4630 καὶ
3035 4575 3216 4648 ἐσμέν.
3251 4599 3279 4628 ››
3311 4575 3537 4632 Τούτων
3570 4574 3744 4631 ἐκεῖνοι

2107 4666 2455 4735 ἀκούσαντες,
2487 4665 2576 4720 καὶ
2610 4665 2691 4720 ὅτι
2722 4663 2946 4739 πλήρης
2968 4667 2996 4719 ὁ
3024 4663 3187 4740 λόγος
3215 4667 3444 4738 κομψῆς
3475 4665 3742 4740 ἐτύγχανεν

2111 4753 2375 4824 διανοίας,
2435 4755 2523 4809 οἶα
2581 4755 2812 4830 βροντῆς
2861 4754 2992 4829 ἤχῳ
3041 4752 3508 4829 καταπλαγέντες,
3557 4752 3744 4830 ἀφωνία

2105 4843 2448 4918 συνείχοντο.
2482 4845 2614 4918 Ὀψὶ
2659 4841 2716 4898 δὲ
2762 4842 2852 4898 καὶ
2901 4842 3066 4916 μόλις
3094 4867 3115 4893 ι
3154 4843 3538 4916 Ἀκουσόμεθά
3567 4863 3658 4896 σου
3683 4837 3739 4904 τῆ

2107 4934 2379 5009 ὑστεραίᾳ,
2416 4957 2442 4983 ››
2487 4931 2958 5010 ἐπιφθεγξάμενοι,
3009 4936 3104 4987 τοῦ
3156 4929 3520 5006 δικαστηρίου
3573 4934 3744 4986 τοῦτον

2104 5024 2336 5099 ἀφῆκαν.
2372 5022 2601 5092 Ἐξεισιν
2645 5020 2734 5076 οὗν
2786 5023 2814 5076 ὁ
2870 5020 3090 5083 Ηαῦλος
3137 5022 3200 5076 οὐ
3251 5027 3441 5085 κεναῖς
3487 5023 3664 5096 χερσὶ,
3689 5019 3741 5072 τὸ

2102 5110 2366 5184 ᾀδόμενον
2401 5129 2414 5143 ⁸
2448 5109 2574 5166 ἀλλ’
2609 5109 2933 5188 έφεπόμενον
2966 5111 3056 5166 τὸν
3088 5107 3348 5186 πρόεδρόν
3385 5131 3447 5166 τε
3477 5110 3569 5166 καὶ
3599 5129 3742 5184 κορυ-

2101 5207 2257 5280 φαῖον
2307 5207 2406 5269 τῆς
2450 5204 2556 5254 τῶν
2601 5203 2869 5273 σοφιστῶν
2921 5198 3234 5273 συμμορίας
3273 5195 3633 5273 παραλαϐὼν,
3661 5198 3739 5251 τὸν

2106 5289 2276 5365 μέγαν
2305 5287 2495 5344 τοῦτόν
2521 5309 2664 5366 φημι
2714 5286 2996 5343 Διονύσιον
3030 5305 3042 5319 °
3085 5287 3176 5342 καὶ
3207 5283 3392 5360 ὥσπερ
3425 5307 3513 5350 τις
3547 5286 3742 5358 Ὀλυμ·

2101 5378 2354 5450 πιονίκης
2387 5380 2422 5449 ἢ
2473 5377 2796 5454 στρατηγὸς,
2852 5384 2953 5447 τῆς
3008 5374 3150 5439 ΐδίας
3205 5375 3470 5453 γλώττης
3502 5377 3748 5453 τρόπαιον
