3972 6214
252 410 362 466 593

1214 415 1405 479 VITA,
1449 414 1782 468 AUCTOBE
1821 412 2162 466 SYMBONE
2203 417 2755 476 METAPHRASTE.

3561 429 3671 484 594

255 539 417 594 αὐτὸν
474 543 849 613 ποιησάμενος
920 542 1010 597 καὶ
1065 544 1270 617 καρπὸν
1323 546 1574 597 τοιοῦτον
1627 545 1724 596 τοῦ
1777 540 1976 613 πρὸςΑ

2033 547 2222 614 batur,
2255 548 2596 621 praside,et
2625 551 2831 607 classis
2856 552 3254 624 sophistarum
3274 556 3673 630 principe,hoc

258 629 589 699 Ἀθηναίους
644 627 811 705 λόγου
860 630 1092 705 θερίσας.
1142 637 1273 693 Τοῖς
1316 631 1415 706 γὰρ
1465 631 1611 707 παρὰ
1665 628 1760 685 τοῦ
1816 637 1918 699 τῆς

260 717 522 788 ἀληθείας
580 721 818 794 κήρυκος
876 721 1000 797 περὶ
1061 725 1158 775 τοῦ
1213 722 1394 790 Ἰησοῦ
1447 720 1770 795 λεγομένοις
1814 721 1914 788 τήν

260 814 659 883 προοραθεῖσαν
689 809 834 881 αὐτῷ
870 812 1006 865 κατά
1032 811 1123 865 τὸν
1169 812 1359 884 καιρὸν
1388 815 1486 865 τοῦ
1547 811 1752 872 πάθους
1808 813 1913 863 τῶν

259 900 566 976 φωστήρων
622 899 973 972 καινοτομίαν
1049 895 1346 972 συμϐαλὼν
1392 899 1614 970 ἐκεῖνος,
1673 898 1760 954 καὶ
1817 901 1915 966 τῆς

252 986 604 1061 ἀνθρωπίνης
633 990 835 1058 ταύτης
873 988 1071 1063 σοφίας
1123 987 1414 1063 ὑπεριδὼν,
1459 994 1556 1044 τοῦ
1598 987 1768 1064 λόγου
1814 991 1915 1053 τῆς

256 1074 519 1147 ἀληθείας
549 1080 775 1151 γίνεται,
825 1079 912 1132 καὶ
962 1077 1041 1151 τῷ
1090 1079 1412 1151 Ἀποστόλῳ
1459 1078 1778 1132 συντίθεται“
1836 1081 1915 1148 τῷ

259 1186 321 1221 τε
378 1163 598 1241 λουτρῷ
650 1169 750 1232 τῆς
806 1165 1228 1242 παλιγγενεσίας
1269 1167 1602 1235 τελειωθεὶς,
1669 1169 1917 1240 μαθητὴς

253 1257 402 1328 ὁμοῦ
445 1256 534 1310 καὶ
583 1259 754 1332 κῆρυξ
803 1261 1038 1331 Χριστοῦ
1079 1261 1177 1312 τοῦ
1219 1258 1441 1334 πρώτου
1501 1264 1601 1326 τῆς
1656 1255 1916 1326 ἀληθείας

256 1342 594 1400 διδασκάλου
651 1346 990 1410 καθίσταται.
1043 1347 1140 1402 Καὶ
1191 1348 1259 1402 τὰ
1305 1351 1494 1422 πρῶτα
1542 1353 1641 1416 τῆς
1690 1343 1913 1414 ἡλικίας

252 1431 578 1512 διατριϐῶν,
647 1437 736 1492 καὶ
796 1435 1044 1503 παιδείας
1108 1443 1190 1512 τῷ
1253 1437 1523 1513 μακαρίτῃ
1574 1438 1913 1506 κοινωνήσας

248 1524 524 1599 Ἱεροθέῳ,
564 1525 680 1600 βίον
713 1527 817 1581 ὖπὸ
845 1525 1025 1599 τούτῳ
1071 1527 1162 1582 καὶ
1214 1526 1378 1604 λόγον
1436 1524 1772 1582 παιδεύεται·
1823 1526 1913 1579 καὶ

251 1617 359 1678 τῆς
393 1615 564 1683 αὐτῆς
597 1615 862 1687 αύτῷτοῦ
893 1616 1047 1690 ἁγίου
1078 1616 1393 1690 Πνεύματος
1439 1614 1726 1676 κοινωνίας
1785 1635 1916 1668 κατ-

254 1706 522 1776 αξιοῦται,
574 1703 664 1758 καὶ
706 1699 991 1766 ἀναϐάσεις
1022 1691 1072 1758 ἐν
1131 1708 1200 1778 τῇ
1259 1701 1455 1778 καρδίᾳ
1507 1700 1912 1776 ἀνατιθέμενος,

256 1789 558 1870 φιλοσοφεῖ
609 1795 708 1862 τήν
768 1793 1052 1863 ἀλήθειαν·
1116 1799 1269 1863 ζητεῖ
1320 1794 1455 1866 μετὰ
1499 1801 1598 1863 τῆς
1653 1791 1911 1862 ἀληθείας

2029 653 2257 708 magno,
2293 639 2558 711 inquam,
2595 641 2884 710 Dionysio.
2917 641 2996 696 De
3027 658 3160 713 quo,
3195 649 3466 716 tanquam
3508 651 3672 720 quis-

2028 727 2182 797 piam
2242 728 2426 784 victor
2481 729 2838 800 Olympicus,
2891 735 2995 785 aut
3043 731 3160 786 dux
3208 735 3514 804 exercitus,
3550 755 3669 794 suae

2023 816 2239 886 linguas
2268 819 2450 872 erexit
2481 818 2827 890 trophaeum,
2862 829 2917 875 et
2959 821 3115 877 hunc
3161 822 3407 878 fructum
3441 825 3674 898 collegit

2027 921 2094 960 ex
2119 906 2380 962 oratione
2406 924 2578 978 quam
2606 908 2807 964 habuit
2839 909 2908 963 ad
2931 910 3342 967 Athenienses.
3379 912 3456 968 lis
3497 915 3676 981 enim,

2027 1010 2152 1065 quas
2186 996 2256 1050 de
2285 995 2417 1051 Jesu
2441 996 2788 1051 dicebantur
2833 1015 2866 1052 a
2921 1014 3181 1069 praecone
3225 1000 3509 1068 veritatis,
3543 1019 3673 1060 cum

2025 1100 2060 1138 α
2090 1100 2148 1139 se
2179 1085 2341 1155 prius
2365 1085 2547 1141 visam
2571 1087 2629 1142 in
2655 1091 2915 1156 tempore
2935 1087 3226 1158 passionis
3248 1089 3681 1148 innovationem

2026 1171 2140 1228 sibi
2161 1173 2272 1244 ipsi
2292 1173 2670 1246 explicuisset
2691 1174 3096 1243 luminarium,
3111 1182 3169 1232 et
3184 1177 3332 1235 hanc
3354 1179 3676 1237 humanam

2023 1265 2386 1335 despexisset
2407 1265 2782 1336 sapientiam,
2815 1269 3075 1322 sectatur
3121 1268 3360 1323 verbum
3395 1271 3676 1339 veritatis,

2025 1357 2080 1408 et
2110 1353 2452 1426 adjungitur
2479 1353 2790 1423 Apostolo;
2831 1359 2888 1410 et
2935 1358 3387 1426 regenerationis
3443 1359 3675 1416 lavacro

2024 1448 2494 1510 consummatus,
2539 1443 2601 1498 fit
2642 1443 2820 1499 simul
2844 1444 3197 1517 discipulus,
3224 1451 3280 1501 et
3300 1464 3482 1517 praeco
3505 1449 3674 1504 Chri-

2024 1533 2123 1600 sti,
2158 1533 2257 1603 qui
2290 1541 2375 1588 est
2405 1533 2629 1603 primus
2653 1535 2851 1589 doctor
2880 1534 3162 1590 veritatis.
3197 1536 3416 1592 Etcum
3452 1538 3676 1608 primas

2025 1622 2157 1677 ﬁdei
2179 1621 2625 1678 exercitationes
2647 1626 2704 1678 et
2723 1621 3073 1694 disciplinas
3111 1639 3144 1678 ο,
3186 1623 3353 1680 beato
3385 1627 3674 1698 percepis-

2024 1717 2111 1766 set
2132 1711 2459 1778 Hierotheo,
2483 1716 2542 1767 et
2563 1711 2623 1767 in
2654 1712 2852 1778 verbo,
2882 1717 2940 1767 et
2977 1711 3038 1767 in
3076 1713 3190 1768 vita
3215 1714 3288 1768 ab
3318 1730 3383 1770 eo
3408 1717 3672 1784 docetur,

2024 1803 2081 1857 et
2099 1801 2287 1856 sancti
2309 1800 2563 1872 Spiritus
2585 1801 3059 1857 communionem
3085 1803 3157 1858 ab
3182 1819 3249 1858 eo
3273 1805 3669 1877 consequitur.

254 1881 383 1956 περὶ
436 1885 650 1958 ψυχῆς,
701 1881 826 1958 περὶ
858 1883 1135 1955 σώματος,
1165 1884 1286 1958 περὶ
1347 1889 1446 1953 τῆς
1473 1887 1581 1938 τῶν
1630 1883 1910 1958 πρακτέων
1947 1913 1976 1981 Ι

2028 1889 2249 1946 Deinde
2279 1890 2652 1946 ascensiones
2693 1891 2750 1946 in
2774 1891 2942 1948 corde
2970 1908 3077 1946 suo
3107 1892 3447 1964 disponens,
3480 1893 3673 1966 philo-

259 1970 583 2045 ὑπάρξεως*
634 1971 810 2026 πάντα
868 1977 1052 2044 νεκροῖ
1096 1971 1163 2026 τὰ
1207 1970 1347 2045 μέλη
1397 1973 1462 2025 τὸ.
1517 1971 1603 2025 ἐπὶ
1651 1973 1748 2040 τῆς
1795 1977 1918 2043 γῆς,
1955 1970 1976 1981 ’

2029 1980 2314 2052 sopbatur
2341 1979 2668 2048 veritatem;
2695 1980 2903 2051 qumrit
2923 1997 3055 2036 cum
3083 1981 3339 2052 veritate,
3366 1983 3434 2039 de
3451 1984 3669 2054 anima,

269 2059 460 2115 πολλὰ
510 2063 580 2134 τῇ
614 2060 767 2134 σαρκί
790 2062 1186 2133 νομοθετήσας,
1229 2060 1307 2124 εΐς
1337 2060 1611 2136 ὑποταγὴν
1638 2064 1736 2116 τοῦ
1761 2059 1922 2114 πνεύ-

2031 2071 2101 2126 de
2131 2085 2396 2142 corpore,
2428 2085 2494 2124 ac
2523 2069 2592 2124 de
2617 2069 2948 2124 substantia
2998 2086 3192 2126 rerum
3232 2073 3617 2144 gerendarum
3655 2091 3670 2130 :

269 2168 468 2223 ματος*
501 2147 842 2224 παιδαγωγεῖ
869 2151 967 2218 τήν
1002 2151 1170 2219 ἀκοὴν
1201 2149 1298 2204 ὅσα
1324 2155 1442 2214 θεῖα
1483 2150 1572 2205 καὶ
1634 2149 1758 2224 περί
1789 2153 1922 2206 Θεοῦ

2032 2160 2349 2215 mortiﬁcat
2371 2157 2569 2214 omnia
2590 2157 2856 2214 membra
2877 2175 3002 2229 sua,
3024 2176 3150 2230 quas
3189 2167 3324 2216 sunt
3346 2178 3522 2234 super
3549 2166 3669 2218 ter-

268 2237 644 2294 ἰνωτίσασθαι·
702 2244 820 2301 τοῖς
873 2235 931 2294 δὲ
959 2238 1165 2294 τούτων
1221 2238 1373 2302 ἐκτὸς
1407 2241 1498 2293 τὸν
1550 2245 1691 2302 θεῖον
1751 2234 1921 2312 φόϐον

2033 2266 2180 2316 ram,
2199 2247 2394 2303 carnis
2412 2246 2628 2302 multas
2643 2248 2793 2318 leges
2809 2247 3167 2304 constituens
3189 2250 3258 2304 ad
3278 2250 3670 2306 obediendum

267 2328 517 2404 θυρωρὸν
582 2327 860 2403 ἐφίστησιν
925 2328 1331 2402 ἀπαραίτητον·
1383 2326 1512 2383 ὅλον
1568 2328 1781 2403 μετάγει
1833 2327 1927 2382 τὸν

2034 2329 2291 2402 spiritui;
2316 2331 2483 2384 docet
2515 2344 2686 2383 aures
2707 2326 3033 2383 auscultare
3055 2345 3181 2400 quae
3201 2328 3422 2400 divina,
3454 2336 3514 2385 et
3541 2346 3672 2400 qua:

252 2416 363 2492 ἆφθ
379 2416 561 2491 αλμὸν
591 2417 679 2473 ἐπὶ
709 2419 808 2486 τήν
841 2416 1123 2488 ἀλήθειαν.
1164 2417 1243 2472 Τὰ
1283 2418 1385 2493 γὰρ
1427 2419 1524 2485 τῆς
1571 2415 1844 2491 γλώττης,
1877 2416 1923 2472 εἰ

2036 2423 2176 2474 sunt
2200 2419 2270 2473 de
2288 2419 2403 2473 Deo
2431 2416 2754 2483 audienda;
2789 2416 2862 2471 iis
2879 2421 3070 2472 autem
3094 2433 3220 2488 quae
3239 2422 3381 2473 sunt
3398 2421 3560 2474 extra
3581 2435 3671 2485 ea,

251 2507 351 2562 καὶ
416 2508 492 2578 μή
541 2506 593 2561 ἐν
626 2509 708 2568 οἷς
759 2505 929 2582 ἐχρῆν
957 2507 1244 2582 πρότερον,
1305 2503 1430 2561 ἁλλ’
1461 2505 1554 2560 οὖν
1604 2505 1927 2583 φιλοσόφως

2035 2509 2291 2564 divinum
2325 2514 2545 2562 metum
2591 2505 3008 2561 inexorabilem
3042 2506 3274 2562 adhibet
3305 2507 3621 2577 jauitorem
3655 2523 3671 2563 :

267 2615 334 2650 τε
376 2596 468 2650 καὶ
527 2600 790 2657 Ἀττικῶς
847 2594 937 2649 καὶ
986 2596 1124 2670 πρὸς
1172 2589 1446 2668 ἀκρίϐειαν
1492 2593 1928 2651 ἐνεπεπαίδευτοο

2033 2603 2091 2655 et
2109 2602 2290 2654 totum
2328 2594 2562 2652 oculum
2588 2595 2925 2650 traducitad
2950 2596 3249 2651 veritatem
3273 2601 3499 2652 contem
3511 2596 3675 2668 plan-

267 2685 395 2753 Καὶ,
431 2680 474 2738 ὤ
506 2689 601 2739 τοῦ
648 2683 922 2757 θαύματος
957 2686 968 2740 !
1029 2683 1079 2738 ἐν
1127 2685 1327 2759 βραχεῖ
1370 2683 1570 2745 πάντας
1619 2679 1924 2758 ὑπερϐαίνει

2031 2688 2184 2742 dum.
2211 2686 2372 2752 Quod
2405 2689 2599 2740 autem
2637 2685 2708 2738 ad
2739 2683 2997 2752 linguam
3034 2683 3300 2755 pertinet,
3325 2687 3432 2740 etsi
3465 2703 3579 2742 non
3615 2686 3673 2742 in

249 2772 386 2834 τοὺς
418 2771 743 2845 ἔμπροσθεν,
775 2772 837 2826 ού
889 2770 1094 2846 κλέψας
1131 2773 1232 2841 τὴν
1276 2772 1520 2842 ἐξουσίαν
1572 2771 1701 2827 οὐδὲ
1746 2774 1921 2848 ἀρπά-

2031 2776 2124 2844 iis,
2149 2776 2207 2830 in
2233 2775 2450 2846 quibus
2471 2773 2795 2845 oportebat,
2826 2773 2965 2828 olim
3007 2774 3211 2831 edocta
3238 2775 3443 2844 fuerat,
3476 2775 3672 2847 philo-

257 2883 377 2928 σας,
421 2861 569 2916 ἀλλά
597 2861 726 2925 τοὺς
774 2862 921 2916 κάτω
957 2861 1196 2935 βαθμοὺς
1229 2859 1540 2934 διεξελθών.
1574 2862 1672 2915 Καὶ
1700 2862 1763 2916 τὸ
1792 2883 1921 2917 ποι-

2029 2863 2267 2936 sopbice
2297 2869 2491 2918 tamen
2524 2867 2581 2917 et
2609 2862 2812 2930 Attice,
2842 2862 3147 2934 multaque
3187 2880 3320 2918 cum
3370 2864 3674 2936 diligentia

253 2950 547 3024 μαίνεσθαι
580 2949 770 3011 καλῶς
801 2950 1072 3023 ἐκμαθὼν,
1105 2955 1210 3004 τῶν
1245 2951 1356 3004 ἄνω
1383 2949 1526 3024 ταχὺ
1553 2949 1778 3026 γίνεται,
1827 2951 1916 3006 καὶ

251 3038 540 3112 ποιμαίνει
575 3039 709 3112 μετά
735 3046 836 3108 τῆς
861 3039 1048 3114 πείρας
1071 3037 1312 3114 ὕστερον·
1344 3039 1438 3093 καὶ
1468 3038 1719 3099 ἐπιεικῶς
1748 3037 1917 3116 ἄρχε-

254 3140 378 3191 σθαι
420 3129 626 3200 μαθὼν,
660 3126 818 3204 ἄρχει
851 3125 1270 3204 ἐπιεικέστερον·
1321 3127 1412 3182 καὶ
1467 3128 1602 3200 μετά
1645 3135 1747 3197 τῆς
1782 3129 1918 3200 ἀλη-

248 3217 400 3280 θείας
449 3214 700 3287 διδάξας,
755 3213 844 3271 διὰ
893 3216 1070 3287 πάσης
1119 3238 1176 3272 τε
1226 3213 1399 3271 ἐλθὼν
1463 3217 1699 3288 εὐταξίας
1748 3217 1911 3280 τέλος

2027 2954 2255 3011 erudita
2284 2957 2427 3008 erat.
2459 2951 2658 3022 Itaque
2693 2951 2849 3006 brevi
2874 2950 3186 3024 Dionysius
3209 2954 3261 3021 (ο
3293 2951 3671 3024 miraculum)

2025 3047 2262 3115 superat
2282 3057 2506 3111 omnes,
2531 3040 2628 3112 qui
2669 3045 3120 3112 praecesserant:
3145 3042 3294 3098 845
3319 3046 3531 3098 etcum
3564 3059 3672 3114 po-

2023 3138 2293 3188 testatem
2320 3147 2435 3186 non
2459 3130 2805 3184 subfuratus
2827 3130 3107 3198 esset,sed
3135 3146 3235 3200 per
3247 3130 3465 3200 gradus
3489 3139 3674 3186 trans-

2024 3223 2191 3276 iisset
2219 3219 2551 3284 inferiores,
2578 3216 2819 3289 pulchre
2851 3217 3012 3288 pasci
3033 3216 3360 3288 didicisset,
3383 3220 3456 3274 ad
3493 3235 3673 3290 supe-

242 3306 344 3373 τήν
397 3309 504 3360 τῶν
559 3307 802 3376 Ἀθηνῶν
855 3301 1161 3369 πιστευθείς
1207 3302 1523 3381 προεδρίαν,
1550 3310 1660 3360 τῶν
1707 3307 1908 3362 οἰάκων
1941 3285 1976 3352 C

2028 3310 2178 3365 riora
2201 3326 2331 3365 mox
2356 3307 2636 3380 pervenit,
2671 3309 2728 3361 et
2755 3307 2947 3378 pascit
2967 3311 3170 3378 postea
3201 3323 3336 3362 cum
3369 3307 3671 3378 experien-

243 3396 348 3463 τῆς
401 3392 729 3464 Ἐκκλησίας
781 3394 1236 3470 ὑπερκαθέζεται·
1291 3395 1354 3449 τό
1410 3416 1468 3449 τε
1523 3402 1624 3464 τῆς
1683 3397 1907 3471 γνώμης

241 3488 491 3559 γενναῖον
556 3481 906 3552 ἐπιδεικνύει,
953 3483 1043 3538 καὶ
1094 3481 1443 3558 προπολεμεῖ
1496 3491 1594 3554 τῆς
1642 3486 1906 3557 ποίμνης,

251 3573 343 3627 καὶ
374 3567 641 3628 ἀποσοϐεῖ
668 3572 794 3636 τοὺς
826 3575 1017 3645 θῆρας,
1048 3573 1137 3626 καὶ
1167 3578 1264 3627 τοῦ
1309 3573 1666 3642 νενοσηκότος
1713 3571 1909 3646 ἐπιμε-

254 3659 456 3733 λεῖται,
495 3662 586 3716 καὶ
615 3662 679 3716 τὸ
715 3664 1012 3736 μακρυνθὲν
1043 3661 1321 3736 ἀπανάγει·
1355 3662 1443 3716 καὶ
1476 3661 1768 3717 συνελόντα
1817 3661 1910 3740 φά-

248 3773 356 3819 ναι,
390 3757 524 3805 πᾶσι
553 3751 621 3805 τά
651 3750 826 3806 πάντα
854 3752 988 3806 κατᾶ
1014 3750 1106 3806 τὸν
1140 3750 1302 3804 αὐτοῦ
1336 3747 1661 3805 διδάσκαλον
1684 3751 1902 3827 γίνεται.

249 3839 407 3896 Οὕτω
441 3861 498 3894 τε
524 3838 754 3910 διδάξας,
791 3841 875 3895 καὶ
909 3841 1006 3909 τὴν
1065 3836 1270 3914 Τριάδα
1321 3837 1674 3911 θεολογήσας,
1727 3846 1909 3915 σαφῶς

244 3928 364 4002 περί
394 3932 502 3982 τῶν
537 3927 724 3983 ἄλλων
759 3923 1118 4001 διαλαμϐάνει
1154 3925 1456 4000 δυνάμεων.

2019 3401 2213 3466 tia;et
2269 3413 2402 3453 cum
2459 3397 2718 3452 modeste
2773 3411 2976 3466 parere
3032 3394 3358 3460 didicisset,
3420 3396 3674 3468 imperat

2020 3487 2384 3552 modestius;
2408 3490 2465 3541 et
2496 3501 2629 3540 cum
2656 3483 3097 3555 docuissetcum
3121 3484 3384 3556 veritate,
3409 3485 3675 3542 obiisset-

2020 3594 2135 3648 que
2157 3592 2367 3631 omnes
2391 3575 2526 3629 boni
2560 3573 2789 3629 ordinis
2823 3577 3021 3644 partes
3051 3575 3285 3629 tandem
3309 3574 3361 3630 ei
3394 3576 3670 3630 mandato

2019 3665 2381 3721 Athenarum
2416 3663 2781 3735 pontificatu,
2824 3661 3004 3716 clavis
3054 3662 3327 3732 prasidet
3373 3663 3670 3728 Ecclesia,

2020 3754 2393 3824 ostenditque
2425 3767 2600 3806 suum
2626 3765 2976 3820 generosum
3021 3750 3307 3816 animum,
3343 3754 3400 3805 et
3445 3754 3671 3821 pugnat

2019 3859 2121 3913 pro
2151 3859 2322 3914 grege
2349 3857 2362 3896 :
2386 3839 2739 3912 expellitque
2770 3837 2993 3894 bestias
3013 3843 3070 3893 et
3095 3839 3248 3910 ejus,
3270 3840 3424 3909 quod
3465 3839 3670 3894 morbo

2022 3933 2268 3996 laborat,
2296 3947 2498 3986 curam
2551 3928 2723 4000 gerit,
2755 3933 2814 3982 et
2843 3928 2994 3998 quod
3049 3927 3220 3999 longe
3258 3933 3345 3984 est
3378 3931 3666 3983 remotum

251 4020 473 4074 reducit
503 4035 516 4073 :
555 4025 630 4087 et,
664 4025 726 4074 ut
759 4019 937 4074 semel
973 4020 1186 4085 dicam,
1218 4020 1372 4075 sicut
1427 4020 1558 4090 ejus
1609 4021 1911 4092 magister,
1942 4022 2221 4080 omnibus
2253 4022 2318 4074 ﬁt
2376 4019 2574 4074 omnia
2596 4019 2683 4089 (ἰ).
2723 4021 2869 4073 Cum
2902 4016 2988 4074 sic
3017 4024 3214 4073 autem
3262 4016 3561 4074 docuisset
3611 4021 3668 4072 et

249 4109 318 4163 de
348 4109 656 4163 Trinitatis
687 4108 992 4163 divinitate
1013 4108 1413 4173 disseruisset,
1447 4109 1601 4164 clare
1632 4115 1842 4165 tractat
1873 4111 1944 4168 de
1984 4111 2258 4184 supernis
2288 4108 2629 4163 virtutibus.

319 4195 425 4251 Καὶ
456 4194 532 4257 είς
560 4199 725 4251 τοῦτο
758 4194 986 4270 χάριτος
1037 4193 1235 4267 ἐλθὼν,
1282 4197 1380 4264 ὡς,
1431 4196 1591 4265 ἡνίκα
1637 4198 1698 4250 τὸ
1747 4202 1910 4252 πνεῦ-

255 4305 326 4355 μα
370 4287 474 4349 τῆς
518 4284 785 4338 Θεοτόκου
813 4284 1067 4356 σώματος
1100 4281 1374 4356 ἐξεδήμει,
1407 4290 1525 4346 τοῖς
1575 4284 1911 4348 ἀποστόλοις

253 4369 338 4427 διὰ
385 4372 694 4446 πνεύματος
745 4373 834 4428 καὶ
886 4372 1118 4451 νεφέλης
1145 4376 1214 4446 τῇ
1245 4374 1364 4448 ἱερᾷ
1411 4372 1606 4427 τούτου
1664 4372 1908 4430 ἐπιστᾶσι

252 4467 391 4541 ταφῇ
424 4468 806 4539 συμπαρεῖναι’
842 4464 945 4518 οὐκ
982 4457 1060 4518 ἔτι
1093 4460 1200 4517 δεῖν
1248 4459 1384 4535 ᾤετο
1435 4467 1532 4537 μιᾷ
1579 4462 1738 4519 πόλει
1790 4469 1909 4526 ταῖς

254 4551 504 4622 Ἀθήναις
547 4553 640 4607 τὸν
679 4555 939 4607 τοσοῦτον
985 4551 1314 4627 περιγράψαι
1361 4551 1600 4606 πλοῦτον
1649 4559 1752 4621 τῆς
1801 4555 1907 4628 χά-

259 4657 420 4713 ριτος⁶
457 4639 601 4696 ἀλλὰ
629 4641 690 4694 τὸ
734 4639 1000 4695 τάλαντον
1051 4638 1494 4694 πολυπλασιάσαι
1545 4639 1904 4715 βουλόμενος,

2091 4199 2236 4254 Cum
2295 4214 2427 4253 vero
2478 4197 2549 4252 ad
2605 4199 2824 4250 tantam
2885 4195 3246 4268 pervenisset
3300 4196 3548 4268 gratiam
3606 4197 3671 4250 ut

2019 4287 2256 4360 quando
2315 4286 2590 4358 Deiparae,
2625 4287 2781 4357 quod
2849 4286 3028 4340 Deum
3093 4285 3354 4354 suscepit
3405 4283 3667 4356 corporis

2018 4377 2327 4447 emigravit
2356 4375 2624 4446 spiritus,
2671 4373 2850 4429 simul
2901 4375 3134 4429 adesset
3179 4390 3313 4428 cum
3359 4370 3662 4442 apostolis,

2017 4466 2114 4536 qui
2147 4481 2250 4536 per
2281 4463 2552 4536 spiritum
2587 4467 2644 4518 et
2675 4463 2893 4518 nubem
2925 4463 2994 4518 ad
3029 4463 3177 4517 hanc
3209 4477 3437 4516 sacram
3467 4476 3665 4516 acces-

2017 4559 2216 4610 serant
2245 4553 2632 4625 sepulturam,
2666 4568 2780 4607 non
2814 4552 3047 4622 amplus
3091 4549 3443 4606 existimavit
3490 4565 3666 4620 opor-

2017 4648 2138 4699 tere
2170 4660 2287 4698 una
2334 4642 2586 4708 civitate,
2630 4657 2842 4712 nempe
2878 4639 3141 4708 Athenis,
3182 4637 3665 4693 circumscribere

260 4729 346 4781 καὶ
390 4733 507 4783 κατ’
561 4726 720 4804 ἴχνος
769 4725 990 4784 ἕπεσθαι
1037 4732 1117 4799 τῷ
1167 4725 1502 4800 διδασκάλῳ,
1529 4728 1625 4790 τὰς
1675 4730 1906 4798 Ἀθήνας
1936 4732 1976 4796 Π

2028 4732 2162 4788 :ales
2195 4748 2334 4803 opes
2365 4731 2594 4802 gratiae;
2645 4729 2744 4785 sed
2792 4728 2993 4784 volens
3042 4726 3432 4799 multiplicare
3479 4727 3664 4781 talen-

262 4815 564 4890 ἀπολιπὼν,
614 4817 800 4872 πολλὰ
859 4817 951 4892 μὲν
1005 4816 1144 4871 κατὰ
1190 4824 1290 4893 γῆν
1343 4818 1550 4888 παθὼν,
1605 4817 1793 4872 πολλά
1849 4815 1906 4871 δὲ

258 4907 340 4961 καὶ
400 4909 537 4964 κατᾶ
588 4905 857 4972 θάλασσαν
904 4905 1199 4980 ὑπομείνας
1249 4906 1314 4961 τὰ
1363 4904 1604 4982 δυσχερῆ
1654 4905 1744 4960 καὶ
1797 4928 1904 4980 μη-

261 4993 313 5050 δὲ
370 4999 468 5052 ὑπὸ
527 4995 732 5052 τούτων
788 4995 1184 5071 κατασχεθεὶς,
1259 4993 1384 5052 ἀλλ’
1447 4994 1578 5071 ὑπὲρ
1636 4996 1704 5052 τὰ
1759 4994 1906 5052 κάτω

261 5085 422 5141 πάντα
464 5090 535 5160 τῇ
579 5084 686 5141 τῶν
734 5083 844 5140 ἄνω
895 5085 1094 5159 θεωρίᾳ
1139 5086 1449 5160 γενόμενος,
1507 5087 1608 5154 τὴν
1653 5084 1907 5160 βασιλίδα

263 5173 468 5248 Ῥώμην
519 5169 970 5247 καταλαμϐάνει,
1039 5173 1128 5229 καὶ
1172 5175 1419 5248 πρόσεισι
1479 5173 1756 5248 Κλήμεντι
1814 5175 1904 5229 τὸν

264 5262 618 5318 ἀποστολικὸν
676 5267 972 5333 τηνικαῦτα
1027 5261 1216 5337 θρόνον
1275 5261 1536 5318 διέποντι·
1598 5264 1656 5326 ’ὀς
1716 5265 1906 5339 Πέτρῳ

263 5357 338 5422 τῷ
384 5351 602 5429 μεγάλῳ
636 5352 845 5430 ἐφοίτα,
892 5354 978 5407 καὶ
1031 5353 1120 5408 τὸν
1165 5352 1350 5426 θρόνον
1407 5354 1494 5408 ὑπ’
1542 5353 1748 5408 ἐκείνου
1808 5374 1906 5407 πε-

261 5442 520 5500 πίστευτο.
554 5441 746 5514 Τούτῳ
776 5442 864 5496 οὖν
897 5440 1144 5515 πρόσεισι
1177 5441 1480 5510 Διονύσιος,
1527 5442 1615 5497 καὶ
1666 5443 1726 5497 τὸ
1785 5443 1904 5496 καθ’

265 5529 438 5586 ἑαυτὸν
480 5529 834 5608 προσαναθεὶς
889 5528 1218 5607 Εὗαγγέλιον
1268 5529 1331 5585 τό
1377 5551 1436 5585 τε
1480 5536 1582 5601 τῆς
1633 5527 1908 5593 διακονίας

334 5746 396 5818 (ἱ)
427 5747 446 5804 Ι
473 5749 600 5807 Cor.
634 5762 711 5817 ix,
741 5746 834 5801 22.

2015 4828 2139 4876 tum
2173 4826 2229 4876 et
2258 4819 2424 4890 sequi
2479 4818 2571 4874 sui
2621 4817 2887 4889 magistri
2922 4817 3186 4888 vestigia,
3220 4815 3437 4871 relictis
3485 4815 3663 4870 Albe-

2016 4910 2126 4981 nis,
2167 4915 2224 4966 et
2251 4914 2404 4965 terra
2433 4911 2488 4964 et
2520 4907 2669 4961 mari
2705 4906 2892 4960 multa
2937 4922 3146 4977 passus
3189 4905 3406 4976 gravia,
3441 4920 3544 4960 nec
3573 4909 3662 4959 ta-

2017 5015 2150 5057 men
2184 4999 2256 5057 ab
2282 4998 2367 5056 eis
2394 4995 2867 5061 retardatus,sed
2890 5010 3283 5067 supernarum
3303 5009 3499 5050 rerum
3523 5009 3662 5050 con-

2014 5091 2394 5160 templatione
2436 5087 2642 5142 inferis
2681 5085 2958 5142 omnibus
2999 5083 3316 5155 superatis,
3349 5083 3422 5138 ad
3444 5083 3665 5153 regiam

2017 5184 2219 5238 urbem
2278 5177 2542 5250 pervenit
2601 5176 2885 5242 Romam;
2947 5179 3004 5229 et
3059 5173 3282 5229 accedit
3311 5173 3548 5244 quidem
3592 5172 3665 5227 ad

2015 5271 2390 5334 Clementem,
2425 5267 2525 5338 qui
2557 5270 2697 5320 tunc
2728 5265 2927 5319 sedem
2978 5263 3214 5318 tenebat
3260 5261 3663 5334 apostolicam,

2017 5361 2289 5432 quiquea
2322 5373 2534 5427 magno
2585 5355 2753 5409 Petro
2810 5353 2996 5408 fuerat
3042 5353 3312 5421 edoctus,
3353 5357 3410 5406 et
3456 5350 3550 5406 cui
3592 5352 3666 5405 ab

2015 5450 2115 5504 illo
2161 5450 2351 5502 fuerat
2409 5446 2630 5501 credita
2687 5445 2875 5499 sedes.
2937 5443 3020 5498 Ad
3073 5459 3205 5498 eum
3255 5458 3392 5514 ergo
3441 5442 3667 5496 accedit

2017 5527 2352 5598 Dionysius,
2386 5530 2443 5582 et
2500 5541 2634 5580 cum
2682 5523 2734 5580 ei
2778 5539 2953 5579 suum
3008 5521 3374 5596 exposuisset
3401 5522 3664 5594 Evange-
