3972 6214
389 373 499 429 695

1619 380 1679 431 8.
1719 376 2034 433 DIONYSII
2074 381 2574 439 AREOPAGITB.

3655 393 3740 447 596

391 497 647 566 lium,et
674 512 824 569 opus
880 495 1032 552 sacri
1089 496 1425 568 ministerii,
1488 501 1549 554 ut
1606 499 1707 570 qui
1755 504 1912 558 esset
1941 500 2041 557 iis-

2169 495 2310 577 ίργον
2365 503 2441 568 ὠς
2496 503 2795 580 ὁμοτρόπῳ
2831 504 2923 559 καὶ
2975 506 3323 583 ὁμογνώμονι
3376 512 3739 583 κοινωσάμενος,

393 586 528 642 dem
579 586 845 642 moribus
893 590 951 642 et
1001 586 1292 642 sententia
1350 587 1867 659 communicasset,
1920 590 2047 662 ipse

395 691 532 731 eum
569 675 917 731 adhortatur
963 679 1027 729 ut
1076 679 1336 730 transeat
1386 676 1456 730 ad
1495 681 1688 747 partes
1718 677 2047 732 occidenta-

395 765 504 822 les.
535 768 679 821 Cum
711 781 781 820 ex
831 765 905 819 iis
953 781 1113 837 ergo,
1145 764 1245 837 qui
1296 781 1430 820 eum
1476 766 1898 837 sequebantur,
1933 765 2049 820 mi-

396 855 602 911 nistris
661 872 764 928 per
817 855 976 911 vicos
1034 859 1091 910 et
1146 855 1410 911 civitates
1463 855 1609 910 alios
1661 855 1798 911 alibi
1849 856 2050 912 distri-

397 945 644 1015 buisset,
677 953 731 1000 et
751 944 1011 1001 salutare
1043 943 1142 999 Dei
1178 944 1558 1016 Evangelium
1584 946 1873 1016 jussisset
1903 963 2050 1016 prae-

399 1035 613 1104 dicare,
656 1035 894 1107 ipseque
942 1033 1247 1089 Rusticum
1295 1039 1352 1088 et
1399 1033 1831 1103 Eleutherium,
1883 1034 2050 1091 illum

401 1123 642 1195 quidem
675 1121 1002 1179 Chrismate
1033 1122 1368 1189 sacerdotii,
1407 1123 1560 1178 hunc
1587 1128 1806 1192 autem,
1841 1139 2052 1195 nempe

399 1213 823 1283 Eleutherium,
879 1212 1262 1270 honestatem
1339 1213 1678 1284 diaconatu,
1730 1215 2052 1287 accepisset

399 1305 715 1375 adjutores,
776 1321 890 1359 non
945 1320 1115 1360 secus
1175 1321 1238 1360 ac
1299 1320 1555 1376 magnus
1583 1306 1892 1378 Apostolus
1923 1304 2050 1376 Syl-

398 1409 614 1449 vanum
645 1397 700 1449 et
731 1393 1137 1459 Timotheum,
1168 1398 1223 1448 et
1254 1393 1326 1448 ad
1366 1392 1564 1448 Gallos
1618 1395 1868 1450 venisset
1896 1394 2050 1450 occi-

401 1481 684 1550 dentales,
719 1497 834 1537 non
889 1481 1081 1537 solum
1133 1481 1327 1537 verbis
1376 1481 1680 1549 doctrinae,
1712 1483 1815 1538 sed
1875 1482 2052 1537 etiam

401 1568 702 1638 signorum
735 1569 1012 1641 operibus
1036 1569 1387 1642 fungebatur
1411 1586 1649 1626 munere
1667 1571 2052 1643 apostolatus,

403 1656 638 1712 medius
688 1675 978 1730 apparens
1033 1657 1107 1713 iis
1165 1659 1265 1729 qui
1311 1659 1370 1714 in
1421 1677 1769 1732 unaquaque
1824 1659 2056 1716 civitate

404 1744 848 1815 conveniebant,
883 1751 938 1801 et
977 1747 1046 1802 de
1089 1747 1300 1818 pietate
1359 1748 1537 1802 verba
1569 1749 1783 1803 faciens
1813 1747 1942 1802 sine
1968 1749 2056 1802 in-

410 1833 798 1905 termissione,
839 1839 894 1891 et
934 1836 1219 1891 inducens
1267 1835 1562 1892 auditores
1597 1837 1668 1891 ad
1699 1837 2053 1909 agnitionem

409 1925 541 1994 ejus
577 1923 678 1994 qui
726 1922 886 1995 ipsos
917 1924 1152 1980 creavit.
1179 1928 1321 1980 Cum
1350 1924 1434 1980 sic
1461 1941 1595 1996 ergo
1642 1927 1901 1981 veritatis
1931 1943 2058 1981 ver-

413 2011 556 2067 bum
590 2011 1028 2084 predicaretur,
1061 2018 1118 2068 et
1174 2014 1371 2068 divina
1417 2014 1654 2086 quidem
1709 2014 1851 2070 ﬁdes
1902 2016 2056 2070 846

405 2102 1266 2168 conﬁrmaretur,amoveretur
1299 2108 1494 2159 autem
1528 2105 1720 2160 omnis
1749 2105 1909 2160 fraus
1940 2105 2058 2160 daa-

407 2208 678 2262 monum,
714 2193 1030 2262 quemdam
1064 2209 1133 2248 ex
1170 2193 1243 2249 iis
1266 2194 1366 2265 qui
1409 2211 1540 2249 cum
1567 2211 1633 2250 eo
1655 2196 2056 2264 versabantur,

402 2283 713 2356 inclytum,
739 2284 1008 2356 inquam,
1033 2284 1378 2353 Lucianum,
1405 2285 1505 2357 qui
1536 2287 1712 2342 etiam
1739 2289 2059 2361 presbyteri

389 2373 692 2446 dignitate
709 2378 832 2429 erat
852 2379 1093 2430 ornatus
1111 2378 1262 2443 (eum
1287 2375 1441 2431 enim
1468 2378 1869 2448 sequebantur
1888 2377 2060 2433 multi

407 2479 478 2519 ex
505 2463 579 2519 iis
605 2462 704 2535 qui
731 2463 1005 2520 virtutem
1032 2463 1558 2536 amplectebantur;
1583 2466 1777 2522 simile
1794 2468 1970 2534 enim,
1994 2473 2061 2523 ut

408 2550 649 2618 dicitur,
679 2551 859 2607 simili
885 2551 1428 2624 delectatur),misit
1449 2555 1519 2609 ad
1543 2553 1830 2611 civitatem
1855 2556 2061 2612 insulsa

422 2639 811 2708 Belvacensis,
831 2641 1286 2712 praedicaturum
1317 2643 1587 2714 pietatem
1613 2661 1626 2710 ;
1669 2645 1793 2715 ipse
1827 2661 1960 2700 vero
1983 2645 2061 2700 si-

411 2729 534 2783 mul
558 2745 694 2784 cum
719 2729 958 2784 Rustico
982 2736 1040 2786 et
1065 2729 1397 2786 Eleutherio
1419 2731 1610 2787 Gallia
1647 2732 1943 2804 Cisalpina
1973 2750 2060 2790 re-

406 2817 566 2889 licta,
600 2835 732 2874 cum
757 2819 866 2874 hoc
890 2835 1240 2891 responsum
1265 2820 1572 2876 habuisset
1611 2823 1684 2876 ab
1707 2822 1934 2894 angelo,
1963 2840 2061 2880 ve-

403 2907 494 2962 nit
520 2907 580 2962 in
611 2907 930 2974 civitatem.
955 2924 1084 2979 quis
1133 2907 1357 2964 dicitur
1393 2908 1621 2975 Parisii,
1664 2915 1728 2964 ut
1748 2927 1879 2966 cum
1905 2911 1962 2967 in
1995 2929 2064 2968 ea

403 2997 646 3052 verbum
688 2997 1044 3053 seminasset
1073 2997 1403 3069 pietatis,et
1439 2997 1748 3055 redimitus
1792 3006 1946 3056 esset
1966 3017 2061 3056 co-

409 3102 553 3142 rona
574 3086 995 3159 martyrii,cum
1020 3087 1239 3142 fiducia
1259 3087 1570 3143 sisteretur
1591 3105 1784 3145 coram
1798 3089 1914 3145 Deo
1929 3107 2062 3161 ago-

361 3229 363 3234 .
394 3173 668 3242 .notheta,
687 3175 844 3246 quod
865 3175 1136 3246 equidem
1162 3174 1212 3230 ei
1236 3175 1294 3230 in
1321 3175 1468 3231 votis
1495 3182 1639 3246 erat,
1660 3183 1716 3232 et
1744 3177 1854 3234 hoc
1885 3177 1942 3233 in
1974 3195 2058 3234 se-

405 3263 722 3335 quentibus
754 3280 987 3320 narrare
1019 3267 1306 3336 satagam.

479 3390 620 3444 Cum
651 3405 786 3461 ergo
837 3388 1092 3445 venisset
1137 3389 1210 3444 ad
1263 3389 1413 3446 hanc
1465 3390 1826 3447 Parisiorum
1861 3393 2064 3448 civita-

408 3479 552 3542 tem,
584 3481 642 3530 et
671 3493 796 3532 eam
829 3477 1150 3532 invenisset
1181 3475 1412 3548 plenam
1464 3477 1906 3548 incredulitate;
1941 3498 2063 3551 quae

412 3581 613 3623 eorum
647 3566 912 3638 quidem,
943 3583 1071 3638 quas
1126 3566 1184 3620 in
1244 3567 1374 3639 ipsa
1429 3573 1598 3623 erant
1649 3569 2066 3640 puchritudine

417 3659 476 3711 et
505 3653 846 3711 excellentia
893 3654 1231 3710 civitatibus
1283 3655 1513 3728 magnis
1560 3663 1682 3712 erat
1713 3657 1884 3728 longe
1911 3656 2062 3714 infe-

417 3744 559 3813 rior,
601 3743 902 3816 impietate
938 3753 1129 3799 autem
1165 3745 1309 3800 adeo
1331 3751 1454 3800 erat
1476 3747 1754 3801 omnibus
1777 3749 2059 3819 superior,

414 3837 482 3888 ut
534 3849 605 3888 ne
640 3837 880 3904 possent
908 3833 1145 3903 quidem
1205 3849 1339 3888 cum
1392 3850 1458 3888 ea
1505 3834 1770 3890 conferre
1805 3836 2063 3906 undique

415 3921 489 3976 ab
522 3921 884 3978 immanibus
916 3926 1199 3992 occupata
1224 3921 1678 3988 habitatoribus,
1703 3929 1760 3978 et
1785 3927 2061 3994 tanquam

414 4007 564 4064 vallo
597 4008 792 4080 aliquo
840 4010 1005 4066 valde
1039 4010 1267 4066 munita
1309 4010 1543 4066 illorum
1602 4012 1973 4079 crudelitate,
2007 4019 2065 4070 et

415 4111 545 4150 eam
563 4113 888 4167 opponens,
919 4103 1200 4169 tanquam
1233 4099 1467 4170 aliquod
1504 4099 1662 4154 aliud
1695 4101 2059 4170 praesidium.

416 4184 577 4241 Addo
605 4186 762 4257 quod
797 4201 929 4241 cum
960 4187 1225 4242 omnium
1277 4190 1573 4243 fructuum
1628 4194 1787 4244 esset
1832 4192 2066 4247 fertilis-

417 4270 591 4340 sima,
611 4279 670 4329 et
699 4274 1028 4330 abundaret
1061 4275 1314 4330 maxima
1345 4291 1542 4330 rerum
1582 4278 1847 4332 omnium
1878 4279 2064 4351 copia,

415 4359 571 4417 cives
600 4379 740 4418 suos
772 4361 961 4435 magis
1012 4361 1296 4418 incitabat
1325 4363 1396 4418 ad
1449 4364 1605 4418 vitia.
1641 4365 1782 4420 Cum
1823 4365 1879 4420 in
1915 4366 2065 4423 hanc

414 4467 550 4523 ergo
581 4451 664 4508 sic
694 4453 963 4510 affectam
1015 4452 1268 4508 venisset
1324 4452 1645 4522 civitatem,
1680 4455 1882 4511 obibat
1931 4473 2064 4528 per-

413 4549 683 4598 scrutans
705 4542 755 4597 si
788 4557 962 4614 quem
994 4541 1189 4597 locum
1231 4546 1434 4612 aptum
1483 4543 1770 4600 inveniret
1803 4547 1873 4601 ad
1907 4545 2065 4617 quie-

2130 2595 2144 2606 .
2171 2552 2332 2622 ξοντα
2386 2551 2484 2618 τήν
2546 2547 2819 2606 εὐσέϐειαν
2855 2594 2871 2620 ,

2161 591 2264 646 ὑπὸ
2333 592 2530 648 τούτου
2602 596 2967 671 προτρέπεται
3021 596 3114 650 καὶ
3177 597 3312 672 πρὸς
3373 597 3574 673 ἑσπέρια
3617 622 3742 672 μετα-

2160 675 2322 750 ϐῆναι
2385 681 2548 756 μέρη⁸
2599 682 2803 746 ἄλλους
2861 685 2956 756 μὲν
3012 686 3102 739 οὗν
3160 691 3264 740 τῶν
3319 685 3579 759 ἑπομένων
3631 691 3745 762 αὐτῷ

2161 767 2497 846 λειτουργῶν
2547 771 2800 848 ἀλλαχοῦ
2828 777 2936 827 τῶν
2968 779 3172 848 κωμῶν
3225 797 3280 830 τε
3323 776 3412 830 καὶ
3441 775 3635 832 πόλεων
3658 777 3746 833 διαο

2160 857 2345 930 νείμας
2378 908 2392 930 ,
2444 861 2529 914 καί
2589 862 2652 915 τὸ
2709 866 2806 916 τοῦ
2863 867 2998 918 Θεοῦ
3046 865 3315 938 σωτήριον
3375 864 3747 940 εὐαγγελίζεσθαι

2157 948 2720 1023 παρεγγυησάμενος,
2787 953 3098 1006 Ῥουστικὸν
3174 952 3332 1014 αὐτὸς
3396 954 3482 1008 καὶ
3549 956 3750 1021 Ἐλευθὲι

2163 1056 2297 1112 ριον,
2346 1039 2434 1092 τὸν
2493 1040 2584 1111 μὲν
2637 1041 2936 1114 ἱερωσύνης
2993 1042 3256 1116 χρίσματι
3312 1039 3549 1115 διακονίᾳ
3593 1042 3642 1099 δὶ
3685 1067 3752 1100 τε·

2158 1125 2465 1198 τιμημένον
2530 1128 2622 1182 τὸν
2675 1127 3056 1205 Ἐλευθέριον,
3108 1130 3427 1206 συνεργοὺς,
3485 1133 3752 1210 καθάπερὸ

2166 1215 2328 1290 μέγας
2403 1214 2740 1280 Ἀπόστολος
2808 1217 3110 1273 Σιλουανὸν
3161 1219 3251 1273 καὶ
3293 1220 3573 1293 Τιμόθεον,
3623 1243 3755 1298 παρα-

2162 1299 2346 1358 λαϐὼν
2382 1349 2395 1371 ,
2441 1305 2530 1360 καὶ
2598 1305 2727 1369 τοὺς
2792 1307 3073 1382 ἑσπερίους
3123 1305 3448 1364 καταλαϐὼν
3510 1310 3754 1380 Γαλάτας,

2163 1391 2224 1446 οὐ
2257 1389 2490 1468 διδαχῆς
2527 1393 2691 1466 μόνον
2727 1394 2984 1470 ῥήμασιν,
3024 1395 3171 1452 ἀλλά
3194 1396 3282 1452 καὶ
3335 1397 3568 1471 σημείων
3611 1396 3756 1475 ἔργοις

2161 1481 2479 1552 ἀποστολῆς
2532 1481 2686 1558 ἔργον
2748 1484 3061 1560 είργάζετο,
3119 1487 3281 1558 μέσος
3333 1493 3450 1549 τοῖς
3511 1490 3617 1552 καθ’
3665 1490 3758 1543 ἱκά-

2163 1591 2292 1640 στην
2345 1573 2609 1626 συνιοῦσιν
2686 1572 3073 1651 ἆκφαινόμενος
3111 1617 3125 1642 ,
3201 1574 3329 1637 τούς
3397 1597 3454 1631 τε
3516 1580 3605 1646 τῆς
3649 1578 3762 1632 εὗσε-

2163 1654 2312 1721 6είας
2365 1658 2567 1734 λόγους
2626 1658 2987 1725 ἅδιαλείπτως
3038 1663 3330 1731 ἀνακινῶν,
3387 1664 3473 1720 καὶ
3527 1667 3645 1741 πρὸς
3681 1667 3757 1733 τὴν

2161 1752 2259 1802 τοῦ
2325 1751 2691 1819 πεποιηκότος
2759 1749 3045 1826 ἐπίγνωσιν
3107 1752 3236 1815 τοὺς
3295 1753 3554 1829 ἀκροατὰς
3603 1754 3759 1828 ἐπαγό-

2168 1859 2343 1909 μενος.
2406 1837 2595 1900 Οὕτως
2651 1840 2741 1893 οὖν
2791 1838 2886 1894 τοῦ
2935 1839 3100 1917 λόγου
3139 1849 3238 1912 τῆς
3298 1841 3548 1913 ἀληθείας
3591 1864 3758 1919 κηρυσο

2166 1924 2400 1999 σομένου
2434 1972 2448 1994 ,
2523 1926 2613 1981 καὶ
2688 1934 2788 1997 τῆς
2857 1929 2952 2002 μὲν
3019 1930 3166 1993 θείας
3236 1931 3624 2004 κρατυνομένης
3689 1930 3758 1985 πί-

2168 2035 2356 2084 στεως,
2415 2011 2742 2088 δαιμονικῆς
2792 2014 2850 2072 δὲ
2890 2019 3069 2088 πάσης
3117 2019 3330 2090 ἀπάτης
3376 2019 3435 2075 ἐκ
3483 2018 3645 2075 ποδῶν
3693 2042 3758 2093 γι-

2166 2104 2425 2176 νομένης,
2483 2109 2588 2159 τῶν
2649 2103 2734 2160 ἐπὶ
2789 2107 2967 2179 τούτῳ
3011 2108 3132 2162 τινὰ
3185 2109 3455 2164 συνόντων
3512 2107 3757 2164 Δουκιανόν

2169 2214 2311 2271 φημι
2367 2193 2459 2247 τὸν
2487 2191 2758 2266 ἀοίδιμον,
2791 2195 2850 2257 ὃς
2897 2196 2985 2250 καὶ
3017 2199 3084 2270 τῇ
3132 2200 3231 2250 τοῦ
3277 2193 3621 2271 πρεσϐυτέρου
3669 2196 3763 2266 ἀξίᾳ

2168 2280 2481 2355 ἐτετίμητο,
2507 2285 2866 2355 (συνήπτοντο
2913 2285 3014 2359 γὰρ
3066 2284 3216 2357 αὗτῷ
3242 2283 3450 2341 πολλοὶ
3477 2290 3576 2340 τῶν
3609 2285 3764 2358 ἀρετῆς

2174 2371 2670 2444 μεταποιουμένων·
2723 2377 2802 2445 τῷ
2847 2373 3046 2446 ὁμοίῳ,
3107 2375 3260 2452 φασὶ,
3298 2375 3362 2430 τὸ
3415 2373 3765 2448 ὅμοιον·)πρῦς

2169 2461 2268 2529 τὴν
2317 2467 2415 2529 τῆς
2449 2459 2838 2524 Βελουακένσις
2886 2465 3056 2532 νήσου
3105 2459 3270 2518 πόλιν
3323 2463 3589 2538 ἐκπέμψας
3634 2460 3767 2535 κηρύ-

2951 2550 3109 2613 αὗτὸς
3178 2553 3296 2626 ἅμα
3369 2555 3645 2624 Ῥουστικῷ
3701 2550 3769 2604 καὶ

2173 2639 2496 2713 Ἐλευθερίῳ
2547 2641 2646 2709 τήν
2694 2638 2931 2696 Γαλλίαν
2987 2640 3206 2713 λιπὼν,
3270 2640 3471 2706 ἄνωθεν
3527 2643 3660 2713 αὖτῷ
3703 2658 3769 2693 κε·

2171 2729 2647 2805 χρηματισμένον,
2702 2729 2752 2784 ἐν
2813 2733 3044 2805 Παρισίᾳ
3072 2731 3350 2807 λεγομένῃ
3392 2735 3458 2806 τῇ
3488 2729 3632 2786 πόλει
3658 2729 3769 2802 γίνε-

2169 2839 2278 2886 ται,
2339 2818 2413 2879 ὡς
2473 2817 2531 2872 ἂν
2587 2819 2721 2890 μετά
2762 2818 3068 2895 παρρησίας
3118 2819 3255 2894 αὐτῇ
3315 2821 3410 2877 τὸν
3438 2827 3533 2890 τῆς
3561 2818 3766 2887 ἀληθείας

2173 2906 2338 2981 λόγον
2417 2906 2893 2982 ἐγκατασπείραντι
2923 2953 2941 2980 ,
3019 2909 3110 2964 καὶ
3180 2909 3276 2964 τὸν
3355 2914 3452 2965 τοῦ
3521 2905 3768 2983 μαρτυρίου

2172 2993 2567 3068 ἀναδησαμένῳ
2643 2997 2944 3073 στέφανον,
3022 2998 3155 3068 μετά
3218 2996 3527 3075 παῤῥησίας
3588 2993 3666 3050 καὶ
3709 2996 3768 3062 τῷ

2172 3084 2484 3158 ἀγωνοθέτῃ
2549 3092 2885 3160 παραστῆναι
2957 3090 3074 3158 Θεῷ
3147 3084 3419 3160 γένηται,
3487 3087 3516 3141 ’ὁ
3582 3082 3641 3152 δὴ
3688 3085 3769 3136 τῶν

2172 3170 2372 3249 ἐφετῶν
2403 3171 2550 3245 αὐτῷ
2576 3173 2638 3227 τὸ
2667 3172 2984 3246 ἀκρότατον
3019 3172 3108 3227 καὶ
3139 3173 3168 3228 ὃ
3203 3173 3301 3246 μτί
3334 3174 3541 3250 προϊὼν
3569 3173 3597 3226 ὁ
3641 3168 3770 3241 λόγος

2087 3239 2129 3306 C
2178 3239 2500 3331 δηλώσειεν.

2244 3386 2332 3442 Ἐν
2409 3385 2584 3440 τοίνυν
2660 3389 2729 3460 τῇ
2799 3387 3034 3462 ῙΙαρισίᾳ
3097 3385 3270 3462 ταύτῃ
3355 3385 3651 3463 γενόμενος,
3709 3381 3774 3434 καὶ

2175 3473 2364 3547 πλήρη
2423 3475 2522 3542 τὴν
2583 3474 2748 3530 πόλιν
2810 3475 3061 3537 ἀπιστίας
3117 3475 3320 3552 εὑρὼν,
3370 3473 3560 3531 κάλλει
3593 3474 3674 3546 μὲν
3711 3469 3777 3524 καὶ

2179 3563 2384 3639 μεγέθει
2427 3563 2516 3617 καὶ
2566 3562 2768 3634 πλήθει
2809 3568 2916 3619 τῶν
2950 3563 3002 3619 έν
3043 3563 3179 3638 αὐτῇ
3211 3565 3362 3621 πολύ
3399 3586 3454 3620 τι
3499 3568 3599 3618 τῶν
3653 3557 3776 3633 μεγά-

2176 3651 2288 3708 λων
2319 3651 2535 3708 πόλεων
2570 3651 3040 3726 ἀπολειπομένην
3096 3657 3165 3726 τῇ
3215 3651 3275 3708 δὲ
3326 3648 3540 3723 ἀσεϐείᾳ
3581 3646 3777 3716 τοσούτῳ

2173 3747 2357 3796 πασῶν
2401 3745 2703 3817 κρατοῦσαν
2733 3786 2745 3810 ,
2807 3741 2919 3814 ὅσῳ
2981 3739 3122 3814 μηδὲ
3175 3737 3518 3816 παραϐαλεῖν
3572 3737 3778 3798 δύνασθαι

2172 3829 2400 3901 ἀπηνέσι
2458 3851 2516 3884 τε
2575 3833 2838 3894 πάντοθεν
2891 3828 3322 3904 ἀπειλημμένην
3379 3830 3670 3903 οἲκήτορσι,
3713 3820 3780 3876 iui

2173 3919 2352 3994 ὥσπερ
2429 3919 2536 3974 τινὶ
2611 3919 2806 3996 τειχίῳ
2881 3920 3406 3995 περιπεφραγμένην
3467 3919 3687 3992 ἶσχυρῶς

2174 4007 2390 4064 ἐκείνων
2467 4008 2738 4082 ὠμότητι,
2810 4009 2900 4062 καὶ
2976 4007 3176 4077 ταύτην
3253 4009 3370 4062 ἀντ’
3444 4006 3612 4062 ἄλλου
3672 3999 3785 4059 τινὸς

2172 4095 2546 4175 φυλακτηρίου
2602 4095 2973 4173 προίσχουσαν
3011 4115 3024 4129 ⁸
3096 4095 3285 4158 ἄλλως
3353 4117 3413 4151 τε
3488 4093 3544 4149 δὲ
3599 4091 3678 4146 καὶ
3721 4089 3783 4141 δτι

2175 4187 2311 4259 πρὸς
2364 4190 2584 4259 καρπῶν
2647 4184 2894 4240 ἀπάντων
2956 4185 3124 4262 φορὰν
3156 4185 3392 4259 γόνιμος
3453 4183 3517 4252 ἦν
3575 4175 3785 4252 ἡπόλις,

2174 4274 2262 4328 καὶ
2293 4280 2410 4337 τοῖς
2461 4273 2777 4352 φιλοτίμοις
2823 4279 2982 4329 πᾶσιν
3042 4273 3343 4344 εὖθηνοῦσα
3387 4272 3478 4328 καὶ
3531 4269 3785 4344 περιττοῖς,

2175 4363 2204 4417 ’ὁ
2247 4362 2335 4418 καὶ
2389 4350 2600 4436 μᾶλλον
2660 4364 2786 4425 τοὺς
2833 4361 3068 4424 πολίτας
3120 4360 3350 4440 ἤλειφεν
3383 4361 3460 4424 εἷς
3508 4358 3698 4416 κακίαν·
3748 4350 3786 4406 ἓν

2174 4452 2309 4526 αὐτῇ
2363 4452 2540 4508 τοίνυν
2605 4453 2776 4514 οὕτως
2833 4451 3036 4527 ἐχούσῃ
3065 4451 3383 4526 γενόμενος,
3440 4448 3645 4523 περιῄει
3694 4443 3783 4498 ἀνε.

2175 4546 2393 4616 ρευνῶν,
2426 4539 2478 4596 εἷ’
2500 4563 2605 4597 που
2635 4542 2756 4597 τινὰ
2786 4542 2923 4616 πρὸς
2955 4541 3187 4616 ἡσυχίαν
3236 4540 3385 4616 εὕροι
3435 4539 3597 4595 τόπον
3651 4533 3788 4600 ἑαυτῷ

411 4633 554 4688 tem.
577 4630 740 4695 Quod
768 4635 965 4687 autem
998 4631 1297 4702 quaerebat
1329 4637 1702 4700 consecutus,
1764 4650 1867 4704 pro
1924 4615 2057 4688 viri-

2173 4615 2522 4702 ἒπιτήδειον.
2598 4631 2696 4686 Καὶ
2755 4628 2822 4700 δὴ
2876 4630 2967 4686 τὸν
3025 4615 3360 4703 ζητούμενον
3420 4629 3602 4704 τυχὼι
3656 4621 3787 4686 ναὸν,

413 4721 527 4776 bus
551 4721 750 4777 statim
784 4719 1070 4792 templum
1102 4719 1310 4776 habuit
1342 4726 1436 4775 :et
1469 4727 1532 4776 ut
1574 4723 1673 4794 qui
1726 4724 1782 4777 in
1827 4725 2064 4796 regione

414 4808 603 4866 aliena
627 4814 785 4866 esset
833 4809 1047 4882 hospes
1093 4813 1151 4865 et
1179 4811 1421 4876 advena,
1473 4815 1529 4865 et
1561 4811 1774 4866 multos
1823 4811 2064 4868 haberet

415 4899 686 4956 adversos
735 4904 973 4972 propter
1026 4898 1418 4955 diversitatem
1488 4900 1803 4970 opinionis,
1851 4903 2065 4957 excitat

412 4987 729 5044 oratorium
754 4994 814 5046 et
841 4987 1150 5061 templum,
1186 4990 1340 5061 quod
1375 4988 1543 5061 plane
1587 4995 1712 5045 erat
1742 4989 1902 5047 salus
1935 4992 2060 5046 ani-

413 5093 666 5134 marum.
689 5083 832 5133 Nam
859 5094 994 5134 cum
1020 5077 1330 5133 maximam
1356 5079 1588 5150 piorum
1622 5073 2059 5135 multitudinem

411 5166 473 5222 in
532 5183 599 5222 eo
630 5172 1064 5240 congregasset,
1125 5171 1182 5222 et
1240 5183 1414 5238 puros
1461 5167 1888 5223 sacriﬁcatores
1948 5171 2057 5225 Deo

409 5255 796 5322 exhibuisset,
849 5261 1120 5312 sanctum
1173 5272 1428 5328 gregem,
1483 5261 1549 5311 ut
1604 5255 1785 5312 semel
1843 5257 2055 5330 dicam,

410 5345 701 5417 templum
736 5345 952 5412 efficit;
988 5347 1158 5415 cujus
1191 5347 1316 5417 ipse
1357 5351 1482 5400 erat
1521 5352 1722 5417 pastor
1752 5362 1865 5400 non
1901 5363 2054 5401 mer-

412 5435 684 5490 cenarius
730 5453 744 5491 :
794 5433 1144 5508 quemlibet,
1197 5434 1297 5506 qui
1345 5434 1578 5490 errabat
1625 5433 2052 5503 incredulitate,

407 5521 674 5578 veritatis
705 5523 902 5579 ﬁstula
930 5523 1002 5578 ad
1034 5523 1209 5577 ﬁdem
1244 5540 1541 5594 revocans,
1565 5527 1622 5580 et
1668 5541 1768 5581 eos
1817 5523 1918 5596 qui
1962 5541 2052 5580 er-

2173 4717 2324 4780 εὐθὺς
2374 4719 2507 4788 ὡςὴ
2543 4715 2766 4792 δύναμις
2801 4717 2938 4794 εἶχε,
2984 4719 3075 4773 καὶ
3108 4720 3197 4773 οἷα
3247 4717 3298 4772 έν
3359 4714 3625 4791 ἀλλοτρίᾳ
3672 4709 3788 4781 ξένος

2172 4804 2245 4860 ὢν
2286 4807 2488 4870 ἐκεῖνος
2518 4809 2608 4862 καὶ
2659 4804 2890 4878 ἔπηλυς,
2946 4807 3038 4862 καὶ
3068 4805 3318 4869 πολλοὺς
3368 4803 3515 4882 ἔχων
3570 4803 3684 4861 τοὺς
3718 4796 3790 4850 ἀν’

2167 4898 2506 4971 τικειμένους
2559 4895 2647 4952 διὰ
2683 4898 2766 4969 ¹τὸ
2821 4893 3185 4972 έτερόδοξον,
3244 4895 3504 4970 ἀνεκείρει
3556 4890 3790 4962 εὐκτήριον

2167 4986 2258 5041 καὶ
2315 4987 2483 5059 ναὸν,
2541 4983 2877 5062 αὐτόχρημα
2947 4985 3224 5062 σωτηρίαν
3279 4989 3508 5060 ψυχῶν.
3567 4972 3794 5068 Πάμπολτξ

2167 5079 2266 5152 γάρ
2315 5096 2366 5130 τι
2417 5075 2629 5146 πλῆθσς
2681 5071 2950 5140 Θεσσεϐῶν
3005 5073 3056 5130 ἐν
3106 5077 3285 5149 τούτῳ
3341 5071 3686 5149 συναγαγὼν,
3724 5074 3791 5116 και

2167 5166 2328 5228 θύτας
2375 5165 2644 5241 καθαροὺς
2702 5171 2782 5238 τῖρ
2831 5169 2946 5237 Θεῷ
3003 5167 3530 5239 παραστησάμενος,
3585 5156 3791 5241 ποίμνην

2166 5255 2343 5329 ἁγίαν,
2397 5256 2471 5317 ὡς
2517 5255 2724 5326 εἰπεῖν,
2757 5255 2850 5308 τὸν
2899 5255 3024 5308 ναὸν
3072 5253 3460 5330 ἀπειργάσατο,
3511 5250 3577 5319 ἧς
3626 5239 3794 5315 ποιμήν

2167 5343 2323 5399 οὗτος
2385 5341 2446 5399 οὗ
2527 5345 2824 5418 μισθωτός·
2887 5343 3057 5398 πάντα
3085 5343 3176 5398 τὸν
3210 5343 3434 5412 ἀπιστίᾳ
3483 5337 3794 5418 πλανώμενξν

2162 5437 2232 5507 τῇ
2299 5439 2401 5503 τῆς
2462 5416 2738 5504 ἀληθείας
2807 5431 3022 5508 σύριγγι
3077 5434 3213 5506 πρὸς
3285 5432 3471 5486 πίστιν
3531 5416 3792 5482 ἀνακαλοό.

2171 5543 2359 5596 μενος,
2400 5523 2490 5578 καὶ
2534 5523 2663 5586 τοὺς
2725 5523 2817 5596 μὲν
2865 5520 2934 5597 τῇ
2993 5520 3175 5597 πλάνῃ
3233 5524 3528 5581 νοσοῦντας
3577 5519 3683 5574 τοῖς
3706 5527 3792 5597 σφ’

409 5625 542 5666 rore
599 5613 978 5683 agrotabant,
1014 5626 1187 5667 curas
1217 5609 1576 5668 salutaribus
1610 5595 2051 5670 medicamentis

2169 5595 2448 5686 τηριώδεσι
2529 5616 2636 5668 τῶν
2701 5595 2924 5690 Γραφῶν
2990 5595 3300 5690 φαρμάκοις
3359 5609 3617 5690 ἰώμενος,
3679 5595 3784 5690 rei):

407 5698 846 5769 Scripturarum
884 5717 898 5755 :
936 5715 1036 5756 eos
1066 5703 1286 5770 autem,
1312 5700 1415 5772 qui
1437 5702 1563 5772 jam
1595 5705 1762 5758 erant
1791 5701 2051 5774 contriti,

2161 5695 2218 5755 δὲ
2265 5696 2372 5772 ἤδη
2424 5688 2916 5779 συντετριμμένὸυς
2967 5688 3037 5776 τῇ
3087 5696 3423 5774 διδασκαλίᾳ
3467 5688 3788 5764 καταδεσμόν
