3972 6214
237 416 337 473 597

1158 419 1352 485 νιΤΔ,
1394 419 1727 473 AUCTORE
1766 419 2111 472 SYMEONE
2148 420 2703 473 METAPHRASTE.

3527 367 3640 470 593“

240 543 321 599 καὶ
351 541 483 616 πρὸς
507 542 603 610 τήν
653 538 922 609 ἀληθινὴν
965 539 1106 614 ἄγων
1157 539 1353 615 ὑγείαν.
1389 541 1548 597 Ἀλλ’
1570 539 1724 618 ἵναγε
1750 545 1865 606 καθ’

1985 544 2249 601 doctrina
2281 543 2554 618 alligans,
2589 547 2646 600 et
2677 543 2747 599 ad
2789 558 2986 598 veram
3029 543 3251 599 ducens
3297 541 3633 599 sanitatem.

237 628 405 686 ὁδὸνὸ
447 628 606 704 λόγος
663 629 799 701 ἡμῖν
849 626 1044 702 προΐῃ,
1101 631 1186 684 καὶ
1244 635 1405 685 τοῦτο
1463 630 1866 704 τέράστιοντῶν

233 722 407 786 αὐτοῦ,
465 719 536 780 ὡς
588 717 647 772 ἐκ
695 722 801 772 τῶν
853 717 1058 772 ἐκείνου
1109 716 1180 772 ἔνι
1235 721 1440 790 μαθεὶν.
1475 717 1816 794 διηγήσομαι
1855 739 1867 752 ⁸

233 817 485 880 Διονυσιῳ
534 807 856 881 θεραπευταὶ
912 809 1006 878 μὲν
1053 809 1142 862 καὶ
1197 805 1393 883 ἕτεροι,
1428 812 1504 870 εἴς
1557 807 1613 863 δέ
1661 831 1744 873 τις
1773 809 1867 863 αὖ·

227 903 327 954 τῶν
358 897 444 951 καὶ
493 895 834 974 Δημόφιλος.
886 897 1193 974 Δημοφίλῳ
1239 895 1296 952 δὲ
1341 896 1502 959 πόλις
1551 901 1584 968 ἡ
1633 903 1743 954 τῶν
1776 901 1868 954 Ἀ-

230 991 394 1057 θηνῶν
429 986 690 1061 ἐπαρχία,
739 985 933 1061 σχῆμά
979 1007 1038 1040 τε
1094 986 1184 1040 καὶ
1239 987 1357 1061 βίος
1391 989 1638 1062 μονήρης
1671 1007 1685 1020 ⁸
1717 988 1779 1042 τὸ
1811 985 1868 1042 δὲ

231 1082 459 1152 μονῆρες
511 1075 692 1148 τούτῳ
752 1076 806 1130 αἱ
849 1074 1079 1151 καθαραὶ
1129 1076 1217 1129 καὶ
1262 1074 1685 1150 ἱεροτελεστικαῖ
1745 1085 1866 1131 Διο-

226 1164 401 1220 νυσίου
439 1170 623 1240 χεῖρες
671 1163 945 1229 ἐπέθεσαν.
994 1165 1158 1234 Τάξις
1210 1162 1343 1235 αὕτη
1399 1166 1546 1242 παρά
1584 1165 1865 1221 Διονυσίου

225 1253 304 1308 καὶ
337 1252 651 1330 λειτουργία
685 1257 764 1325 τῷ
810 1252 986 1328 ἀνδρὶ,
1034 1259 1153 1317 ταῖς
1199 1258 1297 1309 τοῦ
1336 1259 1468 1309 ναοῦ
1513 1253 1715 1320 πύλαις
1745 1255 1864 1330 ἄφε-

224 1363 420 1398 σταναι.

283 1451 341 1507 Ὀ
390 1448 567 1504 τοίνυν
619 1449 942 1528 Δημόφιλος
993 1451 1174 1519 οὗτος,
1231 1451 1325 1506 τὸν
1381 1452 1572 1506 ἑαυτοῦ
1629 1447 1862 1526 πρεσϐύ-

217 1560 360 1615 τερον
440 1539 766 1613 θεσσάμενος
851 1539 1241 1616 ἐπιστραφέντα
1324 1541 1446 1596 τινά
1501 1542 1636 1616 πρὸς
1707 1542 1862 1614 μετά-

220 1649 360 1682 νοιαν
420 1633 724 1701 συμπαθῶς
793 1626 1246 1703 προσδεξάμενον,
1316 1631 1503 1704 πράως
1564 1629 1662 1684 οὐκ
1718 1630 1861 1706 ἐνεγ-

217 1718 340 1782 κὼν,
397 1716 548 1773 ἀλλά
601 1721 941 1793 χαλεπήνας,
1023 1717 1153 1773 εἷ’σω
1228 1740 1286 1774 τε
1347 1724 1454 1773 τῶν
1524 1724 1620 1774 τοῦ
1673 1721 1857 1773 θυσια-

217 1806 430 1879 στηρίοτ
495 1803 705 1861 ἀδύτων
759 1806 1072 1881 γενόμενος,
1135 1808 1207 1861 ὧν
1267 1803 1562 1862 ἐπιϐαίνειν
1619 1807 1719 1862 οὐκ
1765 1809 1856 1862 ἀσ-

1983 634 2090 688 Sed
2128 638 2191 689 ut
2222 639 2382 689 certa
2409 634 2578 689 nobis
2609 633 2699 688 via
2723 634 2997 704 procedat
3027 633 3236 699 oratio,
3268 633 3377 687 hoc
3401 649 3635 704 quoque

1980 724 2108 792 ejus
2165 723 2530 789 admirabile,
2583 729 2647 778 ut
2671 740 2738 778 ex
2769 722 2928 777 illius
2961 721 3230 793 epistolis
3261 721 3398 776 sciri
3419 725 3632 792 potest,

1981 814 2250 868 narrabo.
2305 813 2508 868 Plures
2576 813 2815 884 quidem
2869 817 3037 867 erant
3095 811 3368 884 Dionysio
3437 811 3630 866 thera-

1979 911 2187 976 peutae,
2223 921 2376 958 unus
2409 909 2603 958 autem
2638 918 2706 956 ex
2736 901 2809 957 iis
2841 908 2967 958 erat
3002 903 3174 958 etiam
3224 900 3630 973 Demophilus,

1978 994 2076 1065 qui
2109 994 2252 1048 civis
2281 997 2406 1047 erat
2436 991 2746 1064 provinciae
2789 991 3186 1058 Atheniensis,
3219 990 3544 1062 habituque
3575 995 3633 1046 et

1974 1087 2092 1137 vita
2116 1080 2442 1136 monachus
2469 1106 2483 1148 ;
2517 1081 2938 1136 monachatum
2953 1089 3144 1136 autem
3162 1080 3210 1134 ei
3228 1080 3632 1151 imposuerant

1976 1188 2134 1243 pura
2165 1172 2314 1226 347
2361 1175 2418 1225 et
2467 1170 2651 1225 sacris
2702 1169 3014 1224 initiantes
3063 1185 3276 1224 manus
3325 1168 3624 1239 Dionysii;

1973 1261 2114 1316 ordo
2144 1260 2238 1314 hic
2277 1264 2334 1314 et
2381 1258 2778 1314 ministerium
2816 1258 2939 1313 viro
2988 1257 3088 1313 isti
3127 1275 3159 1312 a
3207 1257 3504 1328 Dionysio,
3560 1261 3628 1312 ut

1973 1353 2249 1423 praeesset
2272 1348 2477 1419 januis
2506 1347 2732 1418 templi.

2043 1461 2147 1515 Hic
2185 1476 2321 1532 ergo
2396 1457 2776 1530 Demophilus
2819 1474 2953 1513 cum
3007 1456 3324 1529 aliquando
3379 1455 3624 1510 vidisset

1971 1567 2139 1606 suum
2175 1548 2606 1621 presbyterum,
2639 1547 2956 1618 quemdam
2992 1545 3237 1618 impium
3270 1550 3444 1616 atque
3487 1561 3620 1616 pec-

1969 1645 2222 1696 catorem
2265 1638 2333 1692 ad
2375 1637 2778 1708 paenitentiam
2812 1651 3183 1703 conversum,
3235 1633 3437 1705 illique
3482 1650 3617 1703 pro-

1967 1729 2255 1783 cidentem
2286 1724 2742 1780 misericorditer
2759 1723 3084 1795 excepisse,
3116 1721 3358 1778 minime
3414 1720 3636 1792 leviter

1968 1817 2180 1884 ferens,
2215 1821 2275 1870 at
2295 1815 2671 1870 exacerbatus
2701 1818 2758 1868 et
2786 1813 2938 1868 intra
2969 1813 3211 1869 sacrarii
3253 1812 3427 1884 adyta
3463 1810 3616 1865 exsi-

283 1894 331 1948 λὶ
497 1892 569 1914 ’κς
871 1895 885 1916 1
1051 1895 1060 1913 Ι
1587 1899 1614 1911 ~
1799 1898 1815 1915 \

216 1917 279 1972 φα
319 1915 390 1957 ες.
450 1907 581 1950 ουοε
637 1899 968 1970 προσψαυειν
1030 1897 1201 1964 ὁσιον,
1259 1896 1701 1970 ἐκπομπευθηναι
1760 1919 1855 1971 μεν

1973 1911 2127 1962 stens
2158 1923 2281 1975 qua:
2313 1904 2541 1976 ingredi
2574 1918 2884 1975 nequaque
2915 1907 3131 1973 tutum,
3184 1917 3374 1972 neque
3430 1900 3612 1955 attin-

213 1984 272 2037 τὰ
323 1986 490 2058 ’Ἅγια
536 1988 644 2038 τῶν
695 1984 865 2059 ἁγίων
925 1990 1092 2055 ποιεῖ,
1151 1986 1242 2040 τὸν
1293 1984 1350 2040 δὲ
1399 1986 1593 2058 ἀγαθὸν
1649 1986 1849 2042 ἐκεῖνον

210 2073 344 2146 ἱερέα
372 2073 466 2127 καὶ
523 2071 732 2149 ἥμερον
787 2071 1027 2148 πληγαῖς
1079 2075 1142 2129 οὐ
1203 2080 1467 2152 φορηταῖς
1500 2070 1803 2130 ὑποϐάλλει
1834 2091 1852 2108 ⁸

207 2160 329 2215 κατά
383 2182 441 2216 τε
486 2167 586 2230 τῆς
632 2161 838 2238 κοῤῥης
885 2163 1058 2217 παίων
1111 2164 1361 2231 ἀντωθεῖ,
1413 2165 1504 2218 καὶ
1555 2167 1689 2236 μετά
1712 2167 1850 2220 πολ-

206 2245 300 2318 λῆς
373 2257 480 2318 τῆς
538 2247 724 2313 αἰδοῦς
803 2250 1099 2325 προσιόντα
1175 2251 1413 2328 θρασέως
1478 2252 1851 2322 ἀπολακτίζει.

206 2332 359 2406 ἀσεϐῆ
391 2335 580 2412 λέγων
629 2338 720 2393 καὶ
771 2336 1083 2415 ἀλιτήριον,
1131 2342 1224 2395 τὸν
1269 2336 1562 2417 ἀγαθότητι
1614 2347 1854 2417 παρορᾷν

202 2423 499 2499 ἠξιωμένον
531 2426 597 2480 τὰ
643 2430 744 2480 τοῦ
788 2427 926 2480 λαοῦ
977 2427 1324 2503 ἀγνοήματα,
1377 2428 1576 2501 καὶτῷ
1608 2428 1856 2505 ἀρχιερεῖ

206 2516 464 2587 Διονυσίῳ
493 2515 584 2569 καὶ
633 2515 1015 2590 ἀρχιποιμένι,
1071 2518 1144 2578 ὡς
1199 2518 1338 2592 μέγα
1381 2539 1431 2572 τι
1480 2518 1618 2593 πρὸς
1654 2518 1849 2593 ἀρετὴν

206 2602 574 2679 εἷργασμένος,
631 2601 980 2681 διαχαράττει
1027 2606 1088 2660 τὸ
1146 2607 1397 2682 γεγονὸς,
1444 2606 1555 2660 ἅνω
1584 2607 1673 2660 καὶ
1707 2609 1851 2661 κάτω

201 2691 446 2765 θρυλλῶν
509 2700 610 2764 τῆς
669 2694 917 2770 θρασείας
968 2694 1177 2766 ἐκείνης
1223 2693 1544 2765 ἐπιπολῆς,
1604 2696 1677 2758 ὡς
1745 2696 1852 2772 οὐχ

203 2780 374 2836 ἑαυτὸν
428 2780 672 2854 μᾶλλον,
730 2781 876 2838 ἀλλά
931 2784 1020 2838 καὶ
1073 2785 1163 2839 τὸν
1226 2785 1356 2839 Θεὸν
1417 2782 1739 2856 έκδικήσειε.
1789 2784 1850 2839 Τί

208 2866 290 2922 οὖν
357 2868 612 2940 ἐκεῖνος,
670 2872 755 2944 ἆρ’
805 2870 840 2940 ἢ
889 2872 950 2926 τὸ
995 2877 1102 2926 τῶν
1155 2872 1387 2928 πολλῶν
1443 2871 1658 2942 ἔπαθεν,
1691 2873 1726 2942 ἥ
1759 2872 1847 2928 καὶ

205 2961 387 3030 μικρὸν
449 2959 598 3022 ὅλως
650 2967 750 3029 τῆς
821 2961 1120 3040 συντρόφου
1201 2958 1525 3036 μεταϐαλεῖν
1585 2963 1845 3037 ἐνομίσθη

201 3050 619 3122 χρηστότητος;
684 3047 973 3123 οὕμενουν,
1054 3051 1153 3106 οὐκ
1223 3047 1366 3107 ἔστιν
1438 3053 1607 3109 εἷ’πεῖν
1644 3073 1656 3086 ’
1735 3051 1849 3108 οὐδ’

201 3134 334 3210 ἔργῳ
393 3140 492 3194 τὸν
552 3139 916 3213 ἡμαρτηκότα
989 3141 1260 3214 ἠμύνατο,
1325 3140 1473 3197 ἀλλὰ
1521 3142 1670 3218 λόγω
1721 3143 1848 3216 θείῳ

200 3223 281 3277 καὶ
311 3224 655 3299 σωτηριώδει
704 3226 1032 3283 πεπαίδευκε
1063 3248 1076 3261 ·
1127 3231 1227 3299 τήν
1287 3231 1421 3305 πρὸς
1476 3232 1672 3305 ἀρετὴν
1703 3234 1844 3304 ὁμοῦ

197 3313 278 3366 καὶ
329 3321 506 3370 πᾶσαν
566 3315 857 3389 εὐκοσμίαν
904 3319 1174 3373 τυποῦσάν
1232 3340 1290 3374 τε
1337 3319 1427 3374 καὶ
1487 3319 1847 3395 ῥυθμίζουσαν

198 3399 394 3474 ἐκείνην
459 3403 672 3480 γράψας
724 3404 1042 3476 ἐπιστολὴν,
1117 3407 1205 3462 καὶ
1263 3404 1572 3483 πραότητος
1626 3406 1847 3464 ὑπόδει-

193 3511 302 3563 γμα
342 3493 439 3547 τὸν
485 3493 722 3568 Ἀαρὼν,
754 3496 843 3550 τὸν
905 3493 1090 3567 Δαυίδ,
1143 3497 1232 3551 καὶ
1291 3498 1506 3570 ἑτέρους
1559 3519 1846 3574 παραστη-

199 3579 423 3651 σάμενος
463 3596 480 3612 ⁸
512 3581 581 3650 ἦς
626 3579 718 3636 ’ίνα
771 3585 871 3652 τὴν
924 3581 1103 3654 ἀλλην
1150 3586 1287 3660 πρὸς
1337 3587 1400 3640 τὸ
1451 3586 1644 3662 ἀγαθὸν
1691 3607 1850 3641 κατα-

201 3664 339 3722 λίπω
398 3669 776 3743 παρακλησιν,
837 3670 984 3728 ἀλλὰ
1039 3681 1137 3743 τῆς
1186 3675 1448 3748 ὁράσεως,
1507 3675 1574 3744 ἦς
1631 3673 1847 3745 διέξεισι

200 3757 327 3831 πρὸς
358 3760 524 3815 αὐτὸν
557 3762 630 3824 ὡς
694 3764 798 3818 ὑπὸ
849 3768 945 3818 τοῦ
988 3769 1096 3819 τῶν
1155 3766 1327 3840 ἁγίων
1372 3767 1669 3838 θεαθείσης,
1714 3790 1849 3840 μνη-

201 3848 489 3922 σθήσομαι.
523 3849 659 3926 Εἶχε
690 3849 750 3906 δὲ
789 3853 925 3908 κατά
955 3851 1095 3924 λέξιν
1131 3854 1303 3917 οὕτως
1333 3875 1346 3888 ·

266 4045 564 4119 Γενόμενόν
626 4050 692 4121 μέ
750 4070 880 4105 ποτε
953 4052 1088 4106 κατά
1151 4055 1252 4122 τήν
1323 4055 1559 4129 Κρήτην,
1622 4057 1649 4110 ὁ
1700 4055 1848 4131 ἱερὸς

202 4131 563 4212 έξεναγωγητε
623 4138 865 4213 Κάρπος,
924 4139 1086 4215 ἀνὴρ,
1141 4142 1231 4196 καὶ
1289 4139 1344 4196 εἷ’
1381 4164 1462 4205 τις
1513 4143 1707 4209 ἄλλος,
1761 4142 1850 4199 διὰ

196 4220 412 4292 πολλὴν
440 4226 791 4301 καθαρότητα
835 4233 928 4283 νοῦ
981 4231 1118 4306 πρὸς
1171 4231 1422 4296 θεοπτίαν
1478 4232 1849 4301 ἐπιτηδειόταο

197 4330 285 4399 τος
319 4331 332 4345 ·
365 4314 460 4368 καὶ
505 4320 632 4392 γοῦν
694 4315 820 4372 οὐδε
867 4324 986 4382 ταῖς
1035 4321 1210 4394 ἁγίαις
1248 4327 1356 4377 τῶν
1413 4323 1723 4399 μυστηρίων
1757 4346 1848 4380 τε·

198 4398 376 4465 λεταῖς
465 4403 748 4482 ἐνεχείρει,
838 4410 914 4481 μὴ
979 4409 1240 4486 πρότερον
1323 4411 1470 4484 αὖτῷ
1555 4414 1690 4468 κατὰ
1751 4414 1848 4477 τὰς

197 4489 545 4565 προτελείονς
599 4493 787 4569 εὐχὰς,
871 4497 1020 4572 ἱερᾶς
1104 4498 1192 4552 καὶ
1281 4500 1535 4572 εὐμενοῦς
1612 4501 1848 4575 ὁράσεως

202 4576 640 4658 ἐπιφαινομένης.
687 4583 910 4662 Ἔλεγεν
971 4586 1086 4656 οὖν,
1147 4589 1252 4662 ὅτι,
1325 4589 1704 4662 λελυπηκότος
1753 4593 1848 4648 αὖ·

205 4669 294 4723 τόν
347 4693 481 4727 ποτε
534 4679 643 4728 τῶν
706 4675 944 4732 ἀπίστων
991 4679 1158 4749 τινὸς,
1316 4679 1463 4752 λύπη
1525 4680 1581 4736 δὲ
1631 4686 1716 4751 ἦν,
1768 4685 1850 4738 ὅτι

205 4759 304 4820 τῆς
361 4756 697 4830 Ἐκκλησίας
772 4761 981 4827 ἐκεῖνος
1032 4765 1154 4818 τινὰ
1206 4765 1345 4840 πρὸς
1399 4767 1460 4821 τὸ
1514 4767 1668 4831 ἄθεον
1718 4770 1852 4823 ἀπε-

204 4841 519 4922 πλάνησεν-)
581 4847 660 4904 ἔτι
707 4855 817 4906 τῶν
870 4851 1120 4928 ἰλαρίων
1181 4855 1403 4930 ἡμερῶν
1461 4857 1610 4928 αὐτῷ
1656 4856 1845 4914 τελουο

207 4932 401 5005 μένων,
489 4933 608 4993 δέον
675 4941 996 5018 ἀμφοτέρων
1071 4942 1460 5018 ἀγαθοπρεπῶς
1560 4945 1850 5019 ὑπερεύξα-

203 5023 340 5091 σθαι,
401 5026 489 5078 καὶ
549 5029 678 5083 Θεὸν
740 5038 962 5104 σωτῆρα
1017 5029 1378 5108 σολΛήπτορα
1431 5030 1686 5101 λαϐόντα,
1755 5035 1845 5091 τὸν

205 5109 310 5211 {est
347 5109 686 5211 ἐπιστρέψαι,
746 5119 838 5174 τὸν
902 5117 959 5174 δὲ
1015 5119 1311 5194 ἀγαθότητι
1354 5129 1590 5193 νικῆσαι,
1636 5125 1725 5178 καὶ
1770 5131 1845 5198 μὴ

202 5195 470 5254 διαλιπεῖν
515 5211 868 5269 νουθετοῦντα
925 5205 1013 5261 διὰ
1073 5207 1196 5282 βίου
1239 5211 1462 5279 παντὸς,
1507 5213 1669 5288 ἄχρις
1695 5195 1850 5268 occa

200 5287 456 5364 σήμερον,
511 5297 600 5349 καὶ
647 5297 821 5360 οὕτως
881 5297 968 5353 ἐπὶ
1020 5300 1119 5368 τήν
1173 5301 1318 5356 θείαν
1377 5287 1593 5368 αὐτοὺς
1626 5306 1847 5380 ἀγαγεῖν

197 5380 419 5452 γνῶσὶν,
453 5381 528 5445 ὡς
557 5382 617 5439 ἂν
667 5384 776 5456 ἤδη
817 5389 904 5442 καὶ
965 5389 1072 5441 τῶν
1121 5384 1620 5466 ἀμφισϐητησίμων
1664 5394 1850 5455 αὐτοῖς

203 5470 568 5555 κρινομένων,
598 5475 689 5529 καὶ
745 5481 853 5531 τῶν
897 5474 1118 5549 ἀλόγως
1165 5481 1579 5552 θρασυνομένων
1639 5481 1849 5555 ἐννόμῳ

207 5549 329 5644 δίκη
389 5570 682 5638 σωφρονεῖν
743 5549 1237 5639 ἀναγκαζομένων)
1289 5549 1413 5622 ἀλλί
1459 5568 1512 5624 ἐν
1561 5571 1736 5644 ἑαυτῷ
1763 5549 1848 5643 .μῆ

210 5642 469 5719 πρότερον
512 5656 672 5707 τοῦτο
721 5654 932 5725 παθὼν,
983 5653 1083 5709 οὐκ
1136 5651 1237 5708 οἶδ’
1279 5656 1429 5718 ὅπως
1477 5658 1600 5714 τότε
1628 5642 1846 5729 πολλήν

207 5744 327 5786 τινα
374 5735 470 5807 τὴν
516 5735 833 5816 δυσμένειαν
887 5741 977 5799 καὶ
1032 5742 1132 5812 τήν
1171 5743 1392 5820 πικρίαν
1444 5747 1665 5821 ἕντήξας
1707 5747 1853 5803 ἐκοι-

1963 2012 2100 2068 gere
2129 1999 2426 2062 sanctum,
2460 1995 2674 2049 Sancta
2714 1998 3051 2050 sanctorum
3084 1991 3316 2065 publice
3353 1989 3610 2046 ludibrio

1962 2082 2166 2138 haberi
2205 2083 2362 2149 facit,
2415 2082 2636 2136 bonum
2685 2085 2882 2136 autem
2931 2079 3098 2135 illum
3135 2078 3497 2134 sacerdotem
3549 2082 3608 2133 et

1964 2177 2342 2228 mansuetum
2387 2169 2575 2243 plagis
2608 2169 3082 2225 intolerabilibus
3131 2165 3392 2239 subjicit,
3432 2172 3608 2238 atque

1962 2262 2024 2316 in
2057 2261 2262 2316 faciem
2295 2260 2630 2332 percutiens
2657 2257 2959 2327 obnititur,
2992 2263 3050 2312 et
3080 2273 3213 2311 cum
3249 2271 3465 2326 magna
3515 2271 3610 2309 re-

1960 2352 2221 2408 verentia
2265 2353 2660 2418 accedentem,
2713 2350 2992 2405 audacter
3035 2348 3295 2403 calcibus
3358 2345 3609 2416 repellit,

1962 2442 2210 2513 impium
2235 2458 2301 2496 ac
2331 2439 2645 2496 scelestum
2678 2439 2878 2495 dicens
2930 2455 3063 2493 eum
3099 2437 3198 2509 qui
3259 2451 3328 2490 ex
3376 2434 3612 2490 miseri-

1962 2530 2156 2584 cordia
2189 2529 2388 2601 populi
2442 2528 2808 2600 ignorantias
2856 2526 3156 2598 despicere
3201 2523 3526 2590 statuisset,
3559 2525 3618 2576 et

1961 2619 2236 2691 Dionysio
2266 2619 2563 2691 episc0po,
2589 2623 2766 2688 atque
2799 2621 3101 2688 pastorum
3134 2612 3404 2686 principi,
3446 2613 3616 2682 quasi

1961 2725 2240 2779 magnum
2290 2709 2428 2778 quid
2493 2708 2565 2763 ad
2621 2707 2895 2762 virtutem
2962 2703 3271 2770 effecisset,
3334 2700 3616 2756 describit

1960 2799 2114 2870 quod
2139 2797 2450 2867 acciderat,
2474 2813 2696 2868 susque
2740 2796 2930 2865 deque
2970 2794 3207 2864 jactans
3255 2791 3314 2845 in
3362 2789 3466 2846 illa
3507 2806 3611 2845 au-

1960 2888 2087 2944 daci
2119 2887 2391 2960 cpistola,
2425 2888 2580 2960 quod
2611 2903 2722 2941 non
2757 2890 2878 2940 tam
2920 2884 3180 2954 seipsum
3209 2899 3385 2953 quam
3428 2881 3608 2935 Deum

1959 2977 2120 3034 ultus
2151 2983 2328 3033 esset.
2364 2977 2510 3042 Quid
2562 2993 2694 3044 ergo
2748 2973 2848 3029 ille
2864 2971 3407 3045 ?,Num,utvulgus
3436 2969 3605 3037 solet,

1956 3066 2068 3121 fuit
2097 3067 2294 3121 animo
2321 3065 2705 3136 perturbatus
2724 3063 2751 3118 ?
2782 3067 2882 3118 aut
2912 3066 3218 3133 reputatus
3247 3065 3337 3116 est
3365 3059 3451 3114 vel
3502 3074 3606 3128 pa-

1958 3172 2090 3210 rum
2123 3157 2261 3224 quid
2295 3154 2535 3210 omnino
2567 3152 2889 3208 mutavisse
2939 3153 3011 3207 de
3057 3168 3124 3207 ea
3172 3149 3433 3205 bonitate
3480 3163 3612 3218 qum

1960 3246 2010 3300 ei
2042 3244 2380 3300 coaluerat?
2408 3244 2524 3299 Hoc
2565 3242 2811 3298 minime
2835 3241 2950 3298 dici
2973 3245 3199 3313 potest:
3232 3239 3432 3310 Neque
3453 3237 3610 3292 enim

1961 3335 2110 3390 facto
2143 3335 2304 3390 ultus
2336 3338 2426 3390 est
2466 3350 2624 3402 eum,
2660 3332 2760 3404 qui
2793 3336 3166 3404 peccaverat;
3218 3329 3321 3386 sed
3373 3328 3523 3383 facto
3554 3332 3613 3383 et

1957 3440 2227 3480 sermone
2258 3423 2504 3479 salutari
2538 3421 2775 3490 erudiit,
2809 3437 2938 3492 quae
2963 3419 3139 3475 simul
3167 3418 3238 3473 ad
3261 3417 3535 3472 virtutem
3555 3419 3614 3470 et

1958 3529 2192 3569 omnem
2227 3513 2688 3567 moderationem
2715 3509 2996 3565 informat
3022 3512 3079 3563 et
3099 3505 3412 3577 componit,
3446 3504 3606 3558 illam

1958 3603 2220 3659 scribens
2250 3601 2580 3672 epistolam,
2630 3605 2687 3655 et
2733 3598 3062 3668 exemplum
3113 3593 3609 3659 mansuetudinis,

1959 3701 2172 3760 Aaron,
2204 3693 2410 3760 David,
2442 3698 2501 3748 et
2533 3691 2682 3747 alios
2716 3691 3038 3746 adducens.
3089 3689 3271 3759 Cujus
3313 3692 3378 3741 ut
3435 3683 3608 3742 omit-

1958 3788 2079 3837 tam
2109 3781 2286 3837 aliam
2336 3781 2406 3836 ad
2465 3782 2686 3836 bonum
2747 3778 3236 3839 exhortationem,
3287 3773 3607 3830 meminero

1958 3876 2112 3926 certe
2158 3870 2425 3939 visionis,
2487 3885 2665 3940 quam
2713 3867 2764 3922 ei
2813 3871 3030 3934 narrat,
3084 3870 3148 3920 ut
3217 3881 3344 3935 quas
3402 3865 3605 3917 sancto

1957 3960 2142 4029 Carpo
2174 3957 2535 4030 apparuerit.
2570 3956 2663 4010 Sic
2682 3961 2878 4011 autem
2911 3970 2974 4010 se
3004 3953 3180 4008 habet
3210 3952 3281 4007 ad
3320 3950 3563 4006 verbum
3591 3964 3604 4004 :

2029 4065 2170 4119 Cum
2205 4062 2524 4134 aliquando
2554 4061 2612 4115 in
2648 4060 2877 4116 Cretam
2911 4058 3228 4124 venissem,
3252 4071 3345 4110 me
3383 4054 3608 4124 Carpus

1956 4153 2212 4224 hospitio
2280 4151 2528 4222 excepit,
2572 4150 2684 4218 vir,
2737 4149 2786 4204 si
2832 4147 2931 4220 qui
2979 4147 3152 4216 alius,
3204 4149 3439 4218 pr0pter
3481 4159 3606 4197 ma-

1957 4259 2130 4316 gnam
2165 4241 2381 4296 mentis
2412 4239 2730 4312 puritatem
2764 4238 2831 4292 ad
2857 4237 3214 4293 cernendum
3238 4239 3416 4290 Deum
3433 4231 3611 4302 aptis-

1957 4332 2170 4387 simus.
2201 4330 2398 4400 Neque
2429 4328 2588 4384 enim
2620 4343 2821 4382 sacros
2851 4327 3259 4398 mysteriorum
3307 4322 3454 4376 ritus
3506 4336 3609 4392 ag-

1957 4420 2354 4492 grediebatur,
2388 4417 2504 4472 nisi
2538 4415 2702 4489 prius
2747 4415 2859 4487 ipsi
2908 4414 2969 4470 in
3018 4414 3091 4468 iis
3136 4411 3430 4484 precibus,
3480 4424 3608 4479 quas

1959 4515 2129 4564 antea
2157 4507 2356 4580 perfici
2381 4506 2594 4572 solent,
2627 4522 2794 4561 sacra
2824 4509 2881 4560 et
2931 4502 3063 4559 laeta
3111 4499 3484 4572 apparuisset
3523 4500 3608 4552 vi-

1959 4597 2067 4653 sio.
2102 4599 2156 4652 Is
2197 4596 2438 4668 quidem
2504 4596 2803 4661 narrabat,
2852 4608 2984 4647 cum
3035 4607 3068 4644 a
3111 4590 3390 4661 quodam,
3444 4586 3611 4659 quia

1880 4656 1927 4722 D
1961 4686 2073 4740 ﬁde
2105 4656 2504 4756 religioneque
2537 4688 2740 4738 nostra
2777 4656 3144 4746 abhorreret,
3175 4679 3322 4732 forte
3350 4656 3611 4731 olfehsus

1958 4780 2116 4830 esset
2145 4772 2427 4841 (tristitia:
2459 4777 2653 4826 autem
2687 4787 2865 4825 causa
2895 4772 3040 4833 erat,
3074 4767 3228 4839 quod
3261 4765 3360 4820 ille
3390 4764 3461 4820 ab
3504 4763 3605 4819 Ec-

1961 4863 2138 4918 clesia
2169 4862 2486 4932 quemdam
2527 4861 2596 4916 ad
2649 4858 2899 4930 impium
2952 4857 3173 4911 cultum
3221 4856 3609 4921 traduxerat),

1960 4956 2086 5006 tum
2120 4966 2254 5005 cum
2286 4949 2488 5016 etiam,
2513 4949 2588 5004 ab
2638 4947 2763 5020 ipso
2818 4945 3170 5017 (Christiano
3224 4948 3464 5015 propter
3505 4943 3607 4997 ba-

1958 5040 2266 5114 ptismum)
2321 5038 2533 5094 hilaria
2579 5041 2906 5108 agerentur,
2953 5052 3087 5092 cum
3145 5033 3458 5106 benignam
3507 5046 3612 5102 pro

1960 5139 2207 5202 utroque
2267 5131 2335 5184 ad
2391 5129 2572 5184 Deum
2626 5125 3026 5198 precationem
3087 5125 3329 5179 fundere
3376 5134 3616 5178 necesse

1959 5224 2134 5285 esset,
2170 5219 2406 5289 Deoque
2439 5221 2732 5273 servatore
2765 5215 3053 5285 adjutore,
3099 5213 3398 5283 adjuncto,
3447 5208 3618 5264 illum

1959 5307 2195 5378 quidem
2225 5311 2584 5374 convertere,
2616 5305 2774 5359 hunc
2830 5305 3024 5357 autem
3072 5301 3300 5357 vincere
3347 5297 3616 5370 benigni-

1957 5400 2094 5464 tate,
2130 5411 2235 5448 nec
2259 5395 2542 5449 desistere
2574 5394 2897 5446 admonere
2927 5407 3029 5461 per
3072 5407 3245 5445 omne
3292 5389 3420 5444 vita:
3469 5393 3617 5442 tem-

1959 5499 2069 5554 pus
2101 5500 2289 5552 usque
2315 5485 2386 5536 ad
2416 5482 2573 5537 hunc
2606 5482 2802 5553 ipsum
2837 5479 3012 5545 diem,
3044 5485 3218 5550 atque
3249 5479 3333 5533 ita
3371 5480 3613 5533 demum

1959 5587 2058 5627 eos
2086 5570 2155 5625 ad
2191 5571 2291 5626 Dei
2325 5571 2594 5626 notitiam
2627 5571 2938 5635 deducere,
2971 5569 3123 5623 348
3155 5568 3326 5640 quasi
3350 5568 3478 5638 jam
3518 5583 3606 5633 ea,

1961 5660 2031 5715 de
2055 5660 2269 5731 quibus
2303 5664 2472 5716 antea
2515 5658 2871 5724 dubitarent,
2922 5657 3244 5728 dijudicata
3289 5661 3509 5727 essent,
3553 5660 3612 5710 et

1961 5747 2035 5802 ab
2064 5747 2138 5803 iis
2170 5763 2294 5820 qua
2325 5746 2757 5803 inconsiderate
2790 5744 2918 5801 ausi
2948 5749 3168 5814 essent,
3197 5744 3458 5818 legitime
3491 5759 3610 5816 pce-
