3972 6214
356 326 466 396 .599
1584 333 1643 389 s.
1683 329 1924 385 morm

2148 328 2538 385 EOPAGITE.
3629 338 3716 392 600

362 469 472 508 nas
508 452 703 529 dando
735 452 1078 526 resipiscere
1118 458 1497 529 cogerentur;
1532 458 1657 510 tum
1704 458 1903 509 tamen

2154 450 2278 521 ιήθη
2316 468 2329 481 ⁸
2360 447 2661 527 κατέδάρθη
2725 450 2841 523 μὶν,
2901 450 3043 506 οὕτω
3092 458 3272 515 κακῶς
3330 451 3473 531 ἔχων
3505 474 3519 489 ⁸
3550 456 3722 533 ἑσπέραν

362 542 517 612 quod
550 558 855 614 nunquam
871 541 981 599 sibi
1004 544 1388 613 usuvenisset,
1415 544 1571 600 haud
1586 542 1707 599 scio
1721 557 1930 615 quomo

2155 538 2219 614 ὰρ
2271 541 2335 608 ἦν
2372 558 2384 571 ⁸
2446 539 2570 617 περί
2637 537 2694 594 δὲ
2743 542 2907 615 μέσας
2989 539 3185 606 νύκτας
3258 540 3451 615 (εἰώθει
3515 547 3609 620 γὰρ
3660 546 3720 609 εἷς

361 647 574 699 magno
607 632 863 703 quodam
895 636 953 687 et
981 634 1189 689 acerbo
1221 632 1402 689 animi
1437 632 1634 689 dolore
1657 632 1920 688 confectu

2155 625 2276 683 ὁνδε
2303 628 2394 683 τὸν
2428 630 2613 703 καιρὸν
2665 630 2825 692 αὑτὸς
2876 629 2958 708 ἐφ’
3004 630 3194 686 ἑαυτοῦ
3244 633 3379 708 πρὸς
3427 632 3547 695 τοὺς
3574 635 3721 699 θείους

362 719 540 790 quieti
573 738 635 776 se
661 721 996 791 dedisse,ae
1028 722 1263 794 quidem
1277 722 1583 778 dormiisse
1614 721 1691 777 ita
1706 718 1856 776 male
1874 719 1930 774 af

2158 738 2325 789 μνους
2379 719 2732 795 ἐγρηγορέναι
2766 739 2779 750 ⁸
2822 722 2839 793 )
2888 717 3221 775 διανίσταται
3303 723 3425 795 μὲν,
3472 720 3585 777 οὐδὲ
3636 729 3721 778 τῶν

363 814 522 864 ctum
553 810 702 882 (erat
739 811 896 867 enim
943 812 1248 883 vespera);
1296 811 1489 867 media
1539 815 1733 866 autem
1783 808 1931 865 circi?

2157 828 2303 862 πνων
2351 807 2549 875 αὐτῶν,
2593 806 2820 865 πολλῶν
2862 831 2924 885 γε
2971 803 3163 880 ὄντων,
3222 810 3311 865 καὶ
3361 810 3440 866 ἀεὶ
3498 810 3725 886 ἐγκοπτο-

364 902 534 954 nocte
561 897 792 964 (solitus
814 898 970 955 enim
992 904 1116 959 erat
1137 899 1244 955 hoc
1267 904 1531 972 tempore
1554 916 1657 971 per
1686 916 1745 955 se
1769 899 1836 953 ad
1865 897 1932 951 di‘

2161 896 2298 950 .évwv
2338 942 2351 965 ,
2441 895 2541 967 ἔξω
2623 897 2869 973 ταραχῆς
2949 897 3376 972 παραπολαῦσας
3409 919 3420 932 ⁸
3474 901 3625 964 ἑστὼς
3684 900 3729 958 δὲ

365 1003 473 1042 nos
505 986 753 1060 hymnos
780 986 1045 1060 vigilare)
1066 986 1388 1045 surrexisse
1419 988 1679 1061 quidem,
1721 1004 1855 1043 cum
1906 1002 1933 1040 n

2161 1006 2276 1056 μως
2306 985 2382 1047 εἷς
2431 986 2528 1054 τὴν
2579 985 2721 1041 θείαν
2775 984 2999 1060 ὁμιλίαν
3043 987 3145 1043 οὐκ
3194 986 3402 1065 εὐαγῶς
3450 989 3626 1060 ἠνιᾶτο
3660 991 3729 1046 καὶ

367 1092 643 1133 somnum
674 1077 867 1148 ipsum
902 1079 1001 1149 qui
1035 1077 1190 1133 altus
1223 1078 1452 1148 fuisset,
1477 1083 1531 1134 et
1566 1094 1795 1150 semper
1832 1077 1935 1131 inti

2165 1070 2518 1149 Βυσχέραινεν,
2568 1076 2669 1130 οὑκ
2717 1076 2849 1130 εἶναι
2895 1073 3103 1131 δίκαιον
3155 1075 3353 1152 λέγων,
3407 1077 3457 1133 εἷ’
3503 1084 3622 1150 ζῷεν
3664 1078 3733 1134 ἄν·

367 1170 598 1236 ruptus,
644 1165 771 1222 sine
810 1167 1259 1223 conturbatione
1306 1168 1596 1240 cepisset;
1628 1171 1885 1223 stantem
1929 1174 1935 1213 ί

2166 1181 2250 1236 ρες
2278 1162 2425 1226 ἄθεοι
2481 1163 2571 1217 καὶ
2622 1160 3030 1242 διαστρέφοντες
3088 1165 3186 1224 τὰς
3247 1163 3407 1229 ὀδοὺς
3450 1167 3636 1241 Κυρίου
3659 1168 3734 1232 τὰς

367 1270 498 1310 men
547 1256 618 1310 ad
664 1254 862 1311 divina
910 1255 1222 1330 colloquia,
1275 1257 1594 1331 irreligiose
1642 1258 1900 1315 doluisse

2165 1250 2370 1313 5οείας·
2433 1252 2523 1307 καὶ
2569 1256 2735 1307 ταῦτα
2787 1251 3005 1328 λέγων,
3064 1250 3236 1310 ἐδεῖτο
3291 1259 3390 1310 τοῦ
3447 1256 3570 1312 Θεοῦ
3618 1277 3733 1331 πρη-

367 1345 571 1401 acerbe
592 1344 825 1411 tulisse,
850 1346 1143 1403 dicentem
1176 1365 1292 1403 non
1316 1364 1443 1404 esse
1465 1365 1697 1421 aequum
1720 1348 1874 1403 viros
1903 1346 1935 1401 i1

2166 1341 2286 1416 τῆρί
2343 1361 2448 1395 νινι
2504 1341 2598 1404 τὰς
2675 1342 2997 1419 ἀμφοτέρων
3055 1343 3273 1416 εἰσάπαξ
3345 1343 3579 1416 ἀνηλεῶς
3623 1346 3734 1402 ἀπο-

367 1434 495 1505 pios
522 1433 735 1502 vivere,
774 1440 833 1491 et
861 1436 962 1508 qui
1021 1437 1148 1492 vias
1197 1437 1429 1493 Domini
1478 1442 1667 1494 rectas
1724 1443 1935 1510 perverl

2168 1433 2325 1484 αῦσαι
2380 1435 2540 1499 ζωάς.
2600 1433 2780 1488 Ταῦτα
2851 1429 2908 1486 δὲ
2966 1431 3156 1504 εἰπὼν,
3217 1430 3371 1508 ἔλεγε
3428 1432 3567 1504 δόξαι
3628 1433 3735 1489 ἰδεῖν

367 1529 535 1591 rent;
562 1523 684 1579 haec
715 1523 1032 1593 dicentem,
1063 1530 1360 1596 precatum
1393 1542 1519 1582 esse
1550 1544 1584 1581 a
1614 1527 1750 1597 Deo,
1783 1530 1850 1581 ut
1888 1542 1935 1580 ai

2171 1540 2275 1596 ρνω
2303 1519 2395 1573 τὸν
2437 1521 2587 1574 οἶκον
2619 1518 2670 1574 ἰν
2724 1520 2875 1596 ᾧπερ
2906 1521 3159 1594 ίεῖστήκει
3211 1518 3587 1593 διαδονηθέντα
3626 1525 3739 1595 πρό-

368 1611 579 1667 horum
610 1613 789 1668 vitam
815 1613 941 1669 sine
967 1613 1613 1671 misericordiaturbine
1628 1614 1825 1686 aliquo
1847 1615 1936 1685 ign

2169 1627 2305 1683 ερον,
2336 1608 2424 1662 καὶ
2461 1608 2518 1662 ἐκ
2546 1615 2646 1678 τῆς
2686 1610 2897 1686 ὀροφῆς
2939 1608 3016 1672 εἰς
3066 1607 3162 1664 δύο
3215 1610 3380 1682 μέσον
3428 1608 3737 1686 διαιρεθέντα,

359 1702 770 1773 abrumperet.
837 1703 973 1767 Quae
1017 1720 1151 1759 cum
1207 1704 1469 1771 dixisset,
1522 1707 1927 1761 commemoral

2169 1696 2219 1751 αί
2274 1718 2395 1752 τινα
2448 1698 2623 1773 πυρὰν
2679 1698 3009 1776 πολύφωτον
3065 1698 3396 1774 ἆπίπροσθεν
3452 1698 3623 1771 αὺτοῦ,
3666 1702 3737 1757 καὶ

373 1807 437 1846 se
456 1790 651 1846 visum
677 1808 806 1846 esse
836 1792 1033 1848 videre
1064 1797 1301 1864 repente
1326 1793 1565 1849 domum
1599 1794 1657 1848 in
1684 1811 1800 1865 qua
1840 1798 1941 1849 sta}

2173 1785 2334 1858 αύτην
2395 1785 2598 1861 (ἐδόσει
2656 1787 2757 1864 γὰρ
2817 1785 3016 1842 λοιπὸν
3077 1787 3347 1865 ὕπαιθρος
3401 1790 3428 1843 ὁ
3480 1790 3741 1864 τόπος),ἒκ

381 1878 586 1949 agitari
619 1879 908 1952 primum,
959 1881 1168 1936 deinde
1200 1899 1233 1937 a
1281 1882 1494 1937 vertice
1540 1883 1598 1938 in
1649 1882 1798 1938 duas
1837 1890 1949 1954 pari

2171 1880 2243 1930 τοῦ
2292 1876 2550 1949 οὐρανίου
2604 1877 2794 1953 χώρου
2849 1878 3046 1953 μέχρις
3099 1876 3266 1933 αὐτοῦ
3297 1881 3739 1957 καταφερομένην·

392 1971 670 2028 dimidias
699 1972 972 2040 dividi,et
994 1979 1128 2029 ante
1158 1990 1220 2030 se
1240 1990 1445 2045 rogum
1470 1975 1781 2046 quemdam
1814 1992 1960 2049 magi

2174 1965 2237 2020 ’ὸν
2298 1963 2356 2020 δὲ
2409 1965 2635 2038 οὐρανὸν
2692 1967 2851 2021 αὐτὸν
2900 1967 3372 2041 ἀναπεπταμένον,
3421 1967 3507 2024 καί
3556 1967 3635 2024 ἐπὶ
3682 1973 3742 2041 τῷ

304 2116 309 2121 ,
388 2060 658 2126 luminis,
689 2079 945 2133 eumque
968 2063 1102 2133 (sub
1133 2064 1229 2119 dio
1261 2063 1420 2119 enim
1462 2062 1623 2119 locus
1646 2062 1747 2118 ille
1785 2081 1872 2120 ess

2184 2057 2309 2128 ώτῳ
2351 2059 2449 2110 τοῦ
2507 2056 2741 2132 οὐρανοῦ
2786 2056 2880 2111 τὸν
2935 2057 3172 2127 Ἰησοῦν,
3222 2058 3461 2135 ἀπείρων
3507 2058 3752 2135 ἀνθρωπο·

391 2151 660 2222 debetur)
693 2167 721 2207 e
743 2154 887 2207 ccelo
922 2167 1110 2224 usque
1145 2153 1217 2208 ad
1244 2152 1505 2225 seipsum
1555 2153 1764 2208 deferri
1791 2171 1804 2208 :
1830 2152 1959 2208 coeli

2184 2142 2309 2199 ιδῶν
2345 2143 2493 2217 αὐτῴ
2539 2144 2960 2218 παρεστηκόσων
3003 2145 3279 2222 ἀγγέλων.
3333 2147 3434 2203 Καὶ
3477 2150 3629 2203 ταῦτα
3677 2147 3752 2220 μὶν

389 2256 522 2296 vero
576 2244 868 2312 apertum,
917 2245 975 2297 et
1005 2241 1065 2296 in
1103 2257 1359 2299 convexa
1406 2241 1535 2297 coeli
1583 2241 1896 2314 superﬁcie
1945 2277 1957 2297 .

2187 2236 2346 2289 νωθεν
2406 2234 2655 2310 ὁρὰσθαι,
2727 2234 2817 2289 καὶ
2888 2235 3050 2290 αὐτὸν
3131 2236 3424 2310 θαυμάζειν
3460 2255 3474 2270 ⁸
3534 2237 3663 2291 κάτω
3710 2232 3755 2290 δὶ

386 2344 544 2391 sum.
578 2328 995 2385 assistentibus
1053 2331 1590 2387 innumerabilibus
1644 2330 1890 2404 angelis,
1943 2330 1954 2385 |

2189 2323 2324 2398 ύψας
2355 2324 2383 2378 ὁ
2416 2322 2664 2399 Κάρπος,
2724 2320 2857 2378 ἰδεῖν
2908 2320 3009 2402 ἔφη
3059 2323 3149 2379 καὶ
3196 2322 3476 2401 τοῦδαφος
3507 2325 3621 2380 αὐτὸ
3645 2324 3755 2397 πρὸς

387 2417 616 2473 minum
649 2418 838 2490 ﬁgura
869 2423 927 2474 et
955 2418 1168 2491 specie.
1199 2424 1391 2491 Atque
1416 2420 1538 2476 haac
1578 2421 1816 2493 quidem
1841 2437 1874 2475 a
1901 2437 1955 2474 cc

2189 2413 2353 2489 χανὲς
2409 2434 2462 2467 τι
2519 2410 2709 2487 χάσμα
2764 2411 2854 2467 καὶ
2905 2413 3181 2469 σκοτεινὸν
3234 2411 3618 2491 διερρηγμένων
3652 2411 3755 2466 ⁸καί

386 2505 571 2561 videri
599 2522 838 2562 summa
868 2523 1002 2563 cum
1035 2524 1146 2563 sua
1188 2508 1600 2565 admiratione.
1648 2510 1791 2566 Cum
1848 2513 1954 2564 aut!

2188 2501 2279 2564 οὺς
2315 2504 2409 2575 μὶν
2466 2498 2665 2577 ἄνδρας
2709 2499 2966 2574 ἐκείνους,
3018 2504 3100 2565 οἷς
3151 2500 3425 2579 ἐπηρᾶτο,
3480 2502 3580 2579 πρὸ
3621 2503 3755 2557 αὐτοῦ

384 2594 512 2667 ipse
544 2596 820 2651 deorsum
852 2597 1054 2653 oculos
1085 2599 1487 2667 convertisset,
1511 2615 1746 2655 cernere
1775 2616 1838 2655 se
1889 2599 1946 2654 di

2185 2591 2290 2646 ατὰ
2329 2592 2392 2647 τὸ
2440 2591 2664 2664 στόμιον
2719 2588 3001 2663 ἑστηκέναι
3057 2596 3154 2647 τοῦ
3205 2596 3517 2667 χάσματος,
3563 2592 3753 2667 ὑποτρό-

384 2684 485 2738 bat
515 2683 688 2738 etiam
730 2689 946 2740 terram
977 2686 1166 2756 ipsam
1202 2686 1284 2742 ita
1313 2687 1684 2755 discessisse,
1718 2692 1783 2742 ut
1830 2688 1952 2743 οδε(

2185 2702 2314 2745 ιους,
2376 2679 2668 2749 ἐλεεινοὺς,
2737 2679 2860 2736 ὅσον
2939 2679 3090 2735 οὕπω
3165 2683 3622 2758 καταφερομένους
3674 2678 3753 2735 ὑπὸ

384 2788 487 2827 rus
519 2772 760 2844 quidam
794 2779 850 2829 et
878 2775 1284 2831 tenebricosus
1315 2776 1515 2831 hiatus
1547 2775 1825 2832 exsistere
1879 2779 1952 2834 vi:

2181 2773 2251 2835 ἧς
2297 2774 2405 2825 τῶν
2451 2768 2665 2824 οἷ’κείων
2717 2767 2899 2824 ποδῶν
2953 2770 3207 2832 ἀστασίας
3238 2789 3254 2803 ⁸
3318 2771 3550 2834 κάτωθεν
3601 2766 3650 2823 δὶ
3668 2767 3749 2822 ἀπὸ

386 2866 596 2917 retur:
629 2866 805 2934 atque
863 2862 1133 2920 homines
1174 2864 1413 2935 quidem
1446 2864 1580 2920 illos
1619 2865 1835 2935 quibus
1893 2881 1947 2921 m

2187 2863 2249 2913 οῦ
2298 2860 2577 2933 χάσματος
2627 2854 2776 2935 ὄφεις
2822 2857 3089 2934 ἆνέρπειν,
3142 2857 3231 2913 καὶ
3287 2861 3409 2933 περὶ
3452 2859 3574 2922 τοὺς
3616 2853 3750 2917 πόδας

387 2958 658 3022 precatus
690 2955 864 3020 esset,
897 2958 1033 3008 ante
1086 2969 1149 3009 se
1181 2955 1251 3008 ad
1316 2969 1380 3008 os
1441 2954 1637 3009 hiatus
1696 2964 1852 3010 stare
1919 2961 1955 3010 t1

2190 2947 2328 3003 ὖτῶν
2379 2948 2861 3021 ὐποκινουμὶνους,
2924 2948 3057 3003 ποτὶ
3121 2948 3217 3021 μὲν
3281 2949 3583 3023 ἀποσύρειν,
3634 2945 3754 3001 ἐπαν-

387 3044 616 3095 mentes
648 3044 706 3095 et
738 3040 1007 3111 miseros,
1040 3046 1097 3097 et
1130 3042 1227 3113 qui
1262 3042 1379 3098 fere
1410 3059 1524 3115 prae
1545 3044 1761 3115 pedum
1794 3061 1955 3100 suom

2188 3036 2513 3110 ιλουμὲνους
2581 3036 2694 3111 ἅμα
2762 3038 2853 3093 καὶ
2922 3033 3334 3113 ἐπιϐαροῦνταί,
3417 3039 3505 3093 καί
3575 3033 3756 3092 ἐπανέλ-

384 3127 768 3185 instabilitate
798 3131 1319 3203 demergerentur:
1377 3131 1448 3187 ab
1506 3131 1781 3189 inferiore
1839 3137 1952 3188 aut:

2186 3149 2350 3189 ,οντας
2383 3148 2396 3162 ⁸
2429 3127 2562 3182 ποτέ
2592 3125 2649 3181 δὲ
2694 3132 2811 3191 τοῖς
2856 3124 3095 3198 ὀδοῦσιν,
3141 3125 3179 3197 ἤ
3224 3133 3347 3191 τοῖς
3388 3126 3616 3204 οὖραίοις
3646 3126 3754 3180 ὑπο-

385 3216 511 3273 ]οοο
563 3233 631 3272 ex
678 3218 836 3273 hiatu
888 3234 1111 3291 angues
1158 3236 1398 3275 sursum
1453 3236 1704 3292 serpere,
1748 3225 1923 3293 atque

2187 3215 2436 3294 ύφοντας,
2476 3213 2513 3285 ἤ
2573 3214 3125 3293 ὑπογαργαλίζοντας,
3183 3218 3274 3272 καὶ
3338 3214 3427 3272 διὰ
3455 3197 3657 3279 ’παντὸς
3699 3211 3755 3274 είς

385 3321 588 3360 eorum
620 3307 821 3377 pedes,
853 3323 986 3361 cum
1020 3307 1242 3363 sensim
1288 3316 1676 3375 moverentur,
1738 3308 1953 3365 interdt

2189 3310 2217 3359 ῦ
2274 3306 2475 3380 ἀχανὲς
2547 3300 2806 3377 ἐμϐαλεῖν
2878 3306 3322 3381 μηχανωμένους
3413 3308 3537 3361 εἶναι
3593 3302 3642 3359 δὲ
3690 3299 3757 3357 καὶ

386 3394 625 3465 quidem
649 3395 883 3450 trahere
913 3396 1295 3469 complicatos
1325 3397 1498 3452 simul
1531 3401 1591 3453 et
1619 3398 1954 3469 deprimenti

2191 3392 2354 3471 νδρας
2385 3394 2538 3458 τινὰς
2584 3392 2635 3449 ἐν
2692 3395 2859 3468 μέσῳ,
2908 3400 3025 3459 τοῖς
3072 3392 3224 3473 ὄφεσι
3275 3397 3413 3451 κατὰ
3458 3400 3559 3451 τῶν
3598 3391 3759 3469 ἀνδρῶν

390 3487 568 3555 atque
600 3483 1010 3553 detrahentes;
1044 3485 1342 3541 interdum
1372 3486 1650 3542 dentibus
1683 3493 1783 3542 aut
1832 3504 1958 3543 caui

2179 3484 2661 3557 ὐνεπιτιθεμένους
2695 3502 2709 3516 ⁸
2763 3480 3143 3548 διαδονοῦντας
3201 3482 3318 3557 ἅμα
3369 3486 3458 3540 καὶ
3515 3485 3747 3546 ὑπωθοῦν-

390 3571 791 3639 incendentes,
846 3572 936 3627 vel
994 3573 1418 3641 demulcentes,
1479 3568 1760 3648 omnique
1816 3576 1958 3632 ratio

2184 3594 2243 3635 ας
2299 3573 2389 3628 καὶ
2437 3573 2855 3637 καταπαίοντας.
2906 3568 3188 3630 νἘδόκουν
3272 3572 3332 3630 δὲ
3390 3578 3523 3630 εἶναι
3566 3573 3681 3649 πρὸς
3706 3568 3752 3623 τὸ

393 3665 655 3732 agentes,
687 3664 755 3715 ut
802 3677 901 3715 eos
951 3660 1008 3715 id
1068 3661 1231 3716 illam
1287 3662 1642 3719 immensam
1700 3665 1961 3735 voragine

2188 3666 2375 3717 τεσεῖν’
2420 3659 2612 3715 ἐκεῖνοι
2696 3660 2764 3715 τὰ
2851 3662 2945 3733 μὶν
3021 3660 3269 3736 ἄκοντες,
3342 3664 3409 3718 τὰ
3459 3660 3514 3718 δὲ
3565 3661 3756 3726 ἑκόντες,

391 3751 722 3825 praecipites
766 3751 1018 3821 darent;
1076 3752 1259 3808 fuisse
1309 3753 1487 3809 etiam
1547 3754 1703 3810 viros
1753 3756 1959 3826 quosdi

2189 3751 2259 3805 πὸ
2287 3755 2384 3805 τοῦ
2430 3754 2600 3805 κακοῦ
2641 3750 2758 3804 κατ’
2810 3747 2997 3825 ὀλίγον
3051 3751 3372 3826 βιαζόμενοι
3420 3750 3529 3825 ἅμα
3562 3748 3639 3805 καὶ
3663 3765 3757 3801 πει-

391 3844 451 3898 in
484 3841 697 3910 medio,
731 3840 830 3912 qui
861 3857 977 3895 una
1030 3856 1165 3895 cum
1238 3843 1610 3913 serpentibus
1661 3842 1721 3896 in
1777 3844 2046 3899 homines
2158 3841 2402 3913 θόμενοι.

391 3930 530 3986 illos
557 3930 922 3996 invaderent,
936 3928 1634 4002 exagitatione,pulsu,et
1663 3932 2076 4004 percussione;
2108 3931 2264 3990 viros
2297 3935 2493 3986 autem
2524 3945 2654 3986 esse
2684 3930 2836 3985 viros
2870 3928 3004 3986 illos
3033 3930 3540 4004 decidere,partim
3567 3927 3758 3985 invitos.

393 4018 607 4091 partim
652 4022 879 4088 sponte,
913 4019 1067 4089 quod
1101 4035 1135 4074 α
1172 4019 1329 4076 malo
1373 4020 1595 4075 sensim
1628 4026 1992 4092 cogerentur.

466 4140 756 4196 Narrabat
796 4157 971 4212 porro
1028 4142 1253 4214 Carpus
1310 4160 1372 4199 se
1429 4141 1789 4215 voluptatem
1849 4161 2034 4215 caper:

2233 4139 2426 4217 Ἔλεγε
2483 4137 2539 4196 δε
2585 4140 2613 4195 ὁ
2669 4138 2884 4216 Κάρπος
2941 4139 3129 4197 ἐαυτὸν
3187 4139 3414 4212 ἥδεσθαι
3463 4138 3601 4197 κάτω
3656 4134 3755 4214 βλέ-

396 4228 660 4295 solitum,
686 4245 820 4285 cum
872 4227 1152 4286 interiora
1198 4232 1505 4303 aspiceret,
1568 4233 1871 4304 superiora
1920 4251 1964 4288 νε

2188 4249 2375 4286 ξονταο
2405 4235 2515 4286 τῶν
2576 4226 2686 4284 ἅνω
2747 4226 2805 4284 δὲ
2864 4227 3086 4304 ἀμελεῖν
3117 4248 3128 4262 ⁸
3183 4229 3552 4307 δυσχεραίνειν
3603 4227 3654 4283 δὲ
3691 4223 3756 4279 καὶ

398 4318 692 4392 negligere
718 4337 728 4373 :
762 4318 1018 4391 graviter
1046 4323 1245 4375 autem
1280 4321 1426 4375 ferre
1456 4325 1513 4375 et
1542 4320 1859 4392 indignari,
1894 4339 1966 4394 qu

2194 4320 2471 4395 λιγωρεῖν,
2532 4319 2614 4373 ὅτι
2679 4319 2755 4392 μὴ
2813 4319 3158 4375 πεπτώκασιν
3217 4317 3351 4392 ἤδη,
3402 4321 3490 4375 γαὶ
3542 4322 3615 4391 τῷ
3653 4313 3761 4388 πρά·

398 4410 663 4466 nondum
721 4410 874 4465 349
929 4408 1327 4478 decidissent;
1378 4415 1556 4481 atque
1608 4409 1665 4464 in
1721 4410 1872 4466 hanc
1924 4429 1966 4466 re

2194 4430 2320 4483 ματι
2377 4407 2652 4470 πολλάκις
2710 4407 3024 4481 ἐπιθέμενον
3086 4410 3177 4465 καὶ
3234 4407 3645 4481 ἀδυνατήσαντα,
3692 4400 3761 4457 καὶ

401 4515 533 4554 cum
567 4497 1134 4571 saepeincubuisset,
1186 4513 1291 4554 nec
1344 4498 1705 4570 profecisset,
1741 4506 1798 4554 et
1842 4517 1969 4555 acor

2191 4499 2487 4572 χθεσθῆναι
2566 4496 2656 4552 καὶ
2755 4495 3118 4571 ἐπαράσασθαι
3184 4517 3197 4531 ⁸
3294 4499 3384 4553 καὶ
3460 4495 3759 4552 ἀνανεύσαντα

400 4587 631 4655 tulisse,
660 4591 718 4642 et
747 4589 899 4643 male
938 4592 1238 4660 precatum
1291 4603 1456 4657 esse;
1493 4604 1625 4642 cum
1680 4587 1767 4643 vix
1810 4590 1968 4644 tande

2191 4585 2347 4655 ιόλις,
2383 4583 2514 4640 ἰδεῖν
2552 4586 2644 4660 μὲν
2705 4583 2857 4651 αὖθις
2906 4585 2998 4642 τὸν
3045 4587 3297 4662 οὐρανὸν,
3332 4586 3511 4663 ὥσπερ
3538 4585 3621 4640 καὶ
3654 4576 3759 4655 πρό-

405 4676 611 4733 cmlum
646 4677 992 4748 aspexisset,
1023 4677 1241 4733 vidisse
1292 4678 1529 4748 quidem
1584 4677 1728 4732 illud
1787 4695 1973 4733 rursm

2191 4695 2309 4747 ερον
2337 4675 2563 4751 ἑωράκει
2591 4694 2602 4707 ⁸
2635 4675 2727 4730 τὸν
2779 4674 2835 4730 δὲ
2885 4676 3119 4746 Ἰησοῦν,
3168 4674 3469 4747 ἐλεήσαντα
3514 4675 3571 4729 τὸ
3607 4668 3757 4747 γιγνέ-

405 4766 906 4837 quemadmodum
941 4767 1117 4821 etiam
1134 4777 1303 4822 antea
1323 4766 1581 4833 viderat;
1605 4765 1804 4821 Jesum
1829 4773 1964 4822 aute

2188 4786 2342 4835 ιενον,
2401 4762 2749 4835 ἐξαναστῆναι
2821 4768 2919 4819 τοῦ
2990 4765 3380 4843 ὑπερουρανίου
3442 4763 3649 4839 θρόνου,
3690 4756 3756 4811 καὶ

405 4870 578 4925 quem
612 4855 684 4909 ad
717 4854 1254 4911 misericordiamid
1288 4855 1973 4926 quodgerebaturcomm

2187 4874 2260 4915 ως
2318 4852 2491 4907 αὐτῶν
2550 4848 2878 4920 καταϐάντα,
2945 4853 3033 4908 καὶ
3091 4859 3253 4929 χεῖρα
3306 4854 3510 4929 ἀγαθὴν
3569 4848 3755 4925 ὀρέγειν,

400 4945 604 5010 visaet,
645 4960 888 5001 manum
944 4944 1264 5017 benignam
1311 4945 1662 5017 porrexisse,
1706 4951 1763 4999 et
1808 4944 1968 5016 angel

2188 4942 2246 4996 ,αὶ
2276 4941 2401 4997 τοὺς
2442 4941 2704 5017 ἀγγέλους
2743 4940 2887 5016 αὗτῷ
2932 4938 3598 5017 συνεπιλαμϐανομένους,
3622 4934 3756 4992 ἄλλον

405 5034 505 5106 qui
538 5051 654 5090 una
676 5034 961 5089 auxilium
998 5034 1235 5102 ferrent,
1268 5034 1422 5089 viros
1455 5032 1635 5089 alium
1657 5032 1770 5088 alia
1793 5050 1861 5089 ex
1888 5051 1973 5105 pa]

2198 5029 2390 5086 λλοθεν
2447 5030 2764 5107 ἀντέχεσθαι
2835 5037 2951 5088 τοῖν
3023 5032 3242 5108 ἀνδροῖν
3276 5053 3288 5068 ⁸
3359 5032 3451 5087 καὶ
3508 5030 3659 5086 εἰπεῖν
3702 5023 3759 5092 τῷ

404 5125 742 5188 retinuisse,
774 5123 1109 5195 dixisseque
1126 5123 1312 5195 Carpo
1342 5123 1543 5178 Jesum
1565 5127 1831 5195 porrecta
1860 5125 1971 5177 adh

2188 5121 2369 5195 ῐάρπῳ
2415 5121 2507 5176 τὸν
2544 5123 2778 5193 Ἰησοῦν,
2820 5127 2920 5192 τῆς
2967 5124 3156 5198 χειρὸς
3199 5120 3309 5194 ἤδη
3352 5115 3756 5198 προτεταμένης¹

402 5229 620 5269 manu:
651 5234 678 5264 «
711 5213 837 5269 Feri
868 5230 961 5269 me
983 5213 1104 5284 jam
1132 5230 1146 5281 ;
1181 5215 1421 5285 paratus
1438 5228 1571 5267 sum
1603 5211 1756 5266 enim
1788 5228 1970 5266 rursu;

2222 5215 2354 5264 Παῖε
2381 5215 2496 5264 κατ’
2530 5209 2665 5283 ἐμοῦ
2714 5211 2907 5266 λοιπόν
2944 5230 2958 5242 ⁸
3008 5208 3231 5283 ἕτοιμος
3265 5213 3366 5288 γάρ
3403 5211 3513 5285 εἶμι
3543 5207 3623 5263 καὶ
3657 5201 3755 5274 ὑπὲρ

410 5302 624 5359 salutis
654 5301 965 5358 hominum
1001 5318 1201 5370 causa,
1236 5308 1481 5357 mortem
1515 5299 1973 5373 perpelizmihiq

2190 5297 2459 5373 vepu'mwv
2546 5298 2973 5373 ἀνασωζομένων
3047 5301 3258 5370 παθεῖν,
3334 5299 3424 5355 καὶ
3505 5288 3758 5372 προσοιλές

404 5389 515 5446 hoc
545 5396 888 5465 pergratum
923 5394 1033 5462 est,
1060 5391 1201 5446 dum
1226 5391 1322 5447 alii
1356 5391 1624 5446 homines
1644 5406 1758 5444 non
1790 5404 1972 5461 peccei

2186 5407 2257 5441 ιοι
2286 5391 2471 5454 τοῦτο,
2507 5387 2582 5460 μὴ
2616 5385 2800 5442 ἄλλων
2844 5387 3264 5463 ἆμαρνανόντων
3294 5389 3604 5463 ἀνθρώπων.
3635 5378 3754 5465 HW

407 5479 518 5536 Sed
546 5462 694 5550 vide,
729 5496 870 5534 num
903 5478 1008 5534 tibi
1042 5479 1185 5535 utile
1215 5480 1290 5536 sit
1317 5479 1469 5536 hanc
1499 5479 1559 5534 in
1613 5477 1774 5533 hiatu
1813 5480 1869 5533 et
1915 5493 1975 5532 cu

2186 5474 2280 5548 Γρα,
2339 5474 2384 5530 εἶ
2430 5473 2615 5539 καλῶς
2660 5472 2774 5552 ἔχει
2842 5462 2967 5548 σοι,
3015 5477 3115 5548 τήν
3188 5476 3242 5532 ἐν
3292 5474 3369 5551 τῷ
3422 5475 3644 5552 χάσματι
3685 5462 3754 5552 καὶ

407 5567 785 5640 serpentibus
817 5566 1205 5635 mansionem,
1241 5568 1536 5625 mansioni
1568 5584 1701 5624 cum
1733 5571 1844 5622 Deo
1875 5565 1975 5621 ett

2184 5563 2297 5618 ιετά
2342 5567 2449 5619 τῶν
2518 5551 2722 5642 ὄφεων
2764 5564 2936 5637 μονήν
3006 5551 3459 5641 ἀνταλλάξασθαι
3506 5569 3598 5632 τῆς
3646 5551 3752 5633 μιτά

407 5656 605 5730 nignis
625 5655 1055 5727 hominumque
1081 5654 1416 5712 amantibus
1433 5654 1656 5728 angelis
1677 5658 1975 5727 anteponel

2174 5654 2292 5708 Θεοῦ
2321 5651 2412 5706 καὶ
2457 5652 2564 5708 τῶν
2613 5653 2825 5720 ἀγαθῶν
2874 5650 2963 5708 καὶ
3013 5651 3413 5733 φιλανθρώπων
3461 5646 3742 5728 ἆγγίλωνυι
