3972 6214
171 394 261 448 601

1084 396 1275 461 VITA,
1318 394 1654 450 AUCTORE
1689 396 2029 451 SYKEONE
2070 397 2618 450 METAPHRASTE.

3450 388 3557 446 602

172 517 337 574 Ταῦτά
372 514 507 570 ἐστιν
559 511 591 568 ἆ
636 512 742 591 ἐγώ
799 515 1054 585 ἀκηκοὼς
1111 515 1348 571 πιστεύω
1398 515 1579 586 ἀληθῆ
1638 515 1796 575 εἶναι.

1940 519 2045 574 laec
2093 522 2233 574 sunt
2288 534 2414 589 quae
2491 532 2597 588 ego
2664 515 2883 582 audita,
2961 530 3100 570 vera
3165 529 3296 570 esse
3363 517 3557 572 credo.

237 605 382 663 Οὕτω
402 605 466 658 τά
493 603 662 658 πάντα
691 610 866 678 πρᾶος
895 605 962 673 ἧν
987 606 1076 660 καὶ
1133 606 1424 678 συμπαθὴς
1455 605 1546 659 καὶ
1600 604 1802 680 ἀόργη.

173 717 278 764 τος,
305 696 411 766 ὅσῳ
438 699 551 755 τοῖς
586 691 764 768 ἔργοις
796 695 1019 768 ὑψοῦτο,
1051 694 1301 766 τοσούτῳ
1353 698 1433 766 τῷ
1485 697 1798 770 φρονήματι

175 783 569 856 ταπεινούμενος
602 803 614 815 ⁸
649 783 822 838 κανὼν
850 789 966 845 τοῖς
997 788 1124 838 πᾶσι
1155 785 1293 858 πρὸς
1322 783 1518 860 ἀρετήν
1546 803 1558 814 ·
1595 782 1802 858 λύχνος

176 874 242 936 εἷς
271 871 484 947 ὁδηγίαν
533 878 630 927 τοῦ
684 871 1006 949 κρείττονος.
1037 876 1114 927 Δι’
1146 874 1174 927 ὃ
1211 870 1351 946 μηδὲ
1407 874 1509 928 ὑπὸ
1557 876 1648 928 τὸν
1703 873 1801 945 μό-

179 960 276 1016 διον
323 964 350 1016 ὁ
395 967 502 1016 τῶν
556 963 803 1017 ἁπάντων
844 960 1015 1024 αἳτιος
1053 963 1218 1035 μόνος
1266 962 1593 1037 κρύπτεσθαι
1650 984 1804 1017 συνε-

175 1052 406 1127 χώρησεν
441 1071 453 1084 ’
483 1050 611 1107 ἀλλ’
641 1051 722 1128 ἐφ’
754 1049 971 1123 ὑψηλοῦ
1021 1049 1089 1105 δι’
1121 1052 1314 1127 ἀρετῆς
1360 1053 1543 1122 τίθησι
1580 1072 1591 1083 ’
1630 1053 1716 1106 καὶ
1768 1053 1802 1120 ἡ

177 1143 343 1217 φήμη,
373 1139 568 1204 εὐθίως
601 1136 864 1210 λαϐοῦσα,
899 1138 988 1194 διὰ
1016 1141 1231 1196 πάντων
1264 1139 1362 1214 ᾖδε
1406 1142 1720 1213 στομάτων,
1753 1140 1804 1194 ἐν

177 1235 291 1283 πᾶσι
318 1231 531 1284 πάντων
559 1235 774 1304 κρατεῖν
826 1229 1130 1285 Διονύσιον.
1164 1230 1258 1284 Καὶ
1315 1226 1382 1298 δὴ
1431 1229 1568 1302 πρὸς
1615 1234 1806 1284 τοῦτον

176 1321 350 1380 πάντες
379 1318 630 1394 ἐπέρρεον
667 1338 680 1352 ·
715 1319 775 1373 οὐ
805 1320 868 1374 τὸ
900 1316 965 1389 δη
978 1315 1156 1391 μῶδες
1187 1318 1352 1391 μόνον
1383 1319 1475 1372 καὶ
1525 1319 1807 1394 ἀγοραῖον,

175 1407 286 1464 ἀλλ’
315 1409 432 1462 ὅσον
473 1409 694 1463 καὶτῶν
729 1407 1046 1483 ἐλλογίμων
1074 1408 1140 1477 ἦν
1173 1407 1262 1463 καὶ
1310 1406 1584 1482 ἐπιφανῶν
1611 1426 1623 1437 ·
1660 1405 1713 1460 οτί
1749 1429 1810 1474 τε

173 1499 412 1572 πρότερον
441 1499 512 1567 τῇ
544 1497 707 1568 μανίᾳ
729 1495 1190 1570 κατειλημμένοι,
1217 1496 1309 1551 καὶ
1356 1498 1539 1571 θηρῶν
1594 1495 1811 1570 ὠμότε-

176 1608 254 1660 ρον
285 1588 379 1655 τῆν
427 1586 752 1656 Ἐκκλησίαν
803 1588 1216 1661 σπαράττοντες,
1248 1587 1322 1647 ὡς
1362 1586 1453 1640 τὸν
1505 1582 1674 1659 ἄνδρα
1721 1606 1810 1660 γι-

174 1676 389 1747 νόμενοι,
419 1675 642 1744 καὶτῆς
677 1682 991 1747 θαυμαστῆς
1031 1674 1241 1744 ἐκείνης
1285 1674 1376 1729 καὶ
1426 1675 1574 1737 θείας
1625 1671 1812 1748 γλώτ-

176 1785 260 1834 της
298 1764 606 1829 ἀκούοντες,
636 1764 698 1819 τό
739 1785 798 1819 τε
834 1769 941 1818 τῶν
987 1762 1224 1839 καρδιῶν
1273 1761 1512 1840 σκληρὸν
1568 1761 1812 1836 ἐμαλάτ-

177 1875 336 1922 τοντο,
367 1855 566 1925 καὶτῷ
597 1853 846 1925 ἀληθινῷ
892 1854 982 1908 καὶ
1040 1852 1244 1928 πρώτῳ
1303 1855 1443 1930 φωτὶ
1503 1852 1807 1926 προσῄεσαν

183 1939 259 1996 διὰ
283 1947 372 1997 τοῦ
405 1943 780 2016 βαπτίσματος
813 1960 824 1972 ⁸
878 1941 990 2014 ὅσῳ
1049 1940 1217 1996 πλέον
1266 1947 1375 1997 τῶν
1429 1940 1616 1996 ἄλλων
1674 1942 1812 2013 πρὸς

181 2032 346 2085 κακίαν
372 2032 568 2106 πρώην
591 2029 979 2109 ἐφλέγμαινον,
1009 2030 1254 2104 τοσούτῳ
1307 2031 1492 2099 ζὲοντα
1536 2031 1628 2085 τὸν
1673 2036 1814 2104 Χρι-

184 2122 478 2194 στιανισμὸν
507 2118 909 2192 ἐνδεικνύμενοι
945 2139 958 2153 ⁸
994 2120 1082 2174 καὶ
1114 2119 1262 2181 ὅλως
1293 2118 1446 2175 οὐδὶν
1494 2119 1666 2181 οὕτως
1714 2119 1813 2174 ἀνᾶ

182 2209 336 2282 στόμα
353 2215 468 2272 τοῖς
501 2215 687 2278 πᾶσιν,
723 2211 806 2264 ὅτι
843 2211 918 2281 μὴ
953 2207 1236 2270 Διονύσιος
1269 2209 1359 2277 ἧν.
1392 2210 1480 2271 Ὡς
1530 2208 1622 2263 οὖν
1668 2207 1811 2263 οὕτω

177 2303 343 2367 ταῦτα,
374 2299 463 2354 καὶ
517 2301 554 2369 ἡ
588 2302 660 2377 φή
672 2320 748 2371 μη
801 2297 1098 2373 διέτρεχεν,
1130 2301 1164 2366 ἡ
1201 2295 1527 2352 διδασκαλία
1554 2319 1614 2352 τε
1651 2295 1814 2352 ἐπλα-

177 2387 366 2455 τύνετο,
415 2389 507 2444 καὶ
571 2391 607 2457 ἠ
675 2387 854 2449 πίστις
930 2382 1246 2442 ἐϐεϐαιοῦτο
1319 2387 1666 2462 τρανότερον,
1735 2385 1812 2448 εἷς

180 2479 324 2539 ἀκοὰς
377 2477 498 2546 ἥκει
558 2477 622 2532 τὸ
677 2483 908 2551 πρᾶγμα
962 2480 1300 2549 Δομετιανῷ,
1357 2480 1671 2548 Δομετιανῷ
1735 2479 1814 2545 τῷ

180 2567 332 2620 πάντα
373 2564 536 2637 δεινῷ
569 2587 581 2600 ο
617 2570 959 2638 Δαιμονιανῷ
1009 2563 1066 2620 δὶ
1098 2564 1310 2638 μᾶλλον
1341 2563 1507 2619 εἰπεῖν
1559 2559 1816 2619 οἷκειότε’

185 2675 282 2728 ρον,
311 2660 386 2726 τῷ
415 2653 722 2725 λαλήσαντι
755 2655 892 2709 κατᾶ
918 2659 1016 2708 τοῦ
1047 2659 1181 2710 Θεοῦ
1230 2651 1464 2722 ἀδικίαν,
1507 2653 1558 2708 ἐν
1606 2655 1812 2725 ὑπερη-

183 2742 326 2820 φανίᾳ
352 2744 439 2798 καὶ
469 2742 840 2815 ἐξουδενώσει,
870 2743 960 2797 καὶ
1014 2749 1173 2817 χεῖρα
1206 2742 1480 2817 θεομάχον
1523 2743 1658 2796 κατὰ
1714 2749 1813 2811 τῆς

186 2837 275 2886 τῶν
322 2837 665 2909 Χριστιανῶν
718 2830 900 2908 ἄραντι
943 2833 1197 2894 πίστεως.
1247 2834 1420 2892 Οὗτος
1465 2829 1554 2885 οὖν
1604 2830 1656 2884 τί
1707 2852 1814 2903 μη-

184 2928 414 2996 χανᾶται,
450 2921 669 2995 μᾶλλον
703 2919 762 2976 δὲ
787 2921 841 2976 τί
871 2923 1017 2996 παρὰ
1045 2925 1142 2976 τοῦ
1184 2921 1388 2994 πατρὸς
1419 2921 1590 2975 αὐτοῦ
1641 2925 1812 2974 Σατᾶν

186 3008 575 3079 ἐκπαιδεύεται;
607 3009 822 3065 πάντων
875 3013 970 3083 μὲν
1017 3015 1125 3064 τῶν
1182 3011 1298 3064 ὅσοι
1354 3010 1421 3064 τὰ
1477 3014 1812 3084 Χριστιανῶν

185 3103 476 3174 φρονοῦσιν,
545 3097 839 3172 ὑπεριδεῖν,
893 3105 1173 3154 Διονύσιον
1226 3096 1284 3153 δὲ
1345 3100 1510 3171 μόνον
1565 3095 1815 3163 ἐλεῖν,εὖ

182 3185 346 3255 εἰδὼς,
373 3190 469 3260 ὡς,
494 3188 544 3243 εί
573 3192 774 3243 τούτου
805 3189 1156 3263 περιγένηται
1192 3188 1387 3260 μόνου,
1419 3187 1632 3242 πάντων
1666 3185 1815 3241 ἔσται

1842 1898 1888 1962 Β

1981 608 2295 680 Dionysius
2329 607 2524 677 itaque
2546 607 2602 660 in
2637 605 2812 660 rebus
2841 604 3121 659 omnibus
3153 610 3275 659 erat
3292 605 3435 660 adeo
3454 605 3559 659 mi-

1910 701 2009 769 tis,
2044 701 2398 765 misericors,
2432 698 2504 752 ab
2538 699 2626 752 ira
2656 696 2906 766 alienus,
2933 701 2995 751 ut
3042 712 3156 767 quo
3207 695 3378 752 altior
3425 713 3562 751 eva-

1911 790 2086 845 debat
2119 789 2306 856 factis,
2340 805 2406 843 eo
2437 805 2499 842 se
2531 787 2719 858 magis
2748 785 3028 842 modestia
3070 785 3420 852 demitteret,
3471 802 3564 840 re-

1912 879 2050 952 gula
2081 879 2268 933 factus
2301 877 2577 932 omnibus
2609 877 2677 929 ad
2730 877 3050 941 veritatem,
3103 881 3160 929 et
3202 874 3440 928 lucerna
3488 875 3560 929 ad

1913 968 2323 1022 deducendum
2359 967 2429 1020 ad
2463 966 2518 1019 id
2552 965 2707 1035 quod
2738 970 2826 1019 est
2859 963 3094 1019 melius.
3130 963 3415 1028 Quocirca
3457 977 3565 1018 nec

1913 1073 2041 1112 earn
2074 1056 2357 1112 abscondi
2388 1055 2498 1109 sub
2533 1055 2727 1109 modio
2759 1053 2896 1108 sivit
2919 1053 2990 1120 is,
3023 1053 3120 1123 qui
3143 1058 3232 1108 est
3261 1051 3425 1108 solus
3457 1069 3566 1106 au-

1915 1150 2040 1201 ctor
2070 1144 2334 1200 omnium
2365 1160 2377 1198 :
2411 1145 2514 1199 sed
2547 1142 2604 1197 in
2633 1141 2750 1197 alto
2788 1141 2955 1212 ponit
2997 1157 3102 1212 per
3147 1141 3423 1196 virtutem
3453 1157 3467 1194 :
3510 1144 3568 1196 et

1917 1236 2074 1290 fama
2104 1232 2372 1305 protinus
2387 1233 2737 1302 pervadens,
2749 1230 3070 1286 cauebatur
3091 1230 3149 1284 in
3165 1247 3263 1286 ore
3276 1229 3564 1299 omnium,

1917 1324 1976 1378 in
2009 1323 2286 1378 omnibus
2311 1337 2516 1375 omnes
2548 1319 2778 1374 vincere
2821 1318 3188 1389 Dionysium.
3234 1322 3411 1374 Porro
3459 1334 3565 1372 au-

1918 1419 2033 1466 tem
2066 1425 2271 1466 omnes
2285 1410 2355 1464 ad
2378 1425 2510 1464 eum
2535 1407 2928 1471 confluebant,
2957 1423 3071 1460 non
3096 1406 3285 1460 solum
3317 1404 3567 1477 popula-

1920 1517 2010 1555 res
2041 1506 2097 1555 et
2127 1501 2408 1562 forenses,
2442 1497 2540 1551 sed
2565 1497 2663 1565 qui
2696 1501 2861 1550 erant
2882 1494 3094 1550 eruditi
3116 1493 3482 1566 etinsignes:
3513 1495 3571 1548 et

1920 1589 2020 1660 qui
2055 1589 2216 1658 prius
2247 1587 2595 1642 laborabant
2625 1585 2875 1650 insania,
2899 1589 2957 1639 et
2989 1583 3126 1639 feris
3156 1581 3456 1638 crudelius
3485 1582 3569 1638 la-

1919 1678 2194 1733 cerabant
2218 1675 2554 1741 Ecclesiam,
2588 1675 2658 1728 ad
2694 1673 2860 1728 illum
2907 1673 3095 1727 virum
3146 1672 3466 1738 venientes,
3513 1673 3572 1727 et

1919 1765 2326 1821 admirabilem
2353 1764 2512 1818 illam
2545 1769 2604 1818 et
2632 1764 2887 1818 divinam
2925 1761 3188 1835 linguam
3239 1762 3569 1831 audientes,

1921 1856 2113 1910 cordis
2147 1855 2237 1909 sui
2273 1853 2616 1908 molliebant
2647 1852 2953 1921 duritiam,
2987 1857 3041 1907 et
3059 1853 3129 1906 ad
3153 1868 3348 1906 veram
3372 1856 3430 1907 et
3450 1850 3568 1923 pri-

1921 1961 2076 2000 mam
2115 1945 2300 1998 lucem
2334 1943 2692 1998 accedebant
2722 1958 2823 2013 per
2846 1940 3174 2012 baptisma;
3215 1957 3330 2014 quo
3379 1940 3572 2012 magis

1921 2040 2088 2089 erant
2117 2031 2467 2086 inﬂammati
2499 2032 2567 2085 ad
2601 2030 2834 2095 vitium,
2855 2045 2922 2086 eo
2946 2030 3353 2086 ferventiorem
3373 2033 3571 2085 osten-

1923 2124 2127 2177 dentes
2156 2121 2686 2185 cbristianismum,
2719 2124 2775 2173 et
2803 2119 2874 2173 ad
2910 2135 3230 2189 summam,
3265 2118 3414 2175 nihil
3446 2123 3570 2174 tam

1923 2216 2044 2267 erat
2068 2211 2127 2265 in
2159 2226 2258 2266 ore
2286 2209 2574 2276 omnium,
2599 2225 2775 2279 quam
2795 2208 3121 2279 Dionysius.
3144 2207 3435 2278 Cumergo
3449 2205 3572 2262 hinc

1921 2300 2078 2354 fama
2109 2299 2192 2354 sic
2215 2299 2574 2370 pervaderet,
2599 2297 2865 2352 doctrina
2887 2302 3085 2352 autem
3112 2294 3485 2364 dilataretur,
3515 2297 3574 2349 et

1923 2389 2070 2444 ﬁdes
2103 2389 2546 2444 conﬁrmaretur
2575 2387 2926 2453 evidentius,
2978 2402 3072 2441 res
3119 2383 3314 2440 delata
3359 2387 3449 2439 est
3494 2383 3568 2438 ad

1925 2477 2339 2545 Domitianum,
2372 2477 2441 2530 ad
2476 2475 3120 2545 sevissimuminquam
3153 2472 3570 2538 Domitianum,

1922 2567 2009 2622 vel
2045 2571 2109 2621 ut
2140 2566 2328 2637 magis
2348 2564 2801 2637 propriedicam,
2821 2563 3281 2630 Ummonianum,
3307 2562 3408 2634 qui
3429 2577 3573 2616 con-

1923 2661 2013 2710 tra
2045 2656 2230 2710 Deum
2263 2654 2496 2709 locutus
2529 2654 2637 2707 fuit
2670 2653 3041 2723 iniquitatem
3098 2653 3158 2707 in
3205 2650 3479 2723 superbia
3516 2653 3575 2705 et

1923 2746 2380 2816 contemptione,
2414 2750 2470 2800 et
2501 2761 2743 2798 manum
2772 2743 2888 2798 Deo
2920 2743 3220 2799 inimicam
3245 2739 3452 2806 extulit
3472 2740 3575 2796 ad-

1925 2855 2126 2892 versus
2150 2838 2324 2892 ﬁdem
2355 2835 2834 2891 christianorum.
2868 2835 2970 2890 Hic
3002 2851 3140 2906 ergo
3169 2832 3311 2904 quid
3353 2830 3577 2888 machi-

1925 2925 2145 2981 natur?
2173 2925 2259 2980 vel
2291 2925 2486 2996 potius
2518 2924 2656 2995 quid
2693 2924 2937 2978 docetur
2965 2939 2998 2977 a
3022 2929 3185 2994 patre
3199 2920 3578 2977 suoSatana?

1925 3014 2141 3068 Omnes
2172 3013 2410 3084 quidem
2434 3013 2558 3083 qui,
2583 3029 2710 3083 qua:
2735 3011 3041 3067 christiani
3069 3010 3353 3078 sentiunt,
3379 3008 3577 3080 despi-

1925 3121 2052 3159 cere
2084 3122 2098 3172 ;
2134 3103 2474 3174 Dionysium
2509 3108 2706 3158 autem
2741 3101 2933 3157 solum
2982 3101 3052 3156 de
3095 3101 3287 3156 medio
3339 3097 3575 3166 tollere;

1924 3193 2033 3248 hoc
2064 3193 2280 3261 sciens,
2314 3192 2472 3263 quod
2505 3195 2554 3245 si
2606 3207 2738 3246 eum
2791 3191 2986 3246 solum
3036 3190 3260 3253 vicerit,
3300 3188 3579 3245 omnibus

186 3279 433 3348 κρατήσας
466 3297 478 3310 ⁶
515 3277 565 3331 εἴ
595 3275 652 3332 δὲ
683 3281 758 3350 μὴ
789 3277 1008 3345 τούτου,
1043 3283 1374 3349 Δομετιανοῦ
1413 3277 1603 3338 πάντες
1661 3275 1814 3354 στερ-

1940 3283 2100 3337 "uerit
2130 3283 2286 3338 850
2316 3281 2623 3350 superior;
2651 3280 2740 3335 sin
2767 3280 2987 3346 minus,
3011 3295 3213 3334 omnes
3241 3279 3364 3333 fore
3385 3277 3579 3332 Domi-

183 3364 390 3438 ῥὸτεροι.
425 3367 576 3424 Ἐπεὶ
614 3364 670 3421 δὲ
709 3371 877 3421 ταῦτα
907 3365 1128 3437 ἐνενόει,
1157 3367 1184 3421 ὁ
1235 3369 1406 3439 θυμὸς
1451 3365 1611 3421 αὐτὸν
1671 3366 1816 3439 ἐγεί-

181 3471 249 3525 ρει
277 3457 403 3510 κατὰ
424 3460 526 3511 τοῦ
557 3457 850 3530 μάρτυρος,
884 3455 973 3510 καὶ
1023 3460 1198 3526 ζητῶν
1246 3463 1346 3525 τῆς
1401 3456 1596 3528 μανίας
1657 3453 1813 3528 ἴαμα,

177 3547 316 3597 τοῦτο
365 3545 532 3617 μόνον
570 3545 824 3618 εὑρίσκει,
854 3546 946 3599 τὸν
976 3544 1140 3599 αὐτοῦ
1173 3546 1417 3608 θάνατον.
1453 3545 1676 3620 Ἀμέλει
1725 3546 1814 3599 καὶ

179 3631 354 3696 πάντας
397 3634 530 3696 τοὺς
590 3634 690 3688 ὑπὸ
749 3639 911 3709 χεῖρα
967 3633 1310 3708 συναγαγὼν,
1340 3633 1469 3696 τοὺς
1519 3634 1811 3704 ἀπηνεστέ-

180 3739 288 3790 ρους
317 3743 372 3776 τε
399 3725 488 3777 καὶ
527 3722 774 3784 ἐοικότας
806 3722 952 3795 αὐτῷ
983 3724 1084 3790 τὴν
1139 3723 1399 3777 ἀπόνοιαν
1455 3718 1810 3798 παραλαϐὼν,

178 3810 296 3863 κατὰ
325 3813 550 3882 ζήτησιν
599 3810 862 3884 ἐκπέμπει
911 3815 1008 3866 τοῦ
1058 3812 1351 3886 μάρτυρος,
1385 3811 1496 3880 καὶ,
1526 3837 1553 3861 α
1603 3811 1671 3868 Εἴ
1718 3812 1813 3884 μὲν

177 3902 245 3968 τῷ
270 3901 522 3974 ἡμετέρῳ
553 3901 767 3971 τοῦτον,
799 3901 954 3972 φησὶ,
992 3901 1306 3973 μεταθέσθαι
1367 3896 1662 3973 σεϐάσματι
1695 3900 1811 3954 πεί-

180 4005 299 4052 σετε,
326 3991 468 4043 τοῦτ’
521 3988 646 4060 ἐμοὶ
689 3989 752 4043 τὸ
800 3989 1163 4062 ποθούμενον,
1196 3989 1285 4043 καὶ
1335 3984 1598 4050 λαϐόντες
1652 3989 1809 4044 αὐτὸν

179 4078 281 4144 μεθ’
309 4078 534 4134 ἑαυτῶν.
569 4078 930 4153 ἀναπρέψατε
961 4096 974 4109 ⁸
1013 4077 1059 4132 εἰ
1093 4075 1150 4132 δι
1179 4072 1255 4132 ἔτι
1401 4073 1646 4133 δυσσεϐεῖ
1702 4077 1815 4133 ἐπι-

180 4165 336 4234 μένων
368 4166 450 4237 εἴη
486 4166 770 4242 θρησκείᾳ,
803 4166 1029 4222 θάνατον
1063 4165 1228 4221 αὐτοῦ
1251 4166 1621 4243 κατακρίνατε.
1657 4190 1686 4219 ››

235 4382 295 4439 Οἱ
343 4379 416 4452 δὶ,
447 4387 609 4438 τοῦτο
658 4382 804 4456 παρὰ
852 4385 946 4437 τοῦ
990 4387 1318 4458 κρατοῦντος
1368 4382 1707 4454 ἀκούσαντες,
1738 4387 1806 4458 τῇ

173 4490 222 4523 τε
245 4473 466 4545 συνοίκῳ
522 4474 688 4544 μανίᾳ
741 4472 1169 4550 ὑποτυφόμενοι,
1201 4472 1290 4526 καὶ
1352 4470 1671 4548 δραστήριοι
1726 4479 1806 4546 τῷ

174 4561 425 4634 πέμψαντι
459 4559 607 4634 δόξαι
641 4561 1124 4635 φιλοτιμούμενοι,
1152 4560 1265 4616 ἐπεὶ
1296 4564 1394 4631 τήν
1431 4560 1663 4617 Γαλλίαν
1687 4585 1808 4617 κατ-

1927 3371 2082 3427 tiano
2109 3371 2395 3426 fortiores.
2423 3369 2742 3440 Postquam
2771 3373 2965 3423 autem
2987 3368 3110 3422 haec
3134 3371 3327 3422 mente
3357 3365 3580 3437 agitas-

1921 3475 2031 3523 set,
2063 3478 2197 3515 eum
2229 3460 2442 3514 excitat
2475 3460 2558 3513 ira
2581 3460 2860 3512 adversus
2893 3461 3236 3527 martyrem,
3269 3460 3327 3510 et
3359 3453 3576 3510 furoris

1923 3565 2191 3619 quaerens
2211 3548 2728 3614 medicamentum,
2754 3545 2982 3599 nullum
3003 3542 3162 3599 aliud
3179 3542 3423 3607 invenit,
3439 3558 3578 3614 pre-

1923 3647 2011 3692 ter
2041 3639 2169 3708 ejus
2200 3642 2470 3692 mortem.
2503 3634 2645 3689 Cum
2682 3634 2882 3703 itaque
2914 3647 3142 3698 omnes,
3176 3631 3274 3703 qui
3299 3632 3426 3700 ejus
3457 3630 3573 3684 im-

1925 3729 2085 3798 perio
2109 3728 2410 3798 parebant,
2443 3727 2879 3795 congregasset,
2905 3737 3123 3790 eosque
3145 3720 3575 3789 assumpsisset

1922 3817 2017 3886 qui
2051 3820 2216 3870 erant
2245 3815 2294 3868 ei
2329 3813 2587 3868 amentia
2619 3810 2863 3879 similes,
2900 3809 3168 3864 mittitad
3189 3807 3572 3879 quaerendum

1923 3909 2260 3976 martyrem.
2301 3925 2321 3951 ι
2353 3902 2443 3967 Ει,
2477 3901 2525 3956 si
2557 3900 2608 3955 ei
2635 3899 2870 3970 quidem
2899 3897 3110 3970 inquit,
3136 3893 3572 3969 persuaseritis,

1924 3999 1986 4048 ut
2016 3995 2084 4048 ad
2113 3997 2371 4047 nostram
2397 3991 2741 4045 traducatur
2763 3987 3127 4061 religionem,
3151 3986 3261 4042 hoc
3279 3989 3388 4055 est,
3415 3983 3573 4056 quod

1921 4082 2224 4137 desidero:
2259 4095 2512 4150 cumque
2541 4094 2675 4134 eum
2735 4075 3078 4150 acceperitis
3120 4075 3447 4145 vobiscum,
3478 4087 3573 4130 re-

1917 4169 2233 4227 vertimini.
2263 4169 2363 4225 Sin
2398 4173 2593 4224 autem
2622 4167 2817 4223 adhuc
2859 4166 3250 4240 permanserit
3279 4165 3339 4220 in
3391 4162 3574 4235 impia

1917 4260 2213 4330 religione,
2248 4276 2379 4314 eum
2404 4263 2590 4314 morte
2608 4259 3015 4313 condemnata.
3053 4277 3082 4305 »

1990 4385 2076 4440 Illi
2109 4391 2302 4441 autem
2327 4401 2462 4440 cum
2496 4383 2615 4439 haec
2647 4383 2976 4439 audiissent
3007 4382 3081 4436 ab
3112 4375 3572 4453 imperatore,ed

1916 4465 2112 4529 furore
2145 4474 2626 4538 accenderentur,
2659 4471 2757 4544 qui
2789 4471 2848 4526 in
2902 4471 2986 4526 eis
3033 4468 3359 4530 habitabat,
3393 4469 3451 4521 et
3498 4463 3572 4519 ad

1918 4578 2012 4618 res
2037 4563 2325 4634 gerendas
2351 4578 2514 4618 acres
2563 4561 2745 4616 videri
2799 4559 3014 4614 vellent
3047 4557 3099 4613 ei
3148 4555 3248 4628 qui
3306 4553 3573 4618 miserat,

177 4644 376 4720 ἐλαϐον,
410 4651 483 4713 ὥς
536 4671 674 4713 τινες
722 4647 1022 4721 είσπηδῶσι
1073 4652 1234 4726 θῆρες
1271 4669 1282 4682 ⁸
1321 4651 1410 4704 καὶ
1466 4657 1639 4705 πᾶσαν
1688 4649 1811 4705 δια-

1940 4657 2231 4724 )ostquam
2267 4654 2554 4706 venerunt
2586 4649 2642 4703 in
2678 4648 2924 4705 Galliam
2951 4652 3235 4719 tanquam
3270 4645 3400 4700 fers:
3424 4658 3579 4715 qua:-

176 4739 473 4811 ταράξαντες
523 4741 622 4808 τήν
668 4739 1005 4814 περίχωρον,
1043 4738 1429 4817 ὑποφθείρουσι
1475 4739 1602 4802 τοὺς
1653 4739 1809 4794 εὐκο-

179 4823 458 4901 λωτέρους,
481 4830 549 4882 τὰ
577 4830 714 4883 κατὰ
738 4830 830 4883 τὸν
869 4826 1131 4902 μακάριον
1166 4825 1371 4899 διδάξαι
1402 4849 1461 4882 τε
1497 4828 1586 4882 καὶ
1639 4827 1806 4883 εἶπεῖν

179 4915 455 4972 Διονύσιον.
488 4919 575 4978 Ὠς
606 4914 661 4971 δὲ
690 4921 880 4971 τοῦτον
915 4917 966 4970 ἐν
1005 4916 1234 4990 Παρισίᾳ
1261 4921 1328 4989 τῇ
1387 4912 1546 4972 πόλει
1605 4914 1811 4992 διατρί-

179 4996 274 5056 ϐειν
308 5004 588 5074 ἐπύθοντο,
617 5003 770 5060 οὔπω
818 5005 879 5060 τδ
911 5012 1014 5059 πᾶν
1061 5003 1347 5073 ἐπύθοντο,
1378 5007 1467 5060 καὶ
1525 5010 1593 5080 τῇ
1650 5006 1808 5060 πόλει

179 5088 486 5152 ἐφίστανται.
521 5095 653 5152 Εἶτα
693 5095 758 5150 τὰ
789 5095 912 5170 περὶ
962 5100 1069 5150 τῶν
1097 5098 1435 5170 Χριστιανῶν
1495 5095 1807 5172 ἐρευνῶσιν,

180 5181 464 5255 εὑρίσκουσι
523 5189 776 5259 πανταχῇ
834 5186 902 5239 τα
954 5192 1054 5254 τῆς
1113 5185 1344 5247 πίστεως
1394 5186 1812 5260 κατεσπαρμὲνα

183 5266 487 5346 διδάγματα.
524 5275 649 5347 Περί
700 5278 806 5328 τῶν
854 5278 951 5328 τοῦ
1008 5275 1281 5349 μάρτυρος
1329 5274 1623 5332 τεοαστίων
1677 5296 1812 5347 μαν-

184 5360 433 5430 θάνουσιν,
467 5365 540 5423 ὡς
572 5364 696 5424 τοὺς
744 5363 868 5437 περί
925 5385 976 5418 τι
1038 5367 1291 5435 πονήρως
1335 5361 1561 5440 ἔχοντας
1609 5364 1811 5426 πάντας

185 5442 396 5504 ῗάσαιτο.
452 5449 736 5502 Κάντεῦθεν
787 5449 848 5502 τὸ
904 5453 1012 5505 τῶν
1081 5451 1320 5505 ἀπίστων
1398 5451 1545 5524 αὐτῷ
1623 5458 1813 5529 στῖφος

189 5531 484 5611 ἐπιρῥεῦσαν
540 5541 608 5611 τῇ
668 5532 942 5609 θεοσεϐείᾳ
981 5538 1225 5603 συνέθετο
1260 5540 1389 5595 ’καὶ
1444 5542 1520 5605 ὡς
1577 5543 1612 5612 ἡ
1671 5546 1817 5596 πᾶσα

191 5626 442 5695 Γερμανία
468 5625 703 5692 πολλοῖς
730 5629 792 5682 τὸ
824 5627 1054 5701 πρόσθεν
1082 5631 1172 5685 καὶ
1203 5627 1396 5694 δεινοῖς
1429 5629 1812 5705 δεδουλωμὲνη

191 5713 364 5776 πάθεσί
389 5735 448 5771 τε
488 5717 576 5773 καὶ
606 5716 878 5793 πράξεσιν,
912 5715 973 5774 οὗ
1022 5719 1130 5794 μὴν
1162 5717 1308 5776 ἀλλὰ
1352 5720 1440 5777 καὶ
1498 5717 1814 5784 εἷδωλικοῖς

1919 4741 2051 4795 dam
2083 4740 2358 4796 irruunt:
2391 4743 2448 4794 et
2478 4755 2610 4794 cum
2645 4755 2904 4803 omnem,
2940 4753 3065 4808 quae
3089 4735 3243 4791 circa
3273 4733 3389 4788 sita
3427 4734 3576 4797 erat,

1919 4831 2365 4886 conturbassent
2387 4828 2707 4900 regionem,
2732 4844 2898 4882 corru
2912 4829 3122 4896 mpunt
3162 4821 3574 4894 simpliciores,

1919 4925 1985 4974 ut
2016 4920 2292 4974 docerent
2323 4917 2562 4972 ubinam
2617 4917 2819 4970 beatus
2862 4913 3177 4986 Dionysius
3213 4913 3572 4966 versaretur.

1922 5008 2236 5078 Postquam
2269 5011 2464 5061 autem
2500 5005 2813 5059 audierunt
2844 5018 2977 5057 eum
3009 5000 3228 5057 versari
3249 4999 3310 5055 in
3341 4999 3575 5055 civitate

1922 5095 2300 5162 Parisiorum,
2336 5095 2586 5150 necdum
2619 5108 2740 5147 rem
2767 5096 2948 5146 totam
2971 5091 3435 5146 audierantcum
3456 5085 3575 5142 illic

1923 5187 2159 5242 adsunt.
2193 5185 2410 5240 Deinde
2443 5186 2849 5255 percontantes
2883 5181 2954 5236 de
2997 5181 3174 5236 rebus
3225 5176 3577 5234 christiano-

1923 5293 2076 5344 rum,
2100 5274 2408 5331 inveniunt
2441 5270 2574 5326 fidei
2605 5269 2933 5326 doctrinam
2966 5284 3094 5326 esse
3116 5267 3446 5341 dispersam
3473 5280 3578 5338 per

1925 5370 2110 5420 totam
2148 5364 2442 5420 civitatem
2469 5377 2482 5416 :
2515 5361 2585 5416 de
2620 5358 2921 5415 miraculis
2954 5358 3228 5431 martyris
3260 5357 3412 5412 fiunt
3448 5369 3576 5410 cer-

1922 5454 2118 5524 tiores,
2148 5452 2302 5525 quod
2335 5467 2539 5506 omnes
2562 5448 2805 5517 scilicet,
2839 5447 2939 5521 qui
2973 5447 3123 5504 male
3165 5463 3228 5503 se
3269 5445 3574 5510 baberent,

1923 5548 2220 5599 curasset:
2254 5546 2312 5597 et
2342 5540 2472 5596 ideo
2495 5536 2934 5594 incredulorum
2967 5537 3039 5593 ad
3065 5552 3198 5594 eum
3219 5531 3576 5614 conﬂuxisse

1924 5635 2300 5700 catervam,et
2325 5645 2389 5686 se
2417 5626 2764 5700 adjunxisse
2793 5643 2928 5683 vero
2959 5623 3060 5682 Dei
3085 5623 3304 5681 cultui:
3338 5625 3397 5680 et
3415 5617 3575 5692 quod

1927 5720 2122 5779 omnis
2151 5716 2469 5777 Germania
2493 5733 2621 5788 quis
2653 5713 2861 5771 multis
2891 5716 3060 5787 prius
3105 5713 3384 5787 gravibus
3419 5709 3576 5766 vitiis
