3972 6214
401 358 510 416 603

1635 361 1693 413 S.
1731 352 2048 412 DIONYSH
2086 355 2592 414 AREOPAGITJE.

3675 357 3760 411 604

404 482 690 540 servierat
715 483 773 536 et
802 479 994 545 factis,
1027 480 1349 550 quinetiam
1400 480 1665 550 subjecta
1704 483 1830 535 erat
1876 474 2059 533 cultui

2190 475 2504 550 Snoxstpévn
2538 471 2858 550 σεϐάσμασι,
2884 475 2978 530 τὸν
3009 473 3209 530 οἷκεῖον
3263 471 3478 550 αὐχένα,
3522 482 3630 538 ταῖς
3666 488 3764 536 Διο-

408 570 888 635 simulacrorum,
921 568 1134 624 collum
1151 585 1324 624 suum
1339 586 1407 624 ex
1429 569 1520 624 bis
1539 569 1930 635 subtractum,
1953 567 2056 621 do-

411 660 600 715 ctrina
629 657 912 728 Dionysii.
945 657 1251 727 subjunxit
1273 658 1420 729 jugo
1441 657 1678 713 Christi.
1711 656 1853 711 Cum
1887 672 2055 727 ergo-

402 749 545 812 hac,
579 752 636 802 et
677 746 864 800 multa
895 745 1010 801 alia
1033 747 1187 801 facta
1230 764 1380 816 esse,
1433 747 1502 801 ad
1554 762 1757 802 eorum
1803 745 2057 800 venisset

402 837 821 908 cognitionem,
869 840 924 890 et
988 835 1204 892 Christi
1254 852 1486 907 gregem
1543 835 1764 907 augeri,
1813 839 1871 890 et
1918 850 2057 889 suos

395 928 534 982 deos
552 924 844 979 vidissent
866 924 1099 980 habitos
1147 925 1471 996 despectui,
1521 930 1580 980 et
1627 941 1736 980 sua
1786 924 2058 996 mysteria

400 1014 722 1080 contemni,
747 1017 805 1068 et
836 1013 1178 1068 inclinatam
1203 1030 1332 1069 esse
1356 1013 1739 1085 impietatem,
1761 1013 1950 1086 magis
1971 1029 2060 1068 ac-

401 1104 761 1168 cenduntur,
793 1107 849 1158 et
867 1107 1077 1174 rogant
1104 1103 1349 1158 ubinam
1383 1103 1698 1173 habitaret,
1722 1103 1822 1174 qui
1853 1119 2056 1158 eorum

406 1201 533 1249 erat
563 1195 766 1247 auctor
797 1209 809 1246 :
845 1194 902 1247 et
935 1196 1171 1263 repente
1203 1192 1262 1246 in
1281 1192 1513 1247 beatum
1535 1192 1826 1248 irruentes
1844 1191 2058 1264 Diony-

403 1282 583 1351 sium,
607 1297 742 1336 eum
775 1278 951 1335 simul
981 1279 1165 1350 ligant
1185 1297 1319 1336 cum
1340 1281 1414 1336 iis
1437 1281 1534 1351 qui
1562 1298 1696 1336 cum
1715 1281 1844 1352 ipso
1867 1285 2056 1349 erant,

404 1370 466 1426 in
502 1386 598 1425 ore
631 1367 889 1424 divinam
911 1368 1105 1424 adhuc
1128 1369 1437 1425 habentem
1463 1370 1786 1425 doctrinam
1812 1388 1826 1438 ;
1860 1369 2059 1441 praesi-

407 1460 569 1523 dent,
604 1456 827 1511 rabiem
862 1460 919 1510 et
949 1455 1202 1510 furorem
1236 1456 1529 1527 spirantes
1561 1457 1630 1510 ad
1675 1455 2058 1512 examinatio-

403 1562 559 1604 nem.
585 1546 1106 1617 Ingrediaturergo
1140 1545 1228 1599 vir
1262 1561 1581 1616 generosus
1595 1545 1774 1601 simul
1791 1562 1924 1601 cum
1940 1546 2058 1600 Ru-

407 1637 554 1692 stico
589 1640 648 1693 et
678 1634 1041 1704 Eleutherio,
1075 1639 1269 1690 mente
1299 1636 1469 1690 firma
1489 1652 1556 1691 ac
1585 1636 1782 1691 stabili
1804 1635 2058 1691 etlibero

401 1727 622 1791 animo,
667 1725 914 1796 perinde
941 1740 1006 1779 ac
1035 1725 1083 1779 si
1116 1730 1420 1779 vocaretur
1439 1726 1510 1779 ad
1551 1725 1790 1796 festum,
1837 1742 1953 1780 non
1985 1724 2058 1780 ad

2165 564 2346 619 νυσίου
2380 563 2656 642 διδαχαῖς,
2689 565 2898 620 ἐκεῖθεν
2946 563 3293 634 ὑπεξελοῦσα,
3325 569 3404 635 τῷ
3440 569 3531 618 τοῦ
3574 571 3763 640 Χριστοῦ

2168 657 2317 726 ζυγῷ
2371 654 2701 730 ὑπηγάγετο.
2735 655 2824 715 Ὠς
2885 651 2977 708 οὖν
3039 653 3115 714 είς
3166 657 3357 726 γνῶσιν
3417 653 3612 725 αὐτοῖς,
3651 658 3759 712 οὕτω

2165 748 2330 798 ταῦτα
2385 746 2471 798 xui
2531 743 2718 800 πολλά
2773 742 2929 817 ἕτερα
2985 744 3262 820 γεγονέναι
3319 742 3558 816 ἀφίκετο,
3596 748 3680 815 τήν
3723 769 3766 803 τε

2165 839 2263 889 τοῦ
2312 837 2548 910 Χριστοῦ
2590 836 2829 908 ποίμνην
2881 835 3274 908 αὐξανομένην,
3305 835 3394 888 καὶ
3431 834 3552 896 τοὺς
3600 836 3761 893 ἑαυτῶν

2169 922 2324 986 θεοὺς
2373 926 2828 1000 παρεωραμένους
2879 924 3089 999 ἑώρων,
3118 923 3212 984 τάς
3259 942 3317 976 τε
3357 922 3571 984 τελετὰς
3616 947 3765 1000 περιυο

2169 1008 2482 1088 ϐρισμένας,
2524 1017 2613 1069 καὶ
2663 1013 2738 1076 εἰς
2787 1012 2918 1089 γόνυ
2962 1010 3215 1066 κλίνασαν
3260 1011 3359 1080 τήν
3410 1007 3656 1085 ὀπέόειαν,
3700 1013 3766 1070 ἐπὶ

2173 1101 2392 1176 μᾶλλον
2425 1101 2756 1172 ἐκκαίονται,
2787 1102 2874 1156 καὶ
2907 1100 2998 1155 τὸν
3057 1099 3265 1155 τούτων
3309 1097 3484 1155 αἴτιον
3536 1101 3659 1156 ὅπου
3700 1103 3764 1156 xui

2170 1187 2460 1267 διατρίϐων
2487 1188 2595 1264 εἷή,
2625 1191 3014 1254 πυνθάνονται·
3049 1188 3140 1244 καὶ
3175 1189 3266 1244 τὸν
3305 1189 3583 1263 μακάριον,
3612 1191 3764 1267 ἀθρόον

2169 1277 2577 1342 ἐπεισπεσόντες
2610 1303 2622 1315 ·
2657 1280 2751 1335 σὺν
2813 1281 2925 1353 ἅμα
2983 1277 3242 1352 δεσμοῦσι
3297 1284 3417 1340 τοῖς
3466 1281 3572 1352 μετ’
3625 1279 3768 1346 αὐτοῦ,

2166 1371 2267 1438 τήν
2307 1369 2453 1425 θείαν
2483 1369 2581 1425 ἆνᾶ
2631 1370 2808 1443 στόμα
2857 1366 3093 1444 διδαχὴν
3136 1364 3214 1421 ἔτι
3256 1367 3508 1445 φέροντα,
3537 1368 3618 1422 καὶ
3665 1389 3770 1444 προ-

2167 1461 2430 1528 κάθηνται
2479 1455 2758 1522 λυσσῶδές
2798 1479 2850 1512 τι
2905 1457 2997 1512 καὶ
3055 1457 3275 1529 μανικὸν
3310 1455 3398 1511 ἐπὶ
3439 1459 3536 1526 τήν
3585 1457 3772 1530 ἐξέτασιν

2167 1549 2441 1610 πνέοντες.
2477 1545 2709 1604 Εἷ’σεισιν
2737 1544 2828 1601 οὖν
2871 1547 2898 1600 ὁ
2949 1542 3211 1620 γεννάδας
3257 1546 3372 1618 ἅμα
3409 1547 3678 1617 Ῥουστικῷ
3704 1538 3770 1599 καὶ

2169 1634 2520 1709 Ἐλευθερίῳ,
2582 1634 2809 1708 ἀτρόμῳ
2861 1631 3080 1705 διανοίᾳ
3147 1633 3240 1688 καὶ
3309 1632 3776 1710 πεπαῤῥησιασμένῃ

2169 1727 2347 1800 ψυχῇ,
2383 1726 2562 1796 ὥσπερ
2596 1723 2672 1786 εἷς
2705 1724 2926 1798 ἑορτὴν,
2965 1723 3065 1777 οὐκ
3094 1721 3172 1784 εἲς
3234 1723 3422 1796 ἀγῶνα
3465 1720 3778 1795 καλούμενος.

408 1821 725 1871 certamen.
797 1815 1154 1886 Arroganter
1211 1813 1390 1885 igitur
1441 1819 1498 1870 et
1539 1831 1764 1885 aspere,
1815 1819 1879 1869 ut
1928 1830 2060 1869 eum

2190 1813 2268 1867 {ui
2320 1810 2386 1880 δὴ
2438 1811 2674 1887 θρασέως
2728 1811 2872 1866 οὕτω
2917 1811 3008 1866 καὶ
3057 1808 3363 1884 αὐστηρῶς,
3406 1807 3480 1864 ἵν’
3525 1809 3581 1865 ὲκ
3616 1830 3774 1885 προοι-

2224 1900 2235 1914 ,
2374 1898 2444 1914 ...ι
2705 1899 2724 1914 ς
2764 1900 2807 1914 ..
3083 1899 3097 1914 ι
3214 1899 3227 1914 ι
3360 1898 3372 1914 ι
3432 1898 3444 1912 .
3625 1897 3673 1914 ..ε
3741 1897 3761 1914 τ

409 1904 932 1978 perterrefacerent
981 1903 1182 1959 statim
1222 1903 1281 1958 in
1325 1903 1633 1975 principio,
1684 1903 1735 1959 ei
1802 1902 2057 1959 dicunt:

418 2014 446 2050 ι
501 1998 582 2048 Tu
642 2009 726 2060 es,
789 2010 822 2049 o
891 1994 1311 2049 exsecrandum
1379 1998 1578 2064 caput,
1654 1994 1754 2066 qui
1831 1997 2064 2050 nostros

410 2085 555 2140 deos
586 2082 754 2138 nihili
789 2082 953 2148 facis,
983 2088 1039 2137 et
1060 2082 1367 2138 contendis
1401 2084 1551 2140 35‘!
1609 2083 1681 2138 de
1727 2083 1920 2138 medio
1961 2098 2064 2137 no-

419 2178 605 2230 stram
629 2172 833 2227 tollere
863 2170 1206 2242 religionem
1239 2173 1266 2225 ?
1298 2172 1606 2243 Responde
1635 2188 1792 2243 ergo,
1814 2172 1967 2243 quod
1992 2171 2070 2225 sit

422 2267 591 2318 tuum
627 2277 831 2330 genus,
868 2277 992 2332 quas
1018 2265 1073 2316 te
1100 2260 1303 2316 tulerit
1334 2260 1541 2332 patria,
1590 2265 1646 2316 et
1694 2261 1849 2332 quod
1897 2265 2068 2316 tuum

420 2351 710 2410 studium.
746 2372 768 2402 ι
807 2351 910 2407 Ille
940 2357 1160 2416 autem,
1193 2368 1392 2408 amore
1422 2352 1483 2406 in
1533 2351 1832 2408 Christum
1892 2353 1942 2408 ei
1975 2352 2071 2408 ad-

427 2443 602 2497 dente
641 2439 928 2508 animum,
980 2445 1038 2495 et
1083 2439 1326 2496 faciente
1373 2457 1506 2496 eum
1550 2441 2068 2497 confidentiorem:

428 2553 457 2582 «
491 2535 607 2601 Ego
641 2530 904 2601 quidem,
936 2529 1150 2600 inquit,
1182 2547 1215 2584 ο
1233 2547 1354 2596 vos,
1375 2537 1441 2585 ut
1460 2536 1517 2585 et
1539 2546 1725 2602 genus
1748 2539 1800 2584 et
1826 2531 2072 2602 patriam

424 2619 704 2674 omittam
739 2619 797 2673 in
830 2619 1158 2690 prazsentia,
1181 2635 1273 2674 me
1294 2619 1507 2674 Christi
1537 2635 1767 2674 servum
1789 2637 1918 2675 esse
1939 2636 2076 2676 con-

423 2709 617 2776 ﬁteor,
651 2712 708 2762 et
737 2725 870 2763 eum
907 2707 1119 2776 solum,
1152 2715 1210 2762 et
1238 2713 1488 2775 Patrem,
1518 2708 1617 2779 qui
1655 2714 1816 2764 caret
1862 2710 2076 2780 princi-

427 2796 547 2868 pio,
571 2801 628 2851 et
649 2802 1000 2851 coastsrnum
1020 2797 1149 2866 ejus
1171 2796 1296 2851 colo
1317 2797 1620 2867 Spiritum.
1643 2798 1856 2870 Aufugi
1881 2803 2078 2854 autem

424 2901 459 2938 a
491 2889 686 2939 vestro
717 2901 935 2950 errore,
969 2883 1374 2940 validissimus
1399 2885 1480 2955 (in
1513 2902 1639 2941 meo
1661 2886 1818 2941 enim
1851 2886 2081 2942 Christo

425 2973 612 3028 habeo
632 2972 924 3045 fiduciam)
941 2979 1265 3029 vestrorum
1284 2975 1526 3029 deorum
1545 2975 1910 3039 deturbatnr,
1927 2975 1994 3030 ch
2005 2977 2080 3029 ri-

426 3060 867 3131 stianorumque
891 3062 961 3116 ad
994 3062 1268 3117 virtutem
1321 3062 1662 3118 exhortator
1713 3064 2081 3134 promptissi-

429 3150 684 3204 mus.Ad
720 3149 840 3204 haec
871 3149 1119 3220 facite,si
1154 3151 1294 3220 quid
1324 3155 1412 3206 est
1439 3152 1600 3206 vobis
1640 3153 2015 3223 imperatum.
2053 3175 2081 3203 »

425 3237 706 3293 Videntes
737 3243 934 3294 autem
971 3239 1270 3306 malevoli,
1303 3241 1491 3295 sancti
1522 3241 1910 3296 constantiam
1952 3258 2086 3297 cum

423 3328 739 3400 prudentia
754 3329 885 3398 conj
902 3333 1166 3398 unctam,
1182 3329 1328 3384 iram
1348 3334 1582 3385 mutant
1596 3331 1654 3384 in
1667 3331 2087 3405 adulationem,

425 3420 500 3482 et,
533 3437 562 3465 «
593 3415 675 3470 Ne
707 3421 890 3483 tuam,
919 3432 952 3470 o
981 3415 1244 3489 Dionysi,
1264 3418 1500 3486 dicunt,
1523 3418 1800 3474 canitiem
1825 3421 2087 3475 aﬁ‘eceris

427 3503 806 3574 contumelia,
826 3521 979 3576 nequ
1008 3522 1038 3560 e
1053 3506 1262 3562 charos
1291 3506 1524 3562 sodales
1539 3524 1594 3562 m
1608 3509 1716 3563 orti
1740 3509 1960 3563 acerbae
1978 3513 2094 3564 tra-

434 3592 691 3661 dideris;
721 3610 858 3664 pare
903 3599 1056 3649 recte
1107 3595 1585 3665 consulentibus,
1626 3601 1683 3650 et
1724 3597 2092 3668 imperatoris

426 3683 770 3753 potentiam,
804 3699 907 3754 per
940 3700 1046 3738 nos
1078 3687 1135 3739 te
1167 3689 1504 3756 rogantem,
1545 3684 1799 3741 revereri
1849 3701 2095 3756 persua-

430 3771 646 3839 dearis,
677 3788 711 3828 ο
741 3772 914 3828 chare
945 3777 1003 3828 et
1038 3773 1184 3830 bone
1219 3773 1500 3846 Dionysi:
1521 3773 1634 3830 diis
1659 3775 1879 3830 nostris
1910 3776 2092 3831 sacri-

436 3861 611 3916 ficare
633 3862 1046 3930 persuadearis
1076 3866 1135 3918 et
1163 3863 1276 3918 eris
1308 3879 1438 3918 cum
1475 3861 1592 3919 tuis
1624 3863 1856 3935 primus
1887 3879 2089 3919 eorum

437 3949 537 4017 qui
569 3954 708 4002 sunt
739 3950 848 4005 sub
868 3950 1300 4022 imperio.»llle
1318 3957 1515 4008 autem
1541 3967 1554 4006 :
1576 3973 1599 4004 α
1629 3955 1858 4019 Vester,
1880 3952 2092 4023 inquit,

435 4035 532 4090 hic
563 4053 723 4090 error
753 4045 844 4093 est
877 4041 1040 4110 pejor
1072 4041 1284 4110 priore,
1317 4040 1366 4096 si
1408 4042 1628 4111 putetis
1679 4042 1818 4112 fore,
1869 4047 1934 4096 ut
1969 4057 2083 4110 me,

436 4128 538 4178 aut
569 4140 833 4181 meorum
867 4127 1124 4198 aliquem
1157 4130 1476 4186 seducatis.
1511 4130 1628 4186 Hoc
1661 4131 1812 4186 enim
1863 4131 2090 4203 sciatis,

435 4213 592 4284 quod
624 4230 731 4268 nos
766 4232 880 4269 non
913 4216 1184 4288 honores,
1220 4235 1332 4274 non
1366 4219 1891 4285 contumelie,non
1927 4219 2092 4275 blan-

2175 1900 2302 1974 μίου
2336 1898 2490 1962 εὐθὺς
2522 1899 2937 1971 καταπλήξωσι,
2972 1899 3099 1977 φασὶ
3129 1899 3268 1973 πρὸς
3315 1898 3476 1952 αὐτόν
3505 1917 3518 1929 '
3549 1923 3575 1952 α
3623 1897 3687 1952 Σὺ
3723 1897 3774 1952 εἶ-

2173 1989 2219 2045 ὦ
2247 1991 2523 2066 καταράτη
2554 1989 2790 2068 κεφαλὴ,
2825 1990 2853 2044 ὁ
2881 1988 3010 2052 τοὺς
3056 1989 3362 2065 ἡμετέρους
3409 1988 3556 2052 θεοὺς
3598 1987 3645 2041 έν
3688 2008 3773 2058 μη·

2176 2076 2286 2134 δενῖ
2315 2080 2617 2152 τιθέμενος,
2648 2078 2738 2133 καὶ
2767 2079 2866 2148 τὴν
2894 2080 3057 2151 ἡμῶν
3107 2076 3169 2132 ἐκ
3215 2078 3386 2150 μέσου
3420 2083 3632 2145 ποιῆσαι
3673 2086 3775 2151 θρηο

2177 2166 2355 2223 σκείαν
2412 2167 2777 2246 φιλονεικῶνς
2838 2166 3160 2241 Ἀπόκριναι
3215 2166 3334 2232 οὖν,
3383 2165 3447 2221 τὸ
3501 2165 3658 2240 γένος,
3697 2163 3773 2228 τήν

2180 2258 2562 2332 ὲνεγκαμένην,
2593 2259 2656 2312 τὸ
2709 2254 3072 2329 ἐπιτήδευμα.
3109 2279 3136 2310 ››
3169 2256 3227 2308 Ὀ
3279 2252 3360 2328 δὲ,
3395 2252 3779 2330 θαρῥαλεώτερος

2185 2344 2396 2420 μᾶλλον
2445 2350 2526 2418 τῷ
2580 2346 2717 2422 πρὸς
2773 2345 3010 2421 Χριστὸν
3060 2343 3356 2420 γενόμενος
3401 2338 3780 2418 ἔρωτιοιίἙγὼ

2186 2437 2303 2510 μὲν,
2339 2436 2383 2489 ὦ
2433 2436 2617 2502 οὗτος,
2646 2435 2830 2513 φησὶν,
2861 2431 2951 2488 ’ίνα
3007 2433 3074 2488 τὰ
3128 2437 3226 2488 τοῦ
3272 2433 3470 2509 γένους
3520 2429 3578 2486 τό
3622 2451 3677 2505 γε
3716 2431 3784 2480 νῦν

2183 2523 2312 2600 ἕχον
2357 2525 2447 2580 καὶ
2499 2526 2598 2593 τὴν
2649 2521 2886 2598 πατρίδα
2935 2527 3115 2598 παρῶ,
3156 2526 3399 2599 Χριστοῦ
3457 2519 3636 2580 δοῦλος
3683 2517 3783 2572 εἶναι

2186 2612 2476 2689 ὁμολογῶ,
2503 2612 2593 2668 καὶ
2651 2613 2802 2686 μόνῳ
2830 2612 3007 2685 τούτῳ
3035 2616 3112 2683 τῷ
3139 2633 3199 2666 τε
3254 2612 3486 2685 ἀνάρχῳ
3533 2606 3681 2681 Ηατρὶ
3717 2603 3782 2659 καὶ

2185 2707 2264 2774 τῷ
2351 2699 2607 2775 συναϊδίῳ
2686 2701 2849 2756 αὐτοῦ
2921 2699 3165 2777 λατρεύω
3238 2700 3510 2774 Πνεύματι
3538 2719 3549 2731 ·
3595 2697 3784 2770 πέφευγα

2190 2790 2248 2846 δὲ
2277 2791 2367 2846 καὶ
2407 2798 2508 2860 τῆς
2564 2791 2719 2863 ὐμῶν
2757 2789 2971 2860 πλάνης
3002 2807 3017 2823 ο
3045 2787 3125 2862 τῷ
3166 2789 3270 2864 γὰρ
3319 2788 3441 2862 ἐμῷ
3483 2790 3673 2862 Χριστῷ
3712 2784 3780 2835 πέ-

2189 2883 2377 2953 ποιθα,
2435 2881 2760 2955 καθαιρέτης
2839 2877 3215 2956 στερρότατος,
3268 2876 3533 2948 ἀλείπτης
3586 2878 3783 2949 Χριστια·

2190 2975 2306 3033 νοῖς
2355 2967 2494 3042 πρός
2553 2969 2748 3044 ἀρετὴν
2825 2966 3201 3040 ἑτοιμότατος.
3261 2967 3411 3040 Πρὸς
3462 2969 3616 3020 ταῦτα
3666 2960 3782 3016 εἴτι

2191 3059 2660 3135 προστεταγμένον
2697 3058 2850 3130 ὑμῖν,
2880 3057 3164 3133 πράσσετε.
3197 3080 3226 3108 ))
3258 3057 3370 3112 Καὶ
3423 3057 3518 3124 τὴν
3541 3057 3630 3108 τοῦ
3665 3051 3784 3125 ἁγίου

2197 3148 2415 3223 γνόντες
2467 3148 2518 3200 οἱ
2578 3144 2859 3220 δυσμενεῖς
2921 3146 3056 3219 μετὰ
3112 3144 3379 3207 συνέσεως
3435 3140 3675 3212 ἔνστασιν,
3717 3138 3785 3192 τὸν

2201 3239 2370 3311 θυμὸν
2404 3237 2479 3299 είς
2511 3235 2743 3300 θωπείαν
2777 3231 3090 3308 ἀμείϐουσι,
3119 3235 3230 3302 καὶ,
3265 3260 3293 3288 ι(
3329 3236 3427 3304 Μὴ
3457 3235 3548 3302 τὴν
3574 3232 3660 3300 σήν
3685 3225 3789 3283 ἔντι-

2205 3350 2304 3403 μον
2337 3326 2536 3384 πολιὰν
2571 3328 2876 3401 ἀτιμώσῃς,
2912 3326 3062 3405 φασὶ,
3096 3325 3364 3398 Διονύσιε,
3397 3322 3533 3400 μηδὲ
3557 3321 3684 3378 τέλει
3715 3317 3788 3384 τήν

2201 3417 2369 3497 φίλην
2401 3417 2636 3492 ἑταιρίαν
2669 3421 2851 3491 πικρῷ
2893 3413 3151 3491 παραδῷς
3182 3435 3195 3448 ·
3227 3414 3483 3485 πείσθητι
3527 3412 3588 3468 τὸ.
3624 3407 3790 3486 χρηστά

2203 3501 2662 3581 συμϐουλεύουσι,
2695 3506 2784 3561 xui
2811 3506 2875 3560 τὸ
2907 3509 3003 3560 τοῦ
3039 3504 3305 3580 βασιλέως
3340 3505 3539 3580 κράτος
3587 3500 3647 3556 δι’
3670 3500 3789 3570 ἡμῶν

2204 3595 2440 3650 ἱκετεῦόν
2475 3616 2532 3650 σε
2563 3591 2920 3665 δοσωπήθητι
2955 3615 2969 3628 ο
3003 3594 3278 3664 πείσθητι,
3311 3592 3441 3672 φίλε
3470 3589 3658 3667 χρηστὶ
3696 3595 3787 3672 Διοέ

2201 3685 2369 3752 νύσιε,
2425 3690 2543 3746 τοῖς
2603 3685 2897 3758 ἡμετέροις
2956 3685 3109 3738 θῦσαι
3181 3684 3351 3755 θεοῖς,
3409 3682 3679 3750 πείσθητι·
3725 3670 3790 3727 καὶ

2200 3779 2418 3848 πρῶτος
2475 3777 2581 3828 τῶν
2641 3773 2744 3828 ὑπὸ
2769 3774 2869 3842 τὴν
2906 3770 3185 3848 βασιλείαν
3211 3771 3306 3847 ἔσῃ
3341 3771 3476 3844 μετᾶ
3500 3775 3602 3824 τῶν
3643 3769 3745 3820 σῶν.
3770 3782 3790 3808 ι)

2201 3864 2257 3916 Ὁ
2289 3860 2367 3931 δὲ,
2387 3887 2414 3914 ‹‹
2448 3861 2820 3932 Πεπλάνησθε,
2845 3862 2998 3940 φησὶ,
3032 3868 3129 3931 τῆς
3157 3861 3429 3937 προτέρας
3455 3859 3653 3924 πλάνην
3677 3853 3726 3908 οὐ

2201 3953 2448 4028 γείρονα,
2483 3951 2529 4006 εἰ
2563 3950 2659 4024 ἐμὲ
2691 3949 2946 4020 συλήσειν
2978 3948 3014 4019 ἤ
3045 3971 3169 4006 τινα
3196 3954 3304 4004 τῶν
3355 3949 3499 4023 ἐμῶν
3543 3946 3671 4005 ὅλως
3707 3939 3792 4028 (Mf

2203 4042 2333 4111 θητε
2365 4059 2378 4073 ο
2409 4042 2558 4112 ἡμᾶς
2607 4043 2730 4113 γὰρ,
2761 4038 2819 4094 εὖ
2864 4037 2998 4109 ἴστε,
3034 4039 3094 4094 οὐ
3143 4040 3324 4112 τιμαὶ,
3369 4039 3468 4094 οὐκ
3509 4032 3717 4108 ἀτιμίαι,
3750 4026 3794 4082 οὗ

2204 4134 2456 4199 θωπεῖαι,
2481 4127 2543 4182 οὐ
2579 4129 2826 4204 βάσανοι,
2861 4127 2964 4183 οὐκ
2992 4127 3135 4184 ἄλλο
3167 4149 3218 4182 τι
3248 4131 3358 4183 τῶν
3408 4126 3644 4181 ἁπάντων
3681 4114 3795 4174 οὖδὶν

2206 4216 2435 4292 χωρίσει
2467 4221 2733 4292 Χριστοῦ.
2769 4240 2798 4268 ››

427 4301 608 4372 ditias,
633 4319 747 4358 non
779 4308 1093 4369 tormenta,
1128 4323 1312 4377 neque
1338 4306 1565 4378 aliquid
1615 4307 1772 4362 aliud
1806 4307 2046 4364 omnino
2075 4307 2373 4381 separabit
2406 4325 2439 4362 a
2475 4306 2725 4363 Christo.
2757 4329 2785 4358 »

517 4393 799 4464 Deinceps
837 4410 976 4466 ergo
1007 4411 1139 4450 cum
1173 4413 1287 4450 non
1320 4401 1563 4468 possent
1595 4398 1966 4468 persuadere,
1990 4398 2089 4452 de-

2272 4398 2568 4466 Ἐντεῦθεν,
2602 4394 2719 4450 ἐπεὶ
2785 4396 2861 4470 μὴ
2921 4396 3029 4450 οἷοί
3084 4415 3143 4450 τε
3197 4395 3398 4451 πείθειν
3447 4392 3732 4468 ἐτύγχανον,
3754 4384 3797 4438 τὸ

428 4483 624 4554 posita
660 4499 911 4554 persona
940 4490 997 4538 et
1029 4484 1426 4554 simulatione,
1458 4503 1591 4541 cum
1613 4485 1698 4541 ira
1718 4487 1904 4558 magis
1919 4486 2069 4542 effer-

2208 4490 2562 4559 προσωπεῖον
2620 4483 2710 4539 καὶ
2765 4483 3208 4560 τήν-ὑπόκρισιν
3267 4483 3607 4555 ἀποθέμενοι,
3648 4480 3714 4547 τῷ
3758 4491 3799 4524 τι

427 4569 720 4636 buissent,
751 4576 808 4626 et
842 4587 871 4625 e
909 4571 1188 4627 cathedra
1217 4573 1460 4641 furiose,
1494 4579 1550 4628 et
1582 4579 1774 4629 mente
1806 4575 2098 4646 quodam-

426 4659 605 4714 modo
660 4667 853 4715 emota
884 4661 1319 4718 surrexissent:
1359 4683 1381 4714 ι
1413 4664 1460 4718 Α
1489 4662 1677 4723 vobis.
1729 4679 1760 4718 ο
1810 4669 2099 4719 amentes;

421 4749 700 4818 Dionysio
767 4749 992 4819 dicunt,
1025 4755 1082 4806 et
1111 4751 1183 4806 iis
1214 4752 1312 4823 qui
1337 4769 1470 4808 cum
1495 4753 1622 4824 ipso
1641 4757 1826 4822 erant,
1853 4753 1932 4808 dii
1963 4769 2100 4809 con-

427 4842 806 4908 temnuntur,
856 4844 912 4894 ct
942 4840 1261 4912 imperator
1289 4841 1604 4898 irridetur:
1638 4853 1687 4897 el
1735 4843 1956 4899 artibus
1979 4860 2100 4898 ma-

427 4927 595 5000 gicis,
636 4927 880 5001 perinde
919 4946 986 4984 ac
1033 4929 1359 4999 miraculis,
1401 4948 1498 4987 eos
1550 4932 1650 5003 qui
1711 4933 1839 5003 ejus
1894 4936 2101 5005 parent

423 5015 696 5087 imperio,
735 5017 806 5071 ab
842 5033 910 5071 eo
937 5018 1254 5085 abducitis,
1288 5025 1343 5075 et
1372 5021 1444 5075 ad
1479 5027 1707 5076 vestras
1737 5026 1932 5092 partes
1973 5028 2096 5076 tra-

425 5105 640 5160 ducitis
673 5105 700 5159 ?
725 5130 747 5157 ι
773 5107 1211 5176 Sanctiautem,
1231 5109 1784 5178 «Simileseisﬁant,
1807 5111 1903 5180 qui
1935 5111 2097 5180 ipsos

420 5193 642 5259 colunt,
662 5217 682 5245 ι
705 5195 790 5249 eis
808 5211 925 5249 una
945 5211 1081 5250 voce
1095 5197 1294 5251 dixeru
1308 5201 1369 5251 nt
1390 5217 1403 5266 ;
1431 5221 1451 5247 α
1471 5214 1580 5252 nos
1599 5203 1794 5253 autem
1824 5215 1938 5253 non
1975 5215 2097 5254 ma-

421 5282 570 5354 gicis
610 5283 861 5350 artibus,
900 5289 962 5338 ut
993 5285 1212 5352 dicitis,
1240 5285 1342 5341 sed
1392 5285 1491 5340 Dei
1544 5286 1729 5341 nostri
1778 5291 1835 5341 et
1881 5286 2095 5342 viviﬁci

427 5372 556 5442 ejus
588 5372 847 5443 Spiritus
875 5371 1240 5430 invocatione
1279 5379 1335 5431 et
1381 5375 1740 5448 operatione,
1775 5376 1944 5432 caacis
2004 5376 2092 5430 vi-

428 5476 585 5529 sum,
619 5461 801 5517 mutis
829 5479 1190 5533 sermonem,
1225 5463 1453 5520 claudis
1485 5466 1844 5538 ingressum,
1877 5471 1936 5521 et
1983 5466 2092 5520 dae-

435 5549 721 5607 moniacis
751 5551 1082 5624 praabemus
1129 5553 1512 5610 curationem.
1560 5558 1821 5619 Quorum
1873 5572 1945 5611 ne
1979 5553 2093 5611 sibi

2213 4579 2371 4647 θυμῷ
2419 4571 2588 4629 πλέον
2643 4574 2906 4642 ζέσαντες,
2929 4574 3022 4628 καὶ
3070 4577 3170 4637 τῆς
3213 4569 3477 4646 καθὲδρας
3526 4564 3718 4644 μανικόν

2208 4665 2299 4718 καὶ
2355 4664 2859 4739 παρακεκινημένον
2909 4661 3279 4732 ἐξαναστάντες
3312 4680 3325 4694 ⁸
3361 4685 3389 4714 ι(
3441 4660 3567 4734 Ηαρ’
3598 4657 3741 4729 ὑμῶν,
3765 4645 3796 4699 ὦ

2209 4753 2454 4823 ἀνόητοι,
2485 4750 2752 4825 Διονυσίῳ
2811 4752 2937 4826 φασὶ
2992 4751 3081 4806 καὶ
3128 4756 3245 4812 τοῖς
3299 4750 3435 4823 μετὰ
3475 4748 3648 4816 αὐτοῦ,
3676 4742 3727 4796 τά
3757 4755 3797 4790 τε

2204 4846 2315 4897 τῶν
2340 4843 2474 4896 θεῶν
2507 4841 2821 4915 ἀτιμοῦται,
2853 4839 2943 4896 xui
2971 4841 3040 4896 τὰ
3065 4838 3162 4895 τού
3193 4838 3585 4914 αὐτοκράτορος
3639 4848 3797 4906 μυκτη-

2208 4930 2437 5005 ρίζεται,
2470 4932 2560 4985 καὶ
2591 4936 2848 5006 μαγικαῖς
2881 4929 3144 4993 ἐπινοίαις
3188 4926 3347 4999 δῆθεν
3397 4928 3472 4990 ὡς
3522 4934 3799 5006 θαυματουρς

2207 5021 2355 5095 γίαις
2391 5021 2544 5093 ὑμεῖς
2573 5019 2702 5082 τοὺς
2739 5020 2842 5075 ὑπὸ
2865 5020 2966 5088 τὴν
2996 5019 3202 5074 τούτων
3234 5019 3413 5094 ἀρχὴν
3449 5011 3719 5072 ὑποσυλᾶτε
3736 5001 3799 5058 xli

2211 5093 2620 5187 σφετερίζεσθε;
2657 5134 2684 5162 ››
2719 5110 2786 5167 Οἱ
2820 5108 2878 5164 δὲ
2908 5111 3075 5185 ἅγιοι,
3104 5135 3124 5159 ι
3155 5093 3378 5181 Ὅμοιοι
3412 5105 3588 5165 αὐτοῖς
3615 5099 3798 5191 γένοιῖτο

2210 5200 2266 5252 οἱ
2322 5199 2628 5271 τιμῶντεςί
2666 5222 2694 5251 ››
2730 5203 2830 5270 μιᾷ
2885 5197 3022 5272 πρὸς
3075 5196 3272 5259 αὐτοὺς
3321 5191 3522 5272 ἔφησαν
3551 5195 3614 5264 τῇ
3641 5205 3760 5265 φωνῐι
3787 5195 3800 5212 ⁶

2205 5290 2434 5358 «ἡμεῖς
2496 5282 2554 5340 δὲ
2615 5285 2676 5340 οὐ
2739 5292 2992 5362 μαγικαῖς
3042 5285 3333 5354 ἐπινοίαις,
3362 5284 3439 5346 ὡς
3495 5279 3637 5337 αὐτοί
3685 5289 3796 5362 φατέ,

2203 5373 2348 5431 ἀλλὰ
2377 5379 2444 5448 τῇ
2477 5379 2577 5430 τοῦ
2609 5379 2742 5430 Θεοῦ
2776 5361 2937 5447 ἡμῶν
2974 5375 3064 5429 καὶ
3093 5378 3162 5448 τῇ
3219 5378 3315 5429 τοῦ
3371 5372 3632 5441 ζωοποιοῦ
3671 5361 3796 5418 αὐτοῦ

2201 5447 2508 5536 Πνεύματος
2560 5463 2847 5534 ἐπικλήσει
2904 5463 2994 5518 xui
3044 5447 3286 5541 ἐνεργείᾳ
3336 5460 3557 5538 τυφλοῖς
3606 5456 3660 5541 te
3698 5447 3794 5528 βλέ’

2200 5571 2343 5623 πειν,
2373 5557 2582 5630 κωφοῖς
2611 5552 2674 5607 τὸ
2705 5549 2922 5622 λαλεῖν,
2958 5552 3110 5629 βάσιν
3133 5539 3199 5607 τε
3243 5548 3475 5627 χωλοῖς,
3505 5546 3588 5604 καὶ
3640 5539 3794 5610 δαιμο-

501 5672 570 5745 (¹’)
597 5675 710 5732 Aut
742 5675 1059 5749 legendum
1089 5674 1314 5752 χείρονα
1347 5677 1474 5735 sine
1503 5676 1588 5748 οὐ,
1621 5697 1756 5738 cum
1789 5679 2069 5754 interpret

2190 5682 2257 5737 ut
2291 5677 2671 5737 scribendum
2703 5676 2767 5733 ού
2795 5674 3099 5755 κρεῖττονα.
3135 5679 3293 5736 Emr.
3327 5677 3494 5736 Pars.
