3972 6214
183 415 282 470 θόὗ

1112 411 1304 477 νιτΑ,
1347 409 1682 466 AUCTORE
1717 410 2036 466 SIMEONE
2075 413 2630 469 marspnaas'rs.

3467 414 3576 469 606

181 540 300 589 νῶσι
342 533 678 606 προσέχομεν
731 525 898 584 ίάσιν⁸
962 525 1039 584 ὧν
1097 525 1222 584 οὐδὲ
1279 530 1489 590 ἑαυτοῖς
1545 527 1699 584 οὐδὲν
1756 529 1809 584 οἱ

1956 532 2162 602 ςυίᾶθω
2186 533 2628 605 possuntvestri
2652 533 2731 588 dii
2755 533 3079 606 quidquam
3104 535 3451 606 prabere,ut
3472 536 3573 607 qui

183 624 414 698 ὑμέτεροι
472 620 606 686 θεοῖ,
641 621 731 674 ἅτε
762 617 895 688 ξύλα
923 619 1013 673 καὶ
1047 617 1216 687 λίθοι,
1252 615 1436 672 δοῦναι
1472 615 1809 689 δεδύνηνταυ

183 710 354 782 Στόμα
407 710 508 783 γὰρ
565 703 789 783 ἔχουσι,
847 708 936 761 καὶ
989 707 1051 761 ού
1109 705 1413 762 λαλοῦσιν’
1471 707 1810 785 ὀφθαλμοὺς,

179 801 255 855 καὶ
329 797 388 853 ού
463 797 794 872 βλέπουσιν·
856 798 997 867 ὦτα,
1052 798 1139 851 καὶ
1197 795 1296 850 οὐκ
1348 797 1654 852 ἀκούουσιν.
1717 798 1810 850 Ἐν

179 894 321 944 τοῦτο
372 888 534 959 μόνον
569 887 694 959 ὑμῖν
739 885 1034 961 ἐνεργοῦσι,
1061 886 1122 940 τὸ
1153 885 1516 956 ἀτελεύτητον
1547 890 1653 961 πῦρ
1686 885 1811 940 ἀνα-

181 977 472 1056 φλὲγουσιν.
509 975 794 1036 »Τούτοις
823 975 1088 1030 ἀντειπεῖν
1141 975 1206 1029 οὐ
1238 972 1548 1044 δυνηθέντες
1605 975 1657 1027 οἱ
1713 973 1810 1028 τύ-

181 1087 357 1142 ραννοι,
391 1063 558 1141 δριμύ
589 1086 640 1119 τι
672 1065 760 1118 καὶ
793 1065 1105 1142 παράφορον
1160 1062 1235 1124 εἷς
1266 1062 1462 1126 αὐτοὺς
1506 1059 1809 1130 ὑπιδόντες,

179 1157 255 1210 καὶ
277 1155 338 1209 τὰ
386 1153 510 1230 ξίφη
546 1151 901 1226 σπασάμενοι,
952 1153 1088 1228 πρὸς
1133 1152 1225 1207 τὸν
1255 1151 1418 1230 φόνον
1467 1149 1808 1220 ὁπλίζονταιο

178 1245 257 1300 καὶ
311 1241 375 1312 δὴ
433 1243 508 1306 ὡς
560 1242 666 1296 ἀπὸ
721 1242 956 1315 σημείου
1013 1240 1242 1305 τούτους
1301 1240 1649 1316 ἐξαγαγόντες
1709 1246 1808 1310 τῆς

178 1331 395 1400 πόλεως,
455 1330 544 1386 ὶπί
604 1352 725 1386 τινα
782 1331 1023 1410 κορυφήν
1076 1327 1358 1403 δεσμώτας
1388 1329 1666 1405 ἀνάγουσι,
1719 1329 1804 1383 καὶ

176 1426 276 1482 τοῖς
320 1417 544 1492 δημίοις
574 1420 637 1474 τὰ
692 1420 826 1494 πρὸς
883 1420 1092 1495 σφαγὴν
1143 1418 1534 1495 ἐγχειρίζουσι.
1599 1417 1808 1488 Μεταξὺ

179 1507 228 1564 δὲ
272 1511 453 1584 καιρὸν
535 1507 586 1563 ο“’ί
661 1506 809 1583 ἅγιοι
869 1508 1078 1563 αἰτοῦσι
1137 1514 1478 1584 προσευχῆς,
1533 1508 1620 1561 καὶ
1680 1507 1810 1582 γόνυ

176 1597 458 1654 κλίνουσιν.
521 1599 606 1652 Ἐν
663 1595 909 1669 τοσούτῳ
967 1595 1024 1652 δὲ
1084 1598 1111 1650 6
1169 1596 1494 1672 ἱερομάρτυς
1526 1596 1622 1650 τοῦ
1675 1596 1811 1671 Χρι-

176 1692 288 1742 στοῦ
349 1686 666 1755 Διονύσιος,
722 1687 785 1740 τὸ
837 1682 996 1758 ὄμμα
1055 1686 1130 1747 εἷς
1189 1684 1452 1755 οὐρανοὺς
1510 1685 1807 1746 ἀνατείναςο

178 1799 202 1826 ‹‹
232 1775 460 1830 Δέσποτα
519 1775 616 1829 Θεὲ
668 1774 1064 1850 παντόκρατορ,
1111 1774 1238 1844 Υἱὲ,
1294 1774 1448 1851 φησὶ,
1503 1773 1808 1848 μονογενὲς,

177 1865 252 1918 καὶ
284 1866 430 1939 ἅγιον
464 1868 704 1935 Πνεῦμα,
735 1863 905 1939 Τριάς
961 1863 1087 1938 ἁγία
1141 1859 1345 1937 ἅναρχε
1392 1863 1482 1916 καὶ
1531 1863 1808 1936 ἂμὲριστε,

178 1949 438 2026 πρόσδεξαι
495 1952 593 2014 τὰς
651 1956 760 2006 τῶν
806 1956 914 2006 σῶν
969 1949 1183 2005 δούλων
1241 1949 1292 2005 ἐν
1356 1950 1546 2027 εἰρήνῃ
1607 1951 1810 2026 ψυχὰς,

180 2039 250 2094 ὅτι
299 2038 450 2094 ἓνεκά
508 2061 607 2094 σου
667 2039 1060 2112 θανατούμεθα.
1127 2064 1153 2089 ››
1214 2040 1312 2095 Καὶ
1372 2044 1480 2094 τῶν
1541 2039 1709 2114 ἁγίων
1748 2041 1810 2095 τὸ

179 2153 203 2180 «
229 2132 398 2203 Ἀμὴν
432 2152 457 2182 ι
483 2128 970 2206 ἐπιφωνησάντων,
995 2128 1133 2203 πρὸς
1154 2127 1282 2192 τοὺς
1305 2126 1536 2200 δημίους
1561 2127 1813 2203 ἐπιστρα-

176 2218 296 2294 φεὶς,
330 2243 355 2268 ‹‹
387 2219 462 2276 Τὸ
521 2217 806 2273 κελευσθὲν
858 2219 984 2290 ὑμῖν
1042 2216 1329 2287 ἐκτελεῖτε,
1362 2241 1390 2268 ››
1434 2217 1618 2296 φησίν.
1653 2219 1719 2275 Οἱ
1752 2215 1809 2272 δὲ

174 2307 340 2378 πρῶτα
387 2307 483 2380 μὲν
532 2309 633 2376 τήν
674 2311 772 2361 τοῦ
819 2306 1086 2380 μακαρίου
1131 2304 1434 2377 Διονυσίου,
1491 2308 1605 2360 εἶτα
1652 2308 1809 2362 Ῥου-

173 2399 336 2449 στικοῦ
384 2395 472 2449 καὶ
527 2394 873 2470 Ἐλευθερίου
932 2395 1251 2467 ἰκτὲμνουσι
1309 2392 1594 2472 κεφαλήν.
1651 2392 1808 2472 Ἀλλξ

172 2481 282 2538 οὐδὲ
335 2485 513 2557 τούτῳ
573 2488 689 2554 σοῦ,
737 2483 1005 2551 Διονύσιε,
1064 2485 1092 2537 6
1153 2481 1241 2538 διὰ
1272 2483 1330 2538 σὲ
1369 2483 1556 2539 παθὼν
1609 2488 1706 2539 τοῦ
1737 2463 1807 2539 δι’

173 2572 308 2626 αὐτὸν
340 2576 670 2644 θνήσκοντος
701 2572 1082 2643 ἐπιλὲλησται’
1117 2571 1262 2628 ἀλλά
1299 2594 1350 2627 τι
1399 2572 1489 2626 καὶ
1535 2573 1658 2648 περὶ
1704 2574 1804 2642 τὴν

171 2659 386 2734 ἰκτομην
439 2663 722 2738 τεράστιον
783 2659 1167 2718 ἐπιδείκνυται.
1224 2662 1322 2716 Καὶ
1382 2662 1482 2738 γὰρ
1539 2663 1637 2730 τήν
1683 2663 1805 2716 ἒαυ-

168 2754 250 2803 τοῦ
301 2749 569 2825 κεφαλήν,
627 2748 809 2824 ὥσπερ
868 2771 924 2805 τι
986 2745 1264 2824 βραϐεῖον,
1324 2749 1375 2804 ἐν
1407 2755 1524 2804 ταῖν
1559 2756 1746 2827 χεροῖν
1778 2751 1805 2804 6

175 2839 353 2912 μάρτυς
411 2837 720 2912 δεξάμενος,
780 2838 860 2916 ὕφ’
917 2840 1097 2894 ἱκανὸν
1155 2840 1323 2894 τόπον
1386 2836 1598 2894 δίεισιν.
1635 2843 1805 2914 Ἔφε-

173 2946 243 3000 ρεν
287 2927 372 2982 οῦν
423 2931 526 2997 τὴν
583 2926 853 3006 κεφαλὴν,
910 2930 1150 3003 καθάπερ
1182 2950 1232 2983 τι
1263 2928 1548 3003 τρόπαιον,
1583 2928 1806 2984 ἐπὶτῶν

173 3021 350 3092 χειρῶν
388 3017 571 3090 αὐτὸς,
626 3017 729 3072 ὑπὸ
763 3017 908 3079 θείας
952 3017 1166 3079 πάντως
1193 3018 1491 3096 φερόμενος
1551 3020 1802 3094 χάριτος,

172 3107 246 3160 καὶ
301 3105 358 3161 ού
389 3107 656 3182 πρότερον
699 3106 886 3177 ἀνῆκε,
945 3106 1072 3184 πρίν
1132 3106 1221 3162 ὅτε
1278 3105 1345 3176 δὴ
1400 3109 1610 3185 γυναικὶ
1667 3109 1806 3162 κατᾶ

172 3193 296 3247 θείαν
367 3198 588 3258 πάντως
654 3197 993 3271 συνενεχθεὶς
1050 3197 1310 3272 πρόνοιαν
1369 3197 1576 3268 ἐκείνης
1634 3195 1804 3252 παλά-

172 3302 298 3353 μαις,
373 3287 462 3341 οἴά
534 3306 655 3340 τινα
727 3287 1020 3361 θησαυρὸν,
1079 3285 1382 3350 ἐναπέθετο.
1437 3290 1685 3344 Ἕκειντο
1745 3274 1875 3341 8ὲο

171 3369 492 3445 ἀμελούμενα
548 3373 617 3428 τὰ
671 3378 777 3427 τῶν
839 3373 1004 3448 ἁγίων
1067 3375 1354 3451 μαρτύρων
1385 3375 1544 3446 τίμια
1576 3377 1802 3446 σώματα

174 3461 311 3532 θηρσὶ
358 3463 493 3538 βορὰ
549 3463 637 3516 καὶ
687 3462 900 3539 ὀρνέοις
957 3464 1312 3538 προκείμενα,
1359 3463 1502 3538 μηδὲ
1530 3471 1630 3534 τῆς
1661 3486 1804 3520 νενο-

175 3551 414 3621 μισμὲνης
442 3549 692 3628 λαχόντα
721 3559 916 3630 ταφῆς.

229 3638 287 3694 Οἱ
339 3644 521 3712 μίντοι
586 3638 779 3713 δήμιοι
839 3637 966 3696 οὐδὲ
1027 3639 1191 3716 μέχρι
1250 3641 1448 3696 τούτου
1496 3649 1596 3712 τῆς
1636 3643 1807 3718 ὀργῆς

173 3722 389 3795 ἔστησαν·
432 3728 702 3784 ἀλλὰκαὶ
758 3735 878 3791 τοῖς
940 3727 1222 3802 λειψάνοις
1281 3730 1465 3792 αὐτοῖς
1497 3729 1807 3803 ἐπιμαίνον-

175 3833 264 3881 ται,
316 3815 558 3892 θαλάσσῃ
623 3815 806 3872 δοῦναι
861 3819 950 3873 καὶ
1001 3819 1148 3894 βυθῷ
1202 3818 1675 3894 προθυμούμενοι,
1734 3820 1807 3882 ὡς

175 3902 223 3954 ἂν
279 3907 349 3976 μή
391 3907 484 3968 τὰς
548 3906 730 3972 αὐτὰς,
782 3908 870 3962 καὶ
919 3907 1107 3982 ἄψυχα
1160 3904 1310 3979 ὄντα,
1369 3911 1809 3984 θαυματουργίας

176 3989 512 4065 λνδείξαιντο,
587 3994 870 4060 κάντεῦθεν
925 3995 1122 4068 ’ὲλξωσι
1182 3997 1310 4059 τοὺς
1369 3995 1618 4059 πολλοὺς
1675 3999 1812 4071 πρὸς

174 4078 454 4158 ἐπίγνωσιν.
503 4088 573 4142 ’Ὀ
637 4083 727 4154 δὴ,
790 4086 863 4148 ὡς
921 4087 1108 4148 αὐτοῖς
1169 4083 1337 4157 ἔδοξε,
1394 4088 1609 4163 γέγονεν
1644 4081 1810 4155 ἃν,εῗ

176 4172 239 4239 μὴ
282 4177 344 4246 τῇ
401 4179 620 4251 πονηρᾷ
673 4175 842 4249 ταύτῃ
880 4177 1050 4250 πέρας
1100 4174 1456 4251 ἐπενεχθῆναι
1489 4174 1666 4252 βουλῆ
1700 4174 1810 4231 διε-

171 4258 388 4315 κώλυσεν
437 4264 464 4317 ὁ
527 4260 682 4325 Θεός.
745 4263 1052 4337 Αἲσθυμὲνη
1093 4265 1195 4339 γὰρ
1222 4269 1317 4318 τοῦ
1353 4262 1732 4339 βουλεύματος
1775 4267 1809 4334 ἡ

171 4347 258 4415 τήν
300 4351 478 4423 τιμίαν
535 4357 617 4425 τῷ
678 4357 795 4426 Θεῴ
841 4352 1085 4431 κεφαλὴν
1143 4350 1406 4426 δεξαμένη
1457 4351 1652 4426 (ὄνομα
1710 4360 1809 4408 Κα-

174 4436 324 4493 τούλα
372 4445 438 4514 τῇ
495 4441 732 4518 γυναικί)
790 4442 1066 4497 κοινοῦταί
1096 4464 1216 4497 τινα
1268 4449 1384 4504 τοῖς
1417 4448 1633 4506 πιστοῖς
1665 4445 1810 4518 γνώ-

181 4545 272 4594 μην
323 4528 392 4590 ὡς
451 4531 680 4605 ἀρεστὴν
739 4535 820 4602 τῷ
879 4535 996 4603 Θεῷ
1035 4531 1123 4585 καὶ
1186 4529 1507 4585 ἀπόδεκτον·
1560 4531 1649 4586 καὶ
1707 4553 1807 4586 που

1923 622 2045 677 sint
2072 622 2232 695 ligna
2253 630 2308 680 et
2330 623 2576 695 lapides.
2597 623 2668 680 05
2696 626 2844 678 enim
2877 623 3102 694 habent,
3125 632 3307 680 etnon
3340 625 3578 697 loquun~

1923 714 2016 764 tur
2036 729 2056 767 :
2077 714 2286 780 oculos,
2309 722 2362 768 et
2391 731 2505 767 non
2537 715 2730 769 vident
2751 732 2771 767 :
2792 729 2979 783 aures,
3003 717 3059 769 et
3081 731 3196 767 non
3217 713 3458 770 audiunt
3477 716 3574 786 (Ii),

1924 799 2116 855 Unum
2151 802 2257 858 hoc
2281 802 2469 858 solum
2493 801 2658 858 vobis
2681 802 2980 858 efﬁciunt:
3008 803 3335 858 accendunt
3360 805 3578 875 ignem,

1923 890 2018 958 qui
2049 907 2350 962 nunquam
2376 892 2622 946 desinet.
2643 914 2670 941 η
2696 893 2994 946 Adversus
3014 891 3134 946 haec
3157 908 3289 946 cum
3313 909 3427 947 non
3455 907 3584 962 pos‘

1924 984 2056 1033 sent
2077 980 2310 1048 tyranni
2337 981 2756 1047 contradicere,
2783 987 2941 1036 torve
2972 985 3029 1035 et
3060 980 3267 1036 insane
3297 997 3395 1036 eos
3424 980 3582 1052 aspi-

1922 1068 2163 1137 cientes,
2200 1068 2422 1124 strictis
2454 1069 2669 1140 gladiis
2701 1085 2762 1123 se
2797 1077 3001 1140 parant
3032 1070 3186 1125 352
3220 1070 3292 1124 ad
3325 1069 3575 1137 caedem;

1922 1162 1979 1211 et
2007 1173 2165 1224 cum,
2200 1161 2480 1229 tanquam
2525 1156 2694 1229 signo
2727 1157 2884 1226 dato,
2909 1173 3008 1212 eos
3047 1157 3388 1213 eduxissent
3417 1162 3580 1212 extra

1921 1245 2488 1313 civitatem,vinctos
2529 1248 2756 1302 ducunt
2799 1248 2868 1301 ad
2922 1247 3220 1317 quoddam
3271 1263 3580 1312 cacumen,

1921 1340 1978 1388 et
2019 1336 2260 1390 tradunt
2306 1335 2632 1403 lictoribus,
2669 1341 2733 1390 ut
2779 1352 2877 1391 eos
2929 1335 3303 1390 interﬁciant.
3355 1336 3581 1390 Interea

1921 1428 2111 1479 autem
2150 1427 2352 1495 petunt
2382 1425 2566 1479 sancti
2609 1432 2842 1495 tempus
2876 1425 3175 1496 precandi,
3209 1423 3452 1479 ﬂectunt
3481 1441 3580 1496 ge-

1923 1530 2059 1568 nua.
2094 1514 2243 1567 Tum
2283 1519 2699 1568 sacrosanctus
2730 1514 2945 1568 Christi
2992 1522 3213 1581 martyr
3242 1513 3579 1586 Dionysius,

1922 1601 2170 1658 sublatis
2204 1603 2260 1657 in
2295 1604 2502 1658 caelum
2538 1602 2764 1658 oculis:
2792 1627 2817 1652 «ι
2847 1603 3089 1659 Domine
3135 1603 3288 1658 Deus
3317 1603 3583 1674 omnipo-

1919 1698 2072 1758 tens,
2133 1692 2262 1756 Fili,
2305 1693 2518 1763 inquit,
2569 1693 2891 1764 unigenite,
2942 1697 2999 1747 et
3045 1696 3247 1748 sancte
3304 1691 3577 1762 Spiritus,

1919 1786 2124 1836 sancta
2152 1782 2410 1836 Trinitas
2456 1782 2744 1854 principio
2789 1798 3018 1848 carens,
3051 1789 3107 1836 et
3134 1782 3194 1835 in
3230 1796 3406 1852 quam
3459 1797 3576 1835 non

1921 1871 2076 1925 cadit
2101 1870 2332 1939 divisio,
2357 1870 2593 1942 suscipe
2616 1887 2913 1926 servorum
2937 1874 3172 1926 tuorum
3207 1871 3260 1925 in
3289 1887 3429 1942 pace
3455 1870 3582 1924 ani-

1922 1976 2068 2029 mas,
2092 1959 2370 2031 quoniam
2407 1965 2642 2032 propter
2663 1966 2719 2015 te
2742 1965 2930 2014 morte
2955 1959 3268 2014 alficimur.
3291 1978 3317 2011 ιι
3350 1959 3417 2012 Et
3441 1974 3575 2013 cum

1921 2049 2132 2116 sancti,
2159 2071 2186 2099 «
2214 2054 2416 2115 Amen,
2437 2075 2457 2100 ι
2484 2049 2932 2114 acclamassent,
2958 2064 3274 2104 conversus
3306 2048 3377 2102 ad
3409 2046 3578 2102 licto-

1919 2153 2050 2194 res:
2077 2161 2103 2188 ιι
2141 2138 2352 2204 Facite,
2375 2137 2587 2208 inquit,
2612 2138 2767 2208 quod
2803 2137 2911 2191 fuit
2943 2137 3105 2192 vobis
3143 2136 3516 2208 imperatum.
3547 2158 3568 2185 ο

1922 2227 2008 2282 Illi
2039 2231 2231 2282 autem
2276 2227 2532 2298 primum
2567 2228 2802 2298 quidem
2848 2227 3001 2281 beati
3054 2225 3333 2297 Dionysii,
3361 2225 3574 2280 deinde

1920 2316 2144 2371 Rustici
2184 2321 2240 2370 et
2279 2315 2592 2371 Eleutherii
2641 2320 2815 2386 caput
2863 2317 3194 2385 amputant.
3229 2313 3336 2369 Sed
3373 2329 3478 2367 nec
3508 2312 3569 2368 in

1918 2405 2028 2460 hoc
2070 2407 2306 2476 quidem
2342 2406 2396 2476 (ο
2422 2405 2682 2477 Dionysi)
2715 2405 2786 2473 is,
2818 2403 2918 2474 qui
2971 2412 3204 2474 propter
3251 2407 3309 2457 te
3355 2417 3570 2473 passus

1916 2499 2028 2560 est,
2062 2495 2173 2548 fuit
2203 2493 2421 2548 oblitus
2471 2494 2599 2564 ejus
2631 2493 2728 2564 qui
2773 2498 3008 2563 prapter
3054 2492 3249 2562 ipsum
3282 2491 3568 2557 moritur;

1917 2585 2014 2638 sed
2051 2583 2398 2638 miraculum
2432 2583 2604 2638 etiam
2641 2581 2976 2637 ostenditin
3002 2579 3422 2653 amputatione.
3446 2580 3574 2635 Ete-
3641 2637 3648 2644 ,,

1918 2674 2036 2728 nim
2070 2689 2204 2728 cum
2237 2688 2412 2727 suum
2446 2676 2622 2742 caput
2653 2677 2934 2742 tanquam
2977 2669 3211 2741 aliquod
3255 2668 3563 2741 praemium

1917 2767 2140 2830 martyr
2171 2761 2294 2816 suis
2335 2760 2658 2833 accepisset
2696 2759 2992 2827 manibus,
3022 2759 3239 2814 transit
3268 2759 3339 2814 ad
3375 2773 3570 2812 remo-

1915 2851 2120 2906 tiorem
2156 2849 2373 2906 locum.
2400 2851 2638 2904 Ferebat
2657 2865 2792 2918 ergo
2829 2848 2954 2920 ipse
2976 2855 3148 2919 caput
3179 2847 3240 2902 in
3273 2845 3571 2912 manibus,

1913 2945 2197 3010 tanquam
2232 2939 2467 3010 aliquod
2503 2939 2849 3010 trophzeum,
2883 2931 3139 2992 a'divina
3167 2935 3409 2991 omnino
3441 2951 3574 3006 por-

1913 3034 2074 3084 tatus
2127 3031 2337 3101 gratia,
2381 3044 2570 3100 neque
2623 3027 2787 3100 prius
2832 3026 3078 3088 dimisit,
3111 3041 3285 3097 quam
3339 3023 3575 3078 mulieri

1913 3119 2111 3175 divina
2143 3118 2400 3188 quadam
2452 3118 2692 3173 omnino
2733 3131 3049 3170 occurrens
3098 3113 3480 3186 providentia,
3515 3111 3574 3166 in

1916 3207 2077 3262 illius
2127 3206 2404 3261 manibus
2435 3206 2731 3277 deposuit,
2761 3204 2938 3258 veluti
2972 3204 3287 3274 quemdam
3339 3201 3576 3256 thesau-

1918 3313 2072 3352 rum.
2104 3295 2391 3351 Jacebant
2421 3300 2617 3349 autem
2670 3292 2936 3365 neglecta
2983 3297 3320 3347 sanctorum
3357 3293 3578 3360 marty-

1917 3402 2048 3440 rum
2085 3384 2417 3439 veneranda
2465 3399 2728 3454 corpora,
2764 3381 2901 3436 teris
2934 3386 2988 3436 et
3021 3381 3230 3434 avibus
3280 3379 3348 3433 ad
3402 3377 3578 3432 eden-

1918 3475 2060 3530 dum
2093 3473 2376 3546 exposita,
2410 3477 2468 3529 et
2500 3489 2604 3528 nec
2628 3473 2793 3542 justa
2822 3469 3057 3542 quidem
3091 3469 3408 3542 sepultura:
3440 3483 3580 3522 con-

1918 3570 2143 3617 8601118.

1994 3650 2245 3705 Lictores
2277 3652 2474 3704 autem
2507 3663 2579 3702 ne
2610 3647 2894 3702 hactenus
2917 3645 3156 3717 quidem
3189 3644 3363 3700 irasci
3395 3644 3577 3699 desie-

1920 3744 2079 3806 runt,
2103 3738 2204 3793 sed
2241 3739 2414 3792 etiam
2452 3737 2506 3790 in
2555 3735 2717 3807 ipsas
2749 3735 2954 3788 furunt
2987 3733 3287 3800 reliquias,
3312 3737 3575 3786 statuen-

1919 3831 2009 3882 tes
2035 3843 2134 3882 eas
2156 3827 2212 3880 in
2243 3826 2422 3880 maris
2454 3824 2811 3896 profundum
2845 3821 3148 3894 projicere,
3178 3837 3248 3875 ne
3275 3819 3356 3873 vel
3393 3817 3578 3872 inani-

1919 3921 2091 3970 matae
2124 3914 2420 3969 efﬁcerent
2450 3911 2757 3981 miracula,
2789 3917 2846 3967 et
2877 3911 3005 3965 ideo
3037 3909 3398 3964 attraherent
3429 3905 3579 3962 mul-

1919 4011 2010 4062 tos
2042 4009 2112 4062 ad
2147 4006 2530 4077 agnitionem.
2565 4004 2724 4067 Quod
2765 4003 2966 4069 etiam,
2994 4005 3058 4056 ut
3087 4000 3174 4056 eis
3205 3999 3397 4054 visum
3433 4001 3578 4066 erat,

1921 4097 2137 4150 factum
2161 4097 2339 4158 esset,
2360 4095 2472 4148 nisi
2494 4093 2604 4148 hoc
2628 4092 2848 4147 malum
2874 4089 3187 4146 consilium
3211 4088 3282 4143 ad
3306 4088 3578 4143 eﬁ'ectum

1920 4183 2129 4240 deduci
2155 4189 2303 4238 Deus
2324 4181 2740 4254 prohibuisset.
2757 4180 2902 4234 Nam
2923 4195 3054 4233 cum
3077 4177 3363 4232 sensisset
3377 4189 3577 4229 eorum

1920 4272 2185 4340 consilia,
2214 4289 2280 4328 ea
2311 4288 2442 4342 quae
2473 4269 2790 4340 pretiosum
2823 4267 3098 4338 martyris
3131 4274 3304 4336 caput
3333 4279 3577 4334 accepe-

1919 4370 2009 4417 rat
2028 4361 2282 4434 (mulieri
2308 4376 2519 4415 nomen
2545 4363 2669 4414 erat
2686 4357 2931 4424 Catule),
2955 4361 3208 4410 mentem
3234 4369 3401 4409 suam
3425 4367 3579 4406 com-

1920 4452 2262 4507 municabat
2300 4449 2593 4517 fidelibus,
2627 4454 2692 4502 ut
2723 4447 2838 4502 Deo
2869 4451 3096 4516 gratam
3147 4449 3205 4499 et
3252 4445 3578 4512 acceptam.

1919 4542 1986 4596 Et
2019 4558 2152 4596 cum
2189 4539 2556 4610 splendidam
2588 4542 2644 4592 et
2674 4537 2895 4591 lautam
2922 4537 3266 4606 apparasset
3289 4545 3576 4595 mensam,

180 4611 359 4710 λυτελῆ
415 4621 762 4696 παραθεμὲνη
803 4621 904 4690 τήν
957 4620 1247 4696 τράπεζαν,
1307 4619 1383 4681 εἷς
1414 4619 1653 4694 εὐωχίαν
1677 4620 1807 4682 τοὺς

1956 4635 2156 4684 Δ(ξιοιιοει
2181 4625 2704 4700 accepitconvivio.
2726 4624 2966 4680 Interim
2990 4638 3146 4690 vero,
3165 4622 3305 4676 dum
3329 4618 3368 4673 ii
3391 4617 3582 4674 convi-

181 4697 391 4776 δημίους
451 4704 760 4781 παρέλαϐεν
794 4754 807 4767 .
886 4711 970 4764 Ἐν
1047 4708 1158 4781 ὅσῳ
1217 4706 1274 4763 δὲ
1333 4707 1480 4764 οὗτοι
1531 4708 1808 4764 εἱστιῶντο

181 4795 307 4869 παρᾶ
332 4802 396 4863 τῆ
445 4801 682 4873 γυναικὶ,
742 4804 850 4854 τῶν
907 4803 1122 4854 πιστῶν.
1173 4819 1316 4861 τινες
1374 4798 1441 4853 τὰ
1496 4799 1653 4872 τίμια
1700 4803 1808 4853 τῶν

182 4885 438 4960 μαρτύρων
501 4885 950 4962 ὑπολαμϐάνουσι
995 4888 1224 4962 λείψανα
1272 4888 1362 4942 καὶ
1403 4887 1454 4941 ἐν
1485 4893 1566 4960 τῷ
1621 4887 1813 4965 ἀφανεῖ

177 4975 542 5038 κατατίθενται.
603 4979 772 5047 Εἶτα,
830 4981 930 5046 τῆς
983 4977 1218 5052 εὐωχίας
1275 4975 1660 5050 διαλυθείσης,
1696 4981 1809 5038 τοῖς

178 5053 376 5130 δημίοις
404 5066 465 5119 τὸ
513 5072 742 5142 πρᾶγμα
785 5068 1101 5143 φωρᾶσασιν
1164 5067 1252 5121 ἐπὶ
1309 5068 1446 5141 μέγα
1499 5067 1589 5120 καὶ
1644 5063 1809 5120 πάλιν

177 5143 441 5208 ἀνεκινεῖτο
467 5155 533 5208 τὰ
561 5160 658 5209 τοῦ
701 5160 877 5230 θυμοῦ
931 5156 1021 5211 καὶ
1073 5153 1493 5232 διεθερμαίνετο’
1549 5152 1695 5209 ἀλλὰ
1749 5156 1812 5209 τὸ

178 5242 260 5305 τῆς
286 5239 442 5316 ὀργῆς
475 5244 591 5313 ζέον
649 5247 712 5299 τὰ
765 5243 914 5320 δῶρα
971 5246 1256 5320 κατεψυξε,
1308 5247 1393 5300 καὶ
1446 5247 1507 5300 τὸ
1541 5243 1685 5299 πολὺ
1715 5249 1812 5299 τοῦ

182 5324 336 5399 θυμοῦ
364 5336 646 5407 χρήμασιν
703 5337 738 5404 ἡ
789 5337 924 5411 γυνή
973 5335 1264 5411 παραλύει.
1317 5335 1584 5390 Κάκείνων
1632 5332 1812 5388 ἀπαλ-

186 5411 456 5491 λαγέντων,
516 5421 568 5476 ἔν
623 5445 730 5478 τινι
783 5426 850 5479 τὰ
888 5430 994 5479 τῶν
1052 5424 1341 5501 μαρτύρων
1377 5422 1609 5498 λείψανα
1637 5426 1671 5494 ἡ
1710 5445 1812 5496 μα-

185 5517 326 5578 καρία
393 5511 644 5569 Κατούλα
719 5512 1002 5588 δομήματι
1073 5512 1412 5586 κατατίθησι,
1469 5513 1655 5589 τρίτην
1713 5510 1811 5568 τοῦ

257 5721 326 5795 (k)
358 5725 499 5784 Psal.
531 5745 687 5798 cxm,
718 5729 772 5786 5.
804 5729 856 5784 6.

1919 4717 2080 4772 vium
2115 4717 2346 4770 inibant
2377 4715 2532 4786 apud
2576 4714 2906 4778 mulierem,
2931 4710 3173 4781 quidam
3205 4725 3274 4763 ex
3307 4706 3582 4762 ﬁdelibus

1920 4805 2220 4876 accipiunt
2267 4809 2588 4873 martyrum
2637 4801 2934 4872 reliquias,
2968 4804 3026 4853 et
3055 4814 3155 4853 eas
3187 4795 3578 4851 abscondunt.

1921 4895 2162 4960 Deinde,
2187 4893 2348 4947 linito
2371 4890 2656 4959 convivio,
2681 4905 2815 4944 cum
2839 4904 2964 4943 eam
3001 4902 3122 4941 rem
3156 4883 3578 4956 deprehendis-

1924 4990 2052 5037 sent
2083 4981 2340 5050 lictores,
2372 4979 2460 5034 ira
2491 4978 2656 5032 valde
2693 4981 2858 5032 erant
2898 4975 3132 5047 perciti;
3161 4973 3260 5027 sed
3293 4973 3575 5026 fervorem

1924 5071 2018 5125 iraa
2052 5071 2335 5124 sedarunt
2365 5085 2627 5133 munera,
2653 5071 2710 5121 et
2739 5065 3137 5120 vehementem
3172 5061 3424 5116 furorem
3457 5059 3578 5114 dis-

1924 5158 2098 5216 solvit
2122 5159 2332 5213 mulier
2364 5155 2631 5228 pecunia.
2657 5158 2800 5208 Cum
2833 5152 2916 5206 illi
2943 5157 3138 5206 autem
3173 5150 3581 5217 recessissent,

1920 5249 1979 5304 in
2004 5249 2261 5321 quadam
2281 5247 2454 5301 domo
2473 5241 2932 5316 deponitCatula
2953 5246 3276 5311 martyrum
3303 5239 3579 5309 reliquias

1921 5337 2093 5391 tertio
2153 5335 2376 5390 mensis
2434 5333 2721 5396 Octobris,
2764 5331 2916 5387 853
2972 5327 3275 5384 miraculis
3331 5327 3577 5392 affatim,

1921 5426 2370 5498 proﬂuentibus,
2402 5421 2643 5494 perinde
2683 5437 2749 5474 ac
2798 5419 2994 5490 aliquo
3045 5418 3201 5473 fonte
3251 5415 3492 5488 pulchre
3521 5419 3579 5470 et

1923 5515 2180 5570 suaviter
2210 5518 2504 5568 manante.
2540 5509 2664 5565 Non
2698 5509 2949 5564 multum
2981 5507 3263 5579 temporis
3295 5506 3573 5561 interces-
