3972 6214
404 371 534 426 ῗὸσῚ
1651 377 1711 427 Β.
1752 373 1972 428 DIONY

2205 373 2608 428 EOPAGITE.
3694 373 3772 428 608

428 495 525 566 ait,
557 500 613 552 et
642 495 1056 552 convenientes
1105 495 1413 552 christiani
1460 494 1750 567 templum
1805 495 1990 568 glorio

2205 488 2499 568 ixtw6plou
2569 495 2741 568 μηνὸς
2787 490 3013 568 ἄγοντος
3047 535 3060 548 .
3115 497 3236 548 Τῶν
3297 492 3353 549 ὃὶ
3402 495 3664 568 θαυμάτων
3709 498 3773 549 οἷά

428 585 682 643 excitant
711 585 1052 653 victoribus,
1085 590 1144 641 et
1171 585 1230 640 in
1261 585 1391 658 ipso
1424 602 1624 641 eorum
1660 586 1947 657 pretiosas
1978 590 1996 640 ς

2205 603 2337 644 τινος
2389 591 2573 658 πηγῆς
2629 584 2770 656 όμοῦ
2828 581 3062 652 ναούσης
3120 583 3208 636 καὶ
3261 581 3522 652 ἥδιστον,
3579 583 3773 660 ἀφθόνως

428 677 659 746 ponunt
682 673 963 746 reliquias
989 691 1000 728 :
1030 675 1099 729 ad
1133 674 1380 746 gloriam
1416 675 1508 730 Dei
1544 674 1828 738 Patris,et
1854 680 1994 730 Dom

2204 672 2626 747 προχεομὲνων,
2705 673 2765 726 οὐ
2840 670 2987 726 πολὺ
3059 672 3121 725 τὸ
3179 672 3230 725 ἐν
3290 673 3434 745 μέσῳ
3488 670 3772 732 συνελθόντες

431 763 614 819 nostri
645 766 785 818 Jesu
819 763 1072 818 Christi:
1100 781 1274 835 quem
1298 765 1463 819 decet
1504 764 1691 818 honor
1714 769 1769 818 et
1800 765 1999 819 adorat

2206 763 2516 835 Χριστιανοὶ
2576 763 2701 816 ναὸν
2758 767 2874 823 τοῖς
2922 759 3266 823 καλλινίκοις
3311 762 3623 838 ἀνεγείρουσι
3655 806 3666 828 ,
3712 761 3774 815 καὶ

429 870 585 908 nunc
617 857 673 908 et
699 869 952 925 semper,
988 857 1043 908 et
1070 852 1130 906 in
1163 853 1370 907 saecula
1404 853 1776 908 seculorum.
1811 860 1993 908 Amen

2210 853 2260 906 τὰ
2296 851 2454 924 τίμια
2506 851 2712 906 τούτων
2777 851 2829 905 ἐν
2889 850 3037 922 αὐτῷ
3094 850 3403 906 ἀποτιθὲασι
3460 851 3680 924 λείψαντ
3725 851 3778 912 εἰς

433 939 586 1011 δόξα)
649 944 785 996 Θεοῦ
844 941 1080 1014 Πατρὸς,
1138 939 1227 995 καὶ
1275 939 1475 1017 Κυρίου
1520 942 1680 1014 ἡμῶν
1729 941 1909 1011 Ἰησοῦ
1960 944 2215 1016 Χριστοῦ,
2266 941 2312 1012 ᾧ
2359 941 2553 1017 πρὲπει
2595 942 2732 1014 τιμή
2766 940 2856 995 καὶ
2887 941 3254 1015 προσκύνησις
3318 940 3394 1003 είς
3449 940 3569 1004 τοὺς
3616 940 3778 1001 αἰῶνας·

437 1030 490 1089 Ἀ
503 1032 636 1104 μήν.

755 1335 1055 1429 ΠΕΡΙ
1149 1335 1399 1431 ΤΟΥ
1479 1335 2168 1432 ΔΙΟΝΥΣΙΟΥ
2247 1334 2496 1432 ΤΟΥ
2577 1333 3528 1432 ΑΡΕΙΟΠΑΓΙΤΟΥ

1792 1534 1884 1585 ΕΚ
1921 1532 2049 1583 ΤΩΝ
2089 1531 2216 1583 ΤΟΥ
2258 1532 2504 1584 ΣΟΥΙΔΑ

1297 1778 1460 1871 DE
1537 1777 2132 1873 DIONYSIO
2204 1777 3003 1873 ABEUPAGITA

1945 1959 2049 2018 EX
2108 1960 2347 2022 SUIDA

593 2117 902 2180 Editionis
942 2118 1324 2180 Morellianaa
1355 2119 1502 2180 anni
1537 2122 1713 2181 1662.
1747 2155 1825 2164 —
1857 2120 2212 2260 lnierprgtet
2236 2121 2423 2180 Petro
2468 2120 2811 2198 Lansselio,
2847 2119 3337 2198 Gravelingano,
3373 2123 3511 2182 Soc.
3541 2119 3669 2181 Jesu

1955 2219 2098 2260 ores
2145 2219 2184 2260 v
2217 2218 2344 2260 ero.

1955 2218 2344 2280 presoytero.

510 2484 821 2559 Dionysius
852 2487 1223 2560 Areopagita,
1248 2488 1560 2560 episcopus
1581 2486 1979 2554 Atheniensis,
2011 2485 2078 2541 νὶι

2279 2484 2558 2548 Διονύσιος
2617 2487 2644 2541 6
2705 2485 3164 2564 Ἀρειοπαγίτης,
3242 2485 3534 2547 ἐπίσκοπος
3586 2483 3789 2552 Ἀθηνῶν»

437 2573 984 2646 eloquentissimus,
1004 2582 1179 2648 atque
1205 2577 1274 2631 ad
1309 2577 1561 2648 profanae
1585 2576 1906 2648 disciplina:
1930 2575 2092 2632 fasti-

433 2664 595 2734 gium
638 2669 966 2735 provectus,
1001 2665 1234 2720 auditor
1267 2665 1426 2720 Pauli
1477 2667 1534 2720 in
1586 2667 1908 2721 christiana
1955 2665 2090 2720 reli-

429 2751 624 2823 gione,
649 2770 715 2808 ac
766 2753 838 2809 ab
888 2753 1016 2824 ipso
1047 2755 1360 2826 episcOpus
1391 2755 1752 2810 Athenarum
1804 2754 2092 2811 constitu-

433 2843 551 2906 tus,
573 2841 632 2895 in
654 2841 842 2912 patrio
860 2845 1057 2899 autem
1078 2843 1407 2898 Graecarum
1426 2843 1872 2914 disciplinarum
1894 2843 2089 2898 studio

434 2929 711 2985 omnibus
743 2930 1140 3002 praecellebat;
1167 2950 1300 2987 nam
1324 2932 1739 3004 cujuslibet,ut
1766 2932 1847 2988 ita
1873 2933 2086 3001 dicam,

437 3032 564 3087 quae
612 3017 683 3072 ab
729 3018 877 3090 ipsis
920 3019 1268 3086 celebratur,
1294 3027 1460 3076 sectae
1506 3021 1916 3093 peretissimus
1946 3026 2085 3079 erat.

439 3105 539 3160 [lic
571 3106 814 3161 Paulum
846 3107 1089 3163 Athenis
1115 3109 1556 3165 concionantem
1583 3111 1825 3177 audivit,
1850 3116 1905 3167 et
1924 3112 2090 3168 Chri-

434 3197 594 3250 stum
629 3211 693 3250 ac
727 3197 1214 3253 resurrectionem
1263 3215 1395 3253 cum
1441 3199 1710 3256 libertate
1740 3201 1953 3256 Graecis
1985 3219 2091 3258 an-

435 3284 832 3355 nuntiantem,
858 3289 1030 3357 atque
1077 3285 1242 3342 Pauli
1274 3289 1538 3343 concioni
1572 3289 1746 3343 ﬁdem
1779 3289 2092 3362 adhibens,

435 3374 506 3428 ab
541 3389 606 3428 eo
637 3373 953 3446 episcopus
995 3375 1372 3431 Atheniensis
1403 3375 1726 3432 ordinatur.
1762 3378 1963 3450 Itaque
1994 3378 2088 3434 Ti-

436 3461 596 3517 berio
629 3465 850 3517 Caesare
890 3463 1238 3534 imperante,
1269 3465 1507 3535 quando
1537 3469 1705 3520 aetate
1735 3466 1996 3536 ﬂorebat,
2029 3468 2089 3523 in

435 3552 745 3624 Egyptum
779 3552 942 3620 abiit,
976 3570 1107 3608 cum
1144 3554 1511 3626 sapientibus
1542 3555 1701 3610 illius
1733 3555 1842 3610 loci
1871 3557 2090 3611 versari

436 3641 711 3712 cupiens;
760 3641 956 3696 socius
1006 3647 1199 3698 autem
1254 3643 1305 3699 ei
1355 3647 1480 3698 erat
1527 3642 1963 3715 Ap0110phanes
1993 3643 2091 3700 ille

435 3728 733 3802 Sephista,
753 3745 927 3800 quem
953 3729 1226 3786 Polemon
1256 3731 1630 3786 Laodicensis
1652 3733 1935 3804 Smyrnae,
1962 3732 2090 3786 Ari-

432 3817 604 3874 stidis
655 3823 996 3890 praaceptor,
1023 3820 1258 3875 assidue
1307 3820 1548 3875 audivit.
1583 3824 1761 3876 Porro
1810 3821 2087 3876 salutaris

435 3907 735 3978 passionis
759 3907 974 3962 Christi
1002 3908 1234 3963 Domini
1266 3913 1548 3980 tempore,
1578 3909 1751 3965 ambo
1772 3914 1939 3965 erant
1972 3909 2085 3966 He-

437 3994 637 4066 liopoli
671 3995 727 4049 in
757 3996 1030 4069 Egypto;
1079 4014 1332 4068 cumque
1363 3999 1626 4054 defectus
1673 3998 1816 4054 solis
1849 4015 1962 4054 non
1996 4015 2088 4054 se-

439 4083 701 4137 cundum
737 4090 1008 4138 naturam
1044 4086 1206 4141 ﬁeret
1228 4091 1441 4158 (neque
1467 4089 1625 4142 enim
1657 4089 2094 4158 conjunctionis

438 4175 677 4244 tempus
710 4175 878 4245 erat),
901 4175 1360 4247 Ap0110phanem
1385 4177 1709 4250 sophislam
1742 4178 1864 4233 haec
1891 4183 2094 4236 sancto

441 4259 717 4333 Dionysio
767 4262 987 4318 dixisse
1038 4265 1269 4321 fertur:
1316 4267 1351 4320 0
1395 4267 1530 4323 bone
1577 4267 1824 4338 Dionysi,
1873 4267 2097 4323 divina-

439 4367 568 4405 rum
598 4367 784 4406 rerum
818 4353 1250 4410 vicissitudines.
1285 4355 1600 4427 Dionysius
1631 4355 1757 4428 ipse
1788 4356 1911 4412 haec
1939 4356 1989 4412 ei
2023 4358 2094 4412 ad

442 4441 789 4496 memoriam
825 4448 1055 4498 revocat
1106 4443 1162 4498 in
1213 4444 1460 4515 epistola
1492 4445 1560 4499 ad
1599 4461 1878 4517 magnum
1927 4445 2096 4518 Poly-

437 4547 678 4603 carpum
735 4531 998 4604 Smyrnae
1049 4532 1413 4605 episcopum.
1460 4534 1616 4590 854
1661 4533 2095 4606 Apollophanes

434 4619 592 4674 enim
625 4619 971 4693 Dionysium
1021 4627 1260 4693 propter
1301 4621 1811 4677 christizinismum
1862 4623 2095 4694 injuriis

432 4707 780 4767 lacessebat.
807 4710 874 4766 Et
913 4710 994 4767 ait
1019 4727 1032 4766 :
1062 4714 1136 4768 Tu
1167 4721 1351 4768 autem
1380 4715 1470 4768 ais
1508 4730 1593 4770 me
1621 4712 1688 4769 ab
1718 4712 2095 4784 Apollophane

433 4798 682 4870 sophista
713 4800 906 4855 invadi
933 4803 981 4856 et
1008 4801 1350 4872 parricidam
1369 4804 1665 4874 appellari,
1688 4801 1832 4874 quod
1860 4797 1922 4856 in
1953 4801 2098 4858 Gre-

434 4904 522 4943 cos
559 4889 730 4959 impie
761 4887 1067 4945 Graecorum
1104 4898 1234 4946 utar
1281 4894 1606 4947 sententiis?
1633 4893 1790 4962 atqui
1821 4894 2004 4946 verius
2033 4907 2096 4947 ac

435 4977 644 5045 iustius
675 4977 728 5033 ei
751 4979 985 5049 objicere
1011 4985 1350 5051 poteramus,
1375 4979 1588 5037 Graecos
1621 4981 1815 5035 divina
1844 4983 2092 5036 testimo-

434 5065 536 5121 nia
577 5084 686 5123 non
744 5068 1004 5140 religiose
1051 5080 1244 5126 contra
1293 5070 1483 5126 divina
1529 5086 1820 5139 usurpare,
1854 5071 1949 5141 qui
1998 5070 2096 5125 Dei

435 5155 688 5210 divinum
717 5156 935 5213 cultum
979 5164 1140 5231 atque
1187 5160 1520 5232 religionem
1569 5157 1767 5214 tollere
1792 5167 2092 5221 conentur;

2199 2574 2340 2650 ἀνὴρ
2374 2572 2840 2650 ἐλλογιμώτατος,
2889 2575 2978 2630 καὶ
3032 2582 3132 2645 τῆς
3165 2574 3470 2647 ἒλ).ηνικῆς
3503 2570 3714 2632 παιδείας
3736 2569 3788 2629 εξ

2201 2660 2362 2740 δίκρον
2424 2663 2736 2735 ἐληλακὼς,
2797 2666 3066 2733 ἀκουστὴς
3139 2661 3369 2721 Παύλου
3423 2664 3553 2740 πρὸς
3598 2662 3681 2729 τήν
3718 2661 3786 2713 τοῦ

2200 2757 2620 2828 χριστιανισμοῦ
2678 2756 2990 2830 θρησκείαν,
3058 2755 3148 2808 καὶ
3197 2754 3286 2808 ὑπ’
3358 2753 3518 2807 αὐτοῦ
3577 2769 3786 2805 κατασταο

2201 2843 2312 2906 θεὶς
2367 2842 2444 2905 εἷς
2487 2841 2650 2906 αὖτάς
2683 2843 2778 2905 τὰς
2823 2844 3056 2914 Ἀθήνας
3087 2842 3408 2904 ἐπίσκοπος-ν
3453 2841 3580 2916 πρὸς
3629 2836 3675 2893 δὲ
3713 2837 3783 2903 τήν

2199 2931 2422 3006 πάτριον
2501 2936 2609 2987 τῶν
2660 2931 2967 3003 ἐλληνικῶν
3031 2932 3374 3006 μαθημάτων
3436 2927 3639 2998 ἄσκησιν
3687 2926 3784 2979 πάν-

2198 3042 2308 3076 των
2361 3019 2741 3096 προύκέκριτο·
2803 3019 3029 3091 ἑκάστης
3058 3020 3288 3096 γὰρ,ὼς
3349 3019 3536 3086 εἰπεῖν,
3590 3016 3785 3089 αἱρέσεως

2199 3112 2296 3178 τῆς
2358 3109 2447 3164 ὑπ’
2504 3109 2678 3164 αὐτῶν
2734 3104 3176 3185 πρεσϐευομὲνης
3207 3107 3258 3164 ἐν
3287 3107 3482 3182 πολλῇ
3510 3104 3784 3172 καθειστήκει

2199 3201 2266 3270 τῇ
2325 3198 2503 3274 πείρᾳ.
2563 3196 2736 3262 Οὗτος
2791 3196 2993 3267 ἤκουσε
3039 3197 3260 3253 Παύλου
3323 3197 3727 3271 δημηγοροῦντος
3750 3189 3786 3242 ἓν

2200 3287 2476 3359 Ἀθήναις,
2527 3287 2617 3342 καὶ
2648 3287 2740 3342 τὸν
2793 3287 3021 3362 Χριστὸν
3073 3287 3163 3341 καὶ
3221 3287 3324 3356 τὴν
3377 3287 3639 3341 ἀνάστασιν
3691 3277 3787 3353 μετᾶ

2201 3374 2511 3452 παρῥησίας
2555 3382 2673 3438 τοῖς
2737 3375 3007 3448 ’Ἑλλησιν
3053 3375 3562 3452 εὐαγγελιζομένου*
3609 3369 3681 3426 καί
3720 3388 3789 3421 πι-

2203 3465 2422 3527 στεύσας
2453 3469 2532 3537 τῷ
2566 3464 2786 3521 Παύλου
2843 3465 3181 3541 κηρύγματι,
3244 3466 3334 3519 ὑπ’
3390 3466 3551 3520 αὐτοῦ
3599 3459 3673 3516 καὶ
3714 3458 3787 3523 τῆς

2199 3553 2418 3616 πόλεως
2459 3553 2770 3609 ἐπισκοπεῖν
2828 3553 3094 3610 τάττεται.
3155 3554 3299 3608 Κατὰ
3361 3558 3489 3628 γοῦν
3541 3551 3628 3618 τὴν
3653 3545 3784 3621 ἀρχήν

2197 3636 2454 3716 Τιϐερίου
2485 3643 2768 3716 Καίσαρος,
2801 3642 2890 3698 ὅτε
2921 3640 2986 3711 δὴ
3033 3643 3125 3697 καὶ
3167 3642 3265 3710 τὴν
3313 3641 3535 3712 ἠλικίαν
3579 3636 3785 3709 ἤκμαζενι

2199 3732 2402 3806 ἀπῆρεν
2455 3731 2532 3793 εἷς
2577 3729 2874 3808 Αἴγυπτον,
2933 3737 3050 3793 τοῖς
3105 3729 3278 3786 ἐκεῖσε
3338 3736 3527 3809 σοφοῖς
3576 3725 3786 3800 ὁμιλῆσαι

2196 3818 2553 3897 γλιχόμενος·
2609 3828 2768 3890 συνῆν
2813 3819 2870 3876 δὲ
2927 3821 3073 3893 αὐτῷ
3133 3819 3556 3898 ’Λπολλοφάνης
3583 3809 3788 3872 ἐκεῖνοςδ

2199 3911 2480 3986 σοφιστὴς,
2525 3909 2587 3962 οὗ
2637 3908 2908 3982 Πολέμων
2951 3911 2978 3964 ὁ
3032 3907 3331 3971 Λαοδικεὺς
3380 3909 3431 3964 ἐν
3486 3909 3680 3981 Σμύρνῃ
3700 3898 3789 3967 an?

2199 4018 2419 4070 κουσεν,
2478 3996 2505 4051 6
2563 3994 2891 4060 διδάσκαλος
2948 3995 3314 4074 Ἀριστείδου.
3380 3996 3526 4054 Κατὰ
3571 3997 3678 4071 γοῦν
3723 3988 3790 4042 τὸν

2199 4086 2386 4161 καιρὸν
2445 4089 2540 4141 τοῦ
2598 4084 2875 4159 σωτηρίου
2925 4087 3132 4148 πάθους
3178 4091 3277 4141 τοῦ
3322 4085 3587 4141 Δεσπότου
3614 4078 3793 4161 Χριστρῧ

2202 4160 2368 4249 ἄμφω
2417 4171 2555 4244 ἤτην
2589 4173 2639 4229 ἐν
2671 4172 3029 4230 Ἡλιουπόλει
3081 4179 3151 4250 τῇ
3203 4175 3254 4230 ἰν
3305 4173 3582 4248 Αἲγύπτῳ.
3639 4160 3792 4228 Καὶδῆ

2199 4267 2297 4332 τῆς
2344 4263 2582 4333 ἡλιακῆς
2614 4262 2913 4337 ἒκΛείψεως
2964 4262 3026 4317 ού
3071 4264 3209 4317 κατὰ
3254 4263 3414 4340 φύσιν
3465 4255 3795 4337 γεγενημένηῆ

2204 4352 2289 4427 (οὗ
2339 4353 2442 4427 γὰρ
2492 4352 2557 4422 ἦν
2588 4349 2811 4406 συνόδου
2840 4347 3077 4429 καιρὸς·)
3118 4352 3286 4407 εἰπεῖν
3338 4353 3545 4426 λέγεται
3573 4347 3691 4422 πρὸς
3727 4341 3792 4394 τὸν

2206 4440 2469 4517 μακάριον
2545 4441 2821 4496 Διονύσιον
2896 4441 2989 4495 τὸν
3066 4442 3328 4519 σοφιστὴν
3404 4432 3790 4519 Ἀπολλοφάνηγ·

2200 4516 2413 4599 Ταῦτα,
2475 4531 2518 4584 ὤ
2575 4527 2710 4584 καλὲ
2768 4528 3034 4598 Διονύσιε,
3085 4516 3315 4603 ἀμοιϐαὶ
3374 4527 3532 4583 θείων
3586 4516 3792 4599 πραγμὶ·

2198 4623 2330 4674 τῶν,
2393 4617 2741 4692 Μνημονεύει
2791 4615 2850 4672 δί
2903 4619 3111 4672 τούτων
3171 4619 3198 4672 6
3257 4616 3417 4680 αὐτὸς
3477 4614 3722 4672 Διονύσιος
3756 4605 3792 4658 ἓν

2201 4711 2268 4783 τῇ
2301 4709 2437 4785 πρὸς
2487 4706 2847 4783 Πολύκαρπον
2878 4709 2972 4762 τὸν
3006 4708 3169 4782 μέγαν
3219 4704 3508 4780 ἐπιστολῇ,
3548 4705 3631 4759 τὸν
3658 4695 3792 4785 Σμύρ-

2199 4820 2298 4869 νης
2345 4784 2660 4852 ἐπίσκοπον·
2695 4797 2759 4865 ἦν
2810 4797 2916 4873 γάρ
2947 4797 2974 4851 ὁ
3025 4794 3446 4875 Ἀπολλοφάνης
3475 4800 3549 4866 τῷ
3584 4784 3791 4853 Διονυσίῳ

2198 4892 2295 4943 τοῦ
2327 4890 2747 4963 χριστιανισμοῦ
2803 4883 2957 4941 ἕνεκα
2989 4883 3528 4961 διαλοιδορούμενος.
3560 4879 3653 4938 Καί
3675 4888 3789 4963 φηςιν

2202 4975 2277 5031 Σὺ
2433 4975 2540 5055 φῂς
2601 4973 2976 5051 λοιδορεῖσθαί
3037 4996 3130 5049 μοι
3175 4975 3268 5029 τὸν
3327 4961 3791 5063 σοφιστὴν-Ἀπολ·

2200 5063 2468 5142 λοφάνην,
2554 5064 2645 5120 καὶ
2730 5061 3072 5140 πατραλοίαν
3163 5062 3496 5129 ἀποκαλεῖν,
3575 5060 3640 5118 ὡς
3706 5060 3790 5106 τοῖς

2197 5153 2479 5225 Ἑλλήνων
2557 5153 2646 5209 ἐπὶ
2731 5152 2858 5215 τοὺς
2931 5151 3213 5223 Ἕλληνας
3285 5151 3393 5227 οὐχ
3472 5149 3623 5208 ὁσίως
3680 5160 3789 5216 χρωο

435 5250 492 5300 et
523 5245 698 5316 paulo
732 5251 865 5318 post
898 5265 910 5302 :
942 5248 1048 5303 Sed
1089 5248 1516 5320 ApollOphanem
1560 5249 1734 5303 etiam
1765 5249 1942 5318 ipsum
1971 5247 2003 5302 ά

2221 5245 2373 5316 ιὲνῳ,
2444 5243 2622 5298 καίτοι
2691 5243 2826 5318 πρὸς
2902 5241 3066 5296 αὐτὸν
3140 5244 3286 5316 ἡμᾶς
3359 5241 3428 5309 ἧν
3496 5235 3789 5320 ἀληθὲστεξως

436 5333 644 5390 divin-is
693 5335 856 5391 rebus
906 5337 1120 5408 nefarie
1169 5341 1224 5393 in
1275 5339 1464 5393 divina
1512 5338 1644 5392 uti:
1709 5352 1900 5391 rerum
1945 5353 2004 5391 en

2219 5313 2412 5400 :i‘rtaiv,
2494 5333 2568 5394 ὡς
2641 5313 2916 5399 ’Έλληνες
2979 5335 3097 5393 τοῖς
3155 5313 3317 5393 θείοις
3380 5329 3489 5403 οὐχ
3539 5321 3682 5380 ὁσίως
3728 5313 3787 5408 is}

437 5424 696 5493 scientia,
732 5440 858 5497 quae
905 5400 984 5481 ιιι).
1019 5443 1079 5483 eo
1125 5430 1269 5483 recte
1311 5424 1673 5499 philosophia
1719 5424 1945 5496 dicitur,
1977 5441 2005 5480 e

2222 5421 2264 5476 :a‘t
2320 5423 2435 5476 θεῖα
2503 5425 2769 5497 χρῶνται,
2850 5417 2938 5473 διὰ
3006 5425 3106 5489 τῆς
3188 5417 3373 5498 σοφίας
3445 5400 3538 5470 τοῦ
3596 5411 3707 5468 Θεοῦ
3746 5400 3790 5456 τὸ

436 5511 624 5568 divino
672 5514 845 5568 Paulo
896 5517 998 5570 Dei
1037 5518 1320 5586 sapientia
1349 5517 1632 5588 appellata
1661 5518 1756 5583 est,
1789 5515 1860 5570 ad
1901 5531 2004 5570 auc

2219 5515 2342 5566 νεῖον
2408 5505 2695 5566 ἐκϐάλλειν
2759 5509 3094 5585 πειρώμενοι
3153 5501 3344 5570 σέϐας·
3415 5505 3502 5560 καὶ
3559 5499 3674 5588 μετά
3719 5513 3787 5588 ξιι-

439 5617 556 5656 rem
586 5605 639 5657 et
669 5617 853 5659 rerum
883 5603 1131 5675 ipsarum
1159 5607 1209 5660 et
1237 5606 1485 5663 scientiae
1517 5606 1789 5678 ipsarum,
1825 5604 1940 5660 veri
1965 5621 2007 5676 p.

2217 5599 2362 5673 ιρόν·
2420 5597 2599 5655 Ἀλλά
2656 5600 2745 5656 καὶ
2812 5581 2974 5660 αύτούς
3032 5595 3456 5675 Ἀπολλοφάνης
3510 5590 3610 5665 οὐχ
3654 5581 3785 5678 όσίως

440 5688 663 5761 losophi
708 5669 970 5756 excitare,
1017 5691 1362 5765 perducique
1406 5669 1734 5751 debuerunt.
1768 5669 2008 5765 Paucisq

2212 5669 2314 5753 τοῖς
2371 5685 2538 5753 θείοις
2566 5686 2653 5745 ἰπὶ
2690 5685 2758 5745 τὰ
2805 5690 2922 5752 θεῖα
2962 5691 3182 5762 γρῆται·
3361 5683 3462 5761 γάρ
3505 5682 3604 5737 τῶν
3651 5669 3780 5730 ὄντων
