3972 6214
201 289 286 346 609

1543 269 1739 336 VITA,
1778 267 1882 322 nx
1920 269 2160 324 sums.

3457 272 3566 328 610

200 412 364 488 γνώσει
422 399 597 463 καλῶς
669 395 938 488 λεγομένη
1010 396 1156 488 ,πρὸς
1240 394 1408 487 αὐτοῦ
1484 389 1801 488 φιλοσοφίᾳ,

1926 390 2237 488 interjectis
2284 408 2296 448 :
2339 393 2651 488 Intelligere
2705 395 2947 452 debebat
3002 395 3417 469 Apottophanes,
3472 400 3570 470 qui

199 479 272 557 καὶ
335 494 454 570 πρὸς
520 493 616 545 τοῦ
693 486 834 541 θείου
910 483 1128 541 Παύλου
1197 483 1360 560 σοφίᾳ
1415 485 1548 537 Θεοῦ
1601 479 1800 550 κεκλη-

202 589 336 662 μένῃ,
389 580 511 654 πρὸς
560 577 652 632 τὸν
709 572 882 631 αἴτιον
943 575 1034 629 καὶ
1092 573 1268 628 αὐτῶν
1322 576 1430 627 τῶν
1482 569 1651 626 ὄντων
1706 571 1796 625 καὶ

199 658 300 746 ἑῆς
335 675 569 748 γνώσεως
636 665 811 720 αὐτῶν
885 663 1056 739 ἐχρῆν
1133 662 1415 736 ἀνάγεσθαι
1470 659 1599 748 τοὺς
1657 658 1798 728 ἀλη-

201 771 292 832 θεῖς
344 747 684 836 φιλοσόφους.
735 755 840 810 Καὶ
911 754 1081 826 μετὰ.
1120 751 1328 827 βραχέα
1359 771 1372 783 ·
1427 747 1576 806 Ἔδει
1651 769 1800 802 συνι-

197 853 286 910 δεῖν
360 843 752 923 Απολλοφάνην
842 843 1003 919 σοφὸν
1093 837 1242 911 ὄντα,
1314 840 1390 912 μὴ
1471 836 1531 894 ἂν
1615 837 1804 900 ἄλλως

197 941 307 999 ποτὶ
379 935 667 1006 δυνηθῆναι
748 938 849 1001 τῆς
923 930 1172 1006 οὐρανίας
1251 949 1304 982 τι
1387 933 1801 1002 παρατραπῆναι

191 1032 360 1102 τάξεως
419 1024 506 1080 καὶ
573 1025 865 1094 κινήσεως,
913 1018 963 1074 εἴ
1019 1020 1095 1092 μὴ
1152 1019 1242 1074 τὸν
1297 1022 1393 1071 τοῦ
1446 1018 1577 1072 εἶναι
1635 1015 1800 1083 αὐτὴν

192 1120 265 1176 καὶ
312 1115 555 1189 σύνοχέα,
613 1112 704 1166 καὶ
762 1108 934 1165 αίετιον
984 1107 1130 1184 ἔχειν
1188 1107 1263 1170 εἷς
1321 1111 1482 1162 τοῦτο
1532 1109 1803 1172 κινοῦντα,

188 1209 263 1263 τὸν
338 1197 593 1260 ποιοῦντα
669 1201 841 1254 πάντα
921 1197 1011 1252 καὶ
1089 1196 1586 1270 μετασκευάζοντα,
1669 1194 1807 1250 κατὰ

189 1298 263 1352 τὸν
315 1295 448 1367 ἱερὸν
496 1291 682 1364 λόγον.
718 1287 818 1343 Καὶ
867 1285 1017 1349 αὖθις
1080 1286 1213 1358 μετὰ
1270 1284 1502 1359 μικρόν⁸
1565 1282 1696 1341 Elui
1749 1280 1807 1338 δὲ

188 1386 314 1455 αύτῷ
346 1400 359 1415 ⁸
391 1381 455 1439 Τί
516 1377 692 1455 λέγεις
751 1377 875 1451 περὶ
930 1381 1031 1444 τῆς
1091 1374 1145 1428 ἐν
1199 1378 1279 1445 τῷ
1307 1373 1563 1448 σωτηρίῳ
1594 1376 1807 1446 σταυρῷ

187 1473 433 1548 γεγονυίας
515 1467 851 1540 ἐκλείψεως;
901 1462 1228 1542 Ἀμφοτέρω
1301 1464 1404 1538 γὰρ
1471 1462 1616 1531 τότε,
1673 1461 1809 1517 κατά

189 1559 516 1618 Ἡλιούπολιν
596 1559 711 1628 ἁμα
779 1553 1014 1630 παρόντε
1074 1553 1163 1608 καὶ
1231 1555 1543 1618 συνεστῶτι,
1631 1571 1808 1626 παρα-

189 1649 334 1720 δόξως
399 1653 477 1719 τῷ
548 1645 696 1718 ἡλίῳ
758 1645 856 1713 τὴν
915 1640 1152 1712 σελήνην
1195 1641 1567 1714 ἐμπίπτουσαν
1624 1640 1808 1714 ἑωρῶο

189 1758 302 1812 μεν·
358 1736 416 1793 ού
460 1736 567 1811 γὰρ
624 1735 690 1803 ἦν
747 1729 976 1788 συνόδου
1035 1732 1224 1806 καιρός
1258 1747 1271 1762 ⁸
1313 1728 1466 1794 αὖθίς
1515 1750 1572 1783 τε
1636 1729 1806 1798 αύτήν
1840 1775 1886 1840 Β

194 1827 206 1840 0
253 1829 263 1840 ι
379 1833 404 1840 .-
527 1825 541 1840 Ί
631 1826 641 1840 1
843 1821 868 1840 υ
1069 1818 1107 1840 ’I,
1301 1826 1328 1837 αν
1437 1819 1453 1840 ι
1484 1839 1487 1840 ,
1545 1819 1587 1840 [κ
1624 1839 1630 1840 ,
1651 1839 1657 1840 κ
1736 1817 1773 1840 κ’
1795 1839 1803 1840 κ

186 1827 273 1882 ἀπὸ
341 1833 436 1896 τῆς
523 1825 748 1894 ἐννάτης
831 1821 976 1896 ὥρας
1063 1818 1194 1895 ἄχρι
1262 1826 1362 1888 τῆς
1437 1819 1661 1894 ἑσπέρας
1729 1817 1806 1880 είς

182 1917 264 1984 τὴν
341 1918 434 1970 τοῦ
508 1912 676 1983 ἡλίου
758 1908 1046 1984 διάμετρον
1148 1909 1432 1984 ὑπερφυῶς
1519 1907 1806 1962 ἀντικατα-

181 2011 368 2061 στᾶσαν,
421 2002 758 2074 Ἀνάμνησον
813 1998 870 2055 δέ
918 2021 970 2052 τι
1040 1997 1132 2053 καὶ
1200 1994 1380 2072 ἕτερον
1439 1996 1600 2052 αὐτόν
1638 2013 1651 2027 ·
1701 1994 1812 2050 οἶδε

179 2095 264 2170 γὰρ
339 2093 418 2148 ὅτι
495 2091 587 2146 καὶ
663 2091 762 2158 τήν
825 2085 1104 2161 ἔμπτωσιν
1179 2084 1346 2157 αυτὴν
1393 2086 1460 2155 ’ἐξ
1529 2084 1806 2140 ἀνατολῶν

178 2183 463 2257 ἑωράκαμεν
555 2178 886 2254 ἀρξαμένην,
966 2176 1056 2231 καὶ
1135 2176 1300 2250 μέχρι
1392 2178 1490 2229 τοῦ
1575 2173 1810 2243 ἡλιακοῦ

178 2271 382 2344 πέρατος
438 2267 729 2335 ἓλθοῦσαν,
801 2267 914 2322 εἶτα
988 2261 1382 2320 ἀναποδίσασαν
1419 2281 1432 2295 ⁸
1491 2264 1580 2318 καὶ
1656 2261 1810 2327 αὖθις

179 2359 262 2413 ούκ
305 2359 362 2414 ἐκ
414 2363 512 2413 τοῦ
566 2357 731 2412 αὐτοῦ
773 2355 862 2410 καὶ
906 2357 1006 2424 τήν
1056 2348 1333 2427 ἔμπτωσιν
1382 2353 1470 2407 καὶ
1531 2353 1630 2421 τὴν
1683 2353 1808 2406 ἀνα.

176 2450 428 2522 κάθαρσιν,
497 2445 631 2502 ἀλλ’
704 2445 763 2500 ἐκ
836 2448 932 2499 τοῦ
1005 2443 1141 2498 κατὰ
1207 2439 1498 2514 διάμετρον
1571 2439 1808 2495 ἐναντίου

175 2539 541 2611 γεγενημένην.
590 2539 832 2590 Τοσαῦτα
904 2537 1001 2588 τοῦ
1074 2532 1196 2587 τότε
1269 2535 1462 2606 καιροῦ
1517 2531 1584 2585 τὰ
1644 2531 1809 2606 ὑπερ-

177 2633 267 2698 φυῆ
333 2627 422 2681 καὶ
488 2625 646 2699 μόνῳ
712 2626 929 2695 Χριστῷ
989 2625 1069 2692 τῷ
1135 2619 1400 2691 παναιτίῳ
1461 2616 1676 2684 δυνατὰ,
1734 2624 1812 2690 τῷ

173 2711 396 2769 ποιοῦντι
479 2712 702 2788 μεγάλα
764 2712 854 2766 καὶ
932 2709 1156 2782 ἐξαίσια,
1214 2710 1287 2763 ὧν
1347 2707 1446 2763 οὐκ
1491 2706 1631 2763 ἔστιν
1692 2707 1810 2781 ἀρι-

176 2803 312 2874 θμὸς.
345 2806 553 2874 Ταῦτα,
583 2800 636 2856 εἷ’
687 2821 770 2854 σοι
820 2799 1064 2872 θεμιτὸν,
1121 2797 1259 2867 εἷπε,
1307 2798 1394 2852 καὶ
1459 2797 1508 2852 el
1561 2795 1809 2868 δυνατὸν,

174 2887 595 2968 Ἀπολλόφανες,
655 2886 929 2963 ἐξέλεγχε,
986 2887 1077 2942 καὶ
1152 2887 1287 2960 πρὸς
1361 2885 1459 2959 ἐμὲ
1531 2887 1621 2940 τὸν
1691 2885 1813 2940 τότε

170 2976 502 3050 συμπαρόντα
585 2999 670 3032 σοι
752 2978 842 3032 καὶ
931 2974 1325 3048 συνεωρακότα,
1409 2975 1499 3030 καί
1585 2994 1812 3028 συνανα-

1909 482 2130 552 sapiens
2162 490 2321 552 esset,
2348 482 2496 538 nihil
2535 499 2780 554 unquam
2809 487 2867 539 in
2897 484 3090 540 ordine
3118 491 3372 558 motuque
3399 489 3566 543 caele-

1909 569 2080 626 stium
2112 571 2284 627 aliter
2311 582 2479 644 atque
2507 577 2586 627 est
2613 574 2822 627 mutari
2859 573 3122 643 potuisse,
3152 577 3266 629 nisi
3315 592 3440 631 eum
3470 579 3569 650 qui

1911 661 2095 731 ipsum
2132 669 2185 716 et
2236 670 2521 718 conservat
2569 671 2624 717 et
2673 663 3009 733 procreavit,
3059 663 3356 733 habuisset,
3409 667 3570 734 cuius

1909 753 2061 804 motu
2109 767 2180 804 ac
2230 760 2370 806 natu
2412 767 2470 806 eo
2511 751 2768 806 deductus
2798 754 2954 823 esset,
2985 751 3104 823 qui,
3138 757 3197 806 ut
3241 758 3322 807 est
3367 755 3430 808 in
3477 753 3568 810 di-

1914 840 2056 893 vinis
2089 839 2246 894 libris
2289 841 2553 912 scriptum
2592 840 2752 910 facit,
2784 845 2837 896 et
2866 845 3043 896 mutat
3074 844 3283 897 omnia.
3320 843 3568 898 Iterum-

1913 943 2027 1000 que
2057 934 2187 999 post
2217 945 2405 1001 pauca
2441 946 2453 983 :
2489 930 2562 983 Ab
2610 946 2674 984 eo
2724 939 2915 984 autem
2961 947 3150 1002 quare,
3183 931 3318 1002 quid
3367 934 3573 987 sentiat

1911 1017 1979 1072 de
2005 1017 2304 1088 defectione
2321 1019 2472 1085 solis,
2497 1033 2623 1089 qua:
2642 1035 2770 1074 eum
2790 1017 3055 1075 Servator
3087 1023 3148 1075 in
3169 1036 3389 1076 crucem
3417 1029 3573 1077 actus

1912 1111 2013 1176 est,
2036 1106 2274 1162 exstitit.
2310 1111 2543 1162 Eramus
2573 1109 2723 1162 enim
2751 1124 2863 1162 una
2894 1108 3075 1172 ambo,
3105 1119 3157 1164 et
3187 1109 3468 1165 stabamus
3498 1111 3576 1166 ad

1912 1196 2263 1268 Hetiopotim,
2291 1197 2485 1250 tunam
2532 1195 2816 1267 inopinato
2842 1212 2898 1250 se
2925 1195 3040 1251 soli
3069 1197 3422 1266 obiicientem
3450 1215 3574 1255 cer-

1913 1286 2218 1345 nebamus;
2265 1301 2444 1356 neque
2486 1285 2636 1339 enim
2681 1286 3090 1349 coniunctionis
3139 1290 3352 1356 tempus
3399 1292 3568 1342 erat:

1915 1389 2216 1443 rursusque
2243 1389 2367 1428 cum
2405 1373 2595 1428 eadem
2623 1374 2692 1428 ab
2721 1374 2862 1427 hora
2891 1389 3038 1428 nona
3085 1373 3159 1428 ad
3208 1390 3487 1447 vesperum
3516 1392 3573 1432 se

1913 1461 2107 1518 mediae
2139 1462 2271 1516 solis
2319 1461 2486 1518 tineae
2531 1471 2738 1533 praeter
2766 1466 2989 1518 naturae
3033 1461 3283 1517 ordinem
3331 1479 3571 1536 oppone-

1918 1552 2030 1606 bat.
2064 1551 2266 1621 Redige
2294 1555 2478 1606 autem
2509 1551 2680 1606 etiam
2718 1550 2936 1621 aliquid
2988 1551 3146 1605 aliud
3175 1553 3228 1606 ei
3258 1552 3316 1605 in
3365 1567 3571 1608 memo-

1917 1642 2082 1695 riam.
2109 1640 2223 1695 Scit
2253 1642 2404 1695 enim
2434 1641 2602 1695 etiam
2633 1639 2902 1708 obiectum
2937 1640 3119 1711 ipsum
3149 1657 3184 1695 a
3210 1640 3365 1696 nobis
3385 1643 3572 1696 visum

1916 1745 2035 1785 esse
2063 1728 2207 1784 oriri
2236 1730 2303 1784 ab
2334 1733 2459 1785 ortu
2505 1729 2659 1796 solis,
2691 1731 2740 1784 et
2772 1728 2844 1784 ad
2869 1729 3001 1784 solis
3041 1739 3349 1784 extremum
3377 1745 3574 1802 perve-

1915 1819 2073 1879 nire;
2100 1821 2291 1888 postea
2319 1817 2604 1889 repedare,
2628 1833 2925 1887 rursusque
2955 1833 3064 1872 non
3094 1818 3161 1873 ab
3192 1819 3378 1874 eadem
3409 1826 3578 1889 parte

1916 1905 2055 1962 solis
2081 1915 2134 1962 et
2159 1907 2432 1978 objectum
2478 1915 2529 1964 et
2574 1922 2842 1962 recessum
2874 1909 3091 1962 evenire
3120 1925 3140 1962 :
3167 1906 3258 1962 sed
3305 1923 3575 1963 recessum

1920 1996 1987 2050 ab
2017 2012 2080 2051 ea
2109 2010 2234 2066 quae
2260 1996 2517 2050 naturali
2557 2012 2627 2050 ex
2657 1997 2932 2052 diametro
2961 2005 3082 2051 erat
3113 1998 3419 2052 contraria.
3452 1999 3576 2054 Ilzc

1919 2091 2044 2140 sunt
2073 2085 2366 2140 mirabilia
2415 2085 2573 2140 illius
2621 2088 2902 2156 temporis,
2938 2101 3058 2156 qua
3091 2085 3340 2142 Christus
3384 2092 3577 2144 auctor

1918 2190 2111 2234 rerum
2139 2176 2387 2229 omnium
2417 2174 2642 2246 efﬁcere
2686 2176 2838 2229 solus
2878 2176 3183 2244 potest,qui
3206 2177 3346 2244 [acit
3372 2192 3578 2248 magna

1919 2270 1968 2324 et
2035 2266 2387 2336 admiranda,
2447 2283 2681 2338 quorum
2739 2285 2850 2322 non
2917 2273 2996 2323 est
3061 2284 3351 2323 numerus.
3420 2271 3571 2336 Haec,

1918 2357 2239 2429 Polycarpe,
2291 2359 2342 2411 si
2387 2359 2476 2427 fas
2542 2355 2646 2410 tibi
2701 2360 2779 2411 est
2833 2355 2887 2411 ei
2950 2357 3137 2422 dicito,
3197 2360 3247 2412 et
3302 2355 3352 2412 si
3401 2366 3573 2429 potes,

1918 2446 2340 2517 Apollophanes,
2374 2462 2442 2500 ea
2491 2445 2699 2516 refelle,
2731 2447 2901 2500 etiam
2950 2453 3142 2501 contra
3187 2461 3296 2516 me,
3329 2448 3428 2517 qui
3456 2451 3572 2501 tum

1919 2537 2130 2590 scilicet
2156 2538 2334 2590 tecum
2381 2544 2436 2590 et
2479 2533 2640 2606 ad/ui
2685 2541 2738 2590 et
2782 2536 3002 2605 aspexi,
3050 2538 3102 2590 et
3147 2536 3426 2608 exquisivi
3453 2552 3574 2591 om-

1920 2625 2040 2689 nia,
2098 2640 2223 2679 cum
2269 2640 2484 2678 summa
2539 2624 2933 2680 admiratione.
2985 2624 3136 2679 Certe
3188 2627 3308 2679 tum
3353 2623 3575 2695 quidem

1919 2715 2088 2770 etiam
2143 2713 2394 2769 divinare
2443 2713 2591 2768 haud
2637 2712 2771 2783 scio,
2822 2712 2968 2768 unde
3014 2713 3422 2784 Apoll0phanes
3471 2731 3574 2769 cce-

1915 2804 2024 2874 pit,
2055 2805 2107 2856 et
2132 2803 2278 2856 mihi
2314 2810 2577 2874 tanquam
2623 2818 2744 2872 quae
2791 2802 2988 2872 ﬁerent
3029 2801 3350 2873 conjiciens,
3381 2802 3575 2858 dixit:

1921 2892 2062 2948 Sunt
2089 2892 2216 2959 ista,
2249 2907 2278 2947 o
2309 2891 2440 2947 bene
2482 2889 2734 2962 Dionysi,
2767 2889 3091 2946 divinarum
3136 2906 3325 2947 rerum
3353 2892 3573 2948 vicissi-

1925 2978 2164 3035 tudines.

166 3067 396 3140 κρίνοντα
451 3068 635 3123 πάντα
689 3064 780 3120 καὶ
831 3068 1218 3140 συναγάμενον.
1245 3062 1463 3136 Ἀμέλει
1512 3063 1601 3116 καὶ
1657 3062 1910 3134 μαντείας
1962 3066 2109 3138 τότε,
2161 3065 2260 3121 ούκ
2308 3063 2410 3121 οἶδ’
2464 3064 2608 3138 ὅθεν,
2642 3065 2670 3119 ὁ
2718 3062 3146 3140 Ἀπολλοφάνης
3202 3064 3508 3144 ἀπάρχεται
3552 3109 3567 3126 .

165 3156 242 3209 καὶ
315 3157 451 3233 πρὸς
543 3155 647 3229 ἐμὲ
726 3154 906 3228 ὥσπερ
989 3153 1057 3208 τὰ
1125 3152 1387 3229 γινόμενα
1466 3146 1826 3225 συμϐάλλων,
1913 3150 2013 3232 ἔφη
2050 3173 2063 3187 ·

168 3247 480 3320 πραγμάτων
491 3288 504 3302 .

2123 3152 2344 3223 Ταῦτα,
2402 3155 2448 3208 ὦ
2525 3152 2659 3208 καλὲ
2733 3153 3026 3224 Διονύσιε,
3087 3154 3244 3209 θείων
3332 3149 3562 3228 ἀμοιϐαὶ

223 3350 457 3400 Τοσαῦτα
499 3346 584 3407 ὡς
628 3345 746 3400 κατ’
784 3341 1078 3412 ἑπιστολὴν
1121 3341 1335 3418 εἴρηκεν
1380 3343 1408 3397 ὁ
1461 3341 1628 3417 μέγας
1675 3349 1802 3397 Διο-

1986 3345 2116 3402 Haao
2147 3362 2180 3401 a
2209 3349 2411 3402 sancto
2460 3345 2737 3418 Dionysio
2784 3350 3075 3418 quantum
3109 3346 3370 3419 epistolae
3422 3348 3574 3404 ratio

165 3432 329 3495 νύσιος
385 3435 526 3504 πρὸς
587 3435 679 3488 τὸν
737 3433 996 3510 θεοφόρον
1059 3429 1580 3505 Πολύκαρπον.Τῆς
1637 3429 1694 3485 δέ
1753 3451 1816 3505 γε

167 3523 339 3598 σοφίας
391 3523 566 3578 αὐτοῦ
614 3522 703 3576 καὶ
752 3528 854 3590 τῆς
911 3517 1244 3595 εὐγλωττίας
1298 3514 1521 3589 ἔνδειξις
1581 3514 1813 3592 ἀκριϐὴς

167 3613 193 3677 ἡ
232 3617 332 3666 τῶν
377 3613 510 3687 παρ’
565 3610 732 3665 αὐτοῦ
774 3614 1077 3687 γραφεισῶν
1134 3604 1340 3684 βίϐλων
1402 3603 1815 3680 ἀνυπέρϐλητος

163 3703 337 3774 φράσις
372 3721 388 3735 ·
418 3706 492 3775 τῇ
522 3701 632 3778 γὰρ
666 3699 813 3774 παρά
838 3703 946 3753 τῶν
977 3693 1168 3768 ἔξωθεν
1201 3695 1518 3770 καλουμένῃ
1574 3694 1812 3767 παιδείᾳ,

159 3792 218 3861 τῇ
245 3810 300 3843 τε
329 3792 450 3861 θείᾳ
480 3790 583 3844 καὶ
629 3787 892 3863 ἡμετέρᾳ,
923 3785 1142 3854 πολλὴν
1196 3787 1313 3860 εἶχε
1352 3786 1451 3853 τήν
1503 3785 1812 3857 ἐπιστήμην

160 3877 203 3931 ἓν
231 3879 456 3954 ἑκατέρᾳ
489 3898 504 3911 ·
545 3878 597 3932 εἷ
645 3879 750 3952 γάρ
799 3897 881 3938 τις
942 3872 1128 3930 ἀπίδοι
1179 3876 1317 3946 πρὸς
1360 3874 1428 3928 τὰ
1463 3872 1645 3944 κάλλη
1705 3879 1812 3928 τῶν

160 3966 308 4021 αύτοῦ
337 3966 525 4042 λόγων
561 3967 652 4022 καὶ
684 3967 752 4020 τὰ
787 3964 923 4039 βάθη
953 3968 1062 4018 τῶν
1111 3963 1430 4036 νοημάτων,
1463 3964 1562 4017 οὐκ
1605 3963 1813 4038 ἀνθρω-

156 4058 301 4126 πίνης
355 4057 580 4135 φύσεως
637 4059 805 4109 ταῦτα
850 4054 1062 4125 νομίσει
1112 4054 1444 4126 γεννήματα,
1476 4050 1622 4107 ἀλλά
1669 4054 1816 4114 τινὸς

159 4145 422 4220 ἀκηράτου
469 4145 567 4200 καί
621 4145 770 4207 θείας
819 4140 1119 4214 δυνάμεως.
1156 4142 1253 4195 Καὶ
1303 4140 1476 4195 τοίνυν
1537 4139 1682 4211 αύτῷ
1731 4142 1816 4215 γέ-

153 4255 382 4308 γραπται
430 4233 571 4289 τάδε
604 4255 618 4267 ·
685 4232 823 4305 Πρὸς
880 4230 1151 4303 Τιμόθεον
1209 4228 1504 4284 ἐπίσκοπον
1566 4229 1813 4307 Ἐφέσου,

153 4321 233 4374 καὶ
280 4323 442 4378 αὐτὸν
497 4322 759 4396 μαθητὴν
811 4318 1036 4376 Παύλου
1065 4317 1420 4393 ττγχάνοντα,
1473 4319 1599 4393 Περὶ
1659 4318 1812 4382 θείων

153 4409 431 4484 ὀνομάτων
492 4406 694 4486 βιϐλία
747 4410 836 4483 ιβ’.
888 4407 1021 4481 Περὶ
1103 4406 1398 4479 ἡνωμένης
1480 4415 1569 4462 καί
1637 4405 1818 4462 διακε-

151 4503 404 4573 κριμένης
468 4497 811 4572 θεολογίας·
873 4497 996 4571 περὶ
1065 4501 1182 4564 τοῦ,
1243 4497 1344 4560 Τίς
1390 4499 1425 4565 ἡ
1484 4503 1584 4565 τῆς
1646 4497 1818 4572 εὐχῆς

151 4585 394 4661 δύναμιςο
431 4589 529 4644 καὶ
586 4587 710 4662 περὶ
767 4589 864 4640 τοῦ
911 4585 1178 4658 μακαρίου
1209 4585 1497 4656 Ἰεροθέου,
1545 4586 1634 4639 καὶ
1693 4586 1815 4660 περὶ

151 4675 449 4746 εὐλαϐείας,
496 4677 598 4736 καὶ
637 4681 954 4753 συγγραφῆς
1006 4672 1329 4749 θεολογικῆς
1358 4695 1371 4708 ο
1421 4675 1547 4748 περὶ
1591 4675 1814 4750 ἀγαθοῦ,

149 4768 342 4843 φωτὸς,
404 4766 622 4831 καλοῦ,
681 4759 907 4837 ἔρωτος,
965 4761 1289 4832 ἐκστάσεως,
1351 4761 1542 4833 ζήλου.
1587 4763 1683 4817 Καὶ
1734 4763 1816 4818 ὅτι

144 4858 200 4910 τὸ
224 4859 389 4912 κακὸν
427 4853 566 4912 οὔτε
600 4855 684 4924 ὃν,
717 4851 840 4907 οὔτε
883 4850 934 4922 ἐξ
983 4847 1163 4919 ὄντος,
1195 4847 1318 4906 οὔτε
1367 4850 1418 4904 ἐν
1464 4856 1582 4913 τοῖς
1643 4849 1762 4905 οῦσι
1797 4870 1810 4884 ·

146 4945 260 5020 περὶ
290 4950 390 5001 τοῦ
424 4942 624 5011 ὄντος,
656 4943 708 4996 ἐν
741 4943 786 5013 ᾧ
816 4939 907 4995 καί
962 4937 1380 5016 παραδείγματα
1414 4959 1427 4973 ·
1462 4941 1585 5014 περὶ
1651 4945 1817 5010 ζῶῆς,

145 5035 258 5107 περὶ
312 5036 546 5111 σοφίας,
609 5036 726 5100 νοῦ,
785 5030 980 5105 λόγου,
1042 5028 1325 5100 ἀληθείας,
1377 5029 1610 5091 πίστεως
1645 5050 1657 5062 ·
1693 5030 1817 5105 περὶ

146 5117 454 5196 δυνάμεως,
537 5119 910 5188 δικαιοσύνης,
975 5117 1274 5190 σωτηρίας,
1333 5115 1813 5190 ἀπολυτρώσεως-

142 5214 254 5285 περὶ
313 5211 582 5286 μεγάλου
632 5207 722 5262 καὶ
779 5210 1002 5282 μικροῦ,
1060 5205 1281 5274 ταύτοῦ,
1334 5206 1539 5282 ἑτέρου,
1596 5205 1817 5278 ὁμοίου,

141 5300 429 5375 ἀνομοίου,
491 5300 763 5367 στάσεως,
822 5297 1108 5366 κινήσεως,
1173 5295 1424 5365 ἰσότητος
1464 5313 1485 5337 ἰ
1511 5296 1632 5370 περὶ
1678 5301 1815 5350 Παν-

138 5392 494 5466 τοκράτορος.
535 5384 788 5444 Παλαιοῦ
816 5384 1063 5460 ἡμερῶν,
1097 5382 1148 5438 ἐν
1185 5383 1230 5456 ᾧ
1287 5381 1376 5437 καί
1410 5383 1535 5459 περὶ
1594 5383 1815 5454 αἰῶνος,

1924 3435 2166 3504 ferebat,
2200 3435 2419 3489 deifero
2456 3435 2768 3508 Polycarpo
2801 3434 2956 3490 dicta
2989 3435 3167 3490 fuere.
3220 3435 3396 3492 Porro
3443 3438 3574 3508 ejus

1924 3523 2228 3594 sapientia)
2259 3529 2316 3578 et
2346 3523 2693 3595 eloquentiae
2726 3528 3000 3578 accurata
3031 3524 3455 3581 demonstratio
3487 3530 3577 3582 est

1923 3612 2136 3668 eximia
2183 3629 2249 3667 ac
2301 3611 2620 3683 singularis
2669 3612 3024 3682 scriptorum
3071 3613 3142 3668 ab
3175 3629 3240 3667 eo
3289 3613 3574 3670 librorum

1924 3701 2210 3770 elocutio;
2242 3717 2371 3755 eam
2402 3699 2557 3756 enim
2591 3717 2722 3772 quas
2765 3701 2836 3755 ab
2879 3700 3134 3757 externis
3167 3717 3379 3757 nomen
3412 3719 3574 3758 acce-

1924 3791 2011 3860 pit
2040 3789 2438 3860 disciplinam,
2470 3794 2528 3844 et
2567 3789 2826 3843 divinam
2877 3793 3054 3861 atque
3101 3793 3386 3857 nostram,
3422 3790 3572 3845 mul-

1923 3881 2043 3933 tam
2078 3879 2137 3933 in
2169 3882 2416 3950 utraque
2446 3879 2595 3935 855
2633 3882 2985 3933 consecutus
3014 3883 3103 3934 est
3146 3878 3491 3948 scientiam;
3526 3879 3577 3933 si

1923 3967 2081 4023 enim
2130 3967 2346 4039 aliquis
2381 3967 2452 4022 ad
2485 3983 2824 4023 sermonum
2872 3968 3001 4038 ejus
3031 3969 3241 4024 decora
3269 3972 3326 4024 et
3355 3968 3576 4041 cogita-

1925 4057 2152 4112 tionum
2204 4056 2669 4126 profunditatem
2721 4057 3035 4127 aspexerit,
3067 4073 3134 4112 ea
3166 4056 3438 4112 humanas
3471 4074 3573 4113 na-

1923 4149 2068 4200 tura;
2101 4145 2274 4200 icetus
2325 4144 2569 4200 minime
2611 4145 2866 4216 putabit,
2897 4145 2996 4200 sed
3047 4146 3353 4216 cujusdam
3385 4147 3579 4201 incor-

1928 4233 2224 4305 ruptibilis
2273 4251 2340 4288 ac
2389 4233 2600 4288 divinas
2651 4234 2906 4288 virtutis.
2958 4237 3091 4288 Haec
3137 4233 3336 4307 itaque
3385 4236 3457 4289 ab
3509 4251 3576 4289 eo

1927 4324 2146 4393 scripta
2198 4328 2358 4380 sunt.
2392 4323 2472 4378 Ad
2515 4322 2891 4378 Timotheum
2939 4322 3149 4394 Ephesi
3209 4323 3571 4394 episcopum,

1927 4412 2026 4483 qui
2059 4417 2116 4466 et
2143 4412 2270 4483 ipse
2311 4412 2471 4467 Pauli
2505 4411 2835 4483 discipulus
2867 4417 3010 4478 erat,
3047 4418 3123 4468 De
3159 4411 3365 4466 divinis
3393 4412 3576 4466 nomi-

1925 4503 2107 4568 nibus,
2178 4502 2311 4556 libri
2370 4519 2450 4556 xn
2503 4503 2639 4573 (50).
2711 4504 2784 4557 De
2847 4503 3155 4569 coniuncta,
3215 4502 3580 4572 distinctaque

1928 4591 2239 4663 Theologia.
2277 4595 2404 4658 Quae
2433 4590 2506 4645 sit
2535 4593 2616 4645 ris
2659 4591 2948 4656 orationis,
2981 4594 3038 4644 et
3070 4591 3140 4644 de
3174 4590 3339 4645 beato
3372 4589 3576 4644 Hiero-

1926 4679 2083 4747 theo,
2115 4683 2172 4733 et
2202 4679 2272 4734 de
2303 4678 2584 4749 religione
2628 4695 2695 4733 ac
2743 4678 3170 4749 conscriptione
3200 4678 3572 4750 Theologica.

1927 4768 2005 4823 De
2045 4768 2220 4832 bono,
2269 4767 2420 4834 luce,
2473 4766 2740 4838 pulchro,
2791 4783 3011 4838 amore,
3043 4767 3259 4822 mentis
3308 4783 3572 4835 excessu,

1924 4855 2046 4911 zelo
2079 4861 2135 4911 et
2167 4855 2390 4912 malum
2441 4871 2547 4911 nec
2593 4873 2722 4910 esse
2775 4855 3096 4926 quidquam
3131 4857 3284 4928 quod
3329 4861 3438 4928 est,
3472 4873 3579 4912 nec

1927 4961 2055 5001 esse
2097 4961 2166 5000 ex
2213 4961 2278 5000 eo
2329 4945 2483 5016 quod
2516 4948 2627 5011 est,
2662 4960 2766 4998 nec
2816 4944 2877 4999 in
2925 4944 2998 4998 iis
3046 4960 3175 5015 quas
3207 4950 3367 5001 sunt.
3401 4949 3478 5001 De
3509 4961 3577 5001 eo

1928 5035 2081 5105 quod
2115 5039 2227 5100 est,
2258 5035 2318 5088 in
2352 5051 2467 5104 quo
2499 5033 2676 5088 etiam
2728 5033 2799 5087 de
2843 5032 3296 5105 exemplaribus.
3329 5034 3410 5089 De
3439 5034 3576 5103 vita,

1926 5123 1999 5178 de
2031 5123 2342 5194 sapientia,
2395 5127 2607 5193 mente,
2641 5121 2884 5192 ratione,
2917 5122 3181 5189 veritate,
3213 5123 3347 5179 ﬁde.
3379 5123 3460 5179 De
3499 5123 3578 5191 vi,

1920 5210 2173 5280 justitia,
2207 5211 2417 5279 salute,
2453 5211 2875 5282 redemptione.
2909 5211 2988 5266 De
3038 5227 3248 5283 magno
3278 5217 3336 5267 et
3379 5229 3576 5297 parvo,

1927 5301 2154 5367 eodem,
2190 5301 2324 5367 alio,
2359 5299 2557 5369 simili,
2588 5298 2883 5367 dissimili,
2917 5307 3096 5368 statu,
3129 5306 3314 5369 motu,
3338 5301 3580 5374 aequali-

1926 5390 2078 5458 tate;
2097 5389 2169 5445 de
2185 5389 2621 5461 Omnipotente,
2637 5387 2892 5460 Antiquo
2912 5388 3164 5458 dierum,
3182 5389 3240 5446 in
3262 5405 3380 5462 quo
3399 5391 3579 5447 etiam

202 5601 317 5673 (50)
347 5598 420 5656 Id
455 5598 559 5655 est
591 5593 817 5668 capita;
852 5594 1050 5650 censet
1077 5592 1275 5647 autem
1304 5593 1536 5647 tantum
1570 5595 1657 5662 12,
1690 5592 1831 5666 quia
1862 5593 2124 5666 primum
2155 5597 2245 5650 est
2273 5593 2463 5650 instar
2494 5591 2738 5664 prologi.
