3930 6202
427 272 527 325 611

1651 268 1711 319 S.
1751 265 2069 319 DIONYSII
2107 264 2610 320 ABEOPAGITE.

3687 279 3765 334 612

427 400 498 455 de
552 395 877 452 aeternitate
919 398 977 451 et
1020 392 1408 467 temporibus.
1451 391 1516 446 Et
1569 389 1709 460 quid
1769 386 1882 443 sibi
1938 385 2067 442 velit

2191 385 2283 474 xui
2313 387 2552 462 χρόνωνο
2586 388 2675 442 καὶ
2706 386 2759 444 τί
2794 386 3046 462 βούλεται
3072 391 3135 446 τὸ
3163 391 3291 448 αὐτὸ
3319 395 3468 448 εἶναι·
3492 397 3605 471 περὶ
3630 399 3768 474 ’Δγίου

429 489 627 561 ipsum
676 501 825 540 esse.
860 483 938 540 De
988 488 1193 539 sancto
1241 485 1603 550 sanctorum,
1653 479 1803 548 Rege
1855 491 2086 556 regum,

428 582 486 634 et
531 575 778 631 Domino
827 572 1228 637 dominorum,
1277 575 1453 642 atque
1503 568 1619 623 Deo
1671 567 1915 621 deorum
1949 565 2084 635 (51).

2197 473 2384 548 ἁγίων,
2447 473 2728 540 Βασιλέως
2813 476 3105 554 βασιλέων,
3165 480 3252 535 καὶ
3337 483 3527 559 Κυρίου
3596 473 3768 563 κυρίων,

2195 564 2280 617 καὶ
2333 569 2466 619 Θεοῦ
2527 569 2684 629 θεῶν.
2717 565 2907 642 Ἑτέρα
2948 563 3143 642 βίϐλος
3169 570 3302 642 πρὸς
3328 571 3419 625 τὸν
3452 571 3595 627 αὐτὸν
3637 577 3765 648 Τιμό·

428 667 594 723 Alius
624 663 774 719 liber
793 663 864 718 ad
892 662 1165 718 eumdem
1199 659 1574 715 Timotheum
1612 657 1682 710 De
1711 653 2067 711 ecclesiastia

2193 652 2334 722 θεον,
2396 653 2526 730 Περὶ
2607 652 3063 739 ἐκκλησιαστικῆς
3136 657 3434 735 ἱεραρχίας,
3501 664 3767 739 περιέχουσα

433 753 783 817 hierarchia,
837 751 1142 808 continens
1199 749 1394 820 capita
1446 749 1532 802 15.
1583 744 1751 800 Alius
1806 742 1954 799 liber
2008 743 2080 796 ad

430 845 705 902 eumdem
759 840 1131 898 Timotheum
1191 839 1265 894 De
1319 835 1533 892 ccclein
1589 832 1927 899 hierarchz'a,
1978 833 2082 903 qui

430 935 604 991 etiam
650 930 843 1003 capita
874 930 940 983 15
971 925 1400 998 complectitur.
1435 924 1600 980 Alius
1630 922 1777 978 liber
1807 921 1878 977 ad
1910 938 2079 977 eum-

427 1025 560 1079 dem
609 1018 983 1076 Timotheum
1037 1017 1106 1072 De
1147 1017 1383 1086 mystica
1431 1014 1730 1081 theoloyia,
1771 1011 2079 1066 continens

426 1112 622 1184 capita
648 1111 702 1165 5.
733 1109 1023 1164 Feruntur
1054 1111 1110 1161 et
1139 1106 1268 1176 ejus
1298 1103 1579 1176 epistolae,
1609 1103 1681 1158 ad
1713 1100 1920 1157 Gaium
1958 1100 2081 1155 the-

425 1205 729 1272 rapeutam
774 1198 828 1265 4,
871 1197 938 1250 ad
996 1192 1355 1250 Dorctheum
1407 1192 1720 1246 diaconum
1771 1190 1821 1260 1,
1853 1189 1925 1244 ad
1975 1189 2076 1244 So-

423 1294 656 1360 patrum
713 1285 1080 1341 sacerdotem
1141 1283 1193 1351 1,
1249 1284 1319 1337 ad
1381 1280 1764 1353 Polycarpum
1815 1279 2072 1350 Smyrnae

420 1378 765 1450 episcopum
824 1377 889 1439 1,
949 1375 1020 1429 ad
1081 1370 1490 1444 Denmphilum
1549 1370 1957 1439 therapeutam
2017 1366 2070 1436 1,

420 1468 490 1523 ad
522 1468 809 1522 Joannem
856 1461 1221 1534 theologum,
1253 1458 1586 1533 apostolum
1631 1474 1698 1514 ac
1742 1454 2069 1528 evangelis-

414 1561 538 1611 tam
574 1556 624 1609 1.

489 1643 801 1700 Sciendum
828 1645 1020 1696 autem
1043 1644 1152 1708 est,
1171 1639 1456 1710 quosdam
1479 1638 1752 1708 profanos
1769 1636 2067 1707 sapientes

2189 740 2384 818 κεφάλ*
2418 744 2496 800 ιε’.
2519 743 2708 817 Ἑτέρα
2736 738 2936 820 βίϐλος
2993 746 3132 819 πρὸς
3189 747 3281 800 τὸν
3337 746 3490 803 αὐτόν
3540 738 3767 823 Τιμόθεον,

2189 831 2318 903 Περὶ
2368 838 2469 895 τ’ἵς
2511 832 2770 908 οὐρανίου
2818 834 3125 909 ἱεραρχίας,
3175 837 3499 911 περιέχουσα
3551 842 3630 894 καὶ
3668 841 3766 911 αὐτὴ

2188 917 2382 997 κεφάλ·
2422 921 2496 978 ιε’.
2529 920 2709 992 ’Ἄλλη
2771 923 2907 997 πρὸς
2954 924 3046 978 τὸν
3097 925 3260 980 αὐτὸν
3297 926 3551 999 Τιμόθεον
3607 925 3766 1004 βίϐλος,

2187 1011 2320 1084 Περὶ
2411 1017 2676 1084 μυστικῆς
2759 1011 3087 1087 θεολογίας,
3167 1015 3491 1091 περιέχουσα
3558 1018 3767 1095 κεφάλαια

2186 1097 2362 1155 πέντε.
2393 1099 2658 1175 Φέρονται
2706 1097 2764 1155 δὲ
2804 1100 2969 1156 αὐτοῦ
3011 1103 3101 1156 καὶ
3161 1102 3443 1159 ἐπιστολαὶ
3492 1106 3615 1180 πρὸς
3656 1110 3769 1163 Γάϊον

2184 1190 2514 1263 θεραπευτὴν
2569 1186 2612 1244 δ’
2646 1209 2659 1222 ’
2692 1191 2828 1265 πρὸς
2876 1191 3154 1266 Δωρόθεον
3206 1189 3518 1270 λειτουργὸν
3559 1202 3598 1249 α’
3626 1215 3638 1228 ⁸
3673 1199 3769 1272 πρὸς

2184 1278 2483 1353 Σώπατρον
2537 1278 2682 1354 ἱερέα
2757 1280 2804 1334 α’
2840 1301 2852 1314 ’
2914 1282 3051 1355 πρὸς
3137 1280 3489 1357 Πολύκαρπον
3559 1284 3768 1360 ἱεράρχην

2183 1366 2442 1441 Σμύρνης
2482 1369 2527 1421 α’
2560 1387 2572 1400 '
2605 1369 2743 1443 πρὸς
2791 1368 3114 1447 Δημόφιλον
3164 1373 3492 1447 θεραπευτὴν
3539 1375 3581 1428 α’
3613 1394 3624 1405 ·
3668 1375 3771 1449 πρὸς

2180 1456 2439 1526 Ἰωάννην
2469 1457 2560 1511 τὸν
2609 1457 2869 1533 θεολόγον
2917 1459 3008 1514 τὸν
3056 1458 3363 1516 ἀπόστολον
3413 1461 3500 1516 καὶ
3547 1462 3769 1539 εὐαγγελι-

2179 1546 2308 1614 στὴν
2343 1552 2408 1601 α’.

2249 1633 2442 1690 Ἰστέον
2506 1632 2563 1689 δὲ
2618 1634 2693 1698 ὥς
2749 1657 2893 1699 τινες
2933 1642 3040 1692 τῶν
3074 1634 3175 1712 ἔξω
3208 1644 3412 1717 σοφῶν,
3444 1642 3530 1696 καὶ
3585 1641 3771 1714 μάλιστα

412 1750 478 1790 ac
506 1731 757 1786 maxime
781 1733 1072 1800 Proclum,
1098 1727 1406 1784 sententiis
1430 1731 1604 1798 atque
1632 1724 1886 1780 inventis
1909 1723 2063 1778 beati

412 1822 474 1834 ne
636 1820 670 1831 α·
713 1820 736 1834 η
963 1823 973 1834 ι
1104 1832 1213 1834 ,,,-
1274 1831 1407 1834 _,,-_
1468 1815 1596 1834 ᾲηε.-
1660 1813 1824 1834 -.ε-...
1887 1811 2061 1834 ..η-12,

2175 1722 2447 1834 ὶίρόκλρς,
2482 1725 2800 1800 θεωρήμασι
2846 1724 3121 1790 πολλάκις
3170 1733 3269 1782 τοῦ
3323 1732 3580 1806 μακαρίου
3627 1738 3771 1785 Διονυ-

409 1820 671 1892 Dionysii
709 1820 1046 1890 frequenter
1091 1832 1222 1872 esse
1272 1831 1433 1882 usos,
1461 1815 1604 1885 quin
1653 1813 1831 1868 etiam
1887 1811 2064 1867 nudis

407 1911 632 1974 verbis;
686 1909 840 1962 unde
891 1905 1176 1977 suspicari
1230 1904 1386 1970 licet,
1427 1901 1774 1958 vetustiores
1821 1900 2065 1956 Athenis

416 1997 824 2070 philos0phos,
857 1995 970 2049 sibi
1014 1995 1143 2066 ejus
1193 2009 1367 2064 opera
1402 1997 1775 2063 usurpantes,
1809 2006 2064 2061 quorum

414 2087 542 2159 ipse
573 2087 642 2141 ad
675 2083 1046 2140 Timotheum
1096 2082 1360 2137 scribens
1394 2079 1684 2144 meminit,
1715 2077 2063 2146 occultasse,

413 2181 479 2231 ut
509 2175 618 2248 ipsi
652 2175 985 2229 divinorum
1009 2173 1138 2242 ejus
1171 2171 1453 2226 librorum
1487 2173 1684 2240 patres
1704 2168 2062 2224 viderentur.

413 2269 562 2337 Ergo
592 2264 693 2318 Dei
723 2263 1017 2334 interpres
1051 2259 1382 2328 Dionysius.
1410 2263 1679 2330 provecta
1715 2259 1842 2328 jam
1875 2263 2061 2324 aetate,

409 2355 758 2424 dierumque
801 2351 1044 2422 spiritus
1096 2347 1328 2422 plenus,
1363 2348 1642 2420 martyrio
1687 2362 1792 2417 pro
1833 2345 2064 2401 Christo

413 2446 860 2499 consummatur
883 2439 992 2495 sub
1009 2439 1261 2508 Trajano
1281 2438 1526 2505 Caesare,
1544 2435 1779 2506 quando
1802 2439 1861 2489 et
1886 2434 2067 2489 deifer

412 2530 676 2603 lgnatius
719 2533 1014 2584 certamen
1059 2524 1520 2580 immortalitatis
1551 2523 1887 2578 dccertavit.
1919 2521 2065 2577 Nota

414 2619 756 2676 Michaelem
791 2615 1107 2689 Syngelum
1143 2612 1732 2684 Hierosolymitanum
1771 2610 2064 2665 laudatio-

414 2725 545 2766 ncm
577 2707 771 2778 magni
811 2705 1062 2777 Dionysii
1101 2703 1436 2774 scripsisse,
1470 2703 1528 2755 in
1565 2717 1681 2772 qua
1712 2700 1854 2754 dicit
1887 2717 1934 2753 τι
1958 2699 2064 2752 Ve-

417 2799 615 2852 nimus
646 2795 808 2850 vobis
840 2792 1118 2849 audiendi
1151 2791 1380 2863 cupidis
1415 2788 1789 2860 proposituri,
1813 2805 1944 2857 quas
1975 2787 2063 2843 vel

410 2885 728 2941 traditione
759 2900 873 2938 non
906 2882 1144 2953 scripta.
1165 2886 1266 2935 aut
1287 2879 1506 2948 scripta
1527 2878 1883 2947 accepimus.
1907 2877 2064 2932 Talis

411 2975 593 3046 igitur
622 2988 811 3028 sermo
835 2971 908 3025 ad
932 2987 1038 3024 nos
1074 2969 1356 3040 pervenit,
1387 2966 1504 3021 ﬁlio
1535 2982 1566 3020 a
1598 2972 1758 3032 patre
1786 2966 2061 3032 traditus,

410 3076 694 3132 magnum
725 3060 881 3114 hunc
915 3057 1280 3129 Dionysium,
1303 3062 1562 3126 tempore
1597 3055 1750 3112 856
1784 3054 2062 3109 salutaris

2175 1813 2296 1866 σίου
2325 1811 2617 1888 κέχρηται,
2648 1814 2738 1868 καὶ
2764 1815 2954 1876 αὐταῖς
2988 1813 3046 1870 δὲ
3089 1817 3282 1893 ξηραῖς
3335 1825 3454 1880 ταῖς
3499 1817 3670 1889 λέξεσι,
3695 1822 3770 1874 Καὶ

2174 1896 2315 1955 ἔστιν
2372 1901 2626 1956 ὑπόνοιαν
2677 1902 2735 1957 ἐκ
2773 1903 2968 1958 τούτου
3029 1900 3238 1974 λαϐεῖν,
3273 1906 3349 1968 ὡς
3402 1908 3454 1961 οἱ
3485 1907 3531 1962 ἐν
3563 1909 3772 1980 Ἀθήναις

2174 1987 2530 2064 παλαιότεροι
2563 1995 2670 2045 τῶν
2726 1990 3068 2070 φιλοσόφων,
3103 1995 3541 2071 σφετερισάμενοι
3583 1997 3664 2059 τὰς
3702 1997 3771 2050 αὖ·

2173 2083 2269 2133 τοῦ
2325 2080 2718 2154 πραγματείας,
2752 2079 2824 2135 ὦν
2884 2081 3043 2145 αὐτὸς
3107 2084 3441 2156 μνημονεύει
3471 2087 3593 2157 πρὸς
3638 2085 3772 2158 Τιμό-

2176 2180 2295 2232 θεον
2345 2173 2592 2246 γράφων,
2624 2171 2956 2246 ἀπέκρυψαν,
2995 2171 3087 2228 ’ίνα
3135 2174 3364 2250 πατέρες
3417 2176 3563 2230 αὐτοὶ
3607 2176 3771 2253 ὀφθῶσι

2171 2263 2280 2313 τῶν
2330 2257 2486 2313 θείων
2529 2259 2692 2316 αὐτοῦ
2737 2259 2946 2337 λόγων.
3011 2263 3072 2319 Ὁ
3120 2263 3302 2318 τοίνυν
3365 2265 3650 2343 θεοφάντωρ
3675 2273 3768 2318 Διο-

2173 2349 2373 2415 νύσιος,
2405 2345 2512 2418 ἤδη
2546 2369 2650 2404 που
2687 2351 2892 2426 μακρὸν
2943 2349 3140 2415 ἐλάσας
3197 2351 3424 2427 χρόνον,
3453 2355 3535 2409 καὶ
3593 2351 3772 2428 πλήρης

2173 2438 2396 2510 ἡμερῶν
2443 2440 2681 2513 γεγονὼς
2727 2443 2833 2494 τῶν
2881 2444 2978 2494 τοῦ
3027 2439 3362 2513 πνεύματος,
3416 2442 3669 2519 μαρτυρίῳ
3713 2446 3770 2511 τῷ

2179 2524 2311 2599 ὑπὲρ
2345 2530 2582 2600 Χριστοῦ
2611 2526 2938 2597 τελειοῦται,
2972 2528 3058 2583 ἐπὶ
3091 2532 3369 2605 Τραϊανοῦ
3423 2530 3680 2605 Καίσαρος,
3705 2528 3772 2583 ὅτε

2173 2613 2263 2667 καὶ
2295 2614 2323 2668 ὁ
2354 2615 2614 2692 θεοφόρος
2647 2617 2912 2691 Ἰγνάτιος
2942 2619 3033 2673 τὸν
3065 2625 3164 2687 τῆς
3192 2619 3474 2682 ἀθανασίας
3528 2617 3770 2690 διήθλησεν

2175 2704 2376 2776 ἀγῶνα.
2407 2706 2533 2759 ’Ότι
2581 2705 2658 2767 είς
2705 2707 2794 2760 τὸν
2843 2705 3005 2783 μέγαν
3049 2707 3332 2763 Διονύσιον
3383 2706 3596 2784 ἔγραψεν
3638 2707 3769 2783 ἐγκώ-

2178 2813 2300 2864 μιον
2351 2790 2585 2867 Μιχαὴλ
2639 2792 2911 2870 Σύγγελος
2961 2795 3386 2870 Ἱεροσολύμων,
3418 2796 3467 2852 ἐν
3606 2811 3770 2874 φησιν’

2175 2884 2369 2938 ‹‹”Οσα
2427 2879 2498 2936 δι’
2544 2883 2786 2961 ἀγράφου
2831 2880 3182 2957 παραδόσεως
3232 2885 3268 2954 ἢ
3318 2886 3583 2964 ἐγγράφως
3625 2903 3772 2959 παρει-

2175 2968 2450 3048 λήφαμεν,
2509 2970 2715 3044 ἥκομεν
2777 2973 2904 3046 ὑμῖν
2963 2971 3378 3052 φιλακροάμοσι
3446 2973 3769 3050 παραθησόμε-

2171 3081 2277 3113 νοι.
2309 3063 2565 3124 Τοιοῦτος
2621 3062 2710 3115 οὗν
2770 3062 2845 3124 εἷς
2905 3065 3054 3135 ἡμᾶς
3112 3065 3426 3136 κατήντηκε
3473 3065 3639 3138 λόγος,
3678 3060 3772 3115 ἀνίσ

412 3147 874 3214 Passionis,cum
913 3144 1000 3200 sol
1033 3146 1090 3198 in
1123 3143 1368 3199 meridie
1398 3143 1808 3206 occultaretur,
1841 3159 1907 3197 eo
1941 3142 2052 3196 mi-

2171 3150 2321 3202 καθεν
2356 3149 2491 3224 πρὸς
2519 3151 2720 3224 πατρὸς
2751 3149 2905 3206 παιδὶ
2934 3132 3419 3226 παραδεδομένους,
3451 3155 3523 3218 ὡς
3551 3132 3598 3208 ’ὁ
3629 3132 3771 3223 -μέγας

409 3236 609 3292 reculo
640 3235 1013 3291 vehementer
1061 3232 1396 3298 attonitum,
1429 3248 1494 3287 ac
1536 3232 1686 3286 ultra
1735 3231 2054 3286 humanam

410 3325 803 3397 cognitionem
844 3329 1133 3390 evectum,
1170 3321 1267 3376 ubi
1313 3327 1508 3376 mente
1537 3321 1688 3391 quod
1725 3320 1896 3375 fiebat
1928 3337 2054 3390 per-

409 3414 732 3487 pendisset,
773 3411 986 3467 dixisse
1019 3429 1031 3466 :
1066 3412 1283 3481 Ignotus
1333 3411 1469 3465 Deus
1512 3411 1750 3481 patitur,
1782 3409 1845 3464 ob
1892 3424 2053 3480 quem

407 3505 509 3559 hoc
564 3505 884 3557 universum
929 3501 1172 3567 caligine
1226 3498 1517 3553 obductum
1574 3507 1653 3553 est
1709 3513 1773 3552 ac
1826 3513 2052 3551 concus-

405 3610 528 3649 sum
547 3610 566 3646 :
589 3607 838 3662 moxque
869 3594 1099 3660 tempus
1131 3605 1247 3659 quo
1271 3605 1372 3659 per
1395 3588 1732 3642 universum
1763 3588 2050 3642 mundum

403 3689 696 3756 patratum
757 3686 848 3734 est
906 3678 1279 3741 miraculum,
1330 3677 1653 3732 certissime
1711 3676 2050 3748 designans,

405 3772 558 3843 apud
608 3787 670 3826 se
719 3768 1123 3834 conservabat,
1159 3766 1299 3837 quid
1350 3783 1417 3820 eo
1465 3767 1912 3820 denuntiaretur
1955 3782 2050 3820 ex-

404 3867 697 3932 spectans.
732 3857 997 3914 Meminit
1027 3856 1203 3912 etiam
1235 3856 1362 3927 ipse
1406 3855 1462 3910 in
1505 3855 1752 3926 epistola
1783 3855 1854 3909 ad
1886 3853 2051 3926 Poly-

405 3965 667 4020 carpum,
701 3949 952 4002 maxime
998 3945 1277 4002 horrendi
1313 3945 1470 3999 illius
1515 3943 1724 3999 solaris
1754 3944 2048 4010 defectus;

407 4052 544 4090 nam
587 4052 720 4090 cum
765 4034 1200 4104 Apollophanes
1249 4033 1424 4088 homo
1474 4031 1883 4103 philosophus,
1919 4031 2050 4088 reli-

404 4123 576 4194 gione
623 4122 876 4190 Graecus,
937 4122 1360 4192 indignaretur,
1427 4122 1678 4191 huicque
1737 4129 1823 4176 ter
1882 4123 2049 4177 beato

404 4209 848 4274 conviciaretur,
879 4209 1031 4280 quod
1081 4226 1213 4264 cum
1272 4209 1672 4264 amicissimus
1723 4209 1933 4265 fuisset
1983 4228 2050 4267 ac

405 4299 726 4373 popularis,
762 4298 978 4370 patrios
1027 4300 1222 4352 cultus
1271 4304 1658 4361 aversaretur,
1678 4304 1734 4353 et
1763 4299 2048 4355 Christia-

403 4406 538 4445 nam
572 4389 746 4443 fidem
791 4389 1084 4459 praeferret
1115 4389 1290 4456 atque
1339 4383 1792 4456 amplecteretur
1839 4388 2049 4442 acerri-

407 4494 616 4550 meque
659 4480 942 4540 tueretur,
989 4491 1055 4530 ac
1087 4473 1420 4529 Graecorum
1469 4473 1798 4530 rationibus
1847 4483 2052 4532 contra

399 4573 631 4623 Graecos
663 4570 953 4632 uteretur;
981 4563 1304 4618 convicium
1328 4568 1384 4617 et
1405 4561 1865 4633 indignationem
1891 4566 2043 4620 refu-

389 4661 516 4712 tare
564 4659 800 4711 tentans
860 4669 927 4708 ac
988 4653 1180 4723 potius
1240 4651 1554 4723 Polycarpo
1585 4652 2040 4723 (refutationem)

390 4760 740 4817 suggerens,
764 4741 823 4797 in
857 4757 1032 4813 quem
1065 4739 1163 4796 ille
1187 4740 1506 4796 commilito
1528 4741 1771 4796 dicteria
1801 4741 1902 4797 illa
1934 4743 2039 4797 hn-

383 4835 579 4906 gebat,
611 4833 733 4888 haec
764 4831 906 4886 dicit
941 4847 952 4886 :
989 4831 1075 4889 Tu
1106 4835 1300 4885 autem
1335 4830 1482 4886 dicis
1514 4829 1861 4887 maledicere
1893 4831 2038 4887 mihi

380 4923 709 4994 s0phistam
760 4918 1248 4991 Apollophanem,
1301 4935 1366 4974 ac
1415 4919 1770 4990 parricidam
1846 4922 2036 4978 nomi-

383 5029 545 5081 nare,
581 5017 637 5066 et
665 5014 893 5065 caetera.

2165 3237 2439 3300 Διονύσιος
2494 3237 2651 3302 οὗτος
2699 3242 2835 3294 κατά
2881 3241 2972 3295 τὸν
3005 3245 3101 3294 τοῦ
3133 3243 3413 3318 σωτηρίου
3445 3244 3638 3307 ΙΙάθους
3675 3259 3768 3295 και-

2162 3327 2278 3400 ρὸν,
2309 3327 2471 3396 ἡνίκα
2521 3328 2794 3400 μεσούσης
2837 3331 3048 3406 ἡμέρας
3094 3331 3122 3384 ὁ
3170 3329 3338 3400 ἥλιος
3389 3327 3762 3409 ἕκρύπτετο,ίπῖ

2159 3419 2240 3486 τῷ
2291 3413 2582 3489 παραδόξῳ
2631 3415 2839 3494 σφόδρα
2869 3418 3142 3488 τεθηπὼς,
3175 3419 3263 3474 καὶ
3324 3423 3427 3490 τήν
3483 3415 3786 3493 ἀνθρωπείαν

2165 3499 2553 3578 ὑπερϐεϐηκὼς
2583 3510 2806 3580 γνῶσιν,
2839 3510 3180 3577 κατανοήσας
3227 3511 3291 3564 τὸ
3323 3510 3564 3584 γεγονὸς,
3593 3509 3754 3579 Ἀγνωο

2161 3613 2304 3662 στος,
2332 3589 2455 3670 ἔφη,
2487 3593 2686 3668 πάσχει
2717 3596 2868 3658 Θεὸς,
2897 3593 2968 3649 δι’
2997 3596 3054 3650 ’ὀν
3079 3594 3204 3652 τόδε
3259 3599 3326 3653 τὸ
3385 3605 3485 3654 πᾶν
3537 3589 3751 3674 ἐζόφωταί

2157 3702 2216 3736 τε
2268 3682 2356 3736 καὶ
2390 3681 2706 3736 σεσάλευται
2743 3702 2754 3713 ·
2789 3684 2878 3738 καὶ
2905 3693 3255 3760 παραχρῆμα
3312 3689 3405 3742 τὸν
3462 3686 3657 3762 χρόνον,
3678 3688 3768 3742 καθ’

2159 3771 2216 3824 ὃν
2273 3771 2424 3825 τουτὶ
2478 3773 2540 3826 τὸ
2595 3772 2936 3848 παγκόσμιον
3015 3773 3324 3831 ἐτετέλεστο
3384 3773 3765 3851 τερατούργημα,

2157 3861 2680 3932 τεκμηριωσάμενος
2764 3860 2946 3937 ἐτήρει
3028 3865 3156 3934 παρ’
3242 3864 3444 3937 ἑαυτῷ,
3505 3861 3767 3937 τούντεῦθεν

2160 3929 2623 4023 διαγγελούμενον
2699 3929 3037 4023 καραδοκῶν.
3096 3929 3439 4026 Μέμνηταιμ
3475 3953 3640 4026 μέντοι
3699 3929 3768 4001 καὶ

2158 4035 2317 4097 αὐτὸς
2348 4034 2400 4089 έν
2429 4040 2496 4102 τῇ
2528 4037 2664 4113 πρὸς
2698 4036 3058 4115 Πολύκαρπον
3113 4040 3382 4113 ἐπιστολῇ
3439 4048 3536 4111 τῆς
3572 4038 3764 4109 ἡλιακῆς

2159 4121 2452 4196 ἆκλείψεως
2505 4125 2716 4195 ἐκείνης
2777 4134 2880 4197 τῆς
2947 4128 3412 4203 φρικωδεστάτης.
3463 4123 3762 4200 Ἀπολλοφά·

2156 4233 2283 4276 νους
2329 4213 2427 4287 γὰρ
2458 4211 2654 4290 ἀνδρὸς
2707 4215 3036 4295 φιλοσόφου,
3066 4219 3164 4286 τὴν
3220 4219 3505 4293 θρησκείαν
3534 4215 3761 4283 Ἕλληνος

2155 4300 2547 4376 τυγχάνοντος,
2611 4306 2951 4376 νεμεσῶντός
3001 4327 3057 4360 τε
3115 4308 3207 4361 καὶ
3247 4305 3657 4382 λοιδορουμένου
3701 4303 3763 4369 τῷ

2155 4384 2459 4465 τρισολϐίῳ
2489 4392 2689 4464 τούτῳ,
2720 4392 2792 4456 ὡς
2827 4392 3026 4470 ἑταίρῳ
3060 4393 3218 4465 δῆθεν
3264 4395 3376 4452 ὄντι
3434 4391 3660 4475 φιλτάτῳ
3694 4387 3761 4442 καὶ

2081 4499 2127 4564 D
2158 4479 2433 4554 ὁμογενεῖ,
2471 4481 2539 4534 τά
2596 4486 2823 4557 πατρῷα
2874 4484 2968 4555 μὲν
3031 4484 3423 4558 μυσαττομένῳ
3481 4479 3758 4552 σεϐάσματα,

2155 4569 2255 4636 τήν
2290 4565 2346 4622 δέ
2376 4573 2482 4623 τῶν
2516 4571 2860 4641 Χριστιανῶν
2912 4577 3252 4645 προτιμῶντι
3305 4575 3395 4628 καὶ
3452 4567 3758 4640 ἀσπαζομίνῳ

2156 4659 2355 4728 πίστιν,
2410 4660 2498 4714 καὶ
2577 4661 2779 4729 ταύτης
2855 4661 3330 4736 ἀγωνιστικώτατα
3395 4659 3758 4738 προασπίζοντι,

2159 4747 2249 4802 καὶ
2298 4753 2415 4810 τοῖς
2471 4748 2761 4820 Ἐλλήνων
2818 4751 2955 4805 κατὰ
3008 4756 3117 4806 τῶν
3167 4751 3449 4821 Ἑλλήνων
3506 4747 3756 4826 χρωμένῳ,

2145 4838 2245 4907 τήν
2307 4834 2592 4913 λοιδορίαν
2658 4839 2747 4894 καὶ
2823 4840 3040 4908 νέμεσιν
3089 4839 3467 4908 ἀνασκευάζειν
3523 4837 3756 4912 πειρώμεο

2147 4947 2255 4994 νος,
2307 4924 2522 4999 μᾶλλον
2571 4926 2628 4982 δὲ
2677 4927 3067 5000 ὑποτιθέμενος
3116 4931 3194 4999 τῷ
3249 4928 3608 5002 ΙΙολυκάρπῳ,
3649 4920 3757 4996 πρὸς

2146 5015 2203 5069 ’ὀν
2254 5015 2344 5070 καὶ
2419 5019 2445 5070 ὁ
2525 5016 2929 5091 συστρατιώτης
3003 5014 3240 5071 ἐποιεῖτο
3323 5017 3390 5070 τὰ
3473 5016 3752 5086 σκώμματα.

379 5094 507 5152 τάδε
573 5095 752 5173 φησί’
809 5094 883 5150 Σὺ
935 5092 991 5149 δὲ
1039 5096 1145 5172 φής
1197 5091 1566 5170 λοιδορεῖσθαί
1615 5116 1706 5167 μοι
1753 5097 1843 5150 τὸν
1891 5103 2154 5176 σοφιστὴν
2204 5100 2652 5177 Ἀπολλοφάνην,
2704 5103 2793 5158 καὶ
2833 5102 3168 5180 πατραλοίαν
3218 5103 3532 5176 ἀποκαλεῖν,
3577 5099 3656 5156 καὶ
3696 5095 3746 5149 τὰ

389 5185 530 5255 ἑξῆς.

444 5362 568 5435 ,(51)
597 5362 812 5421 Omisit
843 5380 856 5419 :
889 5363 966 5419 De
986 5365 1236 5434 perfecto
1265 5370 1316 5418 et
1344 5377 1477 5423 uno.
