3930 6202
134 291 242 346 613

1453 291 1645 358 VI'I‘A,
1683 289 1786 345 ex
1821 286 2255 344 NICEPHORO.

3451 295 3560 350 614

876 577 1160 672 VITA
1229 578 1320 672 S.
1394 576 1955 672 DIONYSII
2022 576 2837 671 AREOPAGIT/E

1444 761 1537 823 Ex
1583 760 1746 822 libro
1795 777 1840 820 ιι
1887 759 2249 839 Nicephori.

769 916 947 973 Graece
975 924 1027 972 et
1056 915 1248 971 Latine
1275 915 1492 986 prima:
1521 912 1690 969 edidit
1718 913 1917 967 Petrus
1947 910 2288 984 Lansselius,
2320 913 2441 969 Sac.
2472 913 2599 970 Iesu
2625 916 2933 986 presbyter.

205 1245 311 1292 Και
345 1237 568 1299 ΠαυΛος
592 1236 753 1311 ἄχρις
782 1235 1024 1305 Ἀθηνῶν
1077 1231 1386 1294 ἐπορεύετο.
1420 1229 1692 1296 Εῗδώλοις
1744 1231 1757 1286 ί

2017 1236 2052 1290 ιι
2082 1233 2297 1290 Paulus
2338 1236 2596 1291 Athenas
2646 1253 2832 1308 usque
2863 1237 3042 1292 venit.
3077 1237 3214 1292 Eam
3251 1237 3455 1293 urbem
3488 1237 3569 1292 si-

128 1324 355 1403 σφόδρα
397 1327 498 1394 τήν
546 1323 712 1380 πόλιν
771 1324 912 1400 ὁρῶν
962 1322 1428 1399 προσανέχουσαν,
1474 1327 1592 1384 τοῖς
1639 1342 1699 1376 τε
1748 1321 1808 1377 ἐκ

123 1424 236 1486 τῆς
297 1420 622 1490 συναγωγῆς
680 1410 1006 1484 διωμιλεῖτο
1065 1411 1154 1466 καὶ
1210 1416 1327 1472 τοῖς
1362 1410 1530 1465 ἐκεῖσε
1587 1409 1808 1488 φιλοσό-

128 1526 292 1580 φοις,
342 1509 464 1564 τοῖς
520 1502 626 1556 ἂπὸ
683 1504 779 1554 τοῦ
829 1499 1158 1574 Ἐπικούρου
1207 1498 1424 1568 καὶτῆς
1465 1503 1658 1560 Στοᾶς.
1709 1501 1807 1561 Οἷς

137 1593 210 1663 δὴ
278 1593 376 1648 καὶ
421 1592 496 1653 ὡς
543 1587 926 1665 σπερμολόγος
975 1589 1064 1643 καὶ
1114 1589 1275 1659 ξίνων
1319 1585 1630 1661 δαιμονίων
1680 1609 1806 1643 κατ-

130 1681 415 1760 αγγελεὺς
475 1675 827 1754 περιόϐριστο
857 1697 870 1710 ·
922 1678 1013 1732 καὶ
1091 1676 1228 1747 δῆτα
1294 1675 1422 1732 ε’ίσω
1475 1682 1676 1754 χειρῶν
1726 1678 1810 1732 θὲ-

134 1791 327 1846 μενοι,
382 1769 469 1824 ἰπὶ
545 1768 608 1822 τὸ
681 1768 806 1839 παρ’
860 1765 1046 1830 αὐτοῖς
1117 1769 1373 1842 μέγιστον
1461 1763 1808 1840 δικαστήριον

133 1858 397 1936 ἄγουσιν,
448 1856 494 1930 ᾧ
541 1859 756 1932 Ἄρειος
812 1853 984 1930 πάγος
1043 1850 1239 1927 ὄνομα,
1282 1853 1373 1910 καὶ
1429 1859 1507 1926 τῷ
1554 1851 1814 1926 συνεδρίῳ

131 1953 253 2004 τῶν
309 1944 580 2001 δικαστῶν
629 1946 1088 2020 παραστήσαντες,
1124 1941 1292 2018 (ἐννὲα
1341 1940 1399 1998 δὶ
1444 1943 1579 2012 ἦσαν
1640 1943 1812 2012 οῦτοι,

140 2034 321 2115 σοφίᾳ
373 2035 465 2089 καὶ
535 2032 675 2108 γένει
729 2033 820 2086 καὶ
877 2031 1104 2104 πλούτῳ
1176 2037 1285 2086 τῶν
1356 2031 1541 2087 αλλων
1598 2033 1812 2086 πάντων

140 2123 477 2201 ὑπερφέρειν
534 2120 863 2190 δοκοῦντεςο)
920 2120 1008 2175 ἐπὶ
1045 2125 1152 2175 τῶν
1233 2118 1556 2175 δικαστικῶν
1611 2119 1818 2194 θρόνων

140 2209 472 2288 ἀριστίνδην
521 2209 882 2285 ἐξειλεγμένοι
941 2207 1348 2284 προῦκάθηντο.
1403 2213 1493 2262 Ὠν
1546 2207 1598 2264 ἐν
1671 2209 1817 2282 μέσῳ

139 2302 473 2378 γενόμενος,
521 2300 622 2367 τὴν
670 2295 1097 2371 δεισιδαιμονίαν
1153 2295 1372 2352 ἐκείνων
1426 2295 1684 2373 ἤγγελλε,
1727 2297 1816 2351 καὶ

142 2396 248 2446 τοῦ
309 2395 444 2462 παρ’
488 2386 712 2448 ἐκείνοις
761 2387 888 2455 νεὼ,
931 2386 990 2447 ὃς
1048 2387 1338 2461 Ἀγνώστῳ
1387 2390 1502 2457 Θεῷ
1554 2385 1814 2456 ἀνέκειτο,

143 2480 359 2535 τούτου
392 2478 524 2532 εἶναι
558 2473 862 2530 ἀπόστολον
895 2473 1103 2529 ἔπειθεν
1139 2493 1152 2506 ⁸
1187 2475 1246 2529 ὃν
1293 2474 1384 2528 καὶ
1435 2473 1631 2548 Κύριον
1668 2471 1819 2548 ἔλεγε

141 2569 238 2624 καὶ
287 2567 517 2636 κτίστην
565 2568 666 2640 γῆς
712 2564 802 2619 καὶ
861 2564 1114 2638 οὐρανοῦ,
1167 2560 1237 2617 δι’
1286 2563 1348 2616 οὗ
1395 2564 1458 2617 τὸ
1519 2566 1623 2616 πᾶν
1661 2579 1673 2594 ·
1728 2563 1817 2617 καὶ

143 2655 382 2720 ἀνενδεῆ
441 2658 637 2709 τοῦτον
693 2653 782 2708 καὶ
847 2652 1105 2725 ἀνόμοιον
1177 2653 1320 2725 πάσῃ
1365 2650 1468 2725 ὕλῃ
1513 2650 1826 2727 προύτίθει(

144 2745 312 2804 Ἀλλ’
348 2740 477 2798 οὐδέ
506 2763 611 2797 τινι
644 2740 800 2814 ἄλλῳ
829 2739 1176 2816 θεραπεύεται
1208 2741 1242 2810 ἢ
1275 2745 1391 2802 τοῖς
1441 2744 1549 2794 τῶν
1600 2740 1812 2814 ἀγαθῶν

146 2834 340 2914 ἔργοις
370 2832 462 2887 καὶ
491 2836 559 2905 τῇ
592 2831 875 2906 ἐπιγνώσει
913 2836 1013 2899 τῆς
1057 2827 1320 2900 ἀληθείας
1353 2849 1365 2861 ·
1399 2829 1486 2883 καὶ
1535 2829 1601 2883 τὰ
1649 2830 1815 2905 μέχρι

143 2922 314 2980 τοῦδε
349 2922 677 2996 ἀγνοήματα
707 2919 776 2974 δι’
808 2921 968 2992 ἡμῶν
1002 2922 1244 2992 παρορᾷν
1277 2916 1452 2992 λέγει,
1483 2922 1578 2972 τοῦ
1619 2917 1818 2973 λοιποῦ

146 3012 207 3070 δὲ
267 3015 578 3085 μετανοεῖν,
611 3009 700 3063 καὶ
759 3007 946 3082 λόγοις
1002 3004 1160 3061 ε’ίκειν
1194 3006 1446 3068 πίστεως.
1483 3007 1574 3068 Ὠς
1619 3008 1709 3061 καὶ
1755 3007 1817 3062 τὸ

146 3101 365 3179 κρίνειν
430 3098 630 3161 ἐκεῖθεν
681 3096 924 3174 εἰληφώς
977 3095 1138 3152 ἐστιν.
1188 3097 1362 3159 Οὗτός
1420 3095 1560 3150 ἰστιν
1609 3097 1822 3168 Ἰησοῦς

154 3194 183 3247 ὁ
215 3190 483 3264 Χριστὸς,
516 3187 599 3260 ὃς,
632 3183 896 3262 δι’ἔργων
923 3189 1238 3260 θεοπρεπῶν
1297 3184 1425 3246 Θεὸς
1473 3182 1684 3249 τὲλειος
1730 3185 1819 3239 καὶ

150 3279 374 3340 τέλειος
423 3273 732 3345 ἅνθρωπος,
795 3275 936 3342 πλὴν
994 3272 1281 3349 ἁμαρτίας,
1343 3273 1652 3352 ἀναφανεὶς,
1688 3275 1819 3350 ὑπὶρ

150 3368 416 3424 ἁπάντων
503 3364 858 3439 ἔσταύρωται,
913 3363 999 3418 καὶ
1061 3363 1121 3418 ὲκ
1176 3367 1379 3438 νεκρῶν
1458 3363 1675 3434 ἀνέστη,
1731 3363 1819 3418 καὶ

152 3456 376 3513 πάντων
433 3454 710 3530 ὁρώντων,
762 3453 897 3526 πρὸς
941 3452 1032 3506 τὸν
1091 3452 1291 3506 οἰκεῖον
1355 3452 1563 3526 [Ιατὲρα
1621 3451 1821 3523 ἀνελή-

154 3560 266 3624 φθη
325 3547 421 3600 τὸν
474 3547 583 3598 τῶν
637 3541 784 3597 ὅλων
849 3540 997 3596 Θεόν.
1050 3541 1154 3596 Καὶ
1203 3540 1311 3596 τισῖ
1379 3542 1472 3613 μὶν
1536 3541 1819 3597 ἀνάστασιν

156 3635 430 3705 ἀκηκοόσι
493 3631 670 3708 χλεύη
731 3631 793 3686 τὸ
851 3636 1079 3706 πρᾶγμα
1128 3628 1348 3684 ἐδόκει·
1380 3631 1521 3692 τινες
1570 3628 1626 3685 δὲ
1678 3630 1823 3704 αὐτῷ

157 3725 444 3784 πείσαντες
477 3719 719 3789 ε’ίποντο,
753 3721 872 3792 μεθ’
905 3721 980 3774 ὧν
1025 3720 1116 3774 καὶ
1165 3720 1193 3772 ὁ
1226 3718 1641 3794 ’Δρειοπαγίτης
1700 3727 1823 3774 Διο-

157 3815 348 3875 νύσιος
397 3811 486 3880 ἦν,
522 3811 598 3872 εἷς
646 3806 722 3864 ὣν
767 3813 875 3864 τῶν
922 3813 1102 3887 σοφῶν
1155 3807 1372 3864 ἐκείνων
1420 3809 1508 3863 καὶ
1561 3807 1821 3885 ἐκκρίτων

160 3899 397 3974 ἀνδρῶν.

1918 1323 2315 1378 mulacrorum
2348 1323 2532 1379 cultui
2577 1325 2833 1380 deditam
2875 1342 3140 1393 cernens,
3176 1342 3479 1381 sermones
3513 1329 3571 1381 et

1918 1429 2051 1468 cum
2097 1410 2181 1467 eis
2231 1413 2332 1483 qui
2378 1427 2447 1466 ex
2496 1428 2793 1485 synagoga
2839 1419 3008 1469 erant
3054 1413 3300 1484 Judaeis,
3327 1419 3384 1469 et
3432 1430 3568 1469 cum

1919 1500 2291 1573 philosophis
2321 1500 2626 1572 epicuraeis
2665 1501 2839 1556 simul
2889 1506 2944 1557 et
2996 1502 3195 1558 stoicis
3242 1503 3488 1559 confert.
3522 1503 3569 1559 A

1919 1589 2135 1660 quibus
2167 1597 2447 1661 tanquam
2480 1591 2911 1646 seminiverbius
2933 1607 3034 1646 seu
3069 1590 3335 1646 inanium
3366 1592 3571 1646 verbo-

1919 1693 2050 1733 rum
2102 1684 2282 1747 sator,
2314 1684 2371 1735 et
2401 1681 2843 1752 peregrinorum
2876 1683 3120 1737 deorum
3169 1680 3575 1752 annuntiator,

1921 1768 2196 1824 conviciis
2227 1770 2484 1840 graviter
2513 1770 2842 1841 exagitator
2875 1787 2888 1825 :
2922 1776 2979 1827 et
3013 1771 3478 1843 comprehensus
3509 1771 3570 1825 in

1921 1873 2265 1928 supremum
2314 1859 2394 1913 ibi
2437 1859 2757 1928 judicium,
2786 1862 3177 1932 Areopagum,
3219 1877 3319 1915 seu
3372 1860 3574 1915 Martis

1920 1948 2113 2003 vicum
2167 1949 2494 2015 nominant,
2545 1950 2912 2022 producitur,
2964 1954 3140 2021 atque
3189 1950 3258 2005 ad
3300 1950 3575 2020 judicum

1923 2038 2207 2094 subsellia
2255 2040 2506 2095 sistitur.
2555 2041 2768 2096 Novem
2806 2041 2845 2096 ii
2876 2047 3062 2110 erant,
3113 2040 3428 2112 sapientia,
3460 2041 3577 2094 vir-

1924 2133 2069 2192 tute,
2094 2144 2303 2199 genere
2335 2133 2393 2184 et
2423 2129 2636 2200 opibus
2675 2129 2949 2186 omnibus
2980 2128 3112 2184 aliis
3143 2128 3578 2201 prmetantiores

1924 2205 2131 2284 habiti,
2174 2223 2232 2273 et
2276 2219 2348 2274 ad
2391 2219 2662 2289 judicum
2721 2235 2934 2274 munus
2990 2219 3352 2286 obeundum,
3405 2221 3582 2288 prout

1927 2305 2176 2377 quisque
2206 2323 2408 2363 eorum
2441 2308 2602 2363 visus
2625 2311 2712 2363 est
2742 2307 3003 2378 optimus
3026 2307 3098 2362 ad
3131 2305 3389 2361 tribunal
3420 2305 3574 2360 lecti.

1929 2395 1992 2450 In
2027 2396 2219 2451 medio
2247 2395 2455 2451 horum
2488 2395 2838 2465 consistens,
2864 2395 3340 2467 superstitionem
3374 2409 3578 2450 eorum

1928 2499 2157 2554 arasque
2184 2484 2311 2554 ejus
2343 2499 2470 2554 quas
2517 2486 2668 2554 apud
2721 2499 2821 2539 eos
2869 2484 3062 2552 Ignoto
3104 2485 3206 2539 Deo
3237 2487 3582 2538 consecrata

1929 2576 2072 2638 erat,
2106 2572 2420 2626 annuntiat
2452 2588 2465 2626 :
2497 2588 2675 2643 seque
2705 2573 2834 2643 ejus
2869 2571 3201 2644 apostolum
3233 2577 3289 2626 et
3319 2571 3582 2643 legatum

1925 2676 2052 2716 esse
2081 2661 2315 2731 asserit,
2349 2677 2522 2732 quem
2567 2667 2626 2716 et
2669 2662 2978 2716 Dominum
3010 2667 3069 2716 et
3097 2666 3416 2716 creatorem
3449 2660 3582 2715 θα)Ιὶ

1925 2755 1981 2804 et
2018 2750 2387 2820 ωτι-ω,ᾳοοά
2437 2749 2662 2805 scilicet
2712 2766 2815 2821 per
2863 2765 2996 2804 eum
3051 2751 3199 2807 351
3254 2748 3582 2805 consistant

1927 2836 2146 2904 omnia,
2168 2837 2414 2909 ipseque
2443 2836 2666 2893 nullius
2701 2837 2782 2892 rei
2815 2836 3109 2909 indigens,
3132 2836 3283 2893 nulli
3313 2836 3582 2892 omnium

1929 2925 2180 2980 materiae
2238 2925 2452 2982 similis
2509 2924 2609 2992 sit,
2650 2924 2873 2981 laudat.
2925 2925 3013 2980 llli
3063 2925 3307 2998 insuper
3357 2925 3582 2980 addens

1928 3013 2091 3069 nulla
2121 3030 2256 3069 eum
2289 3013 2405 3069 alia
2436 3030 2495 3068 re
2522 3031 2700 3085 quam
2737 3015 2848 3086 piis
2880 3015 3172 3069 bonorum
3202 3014 3505 3086 operibus,
3527 3017 3588 3069 et

1928 3103 2190 3156 veritatis
2240 3102 2573 3174 cognitione
2619 3102 2729 3158 coli
2764 3119 2777 3157 :
2811 3106 2867 3157 et
2899 3108 3136 3174 peccata
3184 3102 3444 3174 quidem,
3481 3117 3586 3174 per

1928 3189 2320 3260 ignorantiam
2352 3191 2658 3263 hucusque
2683 3209 2714 3248 a
2738 3192 2909 3248 nobis
2940 3191 3262 3247 commissa
3290 3208 3425 3246 eum
3462 3190 3586 3246 dis-

1930 3280 2234 3346 simulare,
2269 3287 2446 3351 atque
2495 3283 2815 3347 remittere,
2849 3282 2922 3336 de
2951 3286 3158 3337 caetero
3207 3285 3404 3336 autem
3437 3280 3583 3334 resi-

1931 3369 2376 3440 piscendum,et
2400 3370 2589 3424 verbis
2613 3369 2744 3425 fidei
2783 3371 3110 3425 cedendum
3135 3385 3283 3426 esse.
3323 3373 3396 3424 Ac
3421 3367 3584 3439 judi-

1932 3457 2102 3512 candi
2138 3473 2372 3528 quoque
2402 3473 2536 3512 eum
2581 3462 2929 3527 potestatem
2961 3474 3266 3529 propterea
3295 3456 3587 3526 recepisse

1931 3544 2094 3614 dicit,
2126 3545 2327 3617 ipsum
2375 3545 2597 3600 scilicet
2642 3544 2844 3600 Jesum
2879 3545 3202 3614 Christum,
3234 3545 3335 3615 qui
3371 3543 3588 3599 divinis

1931 3651 2177 3706 prorsus
2227 3633 2398 3689 factis
2436 3639 2494 3689 et
2541 3633 2819 3704 operibus
2878 3635 3033 3688 Deus
3091 3634 3383 3704 perfectus
3419 3633 3589 3702 (citra

1931 3727 2128 3778 tamen
2182 3723 2509 3794 peccatum)
2542 3721 2716 3776 homo
2769 3723 3105 3776 declaratus
3155 3737 3259 3790 pro
3311 3720 3589 3776 omnibus

1932 3811 2246 3868 cruciﬁxus
2278 3811 2376 3877 sit,
2408 3817 2464 3866 et
2494 3829 2527 3866 a
2555 3811 2804 3866 mortuis
2845 3809 3164 3865 resurrexit
3194 3810 3589 3878 omnibusque

1933 3900 2342 3973 spectantibus
2382 3901 2454 3954 ad
2503 3916 2677 3954 suum
2710 3900 2768 3954 in
2803 3898 3012 3954 coelum
3063 3897 3301 3954 redierit
3333 3897 3591 3981 Patrem,

152 4008 361 4051 rerum
393 3991 802 4047 universarum
833 3990 1038 4044 Deum.
1073 3987 1438 4054 Quibusdam
1472 3988 1693 4060 itaque,
1726 3991 1879 4060 quod
1928 3989 2414 4047 resurrectionem
2449 3991 2521 4045 ab
2549 4005 2615 4044 eo
2648 3989 2947 4057 audirent,
2981 4005 3073 4044 res
3107 3991 3227 4043 tota
3256 3987 3585 4043 ludibrium

157 4086 228 4140 et
254 4081 452 4137 fabula
479 4079 725 4135 videtur.
760 4078 1009 4142 Quidam
1037 4083 1256 4144 autem,
1291 4078 1482 4133 verbis
1511 4080 1640 4146 ejus
1668 4079 1996 4149 credentes,
2031 4095 2163 4135 eum
2195 4083 2515 4134 sectantur.
2549 4079 2613 4133 1n
2646 4079 2863 4150 quibus
2895 4082 2951 4132 et
2981 4075 3297 4147 Dionysius
3330 4081 3584 4148 Areopa-

159 4171 288 4246 gita
315 4170 415 4225 ille
445 4168 577 4237 fuit,
611 4184 766 4222 unus
797 4183 865 4222 ex
894 4166 1256 4237 sapientibus
1291 4167 1411 4222 illis
1443 4172 1501 4222 et
1531 4167 1773 4224 delectis
1803 4169 1964 4226 viris.

235 4255 362 4315 Ἐπί
388 4257 546 4312 τόσον
582 4253 638 4310 δὲ
667 4255 816 4326 αὖτῷ
842 4256 908 4308 τα
960 4261 1060 4324 τῆς
1110 4253 1364 4322 πίστεως,
1399 4255 1473 4318 ὡς
1519 4257 1595 4328 μὴ
1656 4256 1787 4327 μόνο

2039 4259 2195 4313 .‘anta
2226 4263 2424 4313 autem
2460 4257 2567 4312 fuit
2596 4256 2656 4312 in
2679 4256 2979 4313 Christum
3013 4256 3147 4326 ﬁde,
3171 4260 3238 4311 ut
3270 4272 3385 4310 non
3420 4254 3591 4309 modo

163 4351 264 4403 τοῦ
319 4346 462 4401 θείου
515 4345 916 4415 καταξιωθῆναι
959 4343 1216 4419 λουτροῦ,
1250 4342 1396 4398 ἀλλᾶ
1432 4345 1521 4398 καὶ
1569 4341 1656 4399 διὰ
1700 4364 1824 4420 χει-

169 4442 283 4512 ρῶν
367 4436 589 4492 Παύλου
647 4437 890 4505 Ἀθηνῶν
973 4441 1432 4510 προχειρισθῆναι
1502 4435 1824 4505 ἐπίσκοπον,

168 4526 264 4581 καὶ
314 4525 599 4603 ὑπερφυῶν
648 4525 1005 4599 χαρισμάτων
1055 4524 1383 4593 ἀξιωθῆναι,
1429 4524 1518 4578 καὶ
1563 4529 1641 4596 τῷ
1699 4525 1829 4597 θείῳ

174 4615 516 4690 συγγενέσθαι
546 4613 814 4688 Ἰεροθὲῳ,
848 4615 932 4674 οἷς
965 4613 993 4666 ὁ
1023 4610 1243 4674 Παῦλος
1278 4613 1376 4666 ὅσα
1423 4613 1514 4667 καὶ
1555 4613 1829 4668 συνείσατο

179 4701 259 4766 εἷς
285 4703 374 4757 τὸν
398 4702 580 4777 τρίτον
614 4701 795 4774 ἀρθεὶς
826 4700 1049 4775 οὐρανὸν
1082 4702 1172 4756 καὶ
1232 4700 1309 4762 εἷς
1355 4700 1446 4756 τὸν
1480 4699 1829 4776 παράδεισον,

178 4791 577 4859 κατεπίστευσε,
613 4790 737 4864 περί
765 4811 823 4844 τε
852 4797 953 4860 τῆς
986 4787 1268 4864 θεολογίας
1316 4790 1405 4844 καὶ
1437 4790 1560 4866 περῖ
1591 4797 1691 4859 τῆς
1741 4790 1832 4844 οὐ·

184 4879 366 4953 ρανίου
413 4878 700 4955 ἱεραρχίας
747 4899 804 4933 τε
852 4880 942 4933 καὶ
993 4876 1433 4951 διακοσμήσεως,
1462 4878 1495 4932 ἃ
1526 4879 1578 4940 ἐς
1611 4878 1830 4955 ὕστερον

181 4967 272 5020 καὶ
293 4973 469 5046 γραφῇ
502 4966 804 5044 παρεδόθη.
839 4967 1117 5030 Διονύσιος
1169 4965 1248 5038 δὲ,
1277 4969 1366 5022 τὸν
1403 4965 1569 5042 λόγον
1610 4972 1710 5036 τῆς
1748 4969 1831 5023 εὐ-

184 5051 386 5120 σεϐείας
467 5057 742 5131 λαμπρῶς
817 5056 1364 5134 παῤῥησιασαμενος,
1426 5055 1514 5110 ἐπὶ
1596 5062 1833 5118 πολλοῖς

186 5140 321 5199 ἔτεσι
366 5147 504 5202 κατᾶ
549 5149 650 5216 τὴν
710 5147 934 5217 ὲσπὲραν
991 5145 1215 5216 δοξάσας
1262 5147 1516 5220 Χριστὸν,
1561 5145 1637 5208 είς
1701 5145 1835 5222 βαθὺ

194 5236 356 5309 γῆρας
411 5236 590 5306 ἥκων,
647 5236 734 5290 καὶ
790 5239 868 5304 τῷ
928 5236 1060 5309 ὑπὲρ
1121 5235 1289 5290 αὐτοῦ
1334 5235 1616 5310 μαρτυρίῳ
1676 5255 1836 5289 κατε-

192 5326 465 5396 κοσμήθη.
502 5326 644 5381 Φασὶ
693 5322 750 5379 δὲ
799 5325 984 5395 αὐτὸν,
1013 5326 1110 5393 τήν
1166 5323 1331 5397 κάραν
1367 5324 1503 5402 ξίφει
1564 5321 1843 5378 διακοπεῖ-

195 5430 287 5465 dav
339 5413 436 5468 ἀνὰ
492 5420 685 5490 χεῖρας
741 5409 1002 5480 λαϐόντα,
1046 5411 1135 5468 ἐπὶ
1199 5411 1355 5486 μίλια
1410 5411 1506 5468 δύο
1567 5410 1784 5468 ὁδεῦσαι
1823 5431 1834 5444 ⁸

201 5495 360 5558 ἐκεῖσε
407 5500 466 5559 δὶ
516 5503 730 5580 γυναικὶ
781 5501 1097 5578 ἐντυχόντα,
1128 5502 1456 5579 παραθέσθαι
1485 5501 1685 5573 ταύτην
1744 5501 1837 5557 αὐ-

199 5589 290 5659 τῇ.
333 5594 469 5651 Ὅσα
509 5615 571 5668 γε
624 5594 732 5667 μὴν
777 5590 1147 5668 συνεγράψατο
1198 5591 1414 5666 θεωρίᾳ,
1461 5591 1550 5647 καὶ
1598 5593 1836 5666 νοήμασι

1937 4348 2153 4415 dignus
2185 4346 2381 4402 divino
2411 4345 2638 4401 lavacro
2665 4351 2838 4413 esset,
2866 4346 2967 4401 sed
3000 4346 3178 4401 etiam
3211 4343 3400 4414 ipsius
3437 4341 3594 4398 Pauli

1939 4437 2214 4492 manibus
2259 4434 2705 4491 Atheniensium
2756 4434 3210 4490 constitueretur
3258 4431 3596 4502 episcopus,

1941 4525 2207 4581 mirilicis
2231 4542 2471 4597 prorsus
2494 4530 2668 4595 atque
2691 4523 2906 4578 divinis
2929 4520 3390 4577 charismatibus
3413 4524 3468 4574 et
3490 4519 3595 4572 do-

1941 4615 2030 4670 nis
2062 4614 2327 4686 polleret,
2360 4615 2577 4668 viveret
2620 4612 2794 4667 etiam
2846 4610 3196 4665 familiarius
3229 4624 3364 4663 cum
3397 4606 3594 4662 divino

1941 4704 2062 4758 viro
2095 4702 2440 4758 Hierotheo:
2477 4717 2724 4772 quorum
2760 4699 2993 4770 utrique
3025 4715 3116 4753 res
3148 4712 3419 4752 summas
3451 4694 3595 4749 Pau-

1943 4791 2058 4857 lus,
2091 4795 2156 4845 ut
2185 4807 2283 4846 eas
2314 4791 2373 4844 in
2406 4790 2645 4845 tertium
2688 4805 2875 4858 usque
2919 4787 3127 4843 caelum
3160 4792 3217 4840 et
3248 4784 3592 4856 paradisum

1942 4881 2138 4950 ipsum
2181 4884 2383 4948 raptus
2424 4878 2731 4942 didicerat,
2766 4876 3147 4938 concredidit,
3179 4880 3237 4928 et
3269 4874 3338 4927 de
3368 4871 3593 4928 theolo-
3670 4927 3672 4930 ,

1943 4969 2059 5040 gia,
2097 4968 2314 5038 Deique
2345 4967 2498 5022 verbi
2537 4967 2759 5021 ratione
2792 4965 3037 5029 scilicet,
3072 4980 3176 5018 nec
3211 4979 3325 5017 non
3375 4961 3595 5017 caelesti

1946 5057 2273 5113 hierarcliia
2307 5072 2618 5126 rerumque
2649 5053 2973 5109 caelestium
3007 5049 3454 5108 absolutissima
3483 5050 3598 5106 dis-

1946 5147 2235 5218 positione
2266 5151 2441 5215 atque
2472 5143 2860 5212 ordinatione,
2889 5159 3038 5213 quas
3070 5157 3160 5196 res
3193 5147 3391 5212 postea
3421 5139 3595 5193 etiam

1947 5237 2005 5289 in
2039 5236 2262 5307 scripta
2284 5233 2501 5289 retulit.
2527 5232 2840 5303 Dionysius
2868 5248 3060 5303 porro,
3088 5231 3329 5285 verbum
3363 5227 3600 5300 pietatis

1946 5325 2184 5394 verique
2217 5323 2411 5377 cultus
2441 5321 2752 5392 magniﬁce
2785 5319 3180 5392 praedicando,
3205 5333 3420 5388 magna
3452 5332 3598 5372 usus

1949 5417 2039 5468 est
2069 5411 2356 5476 libertate,
2381 5410 2714 5481 multosque
2737 5424 2923 5464 annos
2953 5408 3014 5462 in
3043 5407 3309 5479 partibus
3334 5404 3604 5462 occiden-

1949 5500 2168 5558 talibus
2197 5499 2496 5555 Christum
2541 5497 2902 5572 gloriﬁcans,
2934 5497 3001 5552 sd
3036 5495 3284 5552 multam
3335 5492 3604 5566 pervenit

1951 5595 2332 5657 senectutem,
2365 5595 2424 5645 et
2450 5605 2556 5660 pro
2603 5589 2731 5661 ipso
2764 5586 3027 5659 martyrii
3058 5601 3275 5643 corona
3303 5586 3395 5641 est
3425 5581 3602 5640 coho-
