3930 6202
388 326 492 383 619
1622 325 1682 377 S.
1723 321 2042 376 DIONYSII
2080 321 2560 380 AREOPAGITJE
3647 332 3727 386 620

383 447 618 519 tamini,
650 447 788 515 Deo,
823 448 946 504 viro
988 451 1213 517 sancto,
1246 447 1503 519 itemque
1533 445 1697 502 vobis
1741 443 1935 517 quidq'

2158 444 2526 518 προτερήμασι
2584 445 2670 501 xui
2727 446 3104 521 ἀριπιύμασι,
3155 445 3330 524 χαίρω
3373 447 3489 503 λίαν
3525 472 3710 524 ηττωμι

385 543 609 611 potero,
643 538 852 594 lubens
885 538 1194 610 praestabo.
1227 537 1371 592 Nam
1405 537 1454 592 si
1493 552 1586 592 me
1619 535 1838 590 laudati
1867 534 1937 590 ist

2171 552 2241 594 ὀς
2275 551 2288 564 ·
2325 535 2388 588 οὐ
2419 535 2522 609 γὰρ
2555 533 2847 609 ἐλάττωμα
2887 541 2967 609 τῷ
3007 535 3377 612 ἐπαινουμένῳ
3404 539 3462 592 τὸ
3490 543 3575 594 τοῦ
3603 541 3723 594 ἔπαι-

382 629 494 684 viri
527 627 794 696 laudum,
827 643 954 699 quae
996 627 1081 682 iili
1112 630 1439 699 congruent
1490 625 1778 691 ubertate,
1812 639 1934 694 mag

2179 624 2368 683 οὖντος
2400 621 2454 678 ἐν
2484 629 2602 687 ταῖς
2627 631 2726 695 τῆς
2756 623 3198 700 ἐγκωμιαστικῆς
3227 627 3468 704 φράσεως
3494 627 3730 703 ἁρμονίαις

384 717 591 772 tudine
622 721 796 787 atque
847 715 1181 787 praestantia
1211 713 1476 786 superari
1519 712 1850 784 contigerit,
1886 710 2038 766 vinci
2153 709 2400 783 ἥττημα.

387 821 480 861 me
510 805 758 860 libenter
788 805 995 877 patiar.
1028 805 1224 875 Neque
1271 803 1428 858 enim
1477 802 1662 859 ullum
1694 802 1744 856 ei
1777 801 1877 870 qui
1929 799 2203 856 laudatur
2244 802 2527 858 damnum
2574 804 2844 874 infertur,
2879 806 2927 861 si
2960 806 3058 878 qui
3109 806 3264 862 hunc
3312 807 3502 879 ipsum
3548 806 3733 878 laudat,

387 894 748 950 ornamentis
777 900 834 950 et
863 899 1147 966 apparatu
1178 893 1457 949 laudandi
1495 891 1725 965 generis
1760 895 2090 962 superetur.

460 1003 621 1060 Unde
650 1003 830 1075 igitur
868 1002 1060 1058 laudis
1109 1001 1465 1073 principium
1516 999 1791 1056 sumam?
1822 998 2012 1054 Rheto

2219 997 2383 1054 Πόθεν
2413 1005 2706 1076 τοιγαροῦν
2747 1008 2847 1070 τῆς
2896 1002 3173 1080 εὐφημίας
3223 1001 3452 1078 ἄρξομαι
3484 1022 3496 1073 ;
3525 1005 3643 1064 Τοῖς
3670 1015 3732 1067 θι-

387 1109 599 1148 rumne
628 1092 688 1147 in
721 1092 1046 1146 scribendis
1077 1091 1356 1146 laudibus
1387 1089 1692 1161 praeceptis
1723 1092 1856 1142 utar
1887 1090 1939 1157 (q

2183 1092 2308 1158 μοῖς
2349 1093 2455 1142 τῶν
2515 1088 2820 1164 ῥητορικῶν
2867 1090 3152 1165 ἐγκωμίων
3209 1093 3509 1166 χρήσομαι,
3561 1090 3614 1146 ἐκ
3653 1097 3733 1146 τῶν

388 1182 459 1236 ab
482 1181 576 1247 iis,
601 1197 726 1252 quas
749 1179 914 1234 humi
941 1188 1172 1250 repunt,
1193 1178 1497 1246 labuntur,
1515 1193 1580 1232 ac
1601 1177 1848 1233 subinde
1870 1175 1940 1230 ali

2186 1175 2325 1246 upui
2357 1174 2697 1251 ἐρχομένων,
2727 1180 2815 1233 καὶ
2843 1176 3240 1251 διαλυομένων,
3263 1179 3353 1234 xui
3385 1177 3601 1243 ἄλλοθεν
3628 1177 3738 1245 ἄλλη

385 1270 779 1324 immutantur
808 1273 865 1324 et
894 1269 1212 1335 intereunt,
1238 1273 1302 1322 ut
1323 1270 1463 1323 sunt
1483 1282 1691 1338 genus,
1719 1265 1932 1336 patria,

2186 1264 2618 1334 .ετοπιπτόντων,
2669 1268 2760 1320 καὶ
2809 1267 3183 1344 φθείρομὲνων
3224 1287 3237 1300 ·
3285 1273 3472 1341 γένους
3521 1269 3645 1346 φημὶ
3671 1269 3738 1322 καὶ

381 1357 538 1413 vitia;
568 1357 775 1412 mundi
825 1357 1025 1426 hujus,
1052 1355 1238 1428 gloria
1269 1360 1326 1411 et
1357 1355 1623 1422 ambitio,
1648 1355 1762 1425 peti
1805 1352 1933 1409 sole

2190 1350 2429 1426 ατρίδος,
2488 1354 2577 1409 καὶ
2637 1355 2906 1427 πλούτου,
2977 1357 3066 1411 καὶ
3132 1364 3406 1429 κοσμικῆς
3460 1354 3626 1429 δόξης,
3672 1357 3739 1411 xui

384 1447 527 1502 dum
560 1445 720 1500 illius
744 1445 844 1517 qui
875 1445 969 1500 his
994 1445 1272 1500 omnibus
1303 1443 1616 1500 sublimior
1635 1446 1742 1511 est,
1768 1447 1825 1496 et
1845 1458 1936 1512 qua

2189 1442 2458 1511 αντασίας,
2489 1448 2569 1516 τῷ
2597 1445 2801 1499 τούτων
2836 1444 3083 1503 ἁπάντων
3128 1444 3451 1520 ὑψηλοτέρῳ
3480 1445 3564 1499 καὶ
3597 1446 3740 1518 κρείτ-

384 1534 483 1590 bet
504 1534 754 1588 nimium
779 1533 1048 1588 mutabili
1076 1533 1232 1588 fama
1247 1548 1313 1587 ac
1338 1531 1598 1587 humana
1619 1530 1805 1603 gloria
1827 1531 1936 1601 maj

2186 1550 2261 1582 ονι
2291 1527 2483 1593 κλέους
2516 1531 2896 1608 εὐπαροίστου,
2947 1533 3036 1588 καὶ
3078 1536 3403 1608 καυχήσεως
3447 1533 3738 1609 ἀνθρωπίνης

385 1622 592 1678 laudes
622 1622 908 1693 corrogo‘?
951 1623 1030 1677 An
1068 1622 1138 1676 ab
1170 1621 1525 1692 incorruptis
1557 1621 1750 1691 potius
1793 1636 1858 1674 ac
1907 1635 1937 1672 ν

2184 1619 2427 1681 ποθέσεις
2456 1618 2837 1695 ἐρανιζόμενος
2863 1640 2876 1691 ;
2921 1620 2958 1691 ἤ
3010 1620 3223 1694 μᾶλλον
3257 1622 3364 1677 ἀπὸ
3392 1626 3495 1678 τῶν
3527 1622 3736 1698 ἀφθίτων,

387 1711 596 1778 beatis,
620 1727 685 1766 ac
717 1727 819 1782 per
848 1711 1061 1766 saecula
1084 1710 1384 1765 duraturis
1414 1709 1689 1765 laudibus
1715 1709 1937 1763 ordiem

2183 1707 2233 1760 ui
2255 1708 2331 1770 ὡς
2360 1707 2581 1779 ἀληθῶς
2617 1708 2922 1786 μακαρίων,
2953 1711 3043 1764 xui
3075 1709 3495 1779 διαιωνιζόντων
3525 1709 3735 1785 αὐχημά-

393 1816 540 1872 quas
571 1799 669 1854 ille
699 1815 769 1854 ex
797 1815 913 1870 quo
946 1817 981 1855 a
1010 1798 1460 1854 simulacrorum
1505 1797 1663 1853 cultu
1705 1797 1932 1865 desivit,

2184 1817 2277 1864 ων,
2311 1794 2341 1849 ἃ
2374 1794 2462 1850 διὰ
2488 1804 2588 1866 τῆς
2621 1796 2697 1859 είς
2740 1799 2968 1873 Χριστὸν
3009 1799 3099 1853 τὸν
3147 1794 3321 1861 ὅντως
3370 1795 3492 1853 ὄντα
3519 1800 3630 1854 Θεὸν
3657 1799 3736 1852 ἀπὸ

393 1854 689 1960 ἱιῃεὶεηοω
713 1854 850 1959 erga
871 1854 1166 1944 Christum
1192 1904 1395 1942 verum
1431 1885 1628 1959 procul
1654 1887 1830 1941 dubio
1858 1854 1945 1941 Del

2187 1891 2246 1953 ῆς
2277 1881 2573 1955 εἰδωλικῆς
2621 1854 2907 1961 θρησλείας
2959 1887 3182 1961 ἀρίστης
3229 1885 3510 1961 εὐτροπίας
3562 1888 3640 1940 xui
3673 1887 3739 1940 εὐ-

396 1977 579 2033 animi
635 1976 1105 2049 propensionem,
1167 1991 1516 2047 morumque
1569 1975 1941 2047 probitatem,

2187 1969 2449 2047 γγελικῆς
2501 1975 2737 2050 ἀγωγῆς,
2789 1975 2879 2030 καὶ
2930 1973 3236 2046 ἀθλητικῆς
3287 1976 3518 2050 ἀγωνίας
3557 1975 3739 2049 ἤρατο;

393 2064 797 2137 Evangelicam
844 2065 1293 2136 institutionem,
1326 2082 1431 2120 nec
1463 2082 1575 2120 non
1610 2063 1777 2120 lucta
1813 2064 1941 2118 labo

2193 2061 2206 2115 ί
2234 2061 2334 2137 γὰρ
2367 2063 2442 2125 εἰς
2473 2060 2716 2117 εὔκλειαν
2767 2062 2948 2134 ἀληθῆ
2999 2064 3316 2119 συνεισοίσει
3356 2063 3650 2140 γενεαλογία
3669 2083 3741 2138 γο-

393 2153 613 2221 retulit,
631 2171 806 2225 quam
830 2155 986 2209 enim
1009 2159 1372 2210 terrenorum
1405 2152 1843 2226 parentum,qui
1866 2151 1945 2207 lut

2189 2152 2277 2204 έων
2311 2157 2636 2227 χαμερπῶν,
2668 2153 2755 2207 καὶ
2801 2151 2925 2228 περί
2971 2154 3070 2222 τὴν
3101 2152 3220 2208 ίλὺν
3254 2151 3649 2226 ίλυσπωμένων,
3675 2151 3741 2207 xui

392 2243 568 2298 rebus
585 2259 721 2297 cum
743 2242 1069 2315 primisque
1087 2242 1608 2314 superstitionibus
1629 2243 1750 2297 sint
1771 2243 1944 2296 involl

2190 2237 2387 2294 άλιστα
2417 2237 2855 2313 δεισιδαιμόνων,
2881 2245 2958 2313 τῷ
2988 2248 3086 2310 τῆς
3107 2241 3380 2305 υἱοθεσίας
3403 2246 3495 2296 τοῦ
3515 2235 3742 2312 παμϐασι-

389 2331 616 2387 natales
647 2333 719 2386 ad
752 2348 945 2387 veram
987 2331 1230 2403 gloriam
1261 2331 1652 2386 accessionem
1685 2331 1771 2385 illi
1804 2331 1941 2386 facie

2193 2329 2286 2390 έως
2314 2333 2447 2383 Θεοῦ
2495 2329 2910 2403 κατηξιωμὲνῳ,
2961 2329 3050 2384 καὶ
3094 2335 3211 2392 τοῖς
3277 2329 3545 2405 οὐρανίοις
3569 2329 3745 2404 ἀγγελι-

389 2421 490 2492 qui
525 2420 596 2476 ab
627 2421 889 2476 omnium
923 2421 1070 2493 Rege
1100 2421 1215 2476 Deo
1242 2420 1551 2491 adoptione
1581 2420 1658 2476 sit
1688 2421 1903 2492 dignus
1937 2421 1941 2473 l

2191 2422 2263 2478 οἷς
2309 2419 2769 2492 συνηριθμημένῳ
2822 2418 3078 2492 τάγμασι,
3136 2419 3226 2473 καὶ
3271 2424 3391 2481 τοῖς
3427 2417 3542 2495 περί
3585 2419 3743 2492 [Ιέτρον

390 2509 570 2579 bitus,
599 2514 656 2564 et
684 2508 742 2563 in
767 2508 1031 2564 ccnlestes
1055 2508 1407 2581 Angelorum
1435 2510 1670 2564 ordines
1692 2514 1942 2580 cooptati

2186 2505 2232 2559 ui
2292 2505 2503 2562 Ηαῦλον
2561 2508 2896 2580 θεοκήρυξιν,
2977 2508 3088 2581 ἅμα
3161 2509 3263 2577 τῆν
3323 2507 3626 2584 ἱεραρχικὴν
3673 2506 3738 2560 xui

388 2603 446 2654 et
476 2614 592 2654 una
620 2614 754 2653 cum
794 2597 896 2653 Dei
945 2598 1308 2668 praeconibus
1355 2602 1525 2654 Petro
1556 2604 1613 2654 et
1642 2598 1820 2653 Paulo
1869 2615 1940 2653 sa

2188 2593 2516 2664 ποστολικήν
2557 2595 2921 2670 περικειμένῳ
2958 2593 3321 2674 φαιδρότητα,
3370 2596 3457 2650 καὶ
3485 2603 3576 2665 τῆς
3605 2615 3740 2668 μακα-

388 2686 637 2758 imperio
659 2691 718 2741 et
746 2685 1068 2758 apostolica
1099 2685 1538 2757 pulchritudine
1560 2687 1634 2742 sit
1655 2687 1938 2742 convestit

2189 2684 2416 2752 ιωτάτης
2471 2687 2654 2758 γενεᾶς
2721 2683 2930 2754 ἐκείνης
2983 2682 3358 2760 γεγενημένῳ,
3418 2684 3505 2738 καὶ
3555 2688 3624 2755 τῷ
3667 2685 3741 2737 τοῦ

390 2773 690 2845 simulque
730 2775 1073 2830 beatissima
1101 2774 1203 2829 illa
1232 2774 1532 2829 nativitate
1586 2775 1942 2846 progenitus,

2185 2771 2442 2846 ,up'wpiou
2471 2771 2884 2845 συνεστεμμένῳ
2927 2769 3222 2845 διαδήματι
3263 2791 3280 2842 ;
3313 2774 3384 2829 ’Ἠ
3414 2772 3525 2828 τίνα
3549 2771 3737 2844 περιφά-

391 2863 656 2935 martyrii
689 2863 874 2935 gloria
903 2864 1352 2919 circumdatus?
1383 2869 1468 2917 An
1499 2863 1686 2934 patria
1715 2864 1884 2934 equis
1914 2881 1943 2918 ο

2184 2881 2285 2914 ιιαν
2317 2861 2512 2934 πατρὶς
2545 2859 2860 2930 ἱππήλατος
2894 2861 2983 2916 καὶ
3017 2857 3400 2940 μηλοτρόφος,
3435 2861 3519 2916 καὶ
3547 2857 3736 2926 πεδίοις,

391 2953 624 3021 busque
667 2952 896 3020 referta,
929 2951 1175 3022 campis,
1209 2952 1528 3020 montibus,
1561 2951 1832 3019 saltibus,
1867 2953 1943 3008 va?

2182 2950 2227 3003 αὶ
2263 2945 2432 3024 ὄρεσι,
2463 2950 2549 3004 καὶ
2577 2951 2796 3021 νάπαις,
2843 2949 2933 3004 καὶ
2983 2949 3212 3029 φάραγξι
3244 2947 3734 3028 περιεστοιχισμένη,

391 3039 621 3109 busque
650 3039 1111 3094 circummunita
1143 3057 1156 3094 :
1191 3041 1371 3111 pratis
1400 3041 1562 3107 item,
1596 3042 1936 3096 nemoribus

2180 3040 2231 3093 ui
2275 3039 2530 3112 λειμῶσι,
2574 3038 2663 3092 καὶ
2713 3037 2918 3111 ἄλσεσι,
2958 3039 3047 3094 καὶ
3102 3038 3469 3103 παντοδαποῖς
3515 3036 3732 3112 δένδροις,

391 3126 653 3199 quolibet
673 3128 949 3182 arborum
968 3133 1143 3199 atque
1165 3128 1498 3199 plantarum
1519 3146 1727 3202 genere
1749 3131 1943 3201 conati,

2191 3127 2230 3180 ιιὶ
2271 3131 2457 3203 φυτοῖς
2500 3129 2921 3199 πεπυκνωμένη,
2971 3128 3066 3182 καὶ
3115 3130 3434 3191 θαλαττίοις
3487 3127 3651 3200 λιμέσι
3670 3144 3743 3177 πε-

387 3220 476 3284 ta;
497 3220 554 3271 et
575 3215 888 3272 maritimis
910 3217 1198 3288 portubus
1215 3217 1650 3288 circumcincta,
1668 3218 1939 3274 ﬂuminib

2193 3213 2580 3288 ικυκλουμένη,
2614 3215 2700 3269 καὶ
2743 3221 3039 3289 ποταμοῖς,
3080 3217 3168 3271 καὶ
3201 3223 3436 3292 πηγαῖς,
3458 3216 3541 3271 καὶ
3570 3213 3745 3287 λίμναις

392 3310 672 3376 praeterea
695 3305 976 3373 fontibus,
993 3306 1220 3377 stagnis
1244 3307 1675 3373 circumﬂuens,
1696 3307 1944 3380 magnitt

2193 3302 2573 3379 εριρῥεομένη,
2611 3304 2700 3357 xui
2751 3305 2960 3377 μεγέθει
3011 3303 3529 3378 κεκαλλωπισμένη,
3567 3302 3641 3357 xui
3665 3303 3745 3354 τῶν

395 3410 468 3450 ne
497 3394 737 3449 demum
780 3394 1180 3462 aediﬁciorum,
1201 3411 1267 3450 ac
1301 3395 1739 3467 pulchritudine
1770 3397 1945 3468 praedi

2197 3392 2498 3465 ειμαμένων
2531 3391 2660 3454 τοὺς
2707 3387 2950 3465 τύμϐους
3002 3394 3184 3465 θαῦμα
3229 3401 3354 3459 τοῖς
3391 3397 3623 3470 παριοῦσι
3645 3407 3749 3461 προ·

392 3498 637 3554 quisque
669 3481 938 3554 sepulcra
970 3499 1194 3552 eorum,
1227 3485 1326 3554 qui
1351 3483 1503 3540 hanc
1527 3485 1938 3549 construxerit,

2195 3479 2499 3552 αλλομένη,
2532 3481 2814 3556 παρέξεται
2861 3479 2940 3553 τῷ
2978 3482 3078 3550 τῆν
3113 3481 3225 3536 ἄνω
3254 3479 3607 3560 Ἰερουσαλήμ
3625 3474 3744 3532 πόλιν

398 3571 774 3638 miraculum,
821 3573 1310 3643 praetereuntibus
1354 3573 1642 3645 obtendit,
1676 3574 1950 3646 splendor

2194 3569 2496 3642 εκτημὲνῳ,
2527 3571 2594 3638 ἧς
2635 3569 2686 3622 ἐν
2736 3571 2882 3645 χειρὶ
2931 3571 3134 3646 Κυρίου
3184 3573 3254 3626 τὰ
3305 3573 3466 3648 τείχη
3498 3566 3746 3642 ιξωγράφηο

398 3659 482 3715 illi
516 3659 767 3730 aliquem
806 3661 1026 3731 afferet,
1059 3662 1159 3732 qui
1201 3662 1327 3732 jam
1361 3662 1440 3717 sit
1483 3662 1777 3719 cmlestem
1810 3664 1945 3719 Jeru

2194 3679 2268 3725 αι,
2295 3657 2384 3712 καὶ
2416 3655 2540 3722 ἔνθα
2570 3659 2785 3713 πάντων
2833 3658 3272 3735 εὐφραινομένων
3329 3664 3364 3732 ἡ
3396 3656 3622 3716 κατοικία
3637 3649 3746 3727 ἦχός

397 3746 510 3804 lem
558 3754 898 3818 assecutus;
953 3749 1124 3819 cuius
1175 3750 1328 3805 muri
1389 3767 1566 3806 manu
1615 3751 1844 3807 Domini
1893 3753 1949 3808 3‘

2196 3768 2215 3801 ι
2244 3748 2627 3820 ἑορταζόντων,
2661 3746 2752 3802 καὶ
2784 3751 2932 3824 φωνή
2971 3747 3400 3822 ἀγαλλιάσεωςς
3434 3748 3594 3814 Πλὴν,
3618 3741 3658 3797 εί
3678 3738 3748 3793 xui

394 3837 532 3909 picti
568 3843 729 3906 sunt,
751 3838 850 3892 ubi
885 3839 1152 3893 omnium
1185 3838 1507 3895 laetantium
1533 3846 1624 3895 est
1656 3841 1946 3896 domicilii

2205 3841 2296 3909 μῖν
2324 3836 2374 3891 ἐν
2425 3836 2745 3912 προοιμίοις
2786 3837 2941 3892 ταύτὶ
2991 3837 3263 3911 λέλεκται,
3317 3841 3408 3895 τὸν
3454 3829 3750 3909 παμμακάρι·

394 3925 652 3982 celebres
681 3932 1003 3982 conventus
1025 3928 1328 3998 agentium
1360 3945 1562 3997 sonus,
1586 3934 1644 3984 et
1675 3947 1794 3984 una
1821 3947 1928 3984 vox

2199 3945 2284 3979 τον
2333 3926 2576 4001 κρίνουσι
2633 3931 2741 3980 τῶν
2789 3927 3173 4000 ὑπερκοσμίων
3224 3928 3358 3982 εἶναί
3409 3947 3544 3990 τινα,
3572 3923 3646 3977 xui
3669 3921 3751 3972 τῶν

383 4014 826 4070 exsultationis.
851 4016 1024 4087 Atqui
1055 4016 1189 4072 licet
1212 4016 1331 4071 haec
1355 4018 1605 4073 nobisin
1628 4019 1862 4074 exordio
1893 4021 1935 4072 d‘

2201 4014 2359 4086 η’ίνων
2394 4016 2814 4089 ἀπῳκισμένων,
2863 4015 2991 4072 ἀλλ’
3037 4015 3160 4073 οὔτε
3202 4019 3540 4093 γεννητόρων
3571 4014 3753 4083 ἀσήμων

395 4102 534 4170 sint,
561 4103 841 4157 nimirum
874 4103 1285 4160 beatissimum
1315 4107 1501 4161 virum
1528 4124 1711 4161 unum
1739 4108 1947 4179 alique:

2202 4126 2238 4167 ,ς
2270 4105 2359 4173 ἦν,
2389 4101 2510 4159 οὕτέ
2547 4106 2646 4173 τὴν
2707 4105 3064 4179 ἒνεγκαμένην
3118 4108 3264 4181 εἶχεν
3313 4109 3505 4184 ἅφανῆ,
3548 4099 3654 4156 οὔτε
3674 4096 3754 4169 μήν

394 4189 690 4246 caelitibus
714 4191 811 4262 qui
837 4208 904 4246 ex
924 4192 1033 4246 hac
1056 4192 1174 4247 vita
1203 4193 1556 4264 migrarunt,
1578 4211 1704 4251 esse
1737 4201 1946 4250 statue]

2206 4215 2344 4254 nec;
2375 4193 2624 4255 εὐτελοῦς
2675 4195 2890 4270 ὑπῆρχε
2929 4193 3187 4266 πολίτης.
3238 4201 3406 4251 Ποῖον
3453 4195 3548 4271 γὰρ
3587 4191 3668 4256 τῆς
3693 4184 3758 4237 οἷ’

392 4279 525 4347 bus,
543 4295 656 4334 non
679 4279 894 4334 idcirco
914 4283 1110 4334 tamen
1135 4286 1442 4351 parentum
1465 4284 1592 4351 ejus
1611 4284 1826 4354 aliquis
1845 4286 1944 4340 obs

2204 4283 2426 4355 :opévnc
2465 4282 2626 4356 μέρος
2679 4283 2777 4337 οὐκ
2826 4283 3048 4354 ἀκηκόει
3099 4285 3158 4338 τὸ
3207 4291 3309 4354 τῆς
3359 4279 3612 4342 Ἑλλάδος
3638 4294 3756 4348 περι-

393 4384 494 4424 rus
519 4367 649 4435 fuit,
669 4384 858 4438 neque
880 4368 1130 4440 patriam
1154 4385 1267 4423 non
1290 4369 1582 4426 illustrem
1609 4371 1835 4437 habuit,
1853 4373 1945 4428 sed

2205 4371 2318 4432 ανές
2350 4368 2423 4440 ςῆ
2454 4370 2534 4434 τίς
2561 4371 2655 4434 τὰς
2693 4371 2929 4442 Ἀθήνας
2969 4371 3155 4447 ἀγνοεῖ
3199 4374 3261 4427 τὸ
3294 4379 3393 4442 τῆς
3422 4365 3667 4427 Ἐλλάδος
3693 4357 3757 4414 εὖ·

394 4456 639 4530 ignobili
664 4457 902 4528 quidem
926 4455 1159 4513 civitate
1180 4457 1467 4513 oriundus
1489 4459 1631 4515 civis
1656 4461 1896 4516 exstitit.
1914 4464 1946 4527 C

2203 4481 2283 4526 ος,
2311 4460 2372 4514 τὸ
2402 4460 2730 4534 περίπυστον
2780 4459 2868 4514 καὶ
2911 4459 3270 4534 παναοίδιμον
3305 4461 3455 4532 ἄστὸ,
3487 4460 3542 4514 τὸ
3568 4460 3660 4511 τῶν
3688 4469 3755 4525 φι-

393 4552 486 4603 est
515 4547 669 4602 enim
705 4546 865 4602 orbis
895 4551 1061 4601 terrae
1094 4562 1230 4618 pars
1252 4563 1382 4618 quas
1415 4563 1526 4602 non
1559 4548 1789 4603 Graecize
1821 4549 1939 4604 clar

2202 4548 2416 4626 οσόφων
2453 4547 2852 4624 διαιτητήριον,
2907 4551 2994 4603 xui
3048 4554 3156 4604 τῶν
3190 4550 3277 4605 ἰπὶ
3312 4550 3462 4624 λόγῳ
3491 4550 3616 4622 μέγα
3645 4542 3754 4647 βοαὶ·

394 4641 512 4691 tem
544 4635 837 4690 audierit?
869 4639 933 4689 ut
962 4635 1223 4690 Athenas
1246 4635 1476 4690 Graeciae
1507 4637 1753 4709 gloriam
1789 4637 1946 4693 celeb

2200 4639 2335 4693 5'va
2368 4640 2775 4712 γυμναστήριον
2805 4660 2863 4693 τε
2891 4640 2981 4693 xui
3004 4637 3392 4715 παιδευτήριον
3427 4660 3440 4710 ;
3465 4641 3576 4703 ὅθεν
3603 4625 3752 4690 Διονύ-

396 4729 538 4790 tam,
571 4740 637 4778 ac
667 4723 886 4795 ubique
915 4724 1284 4779 decantatam
1317 4725 1632 4794 civitatem,
1668 4726 1948 4798 philosopl

2195 4748 2268 4789 ιος
2303 4727 2461 4790 οὗτος
2491 4727 2738 4801 ὡρμᾶτο,
2785 4728 2873 4782 xui
2925 4726 2987 4782 οὗ
3031 4725 3439 4802 διασημότατος
3467 4722 3747 4802 προηγέτης,

395 4828 526 4867 rum
553 4813 773 4881 sedem,
799 4818 974 4883 atque
996 4812 1189 4868 locum
1221 4812 1322 4868 ubi
1343 4813 1598 4870 celebres
1621 4822 1880 4871 oratores
1903 4834 1947 4872 SI

2196 4816 2241 4870 αὶ
2269 4820 2376 4870 τῶν
2405 4814 2456 4869 ἐν
2487 4815 2683 4889 Ἀρείῳ
2729 4817 2885 4892 πάγῳ
2935 4814 3201 4872 δικαστῶν
3253 4816 3587 4893 ἐχρημάτιζε
3615 4806 3748 4887 προῦ-

373 4905 663 4956 exercent
694 4905 751 4955 et
780 4901 1008 4966 docent,
1039 4899 1173 4973 quis
1204 4901 1471 4974 ignorat?
1500 4902 1661 4959 Unde
1692 4905 1801 4960 iste
1833 4904 1925 4960 Dic

2197 4909 2268 4959 ὧν
2301 4904 2389 4959 xui
2418 4904 2732 4980 πρόκριτος,
2782 4907 2855 4959 ὧν
2909 4906 2970 4960 τὸ
3015 4911 3113 4961 τοῦ
3151 4907 3343 4982 γένους
3378 4905 3648 4978 περίοπτον
3675 4909 3749 4960 καὶ

395 4989 523 5044 sius
553 4993 745 5043 ortum
778 4988 1023 5059 accepit,
1047 4994 1104 5044 et
1143 4989 1243 5044 ubi
1284 5007 1497 5061 praeses
1525 4992 1947 5061 nobilissimus,

2199 4990 2522 5068 εγαλόδοξον
2604 4998 2720 5056 τοῖς
2829 4999 2936 5049 τῶν
3033 4993 3292 5060 Ἀτθίδων
3384 4994 3749 5071 συγγραφεῦσιν.

391 5076 1084 5147 interAreopagijudices
1102 5078 1310 5148 primas
1325 5078 1936 5152 obtinens,magistrat

2201 5081 2496 5156 ινδροτίωνι
2552 5081 2640 5137 καὶ
2711 5081 3040 5159 Φιλοχόρῳ,
3114 5087 3250 5140 κατὰ
3307 5083 3512 5145 πλάτος
3565 5073 3753 5151 ἱστόρη-

393 5165 743 5220 honorarius
759 5165 939 5234 judex
960 5165 1187 5236 agebat,
1203 5183 1454 5238 quorum
1480 5169 1789 5238 praesentia
1809 5171 2040 5240 generis
2147 5193 2263 5229 ται.

394 5258 451 5309 et
470 5252 722 5325 insignis
742 5252 929 5324 gloria
949 5252 1021 5307 ab
1041 5255 1397 5312 Androtione
1419 5272 1484 5312 ac
1510 5255 1851 5313 Philochoro
1869 5259 2043 5316 Athe-

395 5341 703 5398 niensibus
727 5341 1115 5412 scriptoribus
1133 5345 1368 5413 capiose
1387 5344 1598 5400 litteris
1623 5346 1897 5403 mandata
1926 5353 2036 5404 est.

467 5445 613 5500 Hinc
641 5445 820 5501 etiam
852 5449 940 5500 est
971 5445 1136 5501 facile
1165 5449 1452 5518 conjicere
1484 5461 1745 5521 parentes
1775 5453 1903 5523 ejus
1933 5469 2019 5524 0p«

2218 5458 2332 5535 Ἀφ’
2390 5454 2462 5511 ὦν
2513 5452 2626 5512 ἔστι
2677 5477 2735 5512 τε
2789 5457 2878 5511 καὶ
2943 5459 3313 5531 τεκμήρασθαι
3363 5457 3451 5510 καὶ
3501 5456 3599 5506 τῶν
3636 5464 3745 5520 προ-

397 5532 623 5590 timates
655 5531 1039 5622 praestabiles,
1059 5551 1124 5589 ac
1153 5537 1363 5594 virtute
1393 5540 1581 5597 claros
1615 5541 1816 5597 fuisse.
1840 5541 1949 5615 Neq

2190 5539 2314 5600 ἔνων
2348 5545 2510 5600 αὐτοῦ
2565 5551 2859 5622 πρωτεῖον,
2913 5545 3003 5601 καὶ
3052 5541 3271 5621 ἔντιμον
3319 5544 3409 5601 xui
3441 5535 3700 5608 διαϐόητον
3732 5548 3742 5561 ⁸

399 5622 552 5676 enim
609 5624 764 5695 apud
815 5621 1192 5680 Athenienses
1239 5627 1422 5684 elatos
1471 5628 1759 5700 homines,
1805 5631 1865 5686 in
1915 5637 1951 5688 te

2185 5633 2207 5688 ὐ
2238 5636 2340 5712 γὰρ
2372 5635 2430 5691 ἃν
2464 5637 2588 5711 παρ’
2638 5633 2952 5708 Ἀθηναίοις
2996 5641 3113 5699 τοῖς
3160 5635 3466 5713 ἀγερώχοις
3496 5630 3568 5687 εἰς
3593 5623 3737 5703 ἀρχὴν
