3930 6202
185 353 275 407 till

1172 351 1366 417 VITA,
1409 350 1744 405 AUCTORE
1784 351 2156 405 MICHAELE
2192 352 2543 408 SYNGELO.

3459 357 3568 412 622
3581 361 3597 378 "

191 481 416 553 προῆκτο
441 470 722 542 τοσαύτην,
773 472 816 526 εἰ
868 472 942 545 μὴ
988 471 1123 548 πρὸς
1151 475 1218 546 τῇ
1253 471 1412 550 σοφίᾳ
1463 471 1551 526 καὶ
1582 475 1650 544 τῇ
1701 475 1806 525 τῶν

2023 473 2235 530 ilimem
2269 476 2664 547 principatum
2697 481 2928 533 evectus
2959 483 3132 546 esset,
3175 479 3287 536 nisi
3336 482 3570 554 sapien-

191 569 375 642 φρενῶν
417 560 692 634 εὐκοσμίᾳ,
742 561 1062 639 σωφροσύνῃ
1107 582 1165 616 τε
1211 563 1298 616 καὶ
1333 559 1671 636 δικαιοσύνῃ,
1723 561 1812 615 καὶ

188 653 377 729 ἀνδρίᾳ,
426 653 516 706 καὶ
563 654 628 724 τῇ
686 646 1036 726 περιϐλέπτῳ
1065 655 1160 704 τοῦ
1189 652 1376 727 γένους
1407 651 1653 726 ὑπεροχῇ
1686 671 1812 704 κατ’

185 742 466 818 ηγλάϊστο·
543 744 621 812 τῷ
693 741 794 815 γάρ
877 745 1086 794 Λουκᾶν
1171 740 1262 794 τὸν
1343 739 1838 817 φιλαληθέστατον-

184 832 262 887 καῖ
315 829 619 905 σοφώτατον
680 827 732 882 ἐν
789 832 858 903 τῇ
933 833 1041 883 τῶν
1112 827 1491 884 ἀποστολικῶν
1563 829 1810 902 Πράξεων

190 919 298 995 ἁγίᾳ
376 920 463 972 καὶ
547 917 806 994 πανσόφῳ
884 921 1184 994 συγγραφῇ,
1268 917 1390 993 περὶ
1458 922 1566 971 τῶν
1649 918 1813 988 Ἀθή-

186 1029 290 1082 νησι
338 1005 770 1062 πεπιστευκότων
825 1003 913 1060 διὰ
964 1012 1064 1074 τῆς
1119 1005 1253 1061 κατὰ
1302 1007 1391 1060 τὸν
1453 1007 1668 1080 Ἀρειον
1709 1005 1813 1060 πά-

185 1118 264 1172 γον
319 1095 674 1160 θεοπνεόστου
732 1099 829 1149 τοῦ
890 1093 1158 1168 μακαρίου
1205 1093 1426 1150 Παύλου
1459 1091 1685 1164 διδαχῆς
1725 1094 1815 1148 καὶ

188 1183 514 1259 δημηγορίας
559 1181 944 1258 διηγούμενον,
972 1185 1129 1260 φάναι
1179 1185 1295 1238 κατ’
1343 1182 1540 1259 ἐξοχῆς
1589 1184 1812 1258 τρόπον,

181 1281 256 1330 Ἐν
313 1277 392 1336 οἷς
449 1277 515 1342 ἦν
584 1275 672 1327 καὶ
734 1272 1014 1335 Διονύσιος
1073 1275 1100 1328 6
1175 1273 1587 1349 Ἀρεοπαγίτης·
1663 1272 1816 1348 ἐναρο

181 1369 277 1439 γὼς
303 1365 361 1418 τὸ
406 1367 502 1418 τοῦ
546 1367 735 1437 νοεροῦ
774 1358 934 1417 τοῦδε
961 1361 1285 1436 λαμπτῆρος
1333 1362 1468 1416 κατά
1514 1383 1572 1417 τε
1631 1363 1818 1436 γένους

183 1451 565 1524 ἐπισημότητα,
626 1451 715 1506 καὶ
773 1452 887 1506 κατ’
948 1452 1177 1526 ἀρετῆς,
1228 1451 1317 1505 καὶ
1376 1452 1666 1526 γνώσεως,
1729 1451 1818 1505 καὶ

183 1542 350 1616 σοφίας
380 1541 468 1595 καὶ
513 1535 905 1616 ἑλλογιότητος
953 1541 1290 1614 περιουσίαν,
1346 1541 1638 1618 ὑπερφερὲς
1684 1541 1818 1594 ἀπο-

185 1629 456 1687 δείκνυται.
517 1631 597 1688 Οὐ
655 1630 758 1706 γὰρ
820 1628 1056 1703 εἷ’ρηκεν,
1117 1631 1204 1686 Ἐν
1258 1633 1339 1691 οἷς
1388 1631 1453 1699 ἦν
1517 1632 1652 1705 ἀνὴρ
1695 1629 1820 1684 ὀνό-

187 1741 299 1793 ματι
329 1718 632 1787 Διονύσιος,
665 1720 740 1781 ὡς
772 1719 824 1773 εἴ
865 1739 1009 1780 τινος
1041 1716 1238 1773 ε’ίνεκεν
1268 1715 1502 1790 ἀδήλου,
1529 1718 1676 1786 ἀλλ’,
1735 1721 1821 1774 Ἐν

1923 564 2064 619 tiam
2099 568 2153 619 et
2185 565 2368 620 animi
2403 571 2773 636 ornamenta,
2818 567 3210 638 prudentiam,
3251 569 3570 639 justitiam,

1923 653 2354 718 fortitudinem,
2407 655 2625 710 illustri
2675 655 2845 711 etiam
2901 657 3097 726 generi
3149 659 3569 728 conjunxisset.

1921 745 2066 798 Cum
2101 743 2255 797 enim
2286 744 2470 799 Lucas
2495 745 2755 800 veritatis
2780 745 3226 801 amantissimus
3276 746 3573 818 simulque

1924 831 2400 902 sapientissimus
2435 833 2492 887 in
2528 840 2730 890 sancta
2753 835 3031 905 omnique
3063 834 3232 907 plena
3263 835 3572 907 sapientia,

1925 924 2202 975 Aclorum
2239 921 2639 992 apostolorum
2686 923 2934 980 historia
2964 925 3034 979 de
3079 924 3171 980 his
3201 925 3300 996 qui
3328 925 3574 980 Athenis

1928 1010 1986 1064 B.
2027 1009 2189 1064 Pauli
2227 1011 2422 1065 divino
2458 1012 2643 1067 afflati
2692 1015 2955 1080 numine,
2985 1014 3251 1068 doctrina
3281 1018 3337 1068 et
3367 1013 3576 1086 praedi-

1926 1099 2156 1153 catione
2189 1100 2566 1155 crediderant
2597 1101 2956 1172 loqueretur,
3011 1103 3183 1173 alque
3232 1102 3576 1173 hujusmodi

1929 1188 2104 1242 verba
2135 1204 2239 1258 per
2269 1189 2682 1244 excellentiam
2725 1197 3086 1262 usurpasset,
3137 1193 3200 1246 In
3230 1193 3427 1262 quibus
3455 1200 3606 1248 crat'

1927 1283 1980 1331 et
2014 1277 2312 1348 Dionysius
2344 1279 2672 1350 Areopagita
2704 1279 2766 1350 (ι)
2816 1280 3124 1350 perspibue
3170 1280 3354 1334 divini
3406 1281 3576 1337 istius

1929 1365 2173 1421 luminis
2205 1383 2337 1421 cum
2372 1367 2603 1438 generis
2635 1367 2978 1424 excellentia
3029 1374 3152 1424 tum
3187 1369 3445 1439 virtutis,
3479 1387 3573 1425 co-

1929 1455 2210 1526 gnitionis
2244 1472 2309 1511 ac
2341 1456 2685 1527 eloquentiae
2718 1458 2982 1513 ubertate
3031 1459 3453 1530 praestantiam,
3486 1460 3576 1514 in-

1930 1543 2164 1599 dicavit.
2200 1549 2394 1616 Neque
2429 1545 2584 1600 enim
2621 1545 2767 1600 dixit
2801 1563 2814 1601 :
2850 1548 2910 1602 ln
2939 1547 3157 1618 quibus
3207 1552 3331 1602 erat
3360 1548 3446 1603 vir
3477 1565 3572 1603 no-

1931 1633 2087 1687 mine
2114 1634 2440 1705 Dionysius,
2476 1635 2719 1706 perinde
2751 1651 2814 1688 ac
2838 1635 2886 1689 si
2933 1636 3004 1690 de
3035 1637 3232 1703 ignoto
3262 1635 3457 1707 aliquo
3488 1635 3576 1690 lo-

1932 1727 2228 1793 queretur,
2254 1723 2350 1776 sed
2387 1724 2446 1777 In
2479 1723 2676 1794 quibus
2734 1732 2852 1778 erat
2882 1729 2934 1779 et
2991 1725 3290 1796 Dionysius
3336 1727 3578 1796 Areopa-

183 1811 254 1870 οἷς
308 1809 370 1876 ἦν
428 1808 523 1862 καὶ
584 1807 864 1871 Διονύσιος
921 1809 947 1861 6
1007 1808 1436 1883 Ἀρεοπαγίτης,
1507 1807 1815 1882 ὑποφαίνων

186 1896 198 1912 .
287 1901 338 1912 --
489 1896 503 1912 .
681 1897 691 1912 ι
931 1897 944 1912 .
1014 1897 1024 1912 .
1229 1894 1283 1912 9m
1352 1899 1375 1912 η
1523 1897 1536 1912 η
1637 1896 1660 1912 υ
1704 1895 1726 1912 α

2023 1829 2064 1865 ι.
2101 1811 2242 1865 Hinc
2269 1811 2652 1867 subindicans
2687 1812 2876 1866 virum
2910 1812 3302 1869 clarissimum
3329 1831 3428 1884 per
3450 1830 3580 1868 om-

183 1896 428 1966 ἐντεῦθεν,
485 1896 541 1952 ἐν
600 1897 859 1968 στόμασιν
919 1897 1166 1951 ἀπάντων
1219 1894 1434 1966 ᾅδεσθαι
1484 1897 1574 1950 τὸν
1631 1895 1819 1971 ἄνδρα,

185 1987 263 2041 καὶ
303 1984 734 2058 ὀνομαστότατον
769 1987 924 2041 εἶναι.
986 1986 1089 2041 Καὶ
1134 1987 1208 2057 μή
1257 2007 1341 2046 τις
1394 1987 1468 2058 μή
1520 1981 1653 2060 μέγα
1699 2008 1822 2040 συν-

181 2074 340 2130 τελεῖν
373 2075 576 2138 οἰέσθω
630 2074 704 2135 εἷς
732 2075 823 2129 τὸν
856 2079 952 2129 τοῦ
998 2074 1168 2150 λόγου
1217 2075 1415 2128 σκοπὸν
1448 2075 1674 2145 ταυτηνὶ
1721 2077 1819 2143 τὴν

183 2165 315 2235 ἱερὰτ
366 2161 772 2238 βραχυλογίαν·
805 2163 848 2216 εἷ
880 2163 981 2237 γὰρ
1013 2163 1101 2217 καὶ
1153 2162 1362 2238 βραχὺς
1400 2163 1428 2216 6
1461 2163 1649 2237 λόγος,
1680 2162 1824 2218 ἀλλὰ

184 2251 338 2314 πολὺς
385 2255 411 2307 ὁ
455 2253 590 2327 παρ’
619 2251 784 2306 αὐτοῦ
839 2251 1017 2326 βρόων
1074 2251 1151 2313 εἷς
1183 2251 1450 2329 εὐφημίαν
1501 2252 1696 2307 τούτου
1727 2257 1822 2306 τοῦ

187 2342 587 2415 θαυμαζομένου
639 2340 898 2402 πλοῦτος.
963 2341 1122 2396 Οὕτω
1168 2342 1270 2416 γὰρ
1331 2343 1572 2409 Μωϋσῆς
1629 2343 1656 2395 ὁ
1707 2341 1822 2404 θεό-

184 2452 308 2502 πτης
347 2429 396 2484 ἔν
436 2452 551 2485 τινι
597 2437 697 2499 τῆς
748 2431 1133 2504 κοσμογενείας
1191 2429 1341 2504 ῥητῷ
1399 2429 1821 2502 συντομωτάτῳ,

189 2517 525 2595 Μελχισεδὲκ
597 2518 1110 2591 ἀπομνημονεύσας,
1178 2523 1273 2573 τοῦ
1345 2521 1444 2588 τήν
1503 2520 1622 2581 καθ’
1676 2521 1826 2590 ἡμᾶς

187 2610 545 2681 πνευματικὴν
591 2607 889 2682 ἱερωσύνην
942 2608 1422 2681 προτυπώσαντος,
1487 2609 1624 2680 μήτε
1663 2607 1824 2661 τίνων

190 2698 368 2773 γονέων
415 2697 539 2758 υἱὸς
590 2696 843 2771 ἐγεγόνει,
897 2693 1027 2769 μηδ’
1086 2697 1278 2759 ὁπόθεν
1330 2696 1580 2770 ὥρμητο,
1637 2693 1828 2765 διαση-

195 2786 512 2858 μηνάμενος,
572 2786 648 2846 ὡς
692 2783 744 2840 ἐν
794 2785 1040 2848 ἀθανάτω
1089 2784 1266 2858 στήλῃ
1292 2786 1391 2853 τήν
1435 2785 1641 2839 ἐκείνου
1686 2786 1827 2856 μνή-

197 2896 288 2946 μην
308 2881 422 2936 ταῖς
472 2871 768 2947 μετέπειτα
818 2878 1028 2947 γενεαῖς
1073 2870 1493 2942 διαιωνιζόντως
1548 2873 1830 2950 εὐφημου-

196 2966 344 3036 μένην
390 2959 783 3018 καταλέλοιπε.
819 2967 983 3038 Δεῦρο
1016 2960 1082 3030 δὴ
1116 2963 1205 3017 οὖν
1258 2962 1439 3026 αὐτὸς,
1470 2964 1514 3017 ὦ
1552 2970 1652 3032 τῆς
1702 2984 1830 3037 παγ-

192 3052 404 3124 κοσμίου
449 3051 730 3126 σωτηρίας
775 3051 865 3105 καὶ
918 3056 1092 3126 χαρᾶς
1142 3049 1527 3125 εὐαγγελιστά,
1587 3053 1676 3106 καὶ
1731 3058 1829 3120 τῆς

194 3141 446 3217 ἀφράστου
491 3145 595 3195 τοῦ
645 3144 776 3196 Θεοῦ
827 3139 1002 3215 Λόγου
1053 3141 1377 3216 σαρκώσεως
1431 3139 1831 3215 μεγαλοκτςρυξ,

193 3229 399 3285 καὶτῶν
453 3228 620 3285 θείων
651 3230 818 3284 αὐτοῦ
865 3231 1108 3302 σημείων
1159 3229 1248 3284 καὶ
1297 3227 1600 3304 μεγαλείων
1663 3229 1830 3304 ρῆτορ

192 3317 568 3391 ἀψευδέστατε,
626 3319 716 3372 καὶ
774 3323 880 3372 τῶν
938 3316 1338 3394 εὐαγγελιστῶν
1399 3316 1832 3390 διεξοδικώτατε,

197 3414 366 3463 Λουκᾶ
393 3407 845 3482 παμμακάριστε,
874 3404 1030 3481 δεῦρο
1062 3406 1282 3481 φράσειν
1313 3409 1472 3478 ἡμῖν,
1502 3407 1583 3468 τίς
1615 3406 1772 3469 οὗτος
1805 3409 1832 3461 ὁ

193 3497 468 3567 Διονύσιος,
503 3496 597 3550 καὶ
630 3501 814 3566 ποῖος,
847 3496 938 3550 καὶ
969 3497 1069 3565 την
1118 3495 1347 3551 πλεῖστα
1393 3497 1831 3570 συντετμημένην

198 3606 280 3640 σου
307 3588 648 3663 ἱερολογίαν,
675 3587 792 3650 καθ’
822 3588 882 3655 ἢν
914 3586 1133 3641 τουτονὶ
1164 3588 1254 3641 τὸν
1289 3585 1610 3660 ἱεροφάντην
1659 3589 1836 3660 προή-

198 3696 362 3752 γαγες,
395 3676 740 3748 ἐξάπλωσον.

261 3856 426 3917 Οὗτός
457 3854 600 3921 ἐστι,
632 3853 816 3930 φησὶν,
851 3855 878 3908 ὁ
908 3857 1016 3908 τῶν
1044 3854 1159 3907 καθ’
1182 3849 1420 3908 Ἑλλάδα
1450 3850 1696 3925 λογάδων
1746 3851 1837 3905 καὶ

200 3942 526 4019 εὐπατριδῶν
586 3943 1012 4011 εὐκλεέστατος,
1083 3942 1171 3996 καὶ
1227 3947 1326 4010 τῆς
1385 3938 1836 4016 Ἀρεοπαγίτιδος

203 4032 395 4108 βουλῆς
453 4031 821 4106 ἐξοχώτατος⁸
874 4031 936 4085 οὐ
998 4032 1093 4103 μὲν
1132 4033 1388 4085 τοσοῦτον
1448 4029 1508 4084 ἐκ
1536 4037 1635 4099 τῆς
1693 4029 1840 4102 ἀξίας

197 4122 516 4196 περικλυτὸς
570 4120 917 4198 ἆποφανθεῖς,
975 4118 1098 4174 ὅσον
1146 4118 1305 4180 αὐτὸς
1360 4119 1565 4188 ἐκείνην
1619 4139 1843 4196 περιφα-

199 4212 430 4284 νεστέραν
491 4209 784 4286 ἀπέφηνεν.
847 4207 1014 4270 Οὗτός
1069 4206 1208 4262 ἐστιν
1269 4210 1296 4262 6
1360 4210 1434 4280 μή
1492 4209 1655 4280 μόνον
1705 4210 1842 4263 κατά

199 4305 358 4353 πᾶσαν
409 4299 724 4370 ἐπιστήμης
777 4295 1004 4374 λογικῆς
1053 4293 1197 4351 ἰδέαν
1245 4294 1602 4366 τελεώτατος,
1664 4303 1838 4351 Στωϊ-

199 4393 298 4442 κῶν
345 4409 401 4443 τι
457 4389 550 4444 καὶ
601 4385 1006 4462 Ἐπικουρείων,
1037 4386 1126 4440 καὶ
1156 4390 1263 4440 τῶν
1309 4383 1496 4439 ἄλλων
1524 4384 1838 4462 φιλοσόφων

200 4473 663 4552 φιλοσοφώτατος,
716 4474 806 4527 καὶ
863 4478 970 4528 τῶν
1027 4471 1432 4540 Ἀττικιζόντων
1463 4473 1552 4526 καὶ
1583 4493 1838 4546 γραμμα-

1933 1899 2093 1953 nium
2127 1917 2225 1954 ora
2257 1899 2562 1956 celebrari.
2609 1905 2808 1972 Neque
2857 1903 3008 1958 hanc
3061 1903 3239 1957 divini
3292 1902 3580 1958 sermonis

1930 1987 2269 2044 brevitatem
2319 1989 2388 2043 ad
2445 1989 2831 2045 intentionem
2885 1991 3168 2046 orationis
3219 1991 3582 2062 propositam

1931 2093 2047 2131 non
2082 2078 2277 2148 magni
2314 2079 2525 2133 referre
2557 2079 2848 2150 quispiam
2881 2080 3368 2135 arbitretur.Nam
3403 2081 3580 2134 etiam

1932 2167 1979 2221 si
2014 2168 2204 2222 brevis
2236 2167 2314 2221 sit
2345 2167 2552 2234 oratio,
2587 2168 2798 2222 divitia:
2830 2173 3024 2222 tamen
3059 2185 3184 2239 quae
3214 2169 3349 2224 inde
3381 2169 3441 2223 in
3469 2169 3582 2223 hu-

1923 2257 2026 2325 jus
2057 2257 2155 2326 qui
2207 2255 2536 2311 celebratur
2584 2257 2692 2311 viri
2740 2256 2975 2311 laudem
3008 2258 3221 2325 ﬂuunt,
3273 2261 3413 2312 sunt
3443 2274 3574 2329 per-

1934 2344 2155 2399 multae.
2192 2344 2390 2415 Neque
2417 2360 2587 2399 secus
2618 2345 2773 2398 enim
2805 2343 3104 2416 inspector
3135 2345 3231 2399 Dei
3265 2345 3490 2416 Moyses
3512 2347 3573 2399 in

1932 2431 2148 2502 scripto
2209 2433 2461 2501 quodam
2520 2432 2832 2487 creationis
2909 2433 3114 2488 mundi
3202 2433 3570 2501 brevissimo,

1935 2537 2068 2575 cum
2110 2520 2534 2575 Melchisedech
2586 2506 2686 2591 qu'i
2736 2520 3000 2576 divinum
3043 2523 3214 2590 juxta
3263 2520 3439 2575 ritum
3471 2536 3580 2575 no-

1935 2615 2124 2665 strum
2180 2609 2574 2664 sacerdotium
2621 2627 2740 2680 prae
2790 2627 2852 2665 se
2921 2611 3165 2674 ferebat,
3216 2609 3576 2665 mentionem

1938 2699 2192 2764 fecisset,
2230 2714 2333 2752 nec
2375 2698 2592 2769 quibus
2644 2699 2984 2770 parentibus
3032 2704 3197 2754 ortus
3245 2702 3421 2766 esset,
3471 2713 3578 2752 nec

1938 2788 2094 2842 unde
2126 2788 2278 2844 362
2309 2787 2597 2858 originem
2629 2787 2889 2843 traheret
2911 2788 3338 2858 aperiens,ejus
3361 2803 3587 2842 memo~

1939 2877 2105 2945 riam,
2136 2893 2262 2947 quis
2294 2892 2396 2946 per
2415 2875 2629 2931 saecula
2669 2875 2914 2932 celebris
2946 2877 3110 2941 foret,
3165 2883 3449 2947 tanquam
3476 2877 3590 2930 im-

1940 2964 2172 3019 mortali
2205 2964 2564 3020 monimento
2586 2973 3010 3029 consecratam,
3039 2966 3288 3037 posteris
3321 2964 3583 3035 reliquit.

1941 3060 2059 3124 Age
2094 3053 2370 3123 (obsecro)
2404 3053 2584 3125 igitur
2614 3056 2759 3126 ipse,
2801 3071 2834 3109 o
2879 3054 3078 3126 gaudii
3126 3058 3182 3109 et
3231 3055 3420 3108 fausta
3455 3045 3616 3124 pre?

1939 3144 2101 3198 tiosae
2133 3141 2343 3197 salutis
2377 3144 2600 3209 nuntie,
2635 3159 2666 3197 ο
2698 3142 2908 3214 ingens
2930 3142 3244 3199 ineﬂ'abilis
3269 3144 3590 3198 descensus

1865 3216 1906 3282 C
1945 3231 2072 3286 Filii
2104 3232 2204 3286 Dei
2239 3247 2447 3303 praeco,
2480 3237 2536 3286 et
2578 3232 2907 3286 divinorum
2960 3233 3087 3302 ejus
3141 3231 3585 3296 miraculorum,

1943 3325 2120 3391 atque
2153 3336 2346 3374 rerum
2383 3320 2830 3391 magniﬁcarum
2875 3321 3245 3376 veracissime
3277 3320 3589 3375 conciona-

1943 3414 2094 3476 tor,o
2126 3408 2618 3480 evangelistarum
2653 3409 3038 3481 amplissime,
3061 3409 3399 3465 beatissime
3420 3410 3592 3474 Luca,

1947 3504 2059 3569 Age
2091 3499 2208 3552 fare
2242 3497 2432 3567 nobis,
2461 3497 2700 3568 quinam
2755 3504 2810 3551 et
2853 3498 3045 3568 qualis
3087 3499 3165 3552 sit
3215 3499 3324 3554 iste
3371 3498 3589 3568 Diony-

1945 3587 2087 3648 sius,
2119 3592 2176 3641 et
2207 3601 2432 3640 sacram
2467 3591 2628 3640 tuam
2667 3602 2942 3656 perquam
2988 3586 3400 3640 brevissimam
3443 3585 3594 3642 scri-

1946 3674 2350 3746 ptionem,qua
2372 3672 2526 3727 hunc
2545 3674 2808 3728 omnium
2825 3673 3122 3728 doctorem
3145 3673 3206 3727 in
3238 3673 3430 3728 lucem
3459 3689 3595 3743 pro-

1945 3762 2173 3829 vexisti,
2210 3761 2377 3817 nobis
2411 3762 2688 3816 edissere.

2023 3851 2121 3904 Hic
2166 3855 2274 3915 est,
2327 3850 2542 3920 inquit,
2595 3849 2747 3904 inter
2793 3848 3146 3904 lectissimos
3191 3866 3257 3905 ac
3312 3850 3594 3921 dignitate

1947 3942 2294 4011 prastantes
2321 3938 2551 3993 Graeciaa
2583 3937 2758 4002 viros,
2794 3936 3030 4009 pietatis
3089 3938 3281 3994 cultor
3319 3939 3592 4006 eximius,

1947 4034 2003 4084 et
2031 4027 2514 4099 Areopagitarum
2545 4026 2775 4082 concilii
2798 4031 3032 4082 senator
3059 4027 3594 4099 amplissimus,qui

1947 4134 2062 4172 non
2111 4122 2231 4171 tam
2283 4116 2538 4189 inclytus
2584 4117 2656 4170 ob
2705 4116 3052 4188 dignitatem
3101 4117 3342 4172 elfectus
3389 4117 3593 4186 fuisse,

1947 4211 2233 4278 quantum
2255 4205 2601 4277 dignitatem
2628 4206 2753 4276 ipse
2781 4205 3087 4262 clariorem
3116 4207 3380 4262 effecisse
3403 4211 3491 4261 est
3514 4206 3597 4280 ju-

1947 4296 2255 4352 dicandus.
2289 4296 2388 4349 Hic
2418 4301 2507 4351 est
2538 4295 2634 4367 qui
2673 4313 2785 4350 non
2819 4295 3011 4350 solum
3035 4295 3232 4352 omnia
3265 4296 3598 4351 disserendi

1950 4383 2205 4440 scientia:
2238 4390 2585 4440 ornamenta
2641 4384 2979 4454 complexus
3029 4391 3116 4440 est
3169 4384 3493 4439 Stoicorum
3543 4389 3602 4438 et

1951 4474 2364 4546 Epicureorum
2397 4478 2854 4544 caaterorumque
2888 4473 3367 4544 philosophorum
3388 4471 3604 4527 doctis-

203 4564 558 4637 τικευομένων
613 4562 978 4623 ἀττικώτατός
1034 4582 1093 4615 τε
1138 4559 1226 4615 καῖ
1271 4561 1695 4635 τεχνικώτατος,
1750 4582 1815 4614 κα

2023 4580 2162 4626 nus,
2193 4568 2250 4616 et
2284 4561 2464 4617 Attice
2483 4566 2539 4617 et
2570 4562 2821 4616 litterate
2846 4560 3212 4632 loquentium
3247 4560 3601 4614 facundissi-

207 4651 444 4730 ῥητόρων
481 4651 943 4729 ῥητορικώτατος,
995 4650 1085 4704 καί
1133 4655 1242 4704 τῶν
1290 4651 1413 4722 περὶ
1443 4651 1542 4717 τήν
1593 4649 1848 4724 ἀστρονο-

209 4741 325 4813 μίαν
375 4742 812 4816 καταγινομὲνων
858 4740 1362 4811 θεωρητικώτατος,
1411 4738 1505 4792 κάν
1560 4744 1674 4798 ταῖς
1735 4738 1852 4793 λοι-

206 4836 326 4892 παῖς
367 4829 680 4906 ἐγκυκλίοις
731 4826 1068 4883 παιδεύσεσιν
1115 4823 1521 4898 ἀκριϐέστατος,
1570 4825 1716 4882 ἀλλά
1759 4828 1850 4881 καὶ

207 4923 270 4992 τῇ
297 4918 585 4991 τετρακτόϊ
615 4922 720 4973 τῶν
769 4917 972 4992 ἀρετῶν
1023 4916 1377 4992 ἀρτιώτατος.
1426 4915 1596 4976 Οὗτός
1629 4914 1766 4970 ἐστιν
1823 4917 1851 4970 6

210 5004 355 5079 δίκης
388 5008 756 5084 apameae-.1;
799 5006 1032 5078 τρυτάνῃ
1083 5004 1448 5079 κεχρημένος,
1497 5004 1585 5056 καὶ
1630 5008 1736 5057 τῶν
1799 5004 1850 5057 ἐν

206 5096 454 5166 Ἀθήναις
513 5095 936 5168 θεμιστευόντων
994 5093 1319 5156 εὐθύτατος·
1369 5092 1458 5146 καὶ
1515 5096 1683 5146 ταῦτα
1738 5097 1857 5153 τοῖς

209 5183 555 5256 Ἑλληνικοῖς
585 5181 662 5239 ἔτι
693 5182 1128 5256 προσηλωμένος
1160 5180 1554 5256 θρησκεύμασι,
1595 5181 1683 5234 καὶ
1742 5187 1856 5243 τοῖς

213 5274 326 5335 Διὸς
357 5275 773 5347 ἐμπεφυρμὲνος
811 5269 1175 5347 βδελύγμασι,
1227 5271 1312 5324 καὶ
1348 5276 1463 5330 τοῖς
1508 5276 1606 5337 τῆς
1639 5268 1861 5329 Παλλοὶ-

216 5359 300 5425 δος
360 5365 592 5434 Ἀθηνᾶς
649 5360 960 5422 εἰδωλικοῖς
1020 5359 1486 5435 ἐπαγλαϊζόμενος
1537 5355 1861 5430 σεϐάσμασι,

213 5454 297 5506 καὶ
342 5453 439 5515 τὰς
487 5453 601 5507 κατ’
654 5449 854 5528 Ὀρφέα
898 5450 989 5504 τὸν
1052 5448 1226 5503 πάντα
1281 5452 1394 5509 τοῖς
1458 5452 1740 5521 μουσικοῖς
1772 5444 1862 5502 ἔλ-

286 5667 349 5739 (ι)
369 5669 666 5739 Act.»xvu,
699 5669 787 5725 34.
827 5713 833 5719 .

1959 4651 2392 4721 mus,idemque
2419 4651 2882 4718 eruditissimus,
2922 4650 3223 4704 rhetorum
3257 4648 3606 4720 eloquentis-

1959 4742 2171 4802 simus,
2199 4739 2571 4794 astronomiaa
2599 4740 2736 4793 item
2773 4739 3240 4793 incumbentium
3273 4739 3608 4809 speculator

1962 4829 2301 4898 acerrimus,
2337 4844 2402 4882 ac
2430 4829 2486 4881 in
2519 4828 2738 4882 castoris
2772 4827 3115 4882 liberalibus
3143 4827 3474 4898 disciplinis
3507 4842 3607 4897 pe-

1963 4917 2308 4980 ritissimus,
2345 4915 2488 4986 quin
2552 4921 2608 4970 et
2656 4919 2908 4985 quatuor
2957 4920 3236 4986 praeterea
3291 4915 3606 4970 virtutibus

1965 5022 2199 5062 summe
2231 5011 2473 5060 ornatus
2508 5004 2632 5058 fuit.
2656 5004 2757 5057 Hic
2789 5007 2877 5058 est
2901 5004 2999 5074 qui
3025 5005 3353 5059 rectissima
3384 5005 3609 5075 injudi-

1966 5096 2152 5151 cando
2185 5095 2407 5149 trutina
2427 5109 2802 5158 usus,eorum
2837 5092 2935 5163 qui
2957 5093 3316 5161 Athenisjus
3339 5093 3611 5149 dicebant

1960 5183 2334 5254 justissimus
2370 5181 2497 5248 fuit,
2534 5182 2712 5250 idque
2743 5198 2875 5236 cum
2911 5180 3104 5236 adhuc
3135 5182 3444 5252 gentilium
3481 5182 3612 5237 reli-

1969 5275 2137 5344 gione
2171 5271 2513 5333 obstrictus,
2547 5269 2820 5336 Jovisque
2852 5270 3389 5326 abominationibus
3419 5271 3616 5341 inqui-

1972 5367 2169 5428 natus,
2201 5365 2257 5413 et
2304 5360 2658 5414 exsecranda
2716 5358 2970 5414 Palladis
3019 5359 3396 5416 Atheniensis
3435 5362 3620 5415 cultui

1975 5449 2194 5503 net'arie
2224 5453 2381 5503 esset
2413 5446 2706 5516 addictus,
2738 5446 3037 5503 fabulosos
3071 5447 3210 5504 item
3250 5448 3486 5522 Orphei,
3519 5449 3621 5522 qui
