3930 6202
355 309 460 364 623

1592 306 1652 361 Β.
1691 304 2011 360 DIONYSII
2046 304 2528 363 ABEOPAGITE

2153 304 2528 363 EOPAGITB
3271 259 3276 262 Ι
3621 314 3705 371 624

352 431 550 489 omnia
580 433 652 487 ad
683 447 747 488 se
799 430 1042 488 musicis
1089 427 1470 486 concentibus
1520 426 1850 484 attrahebat
1897 444 1904 481 ι

2157 446 2276 482 οντα
2331 429 2632 503 κρούμασι,
2696 427 2964 503 μυθώδεις
3021 430 3302 508 θεολογίας
3363 435 3709 508 ἀσπαζόμενος,

351 520 561 577 blimes
591 523 662 576 de
693 521 808 576 diis
840 535 1142 576 sermones
1172 518 1556 590 amplectens,
1608 523 1665 572 et
1708 515 1851 572 anili
1897 515 2005 573 He-

351 610 502 668 siodi
535 609 874 680 Theogonia
904 609 1152 663 libenter
1172 608 1534 662 detineretur
1554 605 1887 661 illectus.At
1904 604 2003 660 ubi

353 701 542 774 gratia
572 698 852 755 salutaris
888 697 1118 752 cunctis
1167 696 1509 752 hominibus
1561 694 1773 759 illuxit,
1807 693 2003 762 genti-

350 789 496 844 lium
547 788 849 843 ebrietatis
894 794 951 842 et
999 787 1270 841 amentiae
1331 785 1604 840 tenebras
1655 783 2001 852 eliminavit,

357 879 884 948 universorumque
932 875 1388 931 simulacrorum
1435 889 1697 928 errorem
1746 873 1816 928 de
1847 878 2004 927 terra

351 966 618 1031 sustulit,
651 982 716 1020 ao
751 965 964 1036 ubique
990 970 1278 1020 terrarum
1322 963 1423 1018 Dei
1459 967 1516 1016 et
1547 960 1862 1016 servatoris
1895 977 2000 1015 no-

353 1052 460 1113 stri
492 1055 708 1112 Christi
735 1053 1317 1124 discipuli,tanquam
1342 1050 1553 1123 aquilae
1575 1051 1844 1122 quaedam
1869 1066 2002 1121 pas-

353 1145 437 1202 sis
471 1145 578 1200 alis
609 1142 904 1199 evolantes
935 1158 1000 1197 ac
1031 1145 1458 1212 percurrentes,
1481 1139 1690 1194 divinae
1721 1140 2001 1210 cognitio-

352 1235 445 1290 nis
479 1233 702 1288 lumine
734 1231 1021 1286 mundum
1051 1229 1518 1285 illustraverunt.
1550 1228 1793 1292 Quando
1824 1227 2000 1282 etiam

352 1321 571 1378 Paulus
622 1321 1029 1391 theologorum
1092 1334 1405 1389 supremus
1449 1322 1506 1373 et
1568 1315 1998 1382 divinissimus,

351 1409 618 1483 gentium
652 1407 976 1480 apostolus,
999 1408 1142 1463 tuba
1171 1407 1382 1462 cmlum
1417 1422 1605 1476 usque
1635 1405 1998 1476 pertingens,

349 1525 454 1567 vas
487 1507 812 1570 electionis,
845 1506 1102 1561 Athenas
1146 1503 1456 1570 concessit,
1491 1501 1590 1556 ubi
1643 1501 2000 1572 praeconium

351 1615 386 1654 a
416 1613 528 1667 quo
555 1595 810 1651 salutem
840 1599 899 1650 et
927 1593 1107 1648 vitam
1142 1593 1401 1648 mundus
1427 1591 1736 1662 acciperet,
1762 1606 1998 1645 annun-

350 1683 798 1755 tians,divinum
829 1681 1064 1738 Domini
1088 1698 1299 1737 nomen
1331 1679 1782 1735 circumferebat
1807 1694 2000 1732 :cum-

2114 515 2202 569 καὶ
2254 517 2352 585 τήν
2413 526 2733 593 γραοπρεπῆ
2768 521 2897 592 παρ’
2951 517 3189 592 Ἡσιόδῳ
3220 522 3494 596 Θεογονίαν
3526 523 3710 595 ἀσμενι-

2118 603 2362 677 ζόμενος.
2410 603 2632 676 Ἐπειδὴ
2681 605 2737 662 δὲ
2780 608 2879 676 τὴν
2915 615 3016 678 τῆς
3045 606 3379 680 Ἑλληνικῆς
3425 610 3591 673 ἀνοίας
3638 615 3708 667 καὶ

2117 694 2288 765 μέθης
2333 692 2510 769 ἀχλὺν
2542 698 2576 764 ἡ
2632 701 2791 751 πᾶσιν
2845 697 3152 771 ἀνθρώποις
3213 697 3524 774 ἐπιφανεῖσα
3565 705 3709 770 σωτη-

2113 801 2228 855 ριος
2276 783 2436 857 χάρις
2485 781 2830 855 ἀπεσκέδασε,
2877 785 2965 840 καὶ
3013 792 3185 840 πᾶσαν
3229 787 3332 842 ἀπὸ
3378 795 3480 862 γῆς
3529 785 3713 844 είδωλιο

2109 871 2210 939 κήν
2261 871 2478 927 καθεῖλε
2505 872 2738 944 πλάνην,
2791 875 2880 929 καὶ
2910 876 3222 951 πανταχόσε
3273 883 3373 945 τῆς
3407 875 3712 949 οἰκουμένης,

2111 958 2198 1014 οἶά
2227 981 2366 1021 τινες
2397 961 2541 1015 ἀετοὶ
2571 963 2967 1039 τανυσίπτεροι,
3028 961 3373 1037 διιπτάμενοι
3430 965 3515 1020 καὶ
3567 963 3711 1021 διαθέ-

2112 1067 2260 1110 οντες
2294 1048 2343 1103 οἷ
2374 1054 2470 1103 τοῦ
2521 1056 2654 1105 Θεοῦ
2700 1051 2791 1106 καὶ
2821 1059 3081 1124 Σωτῆρος
3130 1055 3292 1126 ἡμῶν
3320 1056 3544 1128 Χριστοῦ
3575 1057 3716 1127 patir,-

2111 1137 2197 1191 ταὶ
2249 1142 2328 1209 τῷ
2382 1145 2484 1207 τῆς
2530 1140 2850 1216 θεογνωσίας
2901 1139 3040 1216 φωτί
3084 1142 3175 1197 τὸν
3223 1143 3428 1215 κόσμον
3480 1144 3716 1218 ητηύγα-

2113 1244 2227 1278 σαν·
2274 1225 2362 1280 καὶ
2397 1224 2610 1290 Ηαῦλος
2640 1233 2748 1283 τῶν
2779 1226 3054 1305 θεολόγων
3085 1231 3113 1284 ὁ
3161 1231 3464 1306 κράτιστος,
3505 1232 3585 1286 καὶ
3629 1237 3713 1288 τῶν

2111 1311 2276 1376 ἐθνῶν
2337 1315 2364 1368 ὁ
2424 1315 2695 1378 θειότατος
2753 1316 3081 1385 ἀπόστολος,
3139 1321 3174 1388 ἡ
3221 1321 3596 1394 οὐρανομήκης
3617 1319 3718 1375 σάλ-

2109 1403 2260 1477 πιγξ,
2312 1404 2373 1458 τὸ
2431 1408 2614 1466 σκεῦος
2669 1409 2769 1471 τῆς
2827 1406 3084 1481 ἐκλογῆς,
3115 1413 3234 1470 ταῖς
3275 1410 3530 1479 Ἀθήναις
3553 1407 3717 1480 ἐπεδή-

2115 1513 2276 1564 μησε,
2336 1491 2615 1562 σαλπίζων
2673 1495 2734 1549 τὸ
2783 1495 3122 1569 σωσίκοσμον
3175 1496 3264 1550 καὶ
3318 1492 3585 1573 φερέσϐιον
3635 1501 3718 1568 κήο

2112 1599 2314 1656 ρυγμα,
2366 1582 2456 1636 καὶ
2499 1583 2563 1637 τὸ
2595 1588 2737 1646 θεῖον
2767 1586 2858 1638 καὶ
2891 1581 3209 1640 δεσποτικὸν
3253 1585 3526 1660 βαστάζων
3555 1583 3720 1658 ὄνομα,

2109 1678 2200 1730 καὶ
2258 1679 2374 1732 κατ’
2421 1675 2652 1734 εἷ’δωλον
2697 1681 2796 1749 τήν
2859 1679 2911 1735 ἐν
2945 1686 3064 1743 ταῖς
3094 1679 3382 1750 Ἑλληνίσι
3411 1680 3717 1758 προῦχουσιν

355 1790 470 1847 que
519 1777 781 1830 cerneret
823 1772 1141 1839 civitatem,
1189 1787 1314 1840 qua:
1378 1769 1602 1824 caeteris
1667 1771 1907 1822 Graecari

2165 1763 2306 1820 όλεσι
2338 1768 2679 1840 τεθεαμένος,
2711 1769 2803 1823 καὶ
2834 1774 2914 1842 τῷ
2943 1772 3107 1842 θεϊκῷ
3155 1770 3527 1844 πυρποληθεὶς
3575 1771 3717 1844 ζήλῳ,

357 1866 636 1922 omnibus
667 1868 1007 1928 antestaret,
1042 1862 1490 1917 simulacrorum
1517 1859 1670 1914 363
1703 1857 1888 1914 cultui
1911 1859 2003 1912 de-

359 1957 563 2024 ditam,
597 1969 794 2009 amore
827 1951 1021 2006 divino
1054 1949 1612 2015 succensus,ardore
1644 1948 1897 2019 quodam
1920 1947 2000 2001 ci-

356 2043 593 2100 vitatem
623 2042 927 2114 ingressus
958 2044 1067 2108 est,
1102 2044 1159 2095 et
1187 2053 1320 2094 cum
1343 2037 1726 2103 Judzeos,tum
1754 2037 2002 2105 Graecos,

353 2131 652 2203 sapientes
681 2135 738 2184 et
778 2129 1065 2196 indoctos,
1111 2141 1496 2198 quoscunque
1538 2124 1736 2179 obvios
1771 2123 2001 2188 habuit,

355 2217 720 2292 argumentis
752 2217 1033 2288 impetere
1061 2215 1256 2287 coepit,
1281 2214 1606 2285 Jesumque
1657 2213 1757 2283 qui
1791 2229 1896 2266 nos
1928 2211 2002 2266 ab

347 2308 711 2382 impostoris,
735 2303 1460 2375 homicidm,draconisque
1483 2301 2002 2374 tyrannide,morte

349 2415 416 2454 ac
432 2397 671 2453 interitu
688 2395 1098 2461 vindicaret,et
1119 2397 1484 2448 mortuorum
1505 2389 1998 2447 resurrectionem

343 2485 496 2544 laetis
520 2483 800 2556 auspiciis
832 2481 1232 2538 nuntiavit.Ac
1253 2481 1658 2552 Epicureos,et
1689 2478 1788 2550 qui
1813 2495 1846 2533 a
1869 2494 2000 2549 por-

356 2575 470 2630 ticu
504 2572 751 2646 picturis
780 2571 1075 2642 variegata
1108 2586 1321 2626 nomen
1365 2572 1738 2639 acceperunt,
1768 2583 1916 2622 nova
1943 2573 2001 2620 et

348 2663 618 2719 inaudita
638 2678 702 2717 ac
729 2658 950 2716 cmlesti
970 2658 1262 2730 sapientia
1300 2658 1361 2713 in
1402 2658 1701 2730 ingentem
1747 2654 2000 2710 admira-

344 2753 565 2808 tionem
591 2749 928 2805 attraxit.Et
947 2748 1016 2802 ad
1039 2743 1819 2818 Areopagitarumjudicium
1846 2742 2000 2798 dela-

344 2838 986 2911 tus,ipsosquejudices
1001 2836 1264 2891 omnium
1283 2835 1762 2903 maxime,omnes
1782 2832 1994 2887 caelesti

343 2930 482 2984 huic
497 2926 877 3000 philosophiae
891 2923 1463 2981 animumintendere
1476 2921 1731 2976 suaviter
1745 2919 1994 2975 induxit.

350 3026 500 3082 Tum
534 3023 844 3096 Dionysius
875 3021 1183 3078 confestim
1217 3036 1250 3074 a
1286 3019 1466 3086 luteo,
1499 3023 1556 3074 et
1588 3019 1796 3073 insano
1828 3017 1997 3088 quasi

347 3112 800 3170 simulacrorum
835 3117 1042 3182 stagno
1099 3107 1464 3176 desciscens,
1497 3106 1676 3162 Paulo
1726 3105 1990 3160 divinum

342 3167 583 3259 odorem
616 3199 870 3255 exerenti
902 3167 1220 3268 adjunctus
1252 3200 1364 3252 est.
1396 3167 1482 3250 Ab
1514 3194 1898 3265 interpretum
1937 3199 1995 3249 et
2023 3167 2067 3234 α

339 3291 695 3362 scriptorum
720 3286 960 3343 avulsus
985 3283 1468 3356 errore,praaconi
1499 3282 1762 3338 veritatis
1796 3283 1989 3337 adhae-

343 3380 440 3436 sit.
475 3384 522 3432 A
554 3377 840 3450 profundo
873 3374 1288 3430 internecionis
1320 3371 1654 3438 emersit,el:
1681 3371 1751 3426 ad
1786 3370 1995 3426 salutis

345 3467 756 3525 celsitudinem
788 3463 1101 3520 evolavit.A
1126 3462 1385 3518 tenebris
1417 3460 1739 3532 impietatis
1767 3461 1998 3515 absces-

353 3557 450 3628 sit,
482 3561 541 3612 et
571 3557 640 3611 ad
691 3551 1044 3627 cognitionis
1092 3553 1302 3607 divinae
1349 3550 1549 3606 lumen
1596 3549 1904 3605 concessit.
1952 3551 1999 3604 A

351 3663 489 3703 vera
520 3644 775 3703 stultitia
807 3644 878 3698 ad
927 3658 1121 3698 veram
1169 3639 1598 3697 beatitudinem
1645 3637 1996 3710 properavit.

347 3743 527 3802 Belial
562 3741 769 3798 mortis
793 3740 1088 3812 pararium
1115 3738 1302 3795 valere
1324 3736 1593 3809 jussit,et
1621 3737 1752 3792 vitae
1774 3735 1997 3792 auctori

345 3838 402 3890 et
430 3831 679 3904 principi
703 3831 933 3886 Christo
964 3845 1028 3885 se
1056 3827 1382 3899 conjunxit.
1431 3826 1840 3897 lmpuritatem
1875 3826 1993 3880 dis-

343 3938 588 3977 monum
619 3919 1016 3988 abominatus,
1048 3917 1393 3989 angelorum
1425 3915 1798 3972 sanctitatem
1829 3931 1991 3970 com-

341 4010 547 4081 plexus
567 4009 926 4064 est.Luteam
953 4007 1156 4062 mundi
1186 4004 1490 4060 materiam
1514 4003 1854 4070 excussit,et
1875 4019 1990 4058 cm-

340 4095 488 4150 leste
520 4095 747 4149 vivendi
793 4094 1131 4149 institutum
1179 4092 1443 4164 appetiit.
1480 4093 1627 4148 Cum
1671 4091 1824 4146 enim
1858 4107 1988 4161 spe-

342 4183 640 4240 ctaculum
671 4183 860 4237 factus
889 4191 1044 4237 esset
1072 4182 1198 4252 (per
1229 4179 1472 4235 Paulum
1513 4179 1824 4250 splendore
1855 4195 1988 4234 cum

339 4273 646 4329 cherubim
677 4275 1020 4338 certantem,
1049 4274 1247 4340 utpote
1267 4269 1562 4323 Christum
1593 4269 1691 4338 qui
1715 4269 1879 4322 sedet
1897 4285 1989 4322 su-

339 4379 444 4435 per
475 4360 779 4418 cherubim
812 4358 1186 4413 insonantem
1220 4357 1463 4412 auribus
1494 4356 1988 4427 habentem),spe-

340 4451 538 4508 culum
561 4466 742 4522 capax
765 4445 1041 4519 fulgentis
1075 4445 1348 4518 principii
1376 4444 1617 4499 luminis
1643 4449 1698 4500 et
1717 4444 1987 4499 divinita-

2115 1855 2328 1929 θερμῶς
2355 1857 2454 1924 τήν
2488 1855 2651 1911 πόλιν
2687 1857 3082 1930 εἶσεληλακὼς,
3130 1861 3268 1933 πρὸς
3314 1860 3440 1925 τοὺς
3484 1881 3721 1935 παρατυγ-

2113 1942 2377 2018 χάνοντας
2421 1943 2718 2008 Ἰουδαίους
2765 1968 2824 2002 τε
2870 1949 2960 2002 καὶ
2987 1947 3292 2019 Ἕλληνας,
3343 1950 3536 2026 σοφούς
3563 1971 3613 2005 τε
3652 1951 3724 2005 καὶ

2114 2028 2333 2094 ἰδιώτας
2395 2030 2709 2103 διείλεκται,
2749 2035 2839 2090 καὶ
2885 2035 2978 2091 τὸν
3026 2041 3124 2103 τῆς
3174 2042 3274 2092 τοῦ
3325 2035 3601 2094 δελεαστοῦ
3647 2041 3719 2093 καὶ

2116 2117 2477 2196 βροτοκτόνου
2499 2123 2588 2178 καὶ
2620 2121 2912 2198 δράκοντος
2938 2123 3272 2201 τυραννίδος,
3304 2131 3401 2182 τοῦ
3429 2147 3485 2182 τε
3529 2128 3721 2192 θανάτου

2109 2211 2199 2263 καὶ
2250 2217 2350 2280 τῆς
2409 2218 2611 2288 φθορᾶς
2671 2211 3039 2288 λυτρούμενον
3077 2215 3312 2285 Ἰησοῦν,
3372 2216 3460 2271 καὶ
3511 2219 3601 2284 τήν
3633 2221 3720 2269 τῶν

2108 2303 2314 2373 νεκρῶν
2361 2299 2643 2354 ἀνάστασιν
2703 2299 3112 2379 εὐηγγελίσατο,
3179 2308 3274 2358 καί
3329 2303 3456 2368 τοὺς
3503 2304 3548 2378 ἐξ
3599 2305 3723 2360 Ἐπιο

2109 2387 2310 2463 κούρου
2367 2389 2456 2443 καὶ
2511 2389 2636 2451 τοὺς
2686 2397 2786 2460 τῆς
2839 2390 3104 2462 Ποικίλης
3137 2399 3308 2456 στοᾶς
3337 2393 3722 2472 φιλοσόφουςτῇ

2111 2477 2230 2551 ξένη
2304 2477 2397 2531 καὶ
2461 2477 2760 2554 ἀπορρήτῳ
2827 2478 2916 2534 καί
2981 2481 3339 2556 ὑπερκοσμίῳ
3397 2483 3550 2560 σοφίᾳ
3598 2481 3725 2537 κατί-

2107 2563 2304 2635 πληξε,
2337 2565 2465 2620 κάπὶ
2495 2571 2590 2620 τοῦ
2623 2567 2838 2642 Ἀρείου
2869 2569 3042 2645 πάγου
3071 2572 3364 2646 κριτήριον
3393 2571 3725 2641 ἀπενήνειιται,

2107 2661 2359 2717 καὶτοὺς
2411 2663 2658 2718 ἀπάντων
2707 2665 3140 2739 ὑπερακοντίζειν
3187 2667 3491 2747 φιλοσοφίᾳ
3534 2669 3725 2737 κατεκή-

2109 2748 2295 2821 λησεν·
2326 2750 2518 2806 αὐτίκα
2548 2751 2828 2816 Διονύσιος
2858 2755 3061 2825 ἀπέστη
3092 2762 3191 2825 τῆς
3247 2752 3622 2834 βορϐορώδους
3645 2763 3724 2825 τῆς

2109 2837 2508 2912 εἶδωλομανίας
2555 2840 2782 2915 λίμνης,
2835 2844 2924 2898 καὶ
2968 2841 3172 2917 Παύλῳ
3221 2850 3306 2918 τῷ
3355 2846 3557 2901 πνέοντι
3607 2844 3722 2909 θείαν

2109 2926 2336 2983 εὐωδίαν
2363 2927 2667 3001 ἐκολλήθη’
2715 2930 3031 3004 ἀπεσπάσθη
3088 2937 3196 2988 τῶν
3254 2942 3362 3004 τῆς
3394 2935 3590 3006 ἀπάτης
3641 2935 3724 2988 εἰσ⁸

2107 3023 2356 3092 ηγητῶν,
2413 3018 2502 3073 καὶ
2559 3024 2640 3092 τῷ
2701 3027 2803 3089 τῆς
2861 3020 3119 3092 ἀληθείας
3183 3025 3389 3098 κήρυκι
3442 3021 3720 3100 προσεδᾶθη⁶

2108 3105 2326 3182 ἀνήχθη
2379 3112 2478 3162 τοῦ
2534 3115 2634 3178 τῆς
2689 3107 2963 3171 ἀπωλείας
3017 3111 3206 3186 βυθοῦ,
3249 3113 3346 3167 xxi
3379 3115 3510 3188 πρὸς
3550 3114 3605 3168 τὸ
3646 3119 3721 3180 τῆς

2103 3195 2374 3268 σωτηρίας
2433 3195 2567 3270 ὕψος
2622 3197 2845 3268 ἀνέπτηο
2891 3197 3226 3272 ἀπεφοίτησε
3284 3206 3386 3256 τοῦ
3440 3209 3533 3271 τῆς
3573 3199 3722 3262 ἀθείας

2107 3282 2294 3363 ζόφου,
2353 3285 2443 3338 καὶ
2491 3289 2569 3357 τῷ
2613 3293 2713 3355 τῆς
2755 3286 3083 3361 θεογνωσίας
3136 3289 3278 3365 φωτὶ
3311 3291 3717 3369 προσεφοίτησεν·

2105 3373 2426 3448 ἀνεχώρησε
2455 3381 2555 3444 τῆς
2588 3375 2664 3439 ὡς
2713 3373 2934 3448 ἀληθῶς
2980 3377 3376 3450 ματαιότητος,
3425 3383 3511 3436 καὶ
3555 3382 3615 3451 τῇ
3652 3375 3719 3432 ὅν-

2104 3482 2210 3524 τως
2266 3462 2626 3540 μακαριότητι
2676 3467 3122 3541 προσεχώρησεψ
3176 3469 3477 3540 ἀπετάξατο
3529 3474 3598 3540 τῷ
3643 3472 3720 3521 τοῦ

2109 3552 2338 3615 θανάτου
2381 3553 2628 3626 προξὲνῳ
2659 3553 2881 3629 Βελίαρ,
2925 3553 3014 3610 καὶ
3042 3559 3125 3628 τῷ
3169 3563 3272 3626 τῆς
3309 3563 3455 3627 ζωῆς
3485 3557 3627 3630 αἰτίῳ
3651 3557 3717 3610 καὶ

2108 3647 2341 3717 χορηγῷ
2405 3646 2629 3716 Χριστῷ
2687 3643 3034 3714 συνετάξατο·
3115 3641 3444 3718 ἐϐδελύξατο
3497 3649 3586 3717 τήν
3637 3649 3721 3699 τῶν

2111 3726 2388 3802 δαιμόνων
2431 3729 2778 3806 ἀκαθαρσίαν,
2823 3731 3040 3803 χαίτην
3085 3738 3194 3789 τῶν
3247 3735 3495 3813 ἀγγέλων
3550 3732 3722 3808 ἁγνείαν

2109 3819 2411 3887 ἠσπάσατο·
2459 3818 2810 3890 ἀπετινάξατο
2855 3822 2955 3889 τὴν
3005 3819 3219 3893 ἰλυώδη
3270 3825 3538 3896 κοσμικὴν
3592 3820 3720 3888 ὕλην,

2104 3919 2195 3972 καὶ
2241 3918 2341 3986 τὴν
2393 3916 2557 3973 ἀϋλον
2612 3920 2801 3993 βιοτὴν
2855 3918 3266 3995 ἐνηγκαλίσατο.
3327 3925 3618 3998 Ἐσοπτρον
3640 3919 3718 3996 γὰρ

2099 4006 2334 4082 γεγονὼς
2394 4004 2634 4062 δεκτικὸν
2680 4015 2783 4078 τῆς
2817 4007 2906 4064 διὰ
2934 4007 3074 4064 [Ιαύλ
3089 4031 3150 4064 ου
3195 4015 3297 4065 τοῦ
3333 4017 3414 4085 τῷ
3452 4004 3724 4088 χερουϐικῴ

2107 4096 2282 4169 θρόνῳ
2346 4093 2742 4169 ἁμιλλωμένου
2811 4101 2879 4171 τῇ
2945 4096 3320 4173 λαμπρότητι,
3391 4103 3480 4155 ἅτε
3525 4098 3722 4173 Χριστὸν

2103 4187 2208 4238 τῶν
2260 4181 2538 4260 χερουϐὶμ
2590 4185 2965 4260 ἐποχούμενον
3015 4183 3240 4243 ἔναυλον
3301 4185 3525 4264 ἔχοντος
3554 4232 3567 4256 ,
3617 4186 3725 4240 ἀπα·

2107 4271 2484 4348 στραπτούσης
2531 4275 2789 4342 ἀκτῖνος,
2849 4275 2939 4330 καὶ
2995 4282 3095 4345 τῆς
3151 4274 3502 4350 ἐνδιδομένης
3555 4274 3722 4349 αἴγλης

2105 4361 2629 4439 ἀποπληρούμενον,
2677 4363 3067 4440 κατηύγασται,
3125 4367 3214 4421 καὶ
3264 4366 3396 4431 ὅλος
3434 4366 3532 4440 ὅλῃ
3559 4368 3721 4439 τῇψυ·

2097 4453 2198 4526 χῆ,
2238 4451 2328 4506 καὶ
2361 4449 2591 4523 διανοίᾳ,
2623 4451 2711 4507 καὶ
2731 4449 2926 4528 καρδίᾳ
2948 4459 3030 4526 τῷ
3056 4451 3371 4528 διδασκάλῳ
3432 4449 3728 4530 προσκεκόλ-

343 4544 422 4596 tis
452 4540 709 4595 auctoris
755 4536 903 4592 radii
943 4533 1377 4604 crescentisque
1429 4532 1580 4587 lucis
1613 4533 1822 4602 plenus
1855 4533 1891 4586 il

2179 4561 2287 4598 ται.
2339 4537 2506 4595 Βαϐαὶ
2549 4548 2650 4611 τῆς
2698 4546 2795 4596 τοῦ
2841 4542 3101 4618 ἀριστέως
3130 4543 3332 4599 τούτου
3363 4546 3501 4618 πρὸς
3527 4544 3618 4610 τήν
3644 4545 3725 4606 τῆς

341 4635 563 4686 stratus
591 4625 808 4684 est.Cui
839 4625 1019 4681 etiam
1052 4624 1176 4695 ipse
1207 4627 1368 4678 totus
1398 4621 1596 4677 animo
1629 4619 1994 4690 toto,cogita-

341 4719 502 4774 tione
533 4734 600 4773 ac
631 4715 803 4772 corde
853 4711 1194 4785 praceptori
1234 4710 1643 4783 agglutinatus
1691 4715 1799 4765 est.
1864 4708 1990 4776 Cui,

349 4832 528 4888 qnam
551 4815 759 4886 ingens
783 4809 1044 4884 praeclari
1070 4809 1316 4881 hujusce
1346 4809 1454 4864 viri
1478 4807 1659 4864 animi
1680 4807 1992 4880 propensio

341 4905 454 4960 fuit
481 4903 816 4977 apostolicae
841 4900 922 4955 illi
945 4917 1012 4956 ac
1037 4899 1304 4954 divinum
1331 4899 1528 4954 lumen
1556 4897 1821 4969 largienti
1847 4914 1990 4968 pra:-

335 4993 614 5049 dicationi
650 4988 1036 5061 suscipiendis
1062 4989 1084 5042 Ρ
1111 4985 1489 5042 Obedientem
1523 4989 1580 5039 et
1608 4983 1988 5039 illuminatis-

334 5085 552 5139 simum
594 5081 860 5136 animum
893 5075 1088 5144 illum,
1127 5075 1231 5148 qui
1279 5074 1555 5130 facillime
1587 5073 1886 5139 doctrinis]
1922 5089 1988 5128 ac

329 5169 741 5246 preceptionis
771 5165 1118 5237 evangelicae
1151 5169 1316 5220 notas
1349 5181 1413 5218 ac
1443 5164 1614 5234 signa
1637 5163 1827 5233 prima
1850 5162 1990 5216 reti-

333 5261 482 5316 nuit.
517 5259 560 5314 Ο
592 5275 692 5314 cor
725 5255 912 5322 facile,
945 5255 1099 5308 etab
1132 5252 1292 5308 omni
1339 5252 1535 5308 carnis
1567 5250 1773 5305 aﬂ‘ectu
1809 5250 1980 5304 undi-

333 5365 446 5420 que
477 5346 770 5411 avulsum,
793 5344 948 5415 quod
976 5358 1256 5413 corporea
1287 5341 1451 5396 omni
1487 5339 1988 5395 demonstratione

335 5439 571 5506 rejecta,
605 5433 814 5490 salutis
847 5431 1136 5503 praeconio
1169 5431 1436 5486 celeriter
1458 5428 1783 5496 credidit,et
1808 5428 1986 5482 Paulo

339 5524 538 5579 divina
569 5519 928 5593 praedicanti,
962 5519 1208 5590 caelique
1241 5517 1465 5575 cursori
1497 5518 1567 5573 ad
1600 5517 1862 5573 caelestes
1893 5534 1983 5572 se-

339 5613 442 5668 des
474 5610 813 5684 provehenti
844 5625 907 5665 se
937 5607 1316 5678 conjunxiLO
1341 5607 1592 5663 fertilem
1624 5612 1676 5663 et
1700 5606 1980 5678 pinguem

2103 4628 2472 4699 ἀποστολικῆς
2526 4627 2861 4708 φωτοδώρου
2908 4631 3272 4706 παραινᾶσεως
3305 4631 3584 4708 ὑποδοχὴν
3627 4627 3720 4683 ἐπι·

2100 4715 2492 4787 τηδειότηοοςί
2543 4713 2714 4774 Βαϐαῖ
2759 4725 2862 4788 τῆς
2915 4717 3155 4775 εῦείκτου
3215 4721 3304 4776 καὶ
3366 4719 3720 4796 διαυγεστάτης

2100 4809 2286 4881 ψυχῆς
2336 4803 2565 4875 ἐκείνης,
2596 4813 2697 4875 τῆς
2728 4806 2893 4882 ῥᾷστα
2919 4807 3017 4869 τὰς
3045 4813 3153 4863 τῶν
3203 4809 3526 4884 ἀρχετύπων
3584 4824 3721 4883 σφρα-

2099 4891 2263 4971 γίδων
2315 4899 2423 4950 τῶν
2474 4896 2845 4970 εὐαγγελικῶν
2893 4893 3240 4972 διδαγμάτων
3271 4896 3596 4958 ἐκτυπώσεις
3620 4894 3719 4948 ἀνα·

2103 4984 2456 5057 μαξαμὲνηςι
2537 4979 2703 5038 Βαϐαὶ
2768 4987 2869 5050 τῆς
2924 4983 3145 5061 καρδίας
3211 4993 3311 5054 τῆς
3363 4985 3592 5045 εὐπετῶς
3644 4978 3717 5036 καὶ

2098 5079 2504 5158 ἀνεπιστρόφως
2579 5078 2758 5150 πάσης
2824 5089 3090 5156 σαρκικῆς
3157 5082 3521 5155 προσπαθείας
3580 5074 3718 5151 ἀπορι

2099 5168 2377 5245 ῥαγείσης,
2420 5169 2511 5224 καὶ
2557 5169 2815 5224 παντοίαν
2871 5169 3066 5239 ὐλικὴν
3116 5165 3345 5246 ἔμφασιν
3381 5165 3717 5238 ἀποσεισαμί-

2095 5279 2214 5327 νης,
2245 5257 2334 5312 καὶ
2384 5261 2462 5329 τῷ
2502 5255 2843 5332 σωτηριώδει
2884 5265 3074 5320 θᾶττον
3127 5260 3488 5329 πιστευσάσης
3536 5255 3714 5331 κηρύγ-

2102 5365 2250 5418 ματι,
2301 5345 2391 5400 καὶ
2423 5350 2500 5417 τῷ
2533 5345 2780 5421 θεηγόρῳ
2809 5350 2889 5418 τῷ
2939 5347 3076 5422 πρὸς
3125 5349 3220 5410 τάς
3251 5348 3531 5426 οὐρανίους
3560 5361 3714 5421 χειραν

2096 5439 2366 5510 γωγοῦντι
2422 5434 2614 5508 μονὰς,
2667 5433 3068 5510 οὐρανοδρόμῳ
3099 5437 3300 5511 Παύλῳ
3326 5430 3709 5506 κολληθείσηςί

2093 5518 2263 5578 Βαϐαῖ
2297 5524 2396 5592 τῆς
2457 5523 2665 5599 εὐγείου
2710 5523 2800 5578 καὶ
2844 5524 3032 5589 πίονος
3074 5528 3280 5597 νοητῆς
3332 5525 3577 5602 ἀρούρας,
3629 5523 3713 5586 τῆς

2091 5612 2182 5666 τὸν
2219 5614 2443 5682 ζωτικὸν
2495 5611 2992 5691 ἐγκολπωσαμὲνης
3038 5615 3266 5693 σπόρον,
3317 5616 3402 5672 καὶ
3457 5611 3710 5686 πολύχουν
