3930 6202
196 377 299 433 625

1218 381 1408 445 VITA,
1449 379 1787 436 AUCTORB
1822 377 2199 436 MICHAELE
2235 383 2586 440 BYNGELO.

3495 389 3605 442 626

194 497 582 561 ἆναδεδωκυίας
638 500 725 554 καὶ
784 497 1156 576 ιῦγινέστατον
1217 500 1495 575 ἄσταχυνί
1558 500 1668 555 Οὐκ
1721 499 1807 555 ἀνι

1964 505 2444 566 terram.rationis
2475 523 2772 580 capacem,
2795 524 2922 580 que
2954 514 3278 566 sementem
3313 510 3445 566 vitae
3466 511 3600 568 sinu

197 591 430 668 χαίτισεν
464 588 624 644 αὐτὸν
655 589 894 664 ἀρχικῆς
923 610 981 644 τε
1001 589 1090 644 καὶ
1121 586 1437 659 δικαστικῆς
1467 587 1627 660 δόξης
1661 586 1838 664 ὄγκος·

194 681 289 737 οὐκ
340 677 676 754 ἀνισείρασεν
733 677 892 732 αὐτὸν
953 675 1183 756 φιλίας,
1257 679 1345 733 καὶ
1406 677 1703 751 ὁμηλικίας
1753 677 1842 732 καὶ

195 767 472 839 συνηθείας
525 767 721 831 πόθος·
757 766 855 822 οὐκ
906 765 1131 842 έπὲσχεν
1172 768 1332 822 αὐτὸν
1389 769 1592 842 γονέων
1623 767 1712 822 καὶ
1744 768 1838 840 ἀγ-

191 859 443 934 χιστέων,
503 857 592 911 καὶ
654 856 920 930 ὁμεστίων
967 857 1292 931 τυραννικὸς
1325 855 1483 932 ἔρως·
1528 857 1628 911 οὐκ
1655 851 1841 926 ἔδησεν

192 947 341 1002 αὐτὸν
373 940 751 1002 πολυπλόκων
782 945 1085 1022 χρημάτων
1136 947 1225 1000 καὶ
1271 945 1564 1018 κτημάτων
1612 947 1837 1018 μανικὸς

191 1039 413 1111 οἶστρος·
451 1036 553 1090 οὐκ
598 1035 908 1110 έχαόνωσεν
955 1034 1112 1089 αὐτὸν
1170 1035 1436 1107 σωμάτων
1484 1033 1680 1105 ἡδονή·
1741 1034 1840 1089 οὐκ

183 1124 431 1195 έθήλυνεν
511 1124 672 1180 αὐτὸν
754 1119 1109 1198 ἀϐροδιαίτου
1197 1125 1388 1199 βιοτῆς
1464 1124 1551 1179 xui
1631 1131 1839 1199 τρυφῆς

180 1208 382 1291 ἔφεσις·
469 1210 618 1268 ἀλλά
692 1216 796 1277 τῆς
851 1216 948 1266 τοῦ
1005 1211 1245 1288 κήρυκος
1298 1212 1660 1290 θεοφθέγκτου
1719 1234 1836 1289 φω-

179 1309 272 1372 νῆς
345 1302 630 1373 ἀκηκοὼς,
705 1303 792 1357 καὶ
868 1301 1004 1376 πρὸς
1075 1299 1228 1356 οὐδὲν
1286 1307 1397 1356 τῶν
1450 1301 1549 1356 ὅσα
1611 1300 1838 1377 βροτοὺς

179 1389 380 1464 τέρπειν
445 1390 634 1446 εἴωθεν
693 1390 1114 1466 προσισχηκὼς,
1172 1390 1367 1464 ἀθρόον
1427 1389 1576 1463 αὐτῷ
1623 1388 1833 1460 κολλη-

180 1484 352 1546 θῆναι,
411 1481 656 1554 καθάπερ
724 1482 970 1556 μαγνητῃ
1028 1478 1278 1555 σίδηρος,
1327 1477 1650 1537 ἐσπούδακε.
1692 1487 1833 1534 Θαυ-

181 1571 414 1643 μάζομεν
478 1567 538 1624 δὲ
593 1568 688 1625 τόν
712 1571 1061 1645 πατριάρχην
1118 1564 1372 1642 Ἀϐραάν,
1402 1573 1481 1640 τῷ
1507 1570 1624 1640 Θιῷ
1656 1588 1828 1642 προσ-

180 1659 426 1733 τεταχότι
480 1665 585 1727 τῆς
635 1664 865 1733 πατριᾶς
915 1656 1005 1712 καὶ
1056 1655 1318 1732 πατρίδος
1367 1657 1687 1726 ἆποικῆσαι,
1739 1657 1829 1711 καὶ

182 1747 250 1811 εἷς
277 1744 606 1815 ἀλλοδαπὴν
654 1746 925 1822 ἄγνωστον
969 1744 1304 1812 στείλασθαι,
1361 1747 1827 1820 πιιθαρχήσαντα·

1952 595 2212 665 suscepit
2234 609 2342 650 suo
2357 596 2805 668 fmcundamque
2821 615 2888 653 ac
2904 597 3336 654 nobilissimam
3357 600 3598 657 aristam

1953 683 2245 752 produxit.
2281 684 2404 739 Non
2465 684 2629 740 illum
2683 702 2813 740 cum
2841 685 3204 757 principatus
3231 687 3438 758 gloria,
3472 693 3598 744 tum

1952 771 2106 826 864
2129 773 2825 844 amplitudojudiciorum
2850 774 3026 830 veluti
3050 776 3198 845 juba
3229 781 3463 846 arrepta
3506 794 3600 832 re-

1949 861 2315 927 vocavit,non
2340 863 2665 918 amicorum
2698 868 2755 918 et
2786 879 3114 918 coaevorum
3150 865 3599 922 consuetudinis

1951 949 2305 1004 desiderium
2341 951 2508 1006 illum
2543 951 2928 1007 retraxit.Non
2949 953 3240 1009 violentus
3266 959 3596 1025 parentum,

1949 1040 2906 1112 agnatorum,domesticorumque
2929 1057 3096 1096 amor
3118 1043 3464 1109 retardavit;
3482 1060 3598 1100 non

1948 1126 2196 1182 insanus
2245 1128 2578 1184 divitiarum
2623 1145 2688 1184 ac
2713 1129 3156 1200 possessionum
3181 1131 3360 1187 variis
3403 1133 3596 1189 modis

1947 1213 2380 1286 implicantium
2416 1216 2578 1271 furor
2598 1217 2952 1288 ligavit.Non
2982 1217 3147 1274 illum
3165 1236 3478 1290 corporum
3501 1237 3598 1277 vo-

1944 1303 2142 1375 luptas
2171 1304 2440 1362 emolliit.
2474 1305 2598 1361 Non
2633 1305 2892 1362 delicatae
2923 1307 3076 1373 vitae,
3127 1308 3594 1381 deliciarumque

1945 1395 2299 1450 desiderium
2324 1395 2490 1450 illum
2511 1397 2998 1462 effeminavit,sed
3025 1415 3154 1454 cum
3181 1401 3467 1471 praeconis
3489 1416 3590 1456 vo-

1943 1500 2066 1538 cem
2099 1484 2298 1539 divina
2320 1483 2616 1556 loquentis
2637 1485 3132 1554 audisset,omnia
3154 1504 3284 1559 quae
3300 1487 3591 1546 oblectare

1944 1571 2216 1627 mortales
2238 1581 2686 1642 consueverunt,
2712 1575 2878 1630 nihili
2911 1577 3154 1644 ducens,
3181 1594 3294 1632 non
3318 1594 3489 1633 secus
3521 1595 3588 1634 ac

1943 1676 2110 1732 magn
2122 1661 2196 1715 eti
2233 1661 2563 1728 ferrum,illi
2586 1664 2888 1718 confestim
2911 1664 3309 1720 adhaerescere
3331 1667 3583 1722 studuit.

1939 1750 2230 1805 Abraham
2279 1751 2514 1822 quidem
2550 1753 2942 1824 patriarcham
2978 1755 3255 1810 admirari
3299 1754 3584 1824 solemus,

180 1836 259 1891 xui
313 1836 462 1908 μάλα
513 1832 756 1895 δικαίως.
815 1835 1192 1906 Ἐκθειάζομιν
1255 1832 1312 1888 δὲ
1360 1835 1449 1888 καὶ
1495 1835 1587 1888 τὸν
1639 1834 1800 1890 Ἐλισ

1964 1855 2071 1893 ιυω
2097 1839 2237 1904 Deo,
2271 1844 2335 1894 ut
2371 1856 2400 1895 e
2433 1841 2780 1913 cognatione
2803 1859 2868 1898 ac
2901 1843 3088 1914 patria
3117 1843 3299 1899 exiret
3323 1861 3453 1909 sua,
3484 1860 3578 1899 ex-

180 1929 340 1992 σαῖον,
395 1925 465 1979 τὰ
517 1923 681 1998 ζεύγη
711 1928 819 1978 τῶν
865 1924 1006 1998 βοῶν
1066 1921 1529 1987 καταλελοιπότα,
1586 1924 1674 1976 καὶ
1723 1923 1807 1990 rip

1964 1944 2318 2000 raneamque
2349 1946 2414 1984 ac
2444 1929 2704 2001 ignotam
2732 1931 3338 2004 peteret,prsacipienti
3362 1933 3583 1988 obtem-

178 2013 416 2089 πατρῴαν
469 2013 689 2088 χαίρειν
733 2011 906 2066 ἑστίαν
941 2010 1186 2082 ἐάσαντα,
1218 2012 1307 2065 καὶ
1341 2009 1507 2081 Ἰἰλίᾳ
1544 2016 1621 2082 τῷ
1667 2032 1823 2066 πνευ-

182 2101 464 2180 ματοφόρῳ
533 2100 757 2175 ζηλωτῇ
807 2098 1101 2170 κεκληκότι
1145 2097 1322 2169 πάσης
1372 2097 1496 2175 ἄτερ
1544 2095 1822 2169 ἀναϐολῆς

178 2189 609 2260 ἠκολουθηκότα·
661 2190 748 2244 καὶ
803 2189 924 2244 λίαν
973 2186 1216 2252 ἐνδίκως.
1265 2186 1542 2243 Φίλιππον
1576 2189 1639 2242 αὖ
1671 2188 1821 2243 ἐπαί-

177 2301 278 2342 νοις
333 2278 665 2354 έξαίρομεν,
738 2279 920 2348 Ἰησοῦ
975 2283 1056 2350 τῷ
1103 2285 1205 2347 τῆς
1261 2278 1533 2352 σωτηρίας
1590 2278 1823 2354 ἀρχηγῷ

177 2367 613 2444 προκεκλημὲνῳ
675 2367 870 2443 τάχιον
929 2365 1336 2442 ἇναντιρῥήτως
1408 2363 1826 2442 προσδεδραμη-

179 2459 296 2512 κότα
338 2456 427 2512 καὶ
477 2457 813 2532 προφρόνως
873 2455 1170 2529 ἑπόμενον,
1224 2455 1315 2510 καὶ
1371 2452 1818 2530 πρεπωδέστατον

182 2565 335 2608 οντως
344 2589 357 2604 ο

237 2814 423 2877 Πόσοις
450 2817 747 2889 τοιγαροῦν
777 2815 866 2868 καὶ
898 2811 1080 2875 ποίοις
1108 2817 1320 2884 τοῦτον,
1351 2813 1410 2875 ὃς
1444 2812 1506 2868 οὗ
1539 2815 1818 2887 Μωοαϊκῷ

177 2923 489 2980 πφοκατηχη
507 2901 672 2977 μένος
717 2905 785 2973 ἦν
833 2903 1009 2976 νόμῳ,
1043 2901 1103 2957 οὐ
1133 2904 1476 2981 προφητικςὶς
1525 2900 1816 2958 πεπαιδευο

181 2989 320 3064 μῐνος
348 2993 566 3070 ῥήσεις,
602 2993 710 3068 οὐχ
739 2993 1040 3066 ἱστορικοῖς
1067 2992 1221 3046 θείων
1280 2990 1567 3067 τερατείων
1617 3012 1818 3068 προγε-

178 3083 542 3157 γυμνασμένος
614 3082 710 3144 τὰς
791 3082 955 3143 ἀκοὰς
1028 3078 1386 3156 διηγήμασιν,
1473 3081 1538 3136 οὐ
1615 3086 1818 3154 σημεῖα

177 3175 530 3249 προιωρακὼς
606 3173 1127 3249 τερατουργοόμενα,
1199 3172 1608 3248 καταγεραίρειν
1684 3173 1815 3248 κρό-

174 3236 298 3332 τοις,
343 3236 628 3336 Ιεΰφήμοις
667 3236 1012 3338 ¹ιὶναρρῖιξσεσι
1071 3236 1418 3341 καταστέφειν
1479 3236 1813 3340 όφιίλομενς
1847 3236 1890 3303 C

180 3349 312 3414 ἆπως
335 3353 668 3425 έτοιμότατα
732 3349 949 3408 Παύλου
1001 3351 1094 3405 τὸν
1149 3348 1356 3405 ἄπλοῢν
1389 3353 1694 3425 αροσήκατο
1724 3351 1818 3406 λό-

176 3459 280 3513 γον,
329 3439 532 3516 ἀνδρὸς
580 3437 826 3508 ἰδιώτου,
857 3439 944 3493 καὶ
975 3440 1227 3509 πένητος,
1253 3439 1341 3493 καὶ
1375 3439 1524 3509 ξένου
1553 3441 1699 3501 τινὸς
1731 3437 1820 3494 ὅν-

175 3546 274 3594 τος,
331 3529 388 3584 οὐ
449 3528 777 3606 ῥητορικαῖς
835 3528 1277 3602 κεκομψευμένου
1319 3525 1649 3597 δεινώσεσιν,
1691 3528 1819 3584 οὗδὶ

182 3625 494 3693 σοφιστικαῖς
552 3619 958 3692 τετεχνημένου
989 3619 1332 3692 προτάσεσιν,
1377 3616 1503 3673 ἀλλ’
1534 3618 1648 3673 οἷόν
1701 3639 1818 3674 τινα

183 3708 364 3782 σπορὰν
417 3707 494 3770 εἷς
552 3707 654 3781 γὴν
700 3702 1076 3781 πρωτοϐόλως
1119 3701 1605 3778 καταϐεϐλημένην
1640 3705 1817 3782 δεδεγ-

184 3795 342 3863 μένος,
392 3797 482 3851 xui
535 3796 650 3850 κατ’
681 3791 833 3849 οὐδὲν
867 3791 1146 3856 ἐνδοιάσας
1175 3798 1253 3866 τῷ
1289 3796 1436 3868 βάθει
1466 3800 1575 3850 τῶν
1607 3801 1814 3871 φρενῶν

178 3877 432 3954 ἐμϐαλὼν,
469 3879 793 3946 ιύθυϐόλως
824 3885 949 3946 τοὺς
991 3883 1314 3959 ζωηφόρους
1341 3891 1441 3952 τῆς
1475 3883 1695 3960 εὖαγοῦς
1725 3885 1813 3939 πί-

175 3990 320 4034 στεως
395 3972 645 4050 καρποὺς
716 3971 1164 4050 έτελεσφόρησεν,
1237 3973 1312 4036 ὡς
1366 3971 1560 4044 Ἡσαΐᾳ
1613 3994 1814 4049 συγχο-

171 4061 325 4133 ρεόειν
382 4061 588 4133 ᾅδοντα
650 4061 948 4137 μονονουχὶ
999 4065 1075 4134 τῷ
1109 4057 1643 4138 προϐλεπτικωτάτῳ
1673 4082 1812 4134 προ-

171 4151 300 4224 φήτῃ
334 4152 562 4225 βοῶντι·
624 4152 724 4206 Διὰ
777 4151 870 4206 τὸν
929 4145 1096 4228 φόϐον
1144 4171 1261 4222 σου,
1321 4151 1501 4226 Κύριε,
1536 4149 1587 4206 έν
1620 4152 1811 4227 γαστρὶ

172 4233 420 4312 έλάϐομεν
449 4284 462 4307 ,
529 4240 618 4295 καὶ
678 4237 1042 4312 ὠδινήσαμεν,
1096 4240 1185 4295 καὶ
1245 4239 1496 4313 έτὲκομεν
1526 4286 1539 4307 ,
1597 4245 1812 4314 πνεῦμα

171 4329 423 4404 σωτηρίας
476 4350 578 4384 σου
630 4328 960 4403 ἰπιιήσαμεν
1013 4327 1100 4384 ἰπὶ
1151 4333 1250 4394 τῆς
1299 4333 1420 4405 γῆς.
1478 4331 1659 4386 Ταῦτα
1691 4329 1812 4401 μέν·

171 4431 250 4468 τοι
279 4423 483 4481 Λουκᾶς
519 4422 661 4491 ἡμῖν
701 4419 729 4472 ὁ
767 4415 1166 4494 μεγαλοκήρυξ,
1200 4419 1500 4492 συμπαρὼν
1528 4419 1608 4490 τῷ
1641 4418 1808 4473 [Jud-

176 4523 310 4575 ματι,
365 4507 454 4562 καὶ
484 4509 589 4577 τήν
644 4507 791 4583 ἱερὰν
852 4505 1051 4576 ταύτην
1111 4511 1208 4561 τοῦ
1246 4505 1638 4581 ἱερομάρτυρος
1671 4511 1806 4580 μνή-

1933 2024 2236 2090 perantem
2269 2019 2627 2088 audivimus,
2659 2026 2716 2077 et
2743 2022 3104 2094 valdejuste.
3137 2022 3577 2078 Elisaaumdivi-

1933 2108 2026 2162 nis
2056 2109 2359 2175 praeconiis
2391 2109 2850 2176 eti'erimus,cum
2881 2111 3218 2183 boumjuga
3240 2111 3575 2184 dereliquit,

1933 2213 1998 2252 ac
2029 2197 2386 2254 domesticos
2437 2197 2591 2254 lares
2639 2197 2806 2254 laetus
2840 2199 3088 2265 dimisit,
3119 2207 3174 2253 et
3202 2198 3380 2255 Eliam
3413 2201 3577 2255 afﬂa-

1932 2288 2056 2340 tum
2089 2285 2333 2341 numine
2364 2286 2784 2359 fervidum,qui
2818 2303 2879 2342 se
2908 2291 3160 2352 vocaret,
3195 2287 3394 2359 procul
3416 2289 3577 2344 omni

1933 2391 2096 2430 mora
2129 2379 2366 2430 secutus
2397 2380 2570 2441 est,et
2599 2393 2742 2432 sane
2791 2377 2947 2446 jure.
2987 2376 3326 2448 Philippum
3369 2393 3578 2433 rursus

1929 2463 2130 2518 Jesum
2163 2463 2372 2519 salutis
2402 2469 2701 2520 auctorem
2734 2469 3064 2536 vocantem,
3120 2464 3382 2522 celeriter
3428 2463 3579 2520 nihil

1931 2557 2304 2608 cunctantem
2329 2553 2676 2620 accurrisse,
2702 2569 2959 2625 eumque
3007 2559 3278 2627 prompte
3309 2559 3578 2610 secutum

1930 2641 2209 2698 laudibus
2239 2641 2602 2711 extollimus,
2633 2646 2692 2699 et
2726 2643 2966 2715 quidem
2999 2643 3432 2700 decentissime.

1999 2820 2121 2884 Quo
2151 2819 2334 2892 igitur
2365 2820 2599 2892 plausu,
2619 2837 2806 2892 quove
2831 2835 3046 2892 genere
3065 2820 3308 2877 laudum
3341 2821 3435 2878 hic
3464 2821 3573 2878 ho-

1929 2909 2278 2974 nestandus,
2333 2926 2398 2964 ac
2429 2909 2702 2980 preconii
2735 2927 2769 2965 a
2797 2909 2967 2965 nobis
3011 2911 3384 2966 coronandus
3413 2911 3574 2967 vide-

1926 3002 2044 3065 tur,
2069 2997 2168 3069 qui
2205 3014 2320 3053 non
2362 2997 2476 3070 legi
2530 2997 2795 3053 Mosaicae
2827 2998 3124 3064 subditus,
3187 3015 3291 3054 nec
3338 2999 3576 3055 oracula

1929 3087 2342 3159 prophetarum
2384 3087 2648 3156 edoctus,
2699 3104 2818 3142 non
2878 3087 3182 3143 historicis
3239 3086 3578 3144 divinorum

1928 3176 2328 3248 prodigiorum
2351 3175 2792 3231 narrationibus
2804 3176 3325 3243 exercitatus,necd
3337 3193 3433 3232 um
3455 3176 3579 3233 ulla

1927 3265 2179 3320 intuitus
2203 3269 2412 3335 praeter
2442 3269 2716 3320 naturam
2738 3265 2897 3321 edita
2927 3265 3455 3338 signa,simplicem
3489 3269 3578 3321 ta-

1930 3371 2060 3409 men
2089 3353 2250 3408 Pauli
2275 3353 2744 3425 praadicationem
2770 3354 3050 3426 suscepit,
3084 3354 3343 3425 imperiti
3374 3355 3582 3424 cujus-

1927 3444 2062 3498 dam
2081 3441 2362 3510 hominis,
2391 3441 2663 3514 pauperis
2686 3459 2752 3498 ac
2779 3442 3068 3514 peregrini
3080 3443 3210 3514 ,qui
3243 3459 3348 3499 nec
3381 3447 3578 3498 orato-

1928 3530 2026 3585 riae
2057 3530 2201 3584 artis
2232 3530 2596 3586 ornamentis
2618 3529 2946 3597 excelleret,
2973 3546 3076 3584 nec
3107 3527 3246 3584 ullis
3289 3528 3575 3601 sophisti-

1926 3620 2011 3674 cis
2034 3618 2532 3689 propositionibus
2563 3619 2846 3672 niteretur
2865 3617 3115 3672 ‘iVerum
3142 3616 3226 3671 uti
3251 3621 3574 3672 sementem

1925 3708 2239 3779 quamdam
2275 3707 2333 3761 in
2364 3711 2580 3761 terram
2598 3707 2816 3775 jactam
2839 3722 2970 3760 cum
3004 3704 3258 3776 primum
3283 3705 3570 3774 suscepit,

1925 3795 2188 3868 nihilque
2212 3795 2494 3850 dubitans
2511 3793 2739 3848 intimis
2753 3792 3026 3848 sensibus
3058 3793 3401 3862 reposuit,et
3419 3791 3573 3847 vita-

1922 3885 2008 3940 les
2033 3884 2164 3939 ﬁdei
2194 3885 2417 3938 fructus
2446 3899 2579 3938 mox
2609 3881 3076 3952 aseminisjactu
3097 3881 3389 3936 uberrime
3410 3880 3569 3946 tulit,

1924 3978 1990 4028 ut
2021 3989 2152 4028 cum
2188 3972 2338 4026 Isaia
2394 3971 2679 4044 propheta
2730 3969 3242 4042 providentissimo
3275 3969 3570 4025 clamante

1923 4063 2040 4117 fere
2070 4060 2335 4116 hilariter
2356 4067 2546 4116 canat.
2589 4059 2674 4116 Ob
2721 4057 2992 4115 timorem
3054 4064 3246 4127 tuum,
3306 4058 3573 4125 Domine,

1921 4151 2299 4222 concepimus
2312 4154 2371 4204 et
2402 4148 2915 4219 parturivimus,ac
2939 4147 3272 4220 peperimus
3295 4147 3573 4220 spiritum

1919 4239 2129 4296 salutis
2162 4245 2293 4307 tuae,
2329 4254 2502 4311 quem
2536 4253 2714 4309 super
2744 4243 2960 4293 terram
3009 4237 3256 4293 fecimus
3285 4239 3407 4308 (ιη).
3441 4237 3573 4292 Hec

1919 4344 2060 4384 sane
2082 4329 2264 4384 Lucas
2286 4327 2536 4382 eximius
2560 4342 2772 4398 praeco,
2805 4327 2945 4382 dum
2989 4326 3201 4398 spiritu
3236 4325 3404 4381 nobis
3427 4325 3574 4380 assi-

1919 4423 2114 4484 steret,
2135 4416 2430 4488 simulque
2452 4417 2603 4472 hanc
2621 4432 2846 4471 sacram
2875 4417 3024 4470 sacri
3052 4413 3330 4485 martyris
3349 4430 3570 4468 memo-

1918 4507 2062 4562 riam
2086 4506 2319 4575 coleret,
2337 4505 2697 4578 percensuit,
2719 4521 2920 4560 eorum
2955 4502 3345 4567 multitudini,
3380 4502 3477 4571 qui
3504 4501 3571 4554 il-

178 4611 272 4663 μην
320 4598 712 4671 συνεορτάζων,
769 4595 860 4651 καὶ
909 4597 1004 4665 τῆς
1051 4599 1159 4650 τῶν
1219 4595 1583 4669 ἑορταζόντων
1641 4595 1806 4665 αὐτὴν

1964 4614 2034 4651 ιω
2060 4595 2356 4651 celebrant
2377 4611 2444 4650 ac
2474 4594 2805 4662 dilaudant,
2835 4608 3049 4665 praeses
3081 4608 3146 4646 ac
3186 4590 3427 4645 laudum
3448 4590 3567 4644 dux

168 4681 245 4734 xui
287 4683 598 4755 ὑμνούντων
649 4685 973 4761 ὁμηγόρεως
1014 4685 1360 4754 καθεστηκὼς
1407 4679 1654 4760 ἔξαρχος,
1707 4684 1797 4761 xui

167 4772 262 4822 τῶν
291 4769 521 4829 ἐπαίνων
552 4758 994 4849 προηγοόμενος,
1027 4770 1429 4843 διεξελήλυθεν.
1479 4758 1621 4830 ’Όσα
1651 4771 1707 4828 δὲ
1735 4758 1804 4828 δι’

172 4855 389 4936 ἀγράφου
473 4860 828 4936 παραδόσεως
901 4861 940 4931 ἢ
1015 4861 1282 4938 ἐγγράφου
1363 4861 1806 4939 παρειλήφαμεν,

169 4951 318 5002 ταῦτα
366 4955 446 5022 τῷ
501 4957 608 5007 τῶν
671 4951 959 5028 ἐγκωμίων
1023 4950 1317 5028 ὑφάσματι,
1375 4949 1613 5026 καθάπερ
1674 4953 1806 5006 ἄττα

173 5031 538 5112 δαιδαλμάτων
574 5041 862 5117 ένιίροντες
913 5039 1069 5112 ἄνθη,
1121 5040 1210 5095 καί
1253 5061 1392 5094 τισιν
1439 5041 1620 5116 ὥσπερ
1677 5039 1806 5110 ἡδό-

172 5143 318 5194 σμασι
346 5130 444 5198 τὴν
472 5132 848 5203 πνευματικὴν
891 5128 1408 5206 καταγλυκαίνοντες
1440 5129 1635 5201 ἑστίαν,
1667 5129 1803 5198 ἧκο-

177 5233 259 5282 μιν
290 5215 412 5288 ὖμῖν
443 5225 559 5281 τοῖς
593 5217 998 5294 φιλακροάμοσί
1029 5239 1086 5273 τε
1127 5219 1216 5273 καὶ
1265 5223 1654 5290 πνευματικοῖς
1685 5216 1804 5272 δαι-

171 5305 348 5373 τυμόσι
378 5308 842 5382 παραθησόμενοι.
891 5310 1153 5367 Τοιοῦτος
1183 5304 1272 5360 οὖν
1303 5305 1380 5368 εἷς
1427 5309 1576 5379 ἡμᾶς
1603 5308 1805 5377 κατήν-

170 5407 288 5458 τηκε
311 5393 495 5469 Λόγος,
527 5397 779 5461 ἀνέκαθεν
810 5395 946 5470 πρὸς
977 5396 1181 5472 πατρὸς
1237 5391 1392 5450 παιδὶ
1442 5393 1806 5471 παραδιδομεο

168 5496 270 5540 νος.
317 5481 402 5544 Ὠς
434 5485 463 5538 ὁ
493 5483 658 5562 μέγας
689 5483 974 5547 Διονύσιος
1005 5482 1183 5553 οὗτος,
1213 5485 1353 5540 κατὰ
1375 5483 1467 5539 τὸν
1499 5487 1594 5539 τοῦ
1626 5505 1804 5554 σωτη-

240 5693 333 5767 (m)
357 5696 467 5756 Isa.
499 5714 648 5772 τινι,
681 5700 768 5758 18.

1916 4686 2618 4753 adhibitus.Quaecuuque
2639 4698 2770 4738 vero
2790 4698 2856 4737 ex
2894 4679 3128 4751 scriptis
3157 4684 3260 4733 aut
3277 4694 3388 4732 nou
3413 4677 3565 4732 scri-

1917 4775 2034 4845 ptis
2058 4773 2456 4829 monumentis
2480 4772 2849 4842 collegimus,
2884 4770 3002 4824 bare
3044 4769 3246 4823 eadem
3273 4765 3562 4822 contextis

1916 4860 2304 4925 laudibus,uti
2338 4860 2602 4930 quaedam
2639 4857 3207 4913 ornamentaﬂorum
3231 4861 3560 4920 assuentes,

1914 4968 1984 5007 ae
2012 4949 2341 5006 convivium
2367 4949 2516 5004 805
2545 4947 2905 5019 quibusdam
2939 4945 3111 5017 quasi
3144 4944 3360 5000 divinis
3389 4960 3564 5015 sapo-

1916 5040 2080 5095 ribus
2102 5038 2464 5104 condientes,
2489 5037 2775 5091 adsumus
2839 5051 3036 5090 coram
3085 5033 3249 5090 vobis
3283 5033 3563 5101 convivis;

1917 5128 2016 5200 qui
2047 5127 2247 5182 divina
2276 5126 2526 5182 libenter
2555 5124 2773 5180 auditis
2814 5124 3164 5195 apposituri.
3197 5123 3360 5179 Talis
3386 5123 3569 5195 igitur

1919 5217 2161 5273 historia
2191 5215 2368 5287 longa
2411 5220 2738 5285 temporum
2775 5212 3124 5284 serie,quasi
3157 5230 3190 5268 a
3230 5217 3394 5284 patre
3428 5211 3566 5268 ﬁliis

1916 5306 2150 5374 tradita,
2180 5305 2247 5360 ad
2284 5321 2388 5359 nos
2421 5319 2609 5374 usque
2641 5301 2924 5373 pervenit.
2988 5304 3131 5356 Cum
3172 5318 3426 5374 magnus
3454 5301 3565 5357 iste

1916 5394 2226 5466 Dionysius
2254 5398 2517 5463 tempore
2548 5407 2664 5462 quo
2697 5395 2969 5446 Servator
2991 5390 3283 5462 supplicio
3305 5397 3396 5446 est
3427 5391 3561 5445 affe-

1915 5489 2066 5550 ctus,
2100 5480 2333 5551 quando
2366 5485 2520 5534 terra
2549 5494 2836 5534 concussa
2865 5483 2976 5544 est,
3009 5484 3185 5550 atque
3213 5479 3298 5534 sol
3339 5495 3454 5535 non
3477 5480 3560 5534 fe-
