3930 6202
372 329 494 386 627

1624 338 1682 391 8.
1730 334 2050 391 DIONYSII
2089 337 2566 392 AREOPAGITE

3652 344 3733 400 628

391 477 527 519 rens
548 460 816 533 opiﬁcem
848 462 1538 536 universorum,eumque
1564 464 1661 536 qui
1692 464 2003 521 obdivinan

2153 461 2271 538 ρίου
2325 465 2533 527 πάθους
2579 465 2789 541 καιρὸν,
2838 462 2999 533 ἡνίκα
3050 459 3377 518 διεκλονεῖτο
3405 469 3498 538 γῆ,
3533 467 3611 521 καὶ
3657 471 3730 532 τᾶς

389 551 787 607 substantiam
819 552 1140 624 cujuslibet
1162 554 1643 626 perturbationis,
1675 572 1741 611 ac
1763 554 2035 611 interitus

391 655 598 712 expers
618 645 762 709 erat,
784 640 944 713 ligno
975 658 1149 698 carne
1178 642 1397 715 sulﬁgi,
1432 659 1573 698 suos
1621 642 1809 714 ipsius
1840 644 2035 699 radios

389 728 450 784 in
482 729 723 786 meridie
743 730 1114 799 occultasset,
1164 749 1280 803 prae
1330 736 1447 787 tam
1506 733 1840 788 admirabili
1884 734 2036 789 facto

391 818 1623 892 vehementerstupefactus,bumanamque
1644 820 2036 893 cognitionem

378 924 835 980 supergressus,
863 910 1078 964 factum
1108 907 1251 963 illud
1277 911 1660 982 perpendens.
1692 932 1719 961 «
1751 911 1927 979 Deus,
1953 912 2037 966 in-

394 997 543 1069 quit,
565 997 804 1069 ignotus
826 1013 1000 1053 carne
1033 997 1272 1069 patitur,
1299 999 1469 1069 cujus
1516 1016 1696 1056 causa
1724 1001 1883 1056 orbis
1906 1000 2033 1055 uni-

391 1100 597 1141 versus
610 1085 869 1141 tenebris
885 1086 1194 1149 oll'usus,et
1210 1087 1539 1144 turbatione
1553 1105 1878 1145 concussus
1889 1095 2036 1145 est.»

394 1173 792 1245 Protinusque
838 1191 905 1230 eo
929 1174 1055 1245 ipso
1079 1179 1341 1248 tempore
1364 1183 1621 1248 quotam
1649 1178 1880 1250 insigne
1901 1196 2037 1234 con-

387 1262 621 1332 jectans
643 1262 1015 1329 observabat,
1041 1263 1181 1334 quid
1232 1264 1368 1319 bino
1411 1265 1733 1338 significari
1776 1268 2036 1323 daretur.

390 1350 569 1421 Atqui
594 1350 1043 1408 horrendissimi
1077 1352 1238 1408 illius
1270 1353 1412 1410 solis
1440 1357 1701 1411 defectus
1740 1355 1864 1427 ipse
1894 1373 2039 1427 quo-

392 1454 507 1511 que
536 1439 592 1493 in
627 1439 887 1511 Epistula
918 1441 990 1497 ad
1024 1441 1410 1515 Polycarpum
1435 1445 1793 1501 mentionem
1814 1445 1966 1502 fecit.

465 1740 752 1797 Caeterum
785 1746 1020 1814 praestat
1059 1744 1381 1800 orationem
1432 1746 1892 1820 elegantissimis
1913 1751 2040 1819 ejus

2146 553 2334 606 ἐαυτοῦ
2407 554 2766 628 μαρμαρυγὰς
2839 549 3106 625 μεσούσης
3159 549 3364 624 ήμέρας
3428 553 3731 630 κατέκρυπτεν

2144 640 2327 710 ἥλιος,
2383 644 2458 715 μή
2492 642 2666 719 φέρων
2716 642 2807 696 τὸν
2856 645 2955 696 τοῦ
2985 640 3190 703 παντὸς
3241 637 3564 717 δημιουργὸν
3608 644 3731 717 ἴκρίῳ

2144 731 2377 805 καθορᾷν
2434 731 2590 807 σαρκὶ
2645 729 3157 804 προσπηγνύμενον,
3207 728 3298 782 καὶ
3355 730 3568 785 θανάτου
3608 733 3733 807 γευό-

2150 842 2331 893 μενον,
2365 821 2459 875 τὸν
2502 820 2686 886 ἀπαθῆ
2731 841 2791 875 τε
2832 820 2950 874 κατ’
3001 817 3181 873 οὐσίαν
3222 818 3404 887 θεϊκήν
3453 819 3537 873 καὶ
3582 819 3733 875 ἀνὸλε·

2147 921 2296 983 θρον,
2329 908 2417 964 ἐπὶ
2464 914 2542 981 τῷ
2574 906 2863 983 παραδόξῳ
2894 903 3102 985 σφόδρα
3130 907 3400 978 τεθηπὼς,
3451 907 3533 962 καὶ
3559 909 3642 976 τήν
3664 910 3735 963 ἆν-

2145 997 2412 1074 θρωπείαν
2480 992 2868 1071 ὑπερϐεϐηκὼς
2928 1000 3148 1072 γνῶσιν,
3197 997 3524 1066 κατανοήσας
3573 997 3627 1051 τὸ
3669 1019 3735 1073 γε·

2144 1083 2326 1162 γονόςο
2360 1112 2387 1138 ‹‹
2421 1092 2481 1143 Ὀ
2522 1087 2821 1161 ἄγνωστος,
2871 1083 2997 1164 ἔφη,
3032 1084 3190 1161 σαρκὶ
3221 1085 3419 1160 πάσχει
3449 1085 3588 1155 Θεὸς,
3616 1083 3672 1140 δι’
3695 1087 3738 1141 ὂν

2145 1176 2207 1231 τὸ
2237 1180 2341 1230 πᾶν
2373 1174 2640 1251 ἐζόφωταί
2671 1195 2731 1230 τε
2766 1174 2855 1229 καὶ
2886 1172 3224 1230 σεσάλευται.
3254 1194 3281 1226 ο
3322 1174 3416 1230 Καὶ
3456 1177 3742 1250 παραχρῆμα

2144 1266 2236 1320 τὸν
2267 1265 2613 1339 χρόνον,καθ’
2640 1264 2699 1318 ὃν
2728 1265 2880 1320 τουτί
2908 1263 2971 1317 τὸ
3001 1263 3340 1338 παγκόσμιον
3373 1262 3650 1318 ἐτετέλεστο
3673 1284 3739 1318 τε·

2150 1354 2524 1430 ρατούργημα,
2598 1351 3118 1426 τεκμηριωσάμενος
3181 1349 3362 1424 ἐτήρει
3412 1354 3531 1427 παρ’
3582 1351 3737 1425 ἐαυτῷ,

2146 1441 2456 1505 τούντεῦθεν
2490 1439 2948 1517 διαγγελούμενον
2974 1437 3311 1516 καραδοκῶν.
3346 1440 3614 1511 Μὲμνηται
3642 1442 3739 1513 μὲν-

2146 1551 2233 1585 τοι
2263 1531 2460 1594 καύτὸς
2488 1528 2539 1585 ἐν
2570 1533 2639 1604 τῇ
2670 1530 2806 1603 πρὸς
2827 1528 3185 1604 Ιῐολύκαρπον
3218 1526 3477 1603 ἐπιστολῇ
3505 1531 3593 1599 τῆς
3617 1528 3741 1598 ἡλια-

2147 1621 2249 1688 κῆς
2283 1619 2575 1693 ἐκλείψεως
2609 1618 2816 1688 ἐκείνης
2843 1624 2943 1687 τῆς
2972 1614 3435 1694 φρικωδεστάτης.

2220 1746 2283 1799 Ἀ
2296 1765 2480 1818 μεινον
2507 1742 2563 1799 δὲ
2586 1744 2678 1799 τὸν
2725 1741 2892 1818 λόγον
2922 1748 3042 1805 τοῖς
3081 1742 3286 1798 ἐκείνου
3310 1746 3407 1798 τοῦ
3460 1745 3525 1816 τῇ
3550 1742 3740 1818 θεοῤῥη-

395 1830 610 1894 verbis,
643 1830 743 1900 qui
802 1830 1136 1901 eloquentia
1193 1850 1260 1888 ac
1290 1832 1487 1890 divina
1517 1837 1770 1906 quadam
1806 1839 2003 1893 dicend

2151 1834 2356 1909 μοσύνῃ
2401 1836 2487 1889 καὶ
2540 1832 2839 1909 εὐγλωττίᾳ
2896 1831 3107 1887 πάντων
3170 1832 3614 1909 ὑπερφερεστάτου
3638 1830 3743 1885 καλο

396 1917 673 1973 iacultate
695 1934 899 1973 omnes
921 1918 1499 1992 excelluit,tanquam
1522 1924 1738 1996 regiam
1760 1942 2034 1982 coronam

387 2006 663 2078 pretiosis
677 2007 1453 2081 aclucidissimislapidibus
1476 2014 2034 2071 condecorare.Cum

388 2095 547 2152 enim
564 2094 998 2167 Apollophanes
1019 2097 1106 2152 vir
1126 2098 1822 2175 pbilosophus,religione
1843 2106 2032 2176 genti-

385 2181 462 2238 lis
487 2188 661 2250 esset,
703 2188 880 2255 atque
911 2184 1067 2242 hunc
1120 2187 1555 2258 beatissimum,
1588 2193 2029 2263 magnanimum

385 2276 444 2328 et
465 2272 879 2329 admirandum
920 2275 1133 2345 virum,
1166 2292 1421 2348 quocum
1460 2280 1810 2337 necessitate
1841 2298 1906 2337 ac
1929 2298 2029 2353 ge-

388 2377 528 2417 nere
557 2363 913 2434 conjunctus
946 2370 1091 2434 erat,
1124 2367 1259 2421 odio
1291 2376 1760 2439 prosequeretur,
1796 2388 1862 2427 ac
1892 2388 2030 2427 con-

386 2450 553 2506 viciis
574 2452 850 2523 jactaret,
886 2459 947 2508 ut
978 2454 1075 2525 qui
1099 2456 1249 2511 ritus
1281 2457 1505 2528 patrios
1536 2460 1943 2529 detestaretur,
1974 2465 2031 2517 et

385 2539 858 2597 Christianorum
895 2542 1068 2598 {idem
1122 2543 1241 2599 illis
1274 2547 1587 2617 preferret,
1624 2548 1861 2620 coloret,
1905 2568 2027 2605 am-

383 2629 756 2701 plecteretur,
788 2647 855 2686 ac
888 2648 990 2703 pro
1040 2632 1170 2704 ipsa
1196 2639 1480 2706 tanquam
1522 2640 2025 2711 propugnaculum

382 2718 753 2775 validissime
786 2724 985 2787 staret,
1018 2722 1306 2792 rebusque
1321 2724 1631 2794 gentilium
1655 2733 1853 2783 contra
1888 2719 2027 2800 gen-

379 2807 516 2863 tiles
542 2812 838 2863 uteretur:
862 2808 972 2864 hoc
1002 2810 1324 2865 convicium
1354 2816 1411 2867 et
1439 2815 1872 2871 accusationem
1895 2833 2027 2873 cum

382 2895 701 2966 Dionysius
724 2901 979 2953 evertere
1000 2900 1371 2966 decrevisset,
1398 2900 1727 2974 Polycarpo,
1758 2904 1857 2974 qui
1881 2906 2028 2960 mul-

386 2985 459 3040 tis
482 3001 613 3040 cum
640 2986 871 3057 pietatis
896 2991 1021 3043 tum
1041 2987 1272 3044 virtutis
1293 2990 1577 3047 fructibus
1605 2993 2028 3067 ﬂorebat,apud

384 3085 558 3142 quem
582 3079 639 3126 et
668 3072 934 3144 sophista
956 3073 1052 3129 ille
1083 3076 1343 3131 convicia
1382 3078 1725 3151 jactaverat,
1758 3080 1876 3137 haec
1894 3084 2031 3138 scri-

2146 1919 2519 1985 λιεπεστάτοις
2560 1919 2893 1995 καθωραΐσαι
2927 1918 3133 1996 λόγοις,
3190 1921 3281 1974 οἷα
3337 1924 3442 1974 τῶν
3472 1916 3742 1974 πολυτελῶν

2145 2008 2315 2065 λίθων
2343 2016 2463 2072 τοῖς
2491 2007 2901 2083 διαυγεστάτοις
2948 2007 3222 2082 βασίλειον
3287 2005 3541 2081 διάδημα.
3575 2007 3745 2065 Ἀπολ-

2144 2095 2411 2177 λοφάνους
2457 2099 2560 2175 γὰρ
2620 2096 2813 2174 ἀνδρὸς
2846 2095 3172 2175 φιλοσόφου,
3200 2098 3303 2167 τὴν
3338 2097 3606 2171 θρησκείαν
3636 2096 3742 2154 Ἕλ-

2142 2186 2309 2258 ληνος
2336 2188 2719 2264 τυγχάνοντος,
2768 2186 3103 2260 νεμεσῶντός
3151 2207 3210 2241 τε
3237 2187 3332 2241 καὶ
3363 2184 3739 2260 λοιδορουμένου

2138 2281 2216 2349 τῷ
2243 2272 2549 2352 τρισολϐίῳ
2578 2276 2756 2349 τούτῳ
2794 2275 2884 2331 καὶ
2937 2272 3368 2352 μεγαλεμπὸρῳ,
3419 2276 3503 2330 καὶ
3559 2276 3739 2349 eam.

2140 2387 2269 2439 στῳ,
2302 2366 2376 2428 ὡς
2409 2366 2604 2442 ἑταίρῳ
2634 2362 2792 2434 δῆθεν
2825 2359 2938 2419 ὄντι
2972 2362 3220 2442 φιλτάτῳ
3267 2363 3359 2419 καὶ
3413 2364 3660 2439 ὁμογενεῖ,
3684 2362 3737 2417 τὰ

2137 2458 2361 2529 πατρῷα
2422 2456 2516 2526 μὲν
2580 2452 2970 2527 μυσαττομένῳ
3025 2447 3360 2525 σεϐάσματα,
3414 2454 3508 2522 τήν
3562 2449 3613 2506 δὶ
3648 2455 3732 2505 τῶν

2136 2546 2470 2618 Χριστιανῶν
2528 2547 2893 2618 προτιμῶντι,
2936 2541 3024 2596 καὶ
3085 2540 3350 2614 μετιόντι,
3406 2540 3493 2596 καὶ
3545 2541 3738 2608 ἀσπαζο·

2143 2630 2285 2706 μένῳ
2340 2631 2519 2687 πίστιν
2550 2678 2565 2705 ,
2622 2631 2712 2686 καὶ
2764 2631 2932 2701 αὐτῆς
2984 2630 3461 2705 ἀγωνιστικώτατα
3520 2626 3739 2704 προασειιί⁸

2141 2725 2313 2789 ζοντι,
2343 2720 2433 2774 καὶ
2462 2725 2576 2782 τοῖς
2607 2716 2894 2791 Ἑλλήνων
2944 2718 3081 2773 κατὰ
3107 2722 3212 2773 τῶν
3241 2716 3527 2789 Ἑλλήνων
3557 2717 3738 2793 χρωμέο

2138 2828 2235 2882 νῳ’
2276 2811 2375 2879 τήν
2417 2808 2696 2884 λοιδορίαν
2749 2808 2838 2863 καὶ
2894 2821 3106 2880 νεμεσιν
3163 2806 3538 2877 ἀνασκευάζειν
3593 2807 3739 2860 ὑποτι-

2141 2898 2364 2971 θέμενος
2392 2904 2470 2971 τῷ
2523 2897 2760 2962 πολλοῖς
2815 2893 3118 2960 θεοσεϐείας
3165 2894 3255 2951 καί
3308 2897 3502 2973 ἀρετῆς
3526 2892 3735 2964 τεθηλότι

2138 2993 2369 3063 καρποῖς
2398 2989 2763 3064 Πολυκάρπῳ,
2793 2987 2929 3061 πρὸς
2986 2986 3038 3041 ἐν
3071 2985 3161 3040 καὶ
3192 2987 3221 3041 ὁ
3253 2986 3515 3063 σοφιστής
3543 2983 3739 3038 ἐποιεῖτο

2136 3079 2205 3132 τὰ
2234 3079 2561 3150 σκώμματα,
2607 3074 2735 3132 τάδε
2794 3075 2949 3154 φησί’
2999 3099 3028 3127 ι(
3061 3074 3136 3129 Σὺ
3194 3071 3254 3129 δὲ
3284 3074 3393 3153 φῂς
3425 3067 3741 3149 λοιδορεῖσθαί

382 3160 503 3215 bit:
544 3182 572 3214 ι
600 3162 687 3218 Tu
713 3179 848 3218 vero
870 3164 1333 3237 Apollophanem
1357 3168 1686 3239 sopbistam
1719 3172 2003 3228 maledicti

2143 3187 2236 3239 μοι
2266 3167 2360 3221 τὸν
2384 3168 2643 3243 σοφιστὴν
2677 3163 3123 3242 Ἀπολλοφάνην,
3154 3161 3607 3269 καὶὶπατραλοίαν
3630 3160 3740 3265 ἄπνο-

384 3248 443 3304 in
469 3266 562 3306 me
583 3265 1135 3324 congerere,meque
1159 3255 1501 3325 patricidam
1537 3259 1831 3329 appellare
1852 3261 2020 3330 dicis,

380 3341 447 3392 ut
463 3339 881 3411 quigentilium
908 3340 1079 3396 dictis
1103 3341 1257 3397 haud
1276 3344 1366 3414 pie
1389 3350 1590 3400 contra
1603 3347 2024 3420 gentilesipsos

379 3429 533 3481 utar.
569 3428 745 3498 Atqui
769 3445 876 3484 nos
910 3428 1014 3486 hoc
1044 3430 1240 3502 ipsum
1277 3433 1465 3489 verius
1498 3433 1835 3506 intorquere
1865 3437 1921 3491 in
1958 3438 2023 3492 il-

369 3512 491 3570 lum
518 3531 847 3587 possemus,
872 3519 1026 3589 quod
1062 3520 1314 3591 gentiles
1341 3522 1618 3579 adversus
1650 3524 1846 3581 divina
1874 3526 2022 3580 divi-

375 3601 468 3658 nis
493 3620 605 3659 non
640 3605 732 3677 pie
764 3610 1029 3673 utuntur,
1062 3614 1341 3665 conantes
1382 3628 1484 3682 per
1515 3613 1864 3684 sapientiam
1898 3614 2024 3670 cul-

370 3694 500 3748 tum
526 3693 626 3749 Dei
650 3695 913 3751 divinum
939 3698 1559 3772 exterminare.Neque
1578 3718 1685 3774 ego
1706 3719 1845 3758 sane
1868 3721 2023 3759 nunc

376 3781 447 3837 de
477 3783 876 3840 multitudinis
900 3786 1173 3858 opinione
1198 3787 1424 3860 loquor,
1457 3807 1583 3862 quae
1617 3792 1673 3846 in
1717 3798 2020 3864 poetarum

372 3869 591 3926 fabulis
610 3889 850 3945 corpore
875 3879 932 3929 et
962 3877 1262 3948 voluptate
1284 3880 1622 3949 acquiescit.
1642 3881 1789 3945 Quin
1813 3886 1869 3937 et
1899 3884 2022 3954 ipse

371 3958 805 4029 ApOIIOphanes
828 3964 1109 4019 adversus
1131 3966 1331 4022 divina
1352 3968 1569 4024 nefarie
1589 3969 1803 4025 divinis
1817 3972 2020 4027 utitur.

374 4046 511 4099 Erat
526 4047 682 4101 enim
700 4056 1094 4108 consentaneu
1108 4070 1159 4109 m
1177 4070 1276 4111 eos
1289 4057 1668 4127 qui366veri
1688 4059 2022 4132 philosophi

371 4138 645 4204 sunt,per
667 4136 817 4192 hanc
841 4155 1036 4195 rerum
1061 4144 1476 4214 cognitionem,
1494 4164 1621 4217 qua:
1655 4148 1763 4203 rite
1787 4149 1861 4203 ab
1891 4149 2022 4220 ipso

372 4219 749 4294 philosophia
785 4224 1021 4295 dicitur,
1076 4246 1318 4301 quaeque
1351 4250 1384 4288 a
1415 4233 1478 4288 D.
1526 4235 1705 4291 Paulo
1736 4237 2024 4308 sapientia

374 4312 472 4367 Dei
504 4312 795 4385 appellata
817 4322 923 4385 est,
942 4318 1013 4374 ad
1029 4325 1327 4377 auctorem
1364 4339 1493 4378 cum
1519 4324 1780 4396 ipsarum
1807 4344 2020 4397 rerum,

370 4402 500 4455 tum
523 4403 873 4473 cognitionis
896 4404 1154 4477 illorum,
1184 4409 1504 4467 adduci.Ac
1537 4429 1607 4468 ne
1642 4414 1892 4470 aliorum
1922 4421 2023 4472 aut

370 4489 561 4563 ipsius
587 4493 923 4566 opinionem
957 4503 1162 4553 contra
1194 4499 1529 4557 institutum
1584 4520 1778 4559 meum
1814 4508 2019 4561 confu-

2136 3253 2348 3325 καλεῖν,
2406 3256 2480 3317 ὡς
2537 3260 2653 3317 τοῖς
2710 3252 2990 3324 Ἑλλήνων
3048 3251 3136 3307 ἐπὶ
3190 3250 3323 3315 τοὺς
3367 3249 3630 3321 Ἕλληνας
3654 3248 3738 3321 οὐχ

2132 3344 2297 3407 ὁσίως
2345 3342 2640 3419 χρωμένῳ·
2683 3342 2859 3398 καίτοι
2907 3342 3044 3416 πρὸς
3094 3340 3252 3395 αὐτὸν
3306 3343 3457 3416 ἡμᾶς
3484 3340 3546 3409 ἧν
3575 3335 3737 3406 ἀληθὲ-

2132 3452 2316 3506 στερον
2373 3432 2562 3500 είπεῖν,
2597 3433 2672 3495 ὡς
2719 3428 2991 3501 ’Έλληνες
3019 3435 3135 3484 τοῖς
3166 3430 3337 3492 θείοις
3367 3428 3472 3505 οὐχ
3500 3427 3642 3488 ὁσίως
3664 3423 3737 3478 ἐπὶ

2129 3521 2195 3576 τὰ
2225 3526 2341 3584 θεῖα
2377 3526 2642 3597 χρῶνται,
2701 3518 2791 3575 διὰ
2842 3525 2943 3587 τῆς
3001 3516 3191 3595 σοφίας
3218 3522 3321 3572 τοῦ
3353 3521 3484 3573 Θεοῦ
3530 3516 3585 3571 τὸ
3624 3516 3734 3568 Θεῖον

2131 3604 2418 3666 ἐκϐάλλειν
2463 3610 2794 3682 πειρώμενοι
2847 3602 3028 3670 σέὄας.
3060 3606 3164 3664 Καὶ
3195 3605 3259 3660 οὐ
3289 3607 3391 3675 τὴν
3421 3610 3525 3661 τῶν
3551 3600 3736 3659 πολλῶν

2132 3697 2301 3774 ἔγωγὲ
2333 3720 2476 3775 φημι
2509 3695 2687 3767 δόξαν,
2744 3700 2862 3759 τοῖς
2912 3700 3021 3750 τῶν
3073 3698 3323 3765 ποιητῶν
3374 3690 3646 3769 προσῦλως
3666 3689 3735 3743 καὶ

2131 3787 2387 3861 ἐμπαθῶς
2433 3783 2899 3859 ἐναπομενόντων,
2948 3783 3094 3839 ἀλλᾶ
3136 3782 3227 3838 καὶ
3288 3783 3450 3844 αὐτὸς
3505 3777 3738 3839 Ἀπολλο-

2132 3878 2304 3953 φάνης
2360 3876 2470 3951 οὐχ
2526 3873 2689 3939 ὁσίως
2715 3879 2834 3938 τοῖς
2878 3874 3042 3935 θείοις
3089 3872 3178 3962 ἐπὶ
3208 3871 3275 3927 τὰ
3308 3874 3427 3928 θεῖα
3458 3869 3735 3962 χρῆταιςτῇ

2129 3967 2229 4042 γὰρ
2287 3970 2391 4020 τῶν
2446 3962 2614 4020 ὄντων
2669 3964 2863 4040 γνώσει
2909 3962 3094 4023 καλῶς
3125 3960 3399 4037 λεγομένῃ
3449 3961 3577 4034 πρὸς
3605 3956 3736 4012 αὐτοῦ

2131 4054 2447 4135 φιλοσοφίᾳ,
2499 4054 2589 4109 καὶ
2647 4054 2785 4127 πρὸς
2836 4056 2933 4107 τοῦ
2992 4051 3137 4115 θείου
3192 4049 3414 4106 Παύλου
3446 4047 3596 4127 σοφίᾳ
3633 4046 3741 4135 Θεοῦ

2130 4131 2464 4218 κεκλημένῃ,
2514 4143 2651 4219 πρὸς
2675 4142 2765 4197 τὸν
2800 4140 2971 4196 αἴτιον
3017 4139 3109 4195 καὶ
3143 4138 3320 4194 αὐτῶν
3345 4144 3454 4194 τῶν
3490 4136 3644 4192 ὄντων
3669 4131 3740 4187 καὶ

2130 4239 2231 4302 τῆς
2284 4232 2531 4306 γνώσεως
2578 4229 2752 4285 αὐτῶν
2796 4228 2965 4306 ἐχρῆν
3022 4227 3309 4303 ἀνάγεσθαι
3366 4226 3495 4287 τοὺς
3548 4220 3740 4292 ἀληθεῖς

2133 4318 2513 4398 φιλοσόφους.ζ
2545 4319 2646 4376 Καὶ
2690 4316 2779 4373 ’ίνα
2826 4318 2902 4391 μή
2932 4318 3033 4387 τήν
3064 4314 3251 4372 ἄλλων
3280 4317 3317 4386 ἢ
3350 4317 3448 4384 τὴν
3477 4312 3630 4368 αὐτοῦ
3655 4328 3738 4398 πα·

2133 4395 2199 4485 ρὰ
2224 4410 2284 4465 τὸ
2316 4395 2507 4464 δοκοῦν
2550 4407 2899 4484 ἐξελέγχοιμι
2937 4403 3114 4479 δόξαν,
3166 4403 3274 4460 ἔδει
3306 4401 3535 4459 συνιδεῖν
3574 4395 3742 4458 Ἀπολ·

2131 4498 2404 4576 λοφάνηνζ
2422 4498 2585 4576 σοφὸν
2637 4493 2783 4567 ὄντα,
2831 4497 2907 4569 μή
2956 4494 3014 4550 ἃν
3067 4493 3253 4557 ἄλλως
3302 4494 3436 4549 ποτὲ
3475 4490 3736 4560 δυνηθῆναί

370 4580 514 4645 tem,
545 4582 853 4653 oportebat
881 4584 1343 4657 Apollophanem
1374 4606 1506 4645 cum
1539 4592 1617 4646 sit
1647 4593 1907 4663 sapiens,
1930 4595 2003 4649 in-

2137 4570 2226 4658 τῆς
2258 4570 2591 4664 οὐρανίαςζτι
2621 4591 3035 4662 παρατραπῆναι
3093 4586 3295 4657 τάξεως
3347 4583 3439 4638 καὶ
3485 4582 3735 4651 κινήσεως,

368 4665 635 4740 telligere
665 4671 809 4727 nihil
843 4690 1105 4745 unquam
1150 4675 1404 4732 caelestis
1461 4680 1684 4736 ordinis
1744 4687 1800 4737 et
1831 4689 2020 4739 motus

370 4754 673 4814 immutari
703 4758 874 4816 aliter
903 4762 1306 4835 potuisse,nisi
1331 4767 1402 4820 ab
1426 4784 1490 4823 eo
1519 4768 1639 4823 haec
1670 4785 1860 4825 rerum
1889 4788 2020 4826 mu-

367 4846 513 4901 tatio
547 4847 728 4915 fieret,
761 4850 861 4923 qui
920 4858 1143 4908 naturae
1175 4854 1362 4926 ipsius
1405 4868 1779 4915 conservator
1820 4865 1929 4928 est,
1963 4867 2020 4917 et

370 4939 597 5022 auctor,
630 4939 847 5011 quique
878 4942 1078 4997 omnia
1106 4946 1190 5011 (ut
1220 4959 1411 5000 sermo
1446 4946 1678 5004 dixinus
1711 4949 1908 5022 habet)
1932 4950 2017 5005 fa-

367 5020 446 5077 cit
473 5029 649 5098 atque
680 5032 1060 5088 transmutat.
1083 5035 1197 5089 Cur
1225 5051 1357 5101 ergo
1419 5052 1578 5105 eum,
1612 5055 1787 5109 quem
1821 5020 2014 5096 rerum

370 5116 638 5174 omnium
666 5120 847 5178 Deum
882 5140 1011 5179 esse
1045 5125 1569 5194 cognovimus,non
1602 5137 1930 5198 veneratur,
1962 5136 2020 5188 et

372 5203 447 5259 ob
478 5204 834 5267 ineffabilem
895 5214 1022 5285 ejus
1080 5216 1422 5287 potentiam,
1456 5234 1570 5286 qua
1597 5225 1804 5275 cuncta
1825 5226 2018 5277 creata

369 5298 531 5364 sunt,
565 5313 678 5352 non
729 5300 1093 5357 admiratur?
1140 5302 1625 5376 Quandoquidem
1658 5308 1745 5364 sol
1791 5314 1847 5363 et
1877 5309 2016 5365 luna

371 5396 490 5436 una
518 5399 653 5441 cum
686 5390 845 5444 omni
874 5388 1001 5445 αα)Ιί
1031 5392 1412 5448 conversione
1457 5410 1561 5465 per
1614 5396 1730 5452 vim
1782 5398 1854 5453 ab
1886 5398 2013 5470 ipso

369 5465 659 5528 immobili
691 5479 846 5532 statu
881 5477 1304 5536 incredibiliter
1323 5481 1645 5541 consistere
1668 5465 2013 5558 jussasunt,

373 5558 548 5629 atque
569 5562 640 5617 ad
677 5581 1014 5622 mensuram
1046 5568 1229 5623 totius
1286 5569 1399 5626 diei
1449 5572 1507 5627 in
1567 5574 1778 5632 iisdem
1829 5576 2015 5648 signis

371 5645 571 5703 omnia
601 5652 989 5709 consistunt.»
1006 5655 1075 5710 Et
1087 5656 1261 5727 paulo
1282 5662 1448 5727 post:
1476 5662 1791 5721 «Ceterum
1813 5645 1911 5722 dic
1922 5665 2007 5722 ei:

2130 4677 2175 4733 εί
2210 4679 2284 4751 μή
2315 4682 2406 4731 τὸν
2435 4681 2531 4732 τοῦ
2563 4674 2881 4751 εἶναιααύτήν
2912 4674 3002 4730 καὶ
3033 4673 3266 4749 συνοχὲα
3293 4674 3384 4727 καὶ
3415 4668 3579 4726 αἴτιον
3607 4665 3735 4738 ἔσχεν

2129 4766 2203 4828 είς
2244 4770 2404 4821 τοῦτο
2452 4769 2734 4834 κινοῦντα,
2787 4764 2880 4818 τὸν
2924 4765 3181 4818 ποιοῦντα
3237 4762 3410 4816 πάντα
3464 4758 3547 4814 καὶ
3598 4771 3734 4829 μετα⁹

2129 4854 2474 4926 σκευάζοντα,
2505 4856 2642 4911 κατὰ
2688 4853 2780 4909 τὸν
2812 4854 2955 4929 ἱερὸν
3001 4851 3184 4927 λόγον.
3237 4855 3363 4913 Πῶς
3413 4846 3505 4903 οῦν
3537 4846 3592 4901 οὗ
3620 4837 3734 4897 utﬁt:

2126 4945 2215 5001 τὸν
2250 4942 2587 5022 ἐγνωσμένον
2636 4947 2773 5018 ἡμῖν
2821 4942 2926 4998 κάκ
2965 4945 3062 4998 τοῦ
3111 4937 3266 5004 ὄντος
3311 4936 3441 4993 ὄντα
3484 4939 3586 4992 τῶν
3616 4930 3734 5022 δλφν

2128 5020 2298 5107 Θεὸν,
2333 5034 2601 5111 ἀγάμενος
2654 5033 2811 5088 αὐτὸν
2842 5040 2942 5103 τῆς
2989 5028 3274 5087 παναιτίου
3316 5030 3405 5083 καὶ
3464 5020 3734 5111 ὑπεραρῥής

2123 5148 2220 5182 του
2252 5105 2554 5200 δυνάμεως,
2587 5125 2710 5178 ὅταν
2752 5122 2915 5193 ἥλιος
2938 5122 3025 5176 ὑπ’
3055 5120 3223 5175 αὐτοῦ
3252 5120 3339 5175 καὶ
3371 5117 3593 5187 σελήνη,
3625 5105 3737 5200 κατξι

2126 5214 2350 5289 δύναμιν
2408 5214 2499 5269 καὶ
2554 5213 2734 5268 στάσιν
2796 5212 3275 5290 ὑπερφυεστάτην,
3319 5211 3433 5281 ἅμα
3477 5209 3552 5277 τῷ
3600 5196 3733 5256 παντῖ

2123 5305 2258 5381 πρὸς
2302 5304 2365 5359 τὸ
2413 5305 2588 5375 πάντη
2639 5302 2896 5373 ἀκίνητον
2953 5299 3262 5375 ὁρίζωνται,
3314 5296 3403 5352 καὶ
3453 5295 3527 5355 ε’ς
3569 5290 3732 5364 μέτρον

2121 5395 2331 5470 ἡμέρας
2380 5392 2517 5465 ὅλης
2562 5391 2647 5447 ἐπὶ
2697 5396 2804 5446 τῶν
2855 5389 3031 5445 αὐτῶν
3076 5387 3270 5443 ἐστῶσι
3323 5386 3392 5441 τὰ
3434 5387 3597 5470 πάντα
3626 5397 3730 5470 Διντε-

2126 5467 2326 5557 μείωνε
2359 5506 2387 5537 ››
2422 5481 2519 5537 Καὶ
2554 5479 2687 5556 μετᾶ
2720 5478 2951 5556 βραχέα’
2990 5498 3012 5528 ι
3046 5476 3182 5536 Εἰπὲ
3211 5474 3269 5531 δὲ
3296 5474 3461 5546 αὐτῷ*
3488 5470 3555 5529 Τί
3585 5467 3734 5539 λέγεις

2118 5572 2244 5649 περὶ
2273 5578 2375 5642 τῆς
2406 5570 2456 5626 ἐν
2482 5575 2561 5644 τῷ
2590 5566 2848 5645 σωτηρίῳ
2882 5570 3095 5643 σταυρῷ
3122 5564 3399 5645 γεγονυίας
3430 5558 3732 5649 ἐκλείψεωιςς

2120 5641 2446 5741 Ἀμφοτέρω
2491 5641 2595 5737 γάρ
2624 5641 2767 5730 τότε,
2816 5657 2953 5713 κατὰ
2996 5641 3355 5725 Ἡλιούπολιν
3407 5652 3520 5727 ἅμα
3558 5641 3729 5721 παρόν·
