3930 6202
189 357 286 412 629
1181 362 1375 425 VITA,
1415 361 1750 416 AUCTORE
1787 358 2158 412 MICHAELE
2197 359 2550 413 BYNGELO.
3466 354 3592 434 630;

189 501 265 542 τες
291 499 344 534 τε
378 478 464 534 καὶ
494 482 836 548 συνεστῶτες,
885 476 1203 555 παραδόξως
1244 485 1322 552 τῷ
1364 479 1512 552 ἡλίῳ
1568 480 1665 548 τήν
1724 499 1741 532 ο

2019 480 2070 535 id
2103 480 2174 536 de
2205 479 2305 535 illo
2337 479 2476 536 solis
2511 479 2759 549 defectu,
2787 480 2882 551 qui
2917 496 3031 552 quo
3061 483 3323 551 tempore
3368 475 3571 533 Domi-

191 565 348 638 λήνην
379 565 741 640 ἐμπίπτουσαν
775 569 1054 644 ἑωρῶμεν·
1089 569 1175 638 (οὐ
1206 569 1306 645 γὰρ
1337 571 1404 638 ἦν
1440 567 1668 624 συνόδου
1697 589 1743 622 κε

2016 585 2040 624 s
2064 568 2121 624 in
2154 585 2386 625 crucem
2423 573 2590 624 actus
2608 573 2717 637 est,
2751 566 3155 640 contigit,ais?
3186 566 3372 622 Ambo
3412 565 3568 621 enim

191 657 272 730 ρός
300 660 312 726 )
340 654 483 719 αὖθίς
511 677 566 710 τε
595 656 760 724 αὐτὴν
786 658 891 712 ἀπὸ
921 664 1022 726 τῆς
1064 656 1285 726 έννάτης
1341 657 1485 732 ὥρας
1539 659 1668 732 ἄχρι
1715 677 1743 710 τ

2017 674 2058 712 n
2093 660 2244 730 apud
2263 657 2609 730 HeliOpolim
2627 662 2944 729 praesentes
2967 655 3143 711 simul
3167 659 3569 710 essemustum

192 746 397 820 ἑσπέρας
427 744 500 806 εἷς
531 745 592 798 τὸ
630 749 726 798 τοῦ
774 743 938 814 ἡλίου
987 743 1274 818 διάμετρον
1337 747 1616 824 ὑπερφυῶς
1668 745 1744 799 ἀν·

2019 765 2122 802 eni
2148 747 2257 803 soli
2290 748 2520 803 obviam
2556 746 2908 802 mirabiliter
2938 747 3148 800 tactam
3181 745 3392 815 (neque
3419 741 3571 797 enim

191 839 522 888 καταστᾶσαν.
556 835 894 905 Ἀνάμνησον
920 832 966 888 δ’
997 831 1073 889 ἔτι
1104 833 1191 889 xui
1227 835 1406 910 ἓτερον
1464 834 1624 888 αὐτόν
1659 854 1670 867 ⁸
1707 835 1743 888 οῖ

2019 853 2248 892 icursus
2281 842 2513 908 tempus
2544 840 2708 904 erat),
2733 840 2790 891 et
2821 835 3086 891 eamdem
3119 849 3324 888 rursus
3343 830 3571 887 abhora

189 924 296 998 γὰρ,
324 922 402 976 ὅτι
430 923 518 977 καὶ
548 924 645 993 τήν
679 918 960 996 ἔμπτωσιν
1005 923 1170 993 αὐτὴν
1214 923 1264 994 ἐξ
1313 923 1594 979 ἀνατολῶν
1645 925 1741 999 ἕως

2014 943 2076 980 aa
2108 943 2289 998 usque
2321 927 2392 980 ad
2430 942 2730 997 vesperam
2754 942 2784 980 e
2817 926 3052 996 regione
3074 922 3216 979 solis
3240 919 3566 994 perdiame-

188 1033 337 1083 καμεν
361 1010 682 1088 ἀρξαμένην,
714 1013 805 1066 καὶ
858 1015 1024 1088 μέχρι
1055 1017 1148 1068 τοῦ
1179 1013 1414 1083 ἡλιακοῦ
1448 1014 1678 1088 πέρατος
1724 1011 1740 1067 ἐ

2024 1033 2079 1070 m
2123 1015 2549 1070 incredibiliter
2578 1014 2907 1087 appositam
2940 1012 3251 1084 persistere
3290 1009 3567 1066 cerneba-

188 1102 376 1168 δοῦσαν,
428 1102 541 1156 εἶτα
599 1098 998 1156 ἆναποδίσασαν
1032 1121 1045 1134 ο
1098 1101 1186 1156 καὶ
1243 1100 1395 1166 αὖθις
1454 1103 1556 1156 οὐκ
1606 1101 1663 1156 ἐκ
1717 1123 1740 1156 τ

2015 1122 2077 1160 ιε.
2111 1105 2394 1160 Caeterum
2419 1110 2476 1159 et
2506 1104 2663 1160 aliud
2698 1103 2982 1175 quiddam
3022 1102 3202 1172 hujus
3251 1098 3482 1174 generis
3509 1099 3567 1153 in

188 1187 332 1244 αὐτοῦ
383 1188 472 1243 καὶ
531 1190 631 1258 τήν
692 1185 970 1263 ἔμπτωσιν
1021 1190 1109 1244 xui
1147 1192 1246 1259 τήν
1279 1189 1657 1264 ἀνακάθαρσιν,
1688 1190 1740 1245 ἆ]

2014 1195 2268 1249 :moriam
2303 1192 2460 1249 illius
2492 1192 2838 1248 revoca.Nos
2869 1191 3026 1247 enim
3049 1191 3225 1262 (quod
3252 1191 3443 1261 ipsum
3470 1187 3566 1242 ille

186 1276 237 1332 ix
257 1282 344 1332 τοῦ
372 1279 509 1332 κατὰ
538 1276 830 1353 διάμετρον
864 1277 1106 1333 ἐναντίου
1153 1281 1539 1356 γεγενημένην.
1574 1281 1738 1336 Τοιαῐ

2016 1299 2156 1354 aque
2188 1283 2367 1354 novit)
2399 1287 2455 1337 et
2501 1298 2812 1338 occursum
2863 1281 3060 1352 ipsum
3093 1280 3165 1335 ab
3197 1279 3428 1334 Oriente
3459 1294 3568 1332 coa-

185 1363 280 1420 ὶστι
326 1370 416 1421 τοῦ
469 1365 594 1422 τότε
622 1370 813 1440 καιροῦ
843 1367 908 1421 τὰ
939 1367 1208 1444 ὑπερφυῆ,
1238 1371 1325 1422 xui
1381 1367 1533 1440 μόνῳ
1592 1369 1737 1441 Χρισ

2012 1389 2102 1437 se,
2133 1376 2192 1427 et
2217 1373 2288 1427 ad
2322 1371 2532 1427 solaris
2559 1369 2818 1442 corporis
2878 1370 3052 1424 tinem
3113 1367 3466 1440 pervenisse,
3499 1381 3564 1420 ac

181 1460 252 1525 τῷ
282 1454 540 1528 παναιτίῳ
591 1452 812 1525 δυνατὰ,
843 1461 924 1528 τῷ
966 1461 1214 1510 ποιοῦντι
1266 1457 1482 1530 μεγάλα
1525 1455 1613 1511 καὶ
1672 1455 1733 1526 έξε

2011 1478 2159 1516 num
2195 1462 2504 1532 repedasse
2537 1461 2810 1516 vidimus.
2846 1463 3192 1530 Rursusque
3223 1475 3335 1513 non
3358 1457 3563 1511 eadem

185 1543 277 1610 σία,
307 1544 374 1596 ὧν
426 1543 524 1598 οὒκ
568 1539 708 1597 ἔστιν
761 1543 1012 1618 ἀριθμός.
1043 1549 1240 1612 Ταῦτα,
1275 1544 1320 1599 εἰ
1353 1546 1432 1599 σοὶ
1459 1545 1698 1617 θεμιτὸν,
1733 1567 1737 1595 ι

2020 1555 2204 1621 parte,
2229 1551 2328 1605 sed
2355 1567 2384 1604 e
2423 1550 2662 1621 regione
2695 1566 2797 1621 per
2817 1548 3172 1603 diametrum
3196 1551 3252 1600 et
3285 1563 3565 1601 occursus

182 1633 258 1700 πε,
285 1633 390 1700 καὶ,
421 1631 467 1686 εἲ
499 1629 748 1702 δυνατόν,
783 1632 1219 1711 ’Δπολλόφανες,
1249 1632 1500 1710 ἐξέλεγχε
1542 1635 1629 1688 καὶ
1676 1654 1734 1707 πρ

2018 1638 2185 1693 ablati
2221 1638 2468 1693 luminis
2501 1638 2791 1693 restitutio
2824 1638 2977 1693 facta
3006 1642 3116 1692 est.
3150 1636 3279 1691 Haec
3326 1641 3445 1690 tam
3485 1635 3570 1688 in-

183 1721 265 1793 ἰμὲ
308 1721 394 1775 τὸν
443 1723 569 1776 τότε
626 1721 714 1776 καὶ
773 1724 1126 1797 συμπαρόντα
1157 1744 1263 1796 σοι,
1295 1724 1385 1777 xui
1415 1718 1735 1798 συνεωρακό·

2015 1727 2119 1781 itia
2144 1731 2201 1780 et
2230 1726 2602 1782 incredibilia
2632 1731 2755 1780 tum
2788 1723 3567 1797 temporisacciderunl,quaa

182 1810 254 1864 xui
283 1811 722 1882 συνανακρίνοντα
747 1812 942 1878 πάντα,
976 1811 1064 1866 xui
1099 1813 1486 1888 συναγάμενον.
1521 1835 1550 1863 ››

2017 1814 2196 1870 ristus
2229 1815 2495 1870 omnium
2529 1819 2754 1881 auctor,
2780 1815 2879 1886 qui
2914 1829 3124 1885 magna
3145 1817 3201 1868 et
3221 1810 3569 1867 admiranda

181 1900 472 1970 facit,quaa
501 1901 862 1958 dinumerari
897 1908 1498 1974 nequeunt,praastare
1532 1902 1695 1958 solus
1747 1903 2138 1974 potest:haec,
2166 1904 2407 1975 inquam
2471 1904 2575 1972 (id,
2639 1903 2688 1958 si
2743 1904 2870 1972 tibi,
2930 1902 3265 1974 Polycarpe,
3316 1899 3566 1966 licuerit,

179 1987 250 2043 illi
278 1988 466 2060 dicito)
497 1995 554 2045 et
585 1990 635 2046 si
668 1991 787 2045 ﬁeri
822 1996 1030 2062 potest,
1067 1992 1520 2064 Apollophanes,
1548 1992 1668 2047 haec
1703 1991 1972 2048 falsitatis
2004 2009 2206 2066 arguo,
2253 2000 2309 2049 et
2357 1993 2599 2065 quidem
2659 1997 2862 2049 contra
2913 2007 3004 2047 me
3057 1989 3158 2062 qui
3215 1996 3342 2045 tum
3375 1994 3567 2044 tecum

181 2077 412 2146 aderam,
444 2079 741 2150 simulque
770 2081 967 2136 omnia
993 2085 1183 2137 tecum
1220 2081 1520 2154 perpendi,
1553 2086 1609 2136 et
1638 2097 1769 2136 cum
1803 2081 2192 2137 admiratione
2222 2081 2497 2154 spectavi.
2524 2103 2550 2131 ιι

248 2179 452 2237 Παύλου
479 2181 664 2238 τοίνυν
697 2182 918 2246 στάντος
951 2183 1002 2238 ἰν
1051 2183 1199 2257 μέσῳ
1239 2189 1337 2240 τοῦ
1368 2185 1585 2260 Ἀρείου
1637 2185 1800 2258 πάγοι.

2014 2191 2133 2243 lum
2165 2187 2348 2259 igitur
2379 2187 2594 2243 Paulus
2626 2187 2685 2242 in
2720 2186 2981 2242 medium
3004 2183 3287 2256 Areopagi
3313 2181 3566 2255 prodiis-

181 2269 256 2323 xui
305 2269 886 2346 παῤῥησιαστικώτατα
941 2270 1392 2347 διαγορεύσαντος
1425 2295 1437 2308 ·
1503 2297 1531 2326 ιι
1587 2270 1733 2346 Ἀνδε

2015 2319 2030 2344 ,
2062 2293 2129 2332 ac
2159 2277 2318 2330 omni
2362 2292 2495 2330 cum
2543 2274 2756 2330 ﬁducia
2813 2274 3060 2344 loquens
3091 2273 3347 2328 diceret:
3384 2294 3412 2321 ‹‹
3444 2270 3567 2326 Viri

181 2362 455 2428 Ἀθηναῖοι,
483 2362 628 2415 κατά
682 2363 855 2415 πάντα
899 2360 973 2424 ὡς
1025 2358 1617 2436 δεισιδαιμονεστέρους
1670 2362 1733 2433 ὑμ

2013 2364 2396 2431 ienienses,in
2420 2364 2696 2420 omnibus
2720 2368 3003 2434 tanquam
3036 2379 3102 2416 su
3115 2359 3565 2433 perstitiosiores

185 2452 346 2522 θεωρῶ
378 2468 389 2480 ο
440 2446 800 2526 διερχόμενος
854 2451 954 2526 γὰρ
1006 2451 1096 2505 καὶ
1155 2451 1474 2527 ἀναθεωρῶν
1529 2450 1596 2504 τὰ
1651 2445 1737 2504 σεὸ

2011 2471 2021 2508 ι
2048 2453 2213 2509 video
2237 2470 2251 2508 :
2287 2453 2624 2525 praeteriens
2648 2452 2829 2520 enim,
2852 2456 2910 2506 et
2939 2450 3134 2506 cultus
3174 2454 3398 2505 vestros
3427 2464 3563 2503 con-

184 2557 335 2608 σματα
379 2538 552 2610 ὑμῶν,
593 2539 751 2615 εὗρον
793 2540 882 2594 καὶ
933 2539 1120 2615 βωμὸν
1179 2539 1234 2594 ἐν
1291 2537 1338 2612 ᾧ
1395 2538 1736 2615 ἐπεγέγραπτι

2011 2542 2232 2613 aplans,
2267 2559 2430 2597 aram
2482 2557 2716 2612 quoque
2747 2541 2931 2612 reperi
2963 2539 3023 2594 in
3073 2555 3186 2609 qua
3216 2537 3563 2608 inscriptum

182 2625 442 2701 ’Λγνώστῳ
496 2633 640 2699 Θεῷ.
686 2629 781 2686 Ὃν
829 2627 922 2683 οὖν
974 2629 1292 2702 ἀγνοοῦντες
1340 2625 1628 2700 εὐσεϐεῖτε,
1681 2649 1734 2682 το

2009 2637 2077 2686 .t:
2112 2633 2301 2700 Ignoto
2331 2633 2457 2687 Deo.
2516 2631 2696 2694 Quem
2733 2629 2913 2701 igitur
2967 2629 3307 2700 ignorantes
3345 2625 3561 2692 colitis,

182 2733 260 2768 τον
287 2713 386 2788 ἐγὼ
409 2715 774 2792 καταγγέλλω
806 2717 932 2790 ὑμῖν
969 2738 982 2752 ’
1020 2741 1046 2768 υ
1083 2719 1177 2771 Καὶ
1207 2719 1308 2787 τήν
1365 2718 1488 2790 ἑξῆς
1517 2716 1734 2794 θεηγορί

2007 2737 2072 2775 nc
2103 2737 2209 2792 ego
2240 2721 2404 2776 vobis
2445 2719 2757 2774 annuntio.
2793 2740 2822 2768 »
2847 2719 3112 2787 Cumque
3151 2714 3371 2770 Paulus
3409 2715 3559 2769 801

184 2799 434 2873 διεξιόντος
489 2807 699 2860 ἅπασαν
735 2825 748 2839 ⁸
815 2805 1006 2868 εὐθέως
1062 2807 1218 2868 οὗτος
1275 2807 1302 2860 ὁ
1359 2807 1736 2880 θαυμασιώτατ

2010 2825 2142 2864 nem
2167 2809 2424 2864 divinam
2448 2809 2789 2864 concionem
2833 2803 3562 2878 percurrisset,contestim

182 2891 312 2965 ἀνὴρ,
341 2893 411 2954 ὡς
442 2894 736 2970 οὐρανόθεν
797 2893 1218 2970 διηγορευμένον
1249 2896 1338 2950 τὸν
1378 2894 1542 2971 λόγον
1578 2894 1734 2967 δεξάμ

2034 2899 2128 2954 hic
2161 2899 2415 2954 maxime
2446 2897 2885 2969 suspiciendas,
2913 2895 3069 2950 hunc
3091 2909 3419 2949 sermonem
3442 2897 3568 2947 tan-

181 3003 276 3049 νος,
323 2980 682 3048 ἀδιάσπαστος
737 2983 900 3038 αὐτοῦ
944 2984 1164 3060 γέγονεν
1225 2983 1446 3050 όπαδός.
1516 2985 1617 3042 Καὶ
1670 2991 1733 3038 πε

2013 3004 2096 3042 am
2130 2986 2792 3043 cmlitusannuntiatum
2819 2983 3079 3056 suscepit
3104 2981 3565 3053 individuusque

186 3070 264 3140 μὶν
315 3069 473 3146 ἄρδην
525 3078 652 3135 τοῖς
708 3071 1056 3143 Ἑλληνικοῖς
1117 3073 1326 3150 ὀργίοις
1371 3074 1548 3129 τεκαὶ
1583 3085 1738 3147 θεσμι

2019 3093 2046 3130 s
2079 3080 2404 3130 assectator
2432 3075 2674 3130 effectus
2705 3078 2814 3130 est.
2865 3075 2945 3128 Ac
2990 3071 3270 3127 omnibus
3325 3070 3565 3140 quidem

183 3158 526 3232 ἀποτάσσεται,
578 3161 671 3216 καὶ
726 3162 980 3217 παντοίαν
1033 3161 1372 3237 δαιμονιώδη
1431 3162 1644 3233 πλάνην
1704 3185 1735 3236 μ

2019 3163 2528 3236 steriissimulque
2561 3163 2770 3218 ritibus
2801 3160 3058 3234 profanis
3082 3159 3356 3215 nuntium
3377 3158 3567 3214 remit-

183 3251 394 3304 σάττεται
426 3270 440 3282 ·
499 3253 607 3320 τήν
693 3250 942 3326 οὐράνιον
1004 3249 1062 3306 δὶ
1115 3251 1405 3325 μαθητείαν
1462 3251 1735 3327 μετέρχετι

2007 3252 2467 3324 ιε,ωυ1ιὶρ1ἰοεω
2509 3253 2840 3307 daamonum
2863 3266 3120 3306 errorem
3151 3249 3559 3316 detestatur,et

181 3337 254 3389 καὶ
281 3344 641 3415 στοιχειοῦται
684 3345 806 3402 ταῖς
847 3345 954 3394 τῶν
1009 3340 1184 3414 ὀρθῶν
1236 3338 1521 3416 δογμάτων
1571 3341 1662 3396 καὶ
1705 3363 1733 3395 τ

2009 3343 2208 3399 lestsm
2235 3341 2609 3414 disciplinam
2638 3338 3080 3411 capessit.Verae
3104 3339 3244 3394 item
3261 3335 3561 3410 religionis

184 3422 498 3501 εὖαγγελικῆς
529 3425 887 3491 διδασκαλίας
917 3431 1317 3505 στοιχειώσεσι,
1347 3431 1437 3484 καὶ
1493 3432 1592 3499 τὴν
1644 3431 1736 3502 ὰμι

2008 3432 2226 3501 .titutis,
2261 3429 2734 3502 Evangelicaeque
2755 3428 3038 3484 doctrinm
3067 3427 3237 3498 quasi
3258 3425 3560 3482 elementis

189 3534 332 3584 μητον
370 3515 546 3572 πίστιν
582 3514 974 3590 ἐκδιδάσκεται,
1006 3519 1095 3573 xui
1153 3523 1220 3592 τῇ
1268 3523 1366 3574 τοῦ
1393 3523 1666 3588 ζωοποιοῦ
1703 3519 1734 3593 β

250 3602 259 3620 .
513 3607 528 3620 .
874 3611 898 3620 ..
1057 3607 1075 3620 ς
1178 3603 1206 3620 ο
1232 3610 1274 3620 .-
1569 3606 1580 3620 .

2006 3521 2202 3576 buitur
2225 3517 3036 3588 etintormatur,inculpatam
3062 3517 3238 3571 ﬁdem
3263 3516 3558 3584 educetur,

183 3602 446 3675 πείσματος
503 3607 903 3681 ἀναγεννητικῇ
987 3603 1351 3682 κολυμϐήθρᾳ
1419 3606 1735 3682 προσέρχετι

2002 3611 2072 3665 ad
2106 3609 2402 3664 lavacrum
2436 3607 2834 3678 baptismatis,
2867 3621 2983 3675 quo
3010 3619 3443 3675 regeneramur,
3467 3602 3554 3657 vi-

184 3690 257 3744 καὶ
282 3693 362 3748 τὸν
394 3691 720 3772 διεφθαρότα
749 3696 982 3750 παλαιὸν
1033 3693 1314 3771 ἄνθρωπον
1369 3694 1683 3765 ἀποδύεται,
1715 3718 1736 3750 κ

2001 3715 2154 3768 nque
2186 3696 2528 3767 recipimus,
2561 3692 2805 3761 accedit,
2840 3697 2898 3748 et
2917 3697 3169 3747 veterem
3215 3695 3553 3760 corruptum

184 3783 380 3853 Χριστον
433 3784 620 3852 αὐτὸν,
653 3785 745 3838 τὸν
802 3792 903 3854 τῆς
937 3790 1082 3855 ζωῆς
1113 3785 1383 3861 ἀρχηγὸν,
1417 3783 1680 3856 ἐνδύεται,
1713 3806 1736 3838 κ

2002 3789 2208 3841 minem
2241 3784 2420 3854 exuit,
2437 3784 2752 3855 ipsumque
2772 3781 3071 3838 Christum
3091 3779 3218 3834 vita
3241 3795 3440 3834 amore
3463 3778 3554 3832 in—

184 3865 572 3940 ἀναπλάττεται,
605 3873 694 3926 xui
727 3872 843 3926 ἀντὶ
898 3870 1100 3928 δούλου
1141 3878 1378 3951 φθαρτοῦ
1420 3873 1509 3927 xui
1565 3884 1736 3947 oeup't

1998 3893 2099 3930 ens
2123 3875 2493 3942 reformatur,
2526 3877 2583 3926 et
2605 3888 2707 3943 pro
2743 3886 2905 3926 servo
2938 3873 3232 3938 corrupto,
3263 3872 3319 3922 et
3351 3883 3550 3922 corru-

184 3959 353 4031 σαρκὸς
379 3961 515 4029 υἱοῦ,
547 3968 653 4030 τῆς
703 3960 954 4016 ἆκτίστου
1012 3962 1102 4017 καὶ
1158 3963 1454 4037 ἀφθάρτου,
1487 3961 1734 4016 πανταιτί

2000 3982 2022 4018 e
2054 3963 2247 4018 carnis
2282 3963 2421 4029 ﬁlio,
2453 3960 2721 4015 increataa
2760 3961 2818 4014 et
2847 3957 3197 4026 incorruptae
3227 3953 3552 4024 Trinitatis,

181 4064 229 4099 τε
252 4049 330 4101 καὶ
375 4049 792 4125 παντεργέτιδος
839 4052 1137 4124 ὁμοουσίου
1196 4049 1520 4119 δεσποτικῆς
1565 4047 1733 4125 Τριάδ

2014 4054 2298 4121 sdemque
2320 4048 2864 4118 substantie,cujus
2888 4045 3150 4118 potentia
3172 4051 3384 4100 cuncta
3401 4044 3557 4100 edita

182 4134 278 4195 υἱὸς
315 4136 529 4209 γίνεται,
565 4139 658 4193 καὶ
710 4139 1111 4216 ἀφθαρτίζεται,
1145 4141 1232 4194 καὶ
1279 4141 1341 4195 τὸ
1384 4145 1490 4194 τῶν
1545 4137 1734 4217 ὀφλημ

2005 4147 2072 4208 1t,
2107 4145 2164 4196 et
2193 4139 2576 4206 creata,ﬁlius
2606 4137 2883 4206 efﬁcitur,
2907 4140 3083 4206 atque
3116 4134 3184 4188 ad
3212 4131 3557 4189 immortali-

182 4240 271 4276 των
295 4228 530 4301 χάρισμα
561 4229 867 4301 κομίζεται,
896 4229 983 4283 xui
1015 4229 1082 4283 τὰ
1117 4235 1216 4298 τῆς
1266 4227 1571 4304 ἐλευθερίας
1626 4229 1734 4292 υἱοε

2005 4247 2120 4296 em,
2178 4232 2452 4301 percepta
2505 4227 2836 4282 debitorum
2895 4240 3137 4280 suorum
3190 4223 3554 4288 remissione,

181 4310 278 4373 σίας
326 4335 380 4370 τε
431 4317 521 4373 καὶ
580 4314 894 4379 δεσποτείας
949 4317 1313 4395 φωτεινότατα
1372 4312 1624 4389 σύμϐολα
1676 4338 1733 4390 με

2005 4319 2298 4384 ascendit,
2328 4316 2636 4384 libertatis,
2669 4314 3023 4388 adoptionis,
3057 4311 3374 4383 herilisque
3404 4317 3557 4382 pote-

184 4403 546 4479 αμφιέννυται,
606 4405 695 4461 καὶ
777 4409 874 4459 τοῦ
957 4405 1169 4461 τελείου
1251 4405 1588 4477 καταξιοῦται
1623 4451 1637 4477 ,
1709 4427 1736 4460 κ

2011 4407 2081 4464 tis
2109 4406 2392 4481 symbolis
2440 4403 2789 4461 clarissimis
2829 4401 3208 4469 convestitur,
3239 4405 3298 4455 et
3342 4399 3555 4470 dignus

180 4495 281 4552 τοῖς
311 4497 400 4546 τοῦ
429 4494 612 4572 φωτὸς
643 4491 838 4556 ὅπλοις
871 4495 1246 4570 θωρακίζεται,
1277 4494 1369 4550 καὶ
1397 4495 1463 4550 τὰ
1492 4494 1732 4550 τελεώτα

1999 4497 2187 4553 linter
2215 4496 2505 4568 perfectos
2536 4490 3062 4559 censeatur,armis
3094 4489 3242 4544 lucis
3273 4489 3551 4552 munilur,

181 4583 266 4645 τῆς
293 4580 540 4638 ἀνωτάτω
576 4583 764 4660 σοφίας
800 4590 1228 4660 μυσταγωγεῖται
1281 4585 1571 4659 μυστήρια.
1603 4584 1733 4638 Ἀπε

2002 4583 2442 4658 perfectissimis
2473 4581 2813 4638 celsissimw
2861 4577 3164 4650 sapientiae
3196 4575 3426 4632 arcanis
3449 4575 3554 4630 ini-

180 4669 337 4730 τεῦθεν
370 4667 474 4741 ἤδη
505 4671 753 4748 πρόεισιν
812 4671 900 4726 ἐπὶ
925 4673 1026 4740 τήν
1055 4676 1151 4727 τοῦ
1178 4670 1508 4746 ἀμπελῶνος
1535 4670 1732 4727 καλλιε

1999 4681 2109 4731 tur.
2144 4675 2292 4729 Hinc
2316 4673 2386 4728 ad
2420 4670 2875 4742 pulcherrimam
2905 4666 3084 4721 vineae
3107 4663 3395 4720 culturam
3415 4679 3551 4734 pro-

181 4754 302 4827 γίαν,
339 4759 550 4830 καὶτῆς
578 4764 686 4815 τῶν
737 4760 1103 4837 εὖαγγελικῶν
1146 4759 1493 4833 έντα).μάτων
1553 4760 1733 4836 ἐργασί

1997 4767 2082 4834 lit,
2107 4763 2480 4834 disciplinam
2521 4758 2910 4828 evangelicam
2964 4754 3132 4809 factis
3189 4751 3549 4823 exsequitur,

185 4843 399 4916 ἅπτεται,
427 4850 516 4904 καὶ
573 4851 672 4919 τήν
733 4849 1182 4927 ἀγγελομίμητον
1237 4852 1437 4924 μέτεισι
1497 4850 1737 4906 πολιτεία

1996 4853 2138 4908 ὀῃάἰ
2165 4851 2504 4906 institutum
2531 4865 2632 4919 par
2653 4845 2872 4916 angelis
2895 4842 3316 4914 aggreditur,et
3335 4839 3393 4894 in
3417 4840 3548 4896 Hie-

183 4932 256 4984 xui
305 4944 420 5011 παρ’
469 4939 715 5015 Ἱεροθέῳ
909 4918 1201 5013 θεολήνπτῳ
1237 4918 1415 5015 ⁷φοιτᾷ
1459 4941 1735 5016 καθηγεμό

1997 4942 2096 4997 .hci
2132 4940 2326 4996 divino
2352 4918 2593 4993 numine
2614 4933 2796 4990 afﬂati
2820 4930 3193 5004 praeceptoris
3214 4929 3413 4998 sui(de
3435 4945 3549 5000 quo

183 5021 256 5090 (οὗ
298 5025 378 5078 xui
423 5023 490 5081 δι’
514 5027 800 5104 ἐγκωμίων
842 5028 1002 5092 αὐτὸς
1036 5028 1087 5084 ἐν
1118 5035 1233 5091 τοῖς
1263 5029 1602 5105 θεολογεκοῖς
1635 5029 1730 5084 αὐτ

1995 5049 2035 5086 ιο
2066 5046 2300 5102 quoque
2329 5028 2388 5082 in
2441 5022 2784 5096 theologicis
2839 5021 3076 5089 scriptus
3133 5034 3368 5072 summa
3415 5033 3547 5072 cum

190 5109 429 5182 μέμνηται
478 5117 910 5192 συγγράμμασιο)
946 5121 1035 5172 καὶ
1079 5124 1195 5180 τοῖς
1243 5119 1378 5173 κατὰ
1426 5119 1554 5173 Θεὸν
1607 5113 1742 5173 διαϐτ

1997 5122 2082 5175 Ide
2118 5117 2474 5174 mentionem
2523 5113 2678 5181 facit)
2737 5107 3109 5180 disciplinam
3157 5123 3219 5162 se
3261 5107 3464 5178 tradit,
3493 5111 3549 5163 et

190 5218 298 5268 μασι
323 5205 710 5280 καταροίζεται.

1911 5211 2174 5282 ejusdem
2207 5205 2418 5262 divinis
2452 5198 2921 5258 institutionibus
2953 5195 3239 5252 eruditur.

246 5308 372 5382 Πρὸς
413 5308 468 5366 δὲ
510 5311 636 5376 τοὺς
681 5319 779 5382 τῆς
828 5311 1135 5388 ἐγκρατείας
1186 5315 1272 5368 καὶ
1334 5313 1610 5384 ἀσκήσεως
1657 5316 1796 5390 ἀγῶ-

1995 5319 2156 5372 Porro
2189 5315 2244 5368 in
2273 5309 2593 5368 exercenda
2642 5302 3004 5362 continentia
3027 5301 3350 5374 plurimum
3373 5303 3547 5360 desu-

186 5415 263 5456 νας
285 5404 466 5474 χωρεῖ,
497 5400 584 5455 καὶ
631 5405 801 5456 πᾶσαν
847 5407 1082 5458 ποιεῖται
1130 5399 1366 5476 κομιδὴν
1415 5409 1514 5472 τῆς
1543 5409 1638 5458 τοῦ
1690 5401 1738 5458 δι

1994 5411 2393 5471 t,omnemque
2423 5413 2622 5453 curam
2649 5395 2706 5449 in
2731 5411 2796 5449 eo
2829 5393 2956 5465 ipso
2978 5392 3129 5447 dono
3147 5395 3546 5450 conservando

189 5501 269 5553 ρου
294 5489 588 5563 τηρήσεως,
615 5488 706 5544 xui
735 5495 816 5563 τῷ
846 5487 1214 5566 δεδωρημένῳ
1269 5489 1460 5567 δοτῆρι
1507 5497 1616 5547 τῶν
1661 5490 1741 5548 ἐάι

2001 5491 2222 5563 pendit,
2255 5492 2310 5544 et
2341 5488 2565 5542 fructus
2591 5483 2854 5539 bonitate
2900 5482 3192 5552 praecipua
3220 5481 3430 5553 dignos
3463 5483 3547 5538 at-

191 5573 407 5648 καρποὺς
451 5575 711 5655 ἐπείγεται
758 5579 1074 5656 προσοίσειν
1118 5587 1218 5650 τῆς
1248 5580 1623 5656 ἁγαθαρχικῆς
1669 5582 1743 5637 ἐπι

1996 5597 2063 5637 τε
2088 5576 2346 5652 gratioso
2391 5575 2674 5630 donorum
2713 5568 2976 5644 largitori
3024 5573 3286 5624 conatur.
3337 5572 3548 5628 Contra

189 5659 314 5730 ξίους
339 5663 678 5743 ἆγαθότητος,
708 5668 798 5724 καὶ
829 5669 964 5746 πρὸς
983 5669 1075 5726 τὸν
1103 5667 1399 5726 ἀντίπαλον
1452 5676 1554 5741 τῆς
1601 5673 1741 5745 ἡμετ

1996 5687 2036 5726 ae
2069 5685 2132 5725 ac
2163 5665 2373 5723 salutis
2413 5668 2627 5720 nostrae
2657 5657 3057 5718 adversarium
3089 5656 3366 5714 decertat.
3401 5658 3548 5742 Edo-y
