3930 6202
369 332 468 389 631

373 460 505 512 ctus
529 458 620 511 est
647 455 803 511 enim
838 457 1135 528 quomodo
1194 473 1296 529 per
1351 457 1790 513 immersionem
1814 455 1874 512 in
1893 457 2021 512 Jor-
2046 470 2102 537 Α

373 545 528 600 dane
561 545 806 601 ﬂumine
836 545 1055 617 peccati
1087 547 1241 617 quod
1267 546 1338 602 ab
1355 547 1577 603 Adamo
1596 546 2016 615 contraximus,

373 638 430 689 et
456 639 681 689 naturae
713 634 976 690 mortalis
1010 636 1540 707 purgatione,qund
1572 635 1860 700 muneris,
1894 634 2019 705 ipse

374 723 472 795 qui
505 723 750 779 lavacris
784 741 900 779 non
931 724 1253 795 indigebat,
1286 725 1564 780 innocens
1608 731 1664 779 et
1709 729 2016 796 purgatus,

373 812 544 868 nobis
589 812 912 884 impertivit
949 830 1146 868 rerum
1180 813 1438 868 omnium
1497 820 1722 878 auctor,
1757 811 2020 884 provisor

375 901 716 973 unigenitus
730 902 832 957 Dei
852 901 1056 970 Filius,
1077 903 1334 957 Verbum
1360 901 1484 967 Dei,
1507 903 1661 972 quod
1695 917 1826 955 cum
1852 904 2020 954 Patre

371 991 662 1062 principio
684 991 1316 1061 caret,sempiternum,
1342 991 1722 1061 ejusdemque
1744 990 2020 1044 substan-

373 1079 776 1151 tia3,splendor
794 1077 1075 1150 gloriae,et
1097 1079 1282 1134 forma
1303 1096 1430 1151 qua
1445 1079 1590 1134 nihil
1623 1097 1656 1133 a
1684 1076 1862 1133 Patris
1885 1077 2021 1130 sub-

378 1168 599 1224 stantia
627 1167 840 1222 diﬂ‘ert.
873 1169 980 1232 Qui
1013 1183 1147 1222 cum
1182 1168 1481 1223 hominem
1525 1171 1694 1238 juxta
1727 1166 2020 1239 propriam

376 1257 697 1328 imaginem
728 1256 1245 1312 etsimililudinem
1267 1257 1818 1327 condidisset,isque
1841 1253 2023 1309 invidi

379 1345 566 1401 hostis
597 1345 851 1412 insidiis,
885 1346 988 1416 qui
1013 1352 1312 1418 peccatum
1349 1347 1406 1401 in
1439 1347 1638 1402 orbem
1678 1345 1903 1418 primus
1934 1343 2026 1397 in-

378 1435 553 1504 vexit,
587 1451 652 1489 ac
674 1433 937 1490 mulieris
979 1435 1214 1490 hortatu
1246 1434 1479 1490 Domini
1510 1440 1862 1506 preceptum
1887 1449 2028 1488 con-

383 1523 744 1594 tempsisset,
769 1524 920 1579 868
952 1530 1009 1579 et
1040 1529 1278 1596 peccato
1313 1523 1578 1596 pollutus
1618 1527 1686 1578 ad
1719 1523 2024 1577 interitum

383 1613 694 1685 prolapsus
727 1619 902 1679 esset,
935 1629 1051 1668 non
1084 1613 1251 1667 illum
1282 1613 1570 1684 despexit,
1603 1613 1703 1668 sed
1738 1627 2028 1683 propensa

380 1702 570 1757 Patris
600 1701 924 1769 affectione,
969 1701 1265 1772 simulque
1315 1702 1376 1756 in
1416 1701 1524 1758 hoc
1571 1700 1790 1772 Spiritu
1825 1703 2025 1753 sancto

377 1789 997 1858 adnitente,incfi‘abili
1033 1790 1423 1846 humanitatis
1457 1790 1722 1845 ubertate
1753 1805 1820 1844 ex
1843 1795 2026 1859 pater-

377 1880 472 1934 nis
503 1879 734 1935 sinibus
764 1880 1067 1934 descendit
1090 1895 1102 1932 :
1126 1881 1280 1934 unde
1302 1880 1565 1934 tameois
1593 1896 1706 1933 non
1731 1878 2023 1942 discessit,

383 1967 484 2040 qui
507 1969 706 2022 omnia
727 1967 952 2038 implet,
992 1985 1024 2022 a
1050 1967 1213 2022 nulla
1243 1985 1304 2023 re
1361 1967 1868 2038 circumscriptus,
1891 1982 2025 2019 cum

377 2057 698 2113 descensus
722 2056 958 2112 divinus
993 2073 1107 2112 non
1137 2073 1206 2112 ex
1237 2056 1348 2113 loci
1381 2057 1704 2112 mutatione
1736 2055 2026 2126 intelliga-

377 2146 885 2219 tur.ApagelQua
931 2146 1087 2202 enim
1121 2147 1348 2202 ratione
1394 2147 1749 2202 descendere
1798 2146 1849 2200 is
1893 2161 2028 2216 pos-

384 2239 495 2300 set,
529 2236 628 2306 qui
661 2240 720 2290 et
750 2251 992 2306 corpore
1013 2239 1267 2304 caret,et
1298 2235 1460 2290 nullo
1508 2234 1740 2290 definiri
1789 2238 1890 2288 aut
1945 2231 2032 2286 in-

387 2323 574 2396 telligi
608 2327 774 2396 pacto
807 2324 1048 2396 potest?
1076 2325 1184 2380 Sed
1217 2340 1283 2380 ea
1305 2325 1548 2389 ratione,
1579 2341 1706 2395 quae
1730 2321 2034 2378 conveniat

390 2413 528 2470 Deo.
561 2413 907 2468 Exinanitur
927 2413 1083 2469 enim
1114 2415 1186 2468 ad
1218 2413 1389 2469 breve
1420 2417 1654 2485 tempus
1675 2411 1873 2467 divina
1906 2410 2033 2482 glo-

391 2505 476 2559 ria
505 2519 575 2558 ex
601 2502 1135 2575 dispensatione,ut
1157 2521 1246 2558 me
1276 2521 1383 2560 sua
1414 2503 1686 2576 impleret
1702 2501 2032 2571 divinitate,

382 2611 449 2649 ac
480 2594 634 2648 dono
696 2591 858 2648 illius
907 2593 1061 2648 Deus
1095 2593 1379 2648 efficerer.
1431 2593 1714 2648 Caeterum
1749 2590 2029 2646 Davidica

379 2681 589 2753 puellm
618 2681 862 2753 virginis
890 2686 1157 2736 ventrem
1191 2699 1318 2753 quas
1351 2683 1692 2753 nuptiarum
1726 2697 1930 2751 expers
1962 2695 2028 2734 ac

376 2770 616 2825 omnino
649 2769 932 2825 innocens
963 2770 1127 2841 virgo
1160 2785 1393 2841 semper
1439 2770 1784 2840 permansit,
1822 2768 1905 2822 uti
1936 2784 2027 2823 se-

373 2859 610 2926 mentis,
635 2859 837 2924 subiit,
869 2863 1044 2929 atque
1076 2859 1172 2912 ubi
1202 2875 1426 2912 carnem
1456 2873 1525 2912 ex
1554 2857 1712 2912 illius
1737 2856 2025 2927 sanguine

365 2948 739 3018 produxit,ac
768 2963 895 3001 eam
929 2947 1129 3002 anima
1145 2947 1388 3001 rationis
1421 2945 1874 3016 intellectusque
1898 2961 2023 3015 par-

369 3034 546 3105 ticipe
579 3034 858 3090 animavit
883 3034 1117 3105 sibique
1149 3034 1464 3105 copulavit,
1487 3039 1545 3090 et
1574 3035 1645 3090 ab
1679 3035 1810 3105 ipsa
1831 3034 2021 3088 editus

359 3123 519 3180 Deus
551 3139 725 3178 carne
754 3128 1096 3194 compactos
1111 3123 1632 3195 apparuit,duplex
1649 3124 1750 3194 qui
1765 3122 2018 3194 simplex

362 3217 506 3280 erat,
531 3213 588 3266 in
623 3211 855 3266 duabus
880 3211 1152 3282 perfectis
1186 3212 1556 3268 naturalibus
1588 3211 2006 3279 voluntatibus,
2034 3199 2078 3264 C

364 3316 430 3357 ac
454 3300 923 3372 operationibus,
958 3300 1014 3355 in
1048 3301 1347 3369 omnibus,
1382 3307 1542 3356 extra
1577 3307 1903 3372 peccatum,
1937 3303 2010 3355 si-

368 3389 585 3446 militer
615 3407 681 3446 ac
710 3407 816 3446 nos
847 3389 1134 3456 mortalis,
1171 3391 1368 3462 procul
1396 3391 1556 3446 omni
1589 3391 1916 3446 mutatione
1947 3408 2012 3446 ac

370 3480 712 3536 confusione
743 3479 1095 3552 appellatus,
1127 3488 1181 3534 et
1212 3486 1345 3552 post
1391 3486 1727 3552 susceptam
1777 3497 2010 3536 carnem

373 3573 597 3625 unuset
625 3569 749 3641 ipse
785 3569 964 3624 Filius
993 3573 1051 3624 et
1082 3586 1200 3624 una
1230 3569 1560 3625 substantia
1588 3586 1717 3625 esse
1740 3570 2006 3641 perrexit.

372 3659 492 3715 Sub
524 3664 784 3730 tempore
816 3659 1002 3712 factus
1033 3663 1140 3723 est,
1167 3659 1270 3728 qui
1300 3675 1535 3713 omnem
1578 3659 1860 3730 temporis
1883 3675 2010 3713 mo-

367 3752 495 3802 tum
527 3747 913 3813 transcendit,
933 3752 990 3801 et
1020 3751 1233 3801 natura
1263 3747 1608 3802 saeculorum
1633 3747 1896 3803 omnium
1921 3751 2012 3802 est

369 3835 902 3907 effector.Corporis
933 3836 1065 3891 item
1087 3835 1515 3892 incrementum
1542 3835 1819 3906 suscepit,
1851 3840 1909 3890 et
1937 3837 2008 3891 ad

365 3924 590 3979 virilem
621 3929 873 3993 aetatem,
893 3925 994 3995 qui
1027 3925 1494 3996 perfectissimus
1521 3925 1800 3997 omnique
1832 3941 2006 3996 supe-

368 4011 486 4065 rior
518 4012 869 4082 perfectione
891 4017 1014 4067 erat
1036 4013 1317 4083 pervenit.
1353 4013 1420 4066 Et
1449 4012 1626 4067 simul
1654 4029 1717 4067 ac
1747 4030 1815 4067 ex
1845 4012 2005 4067 lava-

366 4114 464 4153 cro
496 4099 824 4170 baptizatus
855 4101 1114 4167 emersit,
1147 4105 1352 4156 contra
1385 4100 1739 4156 homicidam
1772 4107 2005 4173 aposta-

365 4190 486 4241 tam
520 4186 740 4240 variam
773 4187 881 4241 init
909 4187 1158 4253 viam,ac
1188 4189 1504 4260 tricipitem
1534 4189 1662 4258 ejus
1692 4190 2006 4261 impugna-

369 4275 595 4330 tionum
631 4274 963 4330 machinam
987 4276 1686 4343 evertit,insolescentem,
1705 4282 1759 4331 et
1780 4279 2008 4348 magni-

369 4364 474 4420 fice
495 4379 557 4421 se
580 4365 902 4434 jactantem
940 4367 1254 4435 tyrannum
1287 4365 1623 4436 prosternit.
1657 4365 1895 4420 Varium
1942 4384 2007 4422 ac

369 4453 676 4526 multiplex
705 4452 1095 4509 certaminum
1148 4452 1306 4508 illius
1347 4469 1532 4523 genus
1586 4454 1818 4508 irritum
1847 4456 2007 4524 facit,

366 4541 564 4614 ipsum
596 4546 767 4615 captu
791 4542 1110 4598 admodum
1145 4541 1370 4598 facilem
1387 4543 1885 4607 reddit,rationem
1911 4561 2009 4599 no-

2057 1837 2104 1900 B

1613 337 1670 389 S.
1712 333 2026 389 DIONYSII
2067 330 2548 387 AREOPAGITB

3624 333 3708 388 632

2131 471 2226 526 ρας
2263 457 2408 520 ζωῆς
2459 451 2549 506 καὶ
2593 449 2866 526 σωτηρίας
2921 450 3333 525 ἀνταγωνίζεται
3363 468 3378 482 ⁶
3413 458 3709 530 μεμυστιγώ.

2125 562 2285 614 γηται
2319 541 2422 615 γὰρ
2454 541 2529 604 ὡς
2579 541 2713 612 μετά
2739 542 2839 609 τὴν
2894 537 2945 593 ἐν
3001 545 3118 602 τοῖς
3173 537 3496 616 Ἰορδανείοις
3524 541 3709 618 ῥείθροις

2124 637 2223 698 τῆς
2255 627 2576 702 Ἀδαμιαίας
2609 629 2874 702 ἁμαρτίας
2921 627 3233 697 κατάδυσιν,
3264 631 3346 683 καὶ
3382 637 3473 699 τῆς
3514 631 3712 705 βροτείας

2128 718 2335 796 φύσεως
2393 719 2671 792 κάθαρσιν,
2712 720 2772 787 ἣν
2822 721 2956 791 ἡμῖν
3017 718 3418 793 ἐπρυτάνευσεν,
3467 720 3608 782 αὐτὸς
3645 743 3718 776 κα-

2129 807 2362 883 θαρθείς,
2395 809 2422 862 6
2453 807 2759 882 καθαρσίων
2821 809 2897 881 μή
2932 806 3217 880 δεόμενος,
3249 809 3277 862 ὁ
3298 813 3400 862 τῶν
3457 804 3607 864 ὄντων
3652 811 3712 864 αἴ-

2126 917 2240 958 τιος
2297 898 2384 951 καὶ
2435 896 2771 970 προμηθεὺς,
2824 901 2922 951 τοῦ
2979 901 3112 952 Θεοῦ
3171 899 3460 972 μονογενὴς
3512 899 3616 958 Υἱὸς
3649 900 3717 953 καὶ

2129 985 2306 1060 Λόγος
2335 991 2428 1041 τοῦ
2451 991 2605 1055 Θεοῦ,
2631 988 2658 1041 ὁ
2687 991 2766 1058 τῷ
2796 987 3146 1061 γεγεννηκότι
3183 988 3507 1061 συνάναρχος
3527 987 3604 1042 καὶ
3631 1009 3720 1042 συν-

2130 1072 2328 1142 αίδιος,
2359 1075 2448 1129 καὶ
2481 1076 2799 1147 ὁμοούσιος,
2833 1076 2923 1129 καὶ
2958 1076 3242 1150 χαρακτὴρ
3294 1075 3537 1152 ὑπάρχων
3584 1078 3721 1151 ἀπαρ-

2130 1161 2403 1225 άλλακτος
2450 1169 2552 1232 τῆς
2600 1170 2870 1238 πατρικῆς
2921 1164 3290 1230 ὑποστάσεως,
3321 1163 3408 1220 καὶ
3457 1167 3548 1228 τῆς
3598 1162 3722 1236 δόξης

2137 1253 2461 1327 ἀπαύγασμα
2495 1270 2507 1284 ⁸
2543 1252 2570 1306 6
2601 1253 2717 1306 κατ’
2741 1251 2939 1306 οἰκείαν
2975 1252 3069 1324 μὶν
3098 1251 3402 1318 εῗκόνα,καὶ
3431 1254 3538 1315 καθ’
3565 1253 3725 1325 ὁμοίω-

2137 1361 2216 1395 σιν
2249 1342 2460 1402 πλάσας
2503 1342 2596 1395 τὸν
2631 1342 2916 1416 ἄνθρωπον
2948 1360 2961 1374 ·
2992 1345 3185 1396 τοῦτον
3244 1339 3302 1396 δί
3347 1346 3426 1414 τῷ
3451 1346 3539 1396 τοῦ
3567 1339 3723 1415 δυσμε·

2134 1434 2254 1491 νοῦς
2285 1430 2592 1504 ἀρχεκάκου
2623 1428 2916 1504 δράκοντος
2946 1428 3292 1504 δελεάτματι,
3319 1433 3406 1486 καὶ
3453 1435 3514 1503 τῇ
3543 1438 3629 1499 τῆς
3649 1453 3725 1505 γυ·

2134 1519 2319 1580 ναικὸς
2351 1519 2594 1591 ἐπηρείᾳ,
2627 1520 2726 1588 τὴν
2769 1517 3096 1589 δεσποτικὴν
3158 1519 3379 1588 ἐντολήν
3428 1519 3724 1590 ἀθετήσαντα,

2134 1608 2220 1661 καὶ
2276 1610 2343 1680 τῇ
2407 1609 2641 1682 ἁμαρτίᾳ
2701 1607 3160 1683 καταχρανθὲντα,
3220 1608 3310 1662 καὶ
3383 1609 3511 1682 πρὸς
3567 1608 3726 1683 φθορὰν

2133 1696 2603 1766 κατολισθτςσαντα
2637 1698 2712 1769 μὴ
2741 1695 3010 1771 παριδὼν,
3028 1697 3156 1752 ἀλλ’
3188 1695 3405 1768 εὐδοκία
3429 1701 3518 1750 τοῦ
3539 1696 3726 1770 Ματρὸς,

2133 1786 2222 1839 καὶ
2257 1784 2507 1861 συνεργίᾳ
2527 1790 2623 1840 τοῦ
2654 1787 2811 1860 ἁγίου
2865 1787 3179 1859 Πνεύματος
3228 1784 3319 1840 διὰ
3375 1784 3729 1863 φιλανθρωπίας

2137 1875 2337 1950 ἄφατον
2393 1875 2656 1950 πέλαγος,
2714 1873 2774 1929 ἐκ
2841 1879 2950 1928 τῶν
3025 1876 3296 1950 πατρῴων
3373 1868 3730 1942 καταϐεϐηκὼς,

2137 1963 2255 2018 ὅθεν
2303 1964 2406 2018 οὐκ
2434 1963 2661 2033 ἀπέστη,
2693 1961 2915 2018 κόλπων
2952 1984 2964 1996 ·
2999 1965 3028 2018 6
3057 1965 3232 2018 πάντα
3262 1961 3507 2036 πληρῶν,
3534 1963 3609 2016 καὶ
3648 1982 3732 2032 μηο

2141 2050 2247 2108 δενὶ
2283 2053 2776 2130 περιγραφόμενος,
2807 2052 2868 2106 οὑ
2899 2047 3273 2124 μεταϐατικῶς
3319 2058 3415 2120 τῆς
3463 2051 3592 2114 θείας
3629 2059 3730 2110 καθ·

2142 2139 2270 2197 ὅδου
2317 2143 2644 2215 νοουμένης,
2696 2141 2899 2217 ἄπαγεί
2945 2144 3083 2214 (πῶς
3135 2143 3236 2217 γὰρ
3290 2139 3349 2195 ἂν
3401 2133 3637 2213 μεταϐαίη
3682 2137 3729 2191 τὸ

2144 2230 2460 2304 ἀσώματον,
2490 2230 2578 2285 καὶ
2619 2231 3022 2304 ἀπεριόριστον,
3053 2230 3142 2285 καὶ
3189 2231 3536 2306 ἀπερινόητον
3561 2230 3594 2300 ς)
3620 2224 3735 2280 ἀλλὰ

2142 2321 2456 2394 θεοπρεπῶς
2485 2339 2498 2352 ·
2556 2324 2799 2373 κενοῦται
2872 2319 2974 2396 γὰρ
3028 2319 3165 2395 πρὸς
3217 2319 3399 2394 βραχὺ
3452 2325 3542 2387 τῆς
3589 2318 3737 2383 θεϊκῆς

2145 2406 2306 2479 δόξης
2335 2409 2720 2480 οἰκονομικῶς,
2744 2405 2832 2462 τίνα
2881 2429 2948 2480 με
2977 2406 3252 2485 πληρώσῃ
3287 2413 3386 2474 τῆς
3417 2409 3566 2463 αὐτοῦ
3591 2407 3736 2471 θεότη·

2141 2519 2254 2564 τος,
2285 2497 2376 2552 καί
2408 2498 2528 2559 θεὸς
2559 2499 2745 2572 χάριτι
2777 2495 3020 2572 γένωμαι
3055 2518 3067 2530 ·
3100 2499 3200 2567 τὴν
3227 2497 3548 2572 παρθενικὴν
3589 2492 3639 2549 δὶ
3660 2514 3736 2562 νη-

2143 2585 2234 2641 δὺν
2265 2594 2365 2656 τῆς
2411 2587 2790 2662 ἀπειρογάμου
2832 2589 3110 2661 πανάγνου
3155 2588 3246 2642 καὶ
3301 2586 3626 2662 ἀειπαρθένου
3657 2592 3732 2636 Δα-

2140 2671 2347 2739 ϐίτιδος
2389 2677 2580 2749 κόρης,
2612 2676 2777 2730 οἱονεὶ
2838 2675 3060 2751 σπόρος,
3101 2673 3310 2744 εἲσδὺς,
3344 2676 3431 2730 καὶ
3483 2674 3644 2734 κτίσας
3689 2669 3734 2724 ἐκ

2134 2769 2242 2819 τῶν
2266 2764 2430 2833 αὐτῆς
2457 2763 2702 2836 αἱμάτων
2731 2765 2922 2839 σάρκα,
2941 2765 3032 2819 καὶ
3061 2763 3330 2840 ψυχώσας
3379 2767 3527 2838 ψυχῇ
3568 2761 3728 2834 λογικῇ

2132 2873 2192 2907 τε
2220 2853 2308 2908 καὶ
2338 2858 2516 2929 νοερᾷ,
2551 2853 2641 2907 καὶ
2691 2853 2894 2916 ἑνώσας
2942 2854 3136 2926 ἑαυτῷ,
3168 2855 3256 2908 καὶ
3309 2853 3516 2929 τεχθεὶς
3566 2850 3608 2923 ἐξ
3655 2847 3726 2902 αὖ·

2131 2949 2230 3011 τῆς
2277 2943 2405 3004 Θεὸς
2455 2941 2888 3017 σεσαρκωμὲνος,
2939 2940 3168 3004 διπλοῦς
3219 2944 3246 2997 6
3301 2941 3524 3008 ἁπλοῦς,
3551 2939 3596 2994 ἰν
3637 2935 3726 2992 δυσὶ

2128 3029 2365 3094 τελείαις
2409 3032 2657 3110 φυσικαὶς
2704 3029 2958 3103 θελήσεσι
3001 3032 3091 3087 καὶ
3149 3032 3458 3107 ἆνεργείαις,
3506 3029 3585 3085 καὶ
3623 3024 3730 3081 κατὰ

2126 3122 2299 3175 πάντα
2345 3121 2777 3195 κεχρηματικὼς
2822 3122 2942 3184 καθ’
2989 3123 3156 3193 ἡμᾶς,
3189 3122 3343 3190 πλῆν
3369 3128 3466 3190 τῆς
3491 3116 3728 3191 ἁμαρτίαςν

2128 3211 2343 3283 βροτὸς,
2379 3211 2557 3280 πάσης
2588 3207 2713 3287 ἄτερ
2759 3217 2970 3286 τροπῆς
3020 3211 3108 3265 καὶ
3167 3211 3484 3288 συγχύσεως
3535 3226 3728 3281 μεμενη-

2121 3301 2250 3367 κὼς,
2283 3301 2371 3354 καὶ
2407 3300 2541 3372 μετά
2577 3302 2677 3370 τήν
2738 3302 3008 3376 σάρκωσιν
3067 3303 3143 3363 εἷς
3191 3301 3283 3356 καὶ
3337 3303 3366 3356 6
3427 3299 3574 3360 αὐτὸς
3623 3296 3730 3363 υἱὸς,

2121 3389 2209 3444 καί
2243 3391 2340 3462 μία
2370 3387 2660 3451 ὑπόστασις
2696 3406 2711 3424 ⁶
2746 3389 2849 3444 ὑπὸ
2879 3389 3075 3464 χρόνον
3107 3410 3166 3444 τε
3212 3390 3476 3465 γεγονὼς,
3507 3389 3534 3442 6
3583 3386 3727 3451 πάσης

2122 3478 2434 3552 ὑπερέκεινα
2491 3484 2758 3552 χρονικῆς
2817 3480 3104 3547 κινήσεως,
3137 3476 3226 3532 καὶ
3279 3481 3493 3533 πάντων
3533 3473 3729 3543 ποιητὴς

2117 3571 2224 3619 τῶν
2272 3565 2482 3619 αἰώνων
2531 3565 2786 3642 πεφυκώς
2815 3585 2827 3598 ο
2875 3565 2964 3620 καὶ
3031 3563 3499 3643 καταδεδεγμὲνος
3547 3561 3728 3632 αὔξησιν

2121 3655 2460 3726 σωματικήν,
2519 3653 2609 3708 καὶ
2671 3653 2749 3717 εἷς
2803 3653 3025 3724 ἡλικίαν
3077 3654 3372 3726 ἐληλυθὼς
3430 3649 3726 3730 ἀνδρικὴν,δ

2117 3741 2457 3813 παντέλειος,
2514 3741 2603 3796 καὶ
2661 3741 2960 3818 ὑπερτελής
2992 3763 3004 3776 ·
3059 3743 3150 3799 καὶ
3228 3743 3556 3818 βαπτισθεὶς,
3600 3736 3723 3797 εὐθὺς

2119 3832 2224 3886 ἀπὸ
2251 3834 2349 3885 τοῦ
2382 3831 2754 3905 βαπτίσματος
2788 3829 3037 3901 ὲξαναδὺς
3067 3831 3155 3886 ἐπὶ
3194 3834 3297 3902 τὴν
3358 3833 3493 3909 πρὸς
3532 3830 3614 3885 τὸν
3653 3827 3726 3880 ἆν-

2121 3919 2498 3993 θρωποκτόνὸν
2529 3919 2834 3990 ἀποστάτην
2863 3919 2998 3976 ἵεται
3034 3920 3272 3992 πλάνην,
3307 3924 3400 3977 καὶ
3449 3923 3542 3988 τὴν
3571 3914 3726 3992 τρικά-

2122 4029 2280 4084 ρανον
2329 4013 2439 4062 τῶν
2487 4005 2674 4062 δεινῶν
2718 4007 2881 4063 αὐτοῦ
2925 4007 3326 4082 παλαισμάτων
3358 4007 3602 4066 καταλύει
3652 4024 3731 4078 μη·

2117 4099 2292 4172 χανήν
2327 4118 2338 4130 ·
2373 4098 2460 4151 καὶ
2493 4098 2586 4152 τὸν
2615 4096 2852 4166 ἀλαζόνα
2892 4099 2980 4153 καὶ
3019 4097 3369 4175 μεγάλαυχον
3414 4091 3730 4155 καταπαλαίει

2115 4186 2397 4260 τύραννον,
2426 4185 2515 4240 καί
2561 4186 2653 4240 τὸν
2680 4185 3082 4242 πολυποίκιλον
3132 4193 3240 4244 τῶν
3293 4191 3460 4244 αὑτοῦ
3505 4185 3728 4256 πολέμων

2118 4276 2282 4348 ἑσμὸν
2337 4281 2612 4351 καταργεῖ,
2644 4276 2734 4330 καὶ
2787 4276 3118 4352 εὐχείρωτον
3173 4278 3336 4333 αὑτὸν
3363 4279 3590 4349 τίθησιν,
3621 4275 3728 4327 ὑπο·

2114 4365 2369 4440 γραμμὸν
2429 4367 2566 4437 ἡμῖν
2621 4362 2940 4430 ὑποδεικνὺς
2989 4369 3091 4436 τῆς
3120 4368 3255 4441 πρὸς
3281 4368 3441 4423 αὑτὸν
3502 4366 3728 4438 καρτερᾶς

2122 4456 2324 4528 μάχης,
2386 4453 2475 4508 καὶ
2545 4455 2643 4523 τῆς
2689 4457 2805 4510 κατ’
2863 4455 3028 4512 αὑτοῦ
3085 4454 3270 4520 διδοὺς
3347 4457 3607 4533 ἀριστείας
3655 4451 3733 4508 τάξ

2119 4542 2393 4615 ἀφορμάςο

365 4631 457 4686 bis
487 4631 820 4698 ostendens,
855 4647 972 4703 qua
999 4628 1084 4685 illi
1127 4631 1243 4686 acri
1293 4646 1492 4703 pugna
1521 4631 1946 4699 resisteremus,
1981 4635 2040 4687 et
2075 4631 2440 4687 fortitudinis
2489 4631 2844 4703 occasiones,
2868 4634 3086 4705 quibus
3116 4640 3321 4691 contra
3357 4634 3522 4690 illum
3568 4637 3727 4687 utere-

367 4736 521 4789 mur,
551 4720 830 4791 impertit.

439 4845 523 4900 Ad
553 4843 882 4917 exemplum
912 4861 1048 4917 ergo
1081 4844 1207 4900 vita:
1231 4844 1448 4916 Optime
1479 4846 1808 4902 constitutis
1832 4863 2002 4916 gene-
2035 4861 2081 4924 D

362 4949 532 4991 rosus
562 4931 657 4987 hic
688 4932 908 4988 athleta
935 4932 1249 5006 Dionysius
1280 4936 1650 5009 suamipsius
1673 4937 2006 5009 composuit

361 5027 536 5095 atque
586 5022 892 5091 formavit;
949 5039 1019 5080 ex
1071 5026 1227 5080 fonte
1285 5027 1528 5082 luminis
1577 5026 1702 5082 vitae
1747 5027 2002 5083 auctoris

361 5117 619 5179 exortus,
651 5115 706 5166 et
735 5111 945 5183 gratia,
978 5129 1105 5184 qua:
1152 5114 1286 5169 inde
1320 5116 1556 5186 petitur,
1609 5122 1893 5180 armatus,
1949 5123 2006 5171 et

362 5202 638 5257 unctione
669 5199 866 5256 divina
897 5203 1366 5274 perunctus(non
1397 5203 1566 5258 aliter
1592 5221 1657 5258 ac
1691 5203 2006 5260 luctatores

362 5296 565 5346 contra
588 5287 861 5344 hostilem
894 5291 1075 5344 aciem
1123 5289 1182 5344 in
1218 5290 1502 5362 palaestris
1544 5292 1880 5363 insurgunt)
1903 5294 2006 5347 ad-

361 5395 566 5435 versus
595 5377 1064 5433 infensissimum
1089 5379 1626 5452 latronem,via3que
1656 5398 1772 5453 qua
1791 5381 1911 5436 itur
1931 5382 2004 5436 ad

367 5467 544 5523 caelos
566 5468 933 5523 obsessorem
956 5472 1010 5522 et
1028 5467 1380 5524 insidiosum
1415 5469 1776 5540 bellatorem,
1810 5471 2002 5526 confe-

371 5556 507 5611 stim
547 5556 698 5610 869
726 5555 1061 5627 opponitur,
1093 5573 1159 5612 ac
1209 5574 1443 5614 omnem
1474 5560 1601 5616 vitas
1659 5559 2006 5616 sollicitudi-

372 5657 507 5700 nem
539 5643 758 5712 abjicit,
789 5647 848 5698 et
875 5648 1034 5700 totus
1065 5643 1271 5700 divinas
1327 5647 1388 5701 in
1443 5647 1628 5704 Deum
1661 5647 2004 5705 intentionis

2185 4843 2324 4918 Ηρὸς
2353 4841 2443 4896 οὗν
2475 4843 2536 4897 τὸ
2558 4850 2655 4912 τῆς
2687 4843 3076 4919 σωτηριώδους
3123 4846 3404 4913 πολιτείας
3460 4845 3726 4917 ὑπόδεέγμι

2113 4933 2202 4988 τὸν
2237 4933 2430 4988 ἑαυτοῦ
2458 4931 2735 5010 ῥυθμίζων
2766 4933 2854 4989 καὶ
2916 4935 3224 5000 ἀπευθύνων
3272 4938 3386 5013 βίον
3439 4939 3467 4992 6
3509 4930 3726 5012 γεννάδας

2117 5023 2292 5094 οὗτος,
2345 5029 2445 5093 τῆς
2498 5027 2594 5077 τοῦ
2655 5029 2965 5100 ζωαρχικοῢ
3023 5025 3369 5102 φωτίσματος
3429 5021 3728 5097 ἐξανατείλεις

2115 5119 2317 5186 πηγῆς,
2351 5111 2441 5166 καὶ
2498 5113 2596 5180 τὴν
2643 5110 2840 5166 ἐκεῖθεν
2901 5113 3270 5188 ὁπλισάμενος
3317 5120 3502 5194 χάριν,
3548 5114 3628 5170 καί
3666 5113 3729 5180 τῷ

2114 5201 2244 5273 θείῳ
2275 5199 2517 5276 χρισθεῖς
2550 5200 2850 5274 ἀλείμματι
2880 5202 3141 5279 (καθάπερ
3186 5207 3238 5260 οἱ
3287 5207 3336 5261 ἐν
3386 5213 3506 5268 ταῖς
3561 5199 3729 5260 παλαί-

2116 5313 2299 5365 στραις
2328 5292 2631 5366 γυμνασταί
2680 5293 2814 5368 πρὸς
2862 5292 3130 5367 πολεμίαν
3180 5294 3728 5372 ἀντιπαραταττόμενοι

2115 5381 2414 5458 φάλαγγα)
2469 5389 2811 5457 παραχρῆμα
2871 5385 3008 5455 πρὸς
3061 5386 3153 5440 τὸν
3201 5395 3302 5457 τῆς
3362 5387 3441 5450 εἴς
3496 5382 3728 5463 οὐρανοὺς

2115 5469 2418 5544 ἀνοιγούσης
2476 5471 2699 5545 πορείας
2755 5470 3122 5528 ἀντιτάσσεται
3183 5473 3595 5549 δυσμενέστατον
3624 5471 3729 5529 ὁδο-

2117 5562 2337 5628 στάτην,
2368 5558 2807 5634 πανουργότατον
2856 5561 3234 5642 πολεμήτορα,
3267 5566 3353 5622 καὶ
3405 5567 3499 5631 τὰς
3563 5566 3725 5641 βιωτι-

2115 5649 2213 5712 κὰς
2249 5648 2560 5704 ἀποτίθεται
2590 5646 2899 5726 φροντίδας,
2921 5650 3010 5707 καὶ
3039 5654 3136 5724 τῆς
3195 5655 3329 5734 πρὸς
3377 5657 3504 5712 Θεὸν
3553 5649 3723 5710 dveni-
