3930 6202
149 388 250 443 633

1158 382 1349 451 νΙτΑ,
1391 381 1728 437 AUCTORE
1765 382 2137 436 menum
2175 383 2527 439 SYNGELO.

3443 384 3550 438 634

151 531 276 571 σεως
306 505 434 568 ὅλος
461 505 686 582 ἱραστής
731 504 833 558 καὶ*
873 503 1176 580 ἀγωνιστὴς
1223 503 1556 571 καθίσταται,
1614 523 1756 578 προσ

1951 508 2127 560 nator
2156 509 2212 562 et
2236 507 2393 578 pugil
2427 507 2704 562 etlicitur.
2737 505 3009 563 Assiduis
3033 505 3306 578 precibus
3327 507 3422 564 die
3443 522 3556 563 ηο-

151 603 325 674 ευχαῖς
383 595 660 656 συντόνοις
714 591 1057 666 διημερεύων
1087 613 1145 647 τε
1193 591 1283 646 καὶ
1339 589 1786 664 διανυκτερεύων,

155 687 236 740 καὶ
267 683 586 758 παννυχίσιν
643 679 864 742 ἁΰπνοις
916 680 1270 755 ἐγκαρτερῶν,
1303 681 1388 735 καὶ
1424 678 1675 751 νηστείας
1727 681 1789 735 τὸ

154 773 354 850 σαρκίον
389 769 672 844 δαμάζων,
718 768 807 824 καί
833 771 930 838 τὴν
965 770 1186 844 χείρονα
1219 774 1413 843 μοῖραν
1442 769 1787 832 καθυποτάσ-

154 887 252 919 σων
306 867 372 936 τῇ
431 883 723 938 κρείττονι,
753 861 843 915 τὸν
904 864 1038 934 χοῦν
1070 864 1150 930 τῷ
1207 859 1314 927 νοῒ,
1357 859 1446 913 καὶ
1478 860 1576 928 τὴν
1605 855 1784 933 γεώδη

151 951 553 1009 καταλεπτύνων
612 949 992 1025 παχύτητα,ἢ
1050 953 1168 1010 ταῖς
1225 946 1502 1015 διανοίαις,
1563 948 1652 1001 οἷά
1706 968 1787 1008 τις

151 1041 346 1118 ὀμίχλη
407 1037 677 1114 ζωφώδης
725 1044 843 1102 ταῖς
889 1036 1146 1106 ἡλιακαῖς
1179 1037 1409 1104 ἀκτῖσιν,
1443 1034 1786 1111 ἐπιπροσθεῖν

151 1129 340 1186 εἴωθεν.
374 1131 560 1186 Ἑνθεν
604 1127 691 1183 ἐπὶ
749 1128 811 1182 τὸ
867 1134 969 1196 τῆς
1027 1126 1256 1202 θεωρίας
1314 1126 1450 1199 ὕψος
1511 1125 1786 1199 ἀνάγεται,

149 1224 226 1275 καὶ
280 1225 393 1284 ταῖς
459 1218 585 1292 περὶ
642 1218 768 1272 Θεὸν
831 1215 1063 1280 ἐννοίαις
1120 1213 1542 1293 ἐμφιλοχωρεῖ,
1606 1212 1785 1284 πάσης

149 1307 376 1370 ὑλώδους
405 1309 470 1362 τὸ
498 1314 599 1377 τῆς
646 1309 832 1382 ψυχῆς
863 1302 1094 1371 θεοειδές
1126 1303 1362 1381 ἀφιστῶν
1411 1303 1782 1376 ἐνθυμήσεως,

145 1397 223 1453 καί
249 1399 307 1452 τὸ
352 1397 540 1472 νοερὸν
575 1398 742 1462 αὐτῆς
772 1394 928 1468 ὄμμα
978 1395 1114 1469 πρὸς
1143 1396 1244 1463 τήν
1278 1395 1476 1448 ixi-2765»
1506 1393 1780 1469 ἀπαστρά-

145 1506 361 1540 πτουσαν
443 1483 678 1559 ἀγλαΐαν
757 1483 886 1544 ὅλος
964 1483 1281 1556 ἀναπτεροῖ,
1365 1487 1483 1544 ταῖς
1547 1482 1780 1536 ἀποστο-

148 1575 308 1637 λικαῖς
356 1573 704 1637 αὖτοπτικῶς
781 1573 1055 1650 ἐντρυφῶν
1125 1570 1403 1646 διδαχαῖς,
1461 1572 1550 1626 καὶ
1605 1577 1777 1625 πᾶσαν

149 1665 310 1733 κείνην
361 1684 419 1718 τε
465 1663 559 1718 καὶ
609 1661 844 1717 παλαιὰν
903 1659 1216 1736 ἱερολόγίαν
1276 1661 1552 1729 ἀναπνοὴν
1609 1660 1783 1730 ἑαυτῷ

147 1751 222 1804 καὶ
276 1753 478 1828 τροφὴν
507 1750 998 1825 κατεργαζόμενος,
1057 1755 1173 1810 τοῖς
1230 1756 1328 1818 τῆς
1358 1751 1660 1822 πρακτικῆς
1693 1738 1781 1801 καῖ

151 1847 466 1912 θεωρητικῆς
528 1841 725 1914 ἀρετῆς
781 1838 1245 1909 πλεονεκτήμασι,
1285 1844 1402 1900 τοῖς
1436 1837 1653 1891 Παύλου
1683 1841 1778 1892 τοῦ

150 1927 390 2004 μακαρίου
422 1925 878 1989 διοπτικωτάτοις
928 1925 1249 2003 καταφανεὶς
1301 1924 1632 2003 ὀφθαλμοῖς,
1685 1927 1772 1980 καὶ

150 2017 335 2090 βαθμοῦ
387 2021 486 2072 τοῦ
544 2024 646 2086 τῆς
705 2015 990 2092 ἱεραρχίας
1045 2013 1190 2085 ἄξιος
1247 2015 1498 2087 κριθεὶς,
1559 2020 1780 2088 πρῶτος

146 2105 366 2174 Ἀθηνῶν
389 2105 692 2167 ἐπίσκοπος
727 2106 814 2160 ὑπ’
863 2104 1026 2159 αὑτοῦ
1057 2105 1490 2178 προχειρίζεται,
1537 2103 1626 2158 καὶ
1678 2111 1776 2173 τῆς

147 2193 321 2254 οῗκείας
375 2191 640 2268 πατρίδος
671 2195 848 2266 πατὴρ
894 2193 1299 2268 ἀναγορεύεται,
1353 2193 1439 2246 καὶ
1494 2192 1558 2246 τὰ
1612 2191 1770 2267 ἀκρο·

149 2281 266 2336 Θίνια
291 2287 396 2338 τῶν
425 2282 672 2358 λογικῶν
717 2283 1055 2356 πραγμάτιον
1108 2280 1485 2356 ἐγχειρίζεται,
1545 2281 1635 2334 καὶ
1682 2282 1773 2336 τὸν

148 2369 305 2434 αὐτόθι
357 2371 756 2426 πεπιστευκότα
811 2369 940 2426 λαὸν
1002 2369 1421 2440 ἰμπιστεύεταιο
1505 2365 1612 2423 ἔδει
1674 2369 1774 2442 γὰρ

144 2459 226 2528 τὴν
291 2458 646 2536 ἐνεγκοῦσαν,
714 2457 804 2514 καί
891 2458 1274 2532 θρεψαμένην,
1341 2457 1431 2512 καὶ
1496 2455 1780 2511 παιδεύσα-

152 2567 230 2601 σαν
280 2545 455 2618 πόλιν,
513 2553 599 2620 τῷ
653 2544 780 2620 ἰδίῳ
835 2545 1208 2623 βλαστήματι,
1235 2546 1325 2600 καὶ
1358 2546 1650 2619 θρέμματι,
1683 2545 1773 2600 καὶ

152 2633 732 2714 παιδεύματιστρώτην
811 2633 1227 2710 ἑπαγλαίζεσθαι
1291 2635 1495 2707 πρώτῳ
1551 2639 1658 2688 τῶν
1720 2633 1813 2706 ἕξ¹

157 2724 296 2794 αὐτῆς
364 2731 749 2800 πνευματικῶς
803 2727 1022 2800 Χριστῷ
1077 2725 1155 2796 τῷ
1210 2727 1308 2792 τῆς
1366 2722 1636 2796 σωτηρίας
1687 2721 1770 2776 al-

154 2813 238 2886 τίῳ
286 2817 700 2891 γεγενημένων,
778 2814 868 2869 καὶ
944 2820 1073 2868 πᾶσι
1131 2818 1247 2874 τοῖς
1305 2813 1444 2868 κατὰ
1504 2812 1622 2887 βίον
1677 2809 1768 2864 καὶ

153 2899 290 2977 λόγον
315 2904 606 2980 πρωτείοις
645 2900 935 2979 τηλαυγῶς
983 2901 1335 2976 πρωτεύοντι·
1370 2901 1458 2955 καὶ
1497 2905 1614 2960 ταῖς
1644 2919 1768 2953 ποι-

155 2999 403 3060 μαντικαῖς
457 2997 557 3048 τοῦ
620 2993 949 3067 παναρίστου
980 2993 1137 3052 υἱὲως
1194 2991 1441 3064 ἠγεσίαις
1475 2989 1762 3057 ἰθύνεσθαι,

153 3079 440 3154 φωτίζοντος
493 3081 668 3150 αὐτῆς
721 3081 788 3136 τα
815 3081 953 3135 κατᾶ
982 3082 1108 3135 Θεὸν
1165 3074 1495 3152 διαδήματα,
1529 3078 1617 3132 καὶ
1675 3076 1763 3132 ἐπὶ

154 3170 422 3245 σωτηρίους
442 3171 622 3244 νομὰς
676 3167 924 3243 ἄγοντος,
974 3170 1064 3223 καὶ
1114 3167 1167 3230 ἐς
1223 3167 1388 3223 τόπον
1423 3165 1604 3243 χλόης
1660 3173 1760 3236 τῆς

1905 599 2120 665 ctuque
2170 594 2432 650 intentus
2489 601 2670 651 totam
2725 601 2957 651 noctem
2996 596 3157 650 ducit
3195 596 3552 652 insomnem.

1904 687 2146 739 Carnem
2171 685 2418 754 jejuniis
2443 685 2664 754 domat,
2699 689 2756 740 et
2785 685 3134 740 deteriorem
3159 691 3381 756 partem
3415 702 3555 756 pras-

1904 772 2170 826 stantiori
2199 774 2459 844 subjicit,
2486 789 2695 844 nempe
2729 774 3022 844 pulverem
3051 774 3252 842 menti,
3285 777 3344 828 et
3373 779 3554 829 terre-

1903 877 2035 915 nam
2053 861 2530 928 crassitudinem,
2551 863 2678 916 duis
2704 862 2980 917 sensibus
2994 862 3236 934 perinde
3252 878 3316 918 ac
3341 861 3554 918 nebula

1902 951 2168 1019 quedam
2201 951 2513 1005 tenebrosa
2543 950 2838 1005 solaribus
2869 967 2998 1005 sese
3033 949 3213 1006 radiis
3259 966 3555 1023 opponere

1902 1040 2222 1108 consuevit,
2256 1040 2625 1094 comminuit.
2659 1041 2807 1094 Hinc
2837 1040 2907 1094 ad
2944 1039 3332 1111 spculationis
3376 1039 3554 1095 celsi-

1904 1129 2168 1184 tudinem
2188 1128 2433 1196 tollitur,
2467 1129 2834 1199 libenterque
2885 1129 2942 1182 in
2994 1128 3451 1200 cogitationibus
3482 1129 3554 1184 de

1904 1217 2013 1272 Deo
2035 1223 2325 1287 versatur,
2349 1219 2605 1272 divinam
2631 1221 2838 1272 animae
2862 1217 3117 1288 efﬁgiem
3141 1218 3212 1272 ab
3227 1218 3387 1273 omni
3411 1235 3550 1274 con-

1899 1306 2253 1362 sideratione
2281 1313 2511 1362 terrena
2536 1323 2860 1373 removens,
2893 1312 2950 1360 et
2981 1305 3304 1377 spiritualis
3361 1307 3552 1379 ipsius

1899 1399 2102 1454 oculus
2125 1400 2196 1454 ad
2222 1399 2544 1456 claritatem
2581 1398 2736 1452 illam
2771 1415 2898 1468 qua
2930 1397 3092 1452 illinc
3125 1396 3361 1467 effulget
3391 1404 3552 1454 totus

1898 1487 2101 1554 evolat,
2135 1496 2190 1543 et
2223 1489 2278 1543 in
2314 1486 2654 1559 apostolicis
2701 1486 2985 1541 doctrinis
3035 1486 3304 1558 praesenti
3351 1487 3548 1542 animo

1899 1577 2224 1632 deliciatur.
2258 1577 2477 1632 Novam
2509 1576 2648 1631 item
2672 1592 2907 1631 omnem
2933 1579 3108 1645 atque
3137 1579 3389 1630 veterem
3412 1575 3552 1630 divi-

1897 1682 1983 1718 nae
2014 1666 2159 1736 legis
2189 1665 2592 1737 scriptionem,
2625 1664 2804 1734 idque
2826 1664 3057 1718 virtutis
3085 1663 3223 1718 illus
3241 1665 3551 1718 abundan-

1897 1753 1998 1817 tia,
2031 1771 2155 1824 quzn
2187 1755 2245 1809 in
2277 1755 2504 1808 actione
2535 1759 2591 1808 et
2631 1751 3124 1824 contemplatione
3175 1757 3462 1817 versatur,
3489 1757 3553 1808 ut

1896 1840 2340 1910 respirationem
2377 1841 2486 1895 sibi
2538 1857 2603 1894 ac
2651 1839 2846 1894 cibum
2889 1839 3216 1894 constituit.
3264 1839 3367 1894 Hic
3415 1856 3550 1896 cum

1896 1889 2340 1910 ---τη----ΜΨ
2377 1889 2486 1895 ____
2539 1889 2600 1894 η
2657 1889 2845 1894 ______
2893 1889 3215 1894 --___-__,__-_
3264 1889 3362 1894 __-
3419 1889 3548 1896 ----

1814 1889 1861 1953 Β
1894 1930 2045 1984 beati
2081 1929 2238 1984 Pauli
2273 1929 2621 1984 clarissimis
2653 1928 2841 1984 oculis
2874 1933 3150 1984 ostensus
3173 1934 3347 1996 esset,
3384 1929 3548 1984 etdi-

1891 2016 2009 2071 vini
2042 2018 2355 2072 sacerdotii
2378 2018 2563 2088 gradu
2587 2017 2798 2088 dignus
2820 2017 3146 2088 judicatus,
3179 2017 3547 2074 Athenarum

1890 2108 2206 2178 episcOpus
2237 2108 2308 2161 ab
2343 2108 2469 2178 ipso
2493 2107 2721 2178 primus
2771 2106 3032 2177 eligitur,
3085 2112 3142 2161 et
3191 2123 3312 2162 suae
3358 2106 3547 2178 ipsius

1890 2200 2058 2266 pater
2099 2196 2300 2266 patriae
2349 2194 2704 2261 declaratur,
2743 2200 2799 2249 et
2853 2195 3125 2265 primitiae
3170 2195 3543 2266 negotiorum

1889 2284 2268 2340 rationalium
2305 2285 2363 2338 in
2420 2285 2631 2338 manus
2678 2284 3014 2350 traduntur,
3061 2287 3238 2354 atque
3290 2283 3545 2356 populus

1891 2373 2063 2428 isthic
2090 2373 2259 2428 {idem
2285 2371 2720 2444 amplexusipsi
2745 2373 3023 2427 creditur.
3048 2371 3364 2443 Oportebat
3387 2373 3544 2428 enim

1887 2466 1952 2516 ut
1982 2461 2211 2528 civitas,
2243 2479 2369 2532 quis
2403 2461 2558 2515 hunc
2589 2460 2873 2528 ediderat,
2907 2459 3151 2529 aluerat,
3176 2465 3232 2515 et
3264 2461 3542 2516 erudive-

1885 2555 1997 2613 rat,
2021 2551 2305 2622 aproprio
2337 2549 2598 2622 germine
2629 2555 2685 2604 et
2715 2548 2977 2616 alumno,
3011 2553 3186 2620 atque
3208 2548 3539 2604 eruditione

1881 2639 2073 2710 prima
2095 2639 2360 2693 omnium
2394 2638 2810 2705 illustraretur,
2836 2639 3026 2709 primo
3059 2654 3264 2694 eorum
3295 2655 3364 2694 ex
3405 2639 3541 2711 ipsa

1880 2727 2263 2782 oriundorum
2297 2727 2800 2800 quispiritualiter
2819 2727 3049 2782 Christo
3071 2726 3281 2782 salutis
3305 2729 3534 2782 auctori

1881 2816 2001 2870 nati
2035 2817 2292 2881 fuerunt,
2326 2816 2546 2887 quique
2573 2816 2872 2881 omnibus,
2909 2815 3009 2886 qui
3042 2817 3160 2870 vita
3198 2821 3257 2872 et
3305 2816 3528 2872 ratione

1878 2905 2101 2976 primas
2125 2905 2410 2972 obtinent,
2444 2905 2755 2976 magnifice
2797 2908 3024 2976 praeest.
3077 2905 3192 2960 Nec
3241 2921 3413 2960 secus
3462 2922 3530 2960 ac

1871 2994 2131 3064 optimus
2197 2994 2354 3050 filius
2387 2994 2540 3049 viam
2572 2993 2762 3049 instar
2783 2993 3035 3066 pastoris
3085 2998 3532 3064 commonstrat,

1874 3083 2164 3154 docetque
2195 3083 2696 3154 quemadmodum
2730 3100 2797 3138 ex
2845 3082 2946 3138 Dei
2996 3083 3338 3154 praescripto
3389 3099 3530 3139 suos

1871 3171 2002 3242 ipsa
2042 3187 2277 3241 gressus
2327 3171 2563 3243 dirigat,
2611 3171 2751 3226 dum
2790 3170 2954 3227 illam
3014 3171 3072 3225 in
3120 3171 3248 3226 loca
3278 3187 3532 3244 pascuis,

154 3255 274 3320 λείας
324 3261 405 3314 καὶ
473 3255 784 3330 ἀκιϐδήλου
849 3256 1195 3320 διδασκαλίας
1248 3262 1715 3328 κατασκηνοῦντος
1748 3303 1764 3330 ,

1951 3276 2065 3314 ansa
2098 3275 2309 3330 nempe
2339 3277 2403 3313 ac
2436 3261 2676 3315 sincerae
2700 3260 3006 3325 doctrinae,
3042 3259 3308 3330 collocat,
3339 3265 3396 3316 et
3431 3277 3534 3315 su-

150 3346 221 3400 καὶ
248 3347 324 3402 ἐπὶ
355 3347 550 3412 ὕδατος
588 3347 960 3420 ἀναπαύσεως,
1019 3354 1120 3417 τῆς
1169 3348 1437 3422 μακαρίας
1471 3343 1637 3410 ὅντως
1667 3347 1768 3419 λή-

152 3434 259 3503 ξεως
287 3435 654 3518 ἑκτρέφοντος.

208 3561 264 3615 Ὤ
309 3569 400 3631 τῆς
430 3561 804 3640 θεοψηφίστου
858 3563 956 3631 τῆς
986 3565 1092 3616 τῶν
1148 3561 1452 3631 Ἀθηναίων
1487 3561 1769 3637 μητροπό-

155 3644 270 3710 λεως
295 3650 594 3728 εὐμοιρίας,
627 3651 700 3714 ὡς
744 3650 1135 3725 τρισμακάριος
1170 3649 1442 3725 ὑπάρχειί
1503 3651 1578 3712 ὡς
1627 3648 1768 3721 ἀλη-

155 3735 241 3798 θῶς
283 3743 363 3792 καί
390 3734 710 3808 τρισόλϐιος
742 3737 907 3802 πόλις
952 3741 1205 3793 τοιοῦτον
1262 3741 1494 3794 τεκοῦσα
1548 3738 1636 3792 καὶ
1672 3737 1769 3793 λα-

154 3827 299 3896 χοῦσα
325 3829 575 3900 ποιμένα,
625 3825 714 3881 καὶ
764 3827 1101 3901 προηγὲτην,
1160 3824 1250 3879 καὶ
1299 3821 1648 3895 διδάσκαλον,
1694 3825 1770 3886 ὡς

156 3912 514 3988 ὁΊσραηλίτης
545 3915 684 3977 λαὸς
714 3913 885 3970 πάλαι
912 3917 1002 3970 τὸν
1031 3915 1262 3970 Μωυσέα
1289 3916 1301 3970 ί
1339 3914 1429 3968 καὶ
1469 3913 1568 3988 γὰρ
1599 3911 1773 3976 ἄλλος

153 4020 219 4062 τις
265 4001 620 4061 ἀναδὲδεικται
696 4011 958 4074 Μωυσῆς,
1024 4003 1326 4079 Αἴγυπτον,
1379 4005 1479 4073 τήν
1542 4003 1767 4078 ζοιρερὰν

158 4088 281 4165 λέγω
319 4095 399 4148 καὶ
431 4094 701 4150 πολύθεον
736 4091 1034 4162 είδωλικήν
1081 4091 1317 4162 πλάνην,
1375 4091 1436 4146 οὐ
1468 4089 1594 4146 δέκα
1622 4092 1767 4159 πλη-

157 4185 260 4251 γαῖς
305 4180 439 4238 ἀλλὰ
469 4183 690 4257 μυρίαις
745 4183 1127 4256 καιριωτάταις
1184 4182 1270 4236 καὶ
1332 4179 1767 4257 πυρωδεστᾶταις

155 4273 246 4323 τῶν
290 4271 437 4345 ἱερῶν
496 4274 667 4328 αὐτοῦ
725 4269 1009 4347 δογμάτων
1061 4271 1147 4325 καὶ
1209 4267 1554 4345 διδαγμᾱίτων
1599 4292 1769 4326 κατα-

157 4357 375 4427 τοξεύσας
423 4361 639 4436 βολαῖς·
692 4360 782 4415 καὶ
811 4360 902 4414 τὸν
939 4359 1034 4432 μὶν
1066 4359 1260 4430 νοητὸν
1295 4360 1498 4433 Φαραὼ
1530 4359 1622 4413 σὺν
1650 4365 1769 4422 ταῖς

160 4443 398 4522 ὀλεθρίαις
444 4450 608 4506 αὐτοῦ
642 4447 923 4522 δυνάμεσι,
982 4454 1102 4510 ταῖς
1158 4449 1295 4523 πρὸς
1323 4455 1424 4518 τῆς
1479 4448 1644 4503 αὐτοῦ
1671 4471 1768 4504 κα-

156 4532 448 4610 κοδαίμονος
501 4539 712 4608 ἀπάτης
771 4537 1163 4616 ἐπιφυομὲναις
1199 4535 1567 4606 ζιζανιώδεσιν
1627 4539 1768 4614 αἱρεο

1879 3364 1982 3419 per
2014 3364 2228 3420 aquam
2263 3348 2615 3415 refectionis,
2650 3348 2933 3404 nimirum
2965 3365 3108 3404 verae
3154 3347 3532 3418 hereditatis,

1879 3438 2110 3492 educat.

1951 3561 1994 3617 Ο
2042 3561 2338 3633 ingentem
2392 3561 2736 3632 metropolis
2781 3561 3232 3618 Atheniensium
3274 3561 3530 3620 civitatis

1877 3649 2238 3720 felicitatem,
2273 3649 2434 3705 nullo
2464 3650 2880 3722 suffragiorum
2905 3650 3184 3706 beneficio
3232 3650 3316 3704 illi
3366 3652 3535 3708 dela-

1878 3737 2033 3793 tam!
2067 3742 2250 3802 Quam
2287 3755 2416 3794 vere
2453 3737 2609 3804 felix,
2643 3739 3164 3810 multipliciierque
3205 3739 3374 3794 beata
3417 3746 3528 3806 est,

1879 3843 2007 3898 quas
2038 3832 2268 3882 tantum
2301 3827 2511 3882 ducem
2543 3830 2719 3898 atque
2751 3827 3102 3899 magistrum
3137 3827 3225 3898 (ut
3254 3826 3528 3881 Israeliti-

1879 3932 1984 3971 cus
2031 3915 2170 3970 olim
2221 3915 2476 3988 populus
2527 3915 2787 3988 Moysen)
2837 3916 3132 3987 talemque
3197 3914 3366 3971 enixa
3418 3922 3530 3984 est,

1878 4009 2056 4076 atque
2076 4005 2284 4060 sortita
2316 4010 2610 4076 pastorem
2642 4004 2655 4058 !
2690 4005 2905 4060 etenim
2938 4003 3083 4060 alter
3104 4004 3343 4076 quidam
3369 4005 3533 4078 Moy-

1877 4110 1971 4149 ses
2012 4094 2204 4149 denuo
2234 4093 2397 4148 visus
2444 4098 2554 4164 est,
2600 4093 2703 4164 qui
2751 4094 3086 4166 Egyptum,
3137 4091 3536 4163 caliginosum

1877 4183 2006 4237 dico
2037 4183 2096 4236 in
2139 4181 2399 4237 colendis
2448 4182 2786 4238 simulacris
2833 4197 3112 4251 errorem,
3158 4198 3275 4237 non
3328 4183 3529 4240 decem

1878 4271 2090 4344 plagis,
2124 4273 2224 4327 sed
2257 4271 2584 4327 innumeris
2637 4271 2932 4328 laetalibus
2974 4273 3531 4346 ardentissimisque

1877 4360 2238 4416 sacraaillius
2269 4361 2547 4416 doctrina;
2586 4378 2652 4415 ac
2674 4361 2864 4416 divnie
2923 4360 3249 4432 disciplina:
3300 4362 3532 4433 sagittis

1874 4451 2191 4516 transﬁxit,
2221 4455 2278 4505 et
2301 4451 2616 4521 figuratum
2645 4451 3011 4506 Pharaonem
3043 4467 3177 4506 cum
3208 4450 3370 4506 omni
3400 4451 3528 4520 ejus

1875 4540 2204 4611 perniciosa
2225 4545 2530 4610 potestate,
2556 4540 3161 4612 nugisque,haereticis
3193 4556 3258 4594 ac
3287 4539 3528 4594 zizaniis

156 4629 306 4687 τικαῖς
358 4626 774 4703 εἲκαιομυθίαις,
823 4627 1215 4688 καταποντίσας
1242 4632 1358 4688 τοῖς
1405 4625 1762 4704 γλαφυρωτά-

1951 4628 2084 4692 anis,
2144 4645 2270 4700 quae
2317 4646 2350 4683 a
2400 4629 2822 4684 cacodsamonis
2874 4627 3031 4682 870
3080 4626 3266 4697 ipsius
3317 4627 3523 4682 fraude

159 4731 253 4774 τοις
279 4721 367 4784 τῆς
398 4715 555 4772 αὐτοῦ
582 4716 858 4794 πανσόφου
887 4715 1030 4778 θείας
1078 4717 1329 4790 γνώσεως
1387 4717 1477 4770 καὶ
1531 4715 1763 4789 εὐγλωτ-

159 4800 255 4865 τῖας
299 4806 490 4878 βυθοῖς·
540 4808 632 4863 τὸν
687 4805 939 4862 ἐκλεκτὸν
995 4803 1052 4861 δὶ
1096 4811 1194 4861 τοῦ
1222 4802 1468 4878 Χριστοῦ
1494 4805 1626 4860 λαὸν
1659 4805 1763 4860 ἀπὸ

160 4893 240 4954 τῆς
297 4899 385 4948 τοῦ
437 4893 631 4969 Βελίαρ
680 4892 1012 4972 τυραννίδος,
1070 4897 1157 4950 καί
1210 4901 1311 4964 τῆς
1368 4891 1767 4968 δεισιδαίμονος

163 4978 408 5050 θρησκείας
451 4982 809 5062 φυγαδευτήν,
851 4985 951 5053 τήν
995 4988 1101 5039 τῶν
1137 4983 1572 5056 ἰπανισταμὲνων
1631 5004 1762 5037 παν-

161 5065 375 5126 τοδαπῶν
431 5073 708 5147 πολεμίων
765 5074 1180 5150 ἀγριαινομένην
1259 5072 1522 5137 θάλατταν
1602 5093 1765 5127 κατα-

163 5164 416 5232 πατοῦντα,
540 5161 870 5242 φωτοειδοῦς
901 5161 1103 5218 στόλου
1135 5161 1292 5233 δίκην
1346 5161 1397 5217 ἐν
1447 5163 1594 5235 αὖτῷ
1645 5159 1763 5216 δια-

166 5241 420 5326 λαμπούσῃ
475 5241 946 5329 καθοδηγούμενον
1004 5251 1242 5328 χάριτι,
1298 5251 1388 5306 καὶ
1436 5251 1634 5329 νεφέλῃ
1694 5254 1762 5324 τῇ

161 5339 244 5388 τοῦ
292 5342 535 5414 παναγίου
601 5343 915 5414 Πνεύματος
994 5342 1160 5415 σκέπῃ
1218 5339 1621 5419 φραυρούμενον
1676 5339 1764 5394 ἐπὶ

162 5423 235 5475 τὸν
286 5427 568 5502 ἀκύμαντον
631 5429 898 5492 διασώσας
950 5429 1122 5506 ὅρμον
1149 5438 1248 5500 τῆς
1308 5431 1616 5504 ἀμωμήτου
1671 5428 1763 5483 πί-

165 5529 323 5596 4ξ’τεως,
374 5518 458 5572 καὶ
512 5525 616 5575 τῶν
675 5524 980 5596 χαμερπῶν
1036 5521 1374 5575 παντάπασιν
1437 5513 1766 5595 ὑπεραναϐε-

169 5593 346 5672 δηκὼς,
371 5605 454 5660 καὶ
483 5615 580 5678 τῆς
609 5593 716 5664 tofi
741 5593 905 5684 ὅρους
950 5613 1059 5665 τῶν
1091 5609 1293 5684 ἀρετῶν
1331 5593 1765 5687 κορυιρα-ιοτάτης

165 5699 414 5763 περιωπῆς
463 5695 586 5760 τοὺς
660 5696 1184 5773 εύαγγεΛιζομᾶνους
1257 5697 1476 5774 ιῗρήνην
1528 5694 1762 5771 ὡραίους

1872 4717 2166 4783 oriuntur,
2206 4715 2605 4770 ornatissimis
2628 4715 2993 4770 admirabilis
3016 4717 3149 4786 ejus
3185 4732 3249 4771 ac
3267 4715 3530 4771 omnidi-

1871 4805 2019 4859 vinaa
2053 4803 2402 4877 cognitionis
2441 4813 2493 4858 et
2521 4803 2869 4876 eloquentiae
2903 4803 3526 4876 profunditatibusde-

1875 4895 2099 4949 mersit.
2147 4897 2322 4947 Porro
2371 4891 2620 4947 electum
2672 4892 2890 4949 Christi
2934 4895 3218 4966 populum
3271 4911 3302 4949 a
3344 4893 3525 4948 Belial

1871 4983 2200 5053 tyrannide,
2234 4987 2292 5036 et
2323 4998 2350 5036 a
2387 4981 2799 5052 superstitiosa
2825 4981 3058 5037 cultura
3089 4981 3398 5053 profugum
3415 4980 3526 5037 ho-

1874 5071 2066 5127 stibus
2089 5070 2350 5141 undique
2380 5074 2584 5125 contra
2616 5069 2783 5124 illum
2816 5069 3281 5140 insurgentibus,
3315 5069 3527 5124 solitu-

1873 5160 2032 5217 dinis
2063 5160 2208 5215 mari
2253 5161 2522 5230 trajecta,
2565 5162 2623 5214 et
2670 5158 2955 5214 charitate
3008 5159 3196 5214 instar
3235 5159 3523 5215 columnas

1874 5249 2028 5322 ignis
2056 5249 2442 5305 illucescente
2469 5246 2791 5317 deduxit,et
2821 5247 3059 5313 nebula,
3085 5249 3365 5304 nimirum
3392 5265 3527 5304 san-

1873 5339 2119 5396 ctissimi
2153 5339 2401 5410 Spiritus
2430 5336 2813 5409 protectione,
2848 5337 3237 5393 custodivitac
3269 5338 3341 5393 ad
3371 5343 3532 5393 tran-

1875 5428 2124 5501 quillum
2151 5443 2337 5498 usque
2363 5425 2680 5497 inculpatae
2720 5426 2852 5482 fidei
2897 5432 3128 5498 portum
3162 5427 3531 5483 conservavit

1874 5517 2143 5574 Humana
2176 5531 2412 5588 prorsus
2439 5515 2639 5570 omnia
2687 5531 3108 5587 supergressus
3139 5515 3198 5572 in
3248 5533 3530 5588 suprema

1874 5605 2096 5663 montis
2125 5604 2407 5660 virtutum
2439 5603 2678 5676 specula
2707 5605 3003 5677 speciosos
3033 5621 3236 5680 pacem
3280 5622 3518 5663 annun-

1871 5698 2085 5754 tiantes
2115 5693 2289 5768 pedes
2313 5693 2459 5764 ﬁxit,
2484 5691 2863 5767 divinamque
2889 5694 3202 5770 caliginem
3219 5697 3521 5770 ingressus
