3930 6202
400 320 508 376 635

1645 321 1704 373 8.
1745 318 2058 374 DIONYSII
2101 318 2580 376 AREOPAGITE
3655 320 3734 375 636

401 458 535 498 cum
572 445 685 498 Deo
716 441 1086 497 familiariter
1115 445 1204 496 est
1231 440 1484 510 locutus,
1518 440 1808 516 acdivinze
1859 441 2036 497 mani-

2161 436 2333 502 πόδας
2389 439 2688 515 ἰπερείσας,
2746 440 2835 496 καὶ
2867 441 2960 495 τὸν
3013 443 3159 505 θεῖον
3209 435 3520 499 εἶσδεδυκὼς
3565 441 3740 514 γνόφον,

397 531 731 588 festationis
754 536 810 587 et
842 530 1228 602 legislationis
1251 530 1481 586 tabulas
1503 529 1744 602 accepit.
1775 530 2044 586 Manibus

397 620 456 676 in
489 621 682 676 crucis
714 621 967 692 speciem
996 620 1269 686 sublatis,
1302 619 1532 674 Amalec
1583 619 1697 676 Deo
1740 620 2041 674 infensum

395 711 454 765 in
486 710 858 782 triumphum
892 709 1076 764 duxit.
1108 709 1383 780 Vipereos
1403 727 1656 776 morsus,
1701 726 1766 764 ac
1812 709 2044 763 insndiis

395 801 732 856 diemonum
767 799 1198 870 supplantatos,
1226 799 1570 869 sagittisque
1601 799 1818 853 nefarie
1841 803 2042 869 captos

395 894 584 958 curat,
619 889 795 960 idque
827 905 1001 943 carne
1031 887 1213 952 verbi,
1247 888 1400 959 quod
1437 888 1494 942 in
1545 887 1703 959 ligno
1746 887 2041 960 pependit,

397 984 769 1049 mortemque
789 976 994 1043 subiit,
1014 980 1071 1031 et
1091 976 1391 1048 oppositas
1409 976 1558 1031 vires
1573 975 1837 1044 peremit,
1864 976 2044 1047 quod-

394 1083 506 1138 que
537 1067 750 1138 abipso
773 1066 951 1136 probe
969 1070 1306 1120 veneratum
1331 1070 1386 1120 et
1406 1065 1614 1136 spiritu
1639 1065 2040 1136 praedicatum,

394 1159 451 1211 et
474 1157 780 1210 adoratum
815 1155 942 1209 fuit.
979 1156 1048 1210 Et
1080 1160 1143 1208 ut
1173 1154 1318 1210 alter
1363 1155 1538 1209 Josue
1585 1155 1901 1209 Jordanem
1950 1170 2040 1210 se-

393 1249 506 1312 cat,
539 1261 603 1300 ac
636 1243 992 1315 peculiarem
1031 1243 1311 1315 populum
1342 1244 1594 1315 peditem
1650 1243 1823 1298 siccis
1872 1242 2042 1298 vesti-

393 1333 507 1405 giis
556 1333 986 1400 ambulantem,
1047 1337 1497 1404 portantemque
1536 1330 1925 1387 venerabilem
1974 1349 2041 1386 ac

391 1426 827 1477 sacrosanctam
858 1437 1079 1487 arcam,
1097 1439 1224 1492 quae
1244 1420 1428 1476 instar
1448 1419 1608 1476 illius
1623 1420 1832 1476 veteris
1855 1421 2036 1475 Deum

389 1511 672 1577 continet,
718 1510 955 1581 trajicit.
999 1511 1486 1566 Detestandorum
1538 1509 2038 1565 Jeriehuntiorum

392 1607 760 1673 argumenta,
794 1602 892 1671 qui
947 1599 1119 1656 alieni
1173 1599 1604 1672 intelliguntur,
1654 1616 1721 1654 ac
1771 1599 2041 1669 praesidia

394 1689 861 1762 conspirantium
882 1690 1285 1744 haereticorum
1313 1688 1468 1744 vario
1493 1695 1669 1761 atque
1709 1687 2038 1759 multiplici,

391 1794 496 1850 pro
529 1776 1091 1849 pietate,certamine
1122 1779 1458 1848 prOsternit,
1493 1784 1550 1832 et
1571 1794 1676 1849 pro
1707 1777 2038 1832 divinarum

390 1868 668 1922 tubarum
701 1868 919 1933 sonitu,
955 1867 1026 1922 iis
1058 1884 1182 1938 quae
1213 1885 1280 1923 ex
1309 1869 1550 1923 adverso
1582 1882 1860 1940 percussa
1879 1883 2040 1922 ever-

389 1958 570 2013 tenda
592 1964 778 2028 erant,
806 1957 1279 2030 praedicationem
1313 1957 1497 2012 instar
1527 1956 1669 2012 solis
1702 1955 2040 2012 illuminan-

389 2051 507 2102 tem
533 2047 800 2102 obtendit
831 2064 998 2102 suam
1023 2063 1035 2100 :
1065 2048 1530 2119 prudentemque
1557 2046 2035 2114 gubernationem

391 2151 519 2207 qua:
551 2135 744 2191 lucem
774 2137 1022 2203 afferret,
1059 2141 1116 2190 et
1146 2153 1272 2207 quaa
1296 2135 1521 2191 cmlitus
1552 2134 2040 2191 illiexhibebatur

391 2229 594 2280 contra
626 2224 931 2280 incursum
963 2223 1235 2296 luporum
1261 2224 1586 2297 rapacium,
1619 2223 1729 2279 hoc
1759 2229 1850 2279 est
1869 2223 2038 2279 falso.

389 2330 523 2368 rum
559 2313 862 2369 doctorum
892 2329 1099 2385 greges
1124 2313 1366 2369 rationis
1385 2313 1700 2385 participes
1716 2311 2037 2384 degluben-

385 2403 534 2458 tium
569 2403 833 2475 opponit.
867 2401 1786 2469 Etimmortalemhaareditatem,
1811 2405 2040 2473 quaeest

387 2490 448 2545 in
481 2491 703 2548 cmlesti
737 2490 1130 2560 Hierusalem,
1154 2491 1227 2546 iis
1260 2492 1360 2563 qui
1392 2492 1660 2546 servandi
1686 2495 1826 2546 sunt
1855 2490 2039 2544 admi-

389 2580 626 2636 nistrat.
661 2582 738 2635 Ac
770 2581 924 2636 sicut
952 2579 1051 2634 ille
1083 2579 1267 2635 solem
1300 2588 1352 2635 et
1398 2580 1594 2636 lunam
1658 2581 1712 2634 in
1751 2579 2035 2634 auxilium

387 2669 598 2726 servati
652 2668 833 2723 divini
884 2669 1087 2740 populi
1131 2668 1536 2741 aggredientes
1602 2675 1843 2723 terrente
1900 2685 2037 2739 pro-

387 2758 689 2814 missionis
729 2757 926 2812 hostes
957 2757 1244 2828 expellere
1289 2758 1467 2825 sistit,
1500 2758 1855 2828 festinatque
1910 2773 2042 2828 pos-

390 2846 715 2902 sessionem
748 2845 858 2900 sibi
894 2845 1245 2917 promissam
1278 2846 1572 2914 dividere;
1606 2853 1662 2900 et
1688 2845 1834 2900 alter
1861 2845 2035 2899 David

392 2934 625 2990 hostem
659 2934 912 2990 inaniter
941 2936 1338 3005 sejactantem
1364 2940 1567 2990 contra
1583 2934 1848 2989 divinum
1873 2949 2035 2988 exer-

393 3023 600 3087 citum,
645 3027 703 3078 et
750 3024 877 3093 ejus
937 3023 1356 3095 propugnatori
1423 3023 1682 3077 convicia
1730 3023 2034 3078 facientem

387 3111 573 3166 funda
593 3127 725 3166 cum
759 3113 1230 3181 percussisset,et
1252 3112 1643 3167 lacinorosum
1676 3110 1842 3167 illum
1867 3117 2031 3168 terras

2155 530 2244 584 καὶ
2306 534 2421 602 Θεῷ
2478 529 2921 606 προσομιλήσας,
2982 530 3069 584 καὶ
3128 528 3222 591 τὰς
3279 535 3377 597 τῆς
3420 529 3738 604 θεοφαντορὶις

2154 620 2241 673 καὶ
2313 621 2635 692 νομοθεσίας
2691 619 2906 684 πλάκας
2955 617 3264 691 δεξάμενος,
3320 617 3408 671 καὶ
3461 623 3569 680 ταῖς
3617 639 3738 672 σταυ-

2155 706 2379 782 ροειδῶς
2403 710 2758 783 ζὺψουμέναις
2811 709 3094 781 παλάμαις
3143 709 3232 762 τὸν
3287 705 3516 761 ἀντίθεον
3567 726 3737 776 τροπω-

2155 800 2388 869 σάμενος
2449 797 2749 871 Ἀμαιλὴκ,
2819 800 2908 853 καὶ
2965 803 3072 852 τῶν
3133 793 3421 872 ἐχιδναίων
3475 792 3739 868 δηγμάτων,

2151 889 2258 940 τῶν
2293 884 2626 959 δαιμονικῶν
2687 887 2876 962 λόχων
2927 888 3017 942 καὶ
3054 887 3400 958 τοξευμάτων
3457 883 3573 944 τοὺς
3618 906 3736 959 mep-

2151 975 2426 1038 νισθέντας
2475 975 2565 1030 καὶ
2613 981 2794 1038 κακῶς
2824 973 3056 1038 ἁλόντας
3091 974 3380 1046 ἐξιώμενος
3428 977 3502 1045 τῷ
3526 977 3610 1027 τοῦ
3649 994 3740 1048 κρε-

2156 1065 2451 1135 μασθέντος
2517 1064 2604 1120 ἐπὶ
2671 1063 2836 1135 ξύλου
2892 1064 2980 1119 καὶ
3051 1065 3411 1139 νεκρωθέντος
3467 1063 3626 1138 σαρκὶ,
3648 1064 3738 1116 καὶ·

2147 1151 2243 1214 τὰς
2297 1152 2538 1216 ἐναντίας
2571 1155 2940 1229 νεκρώσαντος
2971 1150 3246 1226 δυνάμεις,
3295 1151 3477 1214 καλῶς
3514 1150 3592 1205 ὑπ’
3617 1151 3742 1205 αὑτοῦ

2151 1238 2491 1316 σεϐομένου,
2547 1246 2637 1300 καὶ
2693 1244 3191 1321 προσκυνουμένου,
3248 1243 3341 1298 καὶ
3394 1243 3742 1315 κηρυττομένου

2151 1330 2316 1406 λόγου
2365 1332 2654 1407 πνεύματι.
2707 1333 2813 1390 Καὶ
2869 1338 3081 1404 Ἰησοῦς
3133 1330 3306 1396 ἄλλος
3351 1332 3552 1404 τέμνων
3583 1327 3742 1404 Ἰορδά-

2149 1443 2268 1493 νην,
2317 1422 2405 1476 καὶ
2460 1423 2554 1478 τὸν
2614 1423 2926 1500 περιούσιον
2982 1421 3312 1497 διαπεραιῶν
3369 1419 3495 1476 λαὸν
3526 1416 3745 1496 ἆόρόχοις

2151 1507 2327 1585 ἴχνεσι
2386 1517 2818 1588 πεζοποροῦντα,
2849 1512 2938 1566 καὶ
2967 1513 3067 1579 τὴν
3092 1510 3143 1581 ἐξ
3177 1510 3340 1565 αὐτοῦ
3394 1510 3746 1585 βΛασττςσουσαν

2150 1593 2554 1672 πανσεὸάσμιόν
2610 1621 2668 1654 τε
2726 1602 2815 1655 καὶ
2881 1599 3128 1674 πανίερον
3191 1597 3414 1674 α⁹ίροντα
3469 1594 3747 1671 θεοδέγμονα

2149 1687 2340 1762 νοεράν
2397 1683 2656 1759 κιϐωτὸν,
2715 1687 2804 1743 καὶ
2835 1688 2902 1744 τὰ
2955 1692 3064 1742 τῶν
3096 1686 3514 1762 Ἱεριχουντείων
3542 1691 3636 1740 τῶν
3659 1683 3748 1739 δυσ-

2153 1777 2410 1849 ωνύμων,
2465 1783 2674 1846 νοητῶν
2735 1775 3091 1852 ἀλλοφύλων,
3150 1777 3238 1832 καὶ
3293 1780 3392 1839 τῆς
3444 1781 3545 1830 τῶν
3588 1776 3747 1850 utipsu-

2156 1865 2355 1934 ζόντων
2389 1867 2696 1942 συμμορίας
2747 1866 3089 1942 ὀχυρώματα
3129 1860 3490 1920 καταϐάλλων
3513 1870 3616 1927 τοῖς
3645 1865 3745 1939 ὑπὲρ

2150 1961 2250 2023 τῆς
2311 1950 2580 2019 εὐσεϐείας
2608 1952 2983 2019 πολυκύκλοις
3026 1955 3116 2010 καὶ
3156 1953 3524 2031 ποΛυτρόποις
3574 1951 3745 2018 ἄθλοις,

2149 2043 2239 2097 καὶ
2295 2049 2414 2106 ταῖς
2473 2045 2945 2122 ἱεροφαντορικαῖς
3003 2041 3262 2119 σάλπιγξι
3322 2039 3749 2113 κατακτυποόμενά

2146 2152 2204 2186 τε
2261 2131 2350 2187 καὶ
2408 2134 2908 2208 καταστρεφόμενα,
2964 2133 3054 2188 τὸν
3105 2128 3361 2201 ἡλιοειδῆ
3393 2152 3450 2185 τε
3502 2129 3583 2185 καὶ
3616 2150 3746 2203 φωτιο

2148 2221 2330 2276 στικὸν
2386 2220 2576 2296 λόγον,
2625 2223 2712 2276 καὶ
2771 2223 2870 2290 τὴν
2931 2219 3372 2299 σελασφοροῦσαν
3397 2220 3560 2297 σοφὴν
3600 2212 3746 2288 κυϐέρ-

2146 2329 2302 2379 νησιν
2365 2307 2651 2386 οὐρανόθεν
2707 2310 2854 2382 αὖτῷ
2895 2309 3318 2386 χορηγουμένην
3375 2307 3744 2384 προϊσχόμενος,

2149 2397 2226 2461 εἷς
2279 2400 2379 2468 τὴν
2437 2404 2544 2455 τῶν
2595 2400 2855 2476 ἀρπάγων
2891 2398 3097 2470 λύκων,
3154 2403 3262 2453 τῶν
3320 2398 3414 2461 τὰς
3447 2395 3649 2472 λογικὰς
3668 2392 3743 2448 λυ-

2151 2489 2496 2561 μαινομένων
2545 2486 2742 2564 άγέλας
2798 2485 3283 2543 κακοδιδασκάλων
3363 2485 3617 2558 ἐξέλασιν,
3674 2480 3742 2537 καὶ

2145 2582 2262 2638 τοῖς
2318 2579 2648 2651 σωζομένοις
2705 2579 2804 2646 τήν
2866 2575 3277 2646 διαιωνίζουσαν
3338 2572 3678 2646 κληρονομίαν
3703 2570 3740 2624 ἐν

2147 2665 2514 2739 Ἰερουσαλὴμ
2583 2669 2652 2740 τῇ
2740 2665 3046 2740 ἐπουρανίῳ
3124 2665 3621 2737 πρυτανευόμενος,
3689 2660 3744 2719 ὡς

2147 2753 2348 2816 ἐκεῖνος
2397 2754 2558 2823 ἥλιόν
2619 2775 2676 2810 τε
2720 2755 2810 2810 καὶ
2853 2753 3089 2824 σελήνην
3140 2754 3307 2816 ἱστῶς
3359 2754 3434 2815 εἷς
3487 2747 3740 2822 ἐπικουρίαν

2145 2847 2242 2897 τοῦ
2280 2842 2675 2917 περισωθέντος
2725 2843 2870 2908 θείου
2924 2841 3081 2912 λαοῦ,
3110 2845 3208 2911 τῆς
3261 2850 3370 2918 γῆς
3415 2847 3509 2910 τῆς
3561 2837 3741 2912 ἐπαγγε-

2148 2929 2269 2993 λίας
2326 2930 2568 3002 ἐξελάσαι
2600 2931 2725 2994 τοὺς
2777 2931 3106 3004 πολεμίους,
3161 2931 3604 3007 ἐπεισερχομένην
3629 2924 3740 2996 αὐτῷ

2147 3018 2390 3075 σπεύδων
2423 3019 2852 3096 κληροδοτήσειν
2911 3023 3258 3096 κατάσχεσιν·
3293 3021 3385 3075 καὶ
3417 3015 3566 3075 Δαυὶδ
3607 3013 3741 3074 ἄλλος

2145 3109 2238 3164 τὸν
2315 3110 2454 3166 κατὰ
2499 3117 2600 3180 τῆς
2661 3109 2807 3175 θείας
2867 3110 3212 3186 παρατάξεως
3285 3106 3738 3185 μεγαλαυχήσαντα.

388 3199 682 3264 illisisset,
744 3198 1183 3254 celeberrimam
1245 3200 1548 3256 victoriam
1616 3217 1684 3256 ex
1760 3201 2031 3258 hostibus

2149 3197 2234 3253 καὶ
2289 3197 2381 3253 τὸν
2441 3199 2608 3269 αὐτῆς
2670 3200 3072 3275 ὑπερασπιστήν
3128 3196 3468 3254 ὀνειδίσαντα
3504 3191 3742 3270 σφενδονή-

393 3289 727 3361 reportavit,
785 3287 1115 3344 innumeris
1179 3289 1487 3360 plausibus
1545 3291 1618 3345 ob
1679 3296 1904 3360 partam
1953 3293 2040 3347 vi-

391 3378 631 3434 ctoriam
677 3382 955 3449 exceptus
999 3395 1065 3434 ac
1119 3379 1482 3434 decantatus.
1530 3379 1631 3434 Hic
1687 3381 1832 3435 31!
1880 3382 2039 3436 enim

391 3483 522 3524 cum
603 3468 833 3524 fortiter
879 3485 942 3524 se
1009 3472 1256 3539 gereret,
1334 3468 1465 3533 ﬁde,
1525 3485 1650 3540 spe,
1722 3474 1780 3524 et
1826 3471 2040 3526 ﬁducia

395 3573 535 3629 erga
591 3559 886 3615 Christum
948 3557 1210 3622 innixus,
1269 3562 1560 3628 potentem
1629 3557 1796 3614 illum
1848 3561 2038 3632 perdi-

392 3650 579 3702 torem
631 3665 811 3704 saevos
854 3648 1007 3704 inter
1052 3652 1335 3720 tyrannos
1385 3646 1764 3718 praevalidum
1816 3648 2040 3706 fortitu-

391 3735 527 3792 dine
560 3737 754 3810 lapide
787 3737 1021 3793 duriore
1068 3736 1418 3808 prostravit;
1465 3753 1740 3792 coronam
1786 3738 2038 3795 victorias

396 3827 677 3897 referens,
709 3827 964 3882 inﬁnitis
988 3842 1170 3898 prope
1203 3825 1479 3881 laudibus
1525 3830 1582 3882 et
1616 3827 1886 3882 cantibus
1937 3846 2038 3898 pro

395 3911 596 3968 labore
630 3915 868 3970 assidue
898 3913 1252 3969 cumulatur.
1286 3918 1352 3968 Et
1394 3914 1542 3970 alter
1581 3915 1838 3970 Ezechiel
1890 3917 2037 3972 divi-

396 4016 606 4054 narum
631 4019 696 4055 ac
727 4003 1107 4072 mysticarum
1134 4002 1423 4057 visionum
1457 4010 1751 4074 spectator
1780 4008 1836 4060 et
1865 4004 2040 4060 inter-

393 4103 550 4158 pres,
601 4091 911 4144 varietates
977 4090 1305 4145 divinarum
1370 4093 1935 4162 manifestationum,
1983 4097 2041 4149 et

395 4175 719 4246 ﬁgurarum
743 4177 1232 4248 signiﬁcationem
1260 4180 1685 4235 continentium
1705 4182 2038 4237 describens

401 4269 656 4319 mentem
692 4269 951 4319 nostram
984 4281 1086 4336 per
1115 4282 1182 4321 ea
1214 4283 1336 4338 quaa
1387 4283 1561 4324 sensu
1615 4269 2036 4340 percipiuntur,

388 4353 764 4409 tenuissimis
777 4353 986 4409 divinis
1000 4354 1472 4411 institutionibus
1485 4358 1555 4412 ad
1578 4359 2036 4429 speculationem

394 4458 599 4498 eorum
626 4459 753 4514 quas
793 4442 988 4499 animo
1031 4448 1089 4500 et
1144 4445 1477 4516 cognitione
1525 4450 1866 4515 cernuntur,
1911 4463 2038 4504 eve-

392 4531 502 4587 hit.

464 4662 540 4712 At
568 4673 701 4715 vero
733 4659 874 4732 quid
909 4677 1060 4732 opus
1085 4663 1174 4717 est
1198 4659 1355 4716 hunc
1387 4677 1621 4717 sacrum
1654 4663 1712 4717 et
1740 4661 2036 4718 admiran-

392 4747 532 4802 dum
569 4765 891 4819 praeconem
926 4750 996 4804 iis
1028 4750 1128 4822 qui
1161 4750 1348 4806 lucem
1399 4750 1756 4807 adumbrant
1803 4767 2038 4824 compa-

390 4840 562 4892 rare?
589 4839 1009 4894 Praestathunc
1040 4840 1233 4911 ipsum
1272 4839 1365 4894 bis
1413 4841 1694 4910 conferre,
1751 4857 1901 4912 quos
1941 4842 2039 4897 lux

389 4923 516 4997 ipsa
542 4927 814 4984 Christus
849 4945 950 5000 per
979 4945 1040 4984 se
1070 4927 1400 5001 splendere,
1436 4945 1754 5001 secumque
1795 4932 2034 4997 versari,

390 5019 449 5070 et
478 5019 890 5072 commercium
926 5019 1136 5073 habere
1162 5018 1437 5090 dignatus
1459 5023 1566 5073 est.
1592 5019 1885 5076 Nimirum
1920 5037 2035 5075 ma—

391 5119 505 5176 gno
531 5104 613 5160 illi
645 5111 703 5161 et
733 5107 997 5162 omnium
1023 5123 1258 5162 summo
1291 5106 1456 5162 Petro
1487 5105 1581 5162 hic
1602 5110 2037 5178 comparandus

389 5197 498 5262 est,
531 5194 623 5249 cui
657 5201 932 5252 aeternam
964 5213 1029 5251 ac
1061 5196 1478 5268 sempiternam
1535 5196 1660 5251 Filii
1710 5200 2036 5268 generatio-

390 5299 545 5351 nem,
580 5301 708 5355 quis
734 5289 857 5340 tota
881 5290 1074 5340 mente
1116 5303 1182 5340 ac
1230 5285 1455 5340 ratione
1502 5285 1917 5357 comprehendi
1970 5304 2036 5343 ac

390 5371 621 5428 deﬁniri
658 5375 1190 5447 nequit(siquidem
1221 5375 1272 5429 is
1295 5391 1426 5430 cum
1454 5374 1621 5430 Patre
1637 5376 2036 5447 sempiternus

390 5466 502 5530 est,
536 5479 600 5518 ac
633 5463 761 5519 sine
789 5463 1124 5535 principio),
1159 5464 1326 5519 Pater
1350 5464 1645 5536 ingenitus
1666 5471 1725 5521 et
1744 5465 2035 5540 principio

389 5563 599 5607 carens
631 5551 925 5608 revelavit.
957 5551 1146 5624 Super
1177 5569 1352 5624 quem
1382 5557 1663 5625 tanquam
1709 5559 1957 5626 petram,
1981 5561 2038 5613 et

390 5649 809 5706 inconcussum
861 5641 996 5696 ﬁdei
1055 5641 1528 5710 fundamentum,
1593 5643 1860 5701 Christus
1906 5661 2036 5702 vere

2065 4554 2116 4620 Ι)

2151 3308 2288 3359 σας,
2347 3287 2438 3343 καὶ
2493 3285 2632 3360 λίθῳ
2685 3290 2920 3362 πατάξας
2977 3289 3069 3342 τὸν
3126 3286 3405 3364 ἀλάστορα
3437 3331 3451 3357 ,
3505 3284 3584 3340 καὶ
3626 3285 3742 3338 νῖκος

2147 3374 2656 3450 παναοιδιμώτατον
2687 3378 2824 3432 κατὰ
2871 3382 2980 3432 τῶν
3014 3377 3344 3432 ὑπεναντίων
3395 3377 3652 3450 ἀράμενος,
3676 3364 3744 3422 διπῖ

2152 3465 2402 3541 μυριάσιν
2453 3465 2731 3521 ἐπινικίων
2765 3467 2976 3542 κρότων
3008 3465 3299 3539 ᾀδόμενος·
3355 3466 3441 3521 καὶ
3473 3464 3565 3538 γὰρ
3603 3456 3739 3521 οὗτος,

2147 3559 2408 3617 νεανικῶς
2445 3553 2836 3629 ἀνδρισάμενος
2867 3555 3043 3610 πίστει
3074 3554 3164 3608 καὶ
3195 3551 3382 3608 ἐλπίδι
3417 3551 3501 3608 καὶ
3529 3546 3740 3612 πεποιθή-

2149 3664 2226 3698 σει
2257 3648 2326 3715 τῇ
2380 3644 2457 3707 εἷς
2504 3645 2734 3718 Χριστὸν
2763 3646 3148 3720 νευρούμενος,
3178 3644 3272 3697 τὸν
3305 3641 3358 3697 ἐν
3389 3646 3502 3704 τοῖς
3537 3637 3739 3693 διώκταις

2149 3731 2464 3809 ἐνεργοῦντα
2509 3734 2792 3809 τυράννοις
2844 3730 3016 3788 δεινὸν
3055 3730 3296 3807 ὀλετῆρα
3325 3731 3394 3806 τῇ
3421 3731 3600 3805 πέτρας
3626 3720 3742 3796 στεβ·

2150 3819 2343 3897 ῥοτέρᾳ
2396 3821 2738 3897 γενναιότητι
2784 3815 3184 3890 καταϐέϐληκε·
3246 3821 3338 3875 καὶ
3397 3820 3579 3896 στέφος
3625 3811 3744 3879 νίκης

2149 3909 2599 3986 ἀπενεγκάμενος,
2665 3910 3066 3987 μυριοπλόκοις
3121 3910 3315 3982 ὕμνοις
3361 3908 3447 3964 καὶ
3501 3901 3747 3980 ἐγκωμίοις

2149 3997 2414 4068 διηνεκῶς
2462 4000 2934 4075 καταγεραίρεται.
3004 3999 3108 4056 Καὶ
3169 3997 3345 4060 ἄλλος
3372 3992 3616 4066 ἰεζεκιήλ
3665 4009 3745 4063 μυ·

2149 4089 2492 4144 στικωτάτων
2528 4089 2682 4153 θείων
2739 4089 3021 4162 θεαμάτων
3073 4087 3319 4158 ἐπόπτης
3361 4087 3448 4143 καὶ
3490 4079 3748 4162 ὑφηγητῆς,

2147 4177 2426 4239 ποικιλίας
2481 4180 2805 4254 θεοφανειῶν
2863 4179 2951 4234 καὶ
2999 4174 3354 4251 συμϐολικῶν
3413 4170 3744 4249 μορφωμάτων

2150 4263 2486 4344 διαγράφων,
2534 4267 2622 4322 καὶ
2671 4264 2760 4322 διὰ
2811 4272 2918 4322 τῶν
2976 4267 3248 4337 αἰσθητῶν
3308 4265 3526 4321 εἰκόνων
3578 4259 3651 4315 ἐπὶ
3672 4256 3747 4322 τὴν

2146 4356 2253 4409 τῶν
2283 4355 2464 4410 ἀΰΛων
2492 4355 2581 4410 καὶ
2611 4360 2812 4430 νοερῶν
2853 4355 3080 4431 θεωρίαν
3139 4356 3239 4425 τὴν
3282 4355 3542 4429 ἡμετέραν
3596 4349 3745 4420 ἰσχνο·

2146 4443 2336 4508 τάταις
2368 4443 2797 4523 ἱεροφαντορίαις
2829 4445 3044 4520 ἀνάγων
3074 4441 3337 4502 διάνοιαν.

2219 4659 2394 4716 Ἀλλᾶ
2447 4659 2500 4715 τί
2551 4681 2646 4735 μοι
2696 4657 2778 4715 δεῖ
2804 4661 2897 4715 τὸν
2925 4664 3175 4715 τοιοῦτον
3205 4658 3515 4734 ἆξιάγαστον
3544 4648 3743 4727 ἱεροφάν-

2143 4771 2278 4827 τορα
2330 4755 2448 4816 τοῖς
2499 4752 2561 4806 τὸ
2637 4757 2750 4829 φῶς
2805 4755 3223 4828 σκιαγραφοῦσιν
3289 4750 3602 4812 ἀπεικάσαις
3650 4738 3742 4794 δέον

2147 4841 2308 4896 αὐτὸν
2365 4838 2578 4914 μᾶλλον
2628 4837 3007 4917 παραϐάλλειν
3039 4845 3156 4902 τοῖς
3202 4839 3349 4913 αὐτῷ
3376 4843 3454 4911 τῷ
3483 4832 3606 4915 φωτῖ
3644 4847 3742 4884 κατ’

2146 4931 2472 5004 ηξιωμένοις
2525 4929 2843 5004 αὖτοφανῶς
2874 4927 3274 4984 συνδιαιτᾶσθαί
3330 4950 3388 4984 τε
3440 4927 3524 4982 καὶ
3560 4938 3740 4990 συνομιο

2145 5017 2281 5076 λεῖν.
2317 5019 2537 5092 Ἐκείνῳ
2570 5017 2636 5089 δὴ
2667 5025 2748 5092 τῷ
2783 5017 3010 5094 μεγάλῳ
3039 5018 3129 5073 καὶ
3167 5016 3566 5094 κορυφαιοτάτῳ
3593 5008 3740 5081 Πέτρῳ

2144 5111 2530 5186 παρεικάστέον
2562 5109 2743 5179 αὐτὸν,
2778 5108 2823 5182 ᾦ
2860 5109 2960 5177 τήν
3011 5107 3342 5183 προαιώνιόν
3373 5127 3430 5160 τε
3473 5103 3556 5159 καὶ
3603 5101 3737 5186 ἄχρεξ·

2143 5219 2258 5270 νον»
2307 5197 2397 5252 καί
2445 5202 2522 5270 νῷ
2571 5196 2730 5254 παντί
2760 5197 2850 5252 καὶ
2898 5196 3050 5272 λόγῳ
3088 5195 3368 5258 παντελῶς
3407 5181 3737 5272 ἀκατάληπτόν

2143 5308 2202 5342 τε
2255 5288 2342 5342 καὶ
2407 5287 2784 5363 ἀπεριόριστον
2832 5290 2930 5342 τοῦ
2979 5285 3320 5362 συνανάρχου
3373 5283 3459 5339 καὶ
3511 5271 3739 5363 συναϊδίου

2145 5378 2272 5432 Υἱοῦ
2336 5361 2656 5453 γέννησιν-ὁ
2712 5377 2949 5454 ἅναρχός
3003 5398 3062 5432 τε
3261 5376 3541 5451 ἆγέννητος
3590 5361 3736 5454 υσξτήρ

2143 5451 2508 5541 ἆπεκαλὴυψεν·
2544 5467 2621 5546 ἐφ’
2655 5467 2723 5540 ᾦ,
2754 5451 2942 5543 πέτρᾳ,
2975 5463 3214 5539 θεμελίῳ
3242 5472 3340 5550 τῆς
3382 5462 3596 5550 πίστεως
3633 5451 3733 5550 ἇσξ·

2144 5552 2321 5629 λεύτῳ
2373 5541 2804 5631 χρηματίσαντι,
2858 5541 3111 5630 Χριστὸς,
3171 5557 3206 5625 ἡ
3269 5549 3432 5615 ὅντως
3487 5541 3635 5619 πέτρα
3659 5541 3734 5631 τῆς

2149 5651 2319 5718 ζωῆς,
2359 5645 2448 5702 καὶ
2500 5651 2610 5703 τῶν
2667 5641 2837 5704 ὄντων
2895 5646 3156 5718 ποιητική
3218 5665 3276 5700 τε
3331 5642 3415 5700 καὶ
3472 5626 3728 5694 πνεκτικῆν
