3930 6202
187 345 297 400 637

1227 352 1420 422 VITA,
1438 353 1798 409 -ΔΗΟΤΟΒΕ
1837 352 2207 408 MICHARLE
2246 351 2596 408 BYNGELO.

3506 347 3616 402 638

185 470 292 537 τὴν
327 467 530 524 οἰκείαν
563 469 892 542 Ἐκκλησίαν
929 470 1202 546 ἐδείματο,
1233 473 1290 528 δν
1321 495 1379 529 τε
1425 482 1523 544 τῆς
1567 473 1618 529 ἐν
1679 474 1831 551 clipu-

2014 483 2078 531 lae
2110 479 2295 548 petra,
2328 466 2426 548 qui
2459 475 2658 530 omnia
2698 474 2885 529 facere
2954 477 3011 528 et
3067 471 3364 528 continere
3421 477 3615 544 potest

190 563 306 619 νοῖς
359 559 640 621 κατοικίας
679 561 767 614 καὶ
813 558 1158 637 κληρουχίας
1196 561 1521 638 κλειδοῦχον
1568 565 1655 618 καὶ
1713 561 1848 634 κλη-

190 645 430 722 ροδὸτην
463 647 752 726 ἀπέφηνεν,
788 649 1028 720 ἐξουσίαν
1076 650 1222 722 αὐτῷ
1274 653 1418 706 Θείαν
1468 650 1614 706 λύειν
1658 673 1714 706 τε
1757 653 1845 706 καὶ

190 733 414 809 δεσμεῖν
461 738 870 811 ἁμαρτημάτων
932 741 1108 813 σειράς
1167 742 1604 816 παρασχόμενος.
1644 741 1743 798 Καὶ
1791 742 1846 802 ὃς

185 826 290 894 τὴν
360 824 614 900 βασιλίδα
644 828 859 899 Ῥώμην
912 835 1031 891 ταῖς
1075 830 1208 903 πρὸς
1251 834 1482 904 Χριστοῦ
1514 825 1847 899 Ξπανολϐίως

185 909 596 988 ἁποόρυούσαις
653 917 787 990 [καὶ]
838 918 1297 993 θαυματουργίαις
1345 921 1706 994 κατήστραψε,
1756 919 1846 973 καὶ

184 1003 289 1070 τήν
349 1000 574 1072 δυτικῆν
630 1005 982 1079 ἀμαυρότητα
1033 1008 1385 1080 μετεποίησεν
1427 1007 1505 1072 εἷς
1537 1006 1843 1082 διαυγεστά-

181 1111 288 1160 την
323 1089 692 1165 λαμπρότητα
719 1112 731 1125 ⁶
766 1093 800 1162 ἢ
834 1099 910 1165 τῷ
937 1099 1036 1160 τῆς
1073 1097 1300 1169 βροντῆς
1333 1097 1456 1168 υἱῷ,
1487 1102 1565 1170 τῷ
1611 1097 1676 1152 τά
1707 1103 1843 1161 θεῖα,

180 1181 276 1233 καὶ
331 1181 601 1254 ὑπερφυῆ,
659 1184 747 1236 καὶ
807 1185 1005 1246 πάσαις
1072 1186 1430 1261 ἀνθρωπείαις
1508 1187 1696 1248 ἀκοαῖς
1755 1185 1843 1240 καὶ

184 1268 377 1345 ιρρεσὶν
439 1264 631 1339 ἄϐατα,
662 1269 752 1324 καὶ
799 1271 987 1334 αὐταῖς
1031 1279 1150 1335 ταῖς
1199 1273 1586 1348 ὑπερκοσμίοις
1639 1274 1844 1336 οὐσίαις

186 1356 435 1430 ἀκίχητα
479 1362 558 1430 τῷ
606 1357 798 1430 κόσμῳ
859 1355 1376 1435 καταϐροντήσαντι,
1425 1363 1517 1416 ἅτε
1571 1368 1686 1423 τοῖς
1745 1369 1845 1430 τῆς

181 1443 489 1516 ἀληθινῆς,
517 1447 604 1500 καὶ
665 1446 1028 1503 ἐνυποστάτου
1088 1451 1278 1526 σοφίας
1323 1450 1658 1514 ἐπικλιθέντι
1691 1452 1843 1526 στέρ-

179 1555 320 1600 νοις,
368 1534 473 1590 κάκ
528 1540 634 1590 τῶν
695 1533 1011 1592 πανολϐίων
1069 1540 1157 1593 καὶ
1198 1538 1402 1594 ἀενάων
1461 1544 1561 1605 τῆς
1616 1561 1842 1616 κρυφιο-

186 1623 400 1694 μύστου
458 1625 645 1694 θεϊκῆς
699 1625 865 1695 αὐτῆς
919 1627 1169 1702 γνώσεως
1226 1633 1507 1705 θησαυρῶν
1539 1627 1840 1699 ’ἀπαντλή-

179 1732 333 1766 σαντι
398 1710 730 1768 διειδέστατα
780 1713 1066 1790 θεολογίας
1107 1718 1320 1790 νάματα
1355 1740 1365 1752 ·
1411 1717 1446 1787 ἢ
1508 1718 1708 1792 Παύλῳ
1762 1724 1842 1792 τῷ

182 1799 377 1873 οἰκείῳ
425 1808 748 1878 φωταγωγῷ
802 1804 891 1858 καὶ
969 1804 1313 1879 ἱεροτελεστῇ
1381 1807 1708 1883 οἰκειότερον
1779 1805 1836 1861 ἃν

181 1887 266 1958 ε’ίη
301 1896 714 1964 παρομοιῶσαι,
741 1897 821 1964 τῷ
848 1898 957 1948 τῶν
990 1893 1253 1968 οὐρανίων
1288 1891 1495 1968 ἀψίδων
1528 1891 1839 1971 ὑπερϐάντι,

177 1977 268 2032 καὶ
325 1981 396 2033 τά
459 1980 678 2054 βροτοῖς
757 1981 953 2044 ἀθέατα
1029 1984 1477 2053 κατοπτεύσαντι,
1535 1986 1622 2039 καὶ
1671 1984 1704 2038 ἀ
1761 1986 1836 2057 μὴ

182 2064 386 2138 Κξεστιν
419 2067 633 2122 ἀκούειν
679 2068 1040 2139 ἐνωτισθέντι,
1071 2072 1160 2125 καὶ
1213 2076 1694 2148 μυσταγωγηθέντι
1746 2097 1842 2147 μυ-

186 2157 493 2212 στικώτατα
525 2157 762 2232 ῥήματα,
793 2159 882 2213 καὶ
928 2164 1022 2214 τοῦ
1079 2158 1406 2234 παραδείσου
1451 2170 1551 2232 τῆς
1612 2163 1842 2239 ἀρχαίας

182 2248 341 2318 ἡμῶν
397 2243 660 2322 πατρίδος
704 2243 1133 2319 ἑπιϐατεύσαντι,
1165 2251 1255 2305 καὶ
1313 2253 1414 2320 τήν
1446 2253 1614 2307 ἐκεῖσε
1667 2275 1838 2326 μακα-

185 2335 418 2406 ριότητα
446 2335 548 2402 τήν
581 2331 853 2410 διαγωγὴν
881 2337 1230 2409 ἱστορήσαντι
1266 2359 1277 2371 ·
1311 2341 1377 2407 ἧς
1427 2340 1572 2415 παρά
1617 2342 1716 2409 τὴν
1759 2342 1838 2396 oi-

183 2420 332 2475 κείαν
367 2423 715 2496 προπέτειαν,
746 2425 834 2478 xui
873 2433 972 2494 τῆς
1022 2423 1347 2496 δεσποτικῆς
1395 2427 1623 2498 ἐντολῆς
1667 2434 1839 2505 παρά·

185 2503 345 2563 ϐάσιν
381 2509 600 2566 ἄποικοι
631 2513 911 2588 γεγόνασιν
946 2516 995 2568 o't
1029 2517 1370 2592 προπάτορες
1407 2536 1420 2550 ⁶
1453 2519 1513 2581 ’ὸς
1561 2519 1650 2573 xui
1701 2503 1840 2589 πτη-

179 2596 278 2652 νοῦ
332 2596 491 2669 δίκην
532 2601 738 2656 ἅπασαν
784 2603 883 2671 τήν
929 2603 1259 2677 οἷ’κουμὲνην
1299 2603 1612 2676 διελήλυθε,
1645 2607 1734 2662 καὶ
1789 2606 1839 2678 ἐξ

177 2686 440 2750 ἀπιστίας
474 2688 552 2751 εἲς
583 2690 759 2745 πίστιν
789 2693 890 2760 τήν
933 2691 1148 2762 ἐθνικῆν
1195 2694 1487 2767 αὐστηρίαν
1545 2695 1838 2771 ἐζώγρησε.

171 2776 396 2831 Τούτων
429 2779 528 2851 γάρ
557 2780 620 2833 τὸ
648 2785 745 2834 τοῦ
801 2781 944 2844 θείου
998 2781 1168 2851 ζήλου
1220 2780 1456 2853 διακαὲς,
1487 2785 1576 2838 καὶ
1629 2785 1692 2838 τὸ
1739 2791 1838 2854 τῆς

173 2865 401 2939 ἀγάπης
433 2866 745 2943 είλικρινὲς,
774 2870 863 2924 κάῖ
893 2873 956 2925 τὸ
994 2877 1093 2940 τῆς
1121 2871 1344 2947 γνώμης
1375 2871 1624 2941 ἐπιεικὶς,
1659 2874 1749 2928 xui
1777 2874 1839 2928 τὸ

175 2955 306 3027 περί
365 2954 493 3017 τοὺς
553 2956 722 3021 πέλας
781 2960 1077 3031 συμπαθὲς,
1105 2960 1195 3015 καὶ
1255 2963 1315 3015 τὸ
1361 2968 1460 3032 τῆς
1520 2974 1839 3041 μετριοφροο

174 3041 347 3114 σύνης
404 3045 644 3114 εὐκλεὲς,
674 3047 765 3101 καὶ
823 3049 884 3102 τὸ
926 3055 1027 3117 τῆς
1089 3046 1336 3124 ἀνδρείας
1391 3051 1480 3105 καὶ
1536 3051 1838 3126 παρρησίας

168 3133 471 3210 περιφανὲς
524 3136 928 3207 μιμησάμενος,
961 3138 1050 3191 xui
1104 3139 1240 3213 πρὸς
1277 3139 1338 3193 τὸ
1396 3147 1494 3209 τῆς
1553 3139 1832 3203 πολιτείας

1957 564 2254 637 propriam
2287 563 2602 620 Ecclesium
2639 562 2976 626 fabricavit;
3021 577 3314 633 quemque
3361 561 3614 618 ccelcstis

1957 653 2340 709 habitationis
2369 670 2434 708 ac
2457 653 2817 707 hereditatis
2839 650 3216 723 clavigerum,
3242 655 3298 704 et
3323 651 3610 706 haeredem

1957 742 2291 808 declaravit,
2326 758 2390 798 ac
2424 746 2767 812 potestatem
2801 739 2885 794 illi
2908 737 3166 794 divinam
3193 737 3410 810 ligandi
3436 743 3612 810 atque

1957 831 2221 886 solvendi
2257 834 2424 886 funes
2448 837 2817 902 peccatorum
2854 828 3120 900 praebuit.
3151 827 3256 891 Qui
3290 832 3346 882 et
3385 827 3606 897 regiam

1957 919 2200 975 Romam
2238 921 2309 976 iis
2342 919 2641 974 miraculis
2672 917 2872 984 editis,
2906 934 3034 988 quae
3081 934 3114 972 a
3158 916 3386 972 Christo
3437 916 3612 970 uber-

1955 1008 2102 1064 rime
2159 1010 2334 1064 etiam
2396 1014 2796 1070 manaverunt,
2855 1005 3191 1073 illustravit,
3224 1011 3278 1060 et
3304 1005 3609 1060 occiduam

1955 1097 2336 1153 obsuritatem
2373 1098 2428 1151 in
2465 1098 2835 1168 splendorem
2889 1093 3288 1149 clarissimum
3340 1109 3608 1148 commu-

1961 1189 2126 1241 tavit.
2155 1189 2271 1242 Aut
2301 1187 2476 1242 etiam
2537 1183 2970 1256 comparandus
3029 1183 3246 1237 tonitru
3311 1181 3606 1250 Filio,qui

1956 1276 2150 1329 divina
2182 1281 2240 1330 et
2271 1275 2572 1339 sublimia,
2605 1279 2660 1328 et
2681 1271 2954 1328 omnibus
2981 1270 3253 1326 humanis
3274 1271 3517 1325 auribus
3539 1286 3607 1325 ac

1954 1365 2252 1419 mentibus
2285 1365 2608 1429 inaccessa,
2640 1379 2767 1433 quae
2792 1378 2896 1416 nec
2923 1360 3255 1432 ipsisetiam
3273 1358 3605 1415 caelestibus

1954 1453 2304 1508 substantiis
2334 1451 2934 1522 comprehendantur,
2963 1449 3183 1504 mundo
3231 1448 3508 1512 intonuit,
3543 1452 3607 1502 ut

1954 1544 2057 1614 qui
2094 1559 2271 1612 super
2303 1548 2531 1612 pectore
2579 1557 2723 1595 verae
2773 1543 2830 1594 et
2879 1538 3262 1594 subsistentis
3305 1536 3602 1609 sapientia

1963 1631 2332 1699 recubuerat,
2366 1642 2422 1684 et
2445 1647 2514 1684 ex
2540 1629 2728 1684 beatis
2760 1642 3102 1699 semperque
3134 1625 3457 1680 ﬂuentibus
3481 1641 3602 1698 my-

1953 1720 2110 1774 sticae
2145 1737 2211 1774 ac
2244 1720 2452 1774 divinae
2484 1718 2674 1790 ipsius
2703 1717 3055 1788 cognitionis
3087 1714 3386 1770 thesauris
3418 1713 3604 1770 ﬂuen-

1952 1809 2035 1863 tia
2054 1808 2376 1879 purissima
2397 1807 2694 1862 hauserat.
2718 1805 2820 1859 Vel
2846 1804 3021 1859 Paulo
3045 1806 3172 1873 ejus
3195 1803 3602 1858 illuminatori.

1951 1903 2008 1952 et
2039 1898 2462 1953 sacriﬁciorum
2497 1895 2728 1968 praesidi
2760 1893 3202 1950 convenientius
3240 1898 3395 1948 esset
3431 1891 3601 1946 illum

1951 2003 2314 2058 comparare,
2369 1985 2470 2057 qui
2524 2001 2779 2041 convexa
2833 1983 3112 2039 cmlorum
3182 1997 3603 2055 supergressus

1952 2082 2060 2143 est,
2095 2081 2151 2131 et
2181 2093 2248 2131 ea
2273 2093 2399 2146 que
2432 2092 2466 2129 a
2516 2073 2862 2129 mortalibus
2921 2088 3224 2142 nunquam
3285 2071 3409 2125 visa
3437 2074 3600 2134 sunt,

1949 2165 2224 2237 inspexit,
2260 2169 2316 2219 et
2346 2181 2474 2236 qua
2509 2180 2618 2218 non
2654 2161 2789 2218 licet
2816 2162 3041 2226 audire,
3074 2159 3295 2215 audivit
3326 2159 3603 2214 secretis-

1951 2255 2102 2309 sima
2132 2254 2326 2308 verba.
2360 2253 2465 2318 Qui
2497 2253 2554 2306 in
2586 2251 2858 2323 paradiso
2918 2254 3120 2304 nostra
3175 2248 3351 2302 veteri
3409 2247 3601 2318 patria

1951 2341 2293 2406 ambulavit,
2328 2346 2384 2396 et
2415 2340 2863 2407 beatitudinem,
2893 2355 3020 2409 quae
3054 2336 3175 2391 illic
3205 2341 3314 2402 est,
3349 2335 3598 2406 vitaeque

1950 2430 2287 2485 institutum
2320 2429 2702 2500 perscripsit:
2730 2445 2761 2482 a
2784 2444 2898 2498 qua
2921 2428 2991 2481 ob
3016 2424 3308 2498 propriam
3337 2423 3598 2495 petulan-

1950 2518 2117 2588 tiam,
2150 2525 2206 2572 et
2237 2519 2390 2573 372
2425 2518 2688 2589 praecepli
2723 2514 2902 2570 divini
2934 2513 3463 2585 transgressionem
3495 2529 3593 2567 ex-

1949 2612 2136 2662 torres
2169 2607 2303 2661 facti
2336 2612 2476 2683 sunt
2509 2605 2679 2677 primi
2714 2609 2984 2676 parentes
3015 2602 3220 2658 nostri.
3254 2602 3362 2668 Qui
3411 2603 3598 2656 instar

1952 2697 2076 2751 avis
2135 2695 2474 2750 universum
2536 2697 2733 2750 orbem
2793 2699 2958 2748 terraa
3017 2692 3369 2764 peragravit,
3415 2693 3472 2746 et.
3523 2707 3593 2745 ex

1950 2784 2299 2841 infidelitate
2331 2786 2401 2840 ad
2457 2785 2628 2839 fidem
2681 2788 2940 2854 agrestes
2995 2779 3243 2853 gentiles
3289 2780 3594 2835 convertit.

1948 2877 2169 2929 Horum
2202 2874 2355 2929 enim
2418 2874 2681 2928 ardorem
2734 2871 2911 2926 divini
2970 2870 3097 2938 zeli,
3141 2885 3207 2925 ac
3266 2867 3598 2923 dilectionis

1950 2965 2344 3031 severitatem,
2377 2962 2555 3017 animi
2591 2960 3127 3025 mansuetudinem,
3153 2960 3211 3012 in
3236 2957 3600 3030 propinquos

1949 3052 2545 3120 commiserationem,
2580 3051 2883 3106 modestiae
2913 3047 3334 3115 celebritatem,
3369 3046 3599 3101 fortitu-

1948 3141 2104 3197 dinis
2128 3149 2182 3198 et
2202 3140 2491 3197 libertatis
2514 3139 2791 3211 loquendi
2811 3137 3182 3210 splendorem
3234 3135 3524 3202 imitatus,
3545 3138 3600 3190 et

167 3222 405 3276 ἑκάστου
467 3221 696 3286 θεοειδὶς
747 3227 846 3294 τὴν
904 3227 1095 3281 ἑαυτοῦ
1141 3227 1330 3302 βιοτὴν
1363 3227 1498 3300 ὅλην
1563 3242 1831 3307 μεθαρμο-

2010 3230 2170 3285 [ᾰὶνί.
2203 3248 2301 3286 um
2323 3229 2640 3300 cujuslibet
2664 3228 2899 3283 illorum
2919 3227 3050 3282 vita;
3073 3225 3409 3280 institutum
3432 3240 3597 3280 suam

169 3311 431 3383 σάμενος,
464 3313 562 3381 τῆν
598 3312 968 3384 άποστολικὴν
1000 3314 1230 3386 ἐπαξίως
1286 3319 1431 3392 παρά
1484 3319 1682 3395 Κυρίου
1731 3320 1832 3395 χά-

169 3421 257 3474 ριν
294 3399 610 3471 ἐκοςιίσατο,
641 3403 729 3456 xui
765 3404 1010 3476 σημείων
1063 3401 1316 3477 δύναμιν,
1349 3407 1437 3460 xui
1486 3409 1830 3487 προφητικῆν

167 3485 480 3562 ἔλλαμψιν,
514 3491 602 3544 καὶ
636 3491 921 3566 θεολογίας
952 3493 1213 3570 πέλαγος.

243 3703 365 3769 Τὴν
423 3703 525 3778 γάρ
576 3703 636 3758 ἐκ
672 3711 770 3774 τῆς
799 3705 1133 3777 Ἑλληνικῆς
1161 3707 1306 3780 αὐτῷ
1363 3713 1831 3786 συναγηγερμένην

169 3791 370 3867 σοφίαν
431 3789 764 3856 παιδεύσεως
815 3794 1165 3870 θεραπαινίδα
1218 3804 1320 3866 τῆς
1374 3795 1485 3852 ἄνω
1537 3801 1829 3870 καταταξά-

168 3900 359 3952 μενος,
420 3880 508 3934 κάξ
565 3883 802 3958 καθάπερ
861 3886 1001 3961 σοφὴ
1077 3883 1326 3958 μέλιττα,
1377 3886 1443 3940 τά
1518 3895 1618 3957 τῆς
1682 3890 1828 3944 κάτω

163 3966 623 4040 καλλιστεύματα
678 3975 745 4044 τῇ
803 3972 918 4043 θείᾳ
972 3973 1060 4027 καὶ
1121 3973 1360 4050 οὐρανίῳ
1434 3974 1827 4050 καλλιερήσας,

161 4056 257 4110 καὶ
286 4057 426 4131 πρὸς
486 4064 584 4126 τῆς
625 4063 1069 4134 θεαρχικωτάτης
1100 4057 1482 4136 φωτοϐλυσίας
1513 4063 1829 4139 πληρωθεὶς

161 4143 539 4218 ἄμπνεύσεως,
570 4145 846 4218 λελάληκὲ
891 4170 948 4203 τε
989 4150 1080 4204 καὶ
1123 4149 1506 4227 τεθεολόγηκε,
1553 4155 1643 4208 καὶ
1702 4176 1828 4209 συν-

159 4233 368 4310 τέταχε
422 4235 490 4289 τά
545 4239 668 4290 νοῦν
731 4237 938 4292 ἅπαντα
994 4238 1446 4310 καταπλήττοντα
1481 4260 1492 4272 ·
1549 4242 1656 4298 ἀπὸ
1725 4244 1826 4320 γὰρ

158 4331 264 4393 τῆς
291 4327 404 4378 τῶν
440 4325 734 4399 ὁρωμὲνων
768 4323 1103 4402 διασκέψεως
1160 4328 1247 4384 ἐπὶ
1286 4332 1386 4398 τήν
1433 4335 1541 4386 τῶν
1579 4331 1825 4405 ἀοράτων

161 4410 508 4482 ἆναπόλησιν
567 4413 805 4478 ἀναπτάς
858 4420 938 4488 τῷ
983 4415 1252 4494 λογισμῷ,
1312 4419 1401 4473 καὶ
1458 4420 1553 4484 τὰς
1611 4423 1825 4496 τριττάς

159 4505 265 4554 τῶν
328 4501 714 4576 ὑπερκοσμίων
788 4502 1188 4581 λαμπροτάτων
1243 4510 1532 4584 ταγμάτων
1595 4509 1825 4582 Ἐκκλη-

165 4589 284 4652 σίας

164 4677 503 4753 άγιωτάτους
564 4679 884 4754 ἀγγελικοὺς
943 4680 1297 4756 διακόσμούς,
1358 4685 1447 4740 οἷά
1513 4708 1596 4749 τις
1664 4689 1824 4762 ὑπερ-

160 4767 396 4840 κόσμιος
456 4768 745 4843 τυγχάνων
793 4771 884 4824 καί
956 4771 1206 4844 οὐράνιος
1262 4771 1511 4850 ἅγγελος,
1563 4776 1652 4830 καὶ
1708 4782 1824 4839 τοῖς

163 4856 482 4929 ἀσωμάτοις
543 4858 826 4930 ὁμοταγῆς
895 4859 1166 4916 κάλλιστα
1223 4860 1685 4938 διαγραψάμενος,
1735 4866 1824 4920 καὶ

161 4945 256 5011 τῆν
304 4945 358 4998 ἐν
410 4945 598 5006 αὐτοῖς
649 4946 889 5016 εὐταξίαν
927 4949 1017 5002 καὶ
1048 4951 1301 5026 οὐρανίαν
1336 4952 1616 5027 ἱεραρχίαν
1662 4975 1824 5009 κατα-

163 5031 343 5102 λέξας,
373 5035 436 5088 τὸ
465 5041 568 5102 τῆς
595 5037 780 5109 ψυχῆς
812 5035 1106 5114 φωτοειδὲς
1151 5035 1402 5102 εὐλαϐῶς
1451 5039 1538 5095 ἐπὶ
1577 5042 1671 5097 τὸν
1723 5050 1823 5112 τῆς

166 5122 428 5197 ὑπερθὲου
482 5121 764 5194 θειότητος
822 5127 997 5181 θῶκον
1058 5127 1315 5184 ἀνατείνει
1354 5151 1366 5164 ο
1423 5129 1512 5184 xui
1569 5137 1686 5194 τοῖς
1746 5137 1825 5205 τῷ

164 5211 294 5285 θείῳ
352 5213 442 5268 καὶ
499 5215 954 5289 καθαρτικωτάτῳ
1007 5221 1348 5294 καθαρθεῖσιν
1423 5220 1643 5294 ἄνθρακι
1702 5223 1819 5296 χείο

162 5298 281 5356 λεσι
345 5300 597 5376 θεολογεῖ
651 5304 749 5372 τὴν
801 5304 852 5358 ἐν
912 5304 1106 5380 Τριάδι
1171 5306 1296 5381 μίαν
1328 5306 1654 5383 ἀδιαίρετον,
1687 5309 1826 5365 ἄκτι-

164 5410 290 5445 στον
325 5391 588 5462 Θεότητα,
626 5413 751 5466 μιαν
787 5396 1089 5468 Κυριότητα
1120 5403 1226 5453 τῶν
1261 5396 1405 5452 ὅλων
1453 5397 1820 5476 δημιουργὸν,

162 5483 535 5554 προνοητικήν
587 5502 647 5536 τε
702 5482 792 5536 καὶ
852 5489 1193 5558 συνεκτικὴν,
1237 5489 1363 5560 μίαν
1419 5487 1628 5558 οὐσίαν,
1693 5490 1822 5562 μίαν

161 5567 428 5638 εξουσίαν,
478 5568 568 5623 καὶ
619 5569 918 5645 βασιλείαν,
983 5573 1073 5628 καὶ
1123 5573 1378 5649 δύναμιν,
1425 5577 1515 5632 καὶ
1576 5576 1698 5651 μίαν
1736 5579 1820 5634 θέ-

161 5651 327 5727 λησίν
385 5678 443 5712 τε
488 5657 578 5713 xui
627 5657 918 5735 ἒνὲργειαν,
976 5659 1220 5728 καὶτὰς
1294 5663 1345 5719 ἐν
1411 5662 1602 5739 μονάδι
1674 5671 1822 5742 τρεῖς

1943 3321 2134 3392 ipsius
2193 3321 2477 3389 attingens
2535 3317 2911 3390 apostolicam
2970 3315 3238 3385 gratiam,
3284 3313 3594 3369 miraculo-

1940 3427 2193 3482 rumque
2277 3413 2625 3480 potestatem
2715 3405 3124 3479 propheticum
3197 3402 3593 3474 splendorem,

1941 3504 1998 3554 et
2028 3498 2316 3553 abditiora
2355 3497 2663 3569 theologia
2713 3495 2993 3567 mysteria
3043 3493 3220 3565 digne
3268 3509 3302 3546 a
3349 3491 3596 3547 Domino

1939 3587 2162 3642 retulit.

2010 3710 2370 3783 Sapientiam
2403 3709 2584 3776 enim,
2615 3725 2742 3779 qua?
2787 3707 2859 3761 ab
2891 3705 2989 3760 illo
3014 3720 3081 3760 ex
3101 3707 3432 3759 Graecorum
3457 3719 3590 3758 eru-

1937 3799 2158 3853 ditione
2188 3797 2429 3853 collecta
2459 3802 2569 3865 est,
2614 3794 2943 3866 disciplinae
3001 3792 3254 3847 caelestis
3315 3790 3589 3845 ancillam

1939 3887 2275 3953 constituit,
2307 3891 2364 3942 et
2393 3891 2456 3940 ut
2489 3886 2746 3956 prudens
2787 3884 2914 3954 apis
2963 3882 3216 3953 profanae
3262 3879 3586 3950 disciplina:

1937 3981 2283 4032 ornamenta
2313 3975 2520 4030 divinae
2552 3980 2608 4029 et
2631 3974 2850 4028 cmlesti
2878 3969 3180 4042 theologia:
3203 3971 3589 4034 consecravit,

1937 4082 2004 4121 ac
2035 4082 2069 4120 a
2099 4081 2377 4136 supremo
2410 4063 2617 4117 divinae
2650 4061 2799 4116 lucis
2832 4061 2989 4116 fonte
3019 4058 3240 4129 Spiritu
3270 4057 3480 4130 plenus
3506 4055 3588 4112 lo-

1936 4158 2109 4208 cutus
2158 4157 2264 4221 est,
2313 4157 2369 4208 et
2417 4151 2487 4206 de
2537 4150 2712 4205 rebus
2767 4149 2977 4204 divinis
3046 4147 3348 4211 disseruit,
3402 4162 3587 4219 eaque

1937 4243 2293 4315 composuit,
2343 4258 2469 4312 qua!
2527 4256 2762 4295 omnem
2817 4243 3068 4294 mentem
3130 4237 3188 4292 in
3247 4235 3588 4292 admiratio-

1937 4348 2070 4388 nem
2105 4330 2526 4402 pertraherent.
2559 4330 2603 4384 A
2643 4327 3112 4383 consideratione
3168 4325 3324 4380 enim
3383 4340 3586 4380 eorum

1937 4437 2064 4492 quea
2096 4421 2388 4489 videntur,
2420 4418 2491 4473 ad
2526 4433 2725 4473 eorum
2759 4434 2884 4488 quae
2947 4433 3061 4470 non
3110 4413 3382 4469 videntur
3450 4429 3588 4467 con-

1935 4509 2376 4582 templationem
2412 4507 2858 4562 ratiocinatione
2888 4520 3127 4559 sursum
3165 4501 3394 4568 volans,
3436 4506 3584 4556 tres-

375 4589 774 4666 ἐπιθεωρήσας,
846 4595 936 4648 καὶ
1004 4594 1132 4657 τοὺς
1208 4599 1326 4651 καθ’
1394 4597 1622 4669 ἑκάστην
1681 4605 1830 4672 τρεῖς

2010 4616 2052 4654 ιθ
2109 4597 2570 4653 clarissimorum
2639 4594 2963 4652 caelestium
3039 4590 3312 4647 ordinum
3380 4596 3584 4659 ccetus,

1936 4705 2004 4744 ac
2033 4693 2151 4742 tres
2182 4686 2591 4742 sanctissimos
2639 4682 2934 4755 angelicos
2965 4685 3282 4753 apparatus
3335 4679 3393 4732 in
3461 4679 3584 4734 sin-

1935 4777 2092 4849 gulis
2124 4775 2482 4847 speculatus,
2519 4790 2633 4827 non
2667 4771 2834 4826 aliter
2864 4788 2928 4826 ac
2962 4771 3011 4825 si
3054 4769 3292 4824 divinus
3341 4766 3582 4838 quidam

1935 4871 2107 4936 atque
2139 4863 2393 4920 caelestis
2419 4867 2573 4918 esset
2603 4861 2869 4933 angelus,
2902 4867 2958 4916 et
2989 4861 3044 4914 in
3078 4875 3280 4914 eorum
3317 4856 3417 4929 qui
3455 4872 3581 4910 cor-

1934 4971 2073 5027 pore
2121 4958 2342 5022 carent,
2377 4951 2623 5006 classem
2670 4955 2973 5022 coopatus,
3007 4948 3392 5016 ordinemque
3431 4946 3585 5001 inter

1932 5045 2089 5116 ipsos
2119 5049 2175 5098 et
2205 5058 2431 5098 sacram
2468 5040 2871 5112 praefecturam
2906 5039 3150 5094 sortitus
3203 5035 3577 5108 splendorem

1934 5133 2116 5190 animi
2143 5133 2214 5187 ad
2247 5132 2445 5186 sedem
2478 5127 2898 5185 ccnlestissimaa
2944 5125 3268 5182 divinitatis
3310 5125 3580 5196 religiose

1934 5222 2166 5291 attollit,
2185 5220 2475 5291 labiisque
2500 5217 2696 5272 divino
2738 5222 2794 5272 et
2827 5215 3143 5288 purissimo
3166 5214 3416 5271 carbone
3440 5231 3582 5285 pur-

1937 5312 2111 5385 gatis,
2145 5326 2323 5366 unam
2358 5307 2718 5364 individuam
2751 5305 2808 5360 in
2843 5307 3148 5372 Trinitate,
3181 5303 3580 5360 etincreatam

1935 5400 2322 5468 divinitatem,
2344 5412 2521 5452 unam
2546 5393 3029 5460 dominationem,
3055 5411 3182 5466 quae
3206 5392 3404 5449 omnia
3425 5408 3582 5446 crea-

1931 5490 2033 5555 vit,
2063 5486 2346 5561 praevidit,
2374 5489 2430 5541 et
2459 5482 2924 5552 continet,unam
2952 5482 3372 5552 substantiam,
3399 5497 3576 5537 unam

1931 5581 2305 5654 potestatem,
2331 5579 2390 5630 et
2417 5589 2686 5646 regnum,
2717 5577 2774 5629 et
2799 5574 3147 5647 potentiam,
3179 5588 3358 5629 unam
3376 5570 3581 5627 volun-

1931 5676 2112 5728 tatem
2143 5671 2201 5725 et
2224 5663 2643 5738 operationem,
2674 5668 2731 5720 et
2764 5668 2882 5721 tres
2911 5663 2970 5718 in
2990 5663 3214 5720 unitate
3235 5663 3580 5734 bypostascs
