3930 6202
413 341 519 396 639

1651 348 1709 400 Β.
1751 345 2054 400 DIONYBIl

2165 341 2586 397 REOPAGITE
3669 351 3752 407 640

411 464 676 534 ejusdem
735 463 1102 530 substantia,
1135 469 1467 534 coaeternus,
1525 483 1591 522 ac
1661 483 1866 524 omnes
1937 465 2054 521 sine

2181 461 2510 534 ὁμοουσίους
2543 483 2602 516 τε
2648 462 2738 516 καὶ
2789 459 3098 524 συναϊδίους
3138 464 3225 517 καὶ
3274 463 3610 541 ωνανάρχους
3651 472 3748 525 ὑπο.

409 553 718 624 principio,
755 569 991 608 numero
1024 555 1286 625 quidem,
1320 561 1378 611 et
1435 556 1892 628 praprietatibus
1948 554 2060 608 im-

400 642 786 699 mutabilibus
817 648 874 698 et
921 642 1326 699 immobilibus
1367 645 1606 709 divisas,
1659 661 1792 700 cum
1842 643 2060 715 alioqui

402 731 521 788 sint
548 731 796 787 invicem
826 732 955 787 sine
980 734 1907 807 confusioneunitae,singulzeque
1925 749 2058 788 cum

404 821 765 893 proprietate
797 839 904 877 sua
935 823 1404 888 considerantur,
1433 840 1546 878 non
1583 824 1728 892 loco,
1759 840 1873 877 non
1918 839 2062 876 con-

404 911 566 980 ﬁnio,
601 927 790 982 neque
821 911 1082 982 qualibet
1109 911 1656 984 circumscriptione
1686 913 2060 984 (incorporea;

405 1001 561 1055 enim
597 1007 737 1056 sunt
763 1017 868 1056 nec
917 1001 1322 1057 circumscribi
1377 1003 1650 1074 possunt)
1707 1007 2052 1073 separatas;

407 1105 611 1162 apage,
647 1091 747 1145 sed
781 1089 923 1145 solis
974 1090 1359 1146 relationibus
1413 1092 1722 1147 distinctas
1772 1090 2059 1146 divinitus

411 1177 726 1248 eloquitur,
754 1184 1046 1250 quatenus
1073 1178 1361 1250 triplicem
1395 1179 1632 1236 illorum
1665 1181 2060 1236 enumeratio-

406 1283 538 1322 nem
570 1268 794 1339 absque
815 1268 1220 1339 inquinatione
1241 1286 1306 1323 ac
1327 1269 1627 1325 collisione
1649 1270 1905 1341 cogitare
1925 1269 2064 1325 licet

404 1372 521 1411 uno
550 1356 716 1411 cultu
751 1362 806 1411 et
837 1357 1174 1413 adoratione
1222 1363 1555 1414 veneratur.
1609 1359 1800 1415 Unum
1850 1364 2058 1425 Deum,

409 1461 591 1500 unum
626 1444 939 1500 Dominum
976 1445 1086 1500 sibi
1140 1445 1449 1502 colendum
1511 1450 1802 1520 proponit,
1838 1447 1936 1518 qui
1997 1446 2057 1501 in

404 1534 598 1589 tribus
630 1534 1045 1607 hypostasibus
1075 1536 1228 1591 878
1258 1537 1540 1591 adoratur
1567 1542 1623 1592 et
1651 1536 1883 1603 colitur,
1915 1537 2057 1591 dum

406 1624 478 1678 ad
511 1640 695 1678 unum
731 1624 1083 1696 principium
1116 1631 1174 1680 et
1203 1642 1444 1680 causam
1475 1626 1658 1680 Filius
1701 1631 1758 1681 et
1803 1620 2058 1696 Spiritus

405 1717 646 1768 sanctus
677 1713 1028 1768 referuntur.
1062 1714 1130 1768 Et
1153 1719 1216 1768 ut
1232 1713 1415 1770 Filius
1440 1715 1677 1787 quidem
1701 1720 1836 1770 ante
1861 1715 2062 1769 omnis.

403 1800 618 1900 saecula
648 1819 682 1855 a
729 1801 850 1900 solo
904 1803 1102 1900 .Patre,
1136 1803 1254 1858 sive
1284 1805 1354 1858 ab
1388 1803 1552 1858 illius
1615 1803 1968 1900 substantia,
2001 1807 2059 1858 et
2087 1835 2136 1900 Β

401 1890 527 1947 solo
557 1895 615 1946 et
646 1890 839 1954 unice,
871 1890 998 1946 sine
1029 1908 1291 1963 corpore,
1324 1893 1451 1948 sine
1481 1893 1711 1958 affectu,
1744 1892 1872 1947 sine
1901 1900 2053 1947 tem-

400 1996 540 2052 pore
570 1985 745 2034 natus
776 1979 875 2034 sit.
908 1985 1137 2036 Rursus
1168 1997 1300 2036 vero
1334 1987 1397 2036 ut
1425 1982 1680 2053 Spiritus
1710 1985 1949 2037 sanctus
1981 1981 2054 2036 ab

401 2069 529 2140 ipso
561 2067 685 2124 solo
717 2069 886 2124 Patre
920 2069 1308 2135 descenderit,
1341 2076 1399 2126 et
1431 2088 1532 2142 per
1579 2069 1790 2126 Filium
1816 2086 2054 2142 proces-

400 2158 566 2225 serit,
592 2161 649 2212 et
681 2157 1023 2214 hominibus
1055 2175 1117 2214 se
1147 2160 1494 2229 ostenderit,
1530 2159 1708 2215 unius
1755 2159 2054 2231 principa-

397 2250 528 2302 tum
559 2247 839 2315 edocens,
873 2265 988 2304 non
1013 2265 1186 2320 quem
1211 2266 1329 2304 una
1353 2265 1604 2321 persona
1625 2247 2055 2304 circumscribit

400 2337 680 2406 (statuere
711 2335 869 2391 enim
910 2353 1096 2391 unum
1130 2353 1331 2392 secum
1387 2338 1684 2394 dissidens
1731 2341 1821 2392 est
1870 2336 2055 2392 multa

399 2426 701 2492 statuere),
734 2425 834 2480 sed
866 2441 1042 2496 quem
1080 2430 1301 2480 natura:
1333 2444 1439 2498 par
1484 2427 1725 2483 honoris
1773 2425 2052 2492 conditio,

401 2517 458 2568 et
485 2514 683 2569 eadem
717 2513 945 2569 consilii
979 2515 1313 2585 concordia,
1345 2521 1404 2571 et
1434 2517 1585 2571 idem
1621 2520 1838 2579 motus,
1872 2519 1929 2571 et
1980 2515 2052 2570 ad

401 2619 587 2658 unum
618 2619 687 2658 ex
717 2603 912 2675 seipso
944 2604 1303 2676 conspiratio
1333 2605 1661 2661 constituit.

473 2728 583 2784 Sed
606 2743 708 2797 ego
737 2728 878 2783 dum
910 2728 1109 2801 magni
1133 2728 1381 2799 hujusce
1397 2728 1652 2800 theologi
1674 2727 2054 2784 excelsissisi-

404 2832 563 2872 mam
595 2816 944 2887 sapientiam
974 2817 1306 2872 humilibus
1329 2817 1630 2872 tenuitatis
1654 2821 1864 2872 nostrae
1896 2814 2052 2871 locu-

402 2903 662 2959 tionibus
693 2906 994 2960 ostendere
1026 2911 1312 2977 pertento,
1345 2905 1558 2961 similis
1589 2905 1640 2960 ei
1672 2905 1855 2960 videri
1917 2921 2050 2977 pos-

400 2991 513 3044 sim
535 2992 633 3061 qui
667 2993 859 3047 cotula
879 2992 1015 3047 velit
1037 2994 1318 3060 abyssum
1331 2993 1870 3049 exhaurire.Exstat
1893 2993 2049 3050 enim

402 3078 552 3133 liber
582 3079 776 3133 divino
807 3080 1120 3150 splendore
1149 3080 1381 3152 plenus,
1403 3082 1499 3152 qui
1522 3082 1718 3137 radios
1740 3082 2049 3136 verborum

2171 550 2402 620 στάσεις,
2461 551 2684 624 ἀριθμῷ
2755 551 2846 624 μὲν
2910 552 2998 606 καὶ
3072 549 3337 623 ἰδιότησιν
3402 554 3747 627 ἀμεταπτώτως

2169 639 2257 693 καὶ
2311 640 2591 709 ἀκινήτοις
2671 637 3074 715 διαιρουμένας,
3120 640 3404 714 ένουμένας
3462 642 3513 698 δὲ
3565 647 3746 720 θεότητι,

2171 729 2234 782 ού
2268 729 2751 806 συναλειφομένας,
2785 729 2911 784 ἀλΛ’
2945 729 2994 784 ἰν
3029 727 3304 800 ἀλλήλαις
3353 732 3640 808 ἀσυγχύτως
3685 735 3748 791 οὔ·

2169 838 2286 886 σας,
2343 818 2572 888 ἑκάστην
2627 819 2763 891 μετά
2817 821 2918 888 τῆς
2969 816 3244 890 ἰδιότητος
3305 824 3663 897 θεωρουμένας,
3706 827 3747 881 οὗ

2167 906 2343 980 τόπῳ,
2379 906 2440 960 οὐ
2471 912 2838 982 περιορισμῷ⁹
2873 904 2984 962 οὐδ’
3019 909 3275 979 ὁποιᾳοῦν
3321 916 3606 989 περιγραφῇ
3630 913 3749 985 (ἀσώο

2174 1015 2333 1067 ματοι
2385 995 2488 1070 γὰρ
2537 996 2626 1049 καὶ
2689 995 3081 1070 ἀπερίγραπτοι
3197 993 3550 1070 διισταμένας,
3591 997 3749 1074 ἄπαγιί

2169 1081 2317 1138 ἀλλὰ
2371 1080 2562 1156 μόναις
2608 1089 2728 1146 ταῖς
2779 1083 3039 1147 ἐπινοίαις
3085 1082 3553 1157 διαστελλομένας,
3581 1089 3680 1143 ὅσον
3713 1110 3753 1164 γε

2168 1178 2448 1227 κατανοεῖν
2501 1170 2775 1248 ἐνδέχεται
2823 1173 2922 1242 τὴν
2968 1171 3254 1247 τριαδικὴν
3309 1173 3478 1229 αὐτῶν
3517 1173 3631 1252 δίχα
3653 1197 3752 1254 φυρ-

2173 1265 2278 1332 μοῦ
2335 1260 2426 1315 καὶ
2471 1258 2806 1339 συναλοιφῆς
2867 1261 3261 1336 ἀπαρίθμησιν,
3306 1268 3404 1335 μιᾷ
3457 1262 3650 1340 λατρεία
3691 1267 3753 1318 ιιαέ

2168 1351 2535 1424 προσκυνήσει
2586 1348 2989 1426 λατρευομένας
3036 1351 3125 1405 καὶ
3193 1353 3658 1425 προσκυνουμένας,
3691 1353 3753 1408 ’ἑνί

2169 1440 2321 1507 Θεὸν,
2382 1437 2474 1494 ἕνα
2551 1439 2748 1515 Κύριον
2819 1435 2994 1494 σέϐειν
3058 1440 3458 1514 ὑποτιθέμενος,
3513 1441 3560 1496 ἰν
3621 1429 3752 1517 τρισίν

2170 1528 2493 1583 ὑποστάσεσι
2545 1527 2940 1602 λατρευόμενόν
2984 1549 3041 1584 τε
3089 1529 3178 1584 καὶ
3216 1531 3670 1606 προσκυνούμενον,
3697 1531 3752 1593 εἷς

2172 1617 2295 1690 μίαν
2328 1618 2508 1692 ἀρχὴν
2552 1618 2641 1672 καὶ
2674 1617 2846 1672 αἰτίαν
2892 1623 2990 1672 τοῦ
3047 1619 3170 1673 ι’ιοῦ
3217 1619 3308 1673 καὶ
3363 1624 3457 1674 τοῦ
3503 1619 3754 1692 Πνεύματης

2169 1706 2584 1783 ἀναφερομένων
2619 1725 2632 1738 ⁸
2668 1705 2757 1761 καὶ
2786 1711 2884 1761 τοῦ
2927 1708 3021 1778 μὲν
3058 1709 3187 1761 Υἱοῦ
3217 1707 3323 1778 πρὸ
3353 1708 3554 1763 πάντων
3585 1708 3751 1762 αἲώνων

2167 1793 2227 1849 ἐκ
2285 1795 2452 1868 μόνου
2508 1799 2605 1850 τοῦ
2665 1796 2900 1869 Πατρὸς,
2930 1793 3098 1870 ἤγουν
3131 1795 3192 1851 ἐκ
3230 1804 3329 1866 τῆς
3385 1797 3562 1858 οὐσίας
3609 1796 3750 1865 αὐτοῦ,

2165 1884 2562 1959 γεγεννημένου
2608 1885 2698 1940 καὶ
2751 1885 2938 1958 μόνου,
2985 1886 3074 1940 καὶ
3129 1887 3335 1959 μόνως,
3378 1885 3753 1959 ἀσωμάτως,καὲ

2164 1974 2409 2043 ἀπαθῶς,
2439 1973 2528 2028 καὶ
2577 1973 2829 2049 ἀχρόνως
2863 1994 2876 2006 ·
2929 1978 3025 2028 τοῦ
3078 1972 3125 2029 δ’
3169 1973 3237 2030 αὖ
3287 1975 3584 2048 ΙΙνεύματος
3615 1976 3658 2044 ἑξ
3681 1976 3753 2029 αὖ·

2160 2067 2257 2118 τοῦ
2308 2063 2475 2136 μόνου
2526 2067 2622 2117 τοῦ
2680 2064 2889 2140 [ἰατρὸς
2936 2063 3392 2138 ικπορευομένου,
3448 2065 3529 2118 καὶ
3575 2061 3647 2118 διὰ
3681 2067 3754 2118 τοῦ

2164 2153 2290 2206 Υἶοῦ
2338 2151 2649 2227 προϊόντος,
2680 2153 2770 2206 καὶ
2824 2157 2939 2214 τοῖς
2992 2154 3305 2225 ἀνθρώποις
3353 2153 3650 2232 πεφηνότος,
3684 2173 3753 2224 μο·

2161 2241 2386 2316 ναρχίαν
2421 2237 2715 2313 διδάσκων,
2740 2242 2852 2315 οὐχ
2891 2243 2958 2310 ἣν
3001 2241 3058 2296 ἓν
3106 2244 3428 2317 περιγράφει
3484 2243 3750 2315 πρόσωπον

2162 2326 2296 2402 (ἐστι
2345 2329 2449 2405 γὰρ
2493 2331 2557 2384 τὸ
2605 2329 2660 2384 ’ὲν
2712 2331 2994 2400 στασιάζον
3047 2332 3184 2405 πρὸς
3225 2331 3386 2386 ἑαυτὸ
3439 2330 3604 2386 πολλά
3637 2329 3750 2393 xcet-

2162 2421 2430 2490 maaeat')
2475 2416 2600 2474 ἀλλ’
2648 2419 2708 2486 ἣν
2776 2418 3045 2491 ὁμοτιμία
3111 2418 3393 2489 συνίστησι
3448 2419 3648 2493 φύσεως,
3685 2415 3750 2470 καί

2161 2507 2436 2580 σύμπνοια
2482 2507 2732 2582 γνώμης,
2783 2507 2874 2562 καὶ
2919 2507 3185 2580 ταύτότης
3226 2511 3513 2581 κινήσεως,
3540 2508 3617 2563 καὶ
3651 2505 3750 2577 πρὸς

2159 2597 2222 2652 τὸ
2249 2595 2305 2651 ἓν
2338 2595 2389 2667 ἐξ
2419 2595 2584 2652 αὐτοῦ
2613 2595 2907 2660 σύννευσις,

2230 2719 2390 2778 Ἀλλ’
2438 2716 2589 2776 ἔοικα
2661 2726 2740 2793 τῷ
2808 2721 3015 2796 κοτύλῃ
3067 2728 3284 2796 μετρεῖν
3339 2720 3631 2798 βουλομένῳ
3673 2720 3746 2786 τήν

2159 2803 2418 2878 ἄϐυσσον,
2445 2809 2542 2876 τήν
2569 2813 2666 2863 τοῦ
2717 2811 2962 2884 μεγάλου
3012 2809 3283 2885 θεολόγου
3312 2811 3500 2866 τούτου
3533 2827 3749 2880 πανυπερ-

2156 2898 2322 2969 τάτην
2380 2896 2665 2972 θεολογίαν
2719 2904 2835 2960 τοῖς
2915 2900 3017 2968 τὴς
3079 2901 3354 2975 ἡμετέρας
3429 2898 3746 2965 ταπεινότητος

2158 2985 2474 3062 χθαμαλοῖς
2517 2984 2799 3061 λογαρίοις
2848 2984 3108 3062 διαφῆναι
3155 2990 3496 3064 πειρώμενος
3524 3005 3538 3022 ⁸
3580 2985 3746 3059 πρόκει-

2155 3097 2242 3131 ται
2285 3076 2388 3151 γὰρ
2434 3078 2468 3146 ἡ
2521 3078 2816 3153 Θεοφεγγής
2859 3072 3053 3151 βίϐλος
3118 3077 3300 3151 ἐκείνη
3363 3078 3530 3157 φωτὸς
3568 3072 3746 3145 ἡλιακοῦ

400 3165 725 3222 ccelestium
761 3166 891 3223 luce
917 3168 1092 3223 solari
1120 3168 1396 3225 clariores
1427 3169 1661 3237 emittit,
1687 3170 1902 3240 quibus
1920 3174 2045 3224 tum

2165 3164 2539 3240 λαμπρότερον
2600 3165 2793 3242 ἀφεῖσα
2845 3164 3028 3240 λόγων
3098 3168 3370 3244 οὐρανίων
3427 3164 3746 3240 ἀμαρύγματα,

399 3254 531 3311 falsi
567 3255 825 3310 nominis
855 3256 1131 3324 scientiae,
1166 3273 1284 3328 qua
1316 3262 1554 3312 necatur
1593 3259 1812 3326 anima,
1843 3256 2046 3329 caligi-

399 3361 533 3400 nem
564 3343 822 3416 expellit,
855 3349 979 3400 tum
1011 3351 1170 3401 recta
1217 3350 1274 3400 et
1333 3345 1530 3400 divina
1588 3347 1865 3418 dogmata
1919 3350 2046 3401 tuto

395 3432 771 3488 manist‘estat
790 3437 847 3488 et
867 3434 1301 3506 explanat.Non’
1315 3434 1502 3490 solum
1518 3434 1673 3488 enim
1690 3438 2049 3506 nugamenta

398 3526 456 3577 et
488 3522 825 3593 prodigiosa
848 3523 1176 3588 mendacia,
1204 3539 1330 3593 quae
1350 3541 1383 3578 a
1406 3528 1668 3578 semente
1695 3522 2047 3578 zizaniorum

399 3611 800 3681 apostolorum
857 3612 1225 3683 temporibus
1280 3617 1588 3684 supersata
1651 3617 1811 3678 sunt,
1844 3612 2051 3667 haeresi

395 3700 570 3770 plena
588 3700 871 3756 radicitus
895 3701 1133 3766 avulsit,
1147 3717 1349 3755 verum
1363 3701 1538 3756 etiam
1556 3700 1770 3772 impias
1783 3699 2053 3772 blasphe-

397 3788 548 3842 miae
579 3793 755 3859 atque
786 3787 994 3843 deliria
1023 3789 1226 3844 omnia
1253 3805 1380 3861 quae
1415 3789 1472 3842 in
1519 3793 1818 3860 posterum
1851 3792 2054 3844 contra

398 3882 662 3930 sanctam
694 3878 971 3948 parisque
1003 3879 1275 3948 potentia
1324 3877 1696 3946 Trinitatem,
1735 3882 2055 3947 contraque

398 3963 652 4018 Verbum
717 3965 818 4020 Dei
869 3965 1168 4021 hominem
1224 3969 1464 4032 factum,
1497 3983 1707 4037 nempe
1752 3965 2056 4021 Christum

401 4055 755 4107 servatorem
787 4059 1078 4123 nostrum,
1113 4061 1169 4110 et
1198 4072 1325 4125 qua
1358 4061 1560 4110 contra
1597 4055 1916 4110 Christiani
1955 4071 2058 4109 no-

407 4139 586 4195 minis
611 4137 1060 4212 plenitudinem,
1083 4148 1138 4198 et
1159 4149 1364 4198 contra
1386 4145 1816 4199 dedicationem
1840 4150 1897 4198 et
1927 4145 2062 4199 ado'

409 4227 695 4282 rationem
729 4233 1064 4283 sanctarum
1097 4234 1154 4284 et
1184 4230 1602 4286 venerabilium
1637 4231 1967 4303 imaginum
1997 4231 2057 4286 in

407 4315 592 4373 sacris
625 4315 897 4373 Ecclesiis
928 4323 985 4372 et
1006 4317 1245 4372 sedibus
1275 4317 1672 4388 apostolorum
1709 4335 1809 4389 per
1830 4320 2060 4373 univer-

408 4421 540 4461 sum
574 4410 862 4460 terrarum
898 4405 1095 4461 orbem
1143 4407 1496 4477 irrepserant
1549 4407 1812 4462 funditus
1857 4408 2061 4462 abstu-

407 4494 490 4549 lit.
527 4495 834 4565 Siquidem
873 4497 1022 4550 Deus
1058 4495 1250 4566 palam
1287 4495 1466 4564 hujus
1498 4495 1690 4566 ipsius
1723 4495 1927 4567 lingua
1955 4512 2061 4550 an-

403 4583 565 4656 cipiti
599 4584 804 4656 quovis
835 4600 972 4640 ense
1006 4584 1264 4640 acutiore
1295 4584 1526 4639 eminus
1557 4583 1770 4640 evulsit
1799 4589 1857 4640 et
1907 4584 2056 4640 inci-

405 4673 490 4728 dit
519 4671 821 4744 quodlibet
853 4689 1532 4746 venenum,germenque
1554 4671 1850 4728 seminum
1876 4672 2055 4728 haere-

404 4761 656 4818 ticorum
686 4762 964 4834 corrupit.
1001 4763 1286 4818 Caeterum
1318 4761 1782 4833 evangelicarum
1814 4765 1872 4818 et
1910 4777 2053 4833 apo-

407 4850 744 4906 stolicarum
780 4852 1261 4922 praedicationum
1291 4855 1348 4906 et
1401 4849 1784 4906 traditionum
1846 4850 2052 4906 verita-

408 4944 527 4995 tem
562 4940 933 4995 conflrmavit
959 4956 1023 4994 ac
1045 4939 1350 4995 stabilivit.
1373 4940 1626 4994 Proinde
1659 4944 1722 4994 ut
1754 4940 2056 5011 fulgentis-

407 5031 568 5086 simaa
583 5031 788 5085 divinae
810 5030 1236 5102 praedicationis
1287 5030 1536 5086 illustris
1550 5047 1615 5085 ac
1637 5031 2052 5102 insuperabilis

406 5121 532 5189 ejus
554 5118 803 5175 elocutio
826 5119 1348 5187 demonstraretur,
1375 5119 1536 5174 illius
1557 5120 1731 5174 verba
1755 5119 2055 5175 recitanda

406 5213 565 5270 sunt.
598 5209 812 5280 quibus
843 5209 982 5262 dum
1015 5210 1084 5263 de
1117 5208 1424 5263 divinitate
1456 5224 1584 5280 qua
1615 5207 1805 5263 tribus
1855 5225 2052 5280 perso-

407 5297 522 5361 nis,
556 5313 766 5369 nempe
798 5313 913 5351 una
938 5295 1224 5352 Trinitate
1253 5296 1608 5362 continetur,
1643 5296 1830 5366 deque
1858 5298 2056 5370 unige-

409 5387 529 5441 nito
580 5384 721 5441 Filio
772 5385 869 5440 Dei
914 5385 1252 5455 loqueretur
1309 5401 1410 5456 per
1458 5383 2051 5458 manisfestationem,

409 5490 534 5544 quas
564 5473 906 5528 hominibus
925 5477 998 5527 ob
1026 5473 1386 5528 nativitatem
1415 5473 1543 5543 ejus
1564 5490 1633 5529 ex
1655 5472 1897 5547 Virgine
1913 5492 2053 5532 con-

411 5561 566 5634 tigit,
614 5577 761 5618 usus
807 5565 915 5618 est.
969 5560 1034 5615 In
1083 5560 1465 5632 explicatione
1512 5563 1670 5620 enim
1721 5564 2054 5622 divinorum

411 5651 507 5707 ιε
519 5654 567 5706 4
585 5649 898 5706 Nominum
924 5647 1045 5704 hac
1065 5648 1206 5705 dicit
1228 5664 1240 5704 :
1276 5650 1390 5705 «In
1409 5651 1571 5706 omni
1592 5653 1708 5709 fere
1729 5651 1908 5710 divini.
1931 5668 2053 5710 ser-

2154 3255 2253 3321 τῆς
2285 3253 2382 3325 μὲν
2427 3251 2784 3327 ψευδωνύμου
2830 3254 3080 3331 γνώσεως
3126 3257 3227 3325 τὴν
3279 3255 3607 3334 ψυχοφθόρον
3647 3251 3743 3305 ἀπε-

2156 3338 2424 3397 λαύνοντα
2483 3341 2738 3420 ζόφωσιν,
2767 3343 2944 3418 ὀρθῶν
2997 3340 3054 3398 δὲ
3100 3345 3189 3398 καὶ
3244 3344 3405 3409 θείων
3450 3337 3743 3419 διασαφοῦντά

2154 3451 2214 3484 τε
2258 3435 2347 3484 καί
2393 3427 2783 3506 διατρανοῦντα
2829 3428 3116 3506 δογμάτων
3150 3433 3449 3511 ἀσφάλειαν
3479 3451 3491 3464 '
3523 3430 3575 3486 ού
3613 3426 3740 3501 μόνον

2155 3518 2256 3594 γὰρ
2306 3519 2402 3580 τὰς
2456 3519 2558 3574 ὑπὸ
2614 3525 2713 3574 τοῦ
2771 3524 2878 3576 τῶν
2957 3522 3205 3590 ζιζανίων
3277 3521 3591 3595 ἐπισπορὲως
3643 3513 3740 3570 κατὰ

2157 3606 2284 3670 τοὺς
2365 3607 2765 3670 ἀποστολικοὺς
2841 3608 3076 3684 χρόνους
3159 3609 3534 3685 έπισπαρείσας
3595 3605 3747 3680 αἱρετι-

2163 3697 2354 3766 ζούσας
2453 3695 2771 3773 ἑρεσχελίας
2866 3699 2952 3752 καὶ
3055 3697 3446 3774 τερατολογίας
3553 3693 3753 3750 ἀνέσπασε

2161 3786 2478 3864 πρόρῥιζονν
2510 3786 2658 3843 ἀλλά
2704 3787 2798 3842 καὶ
2853 3789 2949 3850 τὰς
3005 3790 3296 3861 μετέπειτα
3350 3789 3482 3845 κατᾶ
3523 3788 3608 3856 τῆς
3637 3778 3753 3855 ἁγίας

2167 3877 2444 3952 ὁμοφυοῢς
2495 3875 2820 3946 δεσποτικῆς
2870 3875 3129 3952 Τριάδος,
3158 3879 3257 3942 τάς
3303 3900 3363 3934 τε
3408 3878 3534 3933 κατὰ
3573 3880 3656 3941 τῆς
3690 3867 3756 3922 ἓν·

2167 3965 2367 4040 σάρκου
2394 3970 2490 4021 τοῦ
2522 3970 2654 4022 Θεοῦ
2681 3966 2860 4040 Λόγου
2903 3970 3137 4042 Χριστοῦ
3181 3971 3282 4022 τοῦ
3333 3972 3577 4039 Σωτῆρος
3616 3961 3756 4030 illa":

2167 4054 2258 4109 καὶ
2305 4055 2399 4115 τὰς
2443 4053 2664 4128 ὕστερον
2711 4054 2850 4108 κατὰ
2900 4059 2997 4109 τοῦ
3063 4054 3453 4130 χριστωνύμου
3505 4047 3757 4123 πληρώμα-

2167 4162 2279 4210 τος,
2328 4141 2419 4196 καὶ
2464 4142 2601 4196 κατά
2659 4149 2761 4212 τῆς
2810 4147 2919 4198 τῶν
2976 4141 3138 4218 ἁγίων
3190 4144 3282 4198 καὶ
3339 4145 3536 4198 σεπτῶν
3582 4136 3756 4192 εἰκόνων

2171 4231 2224 4285 έν
2277 4236 2396 4292 ταῖς
2445 4231 2564 4285 καθ’
2595 4229 2732 4301 ὅλην
2782 4232 2882 4300 τὴν
2935 4230 3266 4304 οἷ’κουμένην
3316 4228 3638 4302 πανευαγέσιν
3672 4223 3757 4275 Ἐκ·

2170 4316 2428 4387 κλησίαις
2498 4318 2587 4374 καὶ
2645 4317 3046 4382 ἀποστολικαῖς
3119 4317 3424 4397 καθέδραις,
3497 4308 3756 4379 ἀναστηλώ·

2173 4407 2308 4470 σεώς
2385 4428 2443 4461 τε
2520 4407 2610 4462 καὶ
2668 4410 3114 4484 προσκυνήσεως,
3154 4407 3497 4470 ἀναδοθείσας
3543 4399 3758 4459 ἀντιθέους

2178 4495 2553 4572 βλασφημίας,
2583 4496 2674 4551 καὶ
2705 4495 3094 4571 γλωσσαλγίας
3152 4497 3371 4561 καθεῖλε
3419 4490 3754 4572 προθέλυμνονο

2164 4587 2261 4638 τοῦ
2321 4588 2456 4638 Θεοῦ
2516 4581 2732 4655 δηλαδή
2786 4581 3209 4660 προϐλεπτικῶς
3252 4586 3524 4662 πόρρωθεν
3565 4578 3640 4634 διὰ
3681 4579 3755 4639 τῆς

2166 4672 2370 4728 ἐκείνου
2429 4671 2706 4750 γλώττης,
2763 4680 2864 4743 τῆς
2940 4674 3118 4745 πάσης
3203 4672 3464 4746 διστόμου
3540 4664 3756 4744 μαχαίρας

2163 4763 2599 4838 τμητικωτέρας,
2649 4760 3112 4836 προεκτίλλοντός
3159 4785 3218 4819 τε
3277 4764 3368 4818 καὶ
3417 4756 3752 4835 προεκτέμνον·

2161 4871 2256 4912 τος
2309 4852 2573 4906 παντοίαν
2634 4849 2979 4928 δηλητήριον
3021 4851 3112 4908 καῖ
3154 4853 3480 4930 φθοροποιὸν
3524 4843 3751 4934 αἱρετικῶς

2167 4942 2487 5015 σπερμάτων
2543 4942 2840 5015 βλάστησιν
2875 4962 2888 4977 ·
2937 4943 3036 5012 τὴν
3088 4940 3145 4997 δὲ
3180 4947 3290 4997 τῶν
3323 4937 3649 5016 εύαγγελικῶν
3683 4935 3747 4983 καί

2165 5027 2548 5084 ἀποστολικῶν
2624 5018 2989 5104 κηρυγμάτων
3073 5030 3162 5085 καὶ
3239 5026 3573 5105 παραδόσεων
3640 5038 3747 5075 συνι-

2165 5122 2401 5181 στῶντος
2445 5118 2533 5173 καὶ
2585 5113 3027 5183 έπιϐεϐαιοῦντος
3071 5118 3352 5190 ἀλήθειαν.
3384 5117 3579 5175 Οὐκοῦν
3618 5123 3748 5184 προα-

2162 5208 2315 5263 κτέον
2371 5206 2656 5278 αὖτολεξεί
2702 5209 2800 5276 τὴν
2875 5208 3341 5283 χρυσαυγεστάτην
3427 5193 3744 5279 θεοφαντορίαν

2161 5304 2260 5366 τῆς
2308 5297 2476 5350 αὐτοῦ
2529 5295 2877 5369 θεολαμποῢς
2933 5298 3023 5352 καὶ
3083 5299 3397 5368 θεοκινήτου
3470 5288 3746 5369 διφαράσεῳς

2162 5383 2413 5459 περὶτῆς
2452 5367 2882 5460 τρισυποστάτου
2939 5367 3328 5457 θεότητος,καὶ
3382 5389 3478 5452 τῆς
3527 5367 3612 5433 τοῦ
3657 5367 3744 5460 hic

2159 5455 2260 5544 τῆς
2290 5455 2522 5549 Τριάδος
2558 5479 2886 5551 μονογενοῦς
2933 5455 3206 5531 Υἱοῦ-τοῦ
3265 5477 3393 5530 Θεοῦ
3447 5467 3530 5525 διὰ
3571 5469 3656 5551 τῆς
3699 5455 3742 5510 l1

2163 5563 2434 5637 Παρθένου
2488 5550 2787 5638 γεννήσεως
2859 5563 2996 5640 πρὸς
3069 5563 3383 5640 ἀνθρώπους
3436 5550 3737 5640 ἐπιφανεία<⁶

2163 5649 2216 5708 έν
2248 5649 2352 5730 γὰρ
2381 5653 2452 5727 τῇ
2481 5648 2587 5709 τῶν
2630 5649 2787 5717 θείων
2821 5650 3137 5728 Ὀνομάτων
3172 5639 3455 5722 ἀναπτύξαι
3496 5639 3607 5701 τάδε
3653 5653 3735 5710 Ῡη⁵
