3930 6202
159 327 260 384 641

1185 322 1377 389 νιΤΑ,
1415 319 1751 375 ΔΠΟΤΟΒΕ
1790 319 2163 375 MICEAELE
2205 322 2553 378 BYNGELO.

3465 327 3572 381 642

155 450 231 506 σίν
270 469 284 483 ·
322 474 353 502 ‹‹
383 449 542 506 ’Ὀθεν
574 447 626 502 ὲν
657 444 802 519 πάσῃ
836 441 1030 518 σχεδὸν
1073 445 1142 515 τῇ
1193 440 1488 516 θεολογικῇ
1547 460 1751 515 πραγμι

2017 444 2110 500 nis
2137 444 2482 501 tractatione
2527 462 2822 502 summam
2854 447 3217 504 divinitatem
3247 453 3450 506 sancte
3478 467 3577 507 ce-

153 541 270 611 τείᾳ
314 539 418 606 τὴν
469 533 726 610 θεαρχίαν
769 535 982 609 ὁρῶμεν
1018 532 1176 607 ἱερῶς
1208 531 1551 603 ὑμνουμὲνην
1575 530 1648 592 ὡς
1697 549 1803 602 μο-

155 626 292 684 νάδα
332 627 456 699 μὶν,
483 624 574 679 καὶ
628 620 808 689 ἐνάδα,
841 619 931 675 διὸ.
974 621 1074 689 τὴν
1121 618 1407 689 ἁπλότητα
1454 619 1542 673 καὶ
1575 618 1805 688 ἑνότητα

154 725 257 787 τῆς
303 717 610 791 ὑπερφυοῦς
654 709 932 784 ἀμερείας,
981 708 1031 779 ἑξ
1070 711 1138 776 ἧς
1190 707 1264 769 ὡς
1327 708 1583 762 ἑνοποιοῦ
1651 704 1813 762 δυνά-

160 827 305 881 μεως
355 802 661 875 ὶνιζόμεθα,
701 801 790 854 καὶ
853 802 961 853 τῶν
1031 801 1298 873 μεριστῶν
1344 799 1504 868 ἡμῶν
1557 796 1811 870 ἒτεροτή-

153 917 263 951 των
320 889 702 968 ὑπερκοσμίως
755 887 1277 961 συμπτυσσομένων,
1319 883 1394 947 εἷς
1443 883 1653 954 θεοειδῆ
1712 905 1814 956 μο-

153 982 289 1039 νάδα
319 981 660 1056 συναγόμεθα
691 979 780 1032 καὶ
829 975 1169 1049 θεομίμητον
1215 970 1405 1029 ἕνωσιν
1441 993 1453 1006 ·
1489 975 1563 1036 ὡς
1611 970 1816 1049 Τριάδα

155 1071 233 1141 δὲ,
284 1071 378 1126 διὰ
419 1071 518 1138 τὴν
577 1067 1004 1144 τρισυπόστατον
1064 1071 1163 1134 τῆς
1209 1062 1536 1138 ὑπερουσίοο
1588 1061 1814 1138 γονιμό-

149 1182 319 1231 τητος
351 1157 625 1234 ἔκφανσιν,
667 1155 718 1225 ἐξ
766 1157 834 1223 ἧς
886 1157 1030 1207 πᾶσα
1084 1152 1288 1225 πατριὰ
1345 1149 1397 1205 ἐν
1457 1151 1674 1226 οὐρανῷ
1724 1163 1818 1216 καὶ

153 1248 242 1304 ἐπὶ
285 1254 391 1322 γῆς
423 1246 558 1313 ἐστι,
584 1243 674 1299 καὶ
729 1243 1053 1316 ὀνομάζεται
1085 1259 1098 1273 °
1132 1241 1205 1302 ὡς
1238 1239 1409 1295 αἰτίαν
1471 1237 1528 1294 δὲ
1569 1244 1678 1294 τῶν
1722 1236 1813 1293 ὅν-

159 1331 516 1407 των,ἐπειδὴ
568 1331 741 1386 πάντα
787 1330 923 1403 πρὸς
973 1329 1036 1384 τὸ
1077 1328 1211 1383 εἶναι
1259 1329 1524 1402 παρήχθη
1575 1323 1664 1380 διὰ
1717 1326 1815 1394 τὴν

161 1425 332 1494 αὐτῆς
381 1421 693 1478 οὗσιοποιὸν
741 1418 1068 1494 ἀγαθότητα·
1125 1417 1296 1492 σοφὴν
1357 1413 1414 1470 δὲ
1471 1417 1560 1470 καὶ
1617 1414 1816 1484 καλὴν,

161 1517 246 1570 ὅτι
288 1514 360 1566 τὰ
418 1506 548 1566 ὄντα
601 1512 794 1577 πάντα,
844 1507 912 1562 τὰ
964 1513 1066 1576 τῆς
1125 1504 1326 1568 οἰκείας
1399 1502 1608 1583 φύσεως
1681 1504 1821 1558 ἀπα-

162 1604 445 1680 ράφθαρτα
504 1597 857 1666 διασώζοντα,
917 1595 1097 1663 πάσης
1172 1592 1433 1667 ἁρμονίας
1489 1591 1674 1656 ἑνθίου
1729 1591 1820 1647 καὶ

164 1693 311 1763 ἱερᾶς
346 1687 664 1764 εὐπρεπείας
695 1684 836 1740 ἐστὶν
869 1681 1132 1738 ἀνάπλεα.

1916 532 2130 589 lebrari
2162 533 2451 602 videmus,
2477 539 2542 590 ut
2573 537 2883 591 monadem
2915 537 3148 607 quidem
3182 543 3238 592 et
3268 539 3572 608 unitatem,

1918 623 1990 678 ob
2023 621 2466 694 simplicitatem
2502 626 2908 694 unitatemque
2936 625 3161 680 eximiae
3196 627 3324 696 ejus
3355 633 3576 684 natura:

1923 712 2236 782 partitione
2266 711 2545 778 carentis,
2579 728 2647 767 ex
2677 728 2793 783 qua
2823 719 3106 784 tanquam
3147 714 3386 770 uniente
3414 722 3579 796 pote:

1925 806 2076 856 state
2119 801 2179 856 in
2232 818 2417 856 unum
2465 801 2809 873 redigimur,
2847 802 3169 874 nostrique,
3203 820 3328 874 qua!
3378 810 3577 861 muta-

1924 889 2068 945 tioni
2119 890 2538 962 partitionique
2583 895 2724 946 sunt
2764 892 3062 961 subjectae,
3111 892 3338 949 naturis
3393 895 3576 966 (quod

1925 976 2245 1033 humanum
2277 981 2504 1035 excedit
2534 981 2730 1050 usum)
2761 979 3131 1052 complicatis
3165 982 3223 1038 in
3258 985 3574 1039 monadem

1926 1065 2187 1122 divinam
2239 1067 2493 1140 efﬁgiem
2545 1069 3352 1142 referentem,unitatemque
3392 1072 3578 1128 Deum

1927 1155 2259 1212 imitantem
2291 1157 2655 1228 colligimur;
2711 1163 2776 1212 ut
2806 1157 3151 1213 Trinitatem
3183 1175 3338 1228 vero,
3373 1161 3445 1216 ob
3476 1162 3579 1217 de-

1929 1245 2415 1301 monstrationem
2452 1247 2509 1300 in
2540 1245 2730 1302 tribus
2758 1247 3024 1317 personis
3055 1247 3434 1304 fecunditatis
3450 1251 3580 1321 ejus

1930 1349 2056 1404 quae
2087 1337 2176 1388 est
2205 1351 2381 1404 supra
2411 1333 2736 1389 humanum
2773 1334 3036 1402 modum,
3067 1351 3136 1390 ex
3175 1353 3291 1407 qua
3321 1338 3516 1394 omnis
3546 1356 3581 1394 a

1929 1424 2099 1476 Patre
2125 1423 2393 1494 cognatio
2426 1422 2482 1476 in
2516 1423 2659 1477 coelo
2691 1428 2752 1478 et
2776 1423 2834 1477 in
2868 1427 3027 1478 terra
3067 1429 3174 1492 est,
3207 1430 3267 1480 et
3311 1426 3580 1482 nomina-

1928 1513 2060 1578 tur;
2095 1516 2157 1565 ut
2187 1527 2428 1567 causam
2461 1516 2739 1582 praterea
2759 1529 2953 1568 rerum
2978 1514 3579 1586 omnium,siquidem

1931 1599 2130 1654 omnia
2180 1617 2282 1671 per
2328 1600 2652 1656 bonitatem
2702 1601 2852 1670 ejus,
2887 1618 3015 1671 quae
3047 1606 3112 1657 ut
3140 1601 3263 1657 sint
3304 1604 3580 1660 omnibus

1933 1686 2236 1759 elargitur,
2271 1689 2327 1743 in
2364 1687 2552 1744 lucem
2585 1693 2725 1744 sunt
2756 1689 2932 1746 edita.
2957 1689 3296 1761 Sapientem
3329 1691 3469 1747 item
3501 1698 3585 1747 at-

162 1797 272 1854 que
297 1780 610 1852 pulchram
643 1792 774 1830 esse
806 1774 1218 1846 perspicimus,
1248 1772 1529 1844 quoniam
1559 1787 1630 1828 ex
1659 1770 1754 1827 his
1786 1788 1915 1843 quae
1945 1781 2086 1832 sunt
2115 1782 2173 1832 et
2203 1781 2433 1833 naturae
2480 1795 2599 1834 suae
2650 1777 2886 1850 propria
2933 1784 3170 1835 servant
3219 1780 3580 1853 incorrupta,

167 1871 386 1927 divine
413 1867 608 1924 omnis
638 1863 982 1932 harmoniai,
1014 1863 1282 1932 sacrique
1312 1861 1540 1916 decoris
1571 1865 1712 1915 sunt
1742 1860 1936 1932 plena.
2501 1876 2504 1880 '

239 1999 268 2029 ιι
303 1973 712 2046 Φιλάνθρωπον
746 1967 805 2024 δὲ
835 1966 1222 2045 διαφερόντως,
1255 1965 1336 2020 ὅτι
1366 1971 1482 2026 τοῖς
1511 1966 1629 2028 καθ’
1679 1967 1751 2037 ἡμ

2011 1992 2032 2020 κ
2055 1969 2339 2026 Ceterum
2364 1972 2582 2027 mirum
2600 1972 2657 2026 in
2679 1973 2915 2028 modum
2939 1973 3011 2028 ab
3034 1973 3400 2030 humanitate
3421 1990 3583 2030 com-

169 2065 302 2140 πρὸς
361 2060 626 2132 ἀλήθειαν
683 2058 884 2118 ὑλικῶς
943 2055 994 2110 ἐν
1047 2059 1144 2128 μιᾷ
1199 2058 1303 2108 τῶν
1365 2053 1534 2119 αὐτῆς
1588 2052 1816 2108 ὑποστά-

176 2173 307 2208 σεων
366 2150 746 2218 ἐκοινώνησεν,
807 2143 1221 2217 ἄνακαλουμὲνη
1265 2144 1401 2218 πρὸς
1462 2143 1676 2212 ἑαυτὴν,
1732 2141 1822 2196 καὶ

176 2241 487 2297 ἀνατιθεῖσα
541 2238 642 2306 τὴν
700 2232 1039 2309 ἀνθρωπίνην
1099 2230 1472 2308 ἐσχατιᾶνγὲξ
1527 2233 1595 2300 ἦς
1651 2229 1825 2307 ἆρῥή-

173 2352 278 2392 τως
335 2330 366 2384 6
416 2326 626 2390 ἁπλοῦς
675 2327 882 2395 Ἰησοῦς
930 2320 1207 2392 συνετέθη,
1257 2321 1348 2375 καὶ
1396 2319 1692 2394 παράτασιν
1742 2317 1823 2373 εἷ’-

176 2420 318 2496 ληφε
348 2417 616 2494 χρονικήν
650 2415 678 2468 6
709 2410 908 2478 ἀΐδιος,
939 2411 1029 2466 καὶ
1061 2407 1188 2465 εἵσω
1217 2417 1318 2479 τῆς
1367 2411 1484 2463 καθ’
1533 2411 1682 2480 ἡμᾶς
1709 2406 1824 2482 ἐγε-

170 2509 317 2584 γόνει
380 2505 612 2584 φύσεως,
672 2503 701 2556 6
759 2503 935 2571 πάσης
993 2503 1092 2565 τῆς
1138 2499 1274 2554 κατὰ
1318 2502 1490 2552 πᾶσαν
1524 2497 1680 2572 φύσιν
1735 2498 1826 2551 τά·

171 2580 299 2671 έεως
363 2580 700 2670 ὑπερουσίως
742 2584 1079 2660 ἆκϐεϐηκὼς,
1129 2587 1263 2661 μετὰ
1316 2593 1416 2656 τῆς
1473 2580 1822 2658 ἀμεταϐόλου

165 2688 256 2742 καὶ
318 2682 634 2759 ἀσυγχύτου
682 2684 788 2734 τῶν
835 2677 1050 2733 οἴκείων
1084 2673 1362 2751 ἱδρύσεως.
1398 2673 1555 2728 »Καὶ
1612 2671 1828 2746 συνῳδὰ

171 2772 478 2838 τούτοις,ἆ
531 2770 607 2826 ἔτι
665 2768 789 2844 περὶ
826 2774 926 2836 τῆς
953 2762 1054 2820 τοῦ
1108 2764 1306 2840 Κυρίου
1365 2763 1823 2837 ἰνανθρωπήσεως

173 2860 486 2920 ἑπιστᾶλλει
518 2859 655 2934 πρὸς
685 2858 841 2912 Γάϊον
873 2877 886 2890 ο
920 2880 947 2908 ‹‹
981 2858 1128 2921 Πῶς,
1161 2853 1286 2931 φῂς,
1314 2855 1521 2923 Ἰησοῦς
1553 2854 1580 2906 6
1611 2853 1824 2906 πάντων

178 2952 430 3009 ἰπέκεινα
481 2947 638 3004 πᾶσίν
712 2946 851 3002 ἐστιν
909 2943 1218 3017 ἀνθρώποις
1300 2939 1582 3003 οὐσιωδῶς
1646 2961 1826 2995 συντεο

166 3040 473 3118 ταγμὲνος;
506 3037 567 3092 οὐ
596 3036 697 3112 γὰρ
730 3035 804 3097 ὡς
864 3029 1036 3096 αἴτιος
1087 3032 1385 3106 ἀνθρώπων
1445 3027 1628 3086 ἀνθάδε
1675 3027 1825 3118 λίγε-

173 3117 260 3186 ται
292 3129 602 3203 ἅνθρωπος,
627 3122 753 3180 ἀλλ’
787 3123 862 3185 ὡς
895 3122 1059 3182 αὐτὸς
1106 3122 1222 3176 κατ’
1254 3121 1441 3175 οὐσίαν
1505 3117 1641 3188 ὅλην
1694 3117 1827 3188 ἀλη-

169 3225 275 3285 θῶς
339 3217 626 3290 ἄνθρωπος
685 3208 777 3269 ὤν.
839 3213 1027 3284 Ἡμεῖς
1071 3207 1129 3264 δὶ
1164 3211 1256 3264 τὸν
1307 3211 1517 3279 Ἰησοῦν
1576 3207 1677 3262 οὐκ
1730 3206 1825 3260 ἀν-

169 3311 464 3386 θρωπικῶς
517 3302 846 3382 ἀφορίζομεν
882 3320 895 3334 ο
959 3296 1083 3354 οὐδὲ
1126 3299 1229 3373 γὰρ
1289 3295 1573 3386 ἅνθρωπος
1635 3295 1824 3369 μόνον,

1933 2061 2303 2127 mandamus,
2337 2062 2612 2131 quoniam
2648 2061 2704 2115 in
2740 2078 2856 2116 una
2884 2077 2953 2117 ex
2982 2063 3110 2132 ejus
3160 2064 3423 2132 personis
3473 2081 3584 2120 na-

1933 2153 2127 2204 turam
2158 2155 2422 2205 nostram
2469 2167 2600 2206 vere
2650 2149 3006 2222 penitusque
3055 2151 3379 2222 conjunxit,
3412 2169 3580 2209 revo-

1934 2253 2074 2293 cans
2107 2238 2178 2293 ad
2206 2255 2268 2293 se
2299 2237 2528 2309 sibique
2558 2239 2889 2310 adjungens
2920 2239 3240 2295 humanam
3270 2241 3582 2296 imbecilli-

1932 2329 2136 2392 tatem,
2161 2342 2228 2381 ex
2259 2342 2376 2398 qua
2405 2326 2654 2397 simplex
2681 2327 2856 2382 Jesus
2895 2325 3270 2382 inelfabiliter
3297 2333 3388 2384 est
3418 2345 3582 2384 com-

1934 2413 2184 2486 positus,
2217 2419 2275 2470 et
2303 2415 2402 2486 qui
2434 2415 2830 2486 sempiternus
2873 2421 2982 2483 est,
3015 2417 3298 2488 temporis
3347 2433 3581 2474 assum-

1933 2503 2054 2574 psit
2099 2502 2550 2572 incrementum,
2583 2510 2758 2576 atque
2807 2503 2963 2560 intra
3013 2509 3285 2560 naturam
3320 2511 3580 2562 nostram

1933 2591 2123 2648 factus
2152 2596 2260 2658 est,
2297 2591 2397 2663 qui
2430 2607 2664 2646 omnem
2696 2591 3014 2662 cujuslibet
3045 2593 3272 2650 ordinis
3305 2599 3576 2650 naturam

1934 2680 2116 2752 (quod
2149 2680 2472 2736 humanum
2503 2696 2724 2735 morem
2758 2681 3221 2754 supergreditur)
3264 2682 3578 2753 antecellit,

1936 2768 2098 2824 nulla
2143 2773 2338 2824 tamen
2387 2770 2629 2840 proprias
2678 2775 2900 2825 natura:
2939 2771 3265 2826 mutatione
3298 2772 3449 2827 facta
3479 2775 3583 2827 aut

1936 2855 2298 2914 confusione.
2324 2878 2352 2906 »
2383 2857 2596 2912 Affinia
2626 2867 2902 2928 praeterea
2949 2864 3084 2914 sunt
3134 2859 3316 2930 hisce,
3350 2875 3480 2930 qua
3510 2862 3583 2915 de

1935 2944 2165 3000 Domini
2193 2946 2263 3000 ad
2295 2944 2564 3000 homines
2611 2946 2896 3001 descensu
2945 2948 3018 3001 ad
3063 2946 3270 3002 Gaium
3321 2946 3528 3003 scribit
3564 2964 3579 3003 :

1939 3054 1968 3084 «
1989 3035 2114 3097 Qua
2135 3033 2356 3088 ratione
2378 3033 2622 3105 (inquis)
2642 3035 2831 3104 Jesus,
2851 3035 2951 3107 qui
2976 3036 3173 3090 omnia
3193 3036 3578 3105 transcendit,

1937 3121 2215 3178 omnibus
2247 3121 2588 3179 hominibus
2633 3127 2853 3179 naturai
2901 3124 3317 3180 communione
3346 3124 3584 3196 copula-

1937 3212 2083 3266 tur?
2117 3211 2239 3268 Non
2290 3211 2448 3267 enim
2483 3217 2548 3268 ut
2577 3219 2778 3268 auctor
2826 3213 3136 3269 hominum
3188 3213 3295 3268 hoc
3345 3213 3405 3268 in
3455 3212 3581 3270 loco

1937 3300 2112 3357 homo
2144 3301 2378 3368 dicitur,
2414 3302 2512 3357 sed
2549 3303 2701 3372 quod
2733 3306 2852 3358 tota
2884 3302 3011 3374 ipse
3041 3302 3373 3358 substantia
3403 3302 3578 3359 homo

170 3369 295 3454 οῦδὲ
374 3369 696 3467 ὑπεροόσιιος
770 3388 1052 3461 ἄνθρωπος
1125 3387 1310 3460 μόνον,
1371 3385 1496 3442 ἀλλ’
1541 3386 1751 3461 ἄνθρωτι

2011 3407 2065 3444 re
2095 3391 2356 3446 exsistat.
2393 3391 2507 3447 Nos
2537 3407 2670 3446 vero
2701 3390 2899 3446 Jesum
2951 3408 3066 3446 non
3118 3390 3375 3446 humano
3425 3407 3585 3447 more

160 3485 387 3556 ἀληθῶς
438 3483 466 3538 ὀ
534 3479 897 3558 διαφερόντως
949 3475 1355 3555 φιλάνθρωπος,
1414 3475 1543 3549 ὑπὲρ
1611 3475 1818 3550 ἀνθρώ-

162 3595 320 3645 πους,
376 3571 467 3627 καὶ
521 3570 658 3625 κατὰ
713 3567 1029 3642 ἀνθρώπους
1086 3564 1144 3620 ἰκ
1193 3571 1293 3632 τῆς
1349 3564 1647 3638 ἀνθρώπων
1723 3563 1816 3617 οὐ-

164 3665 308 3733 σίας,
342 3662 373 3716 ὁ
433 3657 755 3734 ὑπεροῦσιος
810 3652 1168 3728 οὖσιωμένος.
1200 3655 1351 3710 ’Ἐστι
1413 3651 1470 3708 δὲ
1527 3650 1678 3708 οὐδὲν
1728 3656 1819 3721 ἧτ-

159 3775 250 3810 τον
306 3747 761 3824 ὑπερουσιότητος
823 3743 1203 3819 ὑπερπλήρης,
1237 3744 1265 3798 6
1331 3743 1411 3798 ἀεὶ
1472 3742 1818 3816 ὑπερούσιος,

159 3841 362 3915 ἀμὶλει
420 3841 488 3912 τῇ
543 3835 747 3905 ταύτης
795 3832 1098 3908 περιουσίᾳ,
1130 3833 1223 3886 καὶ
1273 3829 1349 3893 εἷς
1382 3829 1560 3886 οὐσίαν
1593 3828 1818 3899 ἀληθῶς

161 3929 344 3986 ἐλθὼν
406 3926 535 4002 ὑπὲρ
593 3923 778 3978 οὐσίαν
833 3919 1098 3992 οὗσιώθη,
1151 3921 1238 3974 καὶ
1320 3921 1454 3994 ὑπὲρ
1531 3917 1814 3994 ἄνθρωπον

161 4021 385 4092 ἐνήργει
438 4015 504 4068 τὰ
557 4013 845 4087 ἀνθρώπου
878 4030 890 4043 ·
953 4009 1042 4064 καὶ
1100 4006 1266 4079 δηλοῖ
1313 4007 1597 4083 παρθένος,
1662 4008 1820 4083 ὑπερ-

158 4110 315 4185 φυῶς
342 4101 683 4169 κύουσα,καὶ
733 4095 877 4172 ὕδωρ
925 4094 1147 4152 ἄστατον
1203 4093 1405 4150 ὑλικῶν
1452 4096 1541 4150 καὶ
1601 4099 1815 4171 γεηρῶν

154 4196 352 4254 ποδῶν
407 4194 601 4268 ἆνὲχον
657 4192 842 4267 βάρος,
873 4189 962 4244 καὶ
999 4190 1074 4262 μὴ
1108 4188 1349 4258 ὑπεῖκον,
1379 4186 1505 4243 ἀλλ’
1560 4187 1818 4264 ὑπερφυεῖ

157 4286 396 4357 δυνάμει
425 4285 560 4358 πρὸς
605 4283 668 4336 τὸ
727 4277 1022 4354 ἀδιάχυτον
1051 4283 1462 4350 συνιστάμενον.
1490 4275 1560 4333 Τί
1619 4274 1679 4331 ἄν
1731 4297 1816 4338 τις

152 4377 224 4430 τὰ
285 4371 456 4429 λοιπὰ
509 4368 815 4442 πάμπολλα
872 4363 1001 4421 ὄντα
1047 4363 1278 4432 διεΛθοι,
1326 4364 1394 4420 δι’
1452 4367 1523 4420 ὧν
1574 4367 1602 4420 6
1658 4365 1819 4429 θείως

157 4467 313 4539 ὁρῶν
355 4461 486 4531 ὑπὲρ
529 4464 651 4513 νοῦν
703 4456 1099 4532 γνώσεται,καὶ
1159 4457 1228 4510 τὰ
1278 4455 1364 4510 ἐπὶ
1407 4459 1477 4528 τῇ
1508 4454 1817 4532 φιλανθρω-

155 4553 266 4624 πίᾳ
311 4548 407 4605 τοῦ
456 4550 634 4618 Ἰησοῦ
694 4544 1143 4619 καταφασκόμενα
1201 4541 1428 4617 δύναμιν
1477 4544 1818 4619 ὑπεροχικῆς

157 4640 490 4708 ἀποφάσεως
541 4632 778 4710 ἕγοντας
835 4634 936 4689 Καὶ
1008 4630 1100 4687 Ἱνα
1175 4632 1485 4696 συνελόντες
1555 4631 1817 4706 εἴπωμεν,

1928 3479 2281 3534 definimus:
2315 3495 2503 3550 neque
2524 3480 2679 3534 enim
2715 3480 2886 3535 homo
2917 3485 3149 3536 tantum
3181 3479 3582 3535 substantiam

1928 3568 2230 3624 excedens.
2265 3569 2375 3624 Sed
2417 3584 2550 3623 vere
2600 3569 2776 3624 homo
2823 3574 2914 3624 est
2963 3569 3079 3637 (ille
3126 3569 3226 3640 qui
3277 3585 3474 3624 amore
3523 3570 3581 3624 in

1929 3655 2196 3711 homines
2227 3653 2474 3725 excellit)
2503 3671 2684 3726 supra
2715 3654 3007 3720 homines,
3031 3670 3096 3709 ac
3117 3656 3288 3724 juxta
3311 3654 3582 3710 homines

1931 3759 1998 3799 ex
2028 3744 2336 3799 hominum
2370 3742 2726 3810 substantia,
2759 3741 2862 3814 qui
2915 3741 3314 3798 substantiam
3347 3758 3582 3797 omnem

1930 3832 2244 3903 egreditur,
2278 3831 2598 3886 humanam
2630 3846 2862 3886 carnem
2895 3831 3239 3902 assumpsit.
3275 3830 3448 3885 Porro
3491 3829 3582 3884 ni-

1929 3921 2048 3977 hilo
2081 3926 2353 3993 proptera
2385 3920 2585 3975 minus
2616 3923 2704 3976 est
2734 3920 2840 3976 hac
2876 3919 3025 3992 ipsa,
3061 3936 3188 3992 quae
3235 3919 3582 3975 substantias

1926 4012 2046 4066 vim
2077 4027 2310 4066 omnem
2344 4013 2605 4080 superat,
2628 4013 2860 4077 natura,
2885 4025 2987 4081 per
3007 4025 3183 4079 quam
3219 4008 3429 4080 plenus
3461 4012 3573 4075 est,

1929 4100 2068 4171 quia
2098 4099 2380 4152 nimirum
2409 4097 2804 4153 substantiam
2837 4113 3072 4152 omnem
3105 4096 3448 4169 hujusmodi
3483 4114 3582 4154 na-

1927 4193 2074 4243 tura;
2121 4186 2470 4242 celsitudine
2500 4203 2734 4258 semper
2765 4185 3016 4243 excellit.
3050 4186 3315 4258 Cumque
3343 4203 3480 4243 vere
3511 4187 3585 4242 ad

1929 4275 2324 4332 substantiam
2356 4275 2776 4346 descendisset,
2813 4274 2915 4346 qui
2945 4275 3210 4346 qualibet
3249 4275 3586 4330 substantia

1930 4367 2116 4438 major
2153 4367 2302 4423 875
2357 4371 2462 4434 est,
2492 4366 2884 4422 substantiam
2939 4370 3200 4421 nostram
3249 4365 3493 4437 accepit,
3527 4369 3585 4420 et

1930 4474 2113 4528 supra
2145 4456 2465 4524 hominem,
2499 4473 2627 4527 quas
2667 4455 2928 4510 hominis
2975 4454 3210 4527 propria
3262 4461 3419 4522 sunt,
3453 4469 3580 4509 eve-

1927 4543 2669 4616 xit.Id,Virgo,admirabili
2686 4544 2939 4600 novitate
2953 4543 3207 4614 pariens,
3227 4541 3584 4614 manifestat,

1929 4639 1986 4690 et
2007 4633 2660 4706 aquainstahilis,dum
2696 4631 3088 4688 materialium
3121 4648 3185 4688 ac
3221 4637 3586 4688 terrenarum

158 4727 297 4785 οὐδὲ
328 4725 607 4802 ἄνθρωπος
639 4724 704 4792 ἦν
737 4742 750 4755 ·
784 4722 893 4797 οὐχ
921 4722 995 4783 ὡς
1041 4722 1116 4795 μή
1163 4720 1468 4796 ἄνθρωπος,
1501 4723 1576 4786 ὡς
1633 4722 1682 4793 ἐξ
1735 4723 1751 4778 ὲ

2011 4724 2145 4778 dum
2179 4723 2431 4777 sustinet
2468 4723 2725 4794 pondus,
2756 4737 2860 4777 nec
2891 4720 3063 4791 cedit,
3093 4721 3193 4776 sed
3239 4719 3591 4777 admiranda.

166 4816 410 4892 θρώπων
467 4813 730 4882 ἐπέκεινα,
757 4813 845 4868 καὶ
905 4813 1035 4888 ὑπὲρ
1089 4809 1374 4887 ἄνθρωπον
1420 4810 1704 4884 ἅνθρωπος
1731 4835 1820 4889 γε·

155 4905 364 4984 γονὼς,
397 4903 485 4958 καὶ
514 4903 577 4957 τὸ
607 4901 799 4956 λοιπὸν
836 4901 897 4956 οὐ
929 4901 1065 4955 κατὰ
1118 4901 1245 4956 Θεὸν
1301 4901 1368 4955 τὰ
1422 4903 1538 4956 θεῖα
1593 4899 1816 4976 δράσας,

159 4997 226 5051 οὐ
258 4995 326 5050 τά
387 4991 692 5068 ἀνθρώπεια
745 4991 880 5046 κατὰ
935 4991 1241 5066 ἄνθρωπον,
1270 4989 1397 5046 ἀλλ’
1449 4988 1814 5065 ἀνδρωθέντος

157 5087 300 5139 Θεοῦ
356 5081 549 5149 καινήν
602 5100 722 5133 τινα
788 5079 878 5133 καὶ
955 5076 1274 5152 θεανδρικὴν
1353 5077 1617 5154 ἐνέργειαν
1677 5080 1812 5151 ἡμῖν

154 5168 650 5241 πεπολιτευμένος.
685 5191 712 5220 n

1936 4812 2199 4884 potentia
2229 4811 2418 4866 instar
2465 4811 2666 4866 solida;
2718 4809 2969 4866 materias
3019 4808 3313 4866 subsistit.
3347 4811 3420 4864 At
3449 4808 3586 4865 reli-

1932 4919 2067 4975 qua,
2118 4917 2246 4973 quas
2296 4917 2438 4956 sane
2490 4899 2776 4970 permulta
2826 4903 2984 4968 sunt,
3035 4898 3170 4970 quis
3229 4899 3586 4954 recensendo

1929 4993 2272 5065 percurrat?
2301 4990 2519 5060 quibus
2551 4989 2653 5061 qui
2683 4993 2948 5044 accurate
2979 4992 3036 5042 et
3067 4989 3224 5044 ultra
3254 4987 3580 5043 humanum

1929 5081 2169 5137 modum
2201 5078 2537 5151 speculatus
2565 5077 2752 5144 luerit,
2777 5095 2844 5132 ea
2869 5093 3103 5149 quoque
3132 5095 3256 5150 qua:
3289 5078 3345 5133 in
3379 5078 3582 5135 huma.

1929 5169 2109 5224 nitate
2139 5169 2273 5224 Jesu
2309 5168 2629 5232 affirmant,
2664 5164 2930 5238 protinus
2978 5171 3256 5238 agnoscet
3289 5166 3401 5222 vim
3438 5183 3585 5239 prie-

149 5262 543 5318 stantissima
577 5255 903 5328 negationis
933 5255 1170 5325 habere,
1200 5260 1258 5312 et
1309 5261 1375 5312 ut
1421 5257 1674 5312 breviter
1724 5257 2016 5322 dicamus.
2052 5273 2240 5328 neque
2286 5257 2460 5310 homo
2511 5260 2656 5322 erat,
2690 5271 2803 5308 non
2857 5261 3139 5326 tanquam
3195 5254 3588 5310 humanitatis

147 5366 391 5423 expers,
423 5348 524 5403 sed
557 5353 835 5418 tanquam
867 5361 934 5400 ex
964 5343 1306 5399 hominibus
1336 5351 1523 5411 ortus,
1560 5346 1826 5402 homines
1859 5345 2196 5415 excellebat,
2230 5345 2402 5400 homo
2430 5360 2607 5416 super
2639 5342 2907 5398 homines
2942 5345 3151 5398 factus.
3187 5348 3266 5400 Ac
3309 5343 3586 5415 deinceps

149 5455 352 5511 neque
384 5435 583 5491 divina
614 5439 678 5490 ut
708 5433 884 5500 Deus,
912 5449 1102 5505 neque
1132 5435 1394 5490 humana
1426 5452 1632 5489 rursus
1684 5441 1745 5491 ut
1794 5436 1969 5492 homo
2001 5434 2243 5498 faciens,
2276 5433 2376 5488 sed
2429 5433 2583 5488 Deus
2635 5433 2807 5488 homo
2861 5433 3072 5500 factus,
3107 5449 3316 5489 novam
3371 5448 3587 5504 quam-

154 5529 301 5584 dam
333 5539 752 5596 summamque
781 5522 992 5595 agendi
1024 5527 1367 5595 potestatem
1400 5523 1570 5580 nobis
1596 5522 1946 5598 impertivit.
1980 5545 2008 5574 »

235 5631 346 5688 Κᾶν
378 5629 448 5704 τῇ
478 5635 578 5698 τῆς
631 5624 1122 5698 Ἐκκλησιαστικῆς
1166 5627 1448 5705 ἱεραρχίας
1498 5626 1751 5685 διδασκαο

2011 5632 2070 5688 In
2104 5630 2353 5684 tractatu
2398 5643 2530 5684 vero
2579 5628 2660 5685 De
2708 5645 2874 5685 sacro
2927 5626 3199 5685 Ecclesiae
3253 5626 3586 5700 principatu
