3930 6202
427 309 536 364 643

1663 312 1724 363 S.
1765 309 2077 364 DIONYSII
2117 307 2616 365 AREOPAGITE.
3671 317 3747 372 644

424 431 891 505 speculationem
940 433 1013 487 de
1061 431 1257 486 divina
1307 433 1590 503 unguenti
1642 433 1976 489 consecrati

2197 427 2292 501 λίᾳ
2335 431 2433 498 τὴν
2479 430 2604 504 περὶ
2660 435 2760 499 τῆς
2807 428 2952 492 θείας
2986 432 3081 484 τοῦ
3130 429 3297 504 μύρου
3319 431 3522 502 τελετῆς
3549 435 3749 493 ἀναπτύσ-

424 523 746 594 explicans,
766 522 875 576 ait:
902 543 930 570 «
953 520 1078 576 Non
1097 520 1278 592 igitur
1296 520 1735 577 sacratissimus
1752 521 2082 578 divinarum

423 611 904 668 substantiarum
939 609 1080 664 ordo
1113 608 1422 680 ignoravit,
1455 611 1659 665 Jesum
1696 616 1871 666 Deum
1907 610 2086 664 maxi-

435 718 597 765 mum
623 717 653 755 e
684 699 844 754 caelis
880 704 941 753 ut
967 699 1435 753 sanctiﬁcaretur
1466 699 1860 766 descendisse,
1885 714 2082 753 verum

427 791 499 845 ad
533 790 853 844 humanam
890 793 1160 841 naturam
1196 803 1325 842 sese
1346 788 1418 840 ob
1442 787 1698 842 divinam
1727 804 1792 842 ac
1814 785 2084 841 ineffabi-

425 879 540 934 lem
574 880 704 950 ejus
737 877 1160 948 benignitatem
1195 880 1396 930 sancte
1426 876 1729 946 dejecisse,
1765 876 1962 943 ipsum
1995 875 2083 928 in-

427 968 658 1039 telligit,
693 972 750 1020 et
799 982 829 1020 a
881 965 1065 1030 Patre,
1102 979 1282 1035 seque
1330 965 1477 1033 ipso,
1513 981 1547 1018 a
1578 970 1780 1019 sancto
1833 963 2079 1035 Spiritu,

427 1059 685 1113 humano
720 1070 878 1109 more
911 1052 1345 1108 sanctiﬁcatum
1378 1054 1956 1126 cernens,proprium
1984 1069 2081 1106 no-

427 1147 510 1200 vit
541 1143 892 1216 principium
915 1141 975 1196 in
1001 1141 1092 1196 his
1113 1158 1236 1212 quae
1260 1158 1494 1196 summa
1519 1146 1802 1214 potestate
1825 1158 1928 1214 per
1950 1141 2082 1196 sub-

431 1235 733 1300 stantiam,
759 1249 885 1303 quee
918 1230 1078 1286 nullo
1110 1236 1278 1301 pacto
1310 1231 1614 1286 immutari
1649 1235 1857 1302 potesn,
1880 1230 2079 1286 efficit.

429 1328 618 1392 Quare
649 1337 948 1378 sacrorum
984 1320 1287 1392 signorum
1319 1321 1554 1376 traditio
1577 1326 1776 1376 sancto
1799 1338 1864 1376 ac
1885 1321 2080 1376 divino

427 1412 776 1483 seraphinos
807 1412 1152 1466 circumstat
1174 1417 1496 1481 unguento,
1523 1411 1663 1465 dum
1689 1410 1986 1467 Christum
2021 1410 2079 1465 in

425 1509 627 1558 nostra
685 1500 1051 1556 humanitate
1079 1515 1212 1553 vers
1246 1499 1599 1571 penitusque
1650 1500 2078 1554 immutabilem

424 1591 710 1662 agnoscit,
731 1595 906 1660 atque
930 1588 1230 1643 describit.
1251 1610 1278 1638 »
1300 1591 1344 1644 Ο
1372 1589 1744 1644 sanctissima
1765 1589 1920 1644 labia
1943 1588 2081 1644 talia

425 1678 764 1751 prolocuta!
803 1683 988 1744 Quam
1038 1693 1170 1732 vere
1216 1678 1274 1732 in
1326 1677 1474 1749 ipsis
1524 1677 1710 1733 effusa
1755 1683 1846 1733 est
1890 1677 2079 1749 gratia

425 1771 715 1824 donorum
743 1767 994 1839 Spiritus
1025 1766 1236 1835 sancti,
1269 1784 1301 1822 a
1346 1783 1459 1838 quo
1513 1768 1666 1821 dona
1717 1767 1774 1820 in
1822 1783 1943 1836 eos,
1977 1765 2076 1837 qui

426 1875 560 1914 cum
595 1857 811 1925 animo,
845 1862 970 1910 tum
1004 1872 1243 1927 corpore
1295 1856 1488 1911 divine
1535 1856 1869 1927 perpurgati
1919 1861 2078 1927 sunt,

424 1946 895 2020 proficiscuntur,
931 1961 1058 2016 qua“:
1093 1945 1352 2015 pontifex
1400 1945 1496 2000 hic
1545 1945 1959 2000 sanctissimus
1991 1950 2080 2000 est

421 2039 791 2090 consecutus.
827 2033 869 2088 Ο
905 2032 1168 2103 linguam
1201 2034 1378 2087 rebus
1429 2032 1647 2088 divinis
1695 2033 2077 2105 explicandis,

423 2123 724 2194 sacrisque
756 2123 1084 2194 pandendis
1117 2122 1369 2177 maxime
1402 2123 1818 2191 necessariam,
1842 2139 1969 2193 quae
1993 2139 2079 2176 re-

423 2212 662 2268 condita
695 2213 812 2267 haec
844 2217 900 2266 et
929 2227 1144 2266 arcana
1191 2211 1467 2283 mysteria
1518 2210 1862 2281 planissima
1912 2211 2080 2268 nobis

433 2300 648 2356 effecit!
675 2301 818 2355 Vers
849 2302 941 2372 (ut
968 2300 1234 2354 divinum
1269 2300 1443 2355 habet
1474 2299 1795 2372 eloquium)
1819 2299 2083 2354 calamus

436 2391 641 2446 scribas
671 2389 945 2445 velociter
974 2388 1285 2443 scribentis
1326 2387 1617 2460 appellata
1665 2393 1772 2443 est.
1807 2387 1850 2442 Ο
1881 2387 2081 2442 claris-

435 2479 648 2534 simam
678 2482 931 2533 mentem
965 2493 1092 2548 quae
1129 2477 1464 2547 huiusmodi
1515 2477 1920 2548 cogitationes,
1955 2493 2082 2547 quae

434 2567 699 2622 omnium
732 2582 970 2620 sensum
1006 2574 1180 2637 atque
1211 2582 1540 2621 sermonem
1563 2565 2082 2632 antecellunt,edo-

434 2661 526 2711 ota
573 2660 664 2710 est
708 2660 766 2710 et
811 2654 1093 2709 divinitus
1143 2653 1467 2709 illustratal
1521 2657 1658 2720 Quae
1709 2655 1864 2709 enim
1916 2671 2084 2710 mens

434 2743 774 2800 acutissime
802 2751 858 2798 et
888 2743 1084 2798 divine
1120 2743 1502 2814 perspiciens,
1540 2761 1653 2798 non
1701 2760 1935 2798 omnem
1969 2743 2085 2796 hae-

433 2833 747 2889 reticorum
778 2832 1234 2887 infensissimam
1269 2837 1605 2887 contemnet
1633 2833 1840 2897 aciem,
1870 2832 1926 2884 in
1955 2831 2087 2885 bre-

432 2920 694 2976 vissimis
725 2921 1060 2976 divinorum
1087 2926 1297 2975 horum
1317 2921 1627 2976 verborum
1650 2920 1938 2991 praasidiis
1962 2936 2089 2978 nro-

437 3015 678 3064 stralam
713 3018 884 3079 atque
903 3014 1315 3080 consumptam
1334 3015 1616 3080 tanquam
1648 3009 2086 3064 multitudinem

434 3099 586 3152 inter
617 3096 1066 3152 molestissimas
1117 3099 1403 3168 quasdam
1449 3098 1883 3152 vulneratorum
1918 3113 2087 3153 voces

2194 540 2299 574 σων
2333 521 2586 594 θεωρίαν,
2620 517 2749 596 ἐρεῖ·
2787 543 2815 570 ‹‹
2848 518 3058 576 Οὐκοῦν
3092 521 3126 588 ἡ
3157 520 3396 591 θειοτάτη
3439 527 3536 576 τῶν
3579 524 3750 599 ὕπερον·

2194 609 2392 683 ρανίων
2453 609 2648 663 οὐσιῶν
2704 609 2854 678 τάξις
2905 609 3004 663 οὐκ
3034 609 3275 684 ἠγνόηκε
3322 609 3407 664 τὸν
3463 613 3754 688 θεαρχικώταο

2187 719 2279 752 τον
2339 700 2554 769 Ἰησοῦν
2615 698 2690 760 εἰς
2746 699 2807 752 τὸ
2860 700 3163 773 άγιάζεσθαι
3228 699 3622 769 κατεληλυθότα.
3664 711 3755 759 Noe?

2192 785 2248 842 δὲ
2282 788 2442 842 αὐτὸν
2470 789 2631 860 ἰερῶς
2665 789 2718 842 ἐν
2751 793 2867 850 τοῖς
2926 789 3045 852 καθ’
3076 790 3222 862 ἡμᾶς
3269 789 3446 844 ἑαυτὸν
3489 790 3656 867 ὑφέντα
3696 791 3755 847 δια

2193 875 2335 930 θείαν
2386 878 2476 931 xui
2520 875 2756 951 ἄρβητον
2794 876 3125 951 ἆγαθότητα,
3155 877 3245 931 καὶ
3302 879 3431 952 πρὸς
3471 883 3556 933 τοῦ
3603 881 3756 956 Harpe:

2193 966 2384 1019 ἑαυτοῦ
2433 986 2492 1019 τε
2534 966 2620 1019 καὶ
2671 969 2772 1019 τοῦ
2822 964 3134 1038 Ηνεύματος
3188 967 3631 1042 ἀνθρωποπρεπῶς
3653 971 3755 1042 ἁγια-

2194 1053 2418 1126 ζόμενον
2475 1055 2679 1127 ὁρῶσα,
2712 1056 2811 1123 τήν
2860 1054 3062 1108 οἰκείαν
3114 1053 3250 1109 οἶδεν
3302 1055 3492 1130 ἀρχὴν,
3521 1055 3565 1110 ἐν
3614 1059 3678 1118 οἷς
3719 1060 3754 1111 in

2192 1147 2499 1217 θεαρχικῶς
2563 1140 2663 1217 δρᾷ
2711 1143 2771 1197 τὸ
2820 1145 2937 1196 κατ’
2983 1142 3161 1196 οὐσίαν
3205 1141 3555 1198 ἀναλλοίωτον
3594 1139 3757 1221 ἔχουσι.

2189 1233 2340 1286 Ὅθεν
2373 1235 2408 1301 ἡ
2441 1235 2550 1286 τῶν
2582 1233 2742 1305 ἱερῶν
2795 1226 3089 1304 συμϐόλων
3150 1230 3439 1307 παράδοσις
3492 1235 3758 1308 ἁγιαζομένῳ

2187 1321 2266 1393 τῷ
2325 1321 2457 1392 θείῳ
2509 1319 2666 1394 μύρῳ
2711 1319 2840 1382 τοὺς
2897 1321 3133 1398 σεραφὶμ
3186 1320 3535 1393 περιίστησιι,
3577 1321 3759 1396 ἀπαράλ-

2191 1407 2387 1464 λακτον
2444 1406 2617 1463 εἰδυῖα
2663 1409 2751 1463 καὶ
2805 1406 3172 1485 διαγράφουσα
3223 1410 3315 1464 τὸν
3371 1411 3582 1483 Χριστὸν
3630 1412 3670 1465 ἒν
3713 1415 3756 1483 τῇ

2189 1499 2305 1552 καθ’
2335 1500 2483 1571 ἡμᾶς
2548 1495 2712 1570 ὑλικῇ
2774 1498 2911 1573 πρὸς
2959 1497 3218 1569 ἀλήθειαν
3269 1497 3760 1573 ἐνανθρωπήσει.ι›⁶ρ

2187 1590 2297 1641 τῶν
2381 1588 2810 1660 μακαριωτάτων
2884 1585 3119 1662 χειλέων
3180 1591 3288 1641 τῶν
3345 1591 3501 1642 ταῦτα
3535 1588 3764 1665 φθεγξαμέ-

2190 1697 2296 1729 νων
2323 1677 2334 1730 l
2370 1676 2444 1738 ὡς
2474 1674 2698 1744 ἀληθῶς
2731 1674 2780 1730 ἐν
2815 1676 3002 1736 αὐτοῖς
3032 1695 3127 1730 του
3180 1674 3527 1751 Παρακλήτου
3567 1680 3654 1729 τῶν
3686 1694 3760 1750 χα-

2193 1765 2494 1840 ρισμάτων,
2527 1763 2643 1818 ὅθεν
2678 1766 2731 1818 αἱ
2782 1762 2983 1837 δωρεαὶ
3036 1769 3155 1826 τοῖς
3209 1762 3446 1826 θειωδῶς
3496 1766 3652 1839 ψυχὴν
3697 1764 3761 1816 καὶ

2189 1858 2349 1925 σῶμα
2378 1854 2828 1926 κεκαθαρμένοις,
2881 1855 2963 1914 οἷς
3007 1851 3292 1928 ἐτύγχανεν
3327 1852 3399 1906 ὢν
3447 1854 3586 1914 οὗτνς
3625 1854 3765 1906 ὁπανο

2190 1945 2406 2016 αγιστος
2490 1942 2850 2019 ἱεροφαντωρ,
2902 1944 2937 2010 ἡ
2999 1943 3164 2016 χάρις
3240 1941 3542 2017 ἐκκέχυταιί
3584 1949 3636 1995 Ὦ
3692 1947 3762 2008 τῆς

2191 2027 2632 2100 ἐπιτηδειοτάτης
2720 2031 2854 2105 πρὸς
2951 2028 3249 2103 ὑπηρεσίαν
3331 2033 3425 2099 τῆς
3499 2030 3764 2107 θεοφθεγξίιις

2189 2116 2562 2196 ἱεροφάντιδος
2591 2118 2867 2195 γλώττης,
2898 2125 2996 2188 τῆς
3035 2116 3222 2172 τοιάδε
3275 2125 3380 2173 τῶν
3426 2117 3766 2196 κρύφιομύστων

2196 2209 2498 2280 μυημάτων
2555 2206 3063 2285 ἐκφαντορικώτατα
3118 2205 3575 2284 διατρανώσάσηςί
3613 2208 3765 2263 Ὄντως

2193 2296 2522 2374 όξυγράφου,
2579 2297 2717 2350 κατὰ
2772 2297 2832 2350 τὸ
2887 2295 3099 2371 λόγιον,
3155 2297 3516 2373 γραμματέως
3579 2293 3766 2369 ἐχρημά-

2191 2406 2303 2438 τισε
2333 2383 2607 2457 κάλαμος,
2642 2388 2706 2439 Ὦ
2735 2391 2835 2453 τῆς
2865 2385 3171 2463 φανοτάτης
3224 2387 3414 2463 φρενὸς
3461 2391 3551 2453 τῆς
3596 2386 3763 2437 τοιαῦτα

2189 2474 2279 2528 τὸν
2335 2474 2466 2548 ὑπὲρ
2516 2474 2685 2527 πάντα
2723 2477 2844 2527 νοῦν
2897 2473 2985 2527 xui
3033 2472 3198 2547 λόγον
3259 2472 3632 2549 ἐλλαμφθείσης
3669 2469 3764 2536 νοή-

2197 2564 2365 2636 ματαί
2398 2561 2498 2623 Τίς
2547 2561 2649 2636 γὰρ
2694 2560 2839 2630 νοῦς,
2878 2559 3310 2637 ὀξυδερκέστατα
3355 2563 3439 2616 καὶ
3484 2560 3616 2619 θείως
3649 2560 3768 2632 ὁρῶν,

2194 2653 2302 2727 οὐχ
2351 2651 2530 2723 ὥσπερ
2589 2651 2640 2706 ἕν
2693 2674 2830 2706 τισιν
2910 2650 3353 2728 ἀργαλεωτάταις
3420 2656 3602 2730 φωναῖς
3659 2667 3769 2722 τραυ-

2200 2745 2404 2814 ματιῶν
2472 2738 2688 2807 πλῆθος
2760 2734 2987 2810 α’ίματυ
3030 2740 3119 2793 καὶ
3198 2739 3410 2814 κονίῃσι
3481 2735 3769 2814 πεφυρμένον,

2198 2833 2334 2884 ἅπαν
2382 2830 2444 2884 τὸ
2500 2834 2607 2884 τῶν
2667 2831 2998 2905 αἱρεσιωτῶν
3065 2826 3482 2904 δυσμενέστατον
3537 2831 3687 2904 στῖφος
3729 2822 3766 2876 iV

2194 2924 2312 2981 ταῖς
2365 2918 2732 2993 βραχυτάταις
2778 2923 2888 2972 τῶν
2939 2917 3288 2996 θεοφράστων
3333 2917 3572 2994 ῥημάτων
3613 2912 3763 2968 τούτων

2196 3013 2485 3082 περιοχαῖς
2531 3006 2897 3084 κατερηριπός
2931 3027 2990 3060 τε
3036 3008 3124 3061 καὶ
3187 3005 3460 3068 διολωλὸς
3502 3003 3764 3076 κατόψεταις

2195 3101 2369 3150 Ταῦτα
2422 3097 2515 3168 μὲν
2571 3093 2637 3165 δὴ
2695 3097 2783 3150 καὶ
2813 3094 2936 3149 λίαν
2971 3095 3134 3170 ὀλίγα
3183 3100 3292 3150 τῶν
3353 3095 3658 3170 ὡραιοτάτων
3699 3087 3765 3143 uii-

434 3186 721 3258 sanguine
767 3185 1118 3258 pulvereque
1150 3186 1465 3241 foedatam?
1505 3189 1660 3242 876
1701 3191 1826 3240 Haec
1857 3203 1986 3241 sane

2207 3189 2286 3238 τοῦ
2339 3181 2688 3259 δογματικῶν
2743 3186 2878 3256 ἡμῖν
2951 3185 3281 3254 ἀπήνθισται
3356 3183 3630 3257 λειμώνων,
3673 3179 3759 3233 ὅσον

431 3274 669 3345 quidem
703 3273 1014 3328 admodum
1045 3273 1254 3344 exigua
1283 3272 1340 3327 in
1374 3273 1535 3328 illius
1559 3273 1974 3345 pulcherrimis
1999 3274 2084 3328 di-

429 3363 575 3418 vinas
626 3361 901 3417 doctrinae
953 3360 1160 3426 hortis,
1183 3360 1354 3432 quasi
1389 3362 1580 3430 ﬂores,
1608 3379 1642 3417 a
1672 3362 1838 3416 nobis
1884 3378 2080 3417 excer-

431 3455 532 3523 pta
551 3455 710 3519 sunt,
737 3455 802 3505 ut
823 3450 1226 3506 excellentiam
1251 3449 1670 3505 cmlestissimss
1694 3451 1881 3522 ipsius
1913 3451 2080 3506 theo-

429 3538 619 3611 logize,
652 3547 704 3595 et
733 3539 1227 3610 incomparabilis,
1261 3554 1326 3594 ac
1354 3537 1695 3594 clarissimae
1745 3540 1956 3594 divinae
2006 3538 2080 3594 il-

428 3627 546 3684 lius
594 3627 938 3683 assertionis
969 3628 1040 3682 de
1065 3645 1198 3682 vera
1245 3632 1303 3682 et
1347 3627 1923 3699 incomprehensibili
1967 3629 2080 3684 fide

429 3715 754 3772 laudarem.
793 3717 972 3772 Porro
1003 3715 1352 3788 sapientiam
1384 3720 1560 3787 atque
1601 3716 1929 3784 scientiam,
1964 3733 2080 3788 qua

429 3822 561 3860 cum
591 3805 649 3858 in
681 3805 1088 3877 gubernando,
1120 3809 1243 3859 tum
1291 3804 1348 3858 in
1404 3805 1696 3875 pascendo
1747 3821 1916 3874 grege
1965 3805 2076 3860 sibi

427 3893 760 3948 concredita
793 3910 938 3948 usus
969 3898 1077 3958 est,
1123 3893 1338 3964 quibus
1384 3909 1484 3963 pro
1536 3892 1820 3964 dignitate
1871 3910 2080 3948 ornare

428 3980 702 4036 laudibus
735 3981 1008 4050 possem?
1039 3998 1107 4036 ex
1138 3998 1252 4052 quo
1284 3981 1438 4036 cnim
1493 3983 1671 4053 puppi
1724 3983 2080 4054 gubernator

428 4067 663 4135 insedit,
698 4069 1064 4138 apprehenso
1095 4074 1330 4124 temone
1363 4070 1624 4140 undique
1650 4079 1954 4125 ventorum
1985 4072 2076 4125 in-

429 4171 640 4209 cursus
697 4156 1004 4226 vigilanter
1062 4159 1353 4227 explorat,
1413 4157 1817 4229 procellaeque
1875 4159 2075 4230 procul

429 4243 666 4316 quidem
698 4260 763 4298 ac
795 4261 947 4315 saepe
969 4246 1146 4299 etiam
1173 4247 1434 4316 proxime
1456 4247 1748 4302 irruentes
1773 4255 2075 4318 praecavet.

429 4337 810 4402 vectoresque
841 4337 999 4388 tutos
1032 4334 1241 4400 reddit,
1270 4333 1527 4389 turbinis
1578 4335 1942 4391 incursiones
1974 4354 2077 4392 an-

428 4423 681 4488 tevertit,
716 4422 1064 4477 rudentibus
1109 4421 1235 4477 vela
1279 4423 1574 4490 subducit,
1604 4428 1776 4494 atque
1810 4426 2075 4482 remittit.

2188 3271 2538 3328 καλλωπίσαι
2595 3274 2696 3341 τήν
2750 3271 3020 3351 εὐφημίαν
3079 3277 3178 3338 τῆς
3241 3272 3575 3348 ὑψηλοτάτης
3641 3268 3762 3322 αύτοῦ

2189 3361 2493 3437 θεολογίας,
2552 3359 2645 3415 καὶ
2700 3367 2800 3430 τῆς
2854 3355 3254 3436 ἀπαραϐλήτου
3307 3362 3394 3416 καὶ
3462 3355 3767 3432 διαυγεστάτης

2191 3447 2504 3524 ὀρθοδοξίας
2551 3455 2650 3519 τῆς
2711 3450 2955 3519 ἀληθοῦς
3000 3449 3089 3504 καὶ
3147 3449 3404 3522 ἀλήπτου
3456 3448 3672 3506 πίστεως.
3711 3444 3765 3513 Τῇ

2191 3537 2248 3594 δὲ
2288 3561 2348 3614 γε
2390 3533 2756 3614 κυϐερνητικῇ
2805 3539 2964 3616 σοφίᾳ
3011 3538 3103 3593 καὶ
3159 3543 3492 3613 ποιμαντικῇ
3535 3535 3764 3604 ἐπιστήμῃ,

2193 3630 2310 3701 μεθ’
2341 3628 2408 3698 ἧς
2453 3629 2515 3682 τὸ
2571 3626 2921 3700 ἑμπιστευθὶν
2973 3625 3148 3682 διεῖπε
3206 3628 3485 3702 ποίμνιον,
3527 3625 3682 3682 ποίους
3724 3616 3765 3671 ἂν

2189 3717 2438 3788 ἐπαξίους
2521 3715 2823 3792 ἐφαρμόσαι
2899 3717 3126 3790 κρότους
3221 3717 3546 3793 ΐσχύσαιμις
3587 3714 3648 3773 ὡς
3690 3708 3763 3782 γὰρ

2188 3802 2525 3882 κυϐερνήτης
2599 3808 2701 3874 τῆς
2786 3805 3042 3880 πρύμνης
3102 3805 3520 3881 ἐπικαθήμενος,
3570 3801 3763 3858 καὶτῶν

2189 3895 2386 3950 οἷ’άκων
2435 3894 2848 3967 ἐπειλημμένος
2898 3893 3217 3970 ἐγρηγόρως
3273 3897 3521 3950 πάντοθεν
3573 3906 3766 3966 περισκο·

2187 3990 2279 4039 πεῖ
2311 3984 2404 4045 τὰς
2455 3989 2561 4038 τῶν
2610 3983 2825 4054 ἆνὲμων
2874 3981 3101 4061 ἐφόδους
3137 4003 3148 4016 ·
3185 3984 3276 4038 καὶ
3335 3983 3460 4044 τοὺς
3509 3983 3591 4054 μὲν
3633 3994 3768 4032 κειται·

2185 4070 2438 4148 γιδώδεις
2494 4063 2929 4149 προφυλάττεται
2989 4071 3270 4147 πόρρωθεν
3327 4075 3361 4142 ἢ
3417 4069 3647 4146 σχεδόθεν
3690 4062 3768 4116 ἰόν·

2185 4183 2281 4223 τας
2339 4160 2632 4228 πολλάκις,
2677 4160 2766 4214 καὶ
2822 4159 2949 4223 τοὺς
3008 4159 3313 4237 πλωτῆρας
3360 4155 3770 4237 προασφαλίζεταε,

2186 4255 2274 4305 καί
2324 4253 2423 4319 τήν
2476 4253 2576 4319 τῆς
2647 4248 2855 4319 ἀὲλλης
2936 4245 3476 4325 προκαταλαμϐάνων
3533 4244 3770 4318 ἔμπτωσιν,

2187 4339 2448 4414 προχαλᾷ
2530 4343 2646 4400 τοῖς
2721 4339 3010 4409 προτόνοις
3099 4339 3160 4393 τὸ
3240 4339 3406 4394 ἱστίον
3475 4337 3557 4391 καὶ
3611 4329 3769 4408 ὑφίησι.

498 4544 781 4600 Caeterum
816 4545 887 4601 ad
922 4547 1206 4600 secundos
1238 4551 1439 4601 ventos
1488 4545 1722 4616 attollit,
1757 4565 2043 4622 rursusqu

2259 4552 2399 4627 Πρὸς
2449 4550 2505 4607 δὶ
2550 4550 2677 4614 τοὺς
2728 4551 2944 4624 οὐρίους
2999 4548 3352 4618 διανίσταται,
3405 4549 3488 4604 καὶ
3543 4549 3596 4602 τὸ
3645 4542 3768 4618 ἄρμε-

427 4634 587 4689 velut
616 4639 943 4706 opportune
971 4635 1262 4706 aperiens,
1289 4635 1478 4690 navim
1515 4635 1676 4691 clavo
1710 4638 1950 4709 subigit,
1984 4657 2081 4694 na-

424 4721 901 4796 vigationemque
933 4724 1134 4779 carina
1185 4726 1343 4779 unda
1387 4730 1754 4795 personante,
1790 4729 2078 4782 secundo-

429 4829 543 4884 que
596 4812 656 4866 in
709 4812 948 4884 puppim
995 4815 1168 4868 vento
1219 4814 1586 4878 exsufflante,
1617 4815 1783 4871 lzetus
1831 4817 2077 4888 perficit.

426 4901 587 4966 Quod
620 4900 668 4956 si
697 4900 910 4955 alicubi
951 4900 1274 4972 procellosa
1314 4907 1635 4974 tempestas
1683 4903 1937 4975 ingruat,
1983 4923 2082 4960 ηει-

425 4989 546 5045 vim
569 4994 692 5044 arte
715 4989 970 5060 quadam
995 4989 1280 5061 singulari
1305 4992 1660 5060 superiorem
1679 4992 1852 5047 undis
1865 4995 2082 5048 consti-

424 5078 538 5134 tuit
567 5083 623 5133 et
653 5077 1006 5134 incolumem
1044 5085 1253 5134 servat.
1273 5081 1343 5133 At
1366 5079 1413 5134 si
1437 5080 1670 5150 quando
1693 5081 1846 5134 venti
1876 5082 2080 5138 reﬂare

425 5167 728 5236 desierint,
765 5166 998 5238 altaque
1029 5167 1433 5239 tranquillitas
1467 5168 1800 5224 universam
1841 5172 2080 5225 sedave-

427 5255 498 5309 rit
531 5260 966 5326 tempestatem,
999 5272 1187 5327 neque
1221 5257 1300 5310 ita
1330 5255 1506 5326 quieti
1539 5272 1600 5312 se
1632 5263 1730 5312 aut
1762 5260 1958 5331 sopori
1992 5262 2080 5316 dc-

427 5343 536 5409 dit,
561 5344 660 5398 sed
694 5343 1021 5414 remigibus
1054 5345 1245 5399 navim
1274 5344 1454 5399 remis
1485 5345 1756 5417 subigere
1806 5351 2076 5421 imperat,

427 5431 814 5503 hortaturque
843 5433 1083 5488 omnino
1113 5433 1373 5504 vigilare,
1410 5438 1475 5489 ut
1505 5449 1640 5490 cum
1687 5436 1945 5508 pericula
1978 5456 2078 5494 na-

426 5517 684 5590 vigantes
716 5519 1045 5591 effugerint,
1082 5525 1318 5594 peracta
1348 5521 1718 5594 navigatione
1749 5542 1883 5582 cum
1932 5543 2080 5582 mer-

428 5608 593 5665 cibus
626 5613 858 5680 portum
890 5610 1108 5665 intraro
1155 5609 1402 5667 feliciter
1448 5612 1697 5683 possint.
1732 5615 1857 5673 Non
1907 5632 2076 5674 secus

2188 4663 2274 4697 νον
2337 4640 2490 4704 αὖθις
2543 4639 2856 4709 ἐκπετάσας,
2915 4641 3146 4703 εὐθέτως
3196 4638 3559 4713 πηδαλιουχεῖ
3590 4635 3671 4701 τήν
3703 4629 3771 4682 ὁλ-

2188 4727 2344 4798 κάδα,
2376 4728 2465 4783 καὶ
2523 4728 2612 4782 τὸν
2665 4726 2838 4782 πλοῦν
2899 4727 3273 4803 ἀγαλλόμενος
3323 4725 3540 4794 διανύει,
3588 4726 3667 4777 τοῦ
3710 4715 3771 4770 κῦο

2194 4839 2362 4892 ματος
2391 4821 2792 4893 περιηχοῦντος
2823 4820 2892 4890 τῇ
2919 4815 3162 4892 τρόπιδι,
3195 4817 3282 4872 καὶ
3341 4822 3436 4872 τοῦ
3486 4816 3639 4893 φοροῦ
3677 4803 3773 4862 xuii

2189 4907 2441 4984 πρύμνης
2503 4910 2779 4984 φυσῶντος
2830 4905 3157 4978 πνεύματος.
3220 4906 3286 4963 Ei
3345 4903 3401 4960 δέ
3456 4925 3552 4958 που
3602 4899 3674 4954 καὶ
3711 4915 3774 4984 κέ·

2194 4994 2452 5070 ματώδης
2503 4993 2845 5049 ἐπανίσταται
2899 4992 3061 5064 ζάλη,
3095 4993 3234 5048 ἔστιν
3295 4994 3384 5048 ὅτι
3436 4996 3501 5058 τῇ
3554 4991 3674 5061 σοφῇ
3711 4981 3769 5070 fit

2189 5107 2295 5162 χνῃ
2348 5085 2410 5139 τὸ
2472 5084 2676 5160 σκάφος
2729 5081 2911 5151 τίθησι
2963 5087 3074 5138 τῶν
3126 5083 3381 5155 κυμάτων
3431 5081 3687 5153 ἀνώτερον,
3709 5066 3769 5123 κ⁵ιέ

2182 5175 2526 5248 ’ἀναυάγητον
2561 5169 2812 5240 διασώζει
2847 5189 2859 5202 '
2894 5173 2984 5225 xui
3034 5170 3089 5225 εἷ’
3138 5193 3268 5226 ποτε
3325 5170 3544 5244 νηνεμία
3584 5165 3658 5221 καὶ
3699 5177 3772 5260 γοῗ

2189 5263 2330 5334 λήνη
2394 5263 2581 5338 βαθεῖα
2638 5259 2894 5315 παντοίαν
2980 5262 3292 5315 κιτευνάσοι
3367 5255 3651 5334 τρικυμίαν,
3691 5247 3758 5301 οὗδ

2189 5353 2360 5413 οὕτως
2443 5352 2642 5424 ἠρεμεῖ
2725 5348 2813 5404 καὶ
2899 5347 3174 5419 καθεύδει,
3233 5346 3379 5403 ἀλλᾶ
3444 5352 3553 5406 τοῖς
3618 5339 3772 5424 iain

2190 5438 2529 5516 ἐγκελεύεται
2607 5439 2706 5507 τὴν
2766 5435 2890 5491 ναῧν
2951 5435 3196 5493 ἐλαύνειν
3248 5443 3363 5498 τοῖς
3417 5435 3662 5511 ἐρετμοῖς,
3706 5418 3769 5476 καὶ

2186 5534 2437 5606 παραινεῖ
2493 5529 2680 5604 νήφειν
2757 5523 2846 5581 διὰ
2911 5527 3136 5598 παντὸς,
3193 5526 3282 5581 ἵνα
3355 5523 3482 5586 τοὺς
3548 5515 3768 5576 κινδύνους

2188 5605 2509 5694 διαδράντας
2553 5616 2682 5680 τοὺς
2709 5613 3177 5689 ναυτιλλομένους
3227 5614 3317 5670 σὺν
3374 5618 3485 5674 τοῖς
3523 5605 3770 5685 ἀγωγίμοιξ
