3930 6202
191 341 284 394 645

1161 342 1357 410 νιΤΑ,
1396 339 1736 398 AUCTORE
1774 338 2143 395 MICHAELE
2179 337 2536 396 SYNGELO.

3455 345 3562 400 646

187 457 514 518 εὐπλοοῦντας
558 461 633 529 τῷ
688 458 873 532 λιμένι
932 461 1351 536 προσορμίσειεν
1383 480 1396 493 ·
1459 459 1606 516 ἀλλὰ
1685 461 1792 534 μὴν

1981 476 2084 515 am
2142 475 2209 516 ac
2265 461 2570 532 caprarius
2625 462 2842 534 aliquis
2892 464 3045 521 feras
3094 467 3456 537 perniciosas
3506 473 3564 528 et

188 547 396 621 καθάπερ
449 567 527 608 τις
579 546 811 612 αῗπόΛος
863 550 992 611 τοὺς
1050 550 1143 622 μὶν
1207 547 1576 624 λυμαντικοὺς
1629 555 1800 623 θῆρας

187 637 509 712 ἐφορμῶντας
554 634 783 711 αἰχμαῖς
835 637 1050 711 ἀμύνεις
1085 639 1176 693 καὶ
1230 636 1519 714 σφενδόνῃ,
1551 637 1640 692 καὶ
1698 657 1798 692 κα-

191 725 419 801 λαύροπι,
466 724 550 778 καὶ
613 725 792 798 μέσων
851 732 1060 782 νυκτῶν
1119 728 1166 782 εἴ
1220 729 1521 801 πειραθεῖεν
1577 724 1799 800 ἐπιδρα-

191 820 313 888 μεῖν,
347 813 581 886 λαμπάσι
635 814 724 868 καὶ
768 816 939 891 πυρὸς
989 813 1263 879 ἀκοντίοις
1311 813 1604 872 δεδίττεται
1638 834 1648 846 ·
1702 835 1796 869 πε-

190 907 440 980 ριφρουρεῖ
494 899 550 956 δὲ
598 903 666 957 τά
719 899 968 980 πρόϐατα
1040 903 1215 974 πάντη
1293 902 1630 980 περιπολῶν,
1688 907 1795 958 τῶν

193 993 271 1066 μὲν
313 993 644 1067 φθοροποιῶν
693 994 779 1048 καὶ
828 998 1063 1068 νοσερῶν
1113 993 1334 1068 ἀπάγων
1367 997 1576 1066 νομῶν,
1608 993 1695 1047 ἐπὶ
1741 990 1799 1047 δὶ

187 1081 265 1140 τὰς
303 1080 648 1156 ὀνησιφόρους
688 1083 779 1136 καὶ
835 1082 1133 1146 καλλίστας
1189 1081 1330 1160 ἄγων
1366 1101 1379 1116 ⁸
1435 1083 1526 1138 καὶ
1584 1083 1646 1138 τὸ
1702 1083 1796 1156 μὲν

187 1171 329 1232 ἑστὼς
356 1171 439 1223 καὶ
477 1170 639 1246 ὑγιῶς
672 1167 799 1247 ἕχον
833 1169 1118 1250 φυλάττων
1153 1173 1354 1240 ἀσινὲς,
1382 1173 1444 1227 τὸ
1489 1169 1546 1227 δὲ
1574 1193 1797 1226 πεπτω.

185 1261 284 1326 κὸς,
312 1261 342 1328 ἢ
373 1261 677 1331 νενοσηκὸς,
712 1263 746 1332 ἢ
779 1261 1166 1335 τεθλασμένον,
1199 1263 1233 1332 ἢ
1267 1264 1795 1340 τετραυματισμένον

187 1349 532 1422 ἀνορθῶν,καὶ
586 1351 977 1428 περισφίγγων,
1011 1350 1246 1428 ἀλείφων
1294 1373 1353 1407 τε
1402 1352 1492 1406 καὶ
1543 1351 1796 1424 ἲώμενος·

184 1435 425 1498 πολλάκις
473 1435 529 1492 δὶ
576 1438 666 1493 καί
715 1444 822 1494 τῶν
861 1439 1078 1515 ὀνύχων
1109 1440 1200 1495 καὶ
1229 1439 1516 1513 στομάτων
1545 1444 1655 1494 τῶν
1711 1441 1801 1514 ἁρ-

182 1533 424 1582 πακτικῶν
479 1527 685 1604 θηρίων
745 1531 808 1584 τὸ
867 1531 1103 1606 ἀρπαγὲν
1160 1529 1390 1604 ἐμπνέον
1438 1528 1514 1585 ἔτι
1562 1530 1653 1585 καὶ
1702 1552 1798 1586 πε·

183 1624 433 1692 ρισπαῖρον
479 1619 900 1693 ἀποσπώμενος,
951 1621 1041 1675 καὶ
1086 1622 1476 1696 ἀναζωπυρῶν,
1524 1622 1611 1676 καὶ
1681 1623 1795 1676 οἷον

183 1704 231 1759 ἐκ
271 1708 482 1761 Θανάτου
530 1710 670 1779 πρὸς
724 1711 869 1778 ζωὴν
919 1709 1263 1782 ἀνακομίζων
1299 1727 1312 1741 ⁸
1362 1710 1452 1764 τὸν
1525 1708 1682 1764 αὐτὸν
1729 1706 1795 1779 δὴ

181 1794 355 1870 τρόπον
384 1797 410 1850 ὁ
439 1797 752 1874 σοφώτατος
798 1793 1134 1874 κυϐερνήτης
1182 1797 1360 1867 οὗτος,
1393 1798 1559 1853 οἱονεὶ
1597 1796 1796 1853 πλοῖον

185 1883 271 1950 τὴν
311 1883 599 1953 νεόπηκτον
681 1885 937 1954 οίακίζειν
986 1884 1311 1957 Ἐκκλησίαν
1384 1886 1704 1962 προαχθεὶς,
1751 1886 1804 1946 ἒν

188 1972 314 2046 μέσῳ
362 1971 628 2047 πελάγους
689 1971 973 2036 κλύδωνος
1054 1975 1392 2050 πανταχόθεν
1457 1974 1806 2051 ἐπεγειρομὲ-

179 2082 274 2127 νου,
337 2061 419 2114 καὶ
500 2060 745 2133 ποίμνης
820 2061 1053 2136 λογικῆς
1129 2067 1412 2138 νεογενοῦς
1495 2061 1803 2119 ἐπιστασίαν

181 2147 535 2221 ἑμπιστευθείς,
609 2155 709 2218 τῆς
787 2147 1191 2224 εἴδωλομανίας
1265 2152 1509 2227 ἰσχυρῶς
1582 2150 1805 2227 ἐπικρα-

178 2235 366 2304 εούσης,
395 2240 492 2290 τοῦ
548 2257 612 2291 τε
665 2236 929 2310 τυράννου
977 2239 1067 2293 καὶ
1122 2243 1230 2294 τῶν
1279 2245 1377 2294 τοῦ
1430 2240 1640 2314 κόσμου
1697 2263 1802 2314 μα-

177 2323 313 2378 ταίων
370 2328 572 2400 σοφῶν,
630 2325 720 2379 καὶ
797 2325 1068 2401 ῥητόρων,
1140 2333 1320 2404 θηρῶν
1407 2327 1799 2406 ἐμμανέστερον

177 2413 290 2467 κατά
331 2418 431 2467 τῶν
485 2412 536 2483 ἐξ
604 2411 910 2484 Ἰουδαϊκῆς
970 2415 1238 2481 σκιώδους
1289 2417 1706 2492 νομολατρείας,
1765 2421 1801 2491 ἢ

179 2507 261 2569 τῆς
304 2501 636 2572 Ἑλληνικῆς
689 2503 874 2566 ἀθείας
935 2503 1022 2558 ἐπὶ
1080 2505 1177 2574 τὴν
1226 2506 1302 2568 είς
1332 2507 1571 2582 Χριστὸν
1629 2509 1798 2582 εὐαγῆ

175 2588 326 2644 πίστιν
399 2590 888 2666 μεταφοιτώντων,
948 2594 1315 2666 μαινομένων,
1363 2592 1801 2668 εὐδοκιμώτατος

173 2679 471 2750 προστάτης,
529 2679 626 2734 καὶ
685 2681 1058 2756 γνησιώτατος
1116 2687 1214 2737 τοῦ
1277 2689 1519 2758 Χριστοῦ
1566 2687 1799 2758 ποιμὴν,

174 2767 247 2818 καὶ
299 2773 388 2835 τῆς
444 2768 825 2839 ἀποστολικῆς
881 2769 1203 2845 προεδρείας
1248 2772 1321 2833 ὡς
1372 2771 1597 2841 ἀληθῶς
1651 2773 1797 2845 ἄξιος

175 2852 452 2930 ἀνεδείχθη,
500 2858 598 2912 τὸν
659 2857 942 2921 θεόλεκτον
998 2858 1128 2914 λαὸν
1191 2859 1538 2935 κηδεμονικῷ
1592 2884 1651 2917 τε
1707 2865 1796 2919 καὶ

174 2942 502 3020 φιλαγρύπνῳ
549 2947 644 3000 καὶ
695 2947 980 3022 θαρσαλὲῳ
1028 2950 1299 3024 περιέπων
1343 2955 1674 3029 φρονήματι,
1707 2955 1794 3009 καὶ

173 3035 255 3100 τὴν
300 3035 388 3106 μὲν
429 3041 534 3090 τῶν
575 3042 870 3113 προφανῶν
913 3045 1013 3106 τῆς
1063 3039 1298 3102 πίστεως
1343 3040 1402 3096 ἀ)
1419 3041 1674 3117 λοτρίων,
1707 3056 1795 3110 καὶ

169 3126 248 3175 τοῦ
301 3125 440 3178 θείου
490 3123 850 3201 κηρύγματος
926 3125 1178 3182 ἐναντίων
1238 3128 1563 3202 λυσσωδίαν,
1621 3136 1690 3205 τῇ
1737 3155 1796 3188 τε

1906 554 2270 621 grassantes,
2301 551 2563 620 cuspide,
2599 551 2798 622 funda,
2829 552 3112 625 virgaque
3162 559 3442 627 pastorali
3475 578 3564 616 ar-

1907 654 2068 703 cens,
2093 639 2142 693 si
2168 638 2379 694 mediis
2405 639 2674 695 noctibus
2700 641 3069 697 incursiones
3099 644 3284 701 facere
3317 651 3560 717 tentent,

1908 727 2133 783 facibus
2166 726 2419 798 telisque
2448 727 2634 800 igneis
2660 731 2911 797 territat,
2931 733 3187 787 custcdit
3209 739 3404 790 autem
3428 754 3561 794 oves

1909 815 2129 888 ubique
2152 816 2639 888 oberrando,illas
2658 835 2690 873 a
2709 819 2895 875 noxiis
2920 821 3158 892 pascuis
3181 823 3560 898 submovens,

1907 910 1966 962 et
1994 907 2246 962 utilibus
2278 912 2454 979 atque
2486 909 2907 966 ammnissimis
2935 911 3250 968 inducens:
3277 917 3432 985 quod
3468 917 3562 971 fir-

1910 1011 2072 1049 mum
2121 1000 2209 1050 est
2248 1001 2422 1068 atque
2469 1013 2706 1066 sanum,
2737 1005 3042 1054 conservat
3094 999 3408 1068 incolume,
3440 1005 3561 1060 col-

1907 1082 2141 1154 lapsum
2165 1101 2320 1153 vero,
2339 1090 2394 1140 et
2414 1091 2724 1158 aegrotans,
2749 1091 2852 1142 aut
2873 1087 3126 1144 fractum
3157 1098 3254 1145 aut
3285 1091 3559 1148 vulnera-

1905 1176 2031 1227 tum
2065 1173 2289 1245 dirigit,
2317 1175 2684 1244 constringit,
2723 1174 2892 1248 ungit
2919 1181 2978 1231 et
3010 1183 3259 1249 reparat.
3297 1179 3562 1237 Plerum-

1907 1277 2020 1332 que
2049 1262 2204 1316 enim
2241 1263 2311 1316 ab
2345 1263 2642 1334 unguibus
2699 1270 2757 1318 et
2808 1281 2906 1320 ore
2953 1265 3203 1320 ferarum
3232 1269 3558 1339 rapacium,

1907 1350 2060 1421 quod
2094 1355 2322 1420 raptum
2356 1356 2464 1417 est,
2503 1368 2691 1422 neque
2751 1352 2986 1423 penitus
3033 1359 3124 1409 est
3169 1368 3561 1429 peremptum,

1907 1440 2008 1494 sed
2069 1439 2261 1494 adhuc
2318 1440 2501 1511 spirat
2549 1445 2606 1496 et
2655 1441 2922 1512 palpitat,
2962 1442 3176 1509 avellit,
3217 1450 3462 1515 recreat,
3503 1452 3561 1503 et

1906 1531 2190 1598 tanquam
2236 1530 2306 1583 de
2355 1534 2542 1586 morte
2591 1536 2662 1585 ad
2714 1530 2892 1585 vitam
2943 1537 3192 1587 revocat.
3225 1533 3341 1589 Hoc
3384 1536 3559 1591 modo

1907 1617 2386 1685 sapientissimus
2419 1618 2529 1673 iste
2559 1619 2922 1690 gubernator
2961 1620 3278 1677 Ecclesiam
3313 1629 3376 1678 ut
3406 1625 3562 1680 navi-

1908 1703 2070 1776 gium
2105 1721 2288 1777 nuper
2307 1713 2673 1778 compactum
2693 1709 2752 1762 in
2775 1708 2964 1764 medio
2989 1710 3136 1765 mari
3157 1711 3434 1768 ﬂuctibus
3457 1730 3564 1769 un-

1912 1794 2088 1864 dique
2118 1793 2531 1865 ingruentibus
2560 1812 2756 1866 regere
2784 1814 3099 1869 aggressus
3130 1805 3238 1865 est,
3270 1806 3327 1856 et
3369 1806 3560 1873 gregis

1918 1898 2107 1954 nuper
2145 1883 2267 1938 nati
2315 1884 2413 1955 qui
2466 1901 2707 1957 compos
2737 1892 2828 1942 est
2857 1887 3122 1955 rationis,
3155 1889 3558 1960 praefecturam

1913 1973 2123 2042 gessit.
2184 1972 2641 2028 Simulacrorum
2695 1975 2832 2030 item
2892 1975 3125 2031 insania
3189 1977 3563 2034 vehementer

1914 2059 2373 2132 ingravescente,
2397 2079 2530 2117 eum
2566 2064 2823 2135 tyranni,
2845 2069 2970 2119 tum
3001 2069 3316 2121 stultorum
3353 2067 3561 2122 mundi

1913 2150 2270 2221 sapientum,
2304 2167 2370 2206 ac
2414 2151 2740 2221 rhetorum,
2773 2153 2873 2223 qui
2924 2159 3125 2208 contra
3173 2170 3273 2210 eos
3322 2155 3446 2226 (qui
3492 2173 3562 2211 ex

1909 2237 2158 2294 Judaica
2183 2246 2238 2293 et
2267 2240 2570 2295 umbratili
2604 2241 2748 2313 legis
2780 2242 3202 2310 observatione,
3236 2243 3560 2315 gentilique

1911 2326 2236 2398 impietate,
2268 2329 2337 2382 ad
2390 2331 2650 2383 sanctam
2698 2329 2913 2385 Christi
2963 2330 3134 2385 fidem
3182 2331 3558 2402 trasplantati

1909 2417 2071 2486 sunt)
2126 2416 2426 2472 crudelius
2474 2433 2652 2488 quam
2699 2419 2828 2473 ferae
2876 2419 3216 2488 deseviunt,
3254 2420 3558 2490 praefectus

1910 2505 2057 2559 377
2120 2503 2594 2570 laudatissimus,
2662 2510 2718 2560 et
2784 2507 3281 2577 generosissimus
3338 2507 3557 2564 Christi

1909 2598 2128 2664 pastor,
2174 2599 2232 2649 et
2286 2593 2608 2665 apostolica
2664 2595 3009 2667 praefectura
3058 2613 3200 2652 sane
3247 2613 3424 2668 quam
3468 2598 3558 2652 di-

1907 2698 2060 2753 gnus
2125 2683 2457 2738 declaratus
2519 2688 2629 2750 est,
2681 2688 2738 2738 et
2782 2683 3027 2739 electum
3097 2684 3196 2739 Dei
3274 2685 3558 2757 populum

1908 2770 2250 2843 perspicaci,
2279 2770 2439 2842 vigili
2486 2789 2552 2827 ac
2602 2771 2892 2844 intrepido
2939 2771 3137 2829 animo
3186 2774 3354 2837 rexit.
3386 2781 3444 2830 et
3475 2776 3558 2831 fe-

1908 2861 2139 2917 ritatem
2191 2878 2393 2916 eorum
2443 2862 2542 2931 qui
2589 2862 2817 2934 profani
2865 2867 2923 2917 et
2969 2863 3144 2918 alieni
3181 2882 3213 2919 a
3253 2864 3368 2920 fide
3416 2881 3561 2935 pria-

1909 2950 2184 3006 dicalioni
2232 2951 2634 3020 adversantur,
2692 2950 3148 3023 purissimarum
3191 2968 3430 3024 precum
3465 2969 3563 3009 ce-

1906 3039 2192 3104 lebritate,
2217 3056 2282 3095 ac
2313 3039 2592 3111 loquendi
2623 3039 2911 3102 libertate,
2945 3045 3403 3112 sanctarumque
3435 3057 3563 3096 ma-

1909 3145 2090 3183 nuum
2138 3129 2498 3195 extensione,
2532 3145 2636 3185 nec
2691 3145 2806 3184 non
2857 3129 3116 3184 assiduis
3166 3146 3304 3202 erga
3353 3131 3560 3200 Deum,

168 3214 255 3263 τῶν
305 3215 699 3286 καθαρωτάτων
753 3214 841 3269 καὶ
916 3216 1397 3293 εὐπαῤῥησιάστων
1470 3226 1792 3297 προσευχῶν

1987 3218 2002 3270 i
2049 3219 2238 3288 ipsam
2298 3218 2563 3288 frangere
2613 3218 2902 3274 feritatem
2949 3222 3158 3289 potest,
3186 3199 3562 3290 supplicatio-

168 3298 372 3371 εὐτονίᾳ,
403 3303 490 3356 καὶ
537 3307 663 3365 ταῖς
710 3307 818 3358 τῶν
872 3304 1032 3359 ὁσίων
1081 3311 1284 3382 χειρῶν
1333 3309 1468 3382 πρὸς
1497 3310 1590 3364 τὸν
1639 3307 1798 3365 δυνά-

175 3407 311 3458 μενον
365 3390 580 3465 θραύειν
640 3391 812 3461 αὐτὴν
879 3395 1009 3448 Θεὸν
1091 3394 1331 3450 ἐκτάσεσι
1404 3397 1494 3452 καὶ
1567 3399 1797 3454 ἐκτενὲσι

171 3472 386 3547 δεήσεσιν
417 3479 887 3555 ἀποτρεπόμενος.

222 3605 320 3672 Τὴν
372 3603 428 3661 δὲ
475 3612 588 3662 τῶν
637 3610 999 3683 προσχήματι
1064 3610 1158 3683 μὲν
1213 3610 1452 3682 οῗκείων,
1507 3616 1686 3689 ἐχθῶν
1738 3613 1796 3671 δὲ

160 3694 396 3751 κακίστων
453 3695 616 3753 οὐδὲν
671 3699 892 3771 ἄμεινον
941 3697 1321 3775 διακειμένων,
1368 3704 1458 3758 καὶ
1515 3701 1793 3780 προϐάτου

163 3781 242 3851 μὶν
295 3781 453 3860 δορὰν
513 3782 731 3842 ἔκτοθεν
790 3783 1300 3862 περιϐεϐλημένων,
1332 3787 1438 3863 ’ἕξιν
1489 3789 1545 3846 δὶ
1595 3791 1789 3866 λύκου,

153 3869 226 3923 καί
290 3875 514 3948 γνώμην
597 3869 805 3930 ἔνδοθεν
888 3875 1418 3952 βυσσοδομούντων,
1477 3880 1789 3959 εὐφώρατον

155 3965 266 4014 πᾶσι
296 3965 458 4025 τιθεῖς
488 3964 861 4041 κακορῥαφίαν
912 3987 970 4022 τε
1016 3969 1103 4022 καὶ
1157 3965 1473 4040 δολιότητα.
1515 3971 1618 4032 Τάς
1670 3971 1790 4043 μὲν-

152 4067 221 4101 τοι
250 4054 352 4105 τῶν
383 4058 658 4132 σοφιστῶν
686 4054 773 4108 καὶ
823 4053 1070 4130 ρητόρων
1111 4061 1218 4110 τῶν
1269 4058 1405 4112 κατά
1450 4063 1551 4112 τοῦ
1611 4081 1789 4131 σωτη-

152 4135 256 4221 ρίου
305 4137 584 4214 δόγματος
643 4143 1036 4220 σοφιζομένων,
1064 4146 1154 4199 καὶ
1201 4143 1568 4211 διαλεκτικαῖς
1625 4145 1789 4221 μεθό-

151 4220 274 4294 δοις,
305 4236 646 4307 σοφιστικαῖς
690 4253 748 4286 τε
805 4233 894 4286 καὶ
946 4233 1263 4308 ῥητορικαῖς
1308 4233 1579 4308 δεινότησι
1639 4259 1789 4314 χρω-

155 4314 335 4385 μένων,
365 4320 681 4393 προτάσεις,
719 4319 988 4383 ἐνστάσεις
1045 4343 1103 4377 τε
1161 4324 1249 4377 καὶ
1310 4324 1600 4388 ἀντιθέσεις
1657 4328 1790 4401 ἀρά-

151 4419 276 4476 χνης
361 4408 508 4462 ἱστὸν
606 4406 923 4465 εὐδιάλυτον
988 4413 1176 4487 ἡγεῖτο
1233 4414 1322 4466 καὶ
1380 4412 1788 4489 εὐδιάθρυπτον,

154 4490 305 4566 ῥᾷστα
362 4493 781 4572 διασπαράττων
839 4499 926 4554 καί
989 4497 1229 4556 διαλύων
1283 4498 1480 4558 ἕκαστα
1535 4507 1600 4560 τὰ
1656 4507 1791 4580 πρὸς

1911 3306 2088 3362 nibus
2118 3307 2522 3362 commutavit.

1981 3615 2157 3666 Porro
2187 3627 2390 3665 eorum
2423 3609 2522 3680 qui
2555 3609 2875 3664 amicitiam
2924 3614 3268 3681 prastexunt,
3301 3627 3438 3666 cum
3472 3613 3562 3666 ni-

1909 3698 2028 3754 hilo
2087 3715 2213 3754 sese
2262 3698 2538 3769 pessimis
2598 3697 2865 3752 hostibus
2925 3698 3139 3752 melius
3198 3697 3473 3767 habeant,
3506 3705 3564 3754 et

1907 3787 2101 3841 ovium
2143 3786 2376 3858 quidem
2411 3785 2622 3858 pellem
2655 3786 2932 3856 exterius,
2968 3785 3091 3856 lupi
3121 3801 3254 3840 vero
3287 3785 3556 3840 habitum

1908 3875 2156 3930 interius
2186 3874 2585 3929 circumcincti
2617 3873 2864 3929 insidias
2898 3874 3093 3928 animo
3135 3879 3395 3943 struunt,
3429 3891 3560 3946 per-

1905 3965 2173 4038 spicuum
2198 3965 2476 4020 omnibus
2508 3963 2705 4019 dolum
2737 3968 2794 4018 et
2824 3964 3090 4018 fraudem
3111 3963 3268 4019 fecit.
3288 3963 3560 4036 Proposi-

1904 4055 2092 4110 tiones
2123 4071 2270 4118 vero,
2304 4054 2660 4108 intentiones
2709 4069 2775 4108 ac
2826 4052 3229 4125 appositiones
3260 4053 3560 4124 sophista-

1906 4161 2036 4198 rum
2063 4143 2482 4214 rhetorumque
2505 4147 2709 4197 contra
2728 4141 3050 4197 Servatoris
3084 4141 3410 4197 doctrinam
3440 4141 3560 4197 dis-

1905 4234 2249 4298 serentium,
2274 4249 2340 4288 ac
2372 4231 2693 4286 dialecticis
2722 4230 2956 4286 dicendi
2998 4230 3328 4286 rationibus
3359 4230 3561 4302 sophi-

1903 4321 2186 4392 sticisque
2218 4338 2283 4376 ac
2315 4319 2619 4376 rhetoricis
2664 4319 3029 4392 argumentis
3080 4319 3395 4390 utentium,
3429 4337 3562 4374 ara-

1905 4428 2026 4466 nea:
2077 4411 2276 4477 telam,
2309 4427 2439 4482 quae
2487 4409 2729 4466 dissolvi
2779 4426 2843 4464 ac
2894 4409 3086 4480 frangi
3136 4407 3301 4463 facile
3351 4408 3561 4479 possit,

1903 4499 2288 4570 existimabat,
2319 4504 2377 4553 et
2414 4515 2616 4554 eorum
2669 4498 2893 4566 noxias,
2927 4495 3328 4552 cavillationes
3378 4501 3556 4567 atque

154 4579 313 4635 αὐτῶν
344 4583 615 4658 κλεψίνοα
657 4587 1060 4664 σοφιστεύματά
1114 4610 1173 4644 τε
1231 4592 1322 4644 καὶ
1380 4588 1751 4666 προϐλήματα
1784 4615 1795 4627 '

1981 4567 2282 4646 oblemata’
2314 4588 2549 4660 singula
2596 4586 2974 4655 dilacerabat,
3013 4591 3069 4640 et
3116 4583 3392 4639 facillime
3439 4584 3561 4639 dis-

154 4665 289 4724 ἀλλᾶ
321 4673 426 4744 μὴν
461 4675 604 4750 πρὸς
633 4675 760 4738 τοὺς
790 4675 1091 4750 πολεμίους
1123 4681 1222 4744 τῆς
1249 4665 1490 4755 ἀτραποῦ
1535 4665 1636 4752 τῆξ
1692 4706 1797 4738 σω·

154 4759 327 4828 τηρίας
404 4761 730 4839 ἐγρηγορὼς
805 4762 1056 4836 διετέλει,
1116 4770 1182 4839 τῇ
1244 4767 1646 4844 παντοδυνάμῳ
1702 4777 1798 4827 τοῦ

157 4851 275 4900 Θεοῦ
327 4851 413 4904 καὶ
474 4851 750 4926 βασιλέως
797 4856 958 4926 ἡμῶν
1008 4856 1241 4931 Χριστοῦ
1289 4855 1586 4931 δυναστείᾳ,
1638 4882 1799 4916 κατα-

159 4933 384 4992 στέλλων
441 4939 625 4995 αὐτῶν
682 4942 743 4996 τὸ
802 4944 1084 5020 φρύαγμα,
1131 4945 1220 5000 καὶ
1287 4948 1385 5016 τὴν
1445 4946 1801 5024 ψευδώνυμον

156 5029 334 5096 γνῶσιν
368 5025 702 5105 διελέγχων.
741 5031 841 5087 Καὶ
873 5033 997 5107 περὶ
1033 5031 1251 5088 πολλοῦ
1303 5037 1396 5108 μὲν
1425 5035 1663 5093 ἐποιεῖτο
1693 5044 1800 5094 τῶν

163 5115 607 5198 μαθητευομένων
647 5122 840 5194 ψυχῶν
896 5119 1193 5198 ἐξαλείφειν
1247 5123 1313 5178 τὰ
1379 5125 1570 5198 πρῴην
1629 5132 1807 5189 κακῶς

157 5197 548 5274 ὶνσημανθέντα
603 5211 702 5272 τῆς
757 5209 1049 5280 ἀθεότητος
1091 5212 1177 5266 καὶ
1217 5197 1552 5288 βδελυγμίας
1600 5218 1807 5291 χαράγ-

162 5310 333 5358 ματα·
395 5295 786 5372 μετεγγράφειν
848 5296 906 5353 δὲ
959 5301 1027 5354 τὰ
1056 5307 1157 5369 τῆς
1213 5297 1514 5365 θεοσεϐείας
1565 5304 1654 5359 καὶ
1710 5312 1810 5375 τῆς

162 5376 518 5455 ὑπερκοσμίου
552 5385 739 5456 σοφίας
791 5383 1120 5462 διδάγματα.
1154 5392 1242 5460 Μὴ
1293 5390 1422 5456 τοὺς
1461 5395 1702 5469 καρποὺς
1754 5393 1812 5450 δὲ

162 5471 260 5520 τῶν
317 5469 350 5523 ’ἆ
405 5469 704 5547 παρεδίδου
761 5477 846 5530 καὶ
905 5474 1234 5548 ἐξεδίδασκεν
1288 5479 1554 5551 ἀπαιτεῖν,
1617 5483 1690 5546 ὡς
1750 5486 1809 5539 ἂν

169 5554 373 5647 οίηθείη
403 5581 513 5632 τις,
549 5562 745 5636 ἠμέλει
783 5582 796 5596 ’
829 5563 891 5619 οὐ
938 5565 1032 5638 μὶν
1063 5567 1177 5639 οὗν,
1207 5567 1351 5625 ἀλλὰ
1391 5567 1521 5645 δίχα
1568 5574 1811 5647 πράξεων

166 5645 252 5708 τὰς
306 5652 413 5704 τῶν
480 5650 640 5716 θείων
673 5651 853 5728 λόγων
886 5657 1114 5728 μυήσεις
1147 5656 1498 5734 ὑπαρχούσας
1547 5645 1810 5738 δένδροις,

1909 4680 2189 4735 solvebat.
2224 4679 2371 4744 Quin
2416 4677 2592 4732 etiam
2623 4677 2906 4730 adversus
2937 4675 3064 4728 vita:
3097 4672 3304 4728 salutis
3336 4671 3560 4741 hostes,

1914 4769 2011 4824 Dei
2033 4774 2088 4824 et
2110 4768 2265 4840 regis
2294 4767 2475 4821 nostri
2508 4765 2725 4820 Christi
2761 4763 3040 4836 potentia,
3069 4779 3193 4833 quae
3225 4761 3426 4816 omnia
3459 4778 3562 4833 po-

1909 4863 2042 4925 test,
2061 4857 2308 4928 vigilans
2344 4853 2719 4924 perdurahat,
2741 4852 3009 4907 fremitus
3041 4851 3275 4905 illorum
3307 4850 3563 4920 compri-

1915 4962 2102 5013 mens,
2135 4950 2190 5000 et
2222 4942 2350 4998 falsi
2389 4941 2644 4997 nominis
2689 4941 2994 4995 scientiam
3045 4938 3338 4994 refellens.
3373 4943 3565 5009 Atque

1915 5033 2150 5094 maximi
2191 5032 2426 5104 quidem
2475 5031 2686 5084 referre
2732 5028 3130 5092 existimabat,
3162 5027 3212 5082 si
3261 5027 3564 5083 cicatrices

1916 5122 2235 5195 impietatis
2269 5127 2326 5174 et
2355 5117 2834 5186 abominationis,
2868 5133 2994 5189 quas
3047 5131 3351 5188 perperam
3396 5120 3568 5171 antea

1918 5214 2130 5268 inustis
2165 5212 2416 5278 fuerant,
2450 5226 2483 5264 a
2514 5206 2939 5278 discipulorum
2976 5205 3191 5260 animis
3223 5204 3568 5270 aboleret,et

1919 5304 2129 5358 divinae
2162 5301 2414 5372 pielatis,
2447 5297 2819 5366 emissusque
2847 5295 3146 5367 sapientiae
3179 5300 3464 5365 praecepta
3495 5291 3569 5346 il-

1921 5392 2110 5447 larum
2135 5389 2259 5444 loco
2280 5388 2658 5458 imprimeret.
2687 5385 2881 5456 Neque
2906 5401 3037 5439 vero
3069 5400 3270 5440 eorum
3295 5399 3422 5454 quas
3447 5388 3569 5437 tra-

1921 5481 2148 5536 diderat
2177 5483 2352 5547 atque
2383 5477 2682 5541 docuerat,
2715 5475 2941 5529 fructus
2971 5476 3062 5542 (ut
3114 5471 3324 5544 aliquis
3367 5469 3571 5526 existi-

1923 5584 2083 5626 mare
2123 5566 2342 5638 posset)
2391 5568 2650 5635 repetere
2700 5562 3072 5637 negligebat;
3127 5560 3370 5618 minime
3413 5577 3568 5631 vero,

1927 5657 2061 5732 quin
2091 5655 2421 5711 divinorum
2455 5668 2793 5709 sermonum
2837 5651 3137 5724 mysteria,
3171 5667 3300 5723 que
3331 5666 3447 5707 non
3479 5667 3568 5706 re-
