3930 6202
440 308 547 361 647

1665 303 1724 356 8.
1765 294 2078 354 DIONYSII
2117 289 2458 348 ARBOPAG
2467 289 2622 342 ITE.
3675 286 3752 340 658

433 437 522 487 cte
571 428 744 485 factis
791 428 1136 493 niterentur,
1171 427 1480 483 arboribus
1525 425 1793 482 foliorum
1842 420 2068 493 quidem

2192 408 2418 490 φύλλων
2455 410 2549 482 μὶν
2583 404 2831 478 εὖθαλείᾳ
2857 408 3132 477 κομῶσιν,
3155 400 3408 475 ἀκαρπίαν
3452 399 3504 457 δέ
3546 409 3755 480 νοσοῦσιν,

435 522 702 576 ubertate
731 516 972 588 ornatis,
1005 519 1280 572 caeterum
1330 515 1633 572 sterilitate
1679 509 2082 568 laborantibus

433 607 654 666 similia
693 622 820 662 esse
879 604 1269 669 asseverabat,
1303 608 1359 658 et
1408 604 1583 658 ﬁdem
1634 600 1762 657 sine
1808 598 2083 670 operibus

435 701 730 755 mortuam
764 711 892 751 esse
923 695 1197 762 ducebat,
1221 693 1500 764 istudque
1529 691 1587 746 in
1621 689 1828 762 primis
1866 685 2082 742 doctri-

435 786 686 844 naillius
708 785 1033 856 spectabat,
1054 783 1141 837 uti
1169 780 1372 837 ﬁdeles
1400 780 1811 835 mandatorum
1834 792 1961 832 sese
1981 774 2084 830 ob-

431 875 864 932 servationibus
920 873 1298 941 decorarent;
1331 886 1519 941 neque
1551 868 1732 924 ullum
1767 866 1924 921 aliud
1955 880 2086 919 cer-

432 969 550 1023 tius
600 969 1015 1037 argumentum
1061 961 1298 1018 sinceraa
1341 965 1400 1016 et
1429 957 1659 1016 stabilis
1691 958 1749 1012 in
1783 955 2084 1012 Christum

436 1055 572 1111 ﬁdei
604 1059 660 1111 et
689 1051 1019 1109 dilectionis
1065 1050 1315 1106 existere
1368 1049 1621 1114 dicebat,
1651 1047 1975 1102 admonens
2023 1047 2088 1098 ut

432 1145 790 1201 horrendum
839 1140 1103 1196 futurum
1146 1138 1443 1210 judicium
1498 1137 1996 1210 pertimescerent,
2026 1132 2086 1187 in

433 1251 549 1306 quo
581 1232 834 1304 quisque
857 1234 1034 1303 prout
1068 1228 1276 1285 vixerit
1306 1233 1408 1284 aut
1437 1227 1638 1299 egerit,
1673 1223 1960 1281 rationem
1999 1225 2089 1278 est

433 1321 806 1377 redditurus:
839 1323 896 1374 et
925 1335 1057 1373 eum
1092 1317 1335 1388 quidem
1381 1317 1484 1388 qui
1533 1319 1750 1370 rectam
1783 1313 1958 1369 ﬁdem
1991 1328 2087 1367 cu.

428 1409 717 1477 stodierit,
748 1412 805 1464 et
839 1408 1022 1463 vitam
1073 1406 1408 1461 Christiano
1460 1404 1584 1460 viro
1632 1407 2086 1458 consentaneam

431 1499 637 1570 egerit,
655 1503 832 1568 atque
857 1496 1196 1567 incorrupto
1220 1495 1412 1565 judici
1444 1498 1596 1550 recte
1649 1491 1818 1548 factis
1849 1491 2087 1562 placue-

432 1589 528 1654 rit,
558 1591 894 1658 perpetuam
923 1586 1212 1640 bonorum
1235 1601 1362 1640 vere
1393 1583 1694 1638 beatorum
1727 1580 2086 1653 voluptatem

432 1680 870 1748 percepturum.
913 1674 1022 1738 Qui
1071 1690 1209 1729 vero
1261 1672 1486 1744 Optima
1531 1672 1659 1726 vitae
1710 1670 1999 1736 instituta,
2033 1671 2090 1724 et

431 1779 610 1836 Opera
633 1764 766 1818 fidei
790 1779 900 1818 non
922 1763 1272 1834 adjunxerit,
1293 1761 1582 1867 sed'hanc
1613 1760 1738 1815 vitae
1771 1758 1924 1860 ατε
1958 1763 2081 1812 tur-
2110 1802 2158 1867 Β

433 1852 702 1925 pitudine
731 1853 1379 1922 contaminarit,justas
1408 1849 1565 1904 hunc
1597 1848 1837 1920 propriae
1878 1863 2076 1902 amen-

431 1944 526 1998 tiae
584 1958 785 2013 pinnas
842 1941 1144 2007 daturum,
1173 1945 1229 1995 et
1268 1938 1639 1995 severissime
1687 1953 1752 1992 ac
1800 1939 2077 2008 perpetuo

432 2031 695 2086 cruciatu
740 2031 1134 2102 torquendum
1167 2029 1380 2084 aiebat.
1413 2028 1630 2084 Omnes
1664 2028 1879 2082 docens
1910 2023 2079 2080 insti-

428 2125 720 2191 tuensque
741 2121 912 2191 juxta
941 2118 1339 2190 evangelicam
1379 2118 1558 2172 vitam
1589 2122 1646 2172 et
1675 2113 2075 2188 apostolorum

427 2209 806 2265 traditionem
838 2207 1144 2263 ambulare
1173 2212 1351 2279 atque
1377 2206 1564 2262 vivere
1589 2209 1916 2277 opportune
1937 2220 2078 2274 prae-

425 2297 738 2354 dicationis
772 2313 1109 2352 mensuram
1137 2297 1196 2351 in
1216 2296 1442 2367 judicio
1465 2295 1802 2365 disponens.
1823 2293 1965 2348 Nam
1991 2291 2074 2346 in-

425 2387 616 2442 fantes
649 2384 850 2440 habitu
886 2400 1204 2456 recensque
1238 2389 1408 2439 natos
1440 2383 1609 2450 lacte,
1640 2383 1746 2437 hoc
1795 2386 1884 2436 est
1929 2380 2075 2434 sim-

425 2474 767 2548 plicioribus
815 2480 870 2529 et
915 2473 1123 2544 primis
1180 2473 1612 2529 elementorum
1669 2470 2069 2528 rudimentis:

422 2569 591 2619 astate
621 2580 755 2619 vero
785 2565 1086 2636 perfectos,
1111 2564 1207 2634 qui
1231 2563 1414 2617 virilis
1432 2561 1547 2617 cibi
1578 2578 1822 2634 capaces
1854 2564 2071 2624 essent,

426 2657 629 2722 utpote
661 2652 760 2723 qui
792 2667 1030 2723 corpore
1061 2650 1239 2707 simul
1272 2657 1328 2706 et
1360 2651 1557 2706 animo
1613 2651 1793 2722 probe
1822 2654 1957 2705 ante
1981 2665 2073 2702 es-

425 2747 559 2796 sent
591 2740 841 2810 purgati,
867 2741 1119 2811 perfecta
1140 2745 1194 2795 et
1215 2757 1426 2794 arcana
1459 2740 1748 2810 sapientia
1779 2738 2074 2792 nutriebat

426 2830 561 2901 plus
593 2830 853 2884 moribus
884 2829 1108 2900 quosin
1133 2829 1329 2900 seipse
1362 2828 1870 2900 praemonstrabat,
1892 2841 2067 2897 quam

426 2933 696 2973 sermone
728 2918 965 2985 docens,
998 2918 1224 2987 optima
1254 2916 1486 2972 virtutis
1541 2916 1729 2970 forma
1778 2915 1938 2986 gregi
1988 2915 2071 2969 fa-

427 3011 578 3061 ctus.
613 3005 932 3060 Commune
962 3006 1114 3060 enim
1150 3005 1416 3060 Ecclesia
1462 3021 1696 3076 corpus,
1725 3005 1878 3076 quod
1915 3003 2071 3058 mul-

425 3097 503 3150 tis
532 3095 826 3167 variisque
857 3112 990 3150 cum
1023 3096 1297 3166 gentibus
1327 3101 1383 3150 et
1414 3095 1697 3162 moribus,
1732 3101 1855 3150 tum
1896 3095 2069 3149 insti-

2191 498 2423 556 ἐοικέναι
2472 495 2840 572 διισχυρίζετο
2873 515 2886 528 θ
2935 492 3025 547 xui
3079 492 3180 560 τὴν
3231 490 3401 545 πίστιν
3431 490 3584 567 χωρὶς
3629 491 3756 568 ἔργων

2193 592 2327 644 εἶναι
2377 587 2566 664 νεκρὰν
2609 582 2966 657 έξεπαίδευεν,
3022 573 3398 654 ὑποτιθέμενος
3451 587 3626 656 χρῆναι
3669 583 3759 646 τοὺς

2191 675 2414 740 πιστοὺς
2448 681 2672 750 κοσμεῖν
2703 672 2928 734 ἑαυτοὺς
2964 675 3082 732 ταῖς
3112 674 3218 725 τῶν
3268 667 3492 723 ἐντολῶν
3541 671 3760 745 τηρήσεσι,

2192 769 2282 823 καὶ
2346 764 2512 840 μηδὲν
2577 764 2956 839 ἐναργέστερον
3016 759 3156 815 ἄλλο
3187 757 3222 828 ἢ
3257 763 3412 812 τοῦτο
3452 759 3759 828 καθεστηκέναι

2192 863 2291 926 τῆς
2321 855 2649 933 ἀκραιφνοῦς
2679 853 2769 908 xui
2827 845 3047 927 βεϐαίας
3076 848 3152 910 είς
3188 847 3414 922 Χριστὸν
3465 846 3663 912 πίστεως
3699 851 3760 903 xui

2195 944 2406 1022 ἀγάπης
2439 944 2748 1019 γνώρισμα,
2779 941 2870 996 καὶ
2904 936 3134 993 δεδιέναι
3165 941 3424 1000 νουθετῶν
3457 936 3530 990 ἀεὶ
3571 936 3623 990 τὸ
3665 935 3762 1008 μὲλ-

2197 1020 2290 1090 λον
2321 1029 2589 1111 φρικῶδες
2639 1028 3054 1104 δικαιωτήριον,
3085 1028 3202 1090 καθ⁹
3232 1026 3261 1080 ’ὀ
3319 1029 3422 1080 τῶν
3483 1020 3759 1099 βεϐιωμένων

2193 1143 2252 1178 τε
2299 1121 2390 1176 καὶ
2451 1121 2848 1196 πεπραγμένων
2881 1117 3310 1186 ἀπαιτηθήσεται
3360 1112 3511 1190 λόγον
3553 1111 3761 1175 ἵκαοτος·

2194 1209 2284 1265 καὶ
2342 1210 2401 1274 ’ὀς
2460 1209 2554 1282 μὶν
2619 1207 2784 1282 ὀρθὴν
2844 1206 3021 1262 πίστιν
3077 1202 3334 1282 φυλάξας,
3378 1209 3762 1278 χριστιανοπρεπῆ

2199 1296 2539 1371 μετελήλυθε
2572 1297 2712 1373 βίον,
2735 1297 2826 1352 καὶ
2851 1300 2932 1369 τῷ
2964 1291 3239 1366 ἀδικάστῳ
3295 1295 3452 1368 κριτῇ
3494 1297 3594 1352 τοῖς
3635 1288 3764 1366 ἔργοις

2193 1389 2540 1464 εὐηρέστησε,
2569 1385 2667 1456 τήν
2698 1390 2804 1441 τῶν
2840 1381 3012 1447 ὅντως
3045 1382 3330 1458 μακαρίων
3383 1379 3580 1455 ἀγαθῶν
3624 1376 3765 1434 διοιωο

2193 1477 2443 1546 νίζουσαν
2477 1472 2682 1551 χλιδὴν
2729 1471 3074 1546 ἀπολήψεται
3106 1488 3120 1503 ⁸
3154 1471 3214 1532 ὃς
3248 1467 3306 1524 δέ
3339 1469 3413 1541 μὴ
3439 1471 3505 1542 τῇ
3531 1468 3679 1522 πίστει
3698 1469 3767 1536 τήν

2195 1564 2419 1642 ἀρίστην
2452 1563 2731 1620 πολιτείαν
2761 1563 2853 1618 καὶ
2888 1561 3077 1635 πρᾶξιν
3138 1557 3486 1635 προσέθηκεν,
3507 1554 3634 1611 ἀλλά
3670 1555 3766 1642 ταύ-

2194 1639 2292 1724 την
2319 1657 2388 1728 τῇ
2419 1652 2580 1724 κακίᾳ
2633 1653 2956 1728 κατέχρανε,
2986 1650 3087 1718 τήν
3129 1648 3282 1718 ἀξίαν
3329 1654 3427 1716 τῆς
3476 1643 3600 1708 ἰδίας
3646 1639 3766 1699 ἀϐελ-

2194 1741 2386 1816 τηρίας
2417 1742 2878 1818 εἷσπραχθήσεται
2931 1736 3112 1808 δίκην,
3144 1733 3398 1791 ἀνένδοτά
3449 1754 3501 1789 τι
3551 1732 3626 1788 καὶ
3672 1733 3768 1787 cint-

2192 1851 2356 1907 ραντα
2416 1829 2840 1902 κολασθήσεται.
2910 1829 3119 1888 Πάντας
3167 1826 3274 1901 γὰρ
3333 1820 3658 1907 ἐπαιδαγώγει
3704 1822 3769 1874 καὶ

2189 1905 2479 1997 ἒρῥύθμιζε
2507 1921 2645 1975 κατᾶ
2673 1920 2772 1988 τὴν
2825 1914 3188 1991 ιύαγγελικὴν
3235 1910 3468 1990 βαδίζειν
3512 1905 3768 1987 τρίϐον,καὶ

2186 2011 2322 2065 κατά
2350 2012 2449 2080 τὴν
2483 2008 2859 2078 ἀποστολικὴν
2892 2001 3139 2061 διαϐιοῦν
3189 2000 3504 2077 παράδοσιν,
3533 2001 3647 2054 κατὰ
3679 2020 3769 2052 και.

2189 2100 2280 2176 ρὸν
2341 2099 2650 2173 οἰκονομῶν
2705 2096 2757 2152 ἐν
2808 2095 2982 2171 κρίσει
3039 2097 3135 2148 τοῦ
3177 2091 3353 2168 λόγου
3382 2091 3441 2146 τὸ
3472 2087 3769 2161 σιτομέτριον

2183 2188 2309 2249 τοὺς
2371 2189 2465 2262 μὲν
2526 2188 2627 2265 γὰρ
2679 2181 2758 2241 ἔτι
2811 2187 2911 2254 τὴν
2957 2181 3064 2256 ἕξιν
3114 2181 3350 2252 νηπίους
3402 2179 3488 2235 καὶ
3524 2179 3770 2252 ἀρτιπαγεῖς

2184 2273 2372 2354 ἔτρεφε
2416 2275 2670 2350 γάλακτι,
2720 2278 2836 2336 τοῖς
2882 2269 3282 2345 ἁπλουστέροις
3329 2268 3469 2347 φημὶ
3527 2265 3604 2320 καὶ
3653 2283 3763 2354 στοι-

2183 2349 2599 2440 χέιωΠδεσῒέροις
2629 2361 2926 2438 διδάγμασι
2956 2380 2969 2393 ο
2998 2359 3124 2421 τοὺς
3158 2355 3215 2413 δὶ
3263 2355 3499 2418 τελείους
3542 2355 3624 2421 τὴν
3665 2349 3763 2420 ἡλι-

2181 2455 2325 2525 κίαν,
2359 2453 2449 2508 καὶ
2482 2454 2580 2522 τὴν
2617 2449 2833 2526 ἀνδρίαν
2874 2449 3094 2511 ἱκανοὺς
3150 2445 3534 2526 προσφέρεσθαι
3585 2440 3761 2518 τροφὴν,

2183 2545 2273 2598 ἅτε
2331 2540 2398 2612 δὴ
2458 2541 2643 2604 καλῶς
2695 2542 2855 2614 σῶμά
2909 2561 2967 2594 τε
3004 2539 3090 2593 καὶ
3148 2537 3338 2611 ψυχὴν
3393 2526 3764 2610 προκεκαθαρμέ-

2181 2653 2328 2701 νους,
2360 2636 2428 2706 τῇ
2460 2630 2641 2702 τελείᾳ
2669 2629 2768 2686 xxi
2804 2630 3038 2703 μυστικῇ
3086 2625 3274 2703 σοφίᾳ,
3303 2629 3382 2694 τῷ
3429 2621 3599 2698 τρόπῳ
3640 2617 3762 2672 πλέον

2182 2718 2278 2792 ὢν,
2308 2720 2360 2776 ἐν
2405 2722 2580 2793 έαυτῷ
2629 2716 2970 2794 προεδείκνυ,
3003 2716 3296 2792 χαρακτὴρ
3357 2714 3559 2787 ἄριστος
3617 2709 3764 2781 ἀρετῆς

2179 2816 2293 2872 τοῖς
2326 2809 2777 2883 ποιμαινομένοις
2804 2805 3152 2881 γιγνόμενος,
3184 2801 3219 2871 ἢ
3255 2806 3334 2874 τῷ
3357 2800 3504 2874 λόγῳ
3532 2794 3758 2883 διδάσκων·

2178 2904 2275 2954 τοῦ
2304 2899 2403 2975 γὰρ
2432 2881 2633 2953 κοινοῦ
2679 2903 2778 2966 τῆς
2807 2892 3137 2964 Ἐκκλησῖας
3183 2892 3441 2964 σώματος
3487 2886 3542 2942 ἐκ
3589 2881 3762 2940 πολλῶν

2179 2991 2268 3046 καὶ
2322 2987 2593 3068 διαφόρων
2642 2988 2825 3052 ἐθνῶν,
2857 2986 2946 3040 xui
2996 2985 3166 3052 ἠθῶν,
3198 2980 3294 3035 xui
3342 2979 3548 3056 τρόπων
3591 2975 3665 3029 καὶ

2177 3102 2288 3156 γων
2339 3057 2716 3154 συγκειμένου,
2747 3072 3003 3146 κηδεμὼν
3055 3069 3267 3132 ἁπλοῦς
3322 3069 3386 3139 ἦν
3444 3069 3470 3122 ὁ
3524 3057 3761 3128 αὐτὸς,καὶ

427 3183 574 3239 tutis
622 3188 679 3238 et
726 3153 956 3254 legibus
1002 3153 1250 3251 constat,
1283 3183 1408 3254 ipse
1440 3153 1710 3255 simplex,
1743 3183 2066 3255 multiplex,

2183 3153 2549 3234 παντοδαπὸς,
2581 3166 2669 3220 xui
2727 3161 2982 3223 ποικίλος
3016 3180 3030 3192 ·
3062 3159 3276 3220 ἁπλοῦς
3328 3158 3419 3231 μὶν
3449 3159 3513 3229 τῇ
3543 3153 3760 3255 ὀρθίξτηξι,

429 3277 487 3328 et
513 3272 711 3328 varius
741 3273 1108 3343 gubernabat
1158 3272 1415 3344 Simplex
1445 3273 1680 3344 quidem
1721 3272 2069 3328 rectitudine

423 3366 481 3417 et
537 3361 801 3428 veritate,
854 3361 925 3416 ab
972 3361 1130 3416 omni
1189 3362 1445 3416 versutia
1491 3366 1546 3417 et
1598 3362 1798 3416 fraude
1845 3360 2068 3416 alienus

423 3450 732 3505 exsistens.
768 3450 980 3505 Varius
1020 3454 1212 3506 autem
1271 3450 1428 3505 omni
1475 3457 1642 3506 rectaa
1692 3450 2065 3505 administra-

421 3539 600 3594 tionis
633 3543 690 3594 et
723 3540 1074 3610 praefecturae
1107 3539 1354 3594 artiﬁcio
1385 3545 1580 3609 aptam
1614 3539 1864 3611 singulis
1895 3555 2066 3594 cura-

410 3628 634 3684 tionem
665 3633 720 3683 et
740 3628 968 3683 vivendi
1003 3627 1288 3684 rationem
1324 3629 1599 3696 aﬁ‘erens;
1627 3633 1683 3682 et
1705 3628 1801 3682 uni
1827 3628 2064 3699 quidem

415 3717 825 3788 aagrotantium
862 3734 1064 3784 unam,
1097 3716 1262 3772 alteri
1306 3734 1438 3772 vero
1489 3717 1734 3772 alteram
1769 3715 2061 3770 salubrem

418 3806 769 3862 medicinam
831 3807 1124 3878 sapienter
1197 3805 1641 3876 necessarioque
1699 3805 2064 3859 admovebat.

419 3898 564 3953 Nam
599 3902 655 3951 et
685 3902 986 3951 currentes
1030 3896 1394 3965 hortabatur,
1425 3901 1489 3950 ut
1519 3911 1719 3951 eorum
1754 3911 1878 3963 quae
1912 3897 2064 3948 retro

412 3987 551 4036 sunt
581 3983 768 4050 obliti,
789 3984 858 4037 ad
890 3984 1183 4039 anteriora
1204 3984 1689 4049 extenderentur;
1725 3999 1931 4037 rursus
1953 3987 2066 4036 tor-

412 4074 617 4140 pentes
667 4069 1025 4143 ignavosque
1053 4072 1123 4126 ad
1157 4072 1547 4126 imitationem
1601 4071 1779 4140 probe
1829 4086 2063 4124 curren-

417 4156 564 4211 tium
617 4156 972 4228 impellebat.
1025 4160 1185 4222 Quod
1219 4159 1268 4214 si
1300 4160 1422 4214 ovis
1454 4162 1524 4213 ab
1558 4157 1693 4213 ovili
1725 4157 1923 4228 aliqua
1952 4157 2066 4212 exi-

413 4243 596 4310 lisset,
650 4243 937 4316 longeque
986 4247 1330 4314 aberrasset,
1367 4248 1422 4300 in
1476 4245 1899 4300 solitudinibus
1951 4247 2061 4299 cir-

421 4333 750 4387 cumeundo
799 4333 1208 4405 investigabat,
1239 4341 1292 4389 et
1318 4333 1512 4388 ﬁstula
1559 4351 1624 4388 ac
1672 4332 2063 4403 pastoralibus

413 4421 788 4476 cantionibus
830 4423 1156 4490 revocabat,
1189 4421 1503 4492 omniaque
1536 4421 1849 4492 peragebat
1877 4430 1929 4475 et
1962 4437 2060 4490 pa-

413 4510 691 4582 tiebatur,
753 4515 816 4566 ut
873 4529 997 4583 quas
1056 4515 1365 4577 erraverat,
1417 4516 1765 4566 servaretur.
1821 4511 2059 4565 Manum

2183 4501 2530 4575 πλανώμενον
2559 4497 2925 4567 ἀνασώσηται.
2960 4498 3124 4570 Χεῖρα
3156 4489 3214 4546 δὲ
3269 4496 3386 4550 τοῖς
3437 4494 3532 4556 τῆς

410 4615 548 4654 vero
580 4599 653 4654 iis
682 4599 779 4671 qui
815 4617 847 4655 a
881 4605 1040 4656 recta
1070 4600 1162 4654 via
1201 4600 1594 4665 deﬂexissent,
1625 4598 1979 4670 porrigebat,
2012 4603 2068 4654 et

411 4685 579 4742 humi
604 4689 874 4760 jacentes
905 4689 1179 4760 erigebat.

487 4813 772 4868 Caeterum
805 4829 982 4885 quam
999 4814 1162 4883 justo
1187 4810 2068 4883 delinquentes,insolentesque

411 4905 470 4957 et
501 4917 736 4958 aversos
767 4919 801 4956 a
830 4901 1144 4972 disciplina
1169 4900 1638 4973 reprehenderet,
1658 4900 2068 4970 quomodoque

411 5006 514 5046 eos
564 4990 731 5060 quia
763 4989 1045 5063 proximis
1093 4990 1312 5062 injuria
1361 4989 1735 5044 afﬁcerentur
1778 4988 2066 5059 opprime-

418 5082 739 5150 renturque
790 5078 1132 5144 vindicaret,
1165 5081 1503 5149 quantaque
1551 5077 1609 5130 in
1659 5075 2069 5146 delinquentes

416 5165 732 5223 clementia
762 5173 1051 5233 uteretur,
1073 5167 1298 5223 cunctis
1333 5164 1684 5237 paenitentia
1705 5170 1902 5236 portas
1924 5182 2067 5236 pan-

415 5255 627 5325 dendo,
667 5258 808 5312 dum
841 5273 944 5312 eos
974 5257 1073 5327 qui
1105 5253 1852 5312 converterenturlibenter
1869 5253 2067 5308 hilari-

415 5349 622 5415 terque
654 5350 935 5416 tanquam
962 5345 1173 5400 Christi
1207 5344 1472 5399 imitator
1501 5342 1859 5407 admitteret,
1879 5347 1936 5396 et
1956 5343 2067 5398 No-

412 5433 526 5488 vati
563 5434 835 5490 duritiem
870 5450 934 5488 ac
963 5436 1279 5505 superbam
1311 5432 1647 5498 elationem,
1677 5431 1776 5486 ubi
1810 5432 2062 5502 primum

413 5522 652 5578 verbum
685 5522 787 5578 Dei
818 5522 1131 5594 praedicare
1160 5538 1476 5594 aggressus
1502 5524 1610 5586 est,
1642 5538 1677 5576 a
1724 5520 1908 5576 sacris
1935 5537 2070 5578 mce-

414 5609 593 5667 nibus
621 5611 953 5685 ablegaret;
987 5611 1170 5666 oratio
1201 5611 1597 5667 narrationem
1630 5627 1834 5668 eorum
1869 5626 1997 5681 quae
2036 5629 2070 5668 a

2176 3257 2266 3312 xui
2298 3255 2530 3328 ἀληθείᾳ
2567 3257 2746 3324 πάσης
2795 3250 3168 3320 ὑπουλότητος
3217 3248 3313 3302 καὶ
3360 3243 3580 3312 διπλόης
3629 3235 3762 3304 ἀπηλο

2177 3346 2452 3422 λαγμένος
2488 3367 2499 3380 ο
2533 3341 2786 3400 ποικίλος
2819 3339 2876 3396 δὲ
2903 3345 2973 3414 τῇ
3020 3346 3121 3408 τῆς
3181 3337 3475 3422 εὐστόχουᾷ
3508 3330 3763 3422 διοικήσεως

2176 3417 2275 3490 καὶ⁷
2294 3417 2626 3510 προστασίας
2675 3428 2991 3505 εὐμηχανίᾳ
3046 3428 3144 3496 τὴν
3203 3420 3554 3494 κατάλληλον
3607 3417 3762 3484 ἑκάστῳ

2175 3509 2497 3602 προσφέρων
2561 3520 2869 3598 θεραπείαν,
2927 3517 3016 3572 καὶ
3078 3514 3313 3587 δίαιταν,
3359 3512 3447 3602 καὶ
3500 3514 3607 3602 τῶν,
3641 3509 3763 3577 ψυχι-

2172 3619 2284 3675 κῶς
2336 3599 2730 3681 ἀσθενούντων,
2761 3610 2839 3682 τῷ
2902 3609 2994 3680 μὲν
3047 3605 3230 3672 τοῦτο,
3275 3607 3357 3674 τῷ
3414 3599 3469 3655 δὲ
3513 3599 3761 3657 έκεῖνο,σο-

2175 3708 2290 3779 φῶς
2339 3702 2427 3756 xui
2479 3697 2803 3770 ἐπιτηδείως
2849 3693 3169 3772 προσνέμων
3221 3687 3554 3747 ἀκεσώδυνον
3595 3683 3764 3779 uti???

2173 3764 2266 3846 κον
2303 3810 2316 3823 ³
2349 3789 2474 3851 τούς
2503 3811 2559 3844 τε
2596 3788 2698 3862 γὰρ
2750 3783 3150 3860 εὐδρομοῦντας
3198 3775 3509 3845 ἐπέσπευδε,
3534 3778 3625 3827 τῶν
3672 3764 3764 3862 (iw--

2174 3891 2291 3943 σθεν
2365 3856 2926 3948 ἐπιλανθανομένους
2970 3876 3088 3933 τοῖς
3160 3867 3465 3943 ἔμπροσθεν
3520 3856 3765 3918 ἐπεκτείνεο

2172 3971 2294 4024 σθαι
2328 3987 2339 3999 ⁸
2373 3967 2502 4028 τοὺς
2534 3964 2581 4020 δ’
2615 3963 2678 4019 αὖ
2704 3966 2894 4024 νωθεῑς
2921 3982 2978 4016 τε
3007 3958 3096 4014 xui
3127 3957 3397 4032 νωχελεῖς
3425 3954 3553 4028 πρὸς
3583 3948 3763 4022 μίμησιν

2170 4062 2280 4113 τῶν
2338 4055 2524 4117 καλῶς
2575 4054 2882 4130 τρεχόντων
2937 4050 3308 4124 παρώτρυνον.
3368 4041 3438 4099 Ei’
3493 4064 3541 4097 τι
3593 4036 3642 4092 δὲ
3682 4037 3763 4133 dav

2171 4142 2462 4218 προϐάτων
2525 4151 2625 4208 τῆς
2708 4138 2943 4215 μάνδρας
3020 4135 3398 4210 ἀποπιρτῴη,
3455 4132 3537 4186 xui
3604 4139 3766 4198 μακρπν

2171 4235 2558 4306 ἀποπλανῷτο,
2596 4232 2682 4286 ἐπὶ
2731 4233 2824 4293 τὰς
2879 4229 3124 4304 ἐρήμους
3174 4226 3449 4299 ἀνίχνευεν
3495 4218 3578 4275 xui
3624 4230 3767 4306 tif-P1P

2170 4323 2367 4379 νόστει.
2427 4324 2496 4393 τῇ
2540 4343 2598 4376 τε
2656 4319 2894 4394 σῦριγγι,
2950 4315 3040 4370 xui
3128 4313 3249 4375 τοὶς
3319 4313 3542 4384 νομίους
3595 4301 3768 4400 pellat?

2173 4413 2509 4481 ἀνεκαλεῖτο,
2541 4409 2631 4464 καὶ
2681 4405 2812 4483 ἕδρα
2860 4406 3049 4475 πάντα,
3081 4404 3171 4458 xui
3221 4399 3453 4476 ἔπασχεν
3497 4394 3592 4458 ἕως
3632 4390 3682 4445 ἂν
3724 4390 3769 4438 τι)

3585 4479 3767 4538 εὐθείας,

2175 4589 2649 4646 ἀπολισθαίνουσιν
2713 4584 2909 4662 ὤρεγε,
2964 4583 3054 4638 καὶ
3106 4580 3236 4642 τοὺς
3295 4577 3474 4654 χαμαὶ
3537 4568 3770 4642 κειμένου(

2175 4680 2440 4755 ἀνώρθου.

2247 4804 2378 4863 Οἵαν
2453 4801 2510 4859 δὲ
2582 4803 2720 4880 πρὸς
2795 4800 2924 4863 τοὺς
2983 4794 3298 4857 ἀδικοῦντας
3348 4792 3440 4848 xui
3496 4777 3770 4880 θρασμνομέ·

2175 4917 2326 4964 νους,
2379 4895 2470 4949 xui
2540 4901 2642 4962 τῆς
2695 4891 2934 4962 εὐταξίας
2992 4886 3318 4947 ἀποθέοντας
3367 4881 3548 4948 ένιπὴν
3604 4870 3767 4930 ἔνδικον

2177 4985 2435 5053 ἐποιεῖτο,
2493 4982 2582 5038 καὶ
2657 4980 2809 5042 ὅπως
2859 4979 2987 5040 τοὺς
3052 4977 3154 5033 ὑπὸ
3210 4981 3314 5030 τῶν
3375 4970 3540 5033 πέλας
3592 4962 3768 5058 udum»:

2182 5076 2374 5148 μένους
2455 5094 2512 5128 τε
2592 5073 2682 5126 xui
2761 5067 3296 5139 πλεονεκτουμένους
3396 5058 3640 5132 ἐξεδίκει,
3705 5066 3768 5102 καί

2177 5165 2238 5218 τὸ
2287 5162 2670 5241 φιλάνθρωπον
2722 5159 2846 5214 ὅσον
2898 5158 3022 5233 περὶ
3066 5155 3192 5216 τοὺς
3237 5149 3614 5226 ἡμαρτηκότας
3640 5141 3770 5236 εἶχενι

2179 5254 2371 5308 ἅπασιν
2434 5248 2755 5311 έκπεταννὺς
2822 5248 2918 5309 τὰς
2984 5253 3086 5315 τῆς
3144 5241 3424 5316 μετανοίας
3477 5235 3658 5300 πύλας,
3704 5244 3771 5316 κξι

2177 5341 2302 5404 τοὺς
2392 5339 2810 5417 ἐπιστρέφοντας
2893 5335 3168 5395 ἀσπασίως
3247 5331 3334 5386 xui
3418 5325 3662 5417 φαιδρῶςῖ

2179 5433 2415 5506 Χριστοῦ
2475 5409 2746 5502 μιμητὴς,
2805 5427 3154 5502 προϊέμενος,
3205 5419 3442 5475 Νουάτου
3489 5413 3580 5480 τήν
3637 5409 3771 5506 olm?“

2178 5504 2421 5594 θρωπίαν
2509 5517 2598 5574 καὶ
2675 5514 2993 5584 ἀλαζονείαν
3077 5512 3166 5594 ἀπέ
3224 5509 3403 5584 ἀρχῆς
3487 5504 3578 5556 τοῦ
3638 5504 3772 5594 ,θείου

2179 5585 2533 5686 κηρύγματος
2603 5611 2708 5662 τῶν
2778 5606 2936 5678 ἱερῶν
3012 5593 3319 5670 περιϐόλων
3386 5585 3772 5666 ἐξοστρακίζωνν

3716 5312 3772 5369 ὡς
