3930 6202
259 329 350 385 649

1228 320 1423 383 νιΤΑ,
1463 315 1802 372 AUCTORE
1841 313 2214 367 MICHAELE
2247 315 2600 370 SYNGELO.

3513 319 3622 373 650

259 450 467 522 δηλώσει
494 449 602 506 τοῖς
633 443 920 514 ἀκροαταῖς
971 443 999 497 6
1055 441 1246 517 λόγος,
1272 448 1370 511 τῆς
1405 445 1512 496 τῶν
1564 435 1866 514 Δημοφίλῳ

2060 437 2336 510 imophilo
2368 440 2648 495 audacter
2706 441 2862 496 dicta
2905 446 3064 510 sunt,
3096 441 3299 498 leviter
3325 443 3622 516 attingens

256 531 642 609 τετολμημένων
673 527 980 606 διηγήσεως
1030 530 1337 605 ἀκροθιγῶς
1380 530 1680 603 ἁψάμενος,
1712 523 1863 601 ἀφεῖς

258 624 584 698 ἐντελέστερον
661 622 923 693 μαθήσειν
1001 617 1409 691 ἐντευξομένους
1481 622 1596 677 τοῖς
1654 614 1687 668 ἆ
1733 614 1869 687 πρὸς

258 715 432 770 ἐκεῖνον
463 711 489 766 6
521 709 961 782 θαυμασιώτατος
993 710 1201 780 ποιμὴν
1247 706 1606 784 γεγράφηκεν.
1637 704 1807 763 Οὗτος
1839 702 1867 755 6

256 799 538 877 Δημόφιλος
601 799 820 872 ὑπῆρχε
876 802 983 852 τῶν
1019 798 1121 852 ὑπὸ
1152 801 1230 868 τῷ
1291 797 1514 870 μεγάλῳ
1565 791 1864 848 τελούντων

254 888 466 967 ἱεροθέτη
524 891 784 958 Διονυσίῳ
841 888 1204 962 θεραπευτῶν,
1239 885 1300 939 ἐκ
1337 889 1436 949 τῆς
1499 884 1587 938 ὑπ’
1617 883 1870 950 Ἀθήναις

255 976 490 1053 ἐπαρχίας
537 975 878 1046 ὁρμώμενος,
914 971 1002 1028 διὰ
1056 980 1156 1043 τῆς
1209 971 1648 1047 ἱεροτελεστικῆς
1706 968 1869 1023 αὐτοῦ

255 1065 480 1122 πανοσίου
511 1063 848 1139 χειροθεσίας
878 1064 1208 1137 θεραπευτής
1235 1061 1565 1137 τεταγμένος
1586 1079 1599 1092 .
1634 1055 1869 1132 paulo;

255 1155 301 1211 δὲ
325 1153 460 1210 τουτὶ
488 1153 548 1208 τὸ
576 1153 757 1227 τάγμα
787 1151 1214 1227 χρηματίζουσι,
1233 1155 1302 1224 τῇ
1335 1147 1674 1226 προσηγορίᾳ
1699 1146 1867 1220 ταύτῃ

252 1246 348 1299 κατ’
376 1243 535 1298 ἐκεῖνο
564 1245 754 1316 καιροῦ
790 1237 1029 1314 μάλιστα
1053 1239 1411 1312 καλούμενοι,
1442 1243 1560 1299 ταῖς
1589 1240 1684 1291 τοῦ
1724 1236 1871 1308 ἱερα-

248 1333 373 1388 τείου
395 1327 585 1393 πύλαις
606 1328 888 1407 ἐφεστάναι
915 1328 1261 1402 ταττόμενοι.
1281 1329 1388 1385 Τὸν
1413 1327 1610 1381 οἰκεῖον
1636 1323 1726 1378 οὖν
1746 1344 1872 1399 πρε-

248 1418 473 1492 σϐύτερον
503 1418 687 1474 οὐτοσὶ
717 1419 1142 1494 τετυραννηκὼς,
1186 1414 1608 1487 εἶσπεπηδηκὼς
1650 1413 1701 1468 ἐν
1753 1418 1868 1475 τοῖς

249 1509 461 1580 ἀδύτοις,
493 1509 552 1563 οὗ
603 1513 808 1583 χωρεῖν
861 1508 962 1562 οὐκ
1011 1509 1077 1576 ἧν
1138 1506 1284 1579 αὐτῷ
1336 1505 1576 1578 θεμιτὸν,
1609 1502 1716 1557 ἀπὸ
1774 1505 1870 1556 τοῦ

251 1595 603 1673 θυσιαστηρίου
653 1616 713 1650 τε
757 1593 1088 1664 συνέστειλε,
1131 1595 1222 1650 καὶ
1274 1599 1371 1649 τοῦ
1421 1592 1610 1669 χώρου
1638 1596 1745 1645 τῶν
1792 1591 1866 1644 ἰε-

250 1685 481 1759 ρωμένων
536 1682 626 1737 σὺν
680 1681 921 1756 ἀτιμίαις
970 1682 1057 1736 καὶ
1123 1680 1612 1756 προπηλακισμοῖς
1660 1677 1868 1748 ἐξέωσε,

248 1772 471 1842 ζηλώσας
529 1768 712 1838 δῆθεν,
771 1770 862 1825 καὶ
948 1769 1297 1845 χαλεπήνας,
1351 1771 1424 1832 ὡς
1482 1770 1510 1823 6
1569 1766 1865 1843 χριστομί-

249 1881 398 1933 μητος
454 1858 623 1931 ἱερεὺς
683 1859 790 1913 ἀπὸ
849 1860 1259 1934 ἁμαρτημάτων
1335 1858 1457 1913 τινά
1543 1860 1863 1931 μετανοοῦν-

242 1971 298 2004 τα
342 1950 670 2023 προσήκατο,
721 1949 778 2003 ὃν
866 1947 993 2003 ὡσεί
1073 1969 1195 2003 τινα
1268 1942 1497 2015 δυσσεϐῆ
1578 1945 1667 2000 καὶ
1738 1944 1863 1999 ἀλι-

241 2039 406 2111 τήριον
455 2035 800 2113 ἡγησάμενος
853 2037 880 2091 ὁ
931 2035 1250 2114 Δημόφιλος
1309 2033 1681 2102 ἀπελάκτισεν,
1722 2035 1860 2106 ὁμο-

243 2123 478 2200 λογοῦντα
533 2125 650 2198 μετ’
707 2122 898 2188 αἰδοῦς
949 2126 1085 2198 πρὸς
1157 2123 1388 2197 ἰατρείαν
1445 2128 1626 2178 κακῶν
1683 2122 1858 2194 ἥκειν,

241 2214 315 2268 καὶ
351 2219 527 2288 τυχεῖν
567 2213 756 2274 ἐλὲους
823 2209 1096 2286 δεόμενον.
1149 2214 1244 2267 Καὶ
1296 2215 1520 2286 πάμπαν
1569 2211 1860 2284 ἀπωσάμε-

239 2324 332 2374 νος,
373 2299 510 2373 ἕδοξέ
555 2324 609 2357 τι
671 2301 806 2376 μέγα
854 2302 1268 2378 κατωρθωκέναι
1304 2322 1317 2336 ο
1369 2299 1440 2355 δι’
1476 2302 1506 2356 ’ὀ
1547 2301 1636 2356 καὶ
1693 2321 1859 2375 μεγα-

239 2391 435 2468 λαυχῶν
490 2391 774 2461 ἀνατίθησι
832 2395 912 2462 τῷ
971 2389 1214 2466 μεγίστῳ
1265 2391 1577 2463 ποιμενιτά
1622 2410 1866 2466 πεπραγ-

241 2479 374 2550 μὲνα,
403 2480 532 2556 πρὸς
591 2481 654 2534 ’ὸν
717 2480 816 2548 τὴν
860 2478 1158 2556 πανωφελῆ
1199 2499 1258 2534 τε
1304 2480 1393 2534 καὶ
1425 2478 1698 2557 πάνσοφον
1752 2477 1866 2532 ἐπι-

236 2568 411 2637 στολήν
470 2569 684 2639 ἐκείνην
744 2567 1074 2641 ἀντέγραψεν
1127 2569 1154 2622 ὁ
1205 2567 1496 2635 θειότατος,
1528 2570 1629 2637 τήν
1686 2565 1863 2636 πάσης

236 2657 410 2731 ἀρετῆς
435 2658 522 2711 καὶ
555 2656 802 2729 εὐταξίας
859 2653 1198 2724 διδακτικὴν,
1234 2653 1302 2710 δι’
1334 2659 1400 2724 ἧς
1455 2657 1552 2724 την
1612 2652 1866 2725 ἀνεκδιή-

231 2745 378 2818 γητόν
437 2766 495 2800 τι
556 2749 661 2801 τοῖ’)
722 2741 1115 2822 φιλανθρώπου
1187 2743 1388 2820 Κυρίου
1461 2746 1622 2817 ἡμῶν
1682 2744 1867 2814 Ἰησοῦ

231 2837 442 2906 Χριστοῦ
495 2833 630 2910 περὶ
689 2835 861 2904 ἡμᾶς,
907 2833 996 2887 καὶ
1045 2831 1282 2904 μάλιστα
1334 2837 1750 2905 μετανοοῦντας,
1783 2831 1868 2886 εὐ·

230 2920 566 2998 σπλαγχνίαν,
612 2921 700 2977 καὶ
731 2923 832 2991 τήν
883 2922 1074 2975 ἑαυτοῦ
1129 2919 1470 2995 θεομίμητον
1532 2922 1866 2994 συμπάθειαν

233 3008 550 3084 διεσήμανεν,
622 3009 908 3086 ἐπαγαγὼν
967 3008 1204 3084 ἱστορίαν
1283 3010 1532 3086 φρικτὴν,
1591 3012 1657 3079 ἣν
1719 3010 1870 3082 ὑμῖν,

231 3101 268 3153 ὧ
336 3100 664 3176 θερμότατοι
738 3105 840 3168 τῆς
915 3103 1023 3153 τῶν
1095 3098 1359 3173 μεγίστων
1411 3103 1509 3153 τοῦ
1561 3097 1870 3171 ἀξιεπαίνου

1977 525 2350 582 auditoribus
2384 527 2728 594 declarabit,
2761 531 3108 601 permittens
3160 537 3224 586 ut
3271 549 3338 586 ex
3376 533 3624 588 lectione

1978 631 2178 669 eorum
2211 632 2339 686 quae
2369 624 2570 688 pastor
2617 618 3004 674 admirandus
3063 621 3134 674 ad
3168 620 3332 675 illum
3367 622 3621 692 scripsit,

1978 702 2211 774 plenius
2245 705 2635 761 instruantur.
2671 707 3055 779 DemOphilus
3079 709 3208 776 iste,
3253 727 3405 765 unus
3428 727 3494 766 ex
3527 711 3628 765 mi-

1979 791 2182 848 nistris
2214 792 2461 866 illis,qui
2487 813 2520 849 a
2550 795 2824 868 Dionysio
2851 797 3050 852 divino
3086 798 3421 854 institutore
3445 801 3628 855 sacris

1978 880 2192 935 initiati
2226 888 2412 952 erant,
2442 900 2508 938 ex
2540 884 2838 954 provincia
2867 885 3109 941 Athenis
3132 887 3396 957 subjecta
3423 888 3630 943 oriun-

1981 969 2091 1023 dus
2128 987 2228 1041 per
2259 989 2485 1026 sacram
2519 975 2647 1042 ejus
2709 979 3098 1046 sanctamque
3148 977 3299 1030 379
3345 993 3629 1032 manuum

1980 1057 2423 1128 impositionem
2465 1062 2743 1117 minister
2765 1063 3072 1118 ordinatus
3096 1063 3513 1120 fuit.Creterum
3531 1067 3631 1136 qui

1982 1151 2296 1202 censentur
2327 1148 2435 1204 hoc
2467 1151 2690 1220 ordine,
2752 1151 3023 1206 monachi
3080 1153 3470 1224 appellantur,
3521 1155 3630 1210 hoc

1981 1238 2348 1306 cognomine,
2398 1237 2497 1293 illo
2559 1240 2810 1294 maxime
2842 1247 3104 1312 tempore
3145 1243 3492 1314 nuncupati,
3526 1246 3630 1315 qui

1981 1324 2053 1378 ad
2079 1329 2276 1395 portas
2301 1326 2503 1398 templi
2530 1328 2895 1397 jubebantur
2923 1329 3223 1386 assistere.
3272 1331 3455 1400 Igitur
3493 1349 3627 1387 cum

1935 1471 1938 1474 ἠ
1980 1413 2282 1484 proprium
2318 1415 2411 1470 hic
2459 1419 2859 1489 presbyterum
2886 1421 3186 1490 tyrannica
3216 1419 3628 1490 oppressisset,

1979 1502 2037 1556 in
2073 1503 2363 1575 adytaque
2395 1521 2509 1576 quo
2540 1507 2850 1576 procedere
2880 1507 3092 1563 illinon
3125 1508 3627 1576 licebat,insiluis-

1981 1595 2090 1662 set,
2125 1593 2196 1646 ab
2227 1592 2396 1648 altari
2429 1610 2663 1666 quoque
2697 1612 2760 1650 ac
2797 1594 3104 1650 hominum
3150 1602 3628 1653 consecratorum

1977 1677 2103 1734 loco
2130 1679 2299 1736 illum
2333 1682 2661 1750 submovit;
2690 1699 2796 1739 nec
2849 1686 2975 1740 sine
3005 1685 3287 1741 conviciis
3319 1703 3384 1741 ac
3415 1691 3626 1741 contu-

1978 1767 2170 1823 meliis
2197 1770 2442 1841 expulit,
2475 1772 2643 1842 quasi
2666 1789 2816 1844 aegre
2839 1789 2904 1828 ac
2937 1773 3181 1829 moleste
3213 1775 3403 1829 ferens
3425 1791 3624 1830 sacer-

1972 1857 2167 1912 dotem
2211 1859 2566 1915 imitatorem
2598 1860 2836 1930 Christi,
2870 1867 3004 1932 post
3031 1867 3269 1934 peccata
3299 1864 3618 1934 quemdam

1970 1946 2374 2016 paenitentiam
2409 1955 2678 2020 agentem
2709 1950 3222 2022 admisisse,quem
3255 1953 3340 2007 uti
3365 1951 3614 2024 impium

1969 2033 2224 2106 aliquem
2241 2053 2304 2092 ac
2319 2036 2675 2093 scelerosum
2704 2039 3083 2110 Demophilus
3106 2040 3612 2108 arbitratus,calce

1967 2123 2290 2196 expulerat,
2323 2131 2622 2198 utcunque
2653 2126 2749 2182 ille
2779 2129 2991 2184 rubore
3021 2131 3295 2200 perfusus
3325 2132 3609 2187 fateretur

1969 2213 2038 2266 ad
2057 2215 2407 2270 medicinam
2423 2232 2484 2270 se
2498 2215 2784 2272 malorum
2809 2217 3385 2290 accessisse,sibique
3405 2220 3500 2291 ign
3511 2237 3608 2275 os-

1971 2301 2021 2356 ci
2048 2308 2314 2374 rogaret;
2348 2321 2599 2374 cumque
2631 2321 2873 2376 prorsus
2902 2305 3068 2360 illum
3118 2307 3454 2377 repulisset,
3479 2325 3608 2364 ma-

1972 2407 2153 2462 gnum
2181 2392 2464 2463 quiddam
2492 2393 2603 2448 sibi
2637 2393 2800 2448 visus
2858 2399 2949 2449 est
3007 2396 3370 2465 praestitisse.
3410 2400 3614 2468 Itaque

1974 2480 2284 2552 magniﬁce
2315 2480 2574 2552 glorians
2616 2481 2871 2538 maximo
2919 2484 3138 2554 pastori
3198 2501 3325 2554 quin
3384 2491 3618 2557 peracta

1973 2577 2174 2626 essent
2229 2571 2650 2640 communicat,
2717 2573 2787 2625 ad
2848 2587 3023 2642 quem
3085 2572 3394 2644 epistolam
3454 2573 3620 2628 illam

1977 2660 2232 2714 maxime
2263 2658 2562 2726 utilem,ac
2593 2659 3288 2731 sapientissimam.omni
3311 2662 3525 2717 virtute
3556 2678 3622 2716 ac

1978 2746 2292 2818 disciplina
2321 2748 2595 2803 refertam
2627 2749 2716 2802 vir
2771 2747 3181 2804 divinissimus
3212 2750 3474 2821 scripsit,
3508 2768 3625 2821 qua

1980 2835 2434 2891 inenarrabilem
2467 2836 2882 2907 benignissimi
2939 2836 3176 2892 Domini
3243 2838 3427 2894 nostri
3483 2839 3624 2894 Jcsu

1980 2923 2194 2978 Christi
2221 2922 2375 2979 circa
2406 2941 2532 2994 nos,
2559 2924 2879 2994 praesertim
2915 2925 3318 2996 pwnitentiam
3363 2931 3622 2999 agentes,

1984 3011 2469 3083 misericordiam,
2502 3017 2560 3068 et
2591 3029 2762 3068 suam
2811 3012 3000 3083 ipsius
3032 3014 3146 3070 Deo
3179 3013 3434 3070 similem
3467 3031 3624 3070 com-

1983 3099 2422 3156 miserationem
2453 3101 2793 3168 declaravit,
2816 3102 3110 3158 horrenda
3139 3103 3382 3159 historia
3419 3104 3478 3160 in
3500 3121 3627 3160 me-

235 3191 417 3262 πατρὸς
496 3189 846 3265 αὐχημάτων
928 3187 1235 3262 ἀκροάσεως
1307 3185 1545 3262 ἐρασταὶ,
1603 3187 1866 3263 προθήσο-

2060 3204 2146 3242 .un
2181 3187 2378 3256 allata,
2405 3207 2583 3260 quam
2615 3190 2800 3255 vobis,
2833 3191 2932 3263 qui
2967 3191 3189 3264 ingenti
3223 3193 3629 3249 animiardore

245 3298 351 3350 μαι.

298 3490 360 3548 Εἰ
420 3491 635 3568 βούλει,
671 3489 826 3569 φησὶ,
868 3489 958 3544 καὶ
1019 3487 1164 3553 θείας
1220 3491 1457 3563 ὁράσεως
1518 3487 1675 3564 ἁγίου
1729 3489 1876 3551 τινὸς

239 3577 415 3654 ἀνδρὸς
472 3581 988 3654 ἐπιμνησθήσομαι,
1041 3577 1130 3632 καὶ
1209 3579 1284 3650 μὴ
1356 3577 1591 3651 γελάσῃς
1624 3595 1636 3607 ·
1699 3577 1880 3645 ἀληθῆ

235 3668 326 3742 γάρ
382 3674 507 3744 ἐρῶ.
543 3667 844 3742 Γενόμενόν
907 3668 973 3739 με
1029 3687 1162 3722 ποτε
1191 3666 1327 3721 κατά
1359 3668 1458 3736 τὴν
1487 3668 1709 3742 Κρήτην
1744 3666 1771 3720 6
1801 3666 1878 3719 ἱε-

240 3757 325 3827 ρὸς
379 3755 759 3832 ἐξεναγώγησε
816 3755 1054 3827 Κάρπος,
1096 3753 1257 3831 ἀνὴρ,
1316 3753 1406 3808 καὶ
1467 3752 1626 3817 εἴτις
1685 3752 1880 3822 ἄλλος,

243 3841 323 3899 διὰ
374 3844 596 3916 πολλὴν
656 3843 1004 3921 καθαρότητα
1058 3848 1153 3898 νοῦ
1200 3845 1337 3919 πρὸς
1388 3842 1636 3898 θεοπτίαν
1691 3842 1883 3913 ἐπιτη-

239 3929 526 3997 δειότατος’
584 3934 678 3989 καὶ
731 3938 861 4009 γοῦν
939 3929 1065 3986 οὐδὲ
1117 3933 1235 3993 ταῖς
1296 3932 1478 4006 ἀγίαις
1520 3936 1627 3986 τῶν
1678 3953 1882 4004 μυστη-

238 4021 359 4095 ρίων
416 4023 668 4084 τελεταῖς
718 4020 1002 4096 ἐνεχείρει,
1067 4021 1142 4093 μή
1195 4020 1456 4096 πρότερον
1537 4019 1685 4092 αὐτῴ
1753 4020 1888 4075 κατά

234 4111 322 4175 τὰς
375 4112 738 4185 προτελείους
772 4111 939 4184 εὐχὰς
993 4111 1141 4182 ἱερᾶς
1194 4109 1284 4164 καὶ
1344 4109 1602 4181 εὐμενοῦς
1650 4108 1886 4185 ὁράσεως

239 4197 686 4278 ἐπιφαινομένης.
743 4197 973 4273 Ἔλεγεν
1019 4196 1134 4267 οὖν,
1168 4197 1251 4252 ὅτι
1297 4196 1674 4269 λελυπηκότος
1729 4197 1886 4252 αὐτόν

234 4309 360 4343 ποτε
385 4294 490 4343 τῶν
523 4289 772 4344 ἀπίστων
803 4287 949 4349 τινός
982 4305 994 4318 ’
1029 4289 1086 4356 (ἡ
1131 4284 1280 4357 λύπη
1320 4284 1377 4340 δὲ
1405 4287 1496 4355 ἦν,
1529 4285 1611 4341 ὅτι
1641 4290 1742 4352 τῆς
1771 4288 1892 4341 Ἐκ·-

237 4377 462 4450 κλησίας
505 4379 719 4440 ἐκεῖνός
773 4399 894 4434 τινα
949 4379 1084 4453 πρὸς
1142 4377 1205 4432 τὸ
1264 4378 1417 4440 ἄθεον
1469 4376 1866 4446 ἀπεπλάνησεν·

241 4462 312 4520 ἔτι
341 4474 445 4522 τῶν
488 4467 727 4544 ἱλαρίων
760 4470 984 4543 ἡμερῶν
1031 4465 1180 4538 αὐτῷ
1221 4467 1586 4538 τελουμενων,
1621 4463 1736 4519 δέον
1788 4465 1894 4536 ἆμ-

1984 3281 2151 3347 gesta
2181 3276 2578 3334 laudatissimi
2611 3279 2799 3336 Patris
2830 3279 3087 3352 gloriosa
3133 3280 3383 3338 libenter
3426 3282 3628 3338 audire

1986 3366 2394 3434 consuevistis,
2429 3384 2773 3438 proponam.

2060 3491 2118 3545 Si
2150 3489 2292 3545 libet
2337 3490 2572 3562 (inquit)
2614 3491 2875 3546 divinam
2924 3494 3110 3548 sancti
3166 3496 3475 3566 cujusdam
3524 3495 3633 3550 viri

1987 3578 2268 3634 visionem
2305 3580 2663 3646 memorabo,
2699 3597 2886 3650 neque
2911 3580 3249 3637 irriseritis:
3308 3600 3445 3638 vera
3474 3584 3632 3638 enim

1990 3668 2202 3722 dicam.
2228 3667 2369 3721 Cum
2404 3666 2714 3738 aliquando
2747 3668 2975 3723 Cretam
3008 3667 3390 3740 appulissem,
3415 3671 3473 3724 S.
3495 3671 3631 3724 Car-

1995 3772 2104 3826 pus
2127 3755 2382 3827 hospitio
2402 3771 2496 3810 me
2519 3755 2912 3826 suscepit,vir,
2929 3757 2977 3810 si
3011 3757 3326 3828 quisquam
3351 3756 3524 3825 alius,
3557 3747 3635 3813 ob.

1995 3845 2293 3915 ingentem
2321 3843 2501 3899 animi
2533 3843 2850 3916 puritatem
2885 3845 3099 3900 divinis
3130 3845 3634 3916 speculationibus

1998 3932 2378 4004 aptissimus:
2414 3933 2514 4003 qui
2546 3949 2650 3988 nec
2681 3951 2823 3988 sane
2883 3933 3044 4004 prius
3076 3939 3279 3989 sancta
3329 3934 3633 4006 mysterio-

1997 4040 2126 4077 rum
2161 4022 2448 4078 sacriticia
2479 4023 2949 4094 aggrediebatur,
2983 4039 3160 4093 quam
3200 4025 3355 4078 inter
3414 4024 3636 4096 primas

2000 4128 2222 4184 preces,
2258 4128 2384 4183 quae
2408 4115 2542 4166 ante
2567 4111 2920 4166 sacrificium
2947 4117 3328 4184 peraguntur,
3362 4130 3529 4168 sacra
3557 4113 3640 4168 illi

2001 4218 2066 4255 ac
2091 4200 2340 4272 propitia
2371 4200 2516 4255 visio
2540 4199 2932 4271 apparuisset.
2951 4200 3149 4270 Ipsum
3171 4201 3352 4271 igitur
3383 4203 3466 4273 (ut
3487 4203 3641 4256 idem

2003 4290 2215 4360 aiebat)
2239 4289 2490 4344 inﬁdelis
2511 4288 2750 4360 quidam
2786 4288 3030 4344 tristitia
3049 4290 3358 4344 affecerat:
3402 4289 3645 4345 tristitia

2003 4384 2198 4434 autem
2226 4378 2348 4433 haec
2371 4384 2516 4448 erat,
2549 4379 2704 4449 quod
2726 4377 2824 4434 ille
2851 4379 3164 4449 quemdam
3191 4379 3261 4434 ab
3284 4378 3543 4433 Ecclesia
3571 4380 3642 4433 ad

2005 4467 2367 4538 impietatem
2401 4467 2740 4522 abduxerat.
2771 4467 2920 4521 Dum
2981 4466 3171 4521 adhuc
3227 4466 3300 4520 ab
3356 4467 3483 4536 ipso
3517 4466 3646 4521 festi

238 4557 470 4631 φοτέρων
522 4557 926 4632 ἀγαθοπρεπῶς
974 4554 1380 4629 ὑπερεύξασθαι,
1441 4555 1530 4608 καὶ
1581 4555 1708 4609 Θεὸν
1774 4561 1864 4607 Σω

2060 4573 2131 4612 es
2154 4555 2508 4610 Hilariorum
2543 4560 2878 4626 agerentur,
2911 4560 2969 4610 et
2997 4571 3098 4625 pro
3132 4554 3539 4626 utriusque(ut
3567 4554 3643 4610 vi-

234 4652 367 4720 τῆρα
426 4645 801 4721 συλλήπτορα
861 4640 1123 4716 λαϐόντα,
1152 4645 1244 4700 τὸν
1300 4645 1392 4718 μὶν
1434 4643 1771 4720 ἐπιπρέψαι,
1799 4645 1890 4698 τὸν

238 4729 293 4786 6‘s
319 4735 624 4808 ἀγαθότητι
676 4740 917 4804 νικῆσαι,
951 4734 1038 4788 καὶ
1099 4734 1174 4805 μὴ
1224 4730 1494 4788 διαλιπεῖν
1545 4737 1895 4797 νουθετοῦντα

237 4819 321 4875 διὰ
383 4823 512 4897 βίου
567 4823 794 4890 παντὸς,
825 4824 987 4897 ἄχρις
1042 4823 1104 4876 οὗ
1159 4823 1221 4876 τὸ
1271 4823 1529 4896 σήμερον,
1575 4823 1662 4876 καὶ
1722 4821 1894 4882 οὕτως

240 4908 326 4964 ἰπὶ
352 4915 453 4981 τήν
489 4914 646 4977 θείαν
675 4911 870 4975 αὐτοὺς
899 4912 1114 4986 ἀγαγεῖν
1164 4916 1384 4986 γνῶσιν,
1418 4912 1491 4974 ὡς
1543 4911 1600 4966 ἂν
1651 4908 1758 4980 ἤδη
1808 4910 1897 4965 καὶ

234 5003 336 5054 τῶν
394 4996 913 5079 ἀμφισϐητησίμων
973 4999 1159 5063 αὐτοῖς
1229 5001 1586 5074 κρινομένων,
1642 5000 1732 5054 καὶ
1788 5003 1895 5054 τῶν

239 5087 447 5163 ἀλόγως
499 5091 920 5164 θρασυνομὲνων
965 5087 1182 5162 ἐννόμῳ
1234 5086 1358 5163 δίκῃ
1417 5095 1712 5167 σωφρονεῖν
1745 5089 1899 5161 ἀναγ-

235 5179 554 5252 καζομὲνων
590 5199 604 5212 ο
640 5177 764 5233 ἀλλ’
821 5177 872 5231 ἐν
923 5178 1099 5250 ἑαυτῷ
1152 5179 1228 5251 μή
1280 5177 1544 5254 πρότερον
1586 5181 1747 5233 τοῦτο
1796 5197 1901 5231 πα-

237 5265 365 5336 θὼν,
393 5267 496 5322 οὐκ
527 5264 636 5322 οἶδ’
670 5268 820 5328 ὅπως
849 5266 972 5321 τότε
1002 5265 1225 5337 πολλήν
1275 5278 1398 5321 Ιτινα
1437 5268 1536 5336 τήν
1589 5265 1898 5340 δυσμένειαν

234 5353 322 5408 καὶ
349 5357 453 5425 τήν
487 5355 717 5429 πικρίαν
743 5354 986 5426 ἐκτήξας,
1028 5352 1329 5430 κατεδάρθη
1382 5356 1476 5428 μὲν
1521 5354 1664 5410 οὕτω
1720 5359 1903 5415 κακῶς

237 5441 379 5518 ἔχων
411 5465 424 5478 ·
483 5445 717 5520 (ἑσπέρα
746 5446 848 5520 γάρ
1031 5445 1154 5520 περὶ
1207 5442 1263 5498 δὲ
1310 5446 1474 5517 μὲσας
1522 5445 1716 5506 νύκτας
1765 5443 1907 5518 (εἰώ-

238 5541 314 5596 θει
361 5534 468 5610 γὰρ
500 5534 585 5598 εἷς
614 5533 770 5590 τόνδε
823 5537 914 5589 τὸν
964 5534 1154 5610 καιρὸν
1203 5532 1361 5597 αὐτὸς
1409 5534 1489 5611 ἐφ’
1521 5534 1712 5589 ἑαυτοῦ
1767 5533 1904 5608 πρὸς

238 5622 360 5685 τοὺς
421 5624 611 5688 θείους
671 5625 872 5699 ὕμνους
932 5622 1336 5702 ἐγρηγορέναιι)
1397 5617 1726 5680 διανίσταται
1788 5623 1907 5696 μὲν,

577 5757 836 5816 ιἈτιιοῑ..
889 5756 995 5814 Gn.
1045 5756 1143 5816 ιγ.

2003 4662 2134 4700 rum
2166 4645 2386 4700 bonum
2419 4645 2681 4714 decebat)
2740 4659 2940 4714 preces
2988 4644 3308 4707 effundere,
3345 4647 3648 4715 Deumque

2002 4738 2365 4789 Servatorem
2414 4733 2473 4786 in
2507 4731 2788 4786 auxilium
2821 4732 3082 4802 accipere
3128 4731 3450 4799 debuisset,
3482 4736 3548 4786 ut
3571 4731 3647 4786 al-

2006 4830 2198 4880 terum
2225 4824 2462 4894 quidem
2489 4823 2558 4877 ab
2585 4837 2780 4877 errore
2810 4826 3189 4888 converteret,
3223 4821 3471 4876 alterum
3516 4838 3646 4876 vero

2009 4911 2368 4985 benignitate
2398 4915 2720 4982 superaret,
2757 4927 2861 4965 nec
2891 4910 3050 4966 omni
3090 4910 3220 4964 vitm.
3262 4914 3523 4981 tempore
3575 4910 3647 4966 ab

2009 5001 2379 5058 admonendo
2401 4999 2701 5065 desistere,
2729 5004 2793 5054 ut
2821 5014 2920 5054 eos
2953 4997 3060 5054 hac
3090 4998 3310 5054 ratione
3333 5000 3404 5054 ad
3427 4999 3531 5055 Dei
3561 5014 3651 5055 co-

2010 5090 2327 5163 gnitionem
2361 5089 2696 5156 adduceret,
2730 5092 2788 5143 et
2818 5103 2945 5156 quae
2979 5087 3036 5140 in
3083 5086 3535 5142 controversiam
3554 5104 3650 5142 ve-

2012 5184 2242 5246 nerant,
2275 5179 2512 5233 tandem
2543 5175 3312 5246 aliquandojudicarentur,
3346 5181 3404 5231 et
3436 5180 3657 5247 quiete-

2014 5282 2172 5322 mere
2207 5283 2307 5338 per
2335 5265 2641 5321 audaciam
2676 5268 2902 5332 patrata
2959 5268 3178 5332 essent,
3231 5264 3366 5334 jure
3394 5263 3657 5335 legitimo

2013 5356 2326 5412 emendare
2376 5357 2758 5425 cogerentur;
2793 5353 2947 5408 380
2980 5352 3028 5408 is
3089 5353 3244 5423 (cum
3296 5352 3408 5408 sibi
3441 5352 3498 5406 id
3543 5368 3658 5408 non

2015 5445 2179 5516 prius
2211 5443 2574 5514 contigisset)
2637 5443 2833 5498 nescio
2893 5459 3006 5514 quo
3063 5445 3232 5513 pacto
3288 5446 3410 5496 tum
3447 5457 3660 5512 magno

2017 5534 2273 5605 quodam
2305 5532 2436 5586 odio
2467 5547 2534 5586 ac
2557 5531 2975 5599 amaritudine,
3008 5531 3206 5586 animo
3237 5529 3514 5595 intabuit,
3546 5529 3660 5584 ita-

2019 5637 2133 5695 que
2163 5619 2316 5678 male
2345 5620 2591 5677 aﬂ'ectus
2619 5621 2764 5692 (erat
2820 5619 2976 5676 enim
3028 5620 3294 5692 vespera)
3325 5617 3660 5676 obdormiit.

3263 5748 3334 5804 2t
