3930 6202
338 319 439 373 651

1584 309 1644 361 8.
1684 304 1852 361 DION
1860 304 1999 361 YBII
2035 303 2511 368 AREOPAGITB

3609 319 3694 373 652

339 441 625 497 Caeterum
658 436 851 494 media
881 437 1047 492 nocte
1100 433 1247 506 (ipse
1307 446 1558 503 namque
1604 430 1990 485 consueverat

2119 423 2224 485 ιῦδὲ
2282 434 2388 486 τῶν
2447 432 2626 489 ὕπνων
2668 433 2846 491 αὐτῶν
2892 433 3120 491 πολλῶν
3164 456 3223 511 γε
3272 432 3456 506 ὄντων,
3504 437 3583 491 καὶ
3631 439 3696 494 ἀεὶ

338 530 448 586 hoc
480 533 743 600 tempore
773 525 842 582 ad
877 525 1106 580 divinas
1152 522 1358 577 laudes
1416 519 1570 591 apud
1632 533 1693 575 se
1724 514 1986 588 vigilare)

342 617 616 685 surrexit,
647 631 780 672 eum
812 630 1001 685 neque
1034 628 1273 669 somnos
1304 611 1486 680 ipsos,
1516 624 1653 664 nam
1701 612 1759 662 et
1795 605 1987 675 multi,

343 714 401 766 et
430 707 631 764 crebro
657 703 972 776 interrupti
1034 704 1284 770 fuerant,
1326 700 1549 770 absque
1582 695 1990 770 pertubatione

345 797 619 871 cepisset,
644 793 826 851 nihilo
859 792 1050 849 secius
1107 792 1180 847 ad
1239 789 1499 845 divinam
1543 785 1989 842 oollocutionem

347 891 534 955 stans,
558 884 798 957 indigne
829 880 1196 949 tristabatur,
1229 882 1287 934 et
1334 877 1573 934 moleste
1604 876 1842 942 ferebat,
1875 890 1990 930 non

348 993 478 1032 esse
501 975 733 1047 justum
765 969 1121 1037 asserens,si
1152 968 1258 1024 viri
1289 966 1477 1039 impii,
1513 965 1732 1037 quique
1763 979 1992 1035 perver-

349 1067 545 1123 terent
573 1062 695 1121 vias
724 1058 961 1117 Domini
1012 1062 1221 1125 rectas,
1254 1056 1531 1113 viverent.
1562 1058 1630 1110 Et
1685 1070 1819 1109 cum
1876 1052 1995 1108 haec

352 1151 783 1210 dieeret.Deum
817 1148 1259 1214 obsecrabat,ut
1286 1144 1531 1202 fulmine
1560 1143 1756 1214 aliquo
1788 1141 1994 1199 ambo-

354 1259 483 1299 rum
516 1240 665 1295 vitas
696 1237 823 1293 sine
846 1235 969 1292 ulla
991 1235 1396 1292 misericordia
1421 1250 1665 1305 prorsus
1684 1232 1998 1303 abrumpe—

354 1336 460 1388 ret.
485 1331 619 1395 Quae
673 1344 807 1382 cum
859 1325 1123 1395 dixisset,
1164 1323 1473 1380 confestim
1506 1322 1617 1379 sibi
1647 1321 1840 1379 visum
1872 1335 1998 1376 esse

353 1421 552 1475 videre
611 1417 921 1484 referebat,
954 1415 1218 1479 domum,
1247 1412 1307 1469 in
1368 1430 1485 1485 qua
1540 1414 1685 1477 erat,
1739 1409 1999 1482 primum

355 1509 595 1582 quidem
624 1524 656 1563 a
685 1521 919 1564 summo
951 1503 1210 1561 culmine
1233 1501 1653 1575 permotam,in
1686 1501 1835 1556 duas
1867 1515 1998 1570 par-

359 1604 449 1654 tes
479 1595 736 1652 mediam
763 1592 965 1661 dividi,
998 1609 1063 1648 ac
1096 1608 1304 1664 rogum
1332 1596 1466 1647 ante
1496 1607 1558 1646 se
1589 1587 1790 1661 magni
1820 1586 2001 1644 lumi-

360 1686 543 1753 nis,et
572 1684 730 1740 hunc
778 1681 965 1751 (locus
1014 1681 1167 1737 enim
1199 1681 1478 1752 deinceps
1498 1678 1608 1736 sub
1639 1678 1733 1733 dio
1756 1692 1883 1734 esse
1918 1674 2003 1729 vi-

2097 518 2532 594 ἐγκοπτομένων,
2593 519 2692 595 ἔξω
2747 528 2999 601 ταραχῆς
3051 524 3471 600 παραπολαύσας
3509 545 3521 558 ’
3564 527 3699 589 ἑστὼς

2098 606 2155 663 δὲ
2185 608 2337 682 ὅμως
2367 611 2443 673 είς
2465 613 2563 681 τήν
2598 612 2741 677 θείαν
2772 611 2997 686 ὁμιλίαν
3025 614 3123 669 οὐκ
3169 613 3379 689 εὖαγῶς
3416 615 3589 684 ἠνιᾶτο
3630 618 3701 670 καὶ

2097 695 2496 774 ἐδυσχέραινεν,
2548 703 2651 757 οὐκ
2699 704 2833 758 εἶναι
2888 701 3098 758 δίκαιον
3158 701 3426 777 λὲγο›ν,εὶ
3474 708 3590 774 ζῷεν
3628 705 3698 757 ei».

2101 784 2223 861 δρες
2269 788 2416 852 ἁθεοι
2457 790 2548 845 καὶ
2599 789 3006 870 διαστρέφοντες
3055 793 3151 853 τὰς
3198 790 3359 854 ὁδοὺς
3401 796 3493 847 τοῦ
3539 793 3704 867 Κυρίου

2099 876 2194 938 τὰς
2246 877 2474 942 εὐθείας.
2508 880 2606 934 Καὶ
2653 884 2822 935 ταῦτα
2871 878 3044 957 λέγων
3091 879 3267 936 ἐδεῖτο
3296 878 3393 934 τοῦ
3439 885 3559 935 Θεοῦ
3592 902 3704 955 πρη-

2102 965 2260 1039 στῆρί
2306 988 2412 1023 τινι
2459 968 2555 1030 τὰς
2603 968 2925 1047 ἀμφοτέρων
2970 969 3192 1040 εἰσάπαξ
3227 968 3472 1041 ἀνηλεῶς
3502 971 3705 1027 ﬁnemil-

2103 1075 2191 1109 σαι
2253 1057 2412 1124 ζωάς.
2454 1059 2636 1113 Ταῦτα
2685 1055 2744 1112 δὲ
2788 1058 2978 1130 εἰπὼν,
3036 1054 3192 1133 ἔλεγε
3241 1057 3389 1129 δόξαι
3439 1057 3559 1114 ἰδεῖν
3594 1058 3709 1138 ἄφνω

2100 1144 2194 1199 τὸν
2243 1144 2412 1215 οἷκον,
2442 1143 2495 1200 ἐν
2546 1146 2698 1221 ᾧπερ
2740 1147 2998 1220 εἱστήκει,
3032 1145 3442 1218 διαδονηθέντα,
3487 1149 3707 1224 πρότερον

2106 1231 2166 1287 ἐκ
2216 1240 2317 1302 τῆς
2369 1233 2577 1313 ὀροφῆς
2629 1235 2704 1297 εἷς
2751 1233 2848 1291 δύο
2914 1237 3077 1310 μέσον
3110 1234 3460 1312 διαιρεθέντα,
3492 1237 3572 1291 καί
3616 1259 3712 1292 τινα

2106 1322 2278 1397 πυρὰν
2337 1320 2665 1399 πολύφωτον
2743 1324 3062 1399 ἐπίπροσθεν
3135 1327 3352 1395 ἑαυτοῦ,
3395 1326 3481 1380 καὶ
3546 1325 3711 1396 ταύτην

2109 1405 2307 1482 (ἐδόκει
2362 1411 2464 1486 γὰρ
2525 1409 2721 1467 λοιπὸν
2782 1412 3045 1489 ὕπαιθρος
3093 1415 3121 1468 ὁ
3151 1414 3344 1486 τόπος)
3372 1411 3431 1467 ἐκ
3456 1417 3545 1468 τοῦ
3588 1413 3712 1485 eriga-

2109 1500 2230 1554 νίου
2264 1501 2452 1576 χώρου
2488 1503 2687 1578 μὲχρις
2718 1502 2882 1559 αὐτοῦ
2911 1506 3355 1581 καταφερομένην
3389 1523 3403 1538 ·
3434 1505 3520 1559 τὸν
3570 1502 3618 1559 δὲ
3643 1504 3713 1558 οὖς

2114 1590 2270 1663 ρανὸν
2320 1590 2478 1646 αὐτὸν
2532 1592 2993 1667 ἀναπεπταμένον,
3024 1596 3112 1649 καὶ
3175 1594 3264 1649 ἐπὶ
3323 1598 3402 1667 τῷ
3451 1595 3595 1666 νώτῳ
3641 1595 3715 1647 τοῦ

2113 1678 2344 1754 οὐρανοῦ
2397 1680 2492 1736 τὸν
2551 1682 2783 1754 Ἰησοῦν,
2843 1682 3078 1758 ἀπείρων
3137 1678 3549 1757 ἀνθρωποειδῶν
3601 1685 3719 1752 αὖτῷ

362 1775 630 1845 debetur)
662 1789 693 1830 e
722 1771 868 1829 coelo
900 1772 973 1829 ad
1002 1786 1066 1827 se
1099 1786 1285 1841 usque
1339 1768 1573 1835 deferri,
1604 1766 1818 1825 caelum
1866 1782 2000 1823 vero

2119 1764 2531 1863 παρεστηκότων
2568 1769 2813 1863 αγγὲλων
2848 1791 2862 1804 ·
2892 1770 2985 1825 καὶ
3031 1776 3199 1827 ταῦτα
3248 1772 3345 1845 μὶν
3389 1770 3574 1827 ἄνωθεν
3616 1774 3718 1847 ὁρᾶ-

362 1865 561 1936 ipsum
594 1866 882 1933 apertum,
917 1865 973 1918 et
1001 1876 1177 1933 super
1223 1861 1397 1916 dorso
1448 1857 1579 1914 coeli
1634 1857 1863 1927 Jesum,
1910 1857 2002 1910 cui

366 1951 816 2010 innumerabilis
837 1950 1181 2023 angelorum
1196 1947 1511 2005 multitudo
1540 1946 1864 2003 humanam
1888 1943 2008 2001 efﬁ-

365 2043 518 2112 giem
552 2058 666 2114 praa
708 2057 770 2097 se
800 2039 1109 2096 ferentium
1142 2037 1490 2094 assistebat:
1527 2040 1585 2092 et
1613 2035 1735 2092 haec
1769 2034 2008 2106 quidem

371 2146 627 2205 superne
640 2129 880 2200 vidisse,
913 2127 1385 2197 admiratumque
1407 2141 1535 2183 esse
1558 2127 1781 2197 Carpus
1798 2124 2009 2180 aiebat.

373 2224 518 2279 Cum
538 2236 672 2277 vero
703 2220 762 2276 in
785 2223 1003 2275 terram
1022 2217 1222 2274 oculos
1245 2213 2012 2284 deﬂexisset,solumipsum

372 2311 562 2368 instar
590 2308 864 2366 immensi
889 2324 957 2364 ac
1007 2304 1283 2379 profundi
1313 2304 1625 2377 cujusdam
1656 2302 1855 2359 hiatus
1890 2302 2014 2357 dis-

375 2401 597 2459 cissum
629 2415 692 2456 se
720 2398 937 2455 vidisse
966 2396 1134 2463 dixit,
1174 2400 1232 2452 et
1255 2394 1527 2451 homines
1575 2393 1812 2465 quidem
1857 2389 2013 2459 illos,

373 2491 594 2562 quibus
625 2487 1155 2558 maleimprecatus
1188 2485 1395 2554 fuerat,
1429 2489 1566 2541 ante
1622 2500 1685 2541 se
1727 2483 1897 2554 juxta
1952 2497 2018 2536 os

370 2580 570 2637 hiatus
598 2577 760 2635 illius
806 2578 1129 2633 consistere
1178 2580 1496 2632 trementes
1532 2590 1596 2629 ac
1628 2570 2016 2637 miserabiles,

371 2674 438 2725 ut
468 2684 677 2740 parum
711 2666 961 2737 abesset,
985 2665 1130 2737 quin
1161 2681 1277 2736 pres
1304 2664 1519 2736 pedum
1551 2678 1794 2719 suorum
1822 2661 2021 2717 incon-

369 2756 590 2815 stantia
611 2756 863 2828 jamjam
920 2753 1230 2825 dejiciendi
1273 2753 1630 2809 viderentur.
1661 2751 1875 2807 Verum
1907 2750 2018 2806 sub

369 2846 538 2902 hiatu
569 2848 875 2918 serpentes
906 2860 1145 2900 sursum
1175 2846 1473 2913 repere,et
1502 2841 1657 2896 circa
1689 2840 1865 2912 pedes
1886 2838 2018 2893 illo-

371 2952 506 2991 rum
538 2948 667 2991 sese
719 2938 1020 2990 moventes
1076 2932 1371 2987 interdum
1406 2931 1645 3001 quidem
1703 2928 1764 2983 in
1795 2927 2019 3000 spiram

371 3026 728 3090 contractos,
761 3021 940 3078 simul
972 3022 1279 3092 ingravare
1318 3024 1496 3090 atque
1528 3017 1900 3090 pertrahere;
1928 3018 2015 3073 in-

369 3111 605 3169 terdum
632 3127 769 3168 vero
797 3108 1078 3167 dentibus
1126 3108 1214 3164 vel
1274 3108 1478 3163 caudis
1534 3108 1915 3163 incendentes
1963 3113 2019 3163 et

373 3199 867 3268 demulcentes,ut
899 3198 999 3270 qui
1033 3197 1093 3253 in
1123 3197 1462 3269 voraginem
1494 3196 1623 3252 illos
1658 3197 2017 3268 praecipitare

372 3289 615 3347 omnino
647 3287 1017 3346 molirentur.
1054 3285 1254 3342 Fuisse
1292 3285 1469 3341 etiam
1517 3287 1670 3342 viros
1703 3287 2015 3357 quosdam,

375 3379 476 3450 qui
506 3379 566 3433 in
591 3377 780 3434 medio
815 3394 916 3448 pro
948 3376 1319 3448 serpentibus
1375 3381 1579 3432 contra
1632 3376 1788 3431 viros
1840 3375 2019 3432 simul

370 3468 682 3540 irruerent,
727 3468 1161 3541 perturbarent,
1222 3465 1507 3538 impetum
1551 3465 1731 3521 simul
1764 3466 2020 3522 lacerent

372 3575 438 3614 ac
468 3557 727 3613 ferirent.
761 3561 937 3612 Porro
993 3555 1077 3611 illi
1124 3555 1375 3626 jamjam
1409 3556 1603 3611 casuri
1649 3555 2017 3625 videbantur,

370 3646 587 3719 partim
606 3646 846 3719 quidem
871 3645 1281 3717 inviti,partim
1301 3661 1433 3701 vero
1459 3644 1797 3712 voluntarii,
1821 3661 1950 3700 cum
1986 3661 2020 3701 a

370 3735 526 3792 malo
559 3735 778 3792 sensim
828 3738 1179 3808 cogerentur
1227 3732 1525 3804 simulque
1576 3734 2015 3790 inducerentur.

368 3825 475 3883 Hic
506 3826 732 3900 Carpus
763 3825 905 3881 dum
938 3824 1211 3881 inferiora
1268 3823 1573 3895 aspiceret,
1607 3822 1926 3894 plurimum
1959 3838 2017 3879 se

370 3913 657 3982 laetatum,
692 3931 758 3971 ac
790 3913 1095 3986 superiora
1128 3910 1452 3984 neglexisse
1485 3912 1737 3979 diccbat,
1771 3913 2017 3968 moleste

371 4018 505 4057 vero
527 4002 894 4075 graviterque
916 4002 1145 4070 tulisse,
1171 4003 1326 4074 quod
1361 4002 1613 4058 necdum
1646 4001 2016 4070 cecidissent,

374 4105 645 4161 saepeque
675 4106 809 4144 cum
841 4091 898 4144 in
933 4090 1040 4146 hoc
1097 4090 1397 4162 negotium
1449 4090 1836 4159 incumberet,
1872 4090 2016 4147 nihil

374 4176 714 4250 profecisse,
740 4194 805 4232 ac
836 4183 1144 4249 propterea
1174 4179 1579 4251 indignatione
1601 4181 1874 4236 allectum
1897 4180 2016 4236 illis

374 4266 764 4339 imprecatum
793 4267 1212 4337 esse.Cumque
1240 4267 1330 4322 vix
1361 4268 1597 4322 tandem
1620 4284 1857 4324 sursum
1875 4286 2015 4327 ocu-

372 4356 461 4411 los
512 4354 820 4422 elevasset,
879 4355 1098 4411 vidisse
1145 4372 1352 4412 rursus
1400 4356 1632 4412 dicebat
1679 4357 1888 4415 coelum
1951 4364 2016 4415 ut

371 4444 538 4518 prius
566 4443 812 4513 viderat,
859 4445 1184 4516 Jesumque
1222 4443 1442 4500 factum
1493 4444 1636 4500 illud
1669 4447 2010 4504 miseratam

2046 3161 2093 3228 C

2112 1869 2230 1921 σθαι
2266 1858 2355 1913 καὶ
2404 1858 2714 1931 θαυμάςειν.
2748 1860 2907 1917 Κάτω
2952 1857 3010 1917 δὶ
3047 1860 3224 1936 κύψας
3274 1863 3301 1916 ὁ
3349 1863 3580 1936 Κάρπος,
3610 1859 3716 1915 ἰδεῖν

2114 1941 2216 2023 ἔφη
2265 1948 2354 2001 καὶ
2405 1945 2677 2025 τοῦδαφος
2733 1948 2862 2005 αὐτὸ
2919 1950 3055 2025 πρὸς
3105 1949 3310 2026 ἀχανὲς
3356 1972 3407 2005 τι
3436 1952 3608 2027 χάσμα
3646 1951 3717 2003 καὶ

2117 2038 2384 2091 σκοτεινὸν
2430 2034 2822 2114 διερῥηγμένον
2853 2058 2868 2073 ⁸
2917 2040 3006 2095 καὶ
3061 2039 3188 2102 τοὺς
3246 2041 3339 2114 μὶν
3391 2037 3574 2114 ἄνδρας
3610 2038 3719 2093 ἐκεί-

2117 2147 2264 2196 νους,
2295 2129 2377 2187 οἷς
2406 2125 2669 2201 ἐπηρᾶτο,
2699 2128 2804 2204 πρὸ
2834 2127 2999 2184 αὐτοῦ
3024 2130 3158 2184 κατὰ
3213 2130 3281 2185 τὸ
3320 2130 3536 2203 στόμιον
3590 2127 3720 2198 ἕστη-

2118 2216 2270 2271 κὲναι
2334 2220 2431 2271 τοῦ
2505 2218 2812 2292 χάσματος,
2873 2218 3240 2294 ὑποτρόμους,
3301 2217 3578 2287 ἐλεεινοὺς,
3625 2220 3722 2271 ὅσον

2123 2304 2276 2361 οὕπω
2330 2307 2801 2383 καταφερομένους
2860 2306 2964 2361 ὑπὸ
3005 2314 3108 2377 τῆς
3164 2312 3278 2363 τῶν
3324 2307 3529 2362 οἰκείων
3580 2303 3725 2361 ποδῶν

2124 2392 2377 2457 ἀστασίας
2408 2411 2425 2429 ’
2452 2393 2689 2460 κάτωθεν
2723 2392 2781 2449 δὶ
2823 2396 2930 2452 ἀπὸ
2971 2400 3069 2451 τοῦ
3100 2399 3390 2473 χάσματος
3430 2392 3567 2475 ὄφεις
3606 2394 3725 2470 civi?-

2124 2505 2267 2552 πειν,
2311 2485 2401 2539 καὶ
2457 2484 2581 2559 περὶ
2632 2483 2765 2547 τοὺς
2821 2482 2992 2548 πόδας
3051 2486 3225 2541 αὐτῶν
3292 2487 3725 2559 ὑποκινουμὲνους,

2125 2574 2258 2628 ποτὶ
2294 2573 2387 2646 μὲν
2415 2572 2706 2648 ἀποσύρειν
2750 2571 3240 2648 ἑπανειλουμὲνους
3291 2578 3403 2649 ἅμα
3446 2574 3530 2631 καὶ
3574 2569 3725 2629 ἐπιϐα-

2129 2665 2374 2737 ροῦντας,
2408 2661 2497 2717 καὶ
2528 2659 2810 2725 ἕλκοντας·
2836 2663 2970 2718 ποτὶ
3000 2661 3058 2718 δὲ
3084 2669 3202 2727 τοῖς
3239 2661 3449 2734 ὀδοῦσι,
3478 2664 3513 2733 ἢ
3538 2668 3637 2725 τοῖς
3660 2661 3727 2717 οὗ·

2129 2751 2303 2825 ραίοις
2381 2750 2772 2830 ὑποτύφοντας,
2832 2753 2867 2823 ἢ
2927 2751 3485 2829 ὗπογαργαλίζοντας,
3519 2755 3597 2807 καὶ
3657 2748 3725 2804 διὰ

2126 2842 2327 2903 παντὸς
2371 2839 2449 2903 εἷς
2496 2841 2560 2895 τὸ
2605 2840 2804 2916 ἀχανὲς
2851 2836 3150 2914 ἐμϐάλλειν
3189 2844 3629 2920 μηχανωμένους.
3655 2839 3725 2896 Εἶ-

2125 2949 2210 2983 ναι
2259 2926 2316 2984 δὲ
2361 2929 2452 2984 καὶ
2510 2926 2707 3005 ἄνδρας
2754 2930 2902 2993 τινὰς
2950 2930 3003 2985 ἐν
3053 2937 3224 3006 μὲσῳ,
3273 2938 3390 2995 τοῖς
3440 2927 3580 3011 ὄφεσι
3619 2929 3725 2984 κατὰ

2126 3023 2235 3075 τῶν
2282 3016 2490 3093 ἀνδρῶν
2549 3019 3069 3093 συνεπιτιθεμένους,
3102 3018 3483 3086 διαδονοῦντας
3528 3023 3625 3093 ἅμα
3655 3016 3723 3072 καὶ

2132 3110 2505 3182 ὑπωθοῦντας,
2563 3109 2653 3164 καὶ
2723 3109 3120 3172 καταπαίοντας
3152 3131 3166 3146 ο
3227 3109 3453 3167 ἐδόκουν
3517 3108 3568 3165 δὲ
3624 3108 3724 3163 εἶναι

2128 3199 2264 3272 πρὸς
2330 3198 2392 3252 τὸ
2460 3203 2641 3253 πεσεῖν
2719 3197 2915 3254 ἐκεῖνοι
2979 3199 3047 3254 τὰ
3123 3200 3217 3273 μὶν
3304 3200 3534 3271 ἄκοντες,
3579 3200 3635 3253 τὶ
3684 3193 3727 3249 δὲ

2127 3288 2218 3341 καὶ
2310 3288 2543 3355 ἑκόντες,
2606 3289 2708 3343 ὑπὸ
2789 3292 2884 3343 τοῦ
2961 3293 3126 3344 κακοῦ
3207 3289 3326 3362 ἅμα
3402 3290 3511 3344 κατ’
3579 3286 3726 3360 ὀλίγον

2132 3374 2446 3450 βιαζόμενοι
2523 3377 2615 3431 καὶ
2689 3376 3025 3450 πειθόμενοι.
3086 3375 3289 3453 Ἔλεγε
3354 3376 3410 3433 δὲ
3482 3380 3509 3432 ὁ
3559 3375 3728 3447 Rigas:

2128 3464 2152 3520 ὲ
2264 3466 2276 3481 .
2354 3463 2418 3485 nn
2661 3465 2672 3485 ρ
3172 3470 3200 3483 .,
3283 3465 3307 3485 ,,
3536 3466 3549 3487 ,
3673 3469 3690 3477 -

2158 3485 2316 3520 αυτον
2349 3477 2571 3535 ηοεσθαι
2610 3485 2758 3522 κατω
2806 3465 3100 3541 βλέποντα,
3132 3488 3240 3523 των
3276 3489 3388 3525 ανω
3419 3465 3476 3522 δὶ
3526 3463 3726 3539 αμελειν,

2128 3551 2495 3630 δυσχεραίνειν
2559 3553 2617 3610 δὲ
2665 3555 2755 3611 καὶ
2813 3555 3125 3632 ὀλιγωρεῖν,
3167 3555 3252 3612 ὅτι
3311 3560 3388 3631 μὴ
3434 3555 3727 3613 πεπτώκασιν

2125 3642 2235 3715 ἤδη
2275 3662 2290 3681 ο
2318 3644 2406 3699 καὶ
2436 3649 2514 3717 τῷ
2545 3644 2820 3721 πράγματι
2846 3643 3123 3707 πολλάκις
3172 3645 3478 3721 ἐνθέμενον,
3508 3644 3588 3701 καὶ
3629 3639 3727 3697 ἀδυ·

2125 3736 2447 3804 νατήσαντα,
2505 3732 2594 3788 καὶ
2651 3733 3004 3808 ἁχθεσθῆναι,
3062 3733 3152 3789 καὶ
3218 3733 3574 3811 ἐπαράσασθαι
3602 3750 3613 3761 ”
3658 3727 3726 3783 καὶ

2126 3821 2479 3877 ἀνανεόσαντα
2537 3820 2724 3895 μόλις,
2785 3820 2916 3877 ἰδεῖν
2978 3823 3072 3895 μὲν
3132 3820 3286 3886 αὖθις
3358 3825 3449 3880 τὸν
3521 3818 3726 3895 οὐρανὸν,

2128 3908 2307 3986 ὥσπερ
2362 3911 2424 3967 τὸ
2475 3911 2735 3987 πρότερον
2798 3911 3046 3986 ἑωράκει,
3080 3911 3169 3966 τὸν
3230 3908 3291 3966 δὲ
3340 3914 3558 3983 Ἰησοῦν,
3601 3907 3727 3973 E1615-

2126 4020 2285 4055 σαντα
2339 4001 2402 4054 τὸ
2455 4001 2761 4074 γινόμενον,
2822 3998 3169 4075 ἐξαναστῆναι
3222 4005 3322 4058 τοῦ
3383 3996 3726 4075 ὑπερουρανὶου

2127 4089 2343 4166 θρόνου,
2402 4089 2491 4145 καὶ
2556 4085 2661 4152 ἵως
2736 4087 2910 4144 αὐτῶν
2968 4085 3300 4164 καταϐάντα,
3345 4094 3503 4166 χεῖρα
3557 4082 3728 4160 ἀγαθὴν

2126 4177 2353 4254 ὀρέγειν,
2382 4177 2473 4232 καὶ
2528 4176 2655 4241 τοὺς
2704 4175 2972 4253 ἀγγέλους
3025 4177 3173 4249 αὐτῷ
3225 4169 3729 4250 συνεπιλαμϐανομέ-

2122 4287 2270 4335 νους,
2302 4265 2473 4322 ἄλλον
2508 4264 2740 4331 ἄλλοθεν
2771 4264 3089 4341 ἀντέχεσθαι
3117 4271 3233 4321 τοῖν
3286 4265 3521 4342 ἀνδροῖν,
3550 4264 3627 4319 καὶ
3672 4258 3728 4316 εἴ·

2122 4361 2240 4412 πεῖν
2271 4360 2352 4428 τῷ
2404 4356 2610 4431 Κάρπῳ
2651 4356 2743 4411 τὸν
2776 4358 3015 4426 Ἰησοῦν,
3045 4358 3145 4425 τῆς
3185 4357 3376 4429 χειρὸς
3420 4352 3526 4425 ἤδη
3571 4369 3732 4425 προτε·

2120 4446 2361 4519 ταμὲνης
2393 4464 2405 4477 ·
2441 4469 2469 4497 (ί
2503 4449 2637 4501 Παῖε
2662 4445 2778 4500 κατ’
2808 4442 2944 4519 ἐμοῦ
2990 4443 3184 4502 λοιπόν
3222 4461 3236 4477 ⁵
3270 4441 3490 4520 ἕτοιμος
3517 4444 3611 4519 γάρ
3639 4438 3728 4508 εἰμι

370 4533 441 4590 de
471 4533 697 4590 excelsa
738 4534 885 4591 38!
950 4533 1052 4590 illa
1108 4533 1247 4590 sede
1299 4533 1646 4605 surrexisse,
1706 4552 1772 4591 ac
1802 4537 1873 4592 ad
1913 4553 2000 4594 eos

2119 4535 2210 4592 καὶ
2257 4532 2409 4600 αὖθις
2436 4534 2568 4609 ὑπὲρ
2613 4534 2912 4608 ἀνθρώπων
2961 4534 3394 4607 ἀνασωζομὲνων
3437 4536 3634 4599 παθεῖν,
3657 4524 3729 4582 καὶ

368 4640 559 4696 usque
590 4624 902 4697 benignam
936 4622 1054 4679 illis
1086 4640 1327 4680 manum
1352 4624 1746 4697 porrigentem
1770 4626 2010 4682 descen-

367 4712 549 4769 disse.
581 4713 839 4786 Angelos
869 4713 1008 4770 item
1038 4729 1163 4769 cum
1178 4712 1307 4784 ipso
1329 4713 1532 4781 simul,
1565 4712 1751 4770 alium
1776 4713 2014 4772 aliunde

367 4806 764 4872 assumentes,
824 4818 928 4874 pro
986 4802 1130 4858 viris
1186 4801 1306 4859 illis
1339 4801 1649 4869 restitisse,
1696 4801 2016 4877 Jesumque

367 4890 553 4964 Carpo
586 4907 767 4948 manu
802 4891 993 4947 adhuc
1024 4894 1256 4947 extenta
1286 4890 1503 4948 dixisse
1528 4908 1542 4946 :
1564 4912 1591 4945 α
1612 4891 1897 4966 Deinceps
1922 4908 2016 4949 me

365 4978 657 5038 hostiliter
690 4985 949 5054 percute,
982 4992 1223 5053 paratus
1253 4981 1411 5036 enim
1445 4997 1579 5038 sum
1615 4998 1720 5049 pro
1753 4981 2015 5039 homini—

364 5068 480 5125 bus
510 5068 723 5127 iterum
757 5069 1061 5127 servandis
1093 5073 1340 5126 mortem
1390 5074 1686 5144 oppetere.
1720 5071 1838 5128 Hoc
1869 5073 2017 5131 mihi

2122 4622 2421 4701 προσφιλές
2474 4644 2567 4697 μοι
2604 4625 2791 4691 τοῦτο,
2850 4624 2926 4695 μὴ
2975 4620 3163 4678 ἄλλων
3208 4620 3609 4699 ἁμαρτανόντων
3660 4615 3729 4670 dv-

2123 4713 2379 4788 θρώπων.
2412 4711 2565 4781 Πλὴν
2597 4713 2718 4786 ὅρα,
2751 4710 2801 4768 si
2827 4709 3014 4775 καλῶς
3044 4705 3163 4787 ἔχει
3195 4733 3282 4769 σοι
3309 4714 3412 4783 τὴν
3440 4712 3490 4768 ἐν
3534 4713 3608 4779 τῷ
3646 4702 3729 4781 χάο

2125 4823 2287 4877 σματι
2334 4801 2423 4857 καὶ
2476 4802 2610 4876 μετὰ
2664 4805 2771 4856 τῶν
2842 4796 3016 4875 ὄφεων
3093 4804 3263 4876 μονὴν
3340 4796 3727 4871 ἀνταλλσξασθαι

2121 4900 2222 4962 τῆς
2275 4891 2409 4966 μετὰ
2457 4895 2591 4946 Θεοῦ
2636 4890 2726 4946 καὶ
2778 4894 2886 4946 τῶν
2937 4891 3156 4967 ἀγαθῶν
3208 4891 3297 4947 καὶ
3367 4887 3725 4968 φιλανθρώπων

2126 4979 2395 5056 ἀγγέλων.
2426 5004 2456 5033 ››
2487 4978 2668 5037 Ταῦτά
2697 4977 2837 5035 ἐστιν
2872 4978 2905 5034 ἃ
2934 4978 3046 5055 ἐγὼ
3074 4980 3347 5051 ἀκηκοὼς,
3370 4976 3599 5034 πιστεύω
3622 4971 3730 5039 ἀλη·
3808 4986 3813 4989 ⁷

2129 5075 2198 5145 θῆ
2227 5071 2385 5127 εἶναι.

365 5162 705 5228 pergratum
746 5157 940 5224 fuerit,
973 5157 1111 5213 dum
1156 5174 1229 5214 ne
1259 5158 1449 5214 caeteri
1483 5158 1754 5215 homines
1798 5168 2059 5233 peccent.
2105 5167 2345 5221 Intuere
2375 5163 2655 5232 praeterea
2686 5174 2827 5215 num
2859 5158 2995 5215 usui
3028 5158 3129 5216 tibi
3170 5160 3433 5217 futurum
3456 5156 3549 5225 sit,
3565 5153 3657 5209 hoc
3683 5147 3728 5203 in

364 5244 473 5302 hac
502 5246 777 5320 voragine
816 5250 873 5302 et
915 5264 1046 5303 cum
1098 5247 1471 5321 serpentibus
1519 5248 1903 5321 domicilium,
1941 5269 2071 5310 cum
2113 5252 2215 5318 Dei
2247 5268 2315 5309 ac
2346 5251 2657 5319 bonorum,
2681 5252 2740 5304 et
2777 5247 3018 5306 humani
3062 5246 3297 5321 generis
3333 5239 3724 5320 peramantium

363 5336 714 5411 angelorum
742 5335 1035 5396 consortio
1057 5342 1416 5411 permutare.
1442 5360 1471 5389 »
1523 5338 1655 5396 Haec
1692 5345 1833 5399 sunt
1875 5359 2003 5414 quae
2044 5359 2150 5416 ego
2179 5341 2400 5413 audivi,
2431 5354 2687 5412 veraque
2717 5355 2846 5397 esse
2875 5339 3074 5398 credo.

430 5548 682 5608 Omnino
711 5569 852 5609 sane
872 5552 933 5608 in
964 5553 1315 5611 admiranda
1356 5555 1457 5610 illa
1500 5555 1724 5612 visione
1782 5555 2000 5624 divina,

357 5638 714 5710 amplissimi
743 5643 1064 5701 sacerdotis
1084 5644 1461 5702 clementiam
1492 5646 1648 5703 circa
1674 5661 1861 5717 genus
1890 5646 2002 5704 hu-

2183 5556 2486 5631 ’Πγάσθητε
2537 5552 2605 5627 δὴ
2647 5556 2864 5617 πάντως
2915 5558 3014 5609 τοῦ
3065 5553 3306 5625 ἀξιοθὲου
3336 5551 3625 5630 ἀρχιερέως
3661 5540 3716 5631 λτδ

2110 5642 2233 5719 περῖ
2262 5628 2324 5699 τὸ
2355 5643 2639 5722 ὁμόφυλον
2675 5643 2953 5717 συμπαθὲς
2983 5640 3087 5719 οῦχ
3116 5646 3279 5713 ἦττον
3307 5645 3342 5713 ἢ
3370 5628 3465 5710 τὴν
3514 5641 3602 5693 τοῦ
3642 5628 3715 5687 ὅνο
