3930 6202
222 348 312 404 653

1197 342 1388 406 νιΤΑ,
1428 341 1766 394 AUCTORE
1805 340 2174 394 MICHAELE
2212 342 2561 396 SYNGELO.

3468 343 3575 396 654

219 492 311 532 τως
357 466 540 537 ἀγαθοῦ
594 460 684 516 καὶ
741 462 1181 537 θεαρχικωτάτου
1252 463 1514 538 ἱεράοχου
1575 464 1818 537 Χριστοῦ

2085 481 2181 518 um
2213 481 2325 519 non
2362 467 2559 521 minus
2593 467 2864 520 admirati
2901 466 3062 532 estis,
3116 481 3290 534 quam
3349 465 3599 522 clemen-

221 557 325 633 περῖ
353 558 482 626 ἡμᾶς
527 550 855 626 ἀγαθότητα,
914 558 1012 621 τῆς
1068 552 1500 624 ἀξιοθαυμάστου
1570 552 1824 615 θεοπτίας

220 645 393 714 ταύτης
446 640 739 713 πυθόμενοι
777 658 790 672 ⁸
850 642 938 696 καὶ
987 639 1062 695 ἔτι
1117 641 1381 714 μειζόνως
1435 641 1822 715 ἀγασθήσεσθε,

223 735 258 791 εἷ
294 738 387 788 τῶν
427 727 799 784 ἀποπολικῶν
860 730 1113 806 ἀγώνων,
1167 729 1256 784 καὶ
1317 727 1537 804 δρόμων
1589 731 1680 784 καὶ
1722 750 1827 806 χα-

218 823 458 897 ρισμάτων
507 817 820 886 ἀκούσεσθε,
896 819 977 880 οἷς
1034 821 1456 893 καταγΑαϊσΟεές
1512 820 1627 872 καθ’
1689 819 1826 888 ὅλην

219 914 301 981 τὴν
352 905 666 979 οἴκουμένην
721 904 1039 981 διέλαμψεν.
1107 907 1183 963 Οὖ
1242 908 1340 981 γάρ
1402 907 1706 976 Ἀθηναίων
1763 909 1828 975 ἦν

215 1000 394 1070 ποιμήν
435 995 520 1051 καὶ
571 993 896 1058 διδάσκαλος
949 997 1138 1069 μόνον,
1180 995 1327 1051 ἀλλά
1374 997 1464 1050 καὶ
1509 993 1835 1058 διδάσκαλος

221 1085 550 1152 διδασκάλων,
583 1084 673 1139 καὶ
723 1085 932 1157 ποιμὴν
977 1085 1276 1158 ποιμένων,
1311 1085 1398 1139 καὶ
1428 1082 1714 1155 διαιτητὴς
1743 1083 1833 1138 καὶ

219 1176 512 1248 θεσμοθέτης
547 1194 559 1207 ·
605 1170 731 1228 οὖδὶ
793 1172 992 1248 μέχρις
1041 1171 1311 1236 Ἑλλάδος
1363 1175 1390 1228 ὁ
1441 1171 1647 1247 δρόμος
1690 1171 1834 1244 αὕτῷ

189 1265 531 1337 .περιώριστο,
565 1260 711 1316 ἀλλά
750 1261 838 1317 καὶ
887 1263 1052 1337 μέχρι
1100 1267 1198 1317 τοῦ
1225 1260 1556 1336 Ἰλλυρικοῦ,
1583 1266 1679 1316 τοῦ
1707 1263 1833 1316 καθ-

221 1352 455 1427 ηγεμόνος
511 1350 679 1406 αὐτοῦ
735 1350 825 1405 καὶ
899 1352 1174 1426 ἱεροθὲτου
1265 1350 1483 1408 Παύλου
1549 1351 1839 1424 παραπλή-

216 1438 754 1508 σιος.Ἀποστολικήν
807 1441 911 1514 γὰρ
976 1439 1135 1514 χάριν
1184 1441 1272 1494 καὶ
1325 1439 1566 1512 σημείων
1607 1437 1833 1512 δύναμιν

219 1529 456 1606 εἰληφὼς,
489 1527 895 1600 ἀποπολικῶς,
940 1529 1030 1583 οἷά
1075 1551 1158 1591 τις
1207 1529 1434 1598 πτηνὸς,
1465 1529 1693 1583 πάντοσε
1725 1525 1835 1582 διὲ-

215 1619 355 1692 τρεχὲ
380 1639 456 1685 τε,
488 1618 580 1672 καὶ
629 1617 690 1673 τὸ
747 1625 848 1687 τῆς
908 1613 1080 1680 ὅντως
1143 1623 1289 1687 ζωῆς
1352 1616 1679 1693 Εὐαγγέλιον
1710 1616 1836 1687 ἐκή-

219 1727 399 1781 ρυττεν,
431 1705 822 1768 ἀποστολικαῖς
871 1708 1132 1782 σαγήναις
1184 1707 1275 1760 καὶ
1319 1708 1616 1782 πανάγροις
1659 1704 1836 1768 λίνοις

219 1799 412 1870 ζωγρῶν
440 1795 526 1850 καὶ
591 1794 1025 1868 αἰχμαλωτίζων
1078 1795 1138 1850 ἐκ
1183 1801 1280 1850 τοῦ
1337 1803 1437 1865 τῆς
1493 1795 1706 1872 ἀγνοίας
1741 1795 1836 1870 βυ·
1871 1837 1918 1903 Β

219 1896 234 1903 -
270 1889 291 1898 -
391 1886 402 1903 ς
524 1885 538 1900 ι
644 1888 671 1897 -
769 1881 812 1903 ex
875 1895 894 1903 Α
939 1883 951 1903 ι
1122 1889 1150 1900 ~
1312 1884 1322 1900 ι
1499 1884 1510 1903 ν
1665 1882 1686 1903 \
1720 1885 1730 1903 ι

215 1889 295 1948 θοῦ
316 1886 439 1958 πρὸς
484 1885 548 1940 τὸ
605 1888 704 1950 τῆς
756 1881 1016 1955 ἀληθείας
1077 1889 1193 1950 φῶς
1243 1884 1372 1946 τοὺς
1417 1884 1594 1957 σκότῳ
1621 1882 1838 1954 πλάνης

212 1974 644 2048 κεκρατημένους.
703 1975 821 2027 Ὅτι
875 1973 970 2044 μὲν
1026 1974 1126 2049 γὰρ
1181 1978 1296 2037 τοῖς
1350 1975 1487 2028 κατά
1545 1970 1842 2050 διαφόρους

213 2062 405 2135 χώρους
457 2061 549 2116 καὶ
609 2063 808 2131 νήσους
877 2060 1181 2131 ἐκκλησιῶν
1246 2063 1547 2137 ἡγεμονίαν
1612 2061 1702 2117 καὶ
1762 2059 1842 2116 δι-

219 2147 482 2205 δασκαλίαν
532 2151 1010 2224 πεπιστευμένοις,
1061 2153 1136 2215 ὡς
1181 2149 1506 2214 διδάσκαλος
1552 2154 1640 2207 καὶ
1687 2169 1846 2225 κορυ-

212 2241 348 2315 φαῖὁς
373 2261 451 2302 τις
499 2237 684 2303 ἄλλος
733 2239 1066 2309 ἀπόστολος,
1118 2242 1400 2312 ὑποθήκας
1457 2238 1844 2302 διδαααλικάς

213 2329 285 2382 καὶ
315 2330 566 2400 μυστικάς
622 2325 852 2404 διδαχάς
902 2328 1203 2400 ὑπετίθετο,
1243 2334 1426 2408 σαφῶς
1463 2327 1842 2406 διαγγέλλουσι

213 2415 268 2469 τά
293 2417 418 2492 πρὸς
471 2416 608 2479 τοὺς
663 2418 948 2495 Ἐφεσίων,
1005 2418 1095 2472 καὶ
1143 2420 1489 2493 Σμυρναίων,
1547 2419 1634 2472 καὶ
1687 2420 1842 2492 Κρη-

215 2509 306 2559 τῶν
336 2507 768 2582 πανιερωτάτους
821 2506 910 2561 καὶ
960 2507 1095 2582 πρὸς
1142 2508 1316 2562 αὐτῶν
1375 2513 1481 2562 τῶν
1537 2514 1636 2576 τῆς
1678 2509 1842 2580 ἁγιω-

218 2596 366 2665 τάτης
418 2594 745 2666 Ἐκκλησίας
806 2595 1098 2669 θεμελίων,
1154 2600 1261 2652 τῶν
1320 2595 1640 2652 ἀποστόλων
1675 2595 1839 2671 λέγω,

217 2683 870 2760 προκεχειροτονημένους
956 2683 1283 2761 προέδρους,
1371 2685 1664 2759 Τιμόθεον,
1750 2686 1836 2739 καὶ

215 2771 582 2848 Πολύκαρπον,
643 2775 732 2829 καὶ
785 2773 970 2843 Τίτον,
1026 2774 1172 2847 αὐτῷ
1257 2776 1654 2849 διηγορευμὲνα
1708 2771 1842 2848 δόγ-

215 2881 356 2935 ματα,
385 2863 472 2918 καὶ
526 2866 861 2938 μυσταγωγή
876 2884 1037 2936 ματα,
1095 2865 1182 2918 καὶ
1233 2861 1607 2938 διατάγματαο
1668 2862 1751 2917 ὅτι
1785 2860 1842 2917 δὲ

207 2950 284 3003 καὶ
339 2949 538 3025 δρόμον
605 2951 972 3007 ἀποστολικὸν
1047 2952 1313 3026 τετέλεκε,
1372 2953 1460 3008 καὶ
1518 2951 1840 3029 παραδόξοις

211 3040 650 3119 θαυματουργίαις
705 3040 885 3105 θεόθεν
963 3039 1296 3112 δεδόξασται,
1369 3041 1554 3097 πολλᾶ
1600 3045 1695 3114 μὶν
1751 3041 1841 3096 καὶ

209 3125 338 3183 ἄλλα
362 3132 717 3199 πιστώσεται,
748 3133 866 3185 καθ’
909 3128 944 3185 ἂ
989 3131 1197 3206 προϊὼν
1258 3132 1286 3185 ὁ
1337 3129 1523 3206 λόγος,
1551 3131 1676 3194 τοὺς
1705 3151 1842 3204 μαρ-

1936 553 2151 608 tissimi
2213 570 2351 624 erga
2408 572 2515 610 nos
2575 554 2794 610 summi
2853 572 2918 610 ac
2979 553 3218 610 maximi
3273 555 3596 610 sacerdotis

1937 641 2152 697 Christi
2184 642 2628 714 benignitatem.
2647 648 2764 699 Hac
2780 643 2978 698 audita
3007 643 3412 698 vehementius
3425 644 3599 698 etiam

1939 731 2402 799 admirabimini,
2436 733 2483 788 si
2514 733 2839 806 apostolica
2884 733 3210 788 certamina
3267 746 3599 803 cursusque

1941 826 2116 892 atque
2147 822 2302 876 dona
2329 821 2588 877 cmlestia
2618 822 2948 893 audieritis,
2982 821 3200 892 quibus
3232 819 3496 875 illustris
3515 822 3596 875 fa-

1942 915 2067 964 ctus
2095 925 2197 980 per
2227 913 2414 965 totum
2446 911 2643 966 orbem
2679 918 2964 967 terrarum
2995 909 3258 966 emicuit.
3292 909 3417 963 Non
3440 909 3598 965 enim

1942 998 2388 1054 Atheniensium
2420 999 2610 1056 solum
2645 1005 2846 1072 pastor
2877 1004 2933 1055 et
2991 998 3272 1070 magister
3328 997 3458 1063 fuit,
3500 998 3599 1053 sed

1945 1087 2224 1160 magister
2246 1089 2686 1160 magistrorum,
2711 1094 2908 1160 pastor
2931 1093 3262 1160 pastorum,
3283 1103 3600 1142 causarum

1944 1179 2228 1249 cognitor,
2260 1184 2316 1232 et
2347 1177 2542 1250 legum
2575 1177 2724 1234 lator
2754 1178 2882 1234 fuit.
2926 1178 3128 1249 Neque
3158 1178 3216 1232 in
3271 1177 3502 1231 Grazcize
3534 1177 3599 1230 fi-

1947 1266 2120 1321 nibus
2149 1283 2360 1322 cursus
2389 1267 2471 1321 illi
2509 1267 2860 1323 terminatus
2890 1271 2997 1333 est,
3033 1268 3135 1322 sed
3189 1282 3377 1338 usque
3411 1266 3596 1336 Illyri-

1945 1370 2074 1409 cum
2102 1354 2348 1410 Paulum
2371 1356 2576 1410 ducem
2596 1373 2769 1412 suum
2791 1360 2847 1411 et
2868 1371 3171 1412 sacrorum
3196 1355 3596 1409 institutorem

1946 1443 2208 1514 proxime
2256 1446 2494 1498 secutus
2525 1449 2635 1499 est.
2669 1444 2814 1498 Cum
2846 1444 3004 1499 enim
3035 1443 3419 1515 apostolicam
3461 1458 3597 1514 gra—

1946 1531 2090 1586 tiam
2132 1535 2188 1586 et
2232 1532 2535 1602 signorum
2601 1537 2950 1604 potestatem
3008 1532 3352 1603 accepisset,
3411 1530 3601 1584 instar

1947 1621 2203 1690 Apostoli
2235 1622 2449 1692 ubique
2479 1626 2760 1693 tanquam
2799 1621 2920 1677 avis
2961 1621 3358 1692 percurrebat,
3419 1619 3601 1672 Evan-

1947 1708 2164 1780 gelium
2192 1726 2336 1765 vera:
2368 1710 2493 1765 vita:
2544 1711 2921 1782 praedicabat,
2974 1710 3213 1782 sagenis
3259 1707 3600 1779 apostolicis

1949 1799 2306 1870 retibusque,
2338 1799 2554 1870 quibus
2611 1801 2724 1855 vivi
2781 1801 3052 1855 homines
3111 1802 3480 1870 caperentur,
3533 1812 3601 1851 ex

1953 1886 2341 1959 ignorationis
2373 1890 2684 1960 profundo,
2719 1889 2931 1944 erroris
2989 1889 3241 1960 caligine
3287 1902 3600 1960 oppressos

1954 1977 2024 2031 ad
2056 1977 2316 2033 veritatis
2345 1977 2535 2034 lucem
2568 1979 2942 2050 provehebat.
2976 1977 3120 2032 Nam
3154 1978 3306 2048 quod
3363 1977 3438 2031 iis
3470 1974 3600 2047 qui-

1954 2065 2062 2121 bus
2093 2083 2194 2138 per
2221 2067 2413 2122 varias
2447 2067 2713 2138 regiones
2745 2071 2918 2138 atque
2947 2066 3174 2121 insulas
3203 2065 3595 2121 Ecclesiarum

1952 2156 2296 2228 praefectura
2323 2156 2702 2227 ofﬁciumque
2724 2156 3125 2211 concreditum
3146 2159 3292 2220 erat,
3315 2159 3598 2224 tanquam

1951 2245 2155 2300 doctor
2181 2250 2240 2301 et
2268 2245 2420 2301 alius
2452 2246 2693 2317 quidam
2727 2261 2998 2301 summus
3047 2243 3370 2316 apostolus,
3413 2259 3604 2298 exem-

1951 2333 2137 2406 plaria
2165 2335 2460 2400 doctrinm,
2502 2339 2560 2390 et
2608 2335 2831 2390 monita
2882 2333 3180 2389 recondita
3231 2335 3601 2404 proponeret,

1951 2428 2150 2494 aperte
2182 2422 2483 2478 declarant
2511 2423 2614 2478 illa
2670 2421 2869 2478 divina
2900 2427 2957 2477 et
3012 2422 3258 2494 mystica
3316 2423 3605 2492 praecepta

1951 2528 2078 2582 qua:
2112 2512 2182 2566 ab
2214 2511 2342 2582 ipso
2373 2511 2590 2566 tradita
2612 2511 2889 2583 leguntur
2911 2509 3301 2566 sanctissimis
3320 2508 3603 2580 Ephesio-

1952 2617 2103 2668 rum,
2136 2601 2580 2672 Smyrnensium
2614 2605 2786 2671 atque
2816 2601 3186 2656 Cretensium
3217 2597 3570 2670 praesulibus
3591 2639 3604 2665 ,

1951 2689 2277 2754 Timotheo,
2311 2689 2624 2761 Polycarpo
2680 2694 2738 2745 et
2790 2690 2938 2757 Tito,
3002 2705 3148 2761 quos
3207 2689 3336 2759 ipsa
3406 2704 3608 2743 sacro-

1951 2782 2164 2834 sancta:
2196 2777 2461 2833 Ecclesia:
2493 2779 2900 2849 fundamenta,
2932 2778 3227 2850 apostolos
3271 2776 3502 2849 loquor,
3543 2779 3600 2831 in

1952 2868 2259 2938 episcopos
2291 2867 2689 2938 designarant.
2725 2869 2887 2932 Quod
2943 2885 3078 2923 vero
3125 2883 3365 2922 cursum
3424 2867 3605 2921 etiam

1951 2955 2336 3026 apostolicum
2371 2956 2693 3027 perfecerit,
2724 2961 2783 3011 et
2813 2955 3180 3012 admirandis
3210 2955 3387 3010 editis
3432 2956 3607 3009 mira-

1952 3045 2102 3100 culis
2131 3045 2413 3100 divinitus
2442 3045 2734 3117 gloriosus
2767 3045 3123 3116 apparuerit,
3145 3044 3333 3100 multa
3362 3044 3604 3114 quidem

1963 3133 2164 3204 etZalia
2193 3134 2365 3188 {idem
2398 3135 2628 3200 facient,
2663 3135 2880 3206 quibus
2911 3150 3166 3206 sequens
3199 3133 3406 3201 oratio,
3441 3132 3611 3204 quasi

211 3218 466 3290 τυρικοὺς,
525 3219 624 3281 οὓς
675 3220 1116 3295 καρτερικώτατα
1162 3217 1434 3290 διήνυκεν,
1480 3219 1679 3284 ἄθλους
1729 3221 1838 3274 em

2075 3239 2423 3293 .ranscursu,
2457 3222 2887 3279 manifestando
2919 3226 3218 3295 percurret
3256 3221 3457 3294 gravia
3488 3237 3613 3277 cer-

216 3307 435 3380 γορεῦων
467 3307 866 3379 διεξελεύσεται
900 3328 913 3342 ο
969 3307 1206 3382 μάλιστα
1251 3307 1308 3364 δὲ
1356 3313 1390 3379 ἡ
1444 3309 1728 3386 μετάρσιον
1755 3311 1848 3364 αὐ-

220 3396 299 3451 τὸν
339 3401 434 3464 τῆς
488 3399 750 3474 ἑσπερίου
830 3397 1038 3469 λήξεως
1114 3399 1476 3476 ἀφαρπάσασαι
1521 3400 1719 3477 νεφέλη
1766 3400 1856 3454 καὶ

222 3487 604 3564 μετεωρίσασα,
658 3488 748 3542 καὶ
799 3486 1129 3563 ἀεροπόρον,
1181 3489 1256 3550 ὡς
1306 3489 1395 3542 καὶ
1440 3487 1564 3551 τοὺς
1623 3490 1856 3563 ἀκροτά-

226 3593 339 3638 τους
367 3576 602 3639 θεόπτας
634 3577 721 3631 καὶ
770 3575 1060 3649 θεολόγους
1088 3576 1451 3646 ἀποστόλους,
1486 3575 1654 3632 ἄλλον
1690 3575 1859 3633 ἄλλο·

227 3661 302 3717 θεν
331 3669 434 3720 τῶν
459 3673 568 3736 τῆς
626 3671 729 3739 γῆς
778 3665 1024 3740 περάτων
1083 3664 1398 3737 ἰξαπιναίως
1455 3666 1542 3720 ἐπὶ
1598 3667 1695 3734 τὴν
1727 3687 1860 3720 παν-

227 3747 507 3826 σεϐάσμιον
597 3752 960 3828 Ἱεροτσαλήμ
1040 3755 1393 3832 ἀπαγαγοῦσα
1473 3756 1572 3823 τήν
1648 3757 1864 3810 πάντων

225 3845 558 3916 Χριστιανῶν
594 3844 990 3917 κοινομήτορα,
1035 3845 1130 3898 κάν
1171 3848 1240 3918 τῇ
1290 3849 1396 3899 τῶν
1449 3846 1605 3899 Οείων
1659 3865 1863 3917 μυστη-

226 3928 346 4001 ρίων
384 3928 692 4007 ἀκροπόλει
733 3931 877 3986 Σιὼν
923 3935 992 4005 τῇ
1047 3932 1212 4008 μητρὶ
1259 3939 1366 3987 τῶν
1420 3931 1722 4004 ἐκκλησιῶν
1751 3938 1866 3994 τοῖς

225 4018 448 4087 Χριστοῦ
502 4024 797 4096 φοιτηταῖς
855 4019 1150 4094 συνάψασα,
1209 4019 1298 4076 ὅτε
1342 4023 1403 4076 τὸ
1445 4029 1546 4091 τῆς
1589 4024 1867 4097 πανάγνου

228 4111 574 4184 Θεομήτορος
619 4105 903 4176 ἐκηδεύετο
954 4107 1227 4181 λείψανον,
1260 4113 1326 4183 τῇ
1377 4108 1472 4164 τοῦ
1505 4110 1668 4179 αὐτῆς
1701 4109 1869 4186 ἀφρά-

231 4214 359 4257 στως
390 4197 813 4274 σεσαρκωμὲνου
859 4218 918 4251 τε
965 4197 1056 4252 καὶ
1103 4201 1492 4274 γεγεννημένου
1525 4204 1656 4253 Θεοῦ
1698 4199 1873 4274 Λόγου

227 4288 617 4363 καταφοιτήσει
673 4286 763 4340 καὶ
848 4285 1209 4362 περιπολήσει
1293 4289 1710 4364 γεραιρόμενον,
1785 4289 1871 4341 καὶ

226 4379 340 4436 ταῖς
391 4369 838 4449 οὖρανοὸάμοσιν
918 4375 1237 4451 ἀγγελικαῖς
1313 4378 1488 4447 τάξεσι
1549 4375 1879 4454 δορυφορού-

234 4483 410 4536 μενον,
443 4465 553 4520 κάκ
582 4471 682 4533 τῆς
729 4464 871 4517 Σιὼν
906 4463 992 4518 ἐπὶ
1041 4471 1359 4537 Γεθσημανῆ
1408 4467 1470 4519 τὸ
1510 4465 1880 4541 οὖρανομίμη-

1964 3311 2182 3368 lamina
2213 3328 2342 3383 quae
2374 3311 2469 3366 ille
2488 3312 2808 3367 fortissime
2832 3312 3152 3368 dimicavit.
3177 3312 3285 3367 Sed
3322 3311 3381 3365 in
3405 3310 3615 3381 primis

1965 3402 2153 3456 nubes
2183 3400 2284 3455 illa
2314 3418 2440 3472 quae
2473 3401 2545 3456 ab
2577 3402 2899 3457 occidentis
2939 3402 3209 3473 partibus
3267 3401 3613 3471 subreptum

1967 3489 2283 3545 sublimem
2308 3489 2460 3544 88‘!
2484 3490 2678 3559 ipsum
2711 3489 2979 3555 abstulit,
3011 3505 3232 3560 perque
3267 3504 3458 3544 aerem
3490 3505 3616 3543 am-

1969 3577 2271 3634 bulantem
2305 3581 2362 3632 et
2390 3577 2608 3633 elatum
2634 3579 2895 3644 abduxit,
2921 3576 3007 3631 uti
3033 3577 3209 3632 etiam
3234 3594 3495 3632 sommos
3517 3577 3616 3632 Dei

1970 3667 2328 3738 inspectores
2353 3670 2410 3720 et
2440 3665 2744 3737 theologos
2774 3665 3092 3737 apostolos,
3144 3664 3327 3720 alium
3384 3664 3620 3719 aliunde

1972 3760 2207 3826 repente
2237 3771 2269 3809 e
2293 3754 2507 3809 finibus
2529 3759 2692 3809 terra:
2721 3754 2781 3809 in
2803 3754 3244 3809 celeberrimam
3266 3758 3323 3808 et
3356 3768 3619 3808 commu-

1977 3860 2110 3898 nem
2141 3843 2402 3898 omnium
2434 3843 2896 3899 Christianorum
2948 3847 3194 3898 matrem
3255 3840 3618 3897 Hierusalem

1978 3933 2315 4005 asportavit,
2345 3937 2400 3988 et
2429 3933 2488 3988 in
2531 3933 2760 3989 excelsa
2815 3933 3144 3988 divinorum
3205 3931 3621 4004 mysteriorum

1980 4038 2110 4076 arce
2139 4021 2276 4076 Sion
2308 4021 2700 4078 Ecclesiarum
2730 4028 2914 4077 matre
2946 4021 3170 4076 caeteris
3197 4020 3416 4077 Christi
3441 4019 3622 4075 disci-

1981 4109 2138 4182 pulis
2166 4109 2480 4182 copulavit,
2531 4128 2663 4166 cum
2695 4111 2812 4176 EDei
2870 4109 3074 4165 Matris
3130 4109 3624 4166 innocentissimaz

1982 4198 2207 4270 corpori
2230 4200 2394 4270 justa
2427 4199 2917 4271 persolverentur,
2950 4199 3104 4270 quod
3138 4200 3210 4254 ob
3241 4199 3464 4254 editum
3501 4198 3627 4253 Filii

1986 4288 2086 4342 Dei
2117 4292 2372 4358 partum,
2405 4288 2506 4360 qui
2538 4305 2605 4343 ex
2634 4288 2764 4359 ipsa
2797 4292 2968 4342 natus
3001 4291 3091 4342 est
3121 4291 3177 4342 et
3208 4290 3402 4342 ortum
3434 4286 3628 4340 carnis

1987 4376 2359 4432 inetfabiliter
2388 4378 2629 4448 accepit,
2663 4393 2795 4432 cum
2829 4393 3009 4447 eaque
3064 4376 3437 4430 familiariter
3465 4374 3628 4441 vixit,

1992 4465 2179 4537 magis
2219 4465 2540 4520 honoribus
2573 4470 2808 4520 auctum
2838 4482 2870 4518 a
2924 4463 3259 4519 cmlestibus
3292 4463 3630 4533 angelorum

229 4570 315 4604 τον
344 4551 511 4623 αὐτῆς
564 4555 795 4626 τέμενος
851 4558 970 4614 ταῖς
1017 4556 1274 4630 παναγέσι
1317 4555 1405 4608 καὶ
1455 4555 1620 4618 θείαις
1645 4555 1838 4609 ἀποστς

2075 4554 2296 4608 linibus
2323 4553 2579 4624 plurima
2604 4571 2736 4609 cum
2760 4551 3204 4624 pompaelatum
3227 4558 3333 4608 est.
3355 4552 3423 4604 Et
3446 4551 3633 4621 ipsius

230 4635 404 4702 λικαῖς
434 4642 634 4716 κάραις
678 4663 737 4696 τε
782 4642 872 4696 καὶ
919 4641 1144 4704 ὠλὲναις
1189 4639 1601 4720 μεταιρόμενον,
1645 4645 1735 4698 καὶ
1763 4648 1880 4704 ταῖς

233 4732 761 4802 πνευματοκινήτοις
813 4728 1141 4807 πυροειδέσι,
1226 4733 1314 4787 καὶ
1395 4730 1882 4806 θεολογικωτάταις

234 4812 509 4890 γλώτταις
557 4816 896 4893 ὑμνούμενόν
945 4841 1004 4875 τι
1058 4821 1148 4874 καὶ
1203 4818 1665 4895 δοξολογούμενον
1700 4840 1711 4851 ·
1765 4823 1880 4874 ὅθεν

237 4901 557 4984 ὁλόκληρος
602 4907 738 4981 μετά
780 4909 878 4978 τὴν
926 4908 978 4963 ἐν
1033 4910 1276 4982 μνήματι
1323 4909 1598 4964 κατάθεσιν
1657 4910 1731 4971 εἰς
1783 4911 1882 4977 τὴν

237 4991 630 5074 ὖπερουράνιον
689 4994 968 5076 ἀνελήφθη
1024 4996 1180 5070 λῆξιν
1230 4999 1263 5069 ἠ
1315 5001 1530 5054 πάντων
1573 5003 1682 5053 τῶν
1731 4997 1887 5071 οὐρα-

233 5080 358 5138 νίων
422 5083 693 5162 ὑπερτὲρα
766 5082 1069 5160 δυνάμεων,
1156 5087 1246 5142 καὶ
1322 5093 1501 5157 πᾶσης
1552 5085 1887 5155 δεσπόζουσα

235 5171 483 5240 κτίσεως.

309 5477 541 5534 Καύτοῦ
571 5478 665 5534 τοῦ
714 5477 1072 5559 θεοφάντορος
1118 5477 1404 5535 ἀκουστέον
1436 5477 1839 5554 διαγορεύοντος
1879 5494 1890 5508 ·

236 5561 428 5641 ἕτερος
458 5569 571 5643 γὰρ
626 5569 726 5624 οὐκ
780 5567 842 5624 ἂν
902 5568 985 5640 εἴη
1051 5571 1253 5643 μάρτυς
1303 5567 1740 5642 ἀξιοπιστότερος
1773 5568 1896 5639 περὶ

241 5660 346 5723 τῆς
405 5655 864 5735 ἀγγελοπρεποῦς
915 5664 1017 5730 τῆς
1076 5656 1366 5736 ίσαγγελου
1421 5657 1641 5733 χορείας
1691 5655 1896 5726 ἐκείνης

1992 4643 2302 4699 delubrum
2337 4643 2670 4698 mirandum
2702 4643 2762 4696 in
2807 4641 3046 4696 modum
3078 4642 3441 4696 exstructum
3501 4655 3632 4693 san-

1993 4732 2276 4788 ctissimis
2305 4731 2637 4804 divinisque
2667 4730 3066 4802 apostolorum
3099 4727 3392 4799 capitibus
3431 4731 3489 4783 et
3511 4744 3633 4782 ma-

1994 4821 2168 4875 nibus
2199 4835 2268 4875 ex
2289 4820 2425 4875 Sion
2445 4818 2895 4875 inGethsemani
2913 4815 3287 4886 translatum,
3312 4814 3528 4888 linguis
3554 4814 3638 4869 di-

1994 4909 2126 4964 vino
2155 4907 2375 4980 Spiritu
2408 4907 2666 4979 percitis,
2690 4906 2881 4979 igneis
2927 4922 2993 4961 ac
3026 4903 3404 4960 divinissimis
3432 4903 3634 4959 lauda-

1994 5001 2120 5052 tum
2152 4999 2208 5051 et
2239 4994 2424 5068 gloria
2447 4995 2810 5052 cumulatum
2843 4997 2952 5050 est.
2986 4992 3132 5048 Hinc
3161 4991 3337 5063 Virgo
3379 4992 3637 5064 integer-

1997 5085 2164 5155 rima,
2200 5101 2325 5156 qua:
2356 5084 2634 5141 omnibus
2663 5081 2999 5138 cmlestibus
3037 5079 3429 5152 potestatibus
3459 5078 3640 5136 subli-

2000 5176 2147 5229 mior
2175 5179 2285 5240 est,
2315 5177 2377 5228 et
2401 5172 2560 5229 omni
2592 5170 2872 5228 creationi
2920 5168 3281 5239 dominatur,
3336 5173 3468 5240 post
3495 5167 3643 5225 cele-

2001 5266 2227 5318 bratam
2259 5263 2389 5334 ejus
2422 5261 2767 5318 memoriam
2799 5259 2872 5315 ad
2903 5257 3310 5315 sublimiorem
3370 5256 3499 5314 coeli
3557 5273 3646 5312 re-

2002 5351 2204 5422 quiem
2227 5356 2316 5408 est
2345 5355 2674 5422 assumpta.

2075 5478 2145 5529 At
2175 5475 2352 5528 divini
2386 5475 2573 5546 ipsius
2604 5472 2885 5545 praeconis
2928 5472 3102 5528 verba
3150 5470 3443 5526 audienda
3471 5473 3649 5536 sunt;

2007 5579 2195 5635 neque
2226 5563 2381 5618 enim
2415 5564 2485 5618 de
2517 5561 2778 5634 angelico
2813 5578 2877 5617 ac
2904 5560 3321 5616 decentissime
3343 5560 3566 5617 choreae
3589 5558 3654 5613 il-

2005 5655 2121 5709 lius
2155 5670 2258 5726 per
2286 5669 2480 5710 aerem
2507 5652 2797 5735 evolantis
2829 5652 3081 5708 adventu
3130 5651 3300 5707 testis
3358 5651 3511 5707 alius
3540 5648 3654 5705 ﬁde
