3930 6202
367 351 473 406 655

1620 341 1677 392 s.
1719 337 2031 392 DIONYSII
2068 335 2550 390 AREOPAGITE
2963 325 2966 328 ’
3630 350 3713 405 656

369 473 597 543 dignior
626 468 875 525 inveniri
908 473 1122 540 posset.
1157 465 1223 520 Et
1241 478 1381 520 sane
1411 461 1521 518 hoc
1551 460 1748 532 ipsum
1794 475 1921 531 qum

2157 452 2546 532 νεφελοδρόμου
2595 454 2974 520 συνελεύσεως.
3044 462 3237 516 Καίτοι
3281 463 3366 518 καὶ
3413 469 3558 521 τοῦτο
3606 471 3709 540 ἡμῖν

371 576 660 634 perquam
694 560 965 615 accurate
991 573 1024 611 a
1056 554 1226 610 nobis
1254 553 1630 608 observatum
1664 551 1772 615 est,
1807 555 1868 602 ut
1899 563 2025 619 quae

371 653 689 723 praeceptor
719 646 847 719 ipse
878 644 1116 700 divinus
1167 641 1479 698 manifesta
1525 636 2027 694 demonstratione

370 738 637 805 tradidit,
671 753 778 792 nos
809 753 927 791 non
959 734 1342 805 attingamus,
1369 747 1438 785 ne
1468 727 1726 800 idipsum
1749 729 2025 781 tractare-

371 845 527 893 mus,
560 827 797 897 eloquia
829 840 957 895 qua:
988 825 1059 878 ab
1092 823 1217 893 ipso
1251 818 1546 892 proposita
1571 819 1728 883 sunt,
1763 818 2022 885 repeten-

367 922 477 974 tes.
510 916 813 987 Siquidem
847 912 1001 984 apud
1036 910 1315 982 praesides
1337 911 1569 963 nostros
1593 904 1835 961 numine
1857 903 2025 959 allia-

370 1010 480 1073 tos,
505 1010 564 1060 et
597 1020 702 1059 nos
754 1003 845 1074 (ut
898 1001 1026 1071 ipse
1059 998 1233 1069 nosti)
1267 1003 1324 1053 et
1362 995 1627 1068 plerique
1685 1009 1754 1048 ex
1802 991 2024 1048 sanctis

369 1093 652 1150 fratribus
687 1091 906 1147 nostris
937 1090 1008 1144 ad
1039 1087 1344 1142 visendum
1400 1100 1613 1156 corpus
1669 1081 1836 1151 illud,
1869 1081 2023 1152 quod

369 1183 498 1238 vitae
529 1180 701 1236 nobis
732 1177 1089 1250 principium
1121 1175 1324 1230 attulit
1379 1173 1686 1242 Deumque
1741 1168 2024 1240 suscepit,

369 1269 770 1328 convenimus.
800 1267 1057 1322 Aderant
1084 1269 1364 1336 praeterea
1392 1261 1669 1328 Jacobus,
1705 1260 1884 1314 frater
1913 1256 2024 1312 Do-

370 1359 540 1425 mini,
572 1362 629 1414 et
685 1357 888 1412 Petrus
948 1355 1208 1426 (summa
1265 1357 1322 1406 et
1386 1350 1641 1406 maxime
1694 1347 2027 1404 veneranda

366 1448 781 1520 theologorum
855 1443 1197 1515 majestas).
1255 1440 1473 1497 Deinde
1529 1437 1719 1494 visum
1776 1440 1904 1502 est,
1963 1438 2027 1489 ut

374 1553 580 1593 omnes
611 1533 761 1592 sacri
795 1531 1073 1604 praesules
1104 1533 1237 1602 post
1266 1529 1551 1585 visionem
1584 1526 1770 1592 illam,
1802 1539 2026 1597 praepo-

377 1630 598 1682 tentem
631 1622 840 1678 divina:
872 1619 1288 1676 imbecillitatis
1319 1616 1742 1687 benignitatem
1765 1630 1868 1684 pro
1891 1610 2025 1667 viri-

376 1717 490 1770 bus
522 1712 773 1784 quisque
804 1709 930 1766 suis
962 1707 1303 1764 celebraret.
1338 1705 1513 1760 Porro
1550 1707 1679 1776 post
1733 1699 2022 1772 thologos,

377 1821 584 1861 omnes
614 1803 702 1873 (ut
725 1800 902 1870 nosti)
936 1813 1135 1854 sacros
1193 1798 1460 1852 doctores
1519 1791 1817 1863 superavit
1864 1793 2024 1844 totus
2053 1835 2100 1900 Β

373 1892 763 1950 admiratione
795 1889 1002 1961 plenus
1035 1892 1090 1944 et
1119 1903 1236 1957 prae
1261 1889 1499 1955 stupore
1528 1885 1691 1937 extra
1749 1895 1813 1934 se
1865 1877 2021 1950 posi-

373 1990 493 2051 tus,
527 1997 729 2037 eorum
763 1995 889 2050 qua:
934 1975 1232 2045 laudabat,
1293 1970 1710 2029 communione
1757 1967 2021 2024 affectus.

373 2072 596 2127 Idcirco
628 2070 700 2125 ob
733 2085 800 2123 ea
829 2067 1050 2135 omnia,
1082 2081 1206 2134 quae
1265 2061 1468 2118 audita
1519 2063 1679 2128 sunt,
1737 2062 1794 2112 et
1839 2054 2025 2112 oculis

377 2162 702 2232 perspecta,
736 2156 857 2212 sive
887 2153 1202 2222 intellecta,
1235 2167 1336 2208 seu
1393 2166 1507 2206 non
1539 2147 1855 2212 intellecta,
1913 2161 2025 2200 nu-

380 2249 537 2305 mine
553 2247 789 2302 afflatus
816 2260 965 2310 esse,
989 2249 1046 2298 et
1067 2241 1300 2297 divinus
1322 2237 1602 2294 laudandi
1628 2235 1908 2308 magister
1936 2235 2027 2289 est

368 2337 695 2410 judicatus.
729 2333 876 2396 Quid
908 2332 957 2387 si
990 2348 1058 2387 ea
1085 2329 1189 2385 tibi
1222 2346 1348 2401 quae
1382 2327 1497 2382 illic
1547 2323 1746 2381 divina
1800 2323 2024 2379 ratione

373 2430 621 2484 tractata
653 2429 811 2493 sunt,
843 2419 1128 2492 eloquar?
1154 2419 1381 2475 Etenim
1441 2416 1556 2472 nisi
1616 2413 1731 2470 mei
1792 2412 2024 2484 penitus

373 2516 484 2572 sim
517 2514 758 2583 oblitus,
789 2512 910 2568 scio
957 2526 1051 2566 me
1105 2517 1297 2581 partes
1347 2507 1634 2577 quasdam
1694 2503 2024 2558 divinarum

375 2607 528 2663 388
560 2603 795 2658 illarum
828 2597 1237 2655 laudationum
1269 2597 1373 2651 abs
1399 2600 1456 2650 te
1485 2593 1700 2666 saepius
1741 2590 2022 2647 audiisse.

375 2693 767 2760 Quamobrem
802 2688 1026 2757 nullus,
1046 2684 1438 2752 dilectissimi,
1458 2681 1702 2738 orationi
1723 2680 1896 2734 ﬁdem
1921 2677 2023 2732 ha-

372 2785 514 2840 bere
543 2783 843 2846 detrectet,
876 2793 1011 2832 cum
1035 2792 1134 2831 eos
1165 2774 1264 2846 qui
1284 2773 1436 2827 circa
1467 2770 1798 2827 Cornelium
1841 2768 2020 2836 fuere,

375 2872 574 2928 animo
619 2865 1012 2940 reputaverit;
1047 2880 1182 2919 nam
1231 2867 1288 2918 et
1317 2861 1401 2915 illi
1459 2876 1572 2915 non
1606 2858 1775 2912 aliter
1824 2873 1890 2911 ac
1923 2855 2024 2925 qui

384 2975 518 3014 cum
538 2959 730 3023 Petro,
758 2956 984 3012 Joanne
1012 2957 1071 3007 et
1089 2951 1308 3007 Jacobo
1338 2951 1593 3016 fuerunt,
1626 2945 1814 3017 gratia
1833 2942 2022 3000 sancti

372 3047 627 3119 Spiritus
655 3045 764 3101 sub
821 3045 998 3098 forma
1051 3039 1204 3111 ignis
1262 3036 1508 3108 impleti,
1569 3034 1786 3106 linguis
1842 3031 2022 3088 locuti

373 3141 536 3205 sunt,
569 3139 627 3191 et
657 3131 1018 3189 edendorum
1037 3126 1457 3183 miraculorum
1481 3127 1828 3196 potestatem
1859 3137 2019 3177 acce-

2135 543 2517 618 ἐπι-τετήρηται
2578 543 2702 600 λίαν
2758 545 3036 620 ἐμμελῶς,
3114 549 3250 605 ὥστε
3313 558 3424 615 τοῖς
3475 555 3604 626 αὐτῷ
3655 563 3714 626 τῷ

2135 635 2267 706 θείῳ
2322 634 2658 708 καθηγεμόνι
2707 637 2845 690 κατὰ
2890 635 3138 715 ἔκφανσιν
3191 646 3329 714 σαφῆ
3379 611 3714 718 διηυκρινημέί

2133 743 2250 784 νοις
2285 720 2414 796 μηδ’
2445 721 2592 785 δλως
2637 723 3084 800 ἐγκεχείρηκέναι
3144 729 3278 782 ποτε
3326 731 3457 804 πρὸς
3500 732 3716 788 ταυτολο.

2134 811 2277 898 γίαν,
2338 812 2412 874 εἰς
2457 815 2558 883 τὴν
2617 815 2786 884 αὐτὴν
2837 819 2935 869 τοῦ
2992 817 3343 890 προτεθέντος
3399 820 3539 893 αύτῷ
3565 820 3717 898 λογίου

2135 897 2453 978 διασάφηςιν
2482 921 2493 933 ·
2551 900 2669 956 ἐπεὶ
2716 902 2807 957 καὶ
2857 905 2986 979 παρ’
3033 905 3222 968 αὐτοῖς
3277 913 3390 969 τοῖς
3444 897 3719 981 θεολήπτοις

2133 991 2293 1061 ἡμῶν
2329 989 2612 1066 ίεράρχαις
2642 992 2828 1061 (ἡνίκα
2870 994 2961 1047 καὶ
3009 996 3197 1067 ἡμεῖς,
3248 997 3322 1058 ὡς
3365 996 3508 1052 οἶσθα
3548 1000 3720 1056 ualui;-

2131 1079 2243 1145 τὸς,
2289 1080 2378 1133 καὶ
2435 1078 2644 1136 πολλοὶ
2672 1085 2781 1135 τῶν
2833 1083 2992 1158 ἰερῶν
3040 1085 3201 1155 ἡμῶν
3242 1081 3485 1147 ἀδελφῶν
3532 1087 3608 1142 ἐπὶ
3645 1093 3720 1158 τὴν

2134 1173 2254 1231 θέαν
2289 1172 2386 1222 τοῦ
2436 1174 2753 1244 ζωαρχικοῦ
2803 1167 2889 1225 δαὶ
2944 1169 3212 1248 θεοδόχου
3257 1153 3503 1247 σώματος
3545 1153 3724 1248 συνεληο

2135 1254 2374 1328 λύθαμεν
2407 1274 2419 1287 ·
2455 1264 2633 1333 παρῆν
2669 1256 2728 1312 δὲ
2784 1259 2872 1314 καὶ
2927 1260 2955 1314 ὁ
3012 1257 3344 1335 ἀδελφόθεος
3402 1261 3632 1328 Ἰάκωϐος
3656 1267 3723 1320 καὶ

2134 1344 2354 1420 Πέτρος,
2394 1348 2428 1415 ἡ
2485 1347 2753 1424 κορυφαία
2809 1348 2898 1402 καὶ
2949 1344 3290 1422 πρεσϐυτάτη
3347 1357 3450 1406 τῶν
3504 1352 3726 1428 θεολόγων

2135 1433 2368 1507 ἀκρότης
2401 1453 2413 1466 °
2451 1435 2563 1488 εἶτα
2615 1433 2790 1490 ἐδόκει
2843 1439 2978 1510 μετά
3025 1439 3122 1507 τὴν
3185 1440 3332 1510 θέαν,
3387 1442 3601 1514 ὑμνῆσαι
3625 1444 3724 1505 τοὺς

2133 1521 2390 1597 ίεράρχας
2426 1524 2690 1593 ἅπαντας,
2727 1526 2800 1586 ὡς
2855 1523 3079 1592 ἕκαστος
3124 1528 3190 1597 ἦν
3241 1525 3444 1598 ἴκανὸς,
3488 1531 3577 1599 τήν
3605 1532 3724 1586 ἀπει-

2135 1608 2443 1686 ροδύναμον
2477 1614 2785 1688 ἀγαθὸτητα
2817 1623 2916 1685 τῆς
2968 1625 3270 1693 θεαρχικῆς
3303 1620 3595 1693 ἀσθενείας),
3621 1624 3724 1676 πάν-

2131 1722 2240 1756 των
2298 1699 2507 1776 ἐκράτει
2568 1703 2702 1775 μετά
2757 1703 2887 1766 τοὺς
2938 1707 3254 1781 θεολόγους,
3315 1709 3391 1770 ὡς
3444 1711 3600 1778 οἶσθα,
3642 1715 3724 1764 τῶν

2135 1787 2319 1845 ἄλλων
2367 1790 2728 1866 ἱερομυστῶν,
2776 1790 2906 1853 ὅλος
2956 1791 3234 1867 ἐκδημῶν,
3277 1794 3409 1858 ὅλος
3440 1796 3726 1869 ἐξιστάμένος

2131 1879 2342 1949 ἑαυτοῦ,
2375 1880 2464 1934 καὶ
2515 1882 2615 1950 τήν
2674 1882 2811 1955 πρὸς
2859 1885 2925 1936 τά
2977 1884 3294 1958 ὑμνούμενα
3341 1889 3608 1941 κοινωνίαν
3648 1889 3728 1940 πά·

2131 1988 2306 2043 σχων,
2337 1969 2589 2045 καὶπρὸς
2639 1971 2853 2025 πάντων
2903 1973 2977 2025 ὧν
3014 1972 3271 2046 ἠκούετο,
3321 1975 3409 2030 καὶ
3447 1975 3630 2051 ἑωρᾶτο
3656 1974 3726 2030 καί

2132 2056 2474 2132 ἐγινώσκετο,
2505 2059 2596 2112 καὶ
2642 2055 2740 2113 οὔκ
2784 2058 3130 2134 ἐγινώσκετο,
3179 2063 3483 2134 θεόληπτος
3524 2063 3726 2119 εἶναικαὶ

2133 2150 2275 2209 θεῖος
2309 2145 2620 2222 ὑμνολόγος
2655 2147 3000 2222 κρινόμενος.
3058 2151 3159 2206 Καὶ
3205 2150 3262 2206 τί
3316 2153 3376 2207 ἄν
3405 2173 3488 2208 σοι
3515 2154 3727 2226 περὶτῶν

2133 2233 2244 2288 ἐκεῖ
2299 2234 2744 2309 θεολογηθέντων
2803 2235 3075 2311 λέγοιμι;
3138 2240 3235 2294 Καὶ
3297 2240 3398 2316 γὰρ
3455 2243 3498 2296 εἱ
3547 2243 3612 2314 μή
3659 2239 3728 2294 καί

2133 2320 2369 2396 ἐμαυτοῦ
2427 2323 2819 2398 ἐπιλέλησμαι,
2877 2325 3152 2390 πολλάκις
3196 2326 3322 2384 οἴδα
3369 2329 3510 2404 παρὰ
3546 2333 3629 2384 σοῦ
3660 2327 3728 2383 καί

2138 2411 2272 2487 μέρη
2360 2413 2480 2466 τινά
2559 2414 2667 2467 τῶν
2751 2414 3104 2470 ἐνθεαστικῶν
3186 2415 3410 2472 ἐκείνων
3485 2415 3728 2491 ὑμνῳδιῶν

2133 2499 2450 2562 ἐπακούσας.
2514 2499 2726 2570 Μηδεὶς
2777 2503 2892 2572 οὖν,
2950 2502 3251 2578 ἀγαπητοὶ,
3309 2510 3390 2577 τῷ
3445 2506 3580 2580 λόγῳ
3635 2503 3729 2560 διαο

2131 2586 2409 2659 πιστείτω,
2460 2588 2586 2650 τοὺς
2632 2589 2772 2667 ἀμφὶ
2820 2590 3128 2665 Κορνήλιον
3179 2593 3643 2668 ἀναλογισάμενος,
3665 2594 3727 2648 ὅτι

2131 2677 2369 2730 κάκεῖνοι
2399 2682 2516 2739 τοῖς
2547 2677 2687 2754 ἀμφὶ
2740 2680 2963 2753 Πέτρον,
3011 2680 3101 2734 καὶ
3149 2682 3433 2754 Ἰωάννην,
3468 2684 3551 2738 καὶ
3575 2684 3727 2742 Ἰάκω-

2132 2761 2225 2818 ϐον
2260 2765 2469 2838 ὁμοίως
2515 2765 2865 2837 ἐπλήσθησαν
2914 2775 3014 2837 τῆς
3059 2771 3418 2846 πυριμὸρφου
3461 2777 3551 2827 τοῦ
3592 2793 3724 2826 «me

2129 2853 2249 2928 γίου
2306 2854 2618 2927 ΙΙνεύματος
2676 2854 2928 2931 χάριτος,
2991 2858 3080 2912 καὶ
3141 2857 3421 2934 γλώσσαις
3476 2859 3724 2931 ἐλάλησαν,

2129 2942 2218 2996 καὶ
2263 2951 2687 3018 τερατουργικῆς
2739 2944 2932 3020 ἰσχύος
2975 2948 3403 3024 μετειλήχεισαν
3437 2969 3451 2983 ⁸
3501 2955 3604 3011 πῶς
3644 2951 3724 3022 γὰρ

2130 3031 2180 3085 οἱ
2211 3032 2384 3100 πάντη
2437 3030 2839 3106 διεσπαρμένοι,
2891 3035 2980 3088 καὶ
3041 3034 3214 3099 ἄλλος
3267 3037 3542 3114 ἀλλαχόσε
3565 3058 3726 3114 παροι-

2127 3119 2244 3174 κίαν
2279 3119 2498 3193 ἰθύνειν,
2531 3121 2621 3176 καὶ
2669 3121 2987 3193 ἀποστολὴν
3030 3123 3268 3180 ἐκτελεῖν
3313 3125 3728 3204 προκεχειρισμέ-

367 3231 600 3298 perunt.
634 3219 936 3287 Quomodo
967 3215 1124 3273 enim
1166 3215 1264 3286 qui
1314 3228 1789 3285 quoquoversum
1847 3227 1919 3266 er:

2176 3230 2228 3278 ιι,
2291 3207 2461 3298 οὕτως
2522 3209 2716 3298 ἀθρόον
2765 3211 2818 3266 ἐν
2857 3213 3124 3288 ἀκαριαίῳ
3167 3194 3365 3292 καιρῷ.
3395 3194 3728 3287 συνεληλύθει-

369 3312 642 3386 dispersi,
677 3313 853 3380 atque
883 3305 1036 3362 alius
1094 3304 1206 3360 alio
1265 3301 1586 3373 hospitium
1643 3299 1913 3370 dirigere,
1963 3301 2020 3353 et

371 3418 591 3458 munus
613 3395 1004 3470 apostolicum
1035 3391 1274 3464 exsequi
1299 3390 1641 3447 mandatum
1672 3386 2019 3452 habuerant,

369 3494 452 3548 sic
484 3487 832 3546 brevissimo
879 3488 1141 3554 tempore
1189 3479 1368 3536 simul
1425 3477 1854 3545 convenissent,
1904 3473 2019 3530 nisi

370 3579 638 3638 vehiculo
665 3575 862 3632 divino
894 3572 1036 3628 nubi
1070 3569 1250 3627 simili
1274 3569 1524 3640 quisque
1546 3567 1758 3636 dignus
1780 3565 2018 3620 habitus

366 3669 576 3728 esset?
605 3668 674 3723 Et
705 3663 948 3738 quidem
977 3660 1254 3717 omnibus
1275 3658 1372 3728 qui
1412 3658 1470 3712 in
1529 3655 1695 3711 initio
1743 3653 2018 3710 salutaris

367 3754 803 3833 praedicationis
828 3753 888 3807 in
911 3768 1048 3806 vera
1067 3750 1179 3805 fide
1196 3747 1566 3804 ambulantes
1585 3746 1656 3801 ab
1680 3745 1808 3816 ipsa
1824 3742 2020 3799 divina

333 3845 338 3852 “
367 3850 497 3905 luce
525 3840 848 3902 illuminati
879 3843 1038 3908 sunt,
1071 3835 1663 3910 generalinguarum,
1694 3833 2015 3889 sanitatum

371 3939 544 4002 dona,
578 3933 944 3988 diversarum
977 3927 1262 3982 virtutum
1309 3924 1673 3996 operationes
1721 3922 1955 3977 abunde
1983 3937 2017 3976 a

369 4022 591 4094 Spiritu
621 4018 940 4075 caelestium
968 4017 1255 4072 donorum
1278 4013 1571 4084 largitore,
1595 4016 1652 4066 et
1678 4011 1815 4066 boni
1838 4010 2016 4066 totius

369 4113 551 4176 fonte,
584 4107 799 4162 nedum
832 4119 1051 4174 magno
1076 4102 1163 4156 illi
1192 4100 1467 4173 Dionysio
1495 4099 1894 4171 apostolorum
1925 4114 2018 4153 co-

371 4215 490 4255 aevo
522 4199 662 4254 sunt
691 4190 1012 4264 impertita.
1044 4193 1118 4245 At
1138 4206 1304 4246 sacra
1323 4188 1520 4244 invicti
1539 4187 1726 4258 ipsius
1754 4185 2016 4259 martyrii

368 4287 534 4356 tuba,
567 4285 894 4356 opportune
923 4294 1165 4355 sonans,
1209 4277 1409 4332 divina
1458 4276 1648 4348 ipsius
1696 4275 2019 4331 certamina

367 4373 598 4448 ingredi
631 4389 697 4427 ac
720 4367 938 4425 intueri
971 4366 1259 4436 hortatur,
1293 4366 1733 4436 orationemque
1771 4364 1844 4419 ad
1897 4363 2018 4436 glo-

364 4465 523 4521 riosa
542 4461 732 4534 ipsius
763 4457 1022 4514 facinora
1051 4454 1400 4510 celebranda
1429 4453 1765 4508 transferre.

2128 3318 2243 3369 σαν,
2278 3297 2322 3351 εἰ
2376 3299 2451 3371 μὴ
2503 3297 2648 3353 θείου
2697 3298 3006 3378 νεφοειδοῦς
3054 3298 3283 3367 ἕκαστος
3330 3307 3622 3376 ἠξιώθησαν
3653 3303 3728 3380 ἅρ-

2132 3406 2298 3458 ματος
2333 3405 2346 3454 ;
2383 3386 2480 3440 Καὶ
2515 3389 2626 3459 μὴν
2668 3394 2797 3442 πᾶσι
2843 3395 2960 3452 τοῖς
3010 3391 3146 3445 κατὰ
3189 3394 3294 3462 τὴν
3333 3395 3510 3470 ἀρχὴν
3537 3398 3620 3449 τοῦ
3646 3412 3727 3446 am-

2126 3473 2320 3548 τηρίου
2343 3474 2696 3551 κηρύγματος
2739 3481 2809 3552 τῇ
2859 3476 3095 3554 ἀληθινῇ
3153 3489 3530 3560 προσφοιτῶσι
3567 3481 3727 3552 πίστει,

2126 3563 2216 3617 καὶ
2273 3565 2666 3639 φωτιζομένοις
2699 3566 2791 3620 ἀπ’
2840 3566 3002 3621 αὐτοῦ
3048 3573 3144 3622 τοῦ
3195 3570 3345 3626 θείου
3401 3573 3726 3650 φωτίσματος.

2125 3653 2252 3727 γένη
2283 3673 2342 3706 τε
2389 3651 2674 3726 γλωσσῶν,
2724 3653 2812 3708 καὶ
2855 3654 3100 3728 ἰαμάτων
3157 3660 3496 3734 χαρίσματα,
3523 3660 3602 3716 καὶ
3629 3681 3728 3714 ποι-

2125 3739 2294 3796 κίλων
2326 3738 2606 3814 δυνάμεων
2653 3742 2988 3819 ἐνεργήματα
3032 3744 3315 3812 πλονσίως
3366 3751 3502 3826 πρὸς
3538 3753 3623 3805 τοῦ
3645 3751 3726 3801 τῶν

2127 3829 2410 3908 ὑπερφυῶν
2473 3828 2814 3916 δωρημάτων
2865 3840 3191 3909 παρεκτικοῦ
3241 3839 3335 3893 καὶ
3394 3837 3729 3916 ἀγαθαρχικοῦ

2127 3917 2438 3990 ῐΙνεύματος
2470 3915 2754 3989 διεδέδοτο,
2802 3923 2935 3993 μήτι
2985 3942 3049 3996 γε
3103 3929 3220 3986 τοῖς
3270 3928 3410 3981 κατὰ
3464 3929 3550 3982 τὸν
3599 3925 3729 4000 μέγαν

2128 4006 2491 4062 ἀποστολικὸν
2533 4009 2834 4063 Διονύσιον.
2883 4007 3036 4066 Ἀλλ’
3083 4013 3118 4080 ἡ
3151 4019 3252 4082 τῆς
3280 4014 3580 4086 ἀθλητικῆς
3601 4013 3732 4069 αὐτοῦ

2130 4093 2425 4170 μαρτυρίας
2480 4095 2598 4169 ἱερᾶ
2633 4095 2978 4173 σάλπιγξ,ἐπὶ
3029 4105 3224 4175 καιροῦ
3276 4101 3599 4177 σαλπίσασα,
3633 4101 3735 4162 τοὺς

2126 4183 2288 4239 ἁύτοῦ
2337 4185 2510 4247 θείους
2555 4184 2764 4261 ἀγῶνας
2824 4184 3061 4242 εἰσδῦναι
3104 4191 3194 4243 καὶ
3238 4197 3592 4248 κατοπτεῦσαι
3629 4211 3738 4266 προ·

2123 4272 2393 4349 τρέπεται,
2453 4273 2540 4330 καὶ
2586 4275 2679 4330 τὸν
2735 4273 2902 4352 λόγον
2947 4274 3033 4332 ἐπὶ
3087 4280 3187 4348 τὴν
3245 4285 3357 4336 τῶν
3410 4279 3736 4354 ἐνδοξοτάτων

2125 4362 2288 4416 αὐτοῦ
2397 4363 2705 4436 μεθίστησιν
2816 4365 3220 4439 ἀριστευμάτων

2129 4452 2422 4528 ὑφήγησιν.

3332 4367 3733 4446 ἐγκωμιαπικήν

436 4588 857 4644 Verumtamen
891 4584 1209 4651 antequam
1242 4578 1313 4633 de
1362 4576 1624 4648 martyrii
1665 4576 1854 4649 ipsius
1885 4591 1988 4648 pro

2199 4572 2351 4646 Πλήν
2401 4596 2461 4651 γε
2538 4577 2664 4652 πρὶν
2750 4573 3003 4648 ἐπιϐῆναι
3086 4585 3182 4635 τοῦ
3256 4586 3365 4637 τῶν
3429 4585 3737 4660 μαρτυρικῶν

369 4675 672 4750 gressibus
702 4672 893 4727 dicere
912 4667 1289 4740 incipiamus,
1317 4664 1460 4721 illud
1487 4664 1772 4737 benignos
1793 4664 2017 4720 audito-

370 4783 463 4823 res
493 4765 642 4821 scire
666 4762 914 4833 Oportet,
947 4756 1103 4829 quod
1163 4753 1382 4826 scripta
1437 4754 1553 4810 Deo
1606 4753 1779 4825 plena
1835 4753 2017 4809 divini

367 4852 652 4928 praeconis
701 4847 971 4918 sacrique
1024 4843 1316 4915 martyris,
1376 4843 1545 4914 cuius
1593 4843 1797 4898 laudes
1854 4842 2018 4898 nobis

368 4940 808 5015 proposuimus,
843 4937 1180 5006 sequentes,
1211 4933 1448 4988 beatum
1480 4932 1609 5002 ejus
1663 4947 1909 5003 agonem
1956 4931 2014 4984 in

368 5029 686 5104 postremis
717 5023 953 5096 Trajani
985 5021 1144 5093 regni
1168 5020 1375 5077 diebus
1422 5020 1607 5076 fuisse
1662 5019 2014 5091 accepimus.

367 5120 514 5175 Nam
544 5119 605 5173 in
632 5118 842 5188 quarto
903 5108 1258 5167 narrationis
1303 5110 1377 5164 De
1431 5108 1640 5164 divinis
1693 5107 2018 5164 nominibus

367 5209 574 5280 capite,
607 5204 708 5261 ubi
740 5201 958 5258 amoris
979 5197 1430 5270 appellationem
1454 5196 1821 5262 laudat,dicit
1844 5213 1857 5251 :
1882 5196 2013 5250 Jam

365 5313 502 5352 vero
533 5291 891 5367 quibusdam
919 5305 988 5344 ex
1010 5285 1231 5342 nostris
1263 5301 1563 5341 sacrorum
1596 5283 2014 5340 tractatoribus

362 5386 559 5440 visum
591 5386 701 5450 est,
735 5378 956 5436 amoris
979 5391 1191 5432 nomen
1215 5391 1392 5445 quam
1434 5372 1765 5430 dilectionis
1786 5390 1915 5430 esse
1932 5372 2015 5428 di-

361 5473 580 5529 vinius.
628 5469 846 5528 Scribit
893 5465 1050 5522 enim
1109 5468 1166 5520 et
1203 5463 1440 5520 divinus
1505 5463 1802 5535 Ignatius:
1848 5464 2016 5518 Amor

362 5577 518 5617 meus
541 5559 695 5616 cruci
724 5558 962 5627 sufﬁxus
991 5557 1090 5610 est.
1123 5553 1244 5608 Hoc
1279 5553 1436 5608 enim
1485 5553 1730 5610 verbum
1777 5551 2012 5607 divinus

365 5649 636 5720 Ignatius
654 5651 914 5702 extremo
945 5639 1236 5713 supplicio
1262 5640 1446 5695 Romae
1492 5641 1902 5710 dimicaturus,
1945 5657 2012 5696 ac

2125 4663 2460 4737 σκαμμάτων
2517 4662 2701 4739 ούδοῦ,
2763 4663 2875 4721 δεῖν
2935 4665 3127 4722 εἰδέναι
3177 4670 3329 4725 τουτὶ
3387 4673 3450 4727 τὸ
3499 4672 3733 4742 φιλήκοον

2124 4752 2508 4827 ἀκροάτὴριον,
2542 4754 2635 4823 ὡς,
2682 4759 2803 4816 τοῖς
2837 4759 2933 4809 τοῦ
2977 4754 3400 4831 εύφημουμένου
3435 4735 3733 4835 θεύκήρυκός

2123 4863 2180 4896 τε
2253 4842 2342 4896 καὶ
2419 4841 2817 4918 ἶερομάρτυρος
2896 4844 3272 4911 θεοπνεύστοις
3339 4853 3735 4926 συγγράμμασιν

2124 4930 2404 5004 ἑπόμενοι,
2432 4932 2530 4999 τήν
2564 4931 2727 4986 αὐτοῦ
2780 4935 3046 5004 μακαρίαν
3106 4936 3332 5005 ἄθλησιν
3387 4937 3440 4993 ἐν
3471 4944 3584 5000 τοῖς
3609 4935 3737 4991 tm.

2122 5040 2236 5080 τοις
2263 5027 2362 5089 τῆς
2410 5024 2506 5074 τοῦ
2553 5023 2815 5095 Τριϊανοῦ
2867 5021 3144 5095 βασιλείας
3191 5027 3470 5100 γεγονέναι
3511 5026 3738 5092 κατειλῆ-

2124 5129 2294 5186 φαμεν
2328 5127 2342 5142 ⁸
2404 5108 2456 5163 ἐν
2519 5109 2614 5182 μὲν
2655 5113 2733 5180 τῷ
2789 5108 3030 5186 τετάρτῳ
3084 5116 3182 5167 τοῦ
3240 5115 3371 5189 Περὶ
3434 5117 3589 5180 θείων
3637 5113 3736 5167 ὀνο.

2127 5195 2306 5268 μάτων
2359 5195 2526 5271 λόγου
2589 5194 2870 5272 κεφαλαίῳ
2949 5201 3268 5274 φάσκοντος,
3345 5197 3472 5268 ἔνθα
3520 5205 3615 5273 τήν
3660 5202 3739 5254 τοῦ

2121 5283 2320 5360 ἔρωτος
2380 5284 2688 5358 ἐπωνυμίαν
2743 5285 3002 5359 ἐξυμνεῖ’
3066 5289 3253 5345 Καίτοι
3314 5287 3466 5363 ἔδοξέ
3516 5313 3620 5348 τισι
3645 5294 3732 5344 τῶν

2121 5377 2235 5437 καθ’
2269 5377 2416 5448 ἡμᾶς
2447 5373 2769 5450 ἱερολόγων,
2811 5381 2905 5429 καῖ
2956 5375 3224 5453 θειότερον
3250 5379 3384 5434 εἶναι
3411 5382 3476 5436 τὸ
3503 5386 3594 5436 τοῦ
3622 5378 3736 5453 ἔρω-

2118 5483 2211 5524 τος
2243 5459 2417 5536 ὄνομα
2446 5467 2542 5517 τοῦ
2597 5465 2696 5532 τῆς
2751 5462 2989 5538 ἀγάπης.
3045 5465 3242 5543 Γράφει
3300 5467 3358 5522 δὲ
3414 5471 3508 5524 καὶ
3558 5471 3736 5532 ὁθεῖος

2120 5552 2401 5626 Ἰγνάτιος.
2456 5553 2517 5609 Ὀ
2564 5551 2695 5625 ἐμὸς
2741 5548 2880 5625 ἔρως
2925 5552 3303 5630 ἐσταύρωται·
3349 5563 3515 5614 τοῦτο
3557 5557 3649 5635 γὰρ
3682 5551 3734 5609 τὸ

2123 5639 2285 5715 ῥητὸν
2320 5641 2348 5695 δ
2379 5639 2640 5717 θεοφόρος
2689 5642 2976 5715 Ἱγνάτιος,
3027 5642 3250 5714 μέλλων
3294 5645 3345 5701 ἐν
3395 5648 3579 5722 Ῥώμῃ
3613 5663 3732 5718 μαρ-
