3930 6202
249 363 360 419 657

1283 368 1475 434 νιτΑ,
1518 365 1855 421 AUCTORE
1895 366 2270 420 MICHAELE
2305 366 2657 424 SYNGELO.

3573 376 3681 432 658

243 486 486 560 τυρικῶς
513 483 810 555 ἀθλήσειν,
867 488 956 542 καὶ
1009 491 1127 551 τοῖς
1183 486 1366 543 λίουσι
1431 487 1568 562 βορά
1619 485 1755 540 κατὰ
1809 486 1891 554 τὴε

2069 488 2297 543 :onibus
2326 488 2574 560 imperio
2600 491 2835 562 Trajani
2875 494 3030 565 regis
3063 493 3230 550 cibus
3261 498 3676 571 projiciendus,

246 579 348 630 τοῦ
376 575 644 648 τυράννου
689 575 960 650 Τραϊανοῦ
1015 577 1311 652 πρόσταξιυ
1365 573 1913 650 παραϐληθήσεσθαι,

245 663 374 740 περὶ
402 665 466 718 τὸ
515 667 619 729 τῆς
647 665 815 719 αὐτοῦ
844 665 1126 739 τυραννίας
1177 664 1394 731 ἔννατος
1435 664 1572 733 ἔτος,
1631 666 1764 719 κατά
1819 665 1909 718 τὸν

245 747 642 808 εὐσεϐεστάτων
703 758 1042 827 Χριστιανῶν
1101 751 1345 830 διωγμὸν
1398 753 1716 828 ἐγείραντος,
1777 754 1909 806 Ῥω-

243 841 433 914 μαίοις
465 840 804 897 ἐπιστέλλων
857 844 1144 922 γέγραφεν⁸
1197 846 1272 906 ὡς
1305 843 1366 899 ἐκ
1406 843 1602 898 τούτου
1661 839 1908 915 παραδη-

245 929 520 999 λοῦσθαι,
576 931 714 997 πρὸς
760 937 842 1004 τῷ
887 936 984 987 τοῦ
1035 930 1271 989 διώκτου
1320 930 1637 1005 τυραννίδος
1694 930 1909 1005 πέρατι,

237 1021 428 1081 καθὼς
485 1015 730 1096 ἔφθημεν
792 1019 1072 1095 εἰρηκότες
1104 1065 1120 1090 ,
1168 1023 1259 1076 τὸν
1318 1019 1644 1098 ἱεροφάντην
1691 1038 1908 1094 μεμαρ-

239 1109 534 1183 τυρηκέναι
585 1107 882 1165 Διονύσιον.
922 1109 1062 1180 Πρὸς
1109 1107 1166 1165 δὲ
1213 1109 1304 1164 τὸν
1353 1117 1455 1179 τῆς
1509 1110 1742 1185 βροντῆς
1790 1108 1904 1162 υἱὸν

239 1197 338 1252 τὸν
399 1197 721 1270 ὑψηλότατα
769 1197 860 1251 καὶ
919 1198 1052 1272 ὑπὲρ
1109 1199 1284 1253 πάντα
1334 1202 1455 1253 νοῦν
1496 1193 1789 1272 ἐγκόσμιόν
1847 1217 1906 1251 τε

236 1286 330 1340 καὶ
383 1285 752 1361 ὑπερκόσμιον
801 1286 1180 1362 βροντήσαντά
1225 1309 1284 1343 τε
1329 1287 1419 1342 καὶ
1478 1287 1902 1360 θεολογήσαντα,

235 1373 703 1448 τρισμακάριστον
762 1376 986 1454 γράφων
1033 1375 1313 1447 Ἰωάννην,
1371 1375 1422 1431 ἐν
1486 1375 1689 1448 Πάτμῳ
1745 1395 1905 1449 περι-ι

240 1462 550 1536 ωρισμὲνον
582 1463 848 1542 ἀποφάσει
901 1470 1252 1538 Δομετιανοῦ,
1284 1470 1380 1520 τοῦ
1426 1465 1560 1538 μετά
1600 1463 1758 1520 Τίτον
1810 1465 1900 1520 τὸν

239 1549 481 1630 ἀδελφὸν
513 1552 678 1608 αὐτοῦ
735 1548 1212 1628 βεϐασιλευκότος,
1268 1555 1455 1632 (ἄμφω
1495 1555 1594 1628 γάρ
1650 1553 1900 1611 Οὐασπα-

237 1645 433 1696 σιανοῦ
464 1640 653 1705 παῖδες
681 1639 902 1717 ἤστηνο)
960 1642 1086 1718 περί
1142 1645 1236 1699 τὸν
1290 1649 1389 1713 τῆς
1428 1642 1593 1698 αὐτοῦ
1625 1640 1902 1712 βασιλείας

235 1725 472 1804 ἔσχατον
547 1729 787 1786 ἐνιαυτὸν
866 1733 1002 1786 κατά
1075 1736 1184 1786 τῶν
1243 1735 1450 1787 πιστῶν
1508 1731 1897 1802 λυττήσαντος,

237 1819 377 1893 φησῖ
412 1824 772 1898 προφητικῶς
801 1819 1185 1895 προαγορεύων
1218 1822 1327 1893 (καὶ
1375 1826 1723 1897 προφητικῆς
1771 1840 1896 1892 μετ-

236 1907 446 1983 έσχηκε
473 1909 750 1984 χάριτος)·
788 1933 815 1960 ‹‹
851 1911 1024 1982 Ἢμᾶς
1081 1907 1138 1964 δὲ
1195 1909 1351 1974 οὐθὲν
1407 1908 1718 1964 τούναντίον
1769 1909 1904 1968 ἀπο,

235 1997 488 2070 στερήσει
535 2003 636 2066 τῆς
707 1994 964 2053 Ἰωάννου
1017 2001 1312 2070 παμφαοῦς
1356 1996 1610 2068 ἀκτῖνος,
1662 2001 1751 2052 νῦν
1807 1999 1901 2070 μὲν

234 2081 650 2158 ἐντευξομένους
680 2088 750 2159 τῇ
801 2087 995 2159 μνήμη
1024 2085 1115 2140 καὶ
1160 2085 1442 2142 ἀνανεώσει
1471 2093 1571 2155 τῆς
1619 2088 1714 2155 σῆς
1761 2086 1900 2158 ἁλη-

241 2176 375 2236 θοῦς
423 2171 731 2249 θεολογίας·
789 2175 982 2249 μικρὸν
1031 2172 1087 2228 δὲ
1136 2172 1358 2249 ὕστερον
1391 2173 1520 2250 (ἐρῶ
1548 2175 1670 2250 γὰρ,
1722 2175 1771 2230 εἰ
1810 2160 1901 2230 καἰ

235 2259 556 2337 τολμηρόν)
610 2264 738 2336 ὑμῖν
785 2264 973 2328 αὐτοῖς
1025 2263 1504 2338 ἒνωθησομένους.
1564 2265 1904 2338 Ἀξιόπιστος

232 2346 293 2404 δὲ
359 2352 577 2413 πάντως
637 2350 779 2425 εῗμὶ,
847 2353 914 2406 τὰ
971 2354 1396 2428 προεγνωσμὲνα
1444 2354 1626 2425 μαθὼν
1669 2353 1728 2408 ἐκ
1769 2359 1901 2409 Θεοῦ

226 2437 320 2493 καὶ
374 2436 574 2514 λέγων,
625 2441 708 2494 ὅτι
762 2439 981 2510 καὶτῆς
1013 2440 1066 2496 ἐν
1115 2443 1324 2514 Πάτμῳ
1353 2440 1602 2518 φυλακῆς
1627 2444 1895 2519 ἀφεθήσῃ,

227 2527 326 2582 καὶ
380 2527 455 2590 εἷς
498 2529 598 2598 τὴν
672 2527 956 2586 Ἀσιάτιδα
1005 2537 1106 2606 γῆν
1165 2529 1480 2602 ἐπανήξεις,
1536 2531 1626 2585 καὶ
1685 2529 1898 2606 δράσεις

229 2615 345 2671 ἐκεῖ
389 2621 488 2671 τοῦ
545 2616 746 2692 ἀγαθοῦ
811 2621 1126 2692 μιμήματα,
1178 2620 1268 2674 καὶ
1297 2625 1414 2681 τοῖς
1449 2621 1582 2692 μετὰ
1614 2621 1670 2674 σὶ
1726 2638 1896 2695 παρα·

231 2701 452 2773 δώσεις,
489 2731 510 2757 ε
545 2711 652 2761 Τοῦ
685 2712 1016 2780 Δομετιανοῦ
1046 2713 1331 2784 τοιγαροῦν
1377 2715 1490 2782 μετ’
1519 2709 1582 2764 οὐ
1612 2708 1756 2765 πολὺ
1809 2731 1895 2765 τε·

229 2793 631 2865 τελευτηκότος
659 2797 794 2851 κατά
821 2797 920 2865 τὴν
979 2802 1076 2851 τοῦ
1125 2797 1458 2872 χαρίσμασιν
1502 2799 1891 2864 ἀποστολικοῖς

235 2902 296 2936 τε
339 2882 432 2938 καὶ
485 2889 848 2962 προφητικοῖς
907 2882 1300 2960 διαπρέψαντος
1349 2886 1631 2941 Θεσπεσίου
1683 2889 1893 2964 ΙΙατρὸς

229 2970 581 3048 πρόρῥησιν,
639 2973 928 3048 Νερούας,
980 2975 1079 3044 τήν
1130 2971 1408 3048 βασιλείαν
1469 2973 1888 3049 διαδεξάμενος,

227 3059 362 3121 τοῦς
419 3060 472 3114 ἐν
525 3062 838 3138 ῦπερορίαις
899 3061 1276 3120 ἀνεκαλέσατο.
1336 3068 1640 3135 Τηνικαῦτα
1699 3063 1756 3120 δὶ
1800 3067 1889 3121 καὶ

231 3150 262 3204 ὁ
314 3151 568 3225 μέγιστος
625 3149 1016 3226 εῦαγγελιστὴς
1077 3153 1154 3215 είς
1183 3153 1282 3221 τήν
1315 3153 1576 3231 Ἐφεσίων
1619 3154 1888 3225 ἐπανῆλθε

2030 575 2182 632 circa
2233 593 2454 632 nonum
2512 579 2676 650 regni
2733 579 2922 650 ipsius
2971 598 3215 648 annum,
3261 585 3332 640 de
3382 587 3676 645 saevientis

2024 668 2227 720 contra
2245 665 2612 722 Christianos
2643 668 2882 739 pietatis
2913 672 3373 743 amantissimos,
3399 675 3679 734 Romanis

2024 769 2127 824 per
2156 752 2469 824 epistolam
2501 755 2760 828 scripsit.
2798 757 2871 812 Ut
2911 757 3050 812 hinc
3079 757 3324 830 liqueat,
3357 763 3468 816 sub
3498 764 3676 821 ﬁnem

2023 842 2340 912 tyrannicae
2371 844 2606 899 saevitia:
2637 845 2727 916 (ut
2762 845 2990 917 pridem
3024 847 3305 921 diximus)
3337 851 3674 924 Dionysium

2021 945 2321 986 sacrorum
2354 932 2730 1004 interpretem
2781 941 3028 990 mortem
3056 937 3424 994 occubuisse.
3457 939 3678 999 Verum

2020 1034 2154 1073 cum
2201 1020 2273 1074 ad
2327 1019 2735 1075 beatissimum
2769 1022 3054 1076 Joannem
3102 1024 3386 1080 scriberet
3431 1028 3678 1083 tonitrui

2019 1106 2231 1176 filium,
2271 1125 2336 1163 ac
2377 1109 2654 1165 omnibus
2693 1126 2827 1164 cum
2875 1111 3143 1181 terrenis,
3175 1119 3300 1168 tum
3337 1113 3674 1172 coelestibus

2016 1195 2446 1267 sublimiorem,
2480 1197 2582 1268 qui
2613 1199 2682 1253 de
2716 1199 2892 1254 rebus
2924 1199 3140 1255 divinis
3192 1201 3382 1257 instar
3427 1205 3672 1260 tonitrui

2013 1283 2247 1340 locutus
2302 1290 2412 1356 est,
2459 1287 2680 1359 quique
2730 1287 2788 1342 in
2842 1288 3068 1358 Patmo,
3108 1289 3298 1346 edicto
3346 1291 3670 1349 Domitiani

2013 1378 2146 1445 post
2180 1373 2374 1430 Titum
2436 1375 2675 1431 fratrem
2735 1377 2864 1446 ejus
2923 1393 3170 1448 regnum
3231 1379 3425 1452 adepti
3473 1381 3669 1452 (ambo

2012 1463 2169 1518 enim
2200 1462 2545 1534 Vespasiani
2598 1463 2700 1518 filii
2750 1465 2955 1536 fuere),
3006 1465 3315 1535 exsulavit,
3347 1485 3480 1524 cum
3513 1469 3670 1527 circa

2014 1549 2288 1606 ultimum
2323 1554 2487 1624 regni
2527 1554 2656 1624 ejus
2687 1570 2907 1610 annum
2940 1559 3144 1610 contra
3193 1555 3397 1613 fideles
3430 1559 3667 1614 desaevi-

2011 1643 2118 1709 ret,
2148 1639 2487 1712 prophetica
2525 1641 2636 1698 hoc
2669 1642 2825 1714 (cum
2877 1642 3212 1700 futurorum
3268 1646 3665 1716 praedicendo-

2008 1744 2141 1783 rum
2177 1729 2367 1801 gratia
2407 1729 2729 1804 insignitus
2777 1737 2952 1802 esset)
2987 1734 3438 1804 prmnuntiando
3471 1736 3616 1792 dixit
3650 1754 3663 1792 :

2013 1817 2169 1872 384
2209 1840 2237 1867 «
2291 1819 2408 1874 Nos
2464 1823 2622 1875 certe
2675 1820 2908 1876 nullum
2967 1821 3354 1878 infortunium
3412 1825 3666 1896 privabit

2013 1905 2259 1961 Joannis
2307 1907 2470 1963 radio
2519 1909 2718 1965 omnia
2767 1908 3168 1980 eollustrante,
3214 1928 3373 1968 nunc
3422 1913 3663 1984 quidem

2014 1995 2355 2052 memoriam
2400 2001 2458 2053 et
2512 1997 2948 2055 innovationem
2996 2003 3109 2055 tum
3157 2016 3301 2056 verae
3357 2001 3662 2076 theologia;

2012 2090 2430 2142 consecuturos
2463 2103 2476 2142 :
2509 2087 2683 2159 paulo
2730 2104 2864 2145 vero
2912 2094 3048 2160 post
3075 2090 3290 2158 (dicam
3338 2092 3519 2161 enim,
3550 2093 3662 2150 etsi

2010 2172 2120 2229 hoc
2161 2175 2541 2230 temerarium
2570 2177 2858 2248 videatur)
2889 2177 3055 2234 vobis
3103 2177 3249 2250 ipsis
3295 2181 3663 2252 coniungen-

2009 2261 2136 2318 dos.
2170 2264 2311 2318 Sum
2344 2267 2538 2320 autem
2581 2265 2820 2321 omnino
2861 2267 2973 2322 fide
3004 2266 3259 2338 dignior,
3290 2268 3341 2324 si
3370 2285 3439 2324 ea
3469 2285 3596 2340 quae
3628 2288 3661 2327 a

2008 2354 2122 2406 Deo
2181 2351 2380 2419 didici,
2423 2368 2665 2424 quisque
2714 2353 2821 2408 tibi
2870 2356 3224 2425 praecognita
3271 2361 3431 2427 sunt,
3481 2358 3660 2414 etiam

2009 2438 2228 2506 dixero,
2263 2441 2418 2511 quod
2452 2457 2521 2496 ex
2550 2441 2740 2496 Patmi
2784 2458 3013 2498 carcere
3059 2442 3206 2498 liber
3235 2444 3569 2516 dimitteris,
3601 2451 3661 2502 et

2007 2527 2064 2583 in
2097 2528 2248 2583 Asia:
2278 2529 2576 2601 regionem
2625 2530 2958 2599 reverteris,
2991 2530 3074 2586 ibi
3104 2532 3392 2589 imitanda
3421 2535 3658 2590 rectitu-

2005 2616 2161 2672 dinis
2204 2618 2470 2690 exempla
2518 2622 2885 2691 peracturus,
2916 2624 2971 2675 et
3001 2634 3071 2676 ea
3100 2623 3349 2692 posteris
3398 2623 3657 2680 traditu-

2005 2722 2125 2761 rus.
2151 2727 2180 2755 »
2215 2706 2548 2762 Domitiano
2592 2707 2772 2780 igitur
2800 2724 2919 2764 non
2955 2709 3138 2764 multo
3187 2714 3325 2782 post
3363 2711 3484 2767 vita
3513 2713 3650 2768 fun-

2003 2797 2116 2864 cto,
2145 2795 2317 2864 juxta
2365 2795 2669 2851 oraculum
2713 2797 2934 2853 summi
2984 2797 3173 2854 Patris
3220 2799 3559 2871 apostolicis
3591 2804 3650 2856 et

2003 2883 2359 2955 propheticis
2406 2885 2576 2941 donis
2617 2885 2914 2958 insigniti;
2947 2886 3154 2959 Nerva,
3187 2903 3435 2960 regnum
3469 2890 3652 2962 adep-

2000 2976 2119 3041 tus,
2151 2988 2250 3028 eos
2283 2973 2384 3045 qui
2416 2977 2476 3028 in
2526 2973 2731 3030 exsilio
2782 2979 2951 3030 erant
2997 2976 3304 3032 revocavit.
3337 2978 3487 3032 Tum
3518 2994 3652 3034 vero

2001 3060 2372 3133 Evangelista
2399 3079 2633 3135 quoque
2681 3064 2971 3120 maximus
3002 3064 3060 3119 in
3110 3064 3497 3137 Ephesiorum
3529 3083 3654 3122 me-

1995 3150 2271 3222 tr0polim
2323 3150 2614 3208 civitatem
2665 3169 2934 3209 reversus
2982 3157 3094 3224 est,
3126 3157 3185 3210 et
3231 3153 3537 3211 oraculum
3575 3155 3655 3212 rei

234 3214 586 3311 μητρόπολιν
612 3282 629 3312 ,
700 3214 790 3294 καί
864 3242 930 3296 τά
973 3214 1102 3310 ’τῆς
1175 3214 1622 3318 πρῐοαγορεύσεως
1693 3214 1889 3322 εἶ’λνηιρε
1921 3214 1966 3282 C
2004 3214 2247 3296 eventus
2278 3242 2700 3314 comprobavit.

227 3327 421 3402 πέρας.

305 3454 422 3508 Τοῦ
464 3451 673 3525 Νερούα
700 3453 790 3509 τὸν
830 3453 946 3528 βίον
981 3453 1426 3531 μετηλλαχότος,
1453 3457 1540 3512 ἰπὶ
1574 3457 1770 3534 χρόνον
1795 3456 1891 3515 ’ἐνα

227 3539 328 3602 τάς
359 3547 462 3609 τῆς
502 3542 820 3614 Ῥωμαϊκῆς
879 3543 1060 3619 ἀρχῖς
1109 3546 1268 3614 ἡνίας
1327 3547 1752 3620 κεκρατηκότος,
1810 3547 1886 3611 εἷς

228 3631 498 3701 Τραϊανὸν
533 3631 650 3685 ’τὸν
715 3631 970 3707 τύραννον
1045 3633 1109 3688 τὸ
1176 3633 1372 3708 κράτος
1451 3636 1885 3708 μεταπέπτωκεν,

231 3717 294 3779 ’ὃς
331 3715 458 3771 λίαν
511 3722 581 3792 τῇ
638 3719 772 3775 κατά
829 3726 1052 3785 Σκυθῶν
1096 3743 1154 3776 τε
1207 3722 1297 3777 καὶ
1356 3728 1599 3798 Θρᾳκῶν,
1647 3725 1735 3778 καὶ
1771 3721 1888 3779 δια·

232 3807 422 3880 φόρων
452 3807 536 3861 ὅτι
569 3806 837 3864 πλείστων
872 3809 1036 3874 ἐθνῶν
1071 3810 1321 3886 ἐπαρθεὶς
1380 3814 1526 3886 νίκῃ,
1585 3812 1675 3867 καὶ
1731 3811 1886 3883 δόξας

233 3892 479 3966 μηδενὸς
534 3895 744 3971 ἄρχειν,
806 3899 855 3952 εἷ’
902 3901 978 3971 μή
1029 3897 1130 3954 κιιιὶ¹
1178 3899 1242 3955 τὸ
1271 3895 1591 3964 πανευσεϐὲς
1618 3905 1724 3955 τῶν
1757 3907 1886 3971 Χρι-

227 3988 462 4037 στιανῶν
519 3985 768 4058 σύστημα
824 3990 892 4060 τῇ
945 3992 1050 4042 τῶν
1105 3985 1379 4062 δαιμόνων
1430 3990 1520 4043 καὶ
1575 3987 1884 4063 βδελυκτῶν

227 4070 434 4141 ξοάνων
525 4070 748 4149 λατρεία
827 4076 914 4129 καὶ
1000 4080 1364 4152 προσκυνήσει
1442 4078 1887 4148 καθυποτάξειεν,

227 4160 523 4231 ὠμότατον
584 4160 892 4238 ἀνερῥίπισε
950 4161 1214 4241 διωγμὸν,
1270 4166 1360 4221 καὶ
1417 4171 1586 4220 πᾶσαν
1642 4167 1740 4235 τὴν
1798 4167 1886 4222 ὑπ’

225 4247 384 4318 αὐτῷ
432 4245 695 4303 τελοῦσαν
760 4255 867 4306 τῶν
925 4259 1266 4329 μαρτυρικῶν
1336 4256 1580 4327 αἱμάτων
1641 4255 1886 4329 ἐμὲθυσε,

224 4334 470 4391 πάντοσε
534 4334 982 4413 διαπεμψάμενος
1049 4343 1449 4410 ἁπηνεστάτους
1505 4340 1737 4406 διώκτας
1793 4343 1887 4398 αὖ·

223 4423 364 4485 τοῦς
451 4423 663 4497 ἰταμῶς
750 4429 952 4492 πάντας
1033 4430 1382 4507 Χριστιανοὺς
1465 4435 1884 4508 καταναγκάζειν

227 4511 382 4575 θύειν
438 4519 556 4576 τοῖς
609 4512 886 4590 εἰδώλοις,
936 4518 972 4587 ἢ
1025 4521 1102 4591 μὴ
1135 4523 1494 4594 πειθομένους
1520 4519 1888 4586 πανταδαποῖς

223 4599 571 4655 ἀποκτείνειν
643 4603 885 4676 βασάνων
944 4603 1171 4666 εἶ’δεσιν.
1243 4609 1304 4666 Ὀ
1368 4609 1631 4685 μακάριος
1687 4610 1886 4679 τοίνυν,

224 4688 322 4743 καὶ
381 4688 501 4765 τρὶς
555 4695 718 4745 τοῦτο
774 4693 864 4748 καὶ
911 4692 1182 4759 πολλάκις
1216 4697 1494 4762 Διονύσιος
1523 4696 1610 4753 ἐπὶ
1643 4694 1885 4772 ἑϐδομη-

222 4782 498 4843 κονταετῆ
547 4779 748 4854 χρόνον
795 4777 884 4835 διὰ
934 4783 1144 4858 μυρίων
1193 4783 1536 4858 ὀνειδισμῶν,
1587 4789 1672 4842 καὶ
1715 4787 1886 4842 πολέ-

231 4887 386 4938 μων,
431 4865 523 4920 καὶ
581 4865 842 4924 κινδύνων
899 4871 1002 4926 ὑπό
1060 4893 1120 4928 τε
1159 4879 1267 4928 τῶν
1297 4875 1602 4948 ὁμογενῶν,
1635 4877 1723 4930 καί
1755 4897 1886 4931 ποτε

223 4957 602 5029 ὁμοθρήσκων
634 4960 720 5013 καὶ
770 4963 880 5016 τῶν
930 4962 1264 5040 συντρόφων,
1319 4961 1532 5037 μᾶλλον
1583 4962 1639 5019 δὲ
1670 4965 1886 5040 ἀσόφων

224 5041 606 5114 διεληλυθὼς,
659 5048 752 5101 καὶ
809 5049 945 5122 πρὸς
996 5055 1231 5105 τοσαῦτα
1285 5051 1472 5121 πλήθη
1510 5047 1794 5128 βαρϐάρων
1827 5075 1886 5108 τε

222 5132 320 5185 καὶ
353 5130 635 5202 Ἑλλήνων
691 5132 1106 5209 είδωλομανῶν,
1164 5139 1251 5192 καὶ
1312 5139 1447 5213 πρὸς
1477 5142 1575 5210 τὴν
1623 5145 1729 5196 τῶν
1760 5141 1884 5196 ἀνό-

229 5243 354 5291 μων
388 5220 481 5274 καί
541 5218 818 5294 δυσμενῶν
873 5219 1136 5300 Ἐϐραίων
1202 5227 1542 5302 ἀγριωτάτην
1593 5227 1888 5304 διασπορὰν

225 5309 826 5382 ἀντιπαραταξάμενος,
872 5314 961 5366 καὶ
1020 5311 1242 5388 δραμὼν
1303 5312 1507 5388 δρόμον
1563 5313 1885 5372 διπλασίονα

223 5400 333 5449 τοῦ
360 5397 416 5449 ὃν
484 5396 700 5462 Παῦλος
733 5401 761 5455 ὁ
787 5398 1099 5464 πολύαθλος
1149 5403 1236 5457 καὶ
1270 5403 1674 5478 οὐρανοδρόμος
1703 5405 1888 5481 δεδρά-

231 5505 436 5558 μηκεν,
497 5485 622 5541 ὅσον
675 5509 738 5562 γε
768 5489 904 5544 κατὰ
946 5491 1046 5560 τήν
1097 5494 1362 5566 χρονικὴν
1423 5495 1741 5568 παράτασιν,
1797 5494 1887 5550 καὶ

226 5570 408 5634 λαοὺς
439 5572 720 5649 ἀπείρους,
758 5573 846 5631 διὰ
873 5582 981 5633 τῶν
1019 5580 1108 5633 ὑπ’
1156 5580 1320 5635 αὐτοῦ
1348 5585 1416 5656 τῇ
1471 5587 1569 5637 τοῦ
1626 5583 1888 5660 πανογίου

231 5659 561 5734 Πνεῦματος
638 5662 882 5741 ἐνεργείᾳ
953 5665 1299 5741 τελουμένων
1356 5671 1598 5742 σημείων
1653 5673 1743 5727 καὶ
1797 5692 1890 5727 τε-

2069 3455 2247 3511 Porro
2279 3472 2412 3512 cum
2445 3456 2568 3526 jam
2619 3457 2805 3512 Nerva
2854 3456 2980 3528 ipse
3011 3471 3246 3528 quoque
3276 3456 3651 3528 decessisset,

1999 3544 2100 3615 qui
2132 3561 2247 3600 uno
2278 3562 2432 3601 anno
2464 3544 2724 3601 habenas
2769 3545 3015 3601 Romani
3047 3546 3414 3618 principatus
3444 3546 3651 3601 mode-

1999 3637 2161 3689 ratus
2182 3637 2292 3700 est,
2314 3633 2626 3703 imperium
2651 3634 2722 3688 ad
2744 3634 3063 3703 Trajanum
3088 3649 3284 3704 regem
3307 3632 3648 3690 devolutum

1997 3726 2106 3787 est,
2141 3720 2242 3791 qui
2273 3725 2477 3775 contra
2525 3719 2770 3790 Scythas
2819 3719 3185 3789 Thracesque
3217 3736 3284 3773 ac
3333 3718 3648 3789 quamplu-

1997 3809 2178 3863 rimas
2209 3808 2355 3863 alias
2384 3811 2586 3880 gentes
2618 3811 2782 3879 parta
2811 3807 3055 3862 victoria
3101 3806 3306 3874 elatus,
3353 3805 3647 3861 existima-

1995 3899 2078 3952 vit
2108 3898 2328 3953 nemini
2363 3899 2650 3968 imperare
2672 3913 2866 3968 posse,
2899 3895 3011 3951 nisi
3043 3895 3217 3952 etiam
3247 3895 3643 3952 venerandam

1996 4004 2062 4043 ac
2110 3987 2266 4058 piam
2297 3986 2761 4042 Christianorum
2811 3986 3320 4058 congregationem
3370 3983 3555 4040 cultui
3588 3988 3646 4041 et

1997 4074 2323 4131 adorationi
2355 4075 2711 4141 daemonum,
2734 4074 2830 4145 qui
2858 4079 2998 4130 sunt
3029 4074 3374 4130 detestanda
3405 4073 3648 4129 simula-

1997 4181 2115 4232 cra,
2149 4163 2449 4218 subderet.
2484 4163 2731 4218 Proinde
2781 4167 2944 4219 atrox
2993 4163 3110 4219 illis
3141 4162 3362 4218 bellum
3410 4163 3646 4230 indixit,

1997 4256 2054 4308 et
2111 4251 2442 4307 universam
2503 4251 2631 4323 ejus
2687 4252 2969 4308 ditionem
3027 4268 3235 4308 cruore
3301 4255 3648 4324 martyrum,

1997 4357 2471 4414 quoquoversum
2531 4341 2872 4397 sevissimis
2922 4340 3337 4411 quaesitoribus
3385 4340 3648 4395 dimissis

1995 4430 2326 4499 inebriavit,
2361 4430 2673 4496 mandans,
2707 4434 2772 4485 ut
2801 4430 2915 4502 ipsi
2947 4446 3152 4486 omnes
3175 4429 3541 4486 Christianos
3573 4429 3648 4484 si-

1997 4518 2278 4575 mulacris
2311 4519 2602 4574 sacriﬁcia
2651 4519 2838 4575 facere
2885 4517 3150 4589 improbe
3202 4519 3494 4588 cogerent,
3531 4531 3644 4570 non

1917 4582 1966 4648 Ῑ)
1997 4608 2470 4678 obtemperantes
2501 4611 2697 4661 autem
2745 4606 2904 4661 omni
2952 4603 3380 4676 suppliciorum
3434 4618 3644 4675 genere

1995 4697 2421 4752 interimerent.
2457 4700 2668 4750 Beatus
2700 4695 2878 4766 igitur
2907 4699 3111 4765 torque
3141 4692 3476 4764 saepiusque
3506 4693 3642 4747 bea-

1993 4789 2093 4840 tus
2123 4784 2455 4857 Dionysius,
2481 4784 2551 4838 ad
2576 4781 3080 4854 septuagesimum
3103 4797 3323 4836 annum
3352 4796 3455 4852 per
3483 4778 3642 4834 mille

1994 4874 2330 4946 opprobria,
2354 4863 2668 4939 tormenta,
2694 4869 2849 4926 bella
2877 4874 2934 4926 et
2965 4869 3224 4941 pericula
3255 4868 3483 4937 mortis,
3507 4883 3638 4922 cum

1997 4979 2031 5018 a
2061 4979 2178 5016 sua:
2225 4960 2419 5034 gentis
2468 4959 2834 5025 hominibus,
2866 4962 2988 5012 tum
3041 4958 3335 5013 interdum
3370 4974 3404 5012 a
3434 4955 3546 5011 ﬁde
3589 4960 3646 5011 et

1996 5050 2274 5121 religione
2325 5048 2681 5119 conjunctis,
2735 5047 3196 5118 domesticisque
3254 5044 3642 5118 philosophis,

1997 5139 2320 5212 praesertim
2354 5137 2773 5208 insipientibus
2797 5151 3166 5207 progressus,
3190 5139 3246 5188 et
3273 5138 3390 5190 tam
3422 5133 3647 5204 ingenti

1998 5231 2403 5296 barbarorum,
2440 5243 2506 5282 ac
2535 5225 2846 5296 gentilium
2896 5224 2955 5278 in
3003 5223 3264 5278 colendis
3314 5221 3647 5277 simulacris

1997 5317 2419 5372 insanientium
2445 5313 2835 5376 multitudini,
2860 5329 2964 5367 nec
2988 5329 3100 5366 non
3128 5311 3504 5367 ferocissima:
3534 5310 3645 5364 im-

1999 5408 2224 5478 piorum
2260 5421 2326 5458 ac
2357 5404 2680 5458 crudelium
2707 5402 3070 5456 Hebraeorum
3105 5399 3453 5471 dispersioni
3479 5415 3648 5470 expo-

1998 5495 2169 5559 situs,
2195 5509 2434 5548 cursum
2485 5491 2735 5563 duplum
2791 5489 3032 5562 peregit,
3059 5489 3188 5560 ejus
3220 5505 3394 5560 quem
3425 5487 3645 5542 Paulus

1999 5584 2098 5656 qui
2131 5582 2381 5637 multum
2407 5578 2980 5651 decertavit,quique
3001 5577 3160 5634 cmlis
3185 5577 3384 5633 illatus
3415 5581 3523 5641 est,
3556 5576 3646 5632 fe-

1998 5676 2173 5741 cerat,
2207 5675 2500 5744 quatenus
2531 5669 2848 5743 praesertim
2899 5668 2970 5723 ad
3020 5667 3294 5738 temporis
3324 5663 3643 5739 longitudi-
