3930 6202
352 346 460 403 659

1591 343 1649 396 s.
1688 339 2004 396 momen
2041 336 2526 396 annonem]:
3608 355 3698 415 σου

355 486 488 526 nem
520 473 767 544 spectat,
789 474 846 527 et
875 471 1065 527 varios
1094 468 1531 543 populos,quos
1562 464 1750 538 signis
1780 468 1838 520 et
1866 478 2006 536 pro-

2130 458 2374 515 >αστείων
2419 461 2744 540 σαγηνεύσας
2800 464 2939 541 πρὸς
2990 467 3092 538 τήν
3143 468 3220 534 εἰς
3268 472 3486 545 Χριστὸν
3532 473 3696 532 πίστινν

238 628 243 635 ο
357 560 534 630 digiis
564 560 634 615 ab
686 560 813 632 ipso
843 559 1057 615 virtute
1098 559 1286 614 sancti
1325 555 1581 629 Spiritus
1622 553 1817 624 editis,
1851 552 2009 623 fidei,

359 665 486 720 quas
518 649 576 704 in
608 648 906 704 Christum
939 652 1047 717 est,
1075 645 1435 710 conciliavit;
1472 645 1612 699 dum
1646 641 1845 714 primae
1878 656 2011 713 per-

360 736 682 794 secutionis
713 736 1094 810 longissimos
1121 753 1186 792 ac
1209 733 1662 792 molestissimos
1683 746 1893 787 cursus
1919 746 2012 802 pe-

360 832 609 899 rageret,
649 843 798 899 quos
849 829 1290 898 persecutorum
1349 822 1602 894 primus,
1634 824 1690 876 et
1744 818 2011 876 omnium

362 920 650 989 quotquot
679 914 831 970 385
866 929 1129 985 unquam
1158 912 1565 985 regnaverunt,
1596 908 1891 981 pessimus
1921 910 2012 963 at-

359 1023 472 1077 que
504 1003 947 1078 impurissimus
978 1002 1127 1057 Nero
1154 1003 1357 1056 contra
1386 997 1788 1054 Christianum
1820 1012 2013 1068 popu-

356 1093 477 1150 lum
510 1092 799 1161 excitavit,
821 1092 922 1165 qui
953 1095 1011 1147 et
1041 1105 1308 1146 summos
1337 1087 1557 1146 Christi
1590 1084 1910 1159 discipulos
1941 1084 2013 1141 de

359 1184 552 1240 medio
574 1181 837 1239 sustulit.
867 1179 1142 1252 Reliquas
1162 1194 1296 1235 vero
1319 1178 1704 1248 tempestates
1726 1190 1857 1246 quae
1877 1173 2016 1229 sub-

359 1277 572 1330 secutae
603 1276 766 1337 sunt,
791 1287 939 1343 quas
969 1269 1204 1325 insania
1233 1266 1551 1324 Domitiani
1581 1268 1782 1321 contra
1812 1263 2014 1319 fideles

358 1362 622 1431 adduxit,
657 1377 791 1417 eum
846 1360 1073 1415 fortiter
1115 1357 1475 1433 pertulisset,
1509 1355 1567 1411 in
1616 1354 2014 1426 omnibusque

360 1452 642 1525 probatus
684 1450 1078 1522 apparuisset,
1109 1447 1549 1504 celeberrimam
1577 1445 1821 1517 gloriam
1853 1447 2014 1501 retu-

359 1543 448 1598 lit.
483 1543 670 1605 Quare
703 1540 861 1594 fama
890 1537 1052 1595 velox
1083 1552 1433 1609 quocunque
1471 1550 1780 1608 permeans
1810 1532 2013 1589 claris-

362 1633 580 1686 simum
616 1629 746 1700 ejus
773 1644 988 1683 nomen
1020 1624 1361 1699 asperrimis
1390 1624 1627 1696 Trajani
1650 1623 1893 1679 auribus
1922 1623 2013 1678 in-

362 1718 585 1787 sonuit,
606 1716 994 1789 apostolicum
1018 1717 1149 1788 ejus
1169 1729 1406 1772 cursum
1425 1729 1601 1786 quem
1630 1712 1850 1783 ubique
1867 1711 2019 1768 velo-

2118 548 2334 640 1064‘s:
2381 553 2757 640 μακροτάτους
2799 555 2889 640 καὶ
2931 553 3351 631 χαλεπωτάτους
3376 564 3465 614 τοῦ
3489 581 3539 617 τε
3577 566 3696 640 πρώ-

2118 657 2215 693 του
2243 634 2497 713 διωγμοῦ
2527 637 2790 704 διαύλους
2818 639 3167 720 διαπεράσας,
3199 645 3290 709 οὓς
3320 648 3347 702 ὁ
3383 653 3575 723 πρῶτος

2123 723 2393 800 διωγτῶν,
2441 726 2531 783 καὶ
2565 729 2779 786 πάντων
2803 730 3061 795 κάκιστος
3113 738 3220 789 τῶν
3267 736 3477 793 πώποτε
3524 738 3700 816 βελασι-

2123 814 2418 886 λευκότων,
2451 817 2541 872 καί
2577 813 2949 893 βεϐήλότατος
2978 820 3165 897 Νέρων
3207 825 3340 881 κατά
3383 830 3473 881 τοῦ
3499 813 3699 904 Χριστωο

2120 903 2297 977 νύμου
2355 904 2734 982 πληρώματος
2793 906 3079 987 διήγειρε,
3127 911 3218 968 καὶ
3261 912 3386 977 τοὺς
3429 903 3703 995 κορυφαίους

2118 996 2227 1047 τῶν
2268 998 2505 1067 Χριστοῦ
2556 1000 2815 1068 μαθητῶν
2856 996 3055 1054 ἀνεῖλε.
3096 999 3241 1064 Τοὺς
3282 999 3327 1056 δ’
3370 1003 3432 1058 αὖ
3473 1003 3704 1078 petimus

2121 1085 2424 1157 χειμῶνας,
2473 1083 2565 1146 οῦς
2614 1086 2649 1154 ἡ
2701 1092 3035 1159 Δομετιανοῦ
3072 1089 3234 1163 μανία
3260 1092 3393 1147 κατὰ
3418 1096 3519 1148 τῶν
3543 1100 3702 1151 πιστῶν

2121 1168 2410 1249 ἀπήγαγεν,
2458 1169 2715 1247 ἀνδρείως
2763 1175 3083 1251 ὑπομείνας,
3139 1178 3229 1235 καὶ
3287 1178 3574 1255 δόκιμοςὲν
3606 1191 3705 1240 πᾶσι

2122 1259 2328 1336 φανεὶς,
2387 1256 2680 1332 διαϐόητον
2740 1264 3082 1344 ἀπηνᾶγκατο
3128 1267 3311 1335 κλιοςο
3368 1269 3480 1335 ὅθεν
3531 1274 3562 1341 ἡ
3606 1274 3707 1328 61:6—

2121 1367 2317 1440 πτερος
2381 1351 2575 1428 φήμη,
2633 1353 2946 1431 πανταχόσε
2992 1357 3211 1427 θέουσα,
3268 1360 3368 1429 τὴν
3409 1360 3704 1440 πανεύσημον

2120 1436 2287 1492 αὐτοῦ
2341 1440 2715 1515 προσηγορίαν
2779 1449 2902 1507 ταῖς
2949 1450 3048 1501 τοῦ
3093 1447 3360 1521 Τραϊανοῦ
3403 1436 3707 1525 τραχυτάταις

2122 1526 2333 1597 ἀκοαῖς,
2394 1526 2652 1605 ἒνήχησε,
2688 1530 2989 1608 βροντηδὸν
3045 1534 3448 1613 ἀναγγέλλουσα
3496 1539 3574 1595 τὸν
3599 1538 3703 1595 ἄπο-

2124 1617 2377 1674 στολικδν
2403 1620 2465 1675 ὃν
2513 1621 2803 1700 ἀπανταχῆ
2865 1625 3053 1700 μετῄει
3101 1628 3390 1704 πτερόεντα
3418 1626 3617 1706 δρόμον,
3639 1630 3707 1685 καὶ

2120 1708 2216 1763 τὸν
2244 1705 2417 1764 πολὺν
2445 1706 2672 1784 ίδρῶτα,
2721 1711 2810 1766 καὶ
2860 1713 3089 1789 μόχθον,
3139 1715 3232 1771 καὶ
3282 1719 3382 1787 τὴν
3407 1705 3459 1774 ἒν
3503 1714 3626 1795 ἔργῳ
3664 1739 3709 1774 τε

364 1824 488 1864 cem
526 1806 833 1876 ambierat,
856 1806 1048 1861 instar
1084 1802 1329 1859 tonitrui
1361 1800 1719 1857 annuntians
1760 1799 2012 1856 multum

364 1896 398 1912 \-
618 1897 663 1912 1,
721 1909 795 1912 -A-
854 1892 1108 1912 I_I__._-__‘
1163 1894 1506 1912 .._L-_a-1__.
1562 1906 1688 1912 ---μ
1713 1888 1768 1912 2..
1800 1888 1992 1912 _--_L2-

2130 1797 2214 1904 mi
2269 1795 2424 1912 λόγιρ
2477 1796 2729 1912 δύναμιν,
2782 1799 2852 1857 δι’
2910 1804 2983 1912 ιῖἶν
3015 1805 3050 1875 ἦ
3108 1806 3483 1882 κηρυττομίνη
3505 1810 3708 1881 θειοτάτη

358 1896 497 1953 item
523 1897 831 1963 sudorem,
854 1892 1138 1961 laborem,
1162 1894 1534 1964 potestatem,
1558 1906 1691 1945 cum
1713 1888 1775 1944 in
1800 1888 2014 1960 verbis,

2130 1886 2215 1941 καὶ
2246 1888 2520 1964 σωτήριος
2566 1887 2750 1946 πίστις
2783 1892 3037 1965 σημείοις
3063 1893 3155 1950 καὶ
3210 1896 3421 1973 τέρασιν
3481 1899 3558 1953 ὑπ’
3582 1897 3709 1955 αὑτοῦ

355 1992 483 2042 tum
518 1985 578 2041 in
624 1982 795 2040 factis
826 1981 1043 2054 quibus
1073 1979 1445 2037 divinissima
1476 1982 1534 2036 et
1562 1978 1839 2036 salutaris
1870 1978 2016 2036 ﬁdes

363 2074 682 2149 praedicata
728 2070 915 2145 signis
947 2078 1123 2142 atque
1161 2068 1463 2127 miraculis
1494 2069 1565 2125 ab
1594 2069 1722 2140 ipso
1760 2067 2017 2124 admira-

356 2163 556 2221 biliter
581 2162 752 2219 editis
775 2160 1247 2230 conﬁrmaretur,
1272 2161 1449 2230 atque
1470 2156 1847 2226 dilataretur;
1876 2172 2016 2228 gen-

355 2254 548 2310 tilium
579 2267 713 2309 vero
747 2250 1091 2323 superstitio
1116 2253 1177 2305 et
1206 2249 1404 2304 cultus
1435 2245 1887 2304 simulacrorum
1920 2262 2014 2301 ve-

358 2345 664 2399 hementer
710 2340 1116 2396 inﬁrmaretur
1162 2354 1229 2395 ac
1281 2335 1722 2393 dissolveretur.
1757 2338 1913 2402 Quas
1943 2334 2016 2391 ob

358 2449 453 2488 res
502 2436 791 2504 tyrannus
843 2429 1118 2485 turbatus
1150 2443 1217 2483 ac
1246 2426 1450 2483 furens
1482 2425 1767 2499 quosdam
1818 2422 2016 2480 animo

358 2521 532 2593 plane
574 2520 782 2587 ferino,
816 2518 916 2591 qui
970 2516 1268 2573 Phalarim
1314 2515 1716 2586 Echetumque
1773 2513 2013 2581 saevitia,

360 2609 735 2665 immanitate
768 2624 832 2663 ac
864 2606 1210 2663 crudelitate
1245 2620 1526 2676 superare
1554 2602 1910 2673 dicerentur,
1944 2601 2014 2657 ad

361 2704 555 2769 partes
605 2695 939 2753 Occidentis
988 2692 1321 2760 destinavit,
1362 2692 1627 2763 injuncto
1674 2690 1793 2746 illis
1843 2706 2017 2746 onere

364 2786 761 2859 investigandi
814 2802 880 2840 ac
928 2781 1320 2856 persequendi
1370 2780 1549 2835 divini
1600 2779 1918 2851 praeconis;
1959 2783 2018 2834 et

365 2875 555 2931 sicubi
586 2874 755 2929 illum
789 2872 1039 2928 decretis
1070 2870 1247 2943 regiis
1278 2869 1498 2938 cedere,
1530 2866 1898 2923 dmmonibus
1926 2866 2016 2921 in-

365 2962 582 3018 servire
614 2977 679 3017 ae
712 2961 1044 3016 sacriﬁcare
1086 2958 1462 3031 reperissent,
1494 2954 1815 3011 honoribus
1847 2955 2017 3010 deco-

367 3054 584 3117 rarent,
627 3049 945 3121 ipsumque
994 3047 1299 3103 hominum
1350 3061 1564 3100 corona
1613 3043 1893 3116 stipatum
1943 3043 2016 3100 ad

370 3155 433 3196 se
460 3139 843 3205 deducerent;
894 3136 987 3191 sin
1034 3135 1231 3191 minus
1279 3137 1528 3206 pareret,
1558 3132 1775 3189 ibidem
1808 3132 2016 3205 capitis

365 3225 811 3285 obtruncatione
842 3225 1171 3297 puniretur.

439 3355 624 3426 Igitur
656 3350 935 3418 ministri,
967 3348 1183 3406 diaboli
1232 3348 1555 3405 saevissima
1601 3348 1833 3420 tyranni
1865 3365 2016 3421 prae-

2124 1973 2442 2051 παραδόξως
2527 1977 2942 2056 ἰνεργουμὲνοις
3014 1978 3332 2042 ἐϐεϐαιοῦτο
3392 1986 3477 2042 καὶ
3534 1984 3714 2043 ἕπλατό-

2123 2085 2265 2133 νετο,
2314 2066 2404 2121 καὶ
2446 2066 2522 2129 ὡς
2573 2070 2607 2138 ἡ
2655 2073 2764 2124 τῶν
2809 2068 3096 2143 Ἑλλήνων
3128 2069 3533 2149 δεισιδαιμονία,
3558 2076 3632 2131 καὶ
3653 2074 3715 2130 εἷ-

2126 2150 2336 2224 δωλική
2409 2156 2670 2232 θρησκεία
2740 2160 2878 2214 κατά
2954 2160 3153 2238 κράτος
3236 2161 3588 2234 ἑστηλιτεύετο
3646 2162 3715 2219 καὶ

2123 2242 2433 2303 κατελύετο.
2496 2247 2611 2325 Ἐφ’
2669 2248 2754 2309 οἷς
2807 2245 2941 2323 ἄγαν
2988 2252 3287 2328 ταραχθεὶς
3314 2254 3342 2308 ὁ
3371 2251 3715 2324 λυσσώδηςτύ-

2126 2352 2337 2407 ραννος,
2396 2332 2688 2411 θηριώδεις
2716 2337 2869 2402 τινὰς
2898 2339 2998 2409 τήν
3027 2342 3280 2416 γνώμην,
3314 2341 3540 2420 Φάλαρίν
3576 2364 3623 2399 τε
3643 2342 3713 2397 καὶ

2124 2424 2354 2498 Ἔχετον
2384 2423 2510 2487 τοὺς
2542 2423 2630 2480 ἐπὶ
2663 2424 2931 2502 θηριωδίᾳ
2953 2428 3043 2484 καὶ
3075 2429 3428 2509 ἀσπλαγχνίᾳ
3469 2432 3548 2487 καἓ
3591 2430 3713 2505 ὠμό-

2122 2531 2246 2581 τητι
2310 2512 2627 2587 βοωμένους
2686 2515 3071 2593 ὑπεραίροντας
3103 2560 3118 2586 ,
3198 2518 3485 2595 ἐξέπεμψεν
3537 2519 3585 2576 ἐν
3627 2523 3717 2582 τοῖς

2124 2600 2262 2674 πρὸς
2309 2600 2469 2670 ἥλιον
2503 2599 2729 2658 δύνοντα
2761 2605 2975 2681 μᾶρεσιν
3010 2606 3336 2683 ίχνηλατεῖν
3390 2610 3476 2664 καί
3503 2605 3718 2664 καταδιώο

2123 2708 2236 2744 κειν
2266 2689 2358 2743 τὸν
2395 2692 2719 2767 θεοκήρυκα,
2777 2693 2869 2749 καὶ
2928 2694 2981 2750 εἷ’
3005 2716 3111 2750 που
3162 2701 3358 2754 τοῦτον
3412 2697 3613 2776 εὕροιεν,
3659 2693 3713 2750 εί-

2124 2798 2288 2832 κοντα
2347 2780 2440 2851 μὶν
2492 2785 2611 2844 τοῖς
2672 2780 2980 2855 βασιλικοῖς
3036 2781 3297 2860 δόγμασι,
3355 2787 3440 2843 καὶ
3490 2784 3720 2863 λατρεύειν

2122 2871 2240 2928 τοῖς
2271 2864 2516 2941 δαίμοσι,
2566 2870 2654 2925 καὶ
2714 2870 2857 2926 θύειν
2889 2871 3251 2948 ἀνεχόμενον,
3301 2880 3483 2951 τιμαῖς
3530 2893 3716 2950 καταγε-

2126 2954 2349 3032 ραίρειν,
2405 2956 2495 3011 καὶ
2554 2958 2629 3020 ὠς
2683 2959 2847 3015 αύθὸν
2902 2958 3379 3041 δορυφορούμενον
3433 2966 3645 3039 ἀνάγειν,
3689 2962 3717 3031 ἦ

2128 3047 2205 3118 μή
2266 3045 2590 3119 πειθόμενον
2639 3047 2824 3113 αὐτόθι
2880 3054 2949 3126 τῇ
3023 3055 3120 3108 τοῦ
3177 3053 3366 3133 ξίφους
3418 3058 3714 3129 τιμωρεῖσθαι

2124 3153 2295 3207 τομη.

2199 3350 2331 3412 Τοῖς
2389 3348 2480 3403 οὗν
2512 3357 2855 3426 τυραννικοῖς
2902 3354 2956 3408 οἱ
3006 3359 3104 3410 τοῦ
3155 3353 3421 3415 διαϐόλου
3452 3355 3718 3435 θεράποντες

371 3448 541 3516 cepta
588 3440 926 3514 implentes,
958 3442 1240 3510 tanquam
1290 3438 1424 3510 equi
1474 3438 1712 3509 quidam
1762 3436 2016 3493 stimulis

2130 3436 2454 3500 ἄθεωτάτοις
2482 3439 2938 3515 παροτρυνθὲντες
2966 3446 3407 3520 προστάγμασιν,
3446 3447 3549 3502 οἷον
3592 3445 3718 3500 ἵπποι

372 3530 594 3606 agitati,
618 3528 707 3587 vel
751 3527 1032 3585 famelica:
1066 3527 1197 3584 ferte
1235 3527 1305 3582 ad
1338 3527 1705 3583 venationem
1737 3525 2016 3596 excitatae,

2130 3526 2270 3588 τινες
2319 3524 2868 3604 οἷστρηλατούμενοι,
2928 3530 2964 3601 ἢ
2994 3532 3274 3590 πειναλὲοι
3336 3542 3494 3614 θῆρες
3542 3534 3613 3590 ἰπὶ
3648 3532 3721 3600 θή-

371 3623 428 3677 in
478 3620 760 3677 Gallicam
793 3618 1092 3693 regionem
1125 3621 1535 3684 cucurrerunt,
1562 3615 1761 3687 ibique
1817 3631 2016 3689 grega-

2133 3625 2228 3689 ραν
2283 3614 2642 3692 ἐπειγόμενοι,
2696 3618 2832 3675 κατᾶ
2885 3621 2986 3690 τὴν
3023 3619 3311 3697 Γαλλικήν
3368 3623 3509 3690 ἔθεον
3562 3623 3728 3699 χώραν,

373 3710 493 3768 rios
525 3709 814 3783 quosdam
864 3707 1163 3779 simulque
1210 3706 1469 3779 plebeios
1513 3703 1927 3773 sollicitabant,
1963 3707 2016 3759 ut

2131 3708 2375 3767 κακεῖθεν
2436 3704 2934 3782 ὀχλαγωγήσαντες
2980 3709 3279 3788 ἀγελαίους
3335 3715 3483 3776 τινὲς
3535 3712 3612 3767 καὶ
3658 3707 3732 3778 δη-

374 3799 820 3856 celebcrrimum
852 3797 1118 3853 divinum
1152 3811 1476 3868 praeconem
1511 3794 1893 3866 inquirerent.
1918 3792 2016 3860 Qui

2140 3790 2296 3865 μίους
2327 3793 2460 3866 ἅμα,
2506 3796 2842 3880 νκατεζήτουν
2873 3798 2963 3852 τὸν
3021 3798 3526 3876 παναοιδιμώτατον
3557 3796 3735 3880 0:0in-

374 3906 516 3947 sanc
546 3906 680 3945 cum
713 3888 959 3945 Parisiis
992 3902 1170 3960 parvo
1201 3885 1503 3958 oppidulo,
1529 3886 1684 3957 quod
1717 3886 1800 3940 sic
1829 3883 2016 3957 appel-

2136 3900 2294 3952 τορα.
2349 3881 2446 3936 Καὶ
2497 3879 2563 3951 δὴ
2606 3887 3080 3960 καταμηνυθέντος
3138 3887 3306 3944 αὐτοῦ
3361 3912 3477 3956 τοις
3528 3879 3735 3945 διώκταις

372 3979 553 4046 latur,
578 3993 709 4031 cum
741 3974 1179 4047 inquirentibus
1210 3977 1366 4029 esset
1405 3977 1697 4043 ostensus,
1730 3989 1796 4028 eo
1828 3971 2016 4029 celeri-

2142 3969 2404 4045 ὑπάρχειν
2437 3968 2489 4025 ἐν
2523 3972 2806 4044 Παρισίοις
2827 3973 3091 4052 (πολίχνῃ
3113 3975 3259 4032 οὕτω
3275 3977 3618 4055 καλουμένῃ),
3639 3972 3736 4048 δρο-

374 4071 464 4121 ter
491 4067 915 4135 properarunt;
948 4065 1264 4134 ipsumque
1306 4061 1616 4134 caliginem
1650 4077 1715 4116 ac
1745 4062 1803 4116 in
1838 4061 2016 4117 colen-

2142 4056 2319 4131 μαὶως
2394 4059 2787 4132 εἱσελάοαντες,
2857 4062 3030 4119 ἐκεῖσε
3092 4063 3397 4123 κατέλαϐον
3455 4066 3602 4123 αὐτόν
3643 4063 3743 4119 ἀτι-

378 4150 470 4207 dis
504 4149 837 4205 simulacris
882 4166 1133 4204 errorem
1166 4153 1223 4204 et
1260 4149 1573 4217 insaniam,
1610 4152 1735 4203 tum
1768 4149 2016 4204 veritatis

2139 4143 2405 4203 λαύνοντα
2425 4150 2518 4203 τόν
2542 4170 2600 4204 τε
2619 4148 2718 4218 τῆς
2738 4149 3137 4227 εἰδωλομανίας
3157 4153 3367 4212 πλάνον
3397 4157 3484 4212 καὶ
3512 4154 3653 4233 ζόφον
3675 4153 3738 4221 τῷ

378 4238 835 4314 praeconio,tum
859 4238 1066 4292 divinae
1091 4237 1366 4293 doctrinae
1397 4236 1728 4309 splendore,
1755 4255 1820 4293 ac
1850 4239 2029 4293 mira-

380 4328 648 4384 culorum
671 4326 950 4400 prodigiis
973 4325 1394 4397 propellentem
1419 4325 1811 4382 offenderunt.
1835 4325 2030 4382 Oculis

381 4420 537 4474 enim
570 4433 853 4473 caecorum
900 4416 996 4471 lux
1030 4414 1471 4481 restituebatur,
1504 4414 1814 4471 surdorum
1861 4431 2030 4472 aures

380 4507 817 4579 aperiebantur,
843 4505 1059 4578 linguae
1089 4506 1386 4560 mutorum
1420 4503 1814 4574 solvebantur,
1839 4520 2027 4561 inces-

2136 4256 2195 4292 τε
2221 4244 2321 4307 τῆς
2350 4236 2609 4309 ἀληθείας
2637 4240 2972 4318 κηρύγματι,
3003 4243 3093 4299 καί
3121 4249 3200 4319 τῷ
3223 4254 3327 4318 τῆς
3356 4247 3497 4313 θείας
3524 4242 3741 4302 διδςνκα-

2139 4322 2260 4386 λίας
2282 4323 2663 4401 διαυγάσματι,
2696 4329 2785 4384 καὶ
2813 4335 2930 4394 τοῖς
2957 4337 3064 4388 τῶν
3096 4333 3387 4409 θαυμάτων
3426 4329 3743 4410 τερατοιργή-

2143 4435 2325 4487 μασιν,
2345 4414 2653 4495 Ὀφθαλμοὶ
2683 4418 2787 4494 γὰρ
2812 4419 3036 4498 τυφλῶν
3070 4418 3392 4495 ἀνέϐλεπον,
3422 4422 3509 4479 καὶ
3539 4424 3639 4478 ὦτα
3663 4437 3742 4475 κω·

2140 4523 2253 4582 φων
2277 4505 2592 4579 ἠνοίγοντο,
2613 4506 2960 4584 καὶγλῶσσαι
2988 4509 3314 4586 μογιλάλων
3338 4513 3657 4589 ἐτρανοῦντο,
3675 4504 3743 4562 καὶ

382 4614 486 4653 sus
517 4595 862 4652 claudorum
895 4592 1471 4664 constringebantur,
1492 4591 1909 4649 variis'morbis
1939 4595 2011 4649 ob

2149 4592 2327 4667 βάσεις
2350 4592 2555 4669 χωλῶν
2578 4597 3013 4675 συνεσφίγγοντο,
3043 4600 3134 4655 καὶ
3165 4583 3439 4658 ποικίλων
3467 4598 3742 4674 νοσημάτων

380 4685 597 4757 stricti,
630 4683 943 4757 implorato
988 4682 1310 4739 Servatoris
1348 4682 1767 4755 omnipotentis
1799 4682 2037 4751 auxilio,

2147 4681 2489 4746 ἀσθενοῦντες
2518 4682 3015 4762 ἡλευθεροῦντο,τῇ
3040 4692 3137 4744 τοῦ
3167 4687 3570 4764 παντοδυνᾶμου
3590 4684 3745 4752 Σωτῆ-

379 4791 485 4848 per
534 4775 891 4831 admiranda:
940 4771 1269 4828 sanctitatis
1316 4771 1447 4843 ejus
1499 4772 1837 4828 ministrum
1887 4772 2016 4828 mir:

2147 4791 2243 4846 ρος
2272 4771 2579 4844 ἐπικλήσει,
2612 4771 2703 4830 διὰ
2728 4778 2825 4831 τοῦ
2856 4778 3304 4851 θαυμασιωτάτου
3350 4779 3649 4857 θεράποντες
3673 4772 3747 4829 αὖ·

381 4864 714 4935 facientem,
759 4881 825 4918 ac
885 4863 946 4918 in
996 4861 1256 4918 tenebris
1302 4860 1645 4933 ignorantiae
1692 4861 1913 4933 positos
1962 4863 2033 4919 ad

384 4954 737 5026 cognitionis
768 4958 826 5008 et
874 4951 1085 5008 salutis
1134 4950 1326 5007 lucem
1377 4950 2035 5018 adducentem,.libera-

382 5044 618 5099 bantur.
657 5043 896 5098 Interim
939 5041 1094 5097 enim
1129 5039 1390 5097 fidelium
1438 5039 1749 5096 multitudo
1780 5041 2032 5113 augeba-

382 5136 498 5198 tur,
533 5131 767 5202 Deoque
814 5147 916 5202 per
962 5130 1236 5199 Galliam,
1270 5146 1337 5186 ac
1381 5128 1752 5185 Germaniam
1802 5130 2031 5201 provin-

383 5221 532 5276 ciam
560 5221 870 5276 maximam
896 5219 1115 5292 templa
1137 5219 1568 5285 excitabantur;
1597 5233 1876 5273 numerus
1897 5235 2029 5276 vero

383 5309 931 5381 superstitiosorum
1000 5310 1403 5375 decrescebat,
1457 5311 1513 5363 ct
1577 5307 2026 5365 simulacrorum

385 5399 538 5456 386
578 5399 798 5471 templa
845 5398 1245 5464 diruebantur,
1279 5397 1574 5470 Belialque
1626 5397 1813 5453 hostis
1864 5403 2025 5470 pote-

384 5494 507 5546 stas
538 5492 596 5543 ct
628 5488 787 5543 fraus
819 5487 1334 5557 conculcabantur,
1367 5487 1534 5558 isque
1564 5487 1621 5541 in
1656 5486 2024 5560 triumphum

384 5577 728 5633 ducebatur.
762 5578 1150 5644 Quamobrem
1196 5575 1375 5630 miser
1404 5592 1516 5630 non
1567 5578 1759 5632 ferens
1791 5594 2025 5635 cernere

385 5681 553 5723 suam
587 5664 776 5737 ipsius
816 5664 1130 5735 potentiam
1166 5663 1429 5731 dissolvi,
1462 5664 1793 5722 obedientes
1824 5670 1881 5722 et
1913 5667 2021 5721 mi-

2142 4865 2240 4917 τοῦ
2266 4860 2862 4939 παραδοεοποιοῦντος,
2886 4867 2977 4922 καὶ
3005 4866 3134 4933 τοὺς
3165 4867 3218 4925 ἰν
3237 4870 3418 4927 σκότει
3446 4876 3541 4941 τῆς
3566 4862 3745 4943 ἀγνοῖκς

2142 4951 2485 5025 καθημένους
2511 4954 2999 5030 προσκαλουμένου
3046 4958 3183 5035 πρὸς
3226 4959 3288 5015 τὸ
3347 4955 3461 5036 φῶς
3513 4962 3607 5029 τῆς
3632 4951 3746 5031 γνώ-

2145 5061 2280 5103 σεως
2339 5042 2431 5096 καὶ
2493 5042 2787 5119 σωτηρίαςο
2852 5044 2941 5101 ἐπὶ
2995 5046 3211 5112 τούτοις
3258 5046 3362 5126 γὰρ
3418 5050 3526 5105 τῶν
3573 5045 3744 5102 πιστῶν

2141 5131 2175 5200 ἠ
2223 5128 2438 5201 πληθὺς
2467 5129 2749 5204 ηὐξάνετο,
2787 5133 2878 5189 καὶ
2929 5137 3045 5192 ναοὶ
3073 5142 3154 5211 τῷ
3193 5142 3308 5212 Θεῷ
3350 5136 3486 5193 κατὰ
3530 5130 3746 5195 Γαλλίανι

2139 5218 2227 5273 καὶ
2275 5221 2598 5294 Γερμανίαν,
2656 5222 2755 5290 τὴν
2822 5224 3084 5299 μεγίστην
3149 5224 3436 5304 ἐπαρχίαν,
3485 5220 3747 5301 ἠγείροντο·

2140 5308 2167 5362 ὁ
2215 5306 2272 5363 δὲ
2326 5312 2433 5363 τῶν
2467 5306 2886 5385 δεισιδαιμόνων
2928 5312 3165 5390 ἀριθμὸς
3211 5314 3536 5385 ἠλαττοῦτο,
3562 5308 3747 5366 καὶτῶν

2146 5394 2393 5454 εἷδώλων
2423 5399 2474 5453 οἱ
2505 5400 2663 5470 σηκοὶ
2684 5401 3162 5479 κατερῥιπτοῦντο,
3180 5400 3268 5459 καὶ
3298 5405 3332 5473 ἡ
3356 5405 3455 5458 τοῦ
3476 5398 3652 5473 Βελίαρ
3676 5397 3751 5449 τοῦ

2136 5484 2436 5560 δυσμενοῦς
2518 5485 2804 5546 δυναστεία
2878 5492 2968 5546 καὶ
3038 5491 3215 5564 ἀπάτη
3283 5496 3619 5548 κατεπατεῖτο
3675 5482 3745 5539 καὶ

2133 5571 2541 5651 ἐθριαμϐεύετο.
2571 5578 2650 5632 Δι’
2679 5579 2708 5633 ὃ
2743 5579 2818 5651 μή
2872 5582 3049 5657 φέρων
3080 5580 3494 5654 καταλυομένην
3526 5580 3639 5655 ὁρᾷν
3662 5571 3719 5641 τῆ

2129 5666 2324 5722 ὶαυτοῦ
2346 5660 2572 5742 δύναμιν
2596 5664 2624 5723 ὁ
2656 5664 3051 5743 δείλαιος,τοὺς
3075 5662 3346 5743 madeo;
3366 5667 3457 5725 καὶ
3477 5659 3746 5741 ὑπουργοὺς
