3930 6202
267 365 384 422 661

1308 374 1502 442 VITA,
1543 376 1879 433 AUCTOR!
1915 378 2289 435 MICHAELE
2326 380 2678 437 BYNGELO.

3590 383 3700 439 662

273 488 417 545 κατά
443 492 543 544 τοῦ
592 488 753 566 ἀγίου
801 493 905 547 τοῦ
958 495 1346 572 καθαιροῦντος
1403 496 1567 551 αὐτοῦ
1620 499 1721 567 τὴν
1781 499 1851 571 ἐξ(

2112 504 2265 557 stros
2297 507 2499 558 contra
2532 503 2721 557 virum
2753 506 3023 559 sanctum
3049 504 3323 575 potentiae
3346 504 3505 562 illius
3534 505 3695 561 inva-

282 575 423 644 σίαν,
470 577 561 632 καὶ
619 579 720 648 τὴν
775 578 1045 656 αἰσχύνην
1093 580 1686 659 παραδειγματίζοντος
1743 586 1937 661 ἐξέμηο

286 685 375 720 νεν
413 685 425 697 ’
460 664 678 739 οἵτινες,
727 668 886 724 αὐτὸν
937 669 1197 745 ἆμμανῶς
1248 670 1616 739 συλλαϐόντες
1664 676 1755 731 σὺν
1780 678 1934 733 Ῥου-

280 758 457 826 στίχῳ
504 756 595 811 καὶ
651 754 994 834 Ἐλενθερίω,
1024 766 1142 823 τοῖς
1185 760 1555 839 έναγεστατοις
1598 766 1760 821 ἀυτοῦ
1808 787 1936 844 φοι-

278 848 478 913 τηταῖς
523 845 614 899 καὶ
662 854 1051 920 πνευματικοῖς
1104 850 1270 906 υἰὲσίν
1324 851 1423 926 (ὧν
1468 856 1558 909 τὸν
1596 856 1690 928 μὲν
1718 857 1934 931 ἱερουρ-

277 932 400 1006 γὸν,
431 934 523 988 τὸν
552 931 611 988 δὶ
654 934 976 1013 λειτουργὸν
1024 941 1354 1016 καθιέρωσεν
1387 959 1399 974 ⁸
1461 941 1625 1021 ἄμφω
1679 945 1779 1022 γὰρ
1808 966 1933 999 συν-

288 1022 658 1098 ηγωνιζέσθην
708 1027 796 1080 καὶ
876 1030 1260 1105 συνετρεχέτην
1316 1036 1397 1104 τῷ
1456 1032 1643 1106 οἰκείῳ
1699 1036 1933 1109 καθηγε-

290 1110 420 1183 μόνι
450 1111 539 1166 καὶ
589 1119 932 1190 φωαγωγῷ,
979 1117 1217 1193 καθάπερ
1269 1119 1470 1193 ἷῘαύΛῳ
1512 1125 1591 1195 τῷ
1619 1128 1719 1193 τῆς
1749 1122 1933 1178 οἰκου-

289 1197 465 1271 μένης
504 1209 752 1278 φωστῆρι
811 1202 1087 1270 Συλυανὸς
1138 1206 1226 1262 καὶ
1283 1209 1594 1284 Τιμόθεος),
1653 1212 1742 1267 καὶ
1771 1225 1932 1278 καθε-

272 1286 493 1378 σθέντες
545 1289 632 1378 ἐπὶ
688 1298 992 1369 τυραννικῷ
1067 1296 1297 1370 βήματι,
1375 1294 1746 1375 ἐμϐλέψαντες
1800 1299 1928 1378 δρα-

268 1377 508 1467 κοντείῳ
539 1376 871 1467 βλέμματι,
915 1384 1004 1437 καὶ
1050 1383 1306 1459 λεοντείῳ
1356 1389 1679 1464 βρυχήματι
1736 1376 1929 1467 κεκρα-

264 1465 453 1541 γότες,
508 1465 713 1543 ἤροντο
772 1470 1023 1547 λέγοντες
1059 1491 1074 1507 ⁸
1132 1499 1160 1527 (ι
1220 1474 1567 1545 Ὠ-δύστηνε
1611 1465 1927 1556 γεραιὴ-σὺ

268 1558 582 1647 τυγχάνεις
629 1558 704 1613 ὢν
752 1560 781 1614 ὁ
835 1565 944 1615 τῶν
1005 1564 1139 1618 θεῶν
1190 1567 1351 1639 ἡμῶν
1409 1568 1472 1622 τὸ
1524 1563 1682 1631 σέϐας
1719 1569 1927 1647 ἀπαγο-

269 1645 473 1719 ρεύων,
501 1646 591 1702 καὶ
647 1647 773 1711 τοὺς
831 1647 998 1713 λαοὺς
1051 1657 1256 1727 μαγικῇ
1306 1653 1501 1731 τέχνῃ,
1548 1656 1639 1711 καὶ
1691 1645 1928 1733 εὐγλωτ-

261 1734 362 1805 τίᾳ
444 1735 784 1813 γοητεύμασί
839 1759 899 1794 τε
974 1740 1177 1795 πείθων
1239 1744 1315 1815 μή
1376 1742 1656 1819 λατρεύειν
1716 1748 1926 1822 αὐτοῖς,

268 1823 367 1877 καὶ
422 1829 542 1887 τοῖς
594 1824 873 1898 ἀνικήτοις
929 1828 1265 1886 ἀντιπίπτων
1330 1832 1631 1908 βασιλεῦσι,
1680 1836 1769 1891 καὶ
1826 1839 1926 1907 τήν

268 1914 387 1965 τῶν
450 1909 744 1989 δογμάτων
796 1915 971 1973 αὐτῶν
1030 1918 1192 1994 ἰσχὺν
1251 1918 1756 2000 ἀποϐαλλόμενοςς
1815 1926 1928 1983 Τίνι

280 2000 508 2056 σεαυτὸν
560 2000 829 2083 ζπιγράφῃ
884 2006 973 2061 καὶ
1031 2008 1190 2072 ποίας
1249 2011 1528 2085 θρησκείας
1579 2013 1646 2084 εἰ,
1691 2016 1780 2071 καὶ
1813 2016 1932 2073 τίνα

278 2089 572 2165 κηρύττεις
602 2093 724 2156 θεόν
756 2111 770 2163 ;
808 2118 829 2146 ι
878 2096 935 2149 Ὀ
992 2093 1070 2167 δὲ,
1128 2099 1247 2153 κατ’
1302 2096 1454 2155 οὐδὲν
1505 2098 1680 2168 δείσας
1706 2106 1804 2175 τὴν
1842 2106 1931 2161 αύ-

274 2182 394 2233 τῶν
455 2180 789 2275 θρῖωτάτην
850 2184 1135 2275 ἀπόνοιαν,
1191 2186 1463 2264 εὐθαρσῶς
1518 2188 1640 2247 λίαν
1702 2193 1930 2275 ἀντέφη-

280 2288 371 2323 σεν
407 2287 420 2301 ·
458 2293 497 2359 ιιΔ
519 2270 665 2359 Ἐγώ
695 2272 809 2345 εἰμι
841 2274 870 2328 ὁ
913 2281 1016 2344 τῆς
1062 2275 1213 2349 ὑμῶν
1250 2276 1430 2341 ἀθείας
1460 2283 1806 2359 καθαιρέτης,
1837 2270 1927 2341 καὶ

276 2355 724 2447 τῆςῗείδῶλικῆς
789 2366 1167 2441 μυσαρότητος
1232 2366 1563 2440 καταλυτής,
1613 2355 1702 2427 καὶ
1747 2355 1925 2447 πάσης

278 2446 624 2518 Ἑλληνικῆς
652 2449 868 2521 πλάνης
919 2452 1303 2526 στηλιτευτής,
1332 2461 1399 2532 τῇ
1438 2462 1535 2513 τοῦ
1567 2461 1801 2535 Χριστοῦ
1829 2446 1926 2519 τοῦ

280 2542 613 2626 μονογενοῦς
671 2541 799 2596 Υἰοῦ
853 2546 951 2597 τοῦ
1009 2548 1143 2599 Θεοῦ
1194 2543 1414 2620 δυνάμει
1465 2551 1829 2625 κατεστηκὼς,
1880 2553 1925 2626 ᾦ

276 2625 369 2679 καὶ
404 2623 640 2714 ἐμαυτὸν
698 2628 933 2701 ἀνέθηκα
981 2629 1197 2703 δοῦλον,
1231 2635 1277 2708 ᾧ
1332 2635 1421 2691 καὶ
1474 2634 1719 2712 λατρεύω
1763 2623 1925 2714 έντῷ

277 2713 553 2787 πνεύματί
602 2738 730 2789 μου,
760 2723 841 2791 τῷ
896 2721 1001 2793 πρὸ
1049 2722 1261 2777 πάντων
1311 2724 1406 2796 μὲν
1449 2729 1555 2781 τῶν
1614 2727 1824 2783 αἰώνων
1869 2713 1928 2784 ἐκ

282 2805 499 2877 Πατρὸς
551 2806 860 2881 γεννηθέντι
922 2810 1140 2876 ἀπαθῶς
1192 2813 1283 2868 καὶ
1340 2813 1615 2889 ἀχρόνως,
1663 2815 1749 2872 ἐπὶ
1779 2814 1926 2874 τέλει

280 2890 340 2949 δὲ
370 2898 479 2949 τῶν
511 2895 721 2952 αἰώνων
776 2897 835 2954 ἐκ
892 2900 1161 2973 Παρθένου
1202 2903 1416 2978 Μαρίας
1465 2902 1586 2960 ἄνευ
1635 2912 1840 2984 σπορᾶς
1867 2930 1927 2965 τε

276 2983 374 3037 καὶ
424 2986 627 3062 φθορᾶς
683 2988 1010 3062 σαρκωθέντι
1066 2991 1153 3046 καὶ
1210 2993 1480 3068 τεχθέντι,
1537 2996 1673 3050 κατά
1729 2997 1925 3069 πάντα,

277 3070 432 3141 πλὴν
463 3079 563 3143 τῆς
594 3074 884 3148 ἁμαρτίας,
943 3078 1125 3154 βροτῷ
1171 3082 1292 3145 καθ’
1320 3082 1468 3156 ἡμᾶς
1499 3084 1923 3159 χρηματίσαντι,

275 3160 477 3249 καίᾹδι³
532 3162 738 3219 οἰκείου
790 3171 1024 3242 σταυροῦ
1080 3169 1169 3224 καί
1229 3168 1457 3234 θανάτου
1511 3173 1573 3228 τὸ
1601 3173 1800 3249 κράτος
1825 3175 1927 3231 τοῦ

278 3245 549 3306 διαϐόλου
598 3256 1015 3333 καταργήσαντι,
1072 3258 1161 3313 καὶ
1210 3258 1301 3313 τὸν
1355 3261 1578 3323 θάνατον
1619 3245 1927 3339 νεκρώσαν-

275 3359 353 3407 τι,
387 3340 476 3394 καὶ
516 3340 713 3419 μέχρις
774 3339 906 3413 ᾅδου
952 3349 1050 3401 τοῦ
1109 3343 1427 3423 δυσείμονος
1472 3351 1811 3423 κατελθόντι,
1838 3355 1927 3409 καὶ

274 3426 341 3517 τὸ
396 3426 567 3483 ἰκεῖσε
623 3429 814 3493 σκότος
868 3432 1116 3505 λύσαντι,
1172 3435 1263 3490 καὶ
1309 3442 1377 3511 τῇ
1425 3442 1709 3517 τριημέρῳ
1765 3443 1928 3498 αὑτοῦ

280 3513 344 3568 ἐκ
378 3520 584 3590 νεκρῶν
632 3517 909 3576 ἀναστάσει
968 3525 1085 3590 φῶς
1129 3527 1208 3596 τῷ
1263 3525 1456 3601 κόσμῳ
1507 3513 1805 3603 λάμψαντι,
1838 3533 1927 3586 καὶ

281 3605 432 3672 ζωήν
480 3606 567 3660 καὶ
628 3605 928 3683 ἀχθαρσίαν
992 3610 1252 3686 βλύσαντι
1288 3632 1301 3647 ⁸
1337 3613 1396 3676 ὃς
1439 3612 1701 3688 ἐξεδίδαξε
1753 3614 1924 3674 σέϐειν

275 3689 375 3745 ἕνα
432 3694 562 3748 Θεὸν
615 3693 669 3749 ἐν
712 3697 886 3772 τρισὶν
940 3700 1260 3756 ὑποστάσεσι
1319 3700 1722 3781 διαιρουμέναις
1767 3709 1929 3785 ἀσυγ-

277 3779 693 3854 χῦτως,ἠ’κουν
743 3784 794 3840 ἐν
851 3788 1044 3865 Πατρῖ,
1104 3789 1194 3845 καὶ
1252 3792 1384 3864 Υἱῷ,
1435 3779 1525 3848 καὶ
1582 3795 1723 3869 ἁγίῳ
1767 3779 1930 3852 Πνεζς-

279 3889 439 3959 ματι,
471 3872 637 3935 αὐτὸς
663 3875 923 3952 ὑπαρχων
974 3879 1052 3940 εἰς
1100 3885 1200 3949 τῆς
1231 3879 1484 3937 ἀκτίστου
1517 3881 1769 3959 Τριάδος,
1803 3907 1927 3941 συνι-

274 3955 485 4026 αἳδιος,
540 3962 630 4015 καὶ
687 3963 1044 4041 συνάναρχος,
1103 3968 1192 4023 καὶ
1252 3969 1547 4042 ὁμοούσιος
1600 3977 1677 4045 τῷ
1735 3976 1926 4050 Πατρὶ,

272 4048 369 4101 καί
429 4053 510 4119 τῷ
562 4049 703 4125 ἁγίῳ
759 4052 1054 4128 Πνεύματι.
1104 4056 1309 4114 Τοῦτον
1363 4060 1453 4115 τὸν
1501 4059 1759 4132 ἀληθινὸν
1801 4048 1931 4119 Θεὸν

270 4135 664 4211 κηρύττομεν’
726 4141 930 4213 ταύτην
1005 4147 1105 4216 τήν
1191 4148 1426 4222 καθαρὰν
1478 4150 1567 4204 καὶ
1620 4151 1927 4226 ἀμώμητον

269 4229 389 4280 τῶν
448 4232 784 4303 Χριστῐατῶν
836 4233 1016 4288 πίστιν
1081 4235 1484 4313 καταγγέλομεν
1528 4257 1541 4272 '
1624 4240 1752 4317 ὑπὲρ
1802 4242 1929 4297 ταύ-

268 4334 379 4383 της
416 4316 590 4370 πάντα
645 4317 862 4383 παθεῖν’
894 4321 1128 4397 ἑτοίμως
1178 4320 1404 4400 ἔχομεν,
1464 4326 1526 4382 οὐ
1575 4316 1821 4405 πῖιρ,⁷οὖ
1853 4329 1927 4401 ξί-

274 4423 402 4493 φος,
458 4403 519 4493 οὗ
572 4406 743 4480 θυμὸν
800 4409 998 4485 ἀγρίων
1075 4418 1279 4488 θηρῶν,
1352 4415 1463 4470 οὔθ’
1521 4403 1735 4473 οἰανοῦν
1794 4420 1931 4493 πρὸς

275 4491 433 4566 ὑμῶν
467 4492 859 4570 ἐπινοουμένην
893 4499 1136 4576 βασάνων
1172 4500 1315 4559 ἰδέαν
1338 4501 1721 4579 δειμαίνοντες.
1757 4532 1780 4560 ι

348 4697 467 4766 Τὴν
499 4695 797 4774 εὐτολμίαν
847 4698 937 4759 οὖν
986 4708 1084 4759 τοῦ
1131 4703 1513 4783 ἀνδρειοτάτου
1561 4711 1653 4766 καὶ
1700 4710 1923 4768 πολυει-

273 4782 525 4858 δήμονος
553 4788 812 4865 γέροντος
860 4782 1295 4872 καταπλαγέντες
1349 4798 1401 4852 οἱ
1449 4797 1725 4875 τύραννοι,
1757 4800 1923 4859 πάλιν

271 4876 418 4948 πρὸς
468 4876 631 4933 αὐτὸν
678 4879 769 4934 καὶ
813 4879 942 4944 τοὺς
1001 4883 1164 4939 αὐτοῦ
1218 4885 1515 4950 συνάθλους
1562 4890 1804 4962 μαθητὰς
1853 4892 1925 4946 εἴ·

266 4986 405 5032 πον,
449 4964 683 5038 ἀπειλήν
733 4990 792 5024 τε
820 4969 1076 5037 πνέοντες
1121 4975 1211 5029 καὶ
1261 4977 1653 5051 μαργαίνοντες
1684 4998 1697 5012 ⁸
1724 5003 1752 5031 ‹‹
1788 4981 1929 5054 Πρὸς

267 5055 433 5126 ὑμῶν
468 5055 571 5129 ἄρα
598 5056 665 5112 τά
692 5062 799 5112 τῶν
854 5060 1124 5135 βασιλέων
1169 5066 1330 5136 ἡμῶν
1380 5065 1469 5120 καὶ
1518 5066 1800 5142 ἀρχόντων
1833 5090 1928 5124 κα-

268 5149 629 5217 ταφρονεῖται
670 5144 922 5223 δὺγματά
963 5172 1020 5205 τε
1067 5153 1155 5206 καὶ
1188 5156 1607 5229 προστάγματα,
1635 5158 1725 5213 καὶ
1754 5161 1789 5227 ἡ
1820 5162 1926 5213 τῶν

266 5233 568 5320 ἀηττήτων
596 5236 756 5307 ἡμῶν
790 5243 922 5301 θεῶν
968 5242 1104 5313 τιμή
1159 5242 1247 5296 καὶ
1279 5243 1491 5317 ἐξουσία
1520 5251 1821 5320 παρορᾶται
1852 5266 1866 5316 ;
1901 5270 1929 5299 ››

268 5322 338 5377 Ὁ
372 5317 430 5374 δὲ
463 5327 606 5385 θεῖος
658 5324 943 5401 ἱεράρχης,
995 5330 1083 5383 καὶ
1132 5326 1305 5405 λὸγῳ,
1344 5334 1431 5388 καὶ
1485 5317 1627 5410 Em)
1656 5317 1756 5405 τῆς
1791 5356 1930 5411 μαρ-

268 5416 509 5483 τυρικῆς
578 5416 925 5488 παρατάξεως
999 5419 1436 5495 προηγούμενος,
1490 5422 1928 5499 θαρσαλεώτερον

272 5496 435 5559 αὖθις
487 5499 889 5588 ὀντεφθέγξᾼατοο
921 5528 949 5555 ‹‹
1009 5504 1235 5564 Ὀλοιτο
1299 5496 1567 5584 βασιλέων
1610 5511 1700 5566 καὶ
1737 5496 1934 5588 ἀρχόν-

271 5607 392 5678 των
450 5588 592 5678 gmw
653 5586 841 5655 ἀσεϐές
895 5614 954 5649 τε
1010 5597 1101 5650 καὶ
1160 5597 1401 5655 ἀντίθεον
1447 5586 1931 5678 πρόσταγμαλκαὶ

277 5675 400 5739 θεοὶ
432 5674 485 5732 o'l
514 5678 609 5732 τὸν
642 5678 870 5755 οὐρανὸν
900 5682 991 5738 καὶ
1035 5684 1134 5756 τὴν
1184 5689 1283 5761 γῆν
1335 5686 1434 5743 οὐκ
1459 5674 1716 5762 ἰποίησαν
1750 5674 1932 5746 rimo-

2049 604 2264 658 sorem,
2296 595 2352 646 et
2380 590 2680 646 dedecoris
2712 590 2962 646 indicem
2999 591 3273 664 impulit;
3307 593 3697 664 quifuribun-

2048 678 2105 733 di
2137 695 2267 734 cum
2311 679 2505 751 ipsum
2550 679 3130 751 comprehendissent
3174 696 3307 735 cum
3356 680 3595 739 Rustico
3642 688 3700 739 et

2049 766 2381 824 Eleutherio
2440 768 2835 824 sanctissimis
2882 769 3011 839 ejus
3067 768 3396 840 discipulis,
3442 771 3700 844 ﬁliisque

2046 856 2259 927 spiritu
2291 857 2402 912 sibi
2437 856 2790 928 conjunctis,
2823 873 3075 929 quorum
3109 856 3274 913 illum
3325 859 3564 930 quidem
3597 877 3698 917 sa-

2046 944 2328 1017 criﬁcum,
2352 947 2508 1001 hunc
2536 963 2673 1002 vero
2703 963 3005 1002 sacrorum
3029 946 3371 1003 ministrum
3394 964 3699 1004 consecra-

2045 1039 2155 1101 rat,
2189 1036 2259 1090 ad
2294 1034 2525 1108 tyranni
2556 1035 2821 1091 tribunal
2852 1034 3088 1090 sistunt.
3123 1036 3307 1091 Simul
3326 1036 3500 1092 etiam
3525 1039 3699 1095 ambo

2044 1124 2447 1190 decertabant,
2479 1140 2547 1180 ac
2576 1124 2837 1179 ductoris
2867 1129 2923 1180 et
2944 1125 3317 1197 praeceptoris
3344 1127 3461 1197 sui,
3493 1143 3697 1198 quem-

2043 1214 2365 1268 admodum
2397 1212 2573 1268 etiam
2605 1213 2770 1268 Pauli
2800 1212 2959 1268 orbis
2990 1217 3155 1267 terra:
3194 1213 3441 1269 luminis
3495 1214 3695 1287 Sylva-
3748 1260 3751 1265 ,

2043 1318 2157 1357 nus
2187 1305 2244 1356 et
2273 1301 2644 1370 Timotheus,
2666 1302 3006 1357 certaminis
3029 1305 3085 1357 et
3105 1318 3316 1359 cursus
3339 1303 3481 1359 socii
3504 1309 3693 1361 erant.

2043 1390 2109 1445 Et
2157 1391 2462 1463 tyrannico
2509 1389 2787 1446 tribunali
2841 1390 3189 1461 insidentes,
3252 1390 3360 1447 hos
3411 1396 3572 1448 torvo
3630 1409 3696 1448 ac

2042 1478 2312 1535 draconis
2360 1484 2598 1551 aspectu
2648 1480 2943 1535 intuentes
2988 1478 3171 1535 leonis
3202 1479 3397 1550 rugitu
3438 1479 3693 1536 interro-

2040 1568 2281 1640 gabant,
2315 1568 2577 1624 dicentes
2605 1584 2618 1622 :
2652 1590 2682 1619 «
2717 1568 2760 1623 Ο
2780 1567 3073 1639 despicate
3096 1583 3296 1635 senex,
3322 1572 3464 1624 tune
3485 1583 3548 1624 es
3572 1568 3693 1635 ille,

2041 1657 2140 1729 qui
2171 1656 2396 1713 cultum
2428 1658 2671 1714 deorum
2703 1661 3041 1714 nostrorum
3088 1661 3269 1723 vetas,
3324 1656 3696 1729 populosque

2040 1754 2161 1803 arte
2190 1746 2440 1819 magica,
2472 1750 2529 1802 et
2558 1746 2789 1803 dicendi
2819 1746 3087 1814 artiﬁcio,
3118 1762 3185 1802 ac
3211 1745 3525 1818 praestigiis
3556 1763 3694 1802 con-

1959 1873 2007 1938 Β
2040 1837 2204 1905 fisus,
2238 1836 2371 1892 illos
2401 1835 2689 1904 venerari,
2718 1840 2774 1892 et
2818 1835 3051 1891 invictis
3103 1851 3305 1909 parere
3335 1835 3575 1908 regibus
3602 1851 3692 1891 re-

2041 1926 2226 1997 sistis,
2243 1925 2477 1996 vimque
2496 1926 2906 1981 mandatorum
2928 1924 3163 1980 illorum
3182 1925 3375 1996 rejicis
3395 1925 3424 1980 ?
3444 1924 3689 1982 Cuinam

2043 2019 2221 2072 temet
2250 2014 2570 2071 addixisti?
2619 2016 2736 2070 Aut
2765 2031 2882 2087 qua
2911 2013 3191 2088 religione
3234 2015 3552 2070 obstrictus
3604 2031 3689 2082 es,

2042 2110 2100 2162 et
2120 2122 2292 2179 quem
2315 2105 2485 2160 deum
2516 2105 2800 2176 praedicas
2822 2104 2851 2158 ?
2873 2122 2900 2155 ω
2926 2103 3027 2159 Ille
3047 2120 3201 2174 vero,
3226 2103 3688 2160 audacissimum

2039 2193 2275 2251 illorum
2307 2192 2732 2250 contumaciam
2766 2191 2915 2247 nihil
2946 2193 3191 2258 veritus,
3232 2192 3495 2248 animose
3526 2191 3694 2248 valde

2040 2284 2380 2357 respondit:
2417 2305 2445 2334 «ι
2473 2282 2689 2337 Vestrae
2721 2297 2826 2354 ego
2882 2280 3204 2352 impietatis
3235 2284 3498 2337 vastator
3537 2296 3691 2347 sum,

2036 2375 2115 2429 im
2128 2372 2400 2445 puritatis
2430 2371 2879 2427 simulacrorum
2905 2385 3157 2437 eversor,
3195 2385 3261 2424 ac
3282 2368 3475 2424 omnis
3498 2369 3694 2441 genti-

2035 2462 2182 2517 lium
2212 2463 2426 2517 erroris
2458 2459 2829 2527 diﬂ'amator;
2856 2456 3130 2530 potentiae
3151 2456 3367 2514 Christi
3396 2457 3689 2529 unigeniti

2036 2551 2139 2607 Dei
2169 2549 2296 2605 Filii
2329 2548 2620 2617 addictus,
2650 2549 2743 2603 cui
2775 2547 3067 2619 meipsum
3105 2562 3340 2602 servum
3388 2546 3689 2613 constitui,

2038 2640 2130 2696 cui
2161 2639 2334 2696 etiam
2368 2638 2558 2694 servio
2584 2636 2645 2693 in
2679 2636 2889 2708 spiritu
2924 2652 3074 2704 meo,
3130 2635 3229 2707 qui
3264 2640 3400 2691 ante
3453 2636 3691 2706 quidem

2036 2728 2235 2785 omnia
2264 2725 2478 2783 secula
2508 2726 2636 2783 sine
2667 2724 2991 2796 affectione,
3040 2728 3099 2780 et
3152 2727 3314 2780 extra
3361 2726 3598 2796 tempus
3655 2741 3689 2780 a

2035 2822 2208 2874 Patre
2239 2816 2473 2887 genitus
2504 2814 2635 2885 fuit,
2677 2814 2737 2869 in
2786 2814 2901 2869 fine
2960 2817 3156 2869 autem
3215 2812 3563 2869 saculorum
3621 2828 3692 2867 ex

2038 2905 2220 2962 Maria
2250 2904 2496 2978 virgine,
2529 2903 2656 2958 sine
2686 2903 2911 2958 semine
2942 2919 3007 2958 ac
3040 2902 3414 2973 corruptione
3451 2917 3688 2958 carnem

2039 2994 2383 3067 assumpsit,
2416 2998 2475 3049 et
2503 2993 2562 3047 in
2596 2988 2786 3048 lucem
2819 2991 3035 3060 editus,
3058 2991 3115 3045 in
3148 2989 3441 3060 omnibus,
3483 2994 3693 3062 praeter

2038 3088 2369 3159 peccatum,
2401 3080 2634 3137 mortali
2666 3080 2890 3136 homini
2921 3081 3011 3150 (ut
3041 3095 3148 3135 nos
3196 3080 3428 3150 sumus)
3476 3078 3691 3136 similis

2038 3174 2323 3239 factus,et
2355 3187 2526 3226 cruce
2557 3186 2665 3226 sua
2712 3186 2777 3225 ac
2832 3173 3018 3225 morte
3073 3167 3293 3224 diaboli
3348 3167 3687 3240 imperium,

2040 3265 2345 3335 perempta
2374 3264 2581 3327 morte,
2613 3257 2846 3313 irritum
2878 3256 3032 3328 fecit,
3085 3255 3156 3312 ad
3207 3255 3547 3327 inferosque
3604 3257 3691 3311 in-

2039 3351 2228 3408 cultos
2258 3355 2317 3406 et
2336 3348 2605 3405 horridos
2631 3347 2955 3414 descendit,
2988 3349 3045 3401 et
3067 3345 3148 3401 ibi
3179 3345 3451 3401 tenebras
3473 3342 3691 3401 dissol-

2036 3441 2137 3507 vit,
2168 3456 2232 3494 ac
2263 3439 2392 3509 ejus
2425 3436 2872 3505 resurrectione,
2906 3451 3032 3506 quae
3063 3433 3234 3489 tertio
3265 3432 3358 3488 die
3387 3433 3692 3489 amortuis

2038 3529 2191 3584 facta
2215 3532 2323 3594 est,
2354 3525 2453 3581 lux
2488 3525 2708 3579 mundo
2739 3522 2952 3593 illuxit,
2983 3524 3282 3593 vitamque
3327 3525 3385 3577 et
3428 3521 3691 3577 incorru-

2038 3617 2299 3690 ptionem
2333 3613 2566 3680 attulit;
2593 3612 2693 3683 qui
2718 3628 2899 3666 unum
2924 3615 3104 3665 Deum
3129 3611 3187 3664 in
3209 3610 3399 3665 tribus
3422 3610 3691 3681 personis

2037 3702 2342 3759 inconfuse
2385 3699 2611 3765 divisis,
2645 3714 2854 3769 nempe
2883 3697 2944 3751 in
2979 3698 3161 3764 Patre,
3197 3698 3253 3751 et
3282 3695 3447 3764 Filio,
3483 3699 3539 3750 et
3566 3694 3687 3765 Spi-

2038 3794 2155 3848 ritu
2188 3794 2411 3858 sancto,
2444 3787 2643 3844 docuit
2672 3785 2958 3855 venerari,
2983 3784 3262 3855 cumipsc
3284 3782 3505 3856 alioqui
3535 3798 3690 3837 unus

2039 3881 2308 3936 increatzs
2356 3876 2661 3933 Trinitatis
2709 3874 3019 3944 exsistens,
3071 3871 3251 3929 simul
3303 3887 3437 3927 cum
3498 3872 3686 3939 Patre,

2038 3973 2361 4041 sanctoque
2410 3966 2636 4039 Spiritu
2696 3965 3114 4037 sempiternus,
3194 3961 3321 4017 sine
3374 3960 3684 4033 principio,

2038 4059 2423 4131 ejusdemque
2476 4052 2818 4111 substantia:
2876 4052 2972 4108 sit.
3024 4052 3191 4107 Hunc
3242 4065 3444 4106 verum
3506 4053 3689 4105 Deum

2038 4147 2449 4221 praedicamus,
2519 4143 2672 4199 hanc
2732 4158 2939 4215 puram
2999 4145 3058 4196 et
3116 4137 3690 4223 irreprehensibilem

2039 4238 2214 4292 ﬁdem
2246 4233 2691 4299 annuntiamus,
2725 4248 2828 4303 pro
2860 4229 2969 4285 hac
2999 4230 3199 4285 omnia
3230 4228 3350 4301 pati
3371 4227 3560 4301 parati
3592 4244 3690 4283 su-

2039 4342 2195 4397 mus,
2230 4340 2344 4379 non
2366 4324 2586 4395 ignem,
2611 4337 2725 4376 non
2746 4319 3032 4392 gladium,
3058 4336 3173 4374 non
3198 4318 3520 4372 immanem
3545 4317 3691 4371 fera-

2039 4431 2171 4470 rum
2203 4411 2523 4485 agrestium
2560 4410 2871 4474 feritatem,
2913 4424 3102 4479 neque
3159 4406 3628 4476 qualemcunque
3659 4420 3693 4457 a

2037 4504 2204 4559 vobis
2232 4505 2659 4558 tormentorum
2690 4499 2896 4554 faciem
2921 4495 3307 4568 excogitatam
3330 4490 3692 4565 pertimesci-

1956 4594 2003 4658 D
2038 4609 2193 4649 mus.
2229 4614 2257 4642 »

2107 4718 2255 4774 387
2292 4717 2453 4772 Hane
2482 4713 2660 4786 igitur
2691 4708 3001 4767 fortissimi
3031 4724 3096 4764 ac
3127 4703 3555 4778 sapientissimi
3596 4717 3689 4759 se-

2037 4807 2130 4865 nis
2162 4805 2343 4862 animi
2391 4800 2795 4859 fortitudinem
2850 4798 3086 4872 tyranni
3138 4793 3440 4860 admirati,
3496 4791 3687 4848 eidem

2038 4911 2244 4951 rursus
2275 4893 2522 4964 ejusque
2550 4888 2890 4945 certaminis
2921 4885 3099 4942 sociis
3138 4880 3446 4954 discipulis
3497 4880 3689 4936 minas

2038 4983 2332 5056 spirantes
2362 4983 2418 5036 et
2447 4976 2812 5034 insanientes
2839 4975 3151 5030 dixerunt:
3185 4994 3211 5022 ‹‹
3250 4972 3446 5041 Itaque
3486 4983 3689 5039 regum

2039 5077 2375 5129 nostrorum
2396 5067 2726 5142 principum
2743 5066 2917 5137 jussa
2942 5065 3289 5133 decretaque
3311 5076 3346 5114 a
3363 5057 3531 5115 vobis
3552 5073 3688 5114 con-

2039 5163 2411 5218 temnuntur.
2443 5162 2499 5213 et
2527 5157 2714 5212 honor
2743 5154 2987 5210 deorum
3011 5154 3351 5207 nostrorum
3382 5148 3692 5218 insupera-

2040 5250 2248 5306 bilium
2280 5252 2337 5304 et
2365 5251 2625 5321 potestas
2656 5241 3027 5315 despicitur?
3055 5261 3083 5289 ››
3116 5240 3189 5293 At
3220 5237 3457 5293 divinus
3497 5234 3688 5309 ponti-

2042 5340 2130 5395 fex
2163 5342 2481 5408 martyrum
2518 5333 2682 5402 aciei,
2716 5349 2850 5387 cum
2883 5331 2954 5385 ob
3011 5328 3349 5392 verborum,
3392 5328 3519 5379 tum
3553 5340 3689 5393 ope-

2042 5443 2172 5483 rum
2206 5424 2633 5489 excellentiam,
2666 5419 3111 5491 antesignanus,
3136 5414 3453 5470 audentius
3484 5428 3691 5467 rursus

2041 5514 2386 5587 respondit:
2434 5535 2462 5563 «
2516 5512 2788 5566 Facessat
2835 5508 2988 5580 regis
3029 5522 3094 5560 ac
3132 5503 3465 5576 principum
3494 5499 3690 5557 omnis

2042 5604 2333 5677 impietas,
2366 5606 2423 5657 et
2452 5600 2709 5658 edictum
2740 5598 2856 5654 Deo
2896 5595 3277 5660 contrarium,
3310 5596 3368 5648 et
3395 5589 3572 5647 vestri
3606 5588 3685 5644 dii

2043 5694 2144 5767 qui
2174 5708 2279 5749 nec
2306 5689 2516 5748 coelum
2550 5704 2653 5745 nec
2682 5694 2895 5744 terram
2930 5686 3211 5754 fecerunt,
3244 5686 3311 5738 ut
3338 5678 3685 5747 imbecilles,
