3930 6202
245 337 351 392 663

1487 335 1544 386 Β.
1586 331 1901 386 DIONYSII
1941 331 2421 390 AREOPAGITJE

3554 339 3652 395 664

247 462 312 513 ut
340 456 497 527 vani,
531 459 746 510 utverc
777 454 1199 510 abominabiles
1226 457 1483 526 pereant,
1544 452 1766 522 indigni
1827 451 1897 506 de
1929 465 1945 518 λ

2121 463 2285 514 δωσαν
2318 457 2391 516 ὡς
2439 453 2703 532 ἀδρανεῖς,
2737 457 2811 519 ὡς
2847 455 3058 530 μέλεοι,
3091 459 3166 520 ὡς
3200 456 3459 534 βδιλυροὶ
3488 455 3648 522 ὅντως

249 546 467 618 quibus
495 546 696 600 verbat
712 543 855 599 ﬁant
879 563 892 611 ;
918 543 1210 599 darmonia
1231 546 1426 596 autem
1452 546 1610 605 sunt,
1630 537 1902 610 et'ﬁgurae

251 634 677 692 cacodmmonis
707 631 949 687 consilio
977 633 1265 699 efﬁctae,et
1283 629 1598 685 artiﬁciosa
1623 643 1904 683 manuum

250 726 561 781 hominum
596 739 792 794 opera.
828 721 1062 776 Similes
1117 721 1297 790 igitur
1348 718 1465 774 illis
1525 719 1667 773 ﬁant
1720 716 1904 782 surdi,

252 813 410 881 cmci,
471 829 685 868 sensus
731 815 1017 881 expertes,
1078 811 1175 880 qui
1211 809 1433 863 faciunt
1463 824 1550 872 ea,
1600 811 1656 860 et
1702 821 1908 864 omnes

254 904 355 976 qui
387 903 692 958 conﬁdunt
723 901 782 955 in
815 901 918 956 eis.
953 899 1070 953 Nos
1123 898 1277 952 enim
1339 897 1662 964 Christum,
1706 911 1906 949 verum

254 1009 451 1049 rerum
483 990 747 1047 omnium
786 991 962 1043 Deum
996 987 1284 1058 opiﬁcem,
1311 993 1664 1051 curatorem,
1696 989 1752 1039 et
1780 983 1909 1038 vita:

255 1081 579 1154 principem
611 1078 1013 1150 agnoscimus,
1039 1082 1096 1131 et
1129 1077 1324 1146 ipsum
1353 1073 1542 1130 solum
1568 1089 1913 1128 veneramur

258 1187 324 1226 ao
351 1169 758 1241 praedicamus,
792 1183 1075 1238 spemque
1103 1166 1162 1219 in
1187 1165 1381 1235 ipsum
1413 1163 1709 1234 ponimus,
1730 1165 1787 1215 et
1811 1177 1912 1232 pro

259 1260 386 1331 ipso
419 1257 566 1312 mori
599 1256 852 1311 libenter
884 1253 1071 1326 parati
1105 1270 1336 1320 sumus,
1375 1268 1602 1324 nosque
1632 1256 1912 1321 tanquam

260 1364 457 1403 sacras
487 1345 760 1400 victimas
793 1349 849 1400 et
901 1343 1124 1400 hostias
1176 1347 1542 1413 reputamus,
1596 1356 1915 1412 preperan-

259 1442 349 1492 tes
381 1437 452 1492 ad
488 1436 636 1490 hanc
660 1433 1122 1504 jugulationem,
1151 1433 1318 1486 valde
1346 1430 1776 1502 gloriamur,ut
1816 1427 1916 1498 qui

266 1543 374 1582 nos
405 1525 595 1579 denuo
626 1526 1081 1590 resurrecturos,
1117 1519 1535 1590 melioremque
1585 1534 1648 1572 ac
1697 1517 1917 1572 beatio-

266 1631 386 1671 rem
420 1616 819 1684 pcrpetuoque
842 1611 1186 1665 duraturam
1220 1607 1616 1662 haereditatem
1651 1622 1921 1662 consecu-

270 1709 435 1758 turos
466 1705 621 1755 certo
649 1699 970 1766 credimus,
1003 1702 1182 1769 atque
1213 1697 1356 1752 adeo
1377 1695 1732 1767 incorruptis
1765 1711 1923 1749 coro-

273 1791 368 1846 nis
395 1790 732 1845 decoratum
765 1788 858 1843 iri.
904 1787 1021 1842 Vos
1052 1802 1184 1842 vero
1244 1802 1474 1854 rursus,
1517 1787 1804 1856 quotquot
1862 1782 1920 1836 in

272 1881 470 1952 ipsum
504 1894 619 1932 non
648 1877 910 1943 creditis,
947 1876 1046 1931 sed
1079 1874 1423 1947 dignitatem
1456 1874 1608 1944 ejus,
1649 1888 1922 1945 regnum-

279 1984 394 2040 que
418 1983 646 2032 verum,
680 1965 1129 2037 sempiternum,
1163 1969 1220 2020 et
1244 1965 1358 2018 ﬁne
1407 1979 1613 2018 carens
1644 1960 1920 2032 repellen-

277 2061 389 2122 tes,
422 2054 727 2109 ministros
757 2053 885 2123 ejus
917 2051 1266 2115 interﬁcitis,
1299 2049 1656 2122 sempiterno
1698 2047 1842 2121 igni,
1875 2051 1932 2102 et

277 2141 822 2199 immedicabilibus
874 2141 1286 2212 perpetuisque
1331 2137 1637 2211 suppliciis
1686 2137 1933 2192 traditos

279 2233 666 2290 intuebimur.
701 2255 724 2282 ι
762 2233 846 2287 Ad
879 2231 1000 2287 haec
1031 2227 1501 2303 ﬂagitiosissimi,
1548 2232 1606 2283 et
1649 2228 1721 2283 ab
1770 2224 1934 2283 omni

277 2326 491 2397 pietate
513 2323 867 2380 alienissimi
889 2326 1293 2394 persecutores
1307 2319 1651 2392 perturbati,
1676 2320 1763 2374 ira
1779 2318 1935 2390 pleni

277 2431 342 2468 ac
374 2413 810 2486 indignatione,
843 2411 1296 2481 frendentesque
1351 2408 1650 2478 dentibus,
1693 2408 1936 2463 ensibus

276 2501 529 2568 eductis,
569 2499 951 2556 sanctissimo
979 2499 1074 2553 Dei
1110 2495 1651 2570 praeconijugulum
1670 2499 1938 2568 prompte

280 2590 557 2664 praebenti
581 2589 852 2645 divinum
877 2588 1470 2658 saeratissimumque
1488 2591 1682 2659 caput,
1699 2603 1765 2642 ac
1783 2585 1940 2641 dein-

281 2682 355 2736 de
385 2680 582 2752 capita
610 2680 863 2735 duorum
898 2678 1022 2746 viae,
1043 2695 1275 2747 cursus,
1299 2694 1366 2733 ac
1387 2678 1798 2743 certaminum,
1822 2692 1937 2732 non

286 2770 486 2826 minus
517 2785 695 2840 quam
747 2767 1176 2840 praedicationis
1233 2767 1549 2832 sociorum,
1601 2770 1939 2838 amputave-

287 2863 459 2915 runt:
495 2859 636 2912 dum
659 2857 771 2928 ipsi
813 2857 883 2911 ad
937 2872 1172 2911 cursum
1222 2855 1486 2926 martyrii
1536 2871 1602 2910 ac
1657 2853 1940 2925 postremi

292 2947 429 3002 ﬁnis
459 2951 756 3001 certamen
785 2945 1039 3000 cervices
1083 2949 1352 3015 prompte
1398 2943 1792 3016 projicientes,
1840 2959 1941 2999 en-

290 3033 491 3104 sisque
519 3033 660 3088 ictui
682 3032 949 3088 alacriter
970 3033 1386 3102 protendentes
1408 3037 1777 3087 antevertere
1799 3032 1944 3087 alter

293 3121 459 3177 alteri
480 3120 844 3187 festinarent,
879 3124 943 3174 ut
966 3136 1079 3174 non
1113 3136 1146 3173 a
1174 3120 1409 3175 doctore
1456 3125 1513 3174 et
1557 3137 1722 3174 sacro
1773 3120 1942 3174 insti-

291 3213 484 3266 tutore
512 3224 618 3264 suo
650 3207 708 3262 in
741 3208 849 3262 bac
881 3206 1110 3262 mortali
1143 3211 1201 3262 et
1226 3208 1429 3279 spinas
1451 3208 1804 3279 producente
1825 3207 1941 3263 vita

294 3298 532 3356 omnino
565 3296 1054 3368 relinquerentur,
1089 3297 1212 3363 sed,
1251 3300 1314 3351 ut
1351 3297 1469 3352 dux
1516 3313 1583 3352 ac
1631 3303 1945 3368 praeceptor

293 3403 518 3454 eorum,
570 3386 643 3441 ad
676 3389 1112 3440 muneratorem
1163 3389 1346 3440 Deum
1389 3385 1634 3441 breviter
1691 3401 1824 3440 cum
1877 3402 1943 3441 eo

295 3477 476 3534 simul
527 3476 1023 3548 commigrarent:
1058 3480 1142 3544 ut,
1175 3476 1678 3547 quemadmodum
1737 3493 1853 3531 una
1885 3476 1944 3530 in

296 3566 716 3623 certaminibus
757 3564 1126 3635 laborabant,
1171 3566 1408 3620 easdem
1466 3564 1643 3620 etiam
1700 3582 1946 3622 coronas

299 3655 453 3712 388
485 3660 543 3710 et
599 3653 838 3726 praamia
889 3652 1106 3710 laboris
1140 3654 1454 3726 participes
1484 3653 1665 3708 simul
1721 3655 1947 3725 accipe-

300 3750 449 3802 rent.
482 3747 605 3812 Quo
636 3743 792 3799 enim
829 3748 998 3814 pacto
1029 3743 1128 3815 qui
1166 3743 1342 3815 probe
1376 3743 1622 3814 apueris
1655 3743 1947 3810 instructi,

303 3833 626 3904 multisque
653 3849 720 3886 ac
750 3831 929 3886 variis
957 3831 1250 3887 exercitati
1276 3829 1584 3887 laboriosis
1615 3831 1951 3887 certamini-

306 3925 443 3991 bus,
471 3922 670 3976 divino
701 3920 915 3975 Christi
941 3920 1129 3992 ipsius
1149 3936 1345 3975 amore
1370 3919 1714 3992 flagrabant,
1739 3920 1952 3991 quibus

307 4010 584 4065 omnibus
615 4024 721 4062 nec
751 4010 975 4080 corpori
1008 4025 1112 4064 nec
1135 4009 1332 4064 animo
1355 4025 1588 4080 parcere
1609 4010 1952 4074 didicerant,

310 4103 375 4151 ut
404 4097 530 4165 ipso
563 4095 686 4149 solo
717 4113 848 4150 vere
881 4098 1038 4168 ligno
1069 4097 1200 4152 vitae,
1233 4099 1586 4166 fruerentur,
1617 4116 1730 4153 non
1756 4100 1954 4154 docto-

310 4185 392 4239 ris
422 4187 481 4238 et
511 4184 880 4252 praeceptoris
911 4187 1002 4239 sui
1036 4185 1558 4257 promptitudinem
1591 4188 1662 4242 ad
1688 4187 1954 4259 martyrii

310 4273 602 4326 certamen
621 4268 994 4325 imitarentur
1011 4271 1038 4326 ?
1058 4273 1216 4326 Sicut
1237 4272 1394 4327 enim
1419 4271 1779 4329 fortissimus
1793 4289 1954 4330 exer-

311 4359 466 4416 citus
496 4357 837 4431 imperator,
871 4358 968 4428 qui
998 4375 1126 4416 sese
1155 4359 1352 4432 praelia
1405 4361 1629 4432 primus
1682 4367 1953 4434 exponat,

313 4445 819 4506 commilitonibus
835 4445 1065 4503 animos
1083 4446 1266 4515 addit,
1289 4447 1430 4503 dum
1453 4446 1727 4506 bellicum
1751 4465 1957 4508 canere

2015 539 2164 610 ὑμῶν
2193 543 2244 595 oi
2277 543 2409 613 θεοὶ,
2443 545 2531 599 καὶ
2576 543 2794 608 οὐδενὸς
2846 547 3013 622 λόγου
3053 547 3194 619 ἄξιοι
3221 566 3234 578 ⁶
3269 545 3533 620 δαιμόνια
3559 551 3654 624 γὰρ

2013 628 2364 703 τυγχάνουσιν
2429 630 2599 704 ὅ·.τες,
2647 635 2737 689 xui
2787 633 3028 696 διανοίας
3084 633 3489 708 κακοδαίμονος
3536 638 3657 690 ἀνα-

2015 720 2330 792 πλάσματα,
2405 723 2496 778 καὶ
2573 729 2778 799 χειρῶν
2861 724 3214 796 ἀνθρωπίνων
3287 727 3659 799 τεχνάσματα.

2016 810 2242 879 ’Ὅμοιοι
2275 809 2450 865 τοίνυν
2471 813 2657 874 αὐτοῖς
2690 815 2741 866 οἱ
2771 818 3054 876 ποιοῦντες
3087 813 3242 882 αὐτὰ,
3273 815 3368 868 καὶ
3399 815 3598 876 πάντες
3619 817 3664 869 οἱ

2018 899 2336 963 πεποιθότες
2364 899 2447 954 ἐπ’
2504 900 2688 964 αὐτοῖς
2740 903 3004 976 γένοιντο,
3051 903 3252 977 κωφοὶ,
3304 903 3396 957 καὶ
3446 905 3665 978 τυφλοὶ,

2019 987 2107 1040 καὶ
2142 987 2483 1058 ἀναίσθηνοι.
2515 991 2708 1062 Ἡμεῖς
2767 990 2869 1065 γὰρ
2926 991 3155 1066 Χριστὸν
3211 991 3303 1046 τὸν
3339 989 3516 1053 ὄντως
3549 990 3666 1048 ὅντα

2017 1080 2126 1130 τῶν
2159 1075 2304 1131 ὅλων
2351 1078 2479 1132 Θεόν
2535 1101 2594 1134 τε
2647 1081 2735 1133 καὶ
2799 1078 3160 1156 δημιουργὸν,
3216 1082 3308 1135 καὶ
3369 1080 3668 1154 κηδεμόνα,

2021 1165 2240 1229 καὶτῆς
2272 1170 2414 1235 ζωῆς
2461 1169 2703 1243 χορηγὸν
2753 1169 3118 1244 γινώσκομεν,
3166 1170 3256 1224 καὶ
3305 1171 3470 1225 αὐτὸν
3510 1171 3667 1244 μόνον

2024 1248 2276 1324 σέϐομεν,
2309 1257 2398 1310 καὶ
2439 1256 2802 1330 κηρύττομεν,
2849 1258 2939 1312 xui
2977 1260 3073 1322 τὰς
3112 1256 3340 1320 ἐλπίδας
3391 1260 3470 1321 εἷς
3519 1260 3673 1315 αὐτὸν

2025 1342 2401 1417 ἀνατιθέμεθα,
2461 1345 2551 1400 καὶ
2597 1348 2774 1400 θανεῖν
2826 1347 2956 1420 ὑπὲρ
3009 1347 3172 1402 αὐτοῦ
3216 1348 3676 1423 προθυμούμεθα,

2028 1431 2279 1503 θυμάτων
2303 1435 2464 1509 ἱερῶν
2518 1435 2610 1488 καὶ
2662 1435 2902 1513 σφαγίων
2965 1433 3120 1505 δίκην
3179 1436 3409 1498 ἑαυτοὺς
3452 1435 3678 1512 λογιζόο

2032 1541 2208 1592 μενοι,
2236 1522 2326 1576 καὶ
2362 1521 2685 1586 σπεύδοντες
2733 1522 2820 1578 ἐπὶ
2848 1525 2948 1594 τὴν
2981 1525 3242 1596 τοιαύτην
3273 1529 3516 1600 σφαγῆν,
3549 1526 3680 1602 ἄγαν

2031 1608 2407 1684 ἀγαλλόμεθα,
2442 1613 2516 1674 ὡς
2569 1612 2828 1686 ἀσφαλῶς
2876 1615 3220 1675 πιστεύοντες
3267 1614 3422 1676 αὖθις
3454 1614 3683 1683 ἀναστή-

2032 1711 2234 1768 σεσθαι,
2320 1708 2419 1770 τῆς
2503 1701 2837 1773 κρείττονος,
2923 1704 3013 1757 καὶ
3093 1704 3538 1778 μακαριωτέρας,
3589 1703 3681 1757 καὶ

2031 1785 2448 1860 διαιωνιζούσης
2499 1790 2810 1864 τευξόμενοι
2873 1791 3108 1864 λήξεως,
3164 1792 3254 1847 xui
3311 1798 3432 1855 τοῖς
3477 1791 3685 1864 ἀκηράο

2036 1897 2150 1938 τοις
2182 1879 2606 1955 στεφθησόμενοι
2652 1882 2944 1953 στέμμασι.
3005 1881 3148 1944 Τοὺς
3204 1877 3251 1934 δ’
3297 1881 3362 1934 αὖ
3391 1881 3513 1935 καθ’
3548 1881 3686 1953 ὑμᾶς

2040 1964 2113 2028 είς
2137 1965 2295 2022 αὐτὸν
2332 1969 2406 2040 μὴ
2466 1968 2834 2036 πιστεύοντας,
2893 1967 3040 2024 ἀλλά
3091 1969 3190 2036 τήν
3233 1967 3397 2023 αὐτοῦ
3431 1968 3684 2039 θεότητα,

2041 2055 2255 2125 καὶτὴν
2319 2053 2505 2126 ἀληθῆ
2557 2057 2648 2112 xui
2698 2054 2898 2127 ἀῒδιον,
2948 2058 3036 2112 xui
3093 2058 3259 2119 πέαας
3314 2058 3419 2112 οὐκ
3446 2054 3683 2132 ἔχουσαν

2047 2141 2322 2219 βασιλείαν
2381 2144 2720 2218 ἀθετοῦντας,
2795 2145 2886 2200 xui
2941 2145 3069 2208 τοὺς
3127 2145 3293 2200 αὐτοῦ
3352 2146 3688 2220 θεράποντας

2043 2233 2412 2306 ἀναιροῦντας,
2471 2234 2678 2307 αῗωνίῳ
2736 2234 2866 2310 πυρὶ
2919 2236 3006 2289 xui
3071 2235 3320 2309 βασάνοις
3367 2235 3691 2304 ἀνηκέστοις

2043 2320 2132 2376 xui
2162 2319 2426 2392 ἀλήκτοις
2473 2321 2944 2398 παραδιδομένους
2993 2324 3280 2398 ὀψόμενοι.
3321 2346 3351 2374 n
3385 2323 3535 2398 Πρὸς
3565 2320 3695 2376 ταύ-

2041 2431 2110 2465 τα
2135 2412 2496 2486 ταραχθέντες
2526 2413 2578 2466 οἱ
2627 2411 2987 2485 παμπόνηροι
3037 2412 3129 2467 xui
3173 2405 3526 2467 ἀσεϐέστατοι
3569 2408 3700 2466 διῶε

2044 2520 2188 2568 κται,
2246 2499 2336 2554 καὶ
2385 2498 2720 2569 πλησθέντες
2797 2501 2964 2577 ὀργῆς
3021 2501 3112 2555 xui
3170 2503 3368 2574 θυμοῦ,
3421 2503 3514 2556 xui
3573 2499 3704 2561 τοὺς

2051 2585 2275 2650 ὀδόντας
2337 2587 2642 2664 βρύξαντες,
2689 2590 2757 2644 ut
2808 2589 2933 2666 ξίφη
2992 2589 3351 2662 σπασάμενοι,
3410 2593 3511 2645 τοῦ
3556 2609 3702 2665 τρισο

2053 2676 2318 2752 μακαρίου
2375 2678 2708 2752 θεοκήρυκος
2762 2679 2853 2732 τὸν
2913 2677 3121 2753 αὐχένα
3174 2677 3483 2754 προθύμως
3531 2676 3699 2732 ἐκτεί-

2049 2785 2257 2837 ναντος,
2314 2767 2413 2833 τὴν
2456 2765 2598 2820 Θείαν
2657 2765 2746 2820 xui
2788 2765 3041 2841 πανίερον
3091 2763 3338 2844 κεφαλὴν
3397 2766 3696 2838 ἀπέτεμον·

2055 2855 2171 2926 μεθ’
2201 2853 2265 2922 ἥν
2289 2853 2378 2908 καὶ
2415 2853 2510 2916 τάς
2568 2861 2666 2923 τῆς
2723 2852 3014 2927 ξυνωρίδος
3066 2859 3172 2909 τῶν
3230 2852 3575 2922 συνοπαδῶν,
3602 2854 3698 2908 καὶ

2051 2940 2395 3019 συνδρόμων,
2451 2944 2542 2998 xui
2599 2943 3019 3014 συνηθληκότων
3077 2943 3186 3018 οὐχ
3237 2944 3404 3012 ἦττον
3503 2964 3702 3018 συγκε-

2050 3033 2401 3106 κηρυχότων,
2451 3031 2748 3106 ἀπέκοψαν,
2803 3043 3029 3106 θατερου
3085 3031 3330 3106 θάτερον,
3379 3031 3460 3095 είς
3505 3032 3569 3087 τὸ
3598 3035 3700 3099 τῆς

2057 3130 2391 3198 μαρτυρικῆς
2415 3123 2672 3198 ἀγωνίας,
2721 3123 2809 3178 xui
2856 3121 3159 3197 κεφαλικῆς
3194 3121 3537 3185 τελειώσεως
3565 3143 3703 3196 προ-

2054 3207 2238 3267 λαϐεῖν
2273 3207 2611 3266 σπευδόντων
2661 3207 2898 3278 στάδιον,
2941 3209 3070 3274 τοὺς
3103 3211 3424 3286 τραχήλους
3455 3209 3708 3282 εὐθύμως

2051 3295 2506 3375 προϐαλλόντων,
2537 3301 2626 3355 καὶ
2681 3303 2751 3374 τῇ
2797 3303 2895 3355 τοῦ
2944 3299 3218 3377 φασγάνου
3265 3298 3457 3374 πληγῇ
3507 3319 3702 3372 προτι-

2054 3390 2248 3443 θέντων
2301 3387 2608 3460 εὐπρεπεῖς,
2661 3387 2737 3450 ὡς
2794 3387 2854 3440 ’ἀν
2917 3388 2993 3460 μή
3043 3392 3140 3442 τοῦ
3197 3385 3550 3462 παιδαγωγοῦ
3613 3388 3708 3440 καὶ

2056 3476 2428 3552 ἱεροτελεστοῦ
2474 3477 2701 3548 πάμπαν
2753 3477 3104 3550 ἀφυστεροῖεν
3154 3475 3204 3530 έν
3255 3475 3424 3549 ταύτῃ
3477 3479 3548 3548 τῇ
3579 3473 3707 3529 ἐπι-

2055 3569 2209 3640 κήρῳ
2236 3567 2325 3620 xui
2355 3566 2711 3643 ἀκανθοφόρῳ
2764 3566 2945 3641 βιοτῇ,
2978 3565 3126 3621 ἀλλά
3171 3565 3458 3637 συντόμως
3487 3567 3582 3619 τὸν
3611 3565 3706 3618 αὐο

2055 3657 2147 3710 τὸν
2174 3660 2254 3726 τῷ
2299 3652 2609 3727 διδασκάλῳ
2656 3654 2745 3708 καὶ
2793 3658 3139 3730 προσαγωγῷ
3191 3649 3391 3730 τρόπον
3443 3654 3584 3729 πρὸς
3611 3653 3706 3708 τὸν

2058 3742 2355 3814 ἀθλοθέτην
2409 3740 2822 3815 συνεκδημοῖεν,
2872 3743 2930 3796 ’ὸν
2971 3739 3176 3818 τρδπον
3221 3743 3311 3797 καὶ
3339 3739 3470 3803 τοὺς
3501 3739 3707 3805 ἄθλους

2061 3831 2476 3902 συνδιήλθοσαν,
2536 3829 2684 3893 ὅπως
2738 3830 2827 3885 καὶ
2899 3835 3006 3886 τῶν
3063 3829 3238 3886 αὐτῶν
3288 3832 3565 3907 στεφάνων
3615 3830 3712 3884 κάί

2061 3919 2310 3985 ἐπάθλων
2344 3922 2456 3992 ἅμα
2485 3921 2831 3994 συμμέτοχοι
2871 3919 3110 3976 πέλοιεν.
3144 3924 3266 3982 Πῶς
3295 3923 3399 3994 γάρ
3433 3921 3486 3974 οἱ
3517 3917 3710 3980 καλῶς

2061 4007 2591 4084 παιδαγωγηθέντες,
2636 4008 2724 4062 καὶ
2771 4007 3004 4070 πολλοῖς
3050 4006 3160 4077 ἤδη
3211 4005 3520 4070 πολυειδῶς
3554 4007 3717 4082 ὲγγυο

2067 4100 2380 4172 μνασθέντες
2434 4095 2752 4166 ἀθλητικοῖς
2789 4096 3157 4170 γυμνάσμασι,
3207 4096 3296 4150 xui
3348 4097 3582 4172 Χριστὸν
3615 4096 3716 4151 αὐ-

2061 4188 2151 4243 τὸν
2186 4191 2326 4250 θεῖον
2371 4183 2590 4260 ἔχοντες
2640 4179 2836 4258 ἔρωτα,
2877 4182 2948 4238 δι’
2992 4185 3064 4238 ὧν
3113 4185 3326 4240 πάντων
3379 4185 3470 4239 καὶ
3517 4187 3717 4258 σώμα-

2061 4296 2154 4339 τος
2180 4275 2269 4330 καὶ
2299 4277 2484 4349 ψυχῆς
2524 4269 2760 4350 ἀφειδεῖν
2810 4271 3178 4342 ἐδιδάσκοντο,
3210 4273 3359 4335 ὅπως
3392 4272 3560 4327 αὐτοῦ
3613 4274 3718 4345 μό-

2063 4385 2156 4420 νου
2185 4366 2282 4419 τοῦ
2330 4365 2513 4441 σαφῶς
2567 4355 2724 4424 ὄντος
2772 4360 2936 4434 ξύλου
2991 4368 3091 4431 τῆς
3123 4367 3266 4431 ζωῆς
3303 4366 3716 4439 κατπρυφῷεν,

2064 4451 2164 4510 οὐκ
2213 4451 2272 4507 ἂν
2325 4470 2419 4506 του
2473 4452 2781 4526 γυμναστοῦ
2839 4449 2929 4506 xui
2979 4447 3270 4506 παιδευτοῦ
3319 4449 3418 4519 τήν
3472 4449 3562 4506 ἐπὶ
3611 4453 3713 4518 τήν

313 4533 596 4608 Ριιωοίρὶι,
647 4541 700 4592 et
753 4533 1013 4592 hostium
1063 4533 1413 4592 exercitibus
1470 4535 1673 4593 obvius
1731 4538 1945 4609 primu:

2121 4539 2406 4618 κρτυρικήν
2461 4535 2730 4613 ἀριστείαν
2787 4534 3068 4609 ἐζήλωσαν
3126 4535 3486 4613 προτυμίαν;
3537 4537 3714 4592 Καθάς

315 4623 605 4682 efﬁcitur:
641 4623 725 4680 sic
756 4623 1092 4681 divinorum
1124 4624 1510 4681 certaminum
1560 4627 1956 4698 peritissimus

316 4727 515 4783 senex,
546 4711 720 4784 longa
749 4716 804 4768 et
841 4729 1125 4768 annorum
1158 4712 1330 4784 plena
1375 4716 1576 4770 exacta
1631 4719 1956 4786 senectute,

316 4803 390 4858 ad
419 4800 821 4858 beatissimam
854 4817 958 4872 pro
989 4800 1218 4856 Christo
1271 4801 1484 4856 caedem
1536 4801 1762 4873 primus
1808 4803 1959 4858 exsi-

313 4891 486 4958 liens,
545 4906 792 4946 coronas
845 4889 1090 4945 victoriae
1149 4889 1412 4962 pertulit,
1469 4894 1526 4945 et
1584 4890 1958 4946 dulcissimos

313 4982 466 5038 ﬁlios
497 4983 566 5037 ad
599 4983 1102 5053 subsequendam,
1133 4999 1198 5037 ac
1247 4983 1512 5037 eamdem
1555 4982 1956 5038 beatissimam

311 5075 562 5126 mortem
594 5071 842 5126 libenter
871 5069 1199 5142 eligendam
1232 5071 1600 5142 przeparavit.

2064 4649 2162 4703 περ
2192 4627 2294 4704 γὰρ
2341 4625 2719 4704 στρατηλάτης
2763 4625 3068 4702 κράτιστος,
3114 4632 3214 4695 τῆς
3263 4632 3520 4702 στρατιᾶς
3548 4646 3718 4700 προα-

2063 4715 2449 4794 γωνιζόμενος,
2519 4711 2646 4778 τοὺς
2727 4714 3094 4790 στμμαχητάς
3171 4714 3566 4790 προθυμαίνων
3624 4715 3714 4768 καὶ

2066 4801 2536 4879 προκελευόμενος
2594 4799 2740 4873 ’ᾲδειν
2789 4800 3060 4871 ἐνυάλιον,
3115 4807 3330 4876 πρῶτος
3375 4800 3570 4876 ὁμιλεῖ
3599 4808 3716 4864 τοῖς

2064 4899 2172 4948 τῶν
2227 4889 2510 4962 πολεμίων
2584 4889 2975 4966 στρατεύμασιν
3012 4909 3024 4923 ⁸
3079 4889 3254 4954 οὕτως
3314 4891 3342 4944 ὁ
3383 4896 3493 4944 τῶν
3557 4892 3713 4954 Gaium

2069 4981 2290 5056 ἀγώνων
2344 4978 2734 5052 ἐμπειρότατος
2775 4973 3105 5052 πρεσϐύτης,
3156 4981 3246 5033 καὶ
3295 4977 3431 5053 βαθῦ
3465 4982 3556 5034 xui
3590 4986 3714 5033 πῖον

2069 5067 2438 5138 εἷσεληλακὼς
2484 5073 2679 5142 γῆρας,
2732 5067 2869 5142 πρὸς
2923 5069 3022 5135 τὴν
3085 5068 3215 5140 ὑπὲρ
3273 5071 3512 5142 Χριστοῦ
3549 5089 3717 5141 μακα-

308 5159 580 5234 ριωτάτην
634 5155 995 5229 προπηδήσας
1049 5159 1274 5234 σφαγήν,
1331 5158 1458 5218 τούς
1517 5178 1576 5211 τε
1631 5165 1730 5226 τῆς
1787 5157 1940 5228 νίκης
1983 5159 2387 5233 προεκομίσατο
2446 5157 2757 5232 στεφάνους,
2813 5155 2902 5210 καὶ
2960 5156 3088 5218 τοὺς
3145 5155 3523 5230 γλυκυτάτους
3584 5159 3716 5217 υἱεῖς

304 5247 612 5326 ἐφέπεσθαι,
644 5248 731 5301 xui
763 5249 852 5301 τὸν
887 5246 1078 5320 ὅμοιον
1110 5247 1390 5309 ἀσπασίως
1424 5245 1638 5309 ἑλέσθαι
1669 5247 2122 5320 παμμακάριστον
2157 5244 2629 5322 προπαρεσκεύασε
2658 5247 2912 5300 θάνατον.

373 5374 515 5439 Quis
544 5374 743 5444 igitur,
775 5391 908 5430 eum
941 5375 1039 5446 qui
1059 5375 1430 5447 septuaginta
1455 5391 1641 5430 annos
1667 5374 1945 5447 apostoli-

301 5480 436 5518 cum
458 5479 698 5518 cursum
724 5463 1094 5534 percurrerit,
1120 5467 1472 5518 servatorem
1488 5463 1779 5518 Christum
1806 5479 1948 5534 prae-

301 5551 596 5621 dicaverit,
628 5551 789 5606 verbi
819 5551 1098 5607 salutaris
1130 5551 1385 5608 nobilem
1429 5557 1486 5608 et
1545 5551 1943 5624 incorruptam

302 5642 623 5694 sementem
654 5639 712 5694 in
742 5640 913 5695 terris
941 5640 1186 5695 rationis
1208 5640 1596 5711 participibus
1618 5640 1943 5709 seminarit,

2121 5373 2221 5435 Τίς
2256 5371 2464 5426 οὖντὸν
2509 5369 2560 5425 ἐν
2612 5365 2780 5426 ἔνεσιν
2829 5365 3209 5442 ἑϐδομήκοντα
3257 5372 3356 5438 τήν
3404 5370 3714 5427 ἀποστολι·

2054 5463 2153 5531 κῆν
2215 5458 2505 5515 ὁδεύσαντα
2557 5453 2766 5534 τρίϐον,
2825 5459 2915 5514 καὶ
2975 5465 3209 5534 Σωτῆρα
3260 5460 3497 5535 Χριστὸν
3536 5461 3709 5535 κηρύ-

2056 5551 2234 5620 ξαντα,
2266 5550 2354 5605 καί
2391 5553 2488 5604 τοῦ
2540 5549 2818 5626 σωτηρίου
2879 5548 3050 5624 λόγου
3096 5549 3188 5604 τὸν
3244 5550 3430 5625 εὐγενῆ
3457 5552 3548 5605 xui
3598 5550 3710 5604 ἀκί-

2058 5634 2265 5721 ϐδηλον
2311 5637 2511 5713 σπόρον
2559 5635 2610 5691 έν
2658 5635 2894 5700 πολλαῖς
2946 5636 3194 5713 λογικαῖς
3243 5638 3506 5714 ἀρούραις
3547 5660 3702 5694 κατα-
