3930 6202
182 333 299 387 665

1215 337 1407 403 νιΤΑ,
1447 336 1783 392 AUCTORE
1816 337 2192 390 MICHAELE
2229 337 2578 392 SYNGELO.

3493 340 3600 395 666

187 479 508 531 σπειραντα,
541 460 632 514 καὶ
688 458 971 536 πολύχουν
1025 460 1379 533 ἀμησάμενον
1439 462 1699 536 ἄσταχυν,
1753 460 1832 515 καῖ

2016 463 2252 534 »ρίοεοτη
2287 468 2510 535 spicam
2533 464 2925 530 messuarit,et
2958 465 3182 521 fructus
3206 467 3469 537 apprime
3497 485 3600 524 no-

184 549 454 622 γνησίους
489 547 642 622 μάλα
672 549 761 603 καὶ
791 549 1010 621 τιμίους
1058 548 1449 622 ἐναποθὲμενον
1497 555 1617 611 ταῖς
1648 549 1841 624 ίὶεραῖς

186 637 497 707 ἀποθήκαις
553 635 815 710 καρποὺς,
856 637 1017 707 ἀξίως
1076 638 1430 710 θαυμάσειεν;
1465 637 1560 700 Τίς
1617 638 1706 692 τὸν
1758 637 1845 692 ἐπὶ

184 729 449 779 τοσοῦτον
511 724 717 799 χρόνου
779 732 955 798 μῆκος
1008 724 1374 802 εὐαγγελικῶς
1440 727 1844 801 ἀριστεύσαντα,

185 816 279 868 καί
306 813 610 891 νικηφόρον
644 811 1084 890 ἀναδεδειγμὲνον
1146 814 1196 869 ἐν
1252 815 1398 888 μέσῳ
1445 817 1846 892 χριστομάχων

182 903 492 977 τυράννων,
551 905 640 960 καὶ
727 903 908 978 δήμου
974 903 1408 982 θηριωδεστὲρου
1468 905 1699 962 λεόντων
1756 908 1846 962 καὶ

186 991 377 1048 λύκων
429 992 807 1066 ἀντικειμένων
870 992 1186 1050 ἐπαινέσειεν
1235 997 1360 1058 ὅσος
1432 994 1665 1050 ἐπαινεῖν
1727 996 1850 1051 ἑπο-

184 1079 476 1152 φείλεταὶς
528 1083 665 1138 Ποία
707 1082 930 1157 γλῶττα
976 1085 1113 1160 πρὸς
1157 1082 1414 1159 διήγησιν
1477 1089 1584 1139 τῶν
1640 1085 1844 1159 ἀρετῶν

183 1169 381 1241 αὐτοῦ,
413 1173 880 1245 κατορθωμάτων,
937 1171 1029 1227 καὶ
1082 1173 1416 1246 ἀθλημάτων
1476 1171 1781 1248 ἀρκέσειενς
1816 1175 1848 1228 ἃ

182 1267 291 1337 γῆς
340 1261 438 1332 μὶν
465 1261 517 1315 αἱ
551 1258 716 1334 φυλαὶ
764 1261 1201 1338 κατεπλάγησαν,
1230 1264 1286 1317 αἱ
1336 1261 1392 1318 δὲ
1439 1269 1545 1318 τῶν
1607 1265 1848 1340 οὐρανῶν

183 1348 370 1418 τάξεις
429 1350 748 1420 ἐξεθείασαν,
805 1352 894 1405 καὶ
951 1353 1183 1426 Χριστὸς
1237 1355 1266 1408 6
1322 1349 1698 1426 παμϐασιλεὺς
1757 1353 1846 1408 καὶ

183 1442 297 1492 τῶν
366 1433 634 1512 βραϐείων
696 1436 984 1512 διανομεῦς
1047 1439 1359 1512 ἀπεδέξατο,
1400 1442 1490 1496 καὶ
1549 1441 1848 1518 ἀναρρήσεα

187 1547 271 1580 σιν
306 1527 623 1596 ἐπινικίοις,
652 1528 741 1583 καὶ
782 1529 1054 1608 στεφάνων
1117 1530 1524 1607 ὑπερλάμπρων
1585 1527 1847 1605 ἀμοιϐαῖς

179 1617 275 1670 τὸν
332 1616 734 1692 κατωρθωκότα
778 1619 869 1673 καὶ
917 1617 1258 1689 διηθληκότα
1311 1618 1599 1694 διέστεψεν.
1632 1627 1694 1674 Ὠ
1748 1627 1847 1690 τῆς

180 1705 346 1778 ἁγίας
400 1707 491 1760 καὶ
551 1706 829 1770 θεσπεσίας
898 1708 1164 1784 κεφαλῆς,
1224 1716 1325 1780 τῆς
1406 1711 1538 1785 ὑπὲρ
1605 1714 1846 1785 Χριστοῦ

176 1801 282 1862 τῆς
336 1790 504 1858 ὅντως
561 1794 776 1869 ἀγάπης
823 1797 1164 1868 τμηθείσηςί
1204 1804 1264 1852 Ὠ
1314 1805 1414 1867 τῆς
1471 1797 1701 1853 πλεῖστα
1755 1800 1844 1853 καὶ

187 1881 423 1956 μέγιστα
457 1887 573 1946 θεῖα
597 1883 685 1938 καὶ
739 1883 1024 1960 ἀπόρρητα
1071 1886 1426 1961 χωρησάσης,
1461 1887 1492 1940 ἃ
1541 1889 1614 1960 μὴ
1665 1889 1846 1961 κεχώ-

189 1990 328 2045 ρηκε
384 1971 622 2043 κόσμος,
679 1975 1092 2047 πανιερωτάτης
1146 1981 1410 2052 κορυφῆς,
1457 1982 1561 2044 τῆς
1621 1975 1845 2049 μυρίους

187 2058 276 2114 καὶ
330 2058 574 2134 μακροὺς
635 2057 1008 2133 διαθλησάσης
1061 2062 1192 2138 ὑπὲρ
1235 2061 1332 2118 τοῦ
1379 2063 1520 2127 θείος
1562 2062 1847 2138 κηρύγμα-

182 2169 280 2211 τος
339 2148 587 2223 ἀγῶναςί
649 2157 712 2204 Ὠ
764 2153 864 2220 τῆς
941 2147 1347 2225 ὶμϐατευσάσης
1421 2158 1540 2216 τοῖς
1621 2155 1847 2226 ὑπερου-

184 2237 400 2314 ρανίοις
449 2236 794 2312 διακόσμοις,
826 2242 915 2296 καὶ
964 2243 1032 2296 τὰ
1087 2241 1254 2318 λόγου
1299 2265 1358 2298 τε
1386 2245 1586 2308 παντὸς
1638 2245 1844 2319 πέρατα

180 2328 273 2381 καί
303 2327 433 2389 νοὸς
464 2328 736 2399 νοησάσης
762 2350 776 2364 ο
808 2329 899 2385 καὶ
945 2332 1318 2408 φθεγξαμένης
1346 2334 1358 2388 !
1390 2339 1452 2386 Ὠ
1497 2339 1597 2402 τῆς
1631 2335 1842 2397 θειοτά-

179 2435 284 2484 της
346 2419 536 2490 ψυχῆς
581 2415 815 2488 ὲκείνης,
845 2425 943 2487 τῆς
974 2416 1031 2474 δὲ
1062 2416 1132 2474 δι’
1158 2418 1454 2495 ἀγγελικῆς
1513 2418 1841 2499 δορυφορίας

182 2502 263 2564 είς
317 2505 418 2565 τὰς
480 2504 769 2580 οὐρανίους
823 2505 1133 2578 ἀναπτάσης
1192 2506 1418 2582 ἀψίδαςί
1474 2511 1559 2582 ἣν,
1610 2507 1838 2583 ἐνδόξως

180 2593 321 2668 πρὸς
354 2593 447 2648 τὸν
474 2601 574 2663 τῆς
618 2592 780 2666 δόξης
811 2597 1016 2671 Κύριον
1060 2601 1151 2653 καί
1197 2596 1594 2677 στεφανοδότην
1626 2601 1837 2671 Ἰησοῦν

180 2681 441 2737 ἀνιοῦσαν
471 2688 578 2738 τῶν
603 2683 838 2740 εὐκλεῶν
871 2687 1054 2742 πόνων
1094 2689 1392 2765 τάπίχειρα
1439 2690 1838 2763 κομιουμένην,

183 2772 430 2844 ὕμνησεν
464 2774 659 2845 ἑκάστη
688 2779 796 2830 τῶν
833 2777 1212 2851 ὑπερκοσμίων
1265 2776 1566 2852 δυνάμεων,
1597 2781 1696 2850 τήν
1733 2780 1837 2835 αύ-

183 2867 287 2929 τῆς
339 2859 571 2932 ἄθλησιν
617 2865 966 2940 γεραίρουσα,
1009 2866 1101 2921 καὶ
1145 2862 1480 2940 ἀμειϐομένη
1528 2875 1628 2938 τῆς
1678 2869 1841 2944 ἀγγε-

187 2949 505 3022 λοπρεποῦς
560 2952 866 3026 ὑμνήσεως,
916 2956 981 3024 ἣν
1041 2955 1069 3009 ὁ
1119 2957 1300 3018 κοινὸς
1355 2958 1530 3013 αὐτῶν
1579 2958 1837 3035 ὗμνήτωρ

183 3037 543 3102 ἐνθεαστικῶς
579 3061 639 3096 τε
683 3042 774 3096 καὶ
820 3043 1210 3118 παναρμονίως
1256 3048 1593 3120 συνήρμοσεν
1623 3066 1636 3080 ·
1696 3049 1758 3116 ἣν
1801 3050 1836 3118 ἡ

178 3126 290 3182 ἅνω
355 3127 741 3204 Ἰερουσαλὴμ,
793 3131 889 3194 τὰς
938 3133 1130 3204 ἑαυτῆς
1181 3133 1434 3206 ἀνοίξασα
1480 3134 1680 3206 πύλας,
1724 3135 1840 3192 ἐνε-

1956 551 2104 606 biles
2161 559 2219 606 et
2266 551 2582 607 honoratos
2641 553 2697 606 in
2749 552 2972 608 horreis
3016 555 3199 610 sacris
3253 559 3599 628 reposuerit,

1957 640 2129 710 digne
2159 641 2433 695 admirari
2468 641 2705 710 posset?
2738 641 2877 708 Quis
2909 658 3042 696 eum
3103 642 3202 713 qui
3256 642 3367 698 huc
3409 661 3598 717 usque

1958 729 2238 800 temporis
2267 728 2602 801 evangelico
2662 729 2776 784 ritu
2832 735 3068 786 strenue
3130 747 3192 785 se
3226 733 3495 802 gesserit,
3531 751 3597 788 ac

1957 817 2108 871 inter
2134 822 2415 889 tyrannos
2445 818 2762 888 Christum,
2799 835 2864 873 ac
2915 818 3198 890 populum
3234 819 3500 876 leonibus
3532 838 3596 877 ac

1955 905 2111 977 lupis
2137 907 2422 978 oppositis
2455 907 2817 975 ferociorem,
2848 909 3149 964 victoriam
3191 909 3474 980 retulerit,
3512 927 3598 966 sa-

1955 995 2032 1050 tis
2065 1012 2168 1066 pro
2199 996 2482 1066 dignitate
2504 995 2769 1050 laudaret
2793 996 2821 1050 ‘?
2841 996 2974 1059 Quae
3000 997 3199 1067 lingua
3230 998 3298 1052 ad
3327 999 3458 1068 ejus
3480 999 3598 1053 vir-

1955 1089 2130 1151 tutes,
2162 1091 2314 1140 recte
2347 1085 2514 1151 facta,
2548 1090 2604 1140 et
2629 1086 2950 1140 certamina
2971 1086 3318 1141 celebranda
3365 1089 3598 1144 sufﬁce-

1957 1173 2086 1228 ret?
2116 1175 2250 1239 Qum
2282 1173 2520 1244 quidem
2546 1173 2735 1228 tribus
2767 1179 2929 1228 terrae
2963 1174 3264 1229 admiratae
3287 1181 3450 1245 sunt,
3485 1195 3600 1232 cm-

1956 1261 2146 1316 lorum
2191 1262 2430 1317 ordines
2462 1263 2630 1317 beata
2687 1263 3169 1333 prazdicaverunt,
3199 1264 3470 1320 Christus
3503 1283 3601 1321 rex

1956 1351 2242 1417 omnium,
2276 1357 2332 1406 et
2364 1351 2740 1422 praemiorum
2772 1350 3122 1407 distributor
3150 1353 3514 1424 approbavit,
3540 1360 3599 1410 et

1956 1439 2263 1511 prmconiis
2295 1439 2513 1511 quibus
2532 1440 2778 1495 victores
2809 1440 3002 1494 ornari
3033 1439 3596 1513 solent,coronisque

1956 1527 2306 1591 illustribus,
2362 1533 2482 1582 tam
2534 1533 2689 1583 recte
2741 1544 2958 1583 munus
3007 1529 3407 1584 Christianum
3431 1546 3596 1587 exse-

1955 1624 2158 1672 cutum
2191 1633 2256 1672 ac
2287 1617 2681 1672 decertantem
2730 1617 3045 1672 coronavit.
3095 1618 3138 1674 Ο
3195 1623 3489 1683 sanctum,
3540 1623 3598 1675 et

1955 1706 2216 1761 divinum
2243 1712 2437 1777 caput,
2467 1722 2568 1777 pro
2600 1721 2736 1762 vero
2758 1706 2969 1762 Christi
3010 1723 3205 1762 amore
3237 1707 3550 1778 praecisum
3579 1709 3589 1764 !
3652 1753 3654 1756 μ

1955 1795 1998 1850 Ο
2028 1793 2267 1867 plenum
2292 1795 2562 1866 plurimis
2618 1811 2686 1851 ac
2736 1795 3008 1850 maximis
3067 1797 3242 1851 rebus
3286 1795 3500 1852 divinis
3539 1799 3598 1852 et

1954 1883 2352 1942 ineﬁabilibus
2377 1885 3314 1957 caputsacratissimum,quarum
3337 1886 3596 1941 mundus

1956 1990 2072 2030 non
2093 1973 2204 2029 fuit
2225 1991 2426 2046 capax,
2460 1974 2804 2030 innumeros
2860 1973 3186 2046 longosque
3241 1991 3343 2047 pro
3395 1974 3590 2031 divino

1954 2063 2243 2135 praeconio
2275 2062 2502 2118 labores
2533 2079 2876 2134 perpessum
2903 2063 2916 2118 l
2950 2063 2994 2119 Ο
3022 2063 3212 2119 virum
3247 2079 3383 2119 cum
3423 2063 3594 2119 coale-

1953 2152 2144 2207 stibus
2175 2151 2896 2217 ordinibusincedentem,
2937 2156 2995 2207 et
3039 2168 3108 2208 ea
3155 2151 3416 2208 locutum
3465 2169 3592 2223 qua:

1952 2239 2274 2310 quemlibet
2299 2257 2628 2296 sermonem
2662 2245 2720 2296 et
2745 2257 2984 2296 sensum
3009 2239 3334 2297 excellunt!
3368 2243 3414 2296 Ο
3441 2241 3590 2295 divi-

1953 2327 2260 2384 nissimam
2280 2328 2538 2384 animam
2565 2329 2883 2401 illam,quae
2896 2345 3111 2384 corona
3129 2328 3592 2399 stipataangelo-

1950 2434 2084 2473 rum
2139 2419 2211 2473 ad
2271 2418 2527 2474 caelestia
2583 2419 2843 2473 culmina
2899 2417 3170 2486 evolavit,
3224 2434 3401 2488 quam
3445 2418 3588 2474 dum

1950 2506 2257 2578 magniﬁce
2270 2507 2338 2560 ad
2359 2506 2555 2577 gloria:
2569 2506 2882 2562 Dominum
2901 2511 2957 2561 et
2968 2509 3370 2562 corunatorem
3387 2505 3590 2562 Jesum

1950 2596 2312 2664 ascenderet,
2345 2613 2448 2667 pro
2484 2596 2757 2667 gloriosis
2771 2595 3070 2652 laboribus
3085 2595 3588 2667 prmmiisauctam

1949 2683 2168 2756 singuli
2191 2684 2535 2756 angelorum
2567 2685 2800 2740 ordines
2833 2684 3174 2750 laudarunt,
3202 2700 3268 2740 ac
3293 2688 3590 2740 certamen

1948 2773 2138 2845 ipsius
2161 2773 2420 2845 praamiis
2459 2772 2611 2828 889
2652 2790 2717 2830 ac
2774 2773 3131 2843 laudatione,
3173 2789 3300 2844 quae
3354 2772 3592 2844 angelos

1949 2863 2133 2930 decet,
2168 2862 2458 2917 munerati
2511 2867 2686 2931 sunt;
2721 2879 2896 2935 quam
2948 2863 3284 2918 communis
3324 2862 3590 2935 ipsorum

1947 2951 2219 3007 laudator
2247 2951 2439 3008 divine
2456 2968 2522 3006 ac
2552 2952 3458 3023 aptissimeconcinnavit;quam
3479 2968 3591 3007 cce-

1949 3039 2113 3096 lestis
2133 3039 2668 3105 Hierusalem,suas
2692 3041 2880 3113 ipsius
2913 3045 3114 3113 portas
3133 3039 3427 3112 aperiens,
3457 3039 3592 3096 sinu

1948 3131 2209 3201 suscepit
2237 3147 2366 3196 suo,
2400 3147 2578 3202 quam
2605 3130 2863 3186 Ecclesia
2881 3130 3430 3201 primogenitorum,
3468 3145 3592 3200 quae

175 3215 510 3273 κολπώσατο
543 3237 556 3252 ο
589 3219 650 3288 ἢν
682 3221 718 3283 ἡ
751 3220 1049 3292 Ἐκκλησία
1076 3224 1442 3295 πρωτοτόκων
1487 3225 1832 3302 ἀπογεγραμ-

2040 3220 2200 3276 coelis
2227 3221 2466 3294 ascripti
2497 3230 2657 3291 sunt,
2690 3220 3017 3293 amplexata
3048 3224 3177 3289 est;
3215 3237 3393 3292 quam
3417 3220 3594 3292 spiri-

183 3305 366 3377 μξνων
425 3303 478 3360 ἐν
538 3305 791 3380 οὐρανοῖς
845 3311 1289 3384 προσεπτύξατο*
1321 3314 1382 3366 ’ἓν
1415 3313 1696 3388 πνεύματα
1747 3317 1837 3370 καὶ

179 3395 360 3468 ψυχαὶ
388 3391 609 3450 δικαίων
643 3395 806 3450 ὁσίων
833 3399 920 3452 καὶ
943 3404 1211 3454 ταπεινῶν
1269 3402 1340 3472 τῇ
1386 3399 1602 3478 καρδίᾳ,
1633 3405 1734 3472 τὴν
1783 3403 1834 3458 ἐν

179 3480 502 3558 δικαιοσύνῃ
549 3485 640 3539 καὶ
689 3486 957 3557 ὁσιότητι,
1005 3489 1093 3542 καὶ
1142 3491 1371 3564 μετρίῳ,
1423 3491 1513 3546 καὶ
1572 3491 1699 3565 θείῳ
1746 3514 1838 3570 φι-

180 3570 571 3648 λοφρονήματι
601 3573 1096 3650 πολιτευσαμένην,
1128 3580 1218 3632 καὶ
1253 3579 1452 3654 μέχρις
1485 3580 1712 3654 α’ίματος
1739 3584 1841 3650 τὴν

180 3661 366 3715 πίστιν
419 3662 959 3739 παῤῥησιασαμένην,
1017 3665 1105 3721 καί
1167 3667 1300 3742 ὑπὲρ
1369 3669 1536 3734 αὐτῆς
1605 3671 1837 3725 πυκτεύ·’

178 3771 350 3804 σασαν
402 3750 800 3826 ἰνηγκαλίσατο
833 3772 848 3786 ⁸
988 3759 1094 3810 τῶν
1146 3756 1465 3812 ἀποστόλων
1498 3761 1532 3828 ἡ
1566 3778 1838 3832 χοροστα-

181 3837 269 3891 σία
299 3836 609 3913 πρεπωδῶς
640 3839 1042 3916 ἐνεκαυχήσατο
1077 3861 1090 3873 ·
1134 3843 1216 3920 ἐφ’
1333 3849 1440 3899 τῶν
1482 3847 1778 3923 προφητῶν
1808 3847 1836 3900 6

179 3928 357 4002 χορὸς
401 3926 800 4003 ἠγαλλιάσατο,
849 3932 967 4002 μεθ’
1004 3933 1072 3999 ἧς
1133 3931 1372 4006 ἑορτάζει
1416 3933 1507 3987 καὶ
1557 3934 1837 4010 εὐφραίνε-

174 4036 290 4083 ται,
321 4017 422 4084 τὴν
473 4014 524 4086 ἐξ
571 4016 786 4072 οἲκείων
831 4017 1059 4093 ἀγώνων
1109 4020 1198 4074 καὶ
1239 4021 1483 4093 αἰμάτων
1518 4022 1833 4097 ὑφανθεῖσαν

175 4104 267 4156 καὶ
306 4105 565 4181 βαφεῖσαν
603 4103 894 4180 βασιλικὴν
926 4106 1206 4185 πορφύραν
1257 4105 1698 4184 περιϐεϐλημένη
1744 4111 1834 4165 καὶ

174 4191 586 4266 πεποικιλμένη
616 4198 726 4248 τῶν
758 4193 1084 4272 ἀθλοφόρων
1120 4197 1405 4274 μαρτύρων
1439 4202 1474 4269 ἡ
1511 4202 1834 4276 πανήγυρις,

249 4318 624 4394 Μακαριστίον
655 4318 833 4375 τοίνυν
870 4321 970 4390 τήν
1017 4321 1179 4377 πόλιν
1227 4324 1326 4392 τὴν
1371 4325 1832 4400 ταμιευσαμένην,

178 4408 283 4477 τήν
333 4425 393 4462 τε
442 4413 704 4486 θεοστεφῆ
753 4408 843 4464 καὶ
884 4404 1288 4485 πανσεϐασμίαν
1323 4433 1417 4468 σου
1461 4412 1702 4492 κεφαλήν
1744 4415 1834 4470 καὶ

177 4497 240 4552 τὸ
269 4495 462 4569 τίμιον
494 4494 772 4572 λείψανον,
805 4499 895 4554 καὶ
931 4503 1061 4568 τῶν,
1094 4498 1185 4566 οὓς
1232 4501 1307 4566 ὡς
1356 4503 1525 4580 ἱερεῖα
1567 4502 1834 4577 πανάμω-

1947 3316 2044 3367 tus
2075 3316 2134 3367 et
2163 3311 2371 3368 anima
2394 3312 2967 3383 justorum,pior::m
2986 3316 3044 3366 et
3073 3309 3389 3366 humilium
3423 3311 3592 3366 corde

1945 3399 2006 3455 in
2031 3402 2266 3471 justitia
2295 3401 2698 3467 etsanctitate,
2736 3401 3038 3456 moderata
3071 3416 3138 3455 ac
3169 3400 3366 3454 divina
3408 3399 3590 3454 animi

1947 3489 2279 3561 aequalitate
2303 3490 2360 3544 in
2395 3491 2610 3544 mundo
2642 3493 3017 3552 versatam,et
3049 3488 3222 3543 ﬁdem
3255 3488 3325 3542 ad
3349 3487 3591 3560 sangui-

1947 3595 2082 3634 nem
2107 3596 2292 3651 usque
2313 3579 2573 3635 animose
2599 3579 2947 3650 professum,
2978 3583 3036 3632 et
3067 3594 3169 3648 pro
3218 3578 3348 3649 ipsa
3377 3583 3593 3647 marty-

1946 3668 2032 3722 rio
2065 3667 2347 3736 iunctam,
2376 3667 2433 3721 in
2467 3667 2662 3722 sinum
2695 3665 2957 3736 suscepit
2987 3666 2999 3720 l
3034 3666 3117 3719 Ob
3141 3682 3319 3736 quam
3353 3670 3590 3736 aposto-

1943 3755 2134 3811 lorum
2165 3756 2376 3811 chorus
2398 3757 2669 3810 decenter
2689 3754 2976 3825 gloriatus
3007 3758 3116 3808 est.
3149 3755 3212 3807 In
3244 3768 3363 3822 qua
3385 3757 3583 3807 vatum

1946 3861 2246 3901 sacrorum
2305 3848 2489 3899 coetus
2547 3843 2802 3915 gestiens
2853 3841 3183 3907 exsultavit,
3216 3845 3271 3895 et
3327 3839 3585 3897 celebres

1946 3939 2270 3991 conventus
2291 3933 2428 4004 agit,
2479 3938 2654 4004 atque
2679 3933 2946 3988 lzetatur:
2982 3936 3039 3988 et
3085 3948 3211 3987 eam
3245 3933 3428 3987 effuso
3462 3949 3589 4004 pro-

1945 4025 2088 4096 priis
2118 4024 2175 4078 in
2224 4023 2651 4078 certaminibus
2705 4021 2994 4093 sanguine
3050 4020 3476 4088 ﬂorescentem,
3522 4037 3588 4075 ac

1945 4113 2114 4184 quasi
2149 4111 2306 4183 regia
2339 4126 2600 4184 purpura
2616 4108 2858 4163 tinctam
2887 4107 3000 4162 laeti
3021 4111 3304 4180 martyres
3328 4108 3586 4178 prasmiis

1945 4201 2225 4256 cumulati
2259 4199 2532 4255 ambiunt
2559 4204 2618 4255 et
2647 4202 2945 4254 exornant.

2016 4323 2192 4380 Beata
2220 4323 2398 4395 igitur
2429 4321 2800 4396 praedicanda
2831 4320 3036 4377 civitas
3091 4323 3199 4388 est,
3234 4337 3360 4392 quae
3419 4325 3587 4378 tuum

1946 4413 2198 4470 maxime
2228 4413 2626 4470 venerandum
2650 4416 2827 4483 caput
2879 4428 2913 4467 ο.
2959 4411 3076 4467 Deo
3132 4415 3500 4477 coronatum,
3531 4416 3589 4466 et

1944 4502 2230 4576 pretiosas
2261 4501 2542 4574 reliquias
2573 4501 2912 4568 asservavit,
2946 4505 3118 4571 atque
3138 4499 3386 4555 duorum
3407 4497 3586 4554 etiam

184 4605 258 4658 μα
306 4583 400 4639 καὶ
445 4583 754 4650 πανευῶδες
801 4588 1052 4661 θυμίαμα
1097 4593 1178 4662 τῷ
1225 4595 1342 4664 Θεῷ
1399 4595 1830 4669 προσενήνοχας,

2016 4590 2653 4662 ndiscipulorum,quos
2666 4594 2948 4660 tanquam
2964 4587 3230 4642 victimas
3244 4585 3584 4642 immacula-

181 4675 601 4748 συμφοιτητῶδ,
626 4671 671 4728 ὦ
703 4673 1050 4750 θεοκηρύκων
1087 4676 1177 4730 καὶ
1226 4677 1500 4754 ἱεραρχῶν
1549 4679 1640 4734 καὶ
1688 4702 1834 4756 μαρ-

177 4759 361 4835 τύρων
390 4760 686 4836 πανάριστε
720 4779 733 4795 ο
764 4763 853 4817 καὶ
881 4769 999 4826 τοῖς
1038 4764 1218 4838 άγίοις
1263 4766 1414 4837 ὑμῶν
1463 4771 1836 4844 φοινιχθεῖσαν

179 4845 430 4920 α’ίμασιν,
463 4847 514 4918 ἐξ
557 4850 630 4903 ὧν
673 4847 808 4923 ἴαμά
852 4872 904 4905 τι
935 4851 1023 4906 καὶ
1071 4859 1268 4926 κρῆναι
1311 4854 1528 4909 νάουσιν
1589 4859 1668 4910 ἀεὶ
1717 4863 1836 4919 τοῖς

176 4936 355 4990 πίστει
388 4936 816 5012 προσφεύγουσι,
845 4941 932 4994 καὶ
963 4942 1064 5008 τὴν
1113 4946 1220 4996 τῶν
1266 4941 1608 5017 ἀλγυνόντων
1659 4966 1833 5015 νοση-

177 5027 364 5095 μάτων
419 5023 715 5096 ἐξαιτοῦσιν
772 5024 935 5085 ῗαοιν.
993 5029 1080 5092 Ὠς
1138 5028 1360 5100 ἀληθῶς
1437 5031 1835 5106 μεμακάρισται

173 5112 430 5188 υαρισία,
462 5115 498 5182 ἡ
538 5117 608 5187 τῇ
663 5115 758 5187 μὲν
801 5115 1135 5186 πηλικότητι
1164 5123 1271 5172 τῶν
1300 5120 1434 5174 κατὰ
1473 5119 1708 5174 Γαλλίαν
1743 5145 1837 5194 μι-

169 5203 412 5277 κροτέρα
458 5201 807 5276 πόλεων,τῷ
860 5205 1244 5282 κεκληρῶσθαι
1289 5207 1345 5264 δέ
1405 5231 1481 5281 σε,
1512 5215 1622 5265 τῶν
1683 5210 1836 5266 διδα-

171 5290 395 5345 σκάλων
457 5293 504 5346 ὧ
563 5293 844 5367 πρόκριτε,
901 5295 1246 5371 θησαύρισμα
1322 5301 1518 5362 παντὸς
1573 5299 1834 5370 αἰσθητοῦ

169 5380 426 5435 πλούτου
481 5379 914 5459 τιμαλφὲστερον
994 5385 1084 5438 καὶ
1163 5385 1470 5462 πολιοῦχον
1517 5395 1832 5460 κεκτῆσθαι,

170 5469 265 5522 καὶ
329 5469 687 5547 φρούραρχον
766 5467 1121 5549 λαμπροτέρα
1189 5477 1578 5550 χρηματίσασα
1612 5495 1624 5509 ⁸
1681 5478 1835 5553 ἁγια-

171 5555 319 5628 σμὸς
371 5558 474 5630 γάρ
524 5555 661 5631 αὐτῇ
710 5557 888 5612 θεόθεν
939 5556 1156 5632 ἐδόθης,
1185 5564 1285 5632 τήν
1317 5568 1425 5618 τῶν
1455 5561 1698 5618 πολιτῶν
1743 5565 1832 5618 καὶ

173 5640 477 5713 ἆπηλύδων
553 5645 896 5720 καθαγιάζων
974 5645 1338 5724 φιλόχριστον
1398 5648 1682 5724 ἄθροισιν·
1742 5653 1833 5706 καὶ

1946 4684 2033 4735 tas
2076 4687 2131 4734 et
2169 4677 2504 4734 suavissimi
2559 4677 2755 4733 odoris
2785 4677 3113 4742 incensum,
3147 4674 3262 4730 Deo
3294 4673 3581 4729 obtulisti.

1947 4766 1992 4823 Ο
2021 4767 2352 4822 divinorum
2385 4781 2718 4837 prmconum
2753 4781 2818 4819 ac
2867 4778 3236 4818 summorum
3268 4759 3580 4833 praesulum

1946 4861 2002 4911 et
2033 4860 2356 4926 martyrum
2389 4853 2755 4924 amplissime
2782 4852 2793 4906 !
2827 4853 2891 4906 Et
2939 4867 3106 4906 sacro
3154 4856 3347 4905 vestro
3379 4867 3584 4905 cruore

1946 4944 2211 5009 tinctam,
2236 4960 2304 4998 ex
2335 4959 2449 5014 quo
2485 4942 2773 4996 medicina
2803 4942 3065 5009 quisdam
3099 4956 3164 4994 ac
3198 4939 3386 4994 fontes
3409 4940 3481 4994 ad
3515 4941 3584 4993 li-

1945 5033 2074 5087 dem
2099 5031 3042 5102 confugientibus,etcurationem
3075 5033 3277 5083 contra
3309 5028 3584 5083 molestas

1945 5120 2320 5191 aegritudines
2370 5117 2818 5191 exposcentibus
2875 5118 3208 5188 perenniter
3264 5118 3582 5187 profluunt.

1945 5211 2129 5274 Quam
2147 5225 2275 5263 vere
2299 5209 2466 5262 beata
2498 5207 2760 5261 Parisina
2792 5206 3161 5277 civitas,quze
3179 5205 3582 5276 magnitudine

1944 5298 2180 5368 quidem
2207 5297 2406 5352 Gallia:
2435 5296 2765 5350 civitatibus
2789 5296 3110 5362 cedit,dum
3145 5311 3274 5350 vero
3307 5299 3384 5355 te,
3413 5311 3444 5349 ο
3479 5296 3584 5350 do-

1945 5392 2172 5442 ctorum
2196 5384 2695 5454 praestantissime,
2723 5383 3064 5438 thesaurum
3089 5383 3364 5438 omnibus
3380 5383 3584 5438 mundi

1944 5474 2166 5529 divitiis
2201 5473 2622 5545 pretiosiorem,
2677 5472 2736 5526 in
2767 5472 3164 5529 haereditatem
3197 5473 3440 5544 accepit,
3480 5489 3584 5543 pa-

1944 5568 2300 5634 tronumque
2320 5566 2377 5617 et
2417 5562 2825 5617 excubatorem
2857 5563 3190 5634 acquisivit,
3221 5561 3584 5634 splendidior

1945 5653 2174 5710 cunctis
2202 5657 2259 5707 et
2289 5651 2511 5707 beatior
2541 5649 2836 5722 appellata
2863 5656 2951 5708 est
2975 5651 2987 5706 ί
3013 5651 3077 5707 Ei
3105 5651 3262 5706 enim
3286 5655 3350 5707 ut
3368 5653 3584 5707 sancti-
