3930 6202
274 266 383 324 667

1518 269 1577 323 Β.
1618 266 1937 325 DIONYBII
1976 267 2453 327 ABBOPOGI‘I‘E

3583 268 3683 326 ωε

274 388 425 446 tudo
456 385 710 444 cmlestis
741 388 914 444 datus
944 402 1029 455 es,
1062 386 1164 460 qui
1195 391 1410 444 emtum
1433 386 1648 444 civium
1672 392 1727 445 et
1759 389 1826 445 ad

2134 389 2410 464 ιυματικὸς
2442 382 2630 460 ὄλϐος,
2658 387 2867 467 τρυφὴν
2894 386 3160 462 πορίζων,
3191 387 3256 442 οὐ
3292 390 3391 459 τὴν
3437 391 3531 444 τὸν
3578 410 3686 445 σω-

281 495 494 536 narum
525 477 742 534 Christi
802 476 1092 534 colentem
1139 482 1409 534 sanctum
1442 478 1725 535 efflceres.
1758 483 1938 536 Datus

284 585 348 624 es
379 568 429 623 ei
463 566 637 623 etiam
674 569 739 622 ut
766 564 1034 623 coelestes
1080 565 1318 635 divitiae,
1353 582 1481 637 qum
1530 565 1770 623 delicias
1792 584 1938 638 pra:-

283 658 511 727 berent,
539 673 650 713 non
686 672 783 712 eas
806 672 934 728 qua
965 654 1344 728 supercilium
1364 655 1624 726 corporis
1646 655 1935 725 altollunt,

283 746 635 817 dulcemque
678 745 750 800 ad
796 745 972 801 breve
1010 748 1247 816 tempus
1277 747 1521 816 gustum
1552 743 1853 812 exhibent,
1884 748 1941 801 et

284 835 554 893 celeriter
582 833 865 891 labuntur
917 838 1094 905 atque
1139 832 1444 901 deficiunt,
1505 849 1655 905 quas
1698 836 1854 889 terra
1883 837 1941 890 et

282 941 444 981 mare
474 924 835 997 producunt,
857 927 916 978 et
945 922 1110 978 sinus
1136 938 1302 979 sacer
1331 939 1398 979 ac
1432 922 1645 979 ﬂuvius
1667 924 1939 995 piscosus

289 1012 741 1086 profundusque
761 1011 1140 1067 circumdans
1192 1014 1251 1067 et
1280 1009 1728 1067 circumsonans
1757 1009 1937 1068 altum

286 1100 628 1158 tenentibus
657 1099 898 1157 Niliacis
930 1098 1178 1155 aemulus
1210 1099 1474 1157 ﬂuentis.
1503 1102 1708 1156 Murus
1741 1100 1938 1157 muni-

286 1190 560 1247 tissimus
590 1188 1044 1262 oppositus,non
1066 1188 1405 1245 labentibus
1431 1192 1490 1245 et
1517 1188 1721 1260 politis
1738 1188 1939 1247 electis

288 1278 585 1351 lapidibus
639 1278 1030 1351 compositus,
1054 1277 1538 1350 propugnaculis,
1569 1278 1833 1335 turribus
1884 1282 1943 1336 et

287 1385 596 1425 murorum
628 1367 880 1441 fastigiis
909 1371 974 1424 ut
1003 1368 1256 1424 ferreum
1275 1372 1510 1440 septum
1542 1367 1806 1435 innixus,
1838 1369 1938 1425 sed

286 1462 389 1514 tua
406 1461 764 1528 tuorumque
780 1456 1248 1515 commilitonum
1272 1457 1711 1515 consecratione
1736 1458 1943 1513 funda-

292 1550 411 1614 tus,
436 1544 770 1617 vestrisque
785 1560 925 1617 erga
939 1546 1124 1603 Deum
1141 1546 1418 1619 benignis
1439 1546 1712 1619 precibus
1743 1544 1939 1618 ignem

295 1650 325 1691 e
365 1633 509 1691 coelo
536 1634 965 1691 deducentibus
995 1635 1298 1703 fundatus,
1334 1652 1461 1707 quae
1503 1635 1942 1707 quinquagena-

2050 479 2275 551 ματικὸν
2305 474 2465 555 ὄγκον
2506 476 2856 549 αὐξάνουσιν,
2884 477 2974 532 καὶ
3025 476 3165 552 πρὸς
3214 476 3392 553 βραχὺ
3439 479 3530 532 τὸν
3592 480 3686 552 φά-

2048 586 2222 641 ρυγγα
2276 565 2694 643 γλυκαίνουσαν,
2752 566 2840 621 καὶ
2894 570 3085 628 θᾶττον
3140 565 3552 639 ἀπολλυμένην,
3603 570 3687 622 καὶ

2049 656 2366 731 φθίνουσαν,
2425 658 2491 724 ἣν
2546 662 2619 730 γῆ
2674 655 2765 710 καὶ
2821 655 3063 711 θάλασσα
3118 655 3290 732 φέρει,
3338 656 3427 711 καὶ
3483 654 3691 717 κόλπος

2047 744 2266 819 ἱέρειος,
2318 744 2408 800 καὶ
2465 745 2715 817 ποταμὸς
2766 743 3101 820 ἰχθυοφόρος
3151 744 3240 798 καὶ
3291 743 3622 820 acassam,
3670 746 3695 798 ὁ

2047 833 2394 909 περικυκλῶν
2425 835 2513 888 καὶ
2546 836 2833 907 περιηχῶν
2880 838 2998 894 τοῖς
3043 831 3389 908 πελαγὶζουσι
3445 832 3700 905 νειλῲοις

2049 922 2441 996 ἁμιλλώμενος
2472 922 2735 997 χεύμασι.
2766 924 2969 996 Τεῖχος
3000 922 3354 998 ὀχυρώτατον
3380 917 3701 997 προϐἆεληο

2048 1033 2160 1081 σαι,
2192 1013 2257 1068 οὐ
2316 1012 2502 1089 ῥυτοῖς
2557 1032 2617 1068 τε
2672 1013 2759 1067 καὶ
2819 1014 3025 1084 ξεστοῖς
3074 1009 3466 1085 ἇξειλεγμάνοις
3519 1010 3705 1075 λὶθοις

2046 1100 2513 1179 ἡρμολογημὲνον
2542 1122 2601 1158 τε
2628 1102 2720 1158 καὶ
2774 1098 3170 1174 δεδομημένον,
3202 1101 3292 1155 καὶ
3338 1106 3707 1176 προμαχῶσι,

2047 1192 2139 1249 καὶ
2181 1193 2432 1269 πύργοις,
2463 1192 2555 1248 καὶ
2602 1190 2887 1263 ἐπάλξεσιν
2936 1190 3344 1268 ἐρηρεισμίνον,
3376 1193 3490 1246 οἷον
3539 1190 3710 1264 ipsis;

2049 1281 2328 1359 σιδήρεον,
2353 1282 2501 1339 ἀλλὰ
2548 1285 2620 1356 τῇ
2680 1285 2748 1356 σῇ
2802 1302 2864 1337 τε
2918 1282 3007 1337 καὶ
3058 1286 3166 1337 τῶν
3212 1284 3318 1337 σῶν
3351 1281 3714 1351 συναθλητῶν

2048 1371 2511 1447 τεθεμλιωμένον
2543 1371 2809 1448 ἁγιστείᾳ,
2831 1371 2925 1427 καὶ
2946 1377 3067 1433 ταῖς
3100 1371 3383 1448 ὑμετέραις
3409 1370 3551 1447 πρὸς
3582 1372 3715 1425 Θεὸν

2050 1462 2435 1538 εὐπροσώποις
2463 1461 2890 1537 πεπυργωμένω
2940 1458 3224 1533 ἰντεύξεσι,
3255 1464 3363 1535 πῦρ
3407 1459 3717 1534 οὐρανόθεν

2048 1550 2435 1627 καταγούσαις,
2466 1550 2980 1625 πεντηκοντάρχους
3006 1570 3065 1605 τε
3119 1548 3209 1604 καὶ
3261 1550 3713 1623 δκατοντάρχους

2047 1639 2139 1696 καὶ
2196 1638 2534 1715 χιλιάρχους
2589 1637 2866 1700 ἀντιθέους
2922 1637 3016 1693 σὺν
3072 1641 3190 1701 τοῖς
3225 1635 3399 1692 αὐτῶν
3432 1631 3711 1712 βαρϐαρι-

298 1723 440 1791 rios,
465 1724 620 1780 890
650 1728 708 1780 et
726 1724 1122 1795 centuriones,
1154 1741 1221 1781 ac
1250 1723 1614 1781 millenarios
1643 1740 1779 1782 cum
1807 1724 1850 1781 bl

2164 1750 2170 1790 :
2247 1727 2636 1784 καταναλίσκον
2712 1725 3096 1802 στρατεύμασι.
3156 1726 3340 1797 Λιμὴν
3409 1726 3716 1798 πρόκεισαι

296 1813 513 1870 baricis
558 1813 796 1870 illorum
853 1812 1206 1870 exercitibus
1276 1813 1613 1871 absumant.
1658 1812 1848 1871 Saluta

2172 1819 2351 1892 ήριος,
2383 1816 2511 1880 τοὺς
2542 1816 2602 1873 ix
2635 1817 2900 1892 βιωτικῆς
2939 1814 3482 1892 προσορμιζομὲνους
3529 1812 3724 1884 ζάλης

295 1906 503 1974 portus
562 1901 899 1973 propositus
931 1918 1023 1970 es,
1070 1901 1405 1975 suscipiens
1434 1918 1536 1959 eos
1579 1903 1681 1973 qui
1721 1919 1792 1959 ex
1817 1904 1947 1959 vita

298 1992 480 2065 hujus
501 1994 854 2064 tempestate
878 1992 950 2048 ad
972 1995 1208 2064 portum
1230 1992 1504 2061 tendunt,
1530 1997 1588 2049 et
1606 1996 1841 2065 pratum
1854 2010 1947 2049 ra-

300 2080 518 2139 tionale
546 2080 704 2153 quod
734 2081 1111 2153 omnigenam
1124 2082 1637 2153 oircumjacentem
1655 2082 1951 2139 temerita-

310 2176 454 2241 tem,
479 2174 762 2242 tanquam
775 2171 982 2228 hortus
1021 2170 1120 2228 ille
1149 2172 1251 2244 qui
1282 2180 1405 2229 erat
1433 2172 1494 2228 in
1524 2173 1704 2243 Eden,
1736 2176 1950 2229 arceat.

315 2263 380 2318 In
408 2260 519 2317 hac
543 2262 713 2317 tuum
761 2260 1206 2318 sanctissimum
1235 2260 1524 2333 templum
1557 2264 1813 2318 erectum
1843 2264 1953 2329 est,

316 2350 472 2423 quod
494 2365 669 2406 omne
699 2349 986 2422 singulari
1017 2350 1381 2423 benignitate
1410 2349 1683 2407 ﬁdelibus
1711 2350 1954 2423 refrige-

315 2438 470 2496 rium
519 2441 779 2511 priestat,
824 2454 894 2495 ac
942 2437 1305 2511 quibuslibet
1352 2440 1603 2512 spiritus
1660 2439 1955 2497 alimentis

317 2527 645 2600 oppositam
678 2544 945 2585 mensam
976 2527 1346 2601 implet,qum
1377 2528 1605 2585 animas
1625 2529 1823 2600 satiat,
1855 2534 1957 2586 ﬂo-

317 2633 444 2673 rere
475 2615 798 2689 compellit,
818 2620 995 2690 atque
1025 2618 1429 2689 incorruptam
1450 2617 1633 2676 vitam
1650 2616 1955 2690 elargitur.

311 2710 461 2777 Ergo
491 2706 648 2763 sicut
681 2706 926 2764 Parisiis
955 2706 1150 2763 divino
1182 2711 1239 2763 et
1287 2706 1507 2763 cmlesti
1550 2711 1728 2779 atque
1783 2706 1957 2779 spiri-

313 2794 461 2852 tuali
494 2795 666 2853 altari
687 2796 991 2865 insistens,
1023 2795 1175 2851 inter
1221 2811 1322 2852 eos
1344 2795 1446 2867 qui
1476 2800 1669 2852 tecum
1701 2795 1961 2854 coronati

318 2890 459 2941 sunt
487 2886 721 2941 medius
755 2886 1079 2958 benignum
1124 2885 1352 2959 Jesum,
1413 2885 1681 2943 universo
1741 2888 1962 2944 mundo

322 2974 640 3047 propitium
674 2975 946 3042 reddens,
979 2990 1150 3044 quem
1181 2973 1457 3045 dilexisti,
1488 2991 1664 3047 quem
1686 2977 1962 3047 praedica-

320 3063 529 3136 sti,per
566 3079 740 3130 quem
772 3064 962 3137 capite
985 3066 1297 3120 truncatus
1318 3080 1589 3120 coronam
1613 3065 1790 3137 digne
1812 3070 1966 3121 retu-

2060 1904 2489 1984 ὑποδεχόμενος,
2537 1906 2628 1962 καὶ
2677 1904 2937 1961 παντοίαν
2987 1904 3373 1980 περιστατικὴν
3426 1901 3724 1976 ἁπεῖργων

2058 1996 2402 2071 περιπέτειαν
2434 2016 2447 2033 ο
2508 1993 2717 2069 λειμὼν
2761 1995 2978 2065 νοητὸς.
3013 1994 3089 2057 ὡς
3141 1995 3171 2048 ὁ
3228 1992 3279 2048 ὃν
3316 1989 3480 2065 Ἐδὶμ
3530 1990 3727 2064 mp5-

2063 2085 2263 2156 δεισος,
2292 2086 2382 2141 καὶ
2437 2087 2500 2141 τὸ
2557 2086 2648 2140 σὸν
2706 2083 2998 2160 ἱερώτατον
3057 2080 3140 2138 ἃττ’
3195 2080 3330 2155 αὐτῇ
3383 2078 3729 2157 πεφύτευται

2059 2176 2285 2249 τέμενος
2324 2179 2497 2230 πᾶσαν
2548 2170 2639 2228 διὰ
2683 2177 2787 2241 τῆς
2833 2169 3047 2227 ἐνοίκου
3094 2167 3324 2245 χάριτος
3350 2173 3468 2233 τοῖς
3495 2174 3731 2231 πιστοῖς

2062 2262 2424 2340 ψυχαγωγίαν
2484 2260 2887 2339 παρεχόμενον,
2916 2259 3006 2316 καὶ
3051 2256 3423 2321 παντοδαπαῖς
3476 2278 3735 2331 «vmpe-

2063 2359 2241 2416 τικαῖς
2291 2349 2524 2415 ἐδωδαῖς
2566 2349 2884 2423 πλήθουσαν
2943 2350 3372 2425 παρατιθέμενον
3423 2347 3734 2422 τρᾶπεζαν,

2067 2444 2249 2519 ψυχὰς
2276 2443 2562 2513 ὲστιῶσαν,
2578 2439 2670 2497 καὶ
2690 2437 2916 2496 θάλλειν
2940 2442 3227 2506 ποιοῦσαν,
3245 2437 3335 2493 καὶ
3364 2439 3511 2507 ζωὴν
3530 2438 3739 2509 προξε-

2065 2538 2255 2589 νοῦσαν
2300 2532 2399 2600 τὴν
2449 2528 2742 2609 ἄφθαρτον.
2774 2528 2863 2590 Ὦς
2918 2526 3011 2583 οὗν
3057 2526 3111 2583 ἒν
3170 2526 3403 2601 Παρισίᾳ
3452 2531 3536 2597 τῷ
3596 2527 3739 2598 θείῳ

2067 2624 2157 2679 καὶ
2190 2618 2521 2694 ἐπουρανίῳ,
2553 2618 2645 2674 καὶ
2674 2622 2850 2692 νοερῷ
2896 2616 3266 2691 θυσιαστηρίῳ
3313 2617 3737 2691 παριστάμενος

2066 2717 2175 2769 τῶν
2224 2714 2330 2766 σῶν
2377 2711 2774 2783 συστεφανιτῶν
2834 2706 3192 2780 μισούμενος,
3222 2705 3317 2762 τὸν
3372 2702 3739 2778 εύμιιλικτον

2073 2804 2202 2875 ὑπὶρ
2232 2803 2330 2855 τοῦ
2356 2796 2570 2871 κόσμου
2599 2796 2800 2858 παντὸς
2848 2789 3333 2869 ἂκμειλισσόμενος
3361 2796 3603 2867 Ἰησοῦν,
3639 2797 3737 2850 τὸν

2072 2889 2331 2962 ἀληθινὸν
2382 2888 2534 2959 Θεὸν,
2566 2884 2658 2943 καὶ
2697 2884 2987 2962 ἱεράρχην,
3035 2886 3123 2942 καὶ
3167 2881 3589 2963 στεφανοδότην,
3644 2884 3740 2939 καὶ

2071 2981 2249 3049 πάσης
2270 2974 2441 3033 αἴτιόν
2471 2995 2531 3032 τε
2548 2975 2639 3031 ναὶ
2660 2975 2910 3050 πάροχον
2933 2972 3312 3049 ἀγαθωσύνης,
3328 2974 3389 3029 ὃν
3407 2973 3741 3049 ἠγάπηκας,

2072 3070 2134 3125 ’ὸν
2163 3064 2499 3142 κεκήρυχας,
2532 3062 2602 3121 δι’
2632 3065 2692 3119 ὃν
2721 3063 2930 3138 αὐχινα
2955 3062 3190 3136 τμηθεὶς
3215 3062 3382 3134 ἀξίως
3420 3062 3485 3117 τὸ
3534 3062 3744 3141 crispo:

320 3153 465 3222 lisli,
496 3170 654 3210 nunc
684 3170 783 3210 eos
815 3154 914 3225 qui
947 3154 1005 3210 in
1038 3169 1269 3211 sacram
1300 3170 1368 3210 ac
1391 3155 1784 3211 venerandam
1814 3156 1872 3211 he

2193 3156 2409 3233 ζληφας,
2439 3152 2568 3218 τοὺς
2594 3157 2688 3209 νῦν
2718 3151 3217 3227 συναγηγερμινους
3247 3150 3326 3213 είς
3369 3150 3575 3221 ταύτην
3640 3171 3745 3206 σου

321 3250 483 3302 tuam
515 3243 911 3301 celebritatem
935 3248 991 3301 et
1012 3243 1442 3317 optatissimam
1459 3244 1802 3301 memoriam
1824 3262 1873 3302 ce

2230 3245 2376 3322 ἱερὰν
2430 3244 2520 3300 καὶ
2580 3242 2780 3312 ππτὴν
2833 3243 3163 3317 πανήγυριν,
3196 3241 3285 3296 καὶ
3343 3242 3443 3310 τὴν
3500 3242 3748 3311 macd-

322 3335 457 3391 bres
488 3337 809 3392 conventus
838 3338 1042 3406 agunt,
1103 3332 1434 3404 laudantes,
1493 3349 1560 3389 ac
1618 3335 1874 3408 martyrii

2196 3334 2236 3391 ἲν
2271 3355 2366 3390 σου
2400 3335 2625 3407 μνήμην
2657 3333 3020 3408 ὲορταστικῶς
3070 3327 3448 3400 ἐκτελοῦντας,
3481 3327 3579 3383 καὶ
3638 3329 3748 3396 τῆν

324 3423 563 3495 praemio
594 3422 1012 3495 dignissimum
1046 3422 1711 3495 honorantes,aspicere,
1746 3441 1876 3496 amp

2197 3425 2455 3499 γὲραστον
2517 3419 2816 3496 ὑμνοῦντάς
2853 3440 2913 3474 τε
2967 3418 3058 3475 καὶ
3116 3423 3397 3492 τιμῶντας
3471 3414 3746 3487 ἄθλησιν,

324 3512 474 3583 xari,
504 3516 681 3583 atque
710 3512 785 3569 iis
812 3512 963 3570 bene
1019 3511 1266 3585 precari,
1299 3529 1365 3568 ac
1420 3512 1740 3585 benignum
1801 3515 1876 3569 De

2194 3512 2428 3583 πτεύοις,
2481 3510 2571 3566 καὶ
2629 3508 2933 3585 περιέποις,
2977 3507 3071 3564 καὶ
3130 3504 3446 3581 εὐλογοίης,
3502 3507 3597 3562 τὸν
3657 3505 3746 3559 οῗ-

328 3600 647 3674 propitium
680 3602 1008 3672 reddore,et
1039 3601 1312 3675 precibus
1343 3602 1696 3674 compellare
1728 3602 1880 3671 velis1

2196 3623 2347 3675 ›μονα
2376 3602 2504 3657 Θεὸν
2545 3598 2925 3672 ἐξιλεούμενος
2969 3597 3060 3653 καὶ
3106 3590 3442 3672 πρεσϐεύων,
3475 3596 3748 3670 ἀρχιερεῦ

329 3691 582 3749 maxime
610 3707 676 3748 ac
710 3690 1077 3748 divinissime
1106 3691 1672 3764 prmsul,martyrum
1694 3691 1881 3748 illustt

2202 3711 2319 3746 τατε
2400 3689 2491 3745 καὶ
2582 3688 2871 3764 μαρτύρων
2952 3684 3392 3764 περιφανὲστατε,
3445 3685 3550 3753 τὴν
3645 3685 3754 3755 μὶν

329 3781 886 3850 sime,obsecramus
916 3785 982 3837 ut
1012 3798 1045 3837 a
1075 3780 1348 3837 molestia
1374 3780 1527 3848 vitae,
1563 3797 1691 3852 quae
1722 3798 1829 3838 nos
1857 3799 1881 3838 c

2255 3776 2780 3854 ποριστοιχιζούσης
2855 3775 2974 3850 βίας
3053 3774 3347 3849 ἔπάχθειαν
3406 3772 3753 3842 ἀποστῆσαι,

332 3868 871 3939 cumstat,liberare
892 3867 1294 3940 ;tyrannidem
1328 3883 1457 3938 quae
1480 3884 1587 3924 nos
1608 3868 1884 3941 ingressa

2228 3870 2327 3937 τὴν
2387 3868 2504 3922 καθ’
2531 3869 2695 3940 ἡμῶν
2732 3863 3024 3941 τυραννίδα
3068 3868 3432 3933 καταπαῦσαι,
3487 3861 3584 3917 καὶ
3638 3862 3756 3930 τήν

333 3956 584 4025 tollere;
637 3971 947 4011 mmrorem
979 3972 1096 4028 quo
1150 3955 1326 4011 obsiti
1388 3972 1593 4012 sumus
1650 3956 1885 4027 repelle:

2209 3956 2496 4033 (λύζουσαν
2558 3954 2824 4029 ἐπαμῦναι
2870 3955 3202 4031 κατήφειαν·
3234 3951 3482 4024 γαλήνην
3543 3948 3605 4005 δὲ
3657 3950 3761 4004 καὶ

333 4044 823 4114 tranquillitatem
843 4061 909 4101 ac
935 4044 1284 4123 profundam
1308 4044 1654 4115 requietem,
1685 4049 1742 4099 et
1757 4048 1885 4100 stati

2209 4053 2310 4101 εῖαν
2374 4046 2658 4119 ἀταραξίαν
2727 4049 2847 4107 ταῖς
2927 4040 3246 4113 ἑκκλησίαις
3331 4034 3761 4116 ἰπιϐραϐεῦσαι,

337 4133 777 4206 perturbatione
798 4150 1049 4189 vacuum
1065 4122 1344 4189 Ecclesiis
1373 4133 1662 4204 impertiri
1685 4133 1887 4205 dignet

2220 4136 2369 4191 ναίαν
2419 4136 2761 4205 κατάστασιν,
2795 4135 2968 4203 ὅπως,
3017 4131 3245 4205 εἰρήνης
3304 4125 3765 4205 βραϐευομὲνης,

343 4237 409 4285 ut
439 4241 578 4300 pace
603 4223 945 4290 constituta,
979 4226 1034 4278 et
1066 4239 1184 4277 una
1206 4220 1411 4276 divinae
1440 4221 1737 4294 religionis
1753 4240 1895 4280 conc

2218 4231 2343 4299 μιᾶς
2379 4224 2521 4289 θείου
2554 4220 2830 4297 δόγματος
2861 4220 3173 4296 συμφωνίας
3197 4220 3289 4276 καὶ
3320 4217 3586 4292 ὁμονοίας
3615 4239 3768 4292 κρα-

341 4317 521 4389 dia,et
552 4314 799 4389 paritate
815 4311 1046 4368 consilii
1068 4310 1430 4382 dominante,
1450 4325 1624 4367 verus
1646 4317 1893 4370 etsumn

2215 4336 2321 4388 της,
2352 4316 2378 4369 ὁ
2411 4310 2577 4375 ὄντως
2609 4312 2953 4389 ἆρχιποιμὴν
2982 4310 3072 4366 καὶ
3126 4308 3466 4384 εἷρηνάρχης
3510 4307 3767 4382 Χριστὸς

342 4408 440 4466 ille
473 4414 697 4482 pastor,
730 4409 787 4462 et
815 4405 1091 4480 princeps
1117 4402 1278 4475 pacis
1310 4402 1578 4459 Christus
1610 4405 1680 4460 ab
1710 4406 1894 4463 omni!

2220 4403 2244 4457 Ξι
2287 4401 2494 4458 πάντων
2543 4399 2865 4477 ὁμοφρόνως
2919 4397 3220 4470 δοξάζοιτο,
3274 4398 3321 4470 ᾧ
3368 4397 3567 4471 πρέπει
3614 4400 3772 4455 πᾶσα

340 4499 700 4557 unanimiter
729 4495 1295 4569 gloriﬁcetur.Quem
1330 4494 1496 4550 decet
1523 4494 1892 4568 omnisgloriz

2223 4514 2249 4562 :,
2308 4492 2397 4546 καὶ
2454 4491 2614 4564 τιμὴ,
2644 4488 2733 4544 καὶ
2790 4487 2987 4565 κράτος
3030 4486 3122 4542 σὺν
3174 4491 3256 4559 τῷ
3305 4486 3537 4562 ἂνάρχῳ
3597 4482 3775 4539 αὐτοῦ

338 4593 549 4660 honor,
581 4588 897 4662 imperium
956 4600 1089 4641 cum
1137 4584 1266 4655 ejus
1326 4587 1521 4649 Patre,
1565 4584 1661 4656 qui
1698 4585 1884 4657 princi

2221 4578 2504 4653 ὁμοουσίῳ
2549 4577 2980 4653 Γεννήτορι,καὶ
3036 4579 3114 4648 τῷ
3168 4573 3423 4650 παναγίῳ
3474 4574 3567 4629 καὶ
3626 4573 3773 4647 ἆτα-

340 4685 518 4751 caret,
547 4678 812 4751 ejusdem
837 4674 1206 4740 substantiae,
1239 4676 1297 4728 et
1336 4672 1558 4745 Spiritu
1588 4680 1790 4732 sancto
1820 4677 1891 4733 bc

2260 4672 2348 4726 καὶ
2409 4674 2663 4742 ζωοποιῷ
2719 4669 2882 4724 αὐτοῦ
2958 4667 3254 4740 Ηνεύματι,
3312 4669 3409 4719 νῦν
3482 4664 3577 4720 καὶ
3655 4663 3770 4735 ἀεῖ,

340 4788 477 4845 gno,
509 4769 756 4841 vitaeque
785 4767 1007 4835 datore,
1041 4779 1197 4820 nunc
1247 4766 1304 4818 ct
1334 4769 1651 4834 semper,et
1677 4765 1734 4821 in
1777 4782 1892 4840 per]

2140 4762 2189 4816 αὶ
2226 4760 2450 4824 sig-cois;
2482 4759 2812 4833 ἀπεράντους
2836 4757 3035 4820 αἲῶνας
3065 4759 3173 4810 τῶν
3207 4755 3448 4810 αἰώνων.
3482 4755 3690 4828 ’Δμήν.

338 4868 475 4920 tuas
498 4859 848 4918 saeculorum
873 4854 1250 4914 aeternitates.
1276 4854 1485 4911 Amen.
