3930 6202
156 375 260 434 669

1211 375 1668 444 ΜΔΒΤΥΒῙῙῙΜ,
1708 374 2045 431 ΔΠΟΤΟΒΕ
2079 375 2481 433 ΜΕΤΗΟΒΙΟ.

3443 380 3553 437 670

3179 512 3541 526 _.___._...___

1047 680 2631 855 ΜΑΡΤΥΡΙΟΝ

429 976 678 1074 ΤΟΥ
757 976 1139 1076 ΑΓΙΟΥ
1219 977 1908 1075 ΔΙΟΝΥΣΙΟΥ
1985 979 2234 1075 ΤΟΥ
2310 979 3262 1079 ΑΡΕΙΟΠΑΓΙΤΟΥ

1207 1177 1352 1233 Κατά
1383 1173 1674 1247 Μεθόδιον,
1707 1177 1742 1247 ἢ
1785 1176 1859 1238 ὡς
1891 1174 2083 1247 ἄλλοι,
2114 1175 2513 1256 Μητρόδωρον.

1231 1505 2452 1674 MABTYRIUM

610 1791 1073 1886 BEATI
1198 1792 1887 1888 DIONYSII
2012 1793 3058 1918 AREOPAGIT/E

1085 1985 1352 2046 Auctore
1382 1984 1734 2057 Methodio,
1767 1986 1867 2047 vel
1898 1990 1969 2048 ut
1997 1986 2126 2061 alii,
2198 1987 2582 2049 Metrodoro.

148 2137 315 2191 Petrus
365 2134 711 2204 Lamachus,
766 2134 1224 2210 Gravelinganus,
1275 2137 1556 2193 Societatis
1602 2137 1728 2264 {esu
1781 2138 2129 2267 ρτῧεὺίιιενιι
2146 2139 2662 2211 interpretationem
2708 2137 2897 2197 Graeco
2953 2140 3194 2196 sermoni
3241 2141 3532 2212 adaplavit

1528 2223 1599 2266 no
1628 2224 1827 2267 isque-1
1880 2225 1945 2266 us
1970 2225 2088 2266 rava

1528 2223 1781 2280 namque
1809 2223 2088 2266 zuuuravi

210 2485 345 2540 Μετᾶ
403 2485 506 2554 τὴν
584 2484 848 2561 μακαρίαν
923 2485 1013 2540 καὶ
1075 2483 1429 2556 ἐνδοξοτάτην
1487 2484 1762 2541 ἀνάστασιν

1983 2488 2302 2544 ιθιοθιιι
2337 2488 2472 2545 Post
2507 2489 2736 2545 beatam
2783 2487 3391 2562 gloriosissimamque
3422 2491 3535 2544 Do-

149 2575 228 2626 τοῦ
255 2572 442 2647 Κυρίου
466 2573 564 2627 καὶ
589 2578 723 2629 Θεοῦ
770 2576 932 2646 ἡμῶν
985 2575 1166 2644 Ἰησοῦ
1213 2579 1473 2652 Χριστοῦ,
1531 2577 1621 2630 καὶ
1676 2597 1701 2630 τ

1981 2577 2030 2632 ni
2077 2593 2144 2634 ao
2185 2578 2285 2634 Dei
2327 2577 2514 2634 nostri
2561 2578 2702 2635 Jesu
2750 2577 2969 2634 Christi
3021 2576 3533 2646 resurrectionem,

148 2665 228 2714 τοῦ
279 2659 544 2732 ἀληθινοῦ
604 2667 738 2718 Θεοῦ
795 2660 1052 2740 ἀνδρικοῦ
1091 2664 1257 2721 αὐτοῦ
1315 2669 1444 2719 ναοῦ
1501 2664 1604 2720 ὑπὸ
1637 2667 1773 2721 Ἰου-

151 2746 316 2818 δαϊκῆς
364 2749 730 2828 παρανομίας,
791 2753 864 2815 ὡς
921 2753 1080 2807 αὐτὸς
1135 2753 1272 2820 εἶπε,
1304 2751 1570 2825 διάλυσιν,
1593 2755 1774 2818 καθὼς

147 2841 204 2911 τῇ
239 2839 416 2894 δαυτοῦ
474 2841 595 2912 θείᾳ
652 2839 862 2914 ἐξουσίᾳ
906 2843 1207 2916 τριήμερος
1264 2842 1323 2898 ἐκ
1378 2847 1584 2918 νεκρῶν
1641 2842 1773 2920 ἐγή-

147 2947 321 3002 γερται·
380 2927 456 2986 ἔτι
513 2927 575 2984 δὲ
629 2931 718 2985 καὶ
784 2930 918 3002 μετά
973 2932 1073 3000 τὴν
1127 2930 1187 2986 ἐκ
1234 2938 1335 3001 τῆς
1383 2933 1656 3005 ἡμετέρας
1683 2953 1774 2989 τα-

148 3018 425 3082 πεινώσεως
474 3019 655 3092 εαυτῷ
711 3026 847 3074 κατὰ
904 3020 1076 3096 σάρκα
1132 3020 1380 3096 ὑπεράνω
1434 3023 1613 3093 πάσης
1671 3023 1772 3078 οὐ-

149 3106 306 3178 ρανίου
360 3113 656 3184 στρατιᾶς,
711 3108 801 3164 καὶ
853 3108 1032 3163 ἰπάνω
1089 3107 1270 3180 πάσης
1329 3108 1625 3186 ἀγγελικῆς
1672 3112 1771 3166 τά-

151 3196 260 3264 ξεως
284 3196 485 3270 ὕψωσιν
530 3197 622 3252 καὶ
681 3191 961 3268 ἀνάϐασιν,
1020 3199 1138 3261 καθ’
1190 3199 1257 3266 ἦν
1289 3203 1368 3270 τῷ
1396 3203 1511 3270 Θεῷ
1541 3200 1630 3254 καὶ
1661 3206 1770 3255 Πα-

148 3283 219 3358 τρὶ
270 3285 443 3341 ὶαυτὸν
506 3282 636 3358 ἰδίῳ
693 3284 966 3360 θελήματι
1019 3288 1360 3362 προσήνεγκε
1391 3307 1405 3322 ·
1485 3289 1620 3360 μετά
1668 3289 1770 3356 τήν

153 3377 250 3445 μεθ’
298 3377 499 3451 ἡμέρας
555 3377 599 3432 ν’
653 3373 742 3431 διὰ
797 3383 896 3446 τῆς
954 3377 1112 3452 ἁγίας
1168 3376 1332 3433 αὐτοῦ
1362 3377 1686 3452 ἀναλήψεως
1715 3377 1769 3433 ἐν

151 3467 247 3524 τοῖς
271 3464 438 3539 ἁγίοις
465 3463 802 3527 ἀποστόλοις
831 3470 929 3520 τοῦ
956 3466 1117 3542 ἁγίου
1148 3465 1312 3520 αὐτοῦ
1343 3465 1658 3540 ΙΙνεύματος
1689 3463 1773 3522 ἕκ-

154 3569 306 3625 χυσιν,
335 3555 450 3610 καθ’
479 3557 546 3624 ἣν
578 3553 820 3624 ἐξουσίαν
852 3552 1110 3633 εἰλήφασι
1143 3553 1301 3625 δῆσαι
1334 3557 1422 3610 καὶ
1455 3554 1611 3611 λῦσαι
1635 3559 1770 3630 (54),

152 3641 227 3692 καὶ
274 3648 385 3705 ταῖς
436 3643 617 3718 ἁγίαις
693 3643 858 3700 αὐτοῦ
933 3643 1247 3716 ἆκκλησίαις
1307 3646 1577 3721 ἄρχοντας
1633 3666 1773 3721 προ·-

153 3724 314 3802 ίδρους
367 3734 801 3810 προστήσασθαι,
859 3733 1036 3796 καθὼς
1088 3735 1365 3808 προώρισε
1416 3734 1521 3808 πρὸ
1551 3739 1647 3788 τοῦ
1676 3736 1768 3790 τὸν

1881 2667 2118 2738 verique
2173 2666 2362 2738 ipsius
2419 2666 2646 2739 templi,
2707 2667 3046 2722 Judmorum
3103 2665 3342 2736 scelere,
3407 2664 3536 2737 ipse

1882 2755 2249 2828 pradixerat,
2308 2763 2681 2828 procuratam
2725 2755 3196 2823 dissolutionem,
3256 2755 3534 2826 quemad~

1883 2845 2124 2902 modum
2173 2845 2372 2901 divina
2401 2862 2510 2902 sua
2540 2845 2827 2918 potesiate
2865 2845 3040 2902 tertio
3073 2845 3163 2900 die
3202 2861 3237 2899 a
3283 2842 3534 2900 mortuis

1882 2933 2166 2990 excitatus
2197 2939 2318 2991 est:
2352 2939 2486 3006 post
2514 2934 2827 2992 elationem
2861 2950 2930 2991 ex
2961 2938 3165 2990 nostra
3200 2932 3535 2988 humilitate

1883 3040 2062 3096 quam
2095 3024 2208 3080 sibi
2257 3040 2431 3080 carne
2463 3027 2886 3097 assumpserat,
2918 3027 2977 3080 et
3007 3039 3318 3079 ascensum
3358 3037 3537 3092 super

1882 3129 2119 3169 omnem
2150 3112 2445 3170 ccelestem
2478 3113 2823 3181 exercitum,
2843 3127 3164 3183 omnesque
3194 3109 3536 3182 angelorum

1880 3202 2138 3272 ordines,
2190 3219 2307 3274 quo
2338 3203 2456 3259 Deo
2488 3206 2546 3259 et
2575 3203 2730 3259 Petri
2769 3217 2830 3259 se
2863 3203 3060 3274 ipsum
3101 3217 3211 3258 sua
3236 3198 3537 3256 voluntate

1881 3290 2133 3349 obtulit:
2184 3295 2319 3364 post
2364 3292 2553 3348 sancti
2583 3292 2712 3362 ejus
2743 3291 2999 3363 Spiritus
3031 3291 3089 3347 in
3131 3293 3368 3347 sanctos
3395 3303 3539 3359 apo-

1881 3381 2064 3438 stolas
2094 3382 2438 3438 effusionem
2471 3382 2624 3453 (quis
2659 3387 2792 3453 post
2820 3381 3248 3454 quinquaginta
3277 3379 3404 3435 dies
3435 3393 3538 3449 per

1881 3476 2146 3528 sanctam
2164 3474 2293 3543 ejus
2311 3471 2776 3543 assumptionem
2790 3470 3002 3528 collata
3019 3472 3148 3540 fuit)
3172 3486 3290 3541 qua
3317 3466 3539 3540 ligandi

1883 3564 2057 3631 atque
2101 3560 2364 3617 solvendi
2393 3565 2749 3632 acceperunt
2775 3563 3150 3631 potestatem,
3195 3557 3538 3627 sanctisque

1881 3651 2010 3720 ejus
2039 3649 2303 3705 ecclesiis
2334 3648 2628 3720 principes
2659 3648 3035 3719 praeﬁciendi,
3070 3647 3242 3704 sicuti
3275 3649 3410 3704 ante
3438 3661 3530 3700 or-

1879 3739 2012 3794 bem
2045 3738 2351 3794 conditum
2384 3736 2808 3804 constituerat;
2841 3753 2994 3793 anno
3026 3740 3228 3792 octavo
3259 3739 3317 3790 et
3341 3734 3533 3789 octin-

150 3816 328 3889 κόσμον
380 3822 649 3898 γενέσθαι·
715 3821 848 3894 μετά
876 3820 1099 3896 καιροὺς
1131 3829 1233 3891 τῆς
1263 3823 1518 3898 γενέσεως
1551 3821 1702 3877 πόλει

150 3904 225 3922 ι...
391 3905 528 3922 ,ν
676 3906 762 3922 ..
983 3907 1212 3922 -..η
1326 3907 1702 3922 .-_....

1980 3826 2199 3882 ιι.εεὶωο
2231 3830 2364 3897 post
2382 3830 2577 3880 natam
2613 3825 3032 3890 Romam,cum
3054 3824 3368 3895 imperium
3392 3822 3532 3878 ade-

149 3904 338 3979 Ῥώμης
388 3907 438 3964 ὲν
500 3905 608 3964 ἔτει
669 3906 1024 3984 ὀγδοηκοστῷ
1081 3907 1264 3985 ὀγδόῳ
1319 3913 1454 3983 (55),
1509 3907 1701 3966 ἐπιλαε

1979 3933 2020 3972 ιε
2049 3919 2205 3971 esset
2232 3918 2381 3970 Nero
2403 3915 2617 3981 Casar,
2640 3913 2886 3985 quintus
2913 3912 2984 3970 ad
3007 3915 3296 3985 Augusto,
3323 3915 3531 3975 beatus

151 3994 292 4064 μὲνού
343 4000 438 4068 τὴν
470 3998 657 4074 ἀρχὴν
717 3999 966 4074 Νἱρωνος
1010 3999 1296 4074 Καίσαρος,
1327 3999 1578 4073 πέμπτου
1607 4001 1772 4056 αὐτοῦ

150 4076 280 4146 ὄντος
331 4085 433 4142 ἀπὸ
491 4085 828 4161 Αὐγούστου,
890 4089 917 4142 ὁ
968 4086 1233 4163 μακάριος
1265 4089 1466 4164 Πέτρος
1496 4089 1774 4144 ὁάπόστο-

151 4169 230 4232 λσς
279 4175 402 4245 μετᾶ
447 4175 540 4231 καὶ
598 4179 704 4229 τῶν
754 4175 951 4252 ἑτέρων
1004 4174 1326 4231 ἀποστόλων
1383 4176 1773 4242 ἀποσταλέντες

147 4260 348 4334 κηρύξαι
403 4267 508 4336 (56)
544 4265 608 4319 τὸ
663 4264 994 4341 Εὐαγγὲλιον
1039 4268 1182 4341 πάσῃ
1211 4271 1278 4341 τῇ
1334 4267 1652 4342 οἷ’κουμένῃ,
1685 4267 1775 4322 αὐοι

148 4348 223 4410 τὸς
273 4354 378 4423 μέν
437 4353 599 4409 ἰκανά
651 4349 743 4424 ἔτη
793 4359 890 4409 τοῦ
922 4355 1086 4410 αὐτοῦ
1117 4357 1468 4431 κηρύγματος
1493 4359 1592 4427 τήν
1630 4359 1772 4430 ὑψη-

151 4435 356 4511 λοτὲτην
428 4443 716 4516 Ῥωμαίων
797 4441 1184 4517 βασιλεύουσαν
1257 4445 1478 4517 Ῥώμην
1534 4444 1772 4500 καταλα-

149 4520 259 4595 ϐὼν,
302 4530 512 4588 κάκεῖσε
540 4531 768 4607 κηρύξαι
829 4530 1112 4607 οὐρανόθεν
1146 4533 1518 4604 ἐνεπιστεύοη,
1548 4533 1660 4602 Ἵνα,
1695 4534 1768 4597 ὡς

148 4624 411 4694 κορυφαῖος
463 4625 572 4675 τῶν
629 4619 796 4694 ἁγίων
854 4619 1176 4676 ἀποστόλων
1239 4621 1291 4677 ἐν
1348 4627 1416 4696 τῇ
1475 4622 1617 4693 τάξει
1670 4630 1772 4693 τῆς

149 4701 429 4779 ἀποστολῆς
485 4709 760 4785 γεγονὼς,
819 4715 1038 4785 πρῶτος
1095 4709 1149 4764 ἰν
1204 4712 1391 4784 Ῥώμη
1446 4712 1660 4786 γίνηται
1717 4711 1768 4767 ἐν

149 4797 248 4854 τοῖς
301 4796 466 4872 ἀγῶσι
519 4802 875 4873 συμμέτοχος
932 4802 1040 4852 τῶν
1094 4802 1190 4852 τοῦ
1247 4800 1480 4873 Χριστοῦ
1511 4801 1770 4873 παθημά-

150 4896 258 4934 των
288 4885 370 4938 καὶ
399 4885 500 4962 γὰρ
531 4888 566 4956 ἡ
601 4886 790 4958 πόλις,
824 4887 900 4950 ὡς
932 4887 1197 4962 μεγάλοις
1225 4890 1562 4962 συνεχομένη
1597 4887 1770 4967 σφάλ-

155 4989 286 5040 μασι,
342 4976 581 5046 μείζοσιν
625 4973 831 5050 ’ἔχρῃζε
859 4976 1084 5049 τρόποις
1145 4973 1533 5050 διορθωθῆναι,
1561 4976 1674 5048 ἵνα,
1710 4977 1770 5032 οῦ

149 5057 204 5124 ἦν
253 5063 285 5129 ἡ
335 5060 510 5134 πλάνη
571 5065 872 5140 βαρυτάτη,
933 5063 1047 5120 ἐκεῖ
1089 5066 1308 5140 γενηται
1366 5067 1455 5120 καὶ
1511 5068 1546 5136 ἡ
1609 5068 1772 5141 χάρις

155 5149 361 5222 μεγάλη.
415 5154 566 5222 Εἶτα,
597 5153 781 5218 καθὼς
839 5150 1074 5229 εἴρηται,
1113 5156 1140 5209 ὁ
1168 5153 1420 5228 τύραννος
1449 5156 1538 5210 καὶ
1572 5152 1769 5225 ἀσεϐὴς

1882 4005 2032 4062 895
2085 4008 2295 4060 Petrus
2345 4001 2650 4075 apostolus
2681 4019 2814 4060 cum
2868 4002 3000 4058 aliis
3031 4003 3203 4058 etiam
3251 4005 3534 4076 apostolis

1883 4094 2126 4158 missus,
2159 4092 2261 4163 qui
2303 4091 2676 4162 Evangelium
2705 4092 2981 4148 universo
3013 4091 3138 4148 orbi
3169 4092 3532 4164 praedicaret.

1883 4182 1936 4238 Is
1969 4185 2101 4254 post
2153 4180 2370 4236 multos
2400 4197 2585 4237 annos
2628 4180 3063 4253 pradicationis
3106 4197 3228 4238 suae
3260 4198 3536 4252 suprema

1882 4272 2026 4327 urbe
2059 4271 2242 4326 Roma
2273 4274 2561 4342 occupata
2589 4275 2647 4325 et
2676 4269 2922 4336 delecta,
2954 4269 3036 4325 ibi
3068 4269 3353 4327 divinitus
3384 4289 3535 4342 pm-

1882 4360 2114 4416 dicandi
2139 4375 2359 4414 munus
2385 4359 2632 4431 accepit,
2660 4363 2725 4415 ut
2756 4358 2927 4430 quasi
2948 4363 3144 4415 vertex
3173 4366 3230 4415 et
3260 4360 3534 4432 princeps

1882 4453 2218 4506 sanctorum
2235 4448 2631 4520 apostolorum
2648 4448 2707 4504 in
2721 4448 2926 4504 ordine
2949 4447 3212 4504 muneris
3225 4448 3530 4519 apostolici

1885 4541 2092 4609 factus,
2125 4539 2356 4611 primus
2389 4539 2667 4596 Romaein
2699 4537 3121 4594 certaminibus
3169 4554 3370 4594 eorum
3402 4555 3532 4611 qua

1882 4628 2153 4686 Christus
2229 4643 2551 4700 perpessus
2621 4633 2766 4697 erat,
2844 4627 3041 4682 socius
3099 4642 3164 4682 ac
3239 4627 3533 4699 particeps

1883 4719 2069 4774 fieret.
2111 4717 2262 4774 Urbs
2293 4717 2447 4772 enim
2489 4716 2612 4782 illa,
2664 4716 3163 4786 quemadmodum
3195 4714 3255 4769 in
3302 4717 3534 4787 magnis

1881 4807 2179 4864 erroribus
2210 4805 2579 4872 versabatur,
2612 4805 2696 4860 sic
2727 4805 3050 4875 majoribus
3082 4804 3358 4859 remediis
3396 4821 3534 4876 ege-

1884 4897 1984 4950 bat
2013 4900 2077 4950 ut
2101 4894 2528 4966 corrigeretur;
2561 4896 2625 4947 ut
2655 4892 2755 4947 ubi
2785 4892 3168 4964 gravissimus
3197 4897 3324 4947 erat
3351 4909 3534 4962 error,

1881 4983 1961 5038 ibi
1993 4984 2170 5038 etiam
2206 4981 2460 5037 maxima
2481 4981 2672 5053 gratia
2702 4981 3048 5036 abundaret.
3077 4979 3298 5036 Deinde
3327 4997 3534 5051 quem-

1883 5073 2200 5128 admodum
2225 5073 2446 5127 dictum
2465 5073 2575 5134 est,
2599 5073 2886 5141 tyrannus
2916 5073 2974 5124 et
2994 5068 3219 5140 impius
3240 5070 3410 5138 Nero,
3436 5071 3536 5142 qui

1887 5179 1946 5218 se
1966 5161 2262 5232 tyrannidi
2288 5179 2404 5217 sua:
2432 5165 2648 5216 terram
2671 5164 2727 5214 et
2751 5175 2911 5214 mare
2934 5159 3320 5214 subacturum
3340 5177 3540 5232 spera-

152 5235 313 5311 Νὲρων
358 5242 454 5309 τὴν
497 5249 601 5317 γῆν
650 5243 741 5298 καὶ
768 5244 868 5312 τήν
901 5241 1168 5298 θάλασσον
1229 5243 1482 5315 οἰόμενος
1529 5247 1704 5300 καθυπ

1985 5291 1994 5314 ,
2058 5250 2253 5306 furore
2309 5248 2677 5304 crudelitatis
2736 5264 2875 5315 suae,
2940 5246 3112 5316 vique
3149 5246 3419 5301 amentia:
3479 5247 3537 5302 in

151 5325 279 5394 τάξαι
301 5333 366 5394 τῆ
394 5331 583 5386 ἑαυτοῦ
612 5329 908 5407 τυραννίδι,
937 5334 1071 5408 ὀργῇ
1121 5332 1383 5399 ἀπηνείας
1431 5335 1622 5388 ἑαυτοῦ
1679 5335 1768 5389 καὶ

153 5409 414 5486 ῒταμότητι
475 5421 662 5493 μανίας
719 5420 1011 5492 λυσσήσας,
1068 5422 1203 5476 κατᾶ
1249 5425 1356 5476 τῶν
1413 5419 1626 5478 δούλων
1673 5429 1769 5478 τοῦ

156 5501 370 5575 Χριστοῦ
424 5507 648 5587 ἐξήφθη,
705 5511 794 5565 καί
853 5509 904 5564 ἐν
937 5515 1018 5584 τῷ
1067 5509 1632 5586 τεσσαρεσκαιδεκάτῳ
1664 5512 1767 5569 ἔτει

155 5595 239 5658 τῆς
269 5592 421 5649 αὐτοῦ
463 5602 779 5673 τυραννικῆς
827 5599 1252 5675 αὐτοκρατορίας
1277 5599 1406 5662 τοὺς
1469 5603 1769 5675 μακαρίους

159 5679 338 5754 Πέτρον
380 5685 468 5741 καὶ
525 5685 738 5743 Παῦλον
801 5684 973 5762 ἀδίκῳ
1026 5689 1238 5762 θανάτῳ
1279 5686 1595 5745 κατεδίκασε
1630 5733 1644 5760 ,
1699 5689 1768 5745 δι’

1881 5339 2102 5395 rabiem
2137 5339 2378 5394 adactus
2409 5337 2465 5392 in
2500 5337 2710 5392 Christi
2737 5352 2934 5390 servos
2961 5335 3197 5400 exarsit,
3230 5351 3297 5390 ac
3328 5339 3537 5407 quarto

1879 5428 2107 5483 decimo
2135 5426 2420 5498 tyrannici
2453 5426 2681 5497 imperii
2718 5425 2809 5481 sui
2843 5441 3018 5494 anno,
3059 5425 3260 5480 beatos
3295 5425 3530 5480 Petrum

1879 5523 1934 5573 et
1977 5515 2226 5572 Paulum
2277 5515 2480 5586 iniqua
2521 5521 2708 5570 morte
2755 5513 3188 5580 condemnavit,
3222 5529 3325 5584 per
3370 5514 3525 5570 beati

1879 5621 2082 5661 corum
2114 5603 2424 5676 sanguinis
2454 5604 2822 5675 effusionem,
2845 5607 2904 5658 et
2933 5619 3037 5675 per
3066 5602 3329 5674 martyrii
3350 5602 3526 5660 victo-

1883 5693 2028 5748 riam
2073 5708 2177 5764 pro
2210 5691 2457 5759 meritis,
2489 5692 2595 5748 etsi
2626 5689 2864 5762 invitus,
2897 5706 2996 5748 eos
3025 5691 3098 5748 ad
3131 5706 3377 5763 regnum
3406 5708 3521 5749 caa-
