3930 6202
339 331 440 386 671

1581 341 1638 393 S.
1682 338 1999 394 DlONYSIl
2037 337 2518 396 ABBOPAGI'DE
3627 341 3716 394 673

338 451 530 510 lorum
563 457 945 527 praemittens.
978 463 1398 516 Verumtamen
1431 465 1744 532 antequam
1779 461 1886 516 bea

2166 457 2370 534 χύσεως
2405 461 2515 532 (57)
2544 462 2642 514 τοῦ
2690 458 2958 532 μακαρίου
3015 459 3192 513 αὐτῶν
3227 457 3482 530 αἳματος,
3509 460 3591 514 καὶ
3639 459 3718 516 δια

341 542 547 599 Petrus
596 545 837 601 victoria
871 550 1131 620 martyrii
1168 549 1344 604 vitam
1379 567 1505 621 qum
1531 551 1587 604 in
1621 567 1798 623 regno
1821 551 1989 607 cmlo-

341 649 468 687 rum
493 634 1007 706 degitur,meritus
1040 643 1214 707 esset,
1232 640 1399 694 beato
1416 639 1696 697 Clementi
1724 639 1988 696 Ecclesiae

343 726 689 791 potestatem
740 725 945 779 tribuit
972 726 1062 781 his
1090 728 1320 783 verbis:
1355 751 1381 776 ‹‹
1420 728 1489 782 Ut
1519 746 1549 782 ιι
1585 729 1826 784 1)οωίηο
1857 747 1985 788 meo

342 810 479 866 Jesu
531 811 760 868 Christo
793 813 1012 885 ligandi
1043 820 1214 887 atque
1242 816 1502 871 solvendi
1538 817 1679 872 mihi
1713 835 1989 876 concessa

343 903 432 954 est
477 904 758 971 potestas,
809 903 893 957 sic
926 903 1190 958 eamdem
1243 921 1476 976 quoque
1532 911 1872 977 potestatem
1926 909 1985 963 in

341 994 689 1060 perpetuum
714 991 820 1045 tibi
847 992 918 1046 do
939 998 995 1047 et
1018 992 1304 1061 iribuo,ut
1327 996 1814 1066 quemcunquein
1833 1001 1988 1051 terra

339 1075 612 1146 ligaveris
658 1077 715 1132 in
750 1078 910 1134 cmlis
961 1079 1177 1151 ligatus
1223 1084 1320 1137 sit.
1375 1106 1402 1131 »
1438 1085 1592 1139 lianc
1643 1090 1985 1154 potestatem

341 1164 574 1236 plenam
607 1171 662 1221 et
710 1169 1017 1236 perfectam
1049 1171 1299 1241 posteris
1331 1173 1430 1243 qui
1465 1173 1704 1244 perfecti
1734 1179 1790 1228 et
1820 1174 1983 1245 digni

341 1259 539 1309 essent
570 1255 626 1309 in
660 1256 934 1313 Ecclesiis
966 1259 1188 1330 praeire,
1223 1266 1437 1316 sortem
1467 1261 1552 1316 vel
1591 1262 1982 1317 hmreditatem

341 1342 598 1414 reliquit.
629 1349 707 1400 Ac
739 1346 809 1400 de
837 1346 930 1402 bis
953 1349 1214 1419 quidem,
1238 1351 1515 1421 quoniam
1541 1367 1607 1406 ex
1630 1353 1986 1407 connexiono

341 1432 872 1505 consecutioneque
896 1435 1054 1491 illius
1067 1436 1286 1507 apostol
1300 1438 1396 1493 ica:
1414 1439 1682 1495 Ecclesiae
1705 1440 1985 1512 temporis

341 1537 530 1593 pauca
575 1521 856 1591 diximus,
889 1525 960 1578 ad
1010 1526 1163 1580 beati
1194 1527 1456 1599 Dionysii
1487 1528 1807 1584 certamina
1846 1546 1983 1584 con-

336 1610 621 1666 vertimus
652 1612 995 1682 orationem,
1042 1618 1125 1684 ut,
1157 1615 1309 1670 sicut
1339 1616 1558 1672 dictum
1593 1621 1701 1686 est,
1746 1633 1813 1672 ex
1844 1622 1987 1672 tem-

340 1715 548 1771 porum
585 1703 1007 1772 consequentia
1037 1703 1108 1758 de
1138 1720 1204 1759 eo
1238 1721 1421 1775 pauca
1453 1723 1781 1762 narremus.

2095 547 2253 616 νίκης
2315 547 2608 624 μαρτυρίου
2669 548 2854 619 ἀξίως,
2933 547 3022 602 καὶ
3081 549 3157 609 ὡς
3219 546 3363 602 ἄκων
3419 551 3721 624 προπέμψας

2098 635 2292 698 αὐτοὺς
2343 635 2418 698 εἷς
2448 638 2546 704 τήν
2577 641 2683 692 τῶν
2738 636 2980 712 οὐρανῶν
3035 633 3334 712 βασιλείαν.
3395 639 3576 709 Ὅμως
3626 640 3721 713 πρὸ

2095 728 2191 778 τοῦ
2243 725 2333 780 τὸν
2392 727 2652 800 μακάριον
2703 725 2902 800 Πέτρον
2933 722 3020 778 διὰ
3047 731 3150 793 τῆς
3195 725 3356 796 νίκης
3413 730 3509 780 τοῦ
3536 747 3721 801 μαρτυο

2097 813 2216 887 ρίου
2259 814 2651 884 καταξιωθῆναι
2699 821 2799 883 τῆς
2846 812 2896 867 ἐν
2943 817 3011 887 τῇ
3042 818 3150 868 τῶν
3203 813 3445 888 οὐρανῶν
3495 815 3724 889 βασιλεία

2097 899 2492 978 συνδιαγωγῆς,
2549 907 2629 975 τῷ
2690 902 2940 976 μακαρίῳ
3007 900 3286 974 Κλήμεντι
3349 905 3449 970 την
3503 902 3722 972 ἐξουσίαν

2093 989 2188 1055 τῆς
2223 990 2550 1061 Ἐκκλησίας
2601 991 2864 1065 παρέθετο
2916 989 3110 1066 λέγωνε
3160 1014 3188 1042 ι‹
3218 993 3422 1064 ’Ὠσπερ
3455 993 3594 1065 παρα
3644 997 3727 1046 τοῦ

2095 1080 2292 1152 Κυρίου
2349 1100 2454 1154 μου
2509 1082 2685 1150 Ἰησοῦ
2737 1081 2971 1155 Χριστοῦ
3029 1077 3191 1132 λῦσαι
3253 1079 3344 1134 καὶ
3415 1077 3573 1149 δῆσαι
3617 1080 3726 1151 ἐμοὶ

2097 1166 2400 1244 δεδώρηται
2459 1167 2688 1241 ἐξουσίᾳ,
2723 1167 2866 1222 οὕτω
2903 1168 2994 1221 καὶ
3037 1169 3138 1236 τήν
3172 1167 3340 1235 αὐτὴν
3386 1167 3625 1238 ἐξουσίαν
3655 1170 3726 1222 ai-

2095 1257 2270 1320 ωνίως
2304 1255 2586 1332 δωροῦμαί
2617 1278 2702 1311 σοι
2744 1257 2833 1310 xai
2859 1253 3062 1328 δίδωμι
3083 1259 3215 1330 (58),
3243 1255 3336 1310 ’ίνα
3364 1257 3426 1312 ὃν
3459 1254 3621 1330 δήσῃς
3653 1257 3730 1311 ἐπὶ

2092 1354 2191 1416 τῆς
2245 1353 2367 1420 γῆς,
2413 1341 2560 1400 ἔσται
2610 1343 2892 1417 δεδεμένος
2926 1346 2978 1400 ἐν
3008 1350 3126 1406 τοῖς
3156 1345 3436 1418 οὐρανοῖς.
3476 1345 3732 1415 »Ταύτην

2093 1438 2192 1504 τήν
2248 1435 2487 1506 ἐξουσίαν
2535 1433 2979 1508 πεπληρωμένην
3022 1438 3140 1495 τοῖς
3193 1435 3486 1505 μετέπειτα
3513 1435 3732 1496 τελείοις

2092 1525 2182 1577 καὶ
2213 1523 2380 1596 ἀξίοις
2439 1521 2492 1576 ἐν
2547 1527 2664 1583 ταῖς
2715 1519 3032 1591 ἐκκλησίαις
3079 1519 3366 1597 προελθεῖν
3415 1520 3733 1576 καταλελοι-

2093 1634 2160 1667 πε
2196 1609 2430 1685 κλῆρον.
2491 1610 2621 1684 Περὶ
2657 1611 2752 1683 μὶν
2781 1609 2987 1664 τούτων
3042 1608 3101 1664 ἐκ
3145 1615 3244 1678 τῆς
3283 1609 3616 1674 ἀκολουθίας
3642 1616 3732 1665 τοῦ

2093 1707 2208 1757 κατ’
2265 1701 2435 1754 ἐκεῖνο
2493 1703 2687 1775 καιροῦ
2746 1706 2844 1767 τῆς
2899 1719 2958 1753 τε
3014 1695 3387 1767 ἀποπολικῆς
3451 1698 3736 1769 ἐκκλησίας

340 1785 392 1840 ἐν
427 1785 597 1860 ὀλίγῳ
631 1784 1042 1863 διηγησάμενοι,
1078 1791 1162 1846 ἐπὶ
1192 1791 1440 1872 τοῦςςτοῦ
1475 1794 1744 1868 μακαρίου
1772 1793 2056 1848 Διονυσίου
2087 1793 2297 1868 ἀγῶνας
2329 1787 2626 1863 μετενέγκω
2655 1789 2746 1845 τὸν
2781 1785 2967 1863 λόγον,
2993 1785 3106 1859 ἵνα,
3133 1789 3310 1850 καθὼς
3359 1785 3635 1857 λέλεκται,
3683 1788 3735 1843 ἐκ

339 1879 441 1943 τῆς
469 1879 577 1929 τῶν
614 1876 829 1951 χρόνων
853 1876 1182 1942 ἀκολουθίας
1213 1879 1337 1954 περὶ
1365 1881 1531 1936 αὐτοῦ
1566 1881 1730 1957 ὀλίγα
1761 1879 2141 1954 διεξέλθωμεν.

411 2097 550 2150 Post
604 2094 1003 2154 clarissimum
1062 2100 1296 2156 Domini
1357 2105 1415 2157 et
1454 2101 1555 2157 Dei
1611 2099 1795 2156 nostri
1849 2100 1963 2156 Jesi

2189 2093 2326 2151 Μετά
2373 2094 2471 2162 τήν
2503 2097 2600 2148 τοῦ
2633 2094 2838 2168 Κυρίου
2885 2091 2974 2148 καὶ
3028 2097 3162 2148 Θεοῦ
3192 2097 3353 2168 ἡμῶν
3390 2095 3578 2165 Ἰησοῦ
3626 2100 3741 2170 Χρι-

340 2182 555 2238 Christi
603 2183 660 2239 in
709 2185 884 2243 cmlos
933 2205 1256 2255 ascensum,
1311 2188 1802 2259 heatus,Paulus,
1853 2187 1990 2260 Spi-

340 2271 492 2328 ritus
521 2274 705 2329 sancti
738 2291 1017 2332 concessu
1052 2281 1108 2333 et
1140 2295 1381 2335 munere
1406 2279 1476 2334 ab
1507 2295 1700 2336 errore
1731 2277 1990 2351 perﬁdiae

340 2359 400 2416 in
450 2359 605 2417 viam
636 2363 846 2420 salutis
878 2365 1074 2434 rediit,
1119 2366 1202 2422 ita
1233 2371 1298 2422 ut
1328 2368 1502 2423 {idem
1533 2372 1592 2424 et
1623 2366 1986 2439 religionem,

341 2465 516 2522 quam
551 2447 722 2523 paulo
745 2458 880 2508 ante
910 2457 1390 2528 oppugnavisset,
1417 2457 1654 2512 tandam
1679 2455 1988 2526 expletam,

346 2555 478 2594 cum
507 2539 678 2596 laude
708 2545 766 2596 et
795 2541 979 2614 gloria
1012 2545 1424 2615 praedicaverit,
1447 2544 1796 2616 Dominique
1823 2543 1991 2599 insti-

350 2631 478 2683 tuto
521 2629 798 2700 gentibus
829 2632 1018 2688 factus
1049 2634 1126 2688 sit
1156 2651 1258 2689 vas
1285 2633 1604 2690 electionis.
1635 2637 1781 2689 Tum
1834 2632 1990 2689 enim

346 2719 472 2772 tum
502 2717 728 2773 Domini
760 2720 944 2775 nostri
965 2721 1103 2776 Jesu
1137 2722 1349 2778 Christi
1372 2739 1583 2778 nomen
1611 2723 1828 2794 ignaris
1849 2738 1989 2793 gen-

347 2803 508 2860 tibus
537 2808 881 2877 prtedicans,
915 2809 1172 2866 Athenas
1203 2811 1376 2878 venit,
1411 2815 1585 2881 atque
1615 2810 1690 2864 ibi
1717 2814 1988 2865 sanctum

345 2892 520 2947 etiam
552 2895 741 2950 virum
775 2897 931 2952 hunc
962 2897 1324 2971 Dionysium,
1359 2899 1623 2970 gentium
1649 2898 1913 2953 moribus
1934 2901 1991 2953 et

349 2977 640 3036 institutis
683 2983 856 3053 paulo
889 2989 1022 3040 ante
1054 2986 1438 3058 implicatum,
1473 2987 1544 3041 ad
1578 2987 1730 3040 viam
1783 2985 1990 3042 salutis

348 3067 525 3121 ductu
555 3085 661 3124 suo
693 3072 845 3126 390
878 3074 1182 3143 convertit,
1210 3090 1462 3146 eumque
1493 3079 1862 3130 sacrosancto
1894 3075 1990 3129 hac

345 3154 579 3225 ptismo,
613 3162 676 3211 ut
708 3159 787 3213 ita
829 3159 1042 3229 dicam,
1080 3167 1481 3231 regeneratum
1510 3168 1568 3218 et
1606 3168 1863 3218 renatum
1901 3162 1988 3218 di-

344 3242 480 3298 vina
527 3245 838 3302 sanctitate
874 3265 1082 3304 rursus
1126 3250 1510 3306 confirmavit.
1545 3253 1694 3306 Tum
1743 3251 1986 3323 scilicet,

347 3348 480 3388 cum
525 3334 728 3405 spinas
757 3341 815 3392 et
844 3337 1094 3393 carduos
1122 3338 1334 3395 erroris
1365 3356 1432 3394 ex
1464 3339 1752 3412 profundo
1795 3340 1988 3396 cordis

347 3421 495 3492 ejus,
549 3423 803 3496 Spiritus
845 3427 1027 3481 sancti
1062 3427 1339 3484 beneﬂcio
1369 3435 1427 3484 et
1459 3429 1642 3500 gratia
1685 3429 1879 3484 evellit
1917 3445 1986 3485 ac

303 3511 628 3582 .prwcidit,
685 3514 1059 3586 fructumque
1116 3521 1174 3572 et
1241 3533 1448 3573 novam
1512 3533 1807 3590 gemmam
1865 3517 1988 3573 sive

347 3615 607 3672 germen,
641 3603 793 3658 utin
841 3605 991 3660 bona
1022 3610 1176 3661 terra
1224 3606 1527 3677 irrigatum
1571 3606 1766 3661 divino
1815 3607 1989 3662 verbo

350 3696 524 3762 atque
546 3691 682 3748 hinc
713 3694 1208 3767 contemplatione
1227 3697 1430 3751 edidit.
1465 3695 1608 3752 Cum
1652 3713 1785 3751 vero
1814 3695 1989 3752 etiam

347 3778 560 3835 Christi
610 3782 826 3838 milites
859 3785 1117 3855 quotidie
1149 3784 1346 3839 divino
1379 3801 1578 3840 amore
1617 3784 1990 3851 inﬂammati,

350 3869 410 3923 in
459 3886 663 3925 omnes
696 3877 887 3941 partes
919 3874 1116 3927 divina
1159 3873 1346 3945 gratia
1397 3891 1648 3945 superne
1692 3890 1809 3928 una
1855 3889 1989 3929 cum

350 3957 497 4027 ipsis
529 3966 821 4028 praeeunte
851 3967 1181 4028 currerent;
1223 3967 1344 4018 tum
1377 3963 1581 4018 beatus
1629 3979 1858 4034 quoque
1896 3960 1992 4016 hic

352 4043 685 4116 Dionysius,
717 4049 907 4104 crucis
937 4056 1129 4105 aratro
1162 4067 1320 4105 mare
1359 4051 1696 4121 difﬁndens,
1747 4049 1992 4105 Athenis

355 4135 597 4189 Romam
632 4153 664 4189 a
694 4138 908 4193 caelesti
933 4141 1242 4212 divinaque
1265 4141 1582 4212 voluntate,
1618 4147 1680 4196 ut
1711 4159 1744 4196 a
1765 4142 1879 4197 Deo
1911 4141 1995 4195 di-

355 4221 565 4292 lectus,
615 4239 716 4294 per
745 4225 894 4280 viam
929 4227 1214 4283 deductus
1261 4229 1436 4284 venit.
1491 4230 1816 4298 Ingressus,
1856 4244 1991 4283 cum

354 4309 591 4365 beatum
607 4309 958 4367 Clementem
987 4314 1440 4387 invenisset,qui
1474 4321 1537 4372 ut
1561 4333 1739 4386 supra
1770 4316 1990 4371 dictum

352 4401 459 4466 est,
485 4397 814 4471 apostolica;
837 4400 992 4456 sedis
1016 4405 1358 4473 potestatem
1381 4401 1652 4458 habebat.
1678 4403 1750 4458 ab
1770 4418 1838 4459 eo
1857 4417 1989 4457 cum

353 4487 530 4560 digno
553 4487 773 4545 honore
793 4489 1014 4560 statim,
1031 4489 1264 4546 utvires
1287 4491 1700 4563 suppetebant,
1726 4494 1994 4562 receptus

352 4580 463 4632 est.
498 4577 982 4650 quue'tempore
1012 4594 1143 4634 cum
1179 4579 1386 4635 beatus
1430 4579 1518 4634 vir
1555 4577 1886 4651 Dionysius,
1921 4577 1992 4633 ad

353 4663 506 4720 beati
537 4664 852 4722 Clementis
879 4667 1122 4737 vestigia
1165 4671 1222 4723 et
1262 4668 1438 4739 pedes
1469 4667 1736 4738 accessit,
1769 4670 1996 4738 aposto-

353 4751 598 4823 licaeque
637 4754 930 4809 sanctilati
971 4772 1033 4810 se
1075 4755 1416 4817 insinuavit,
1465 4760 1590 4810 tum
1643 4755 1768 4825 ipse
1813 4756 1988 4810 etiam

352 4841 635 4912 magister
664 4842 1011 4907 declaratus,
1043 4849 1101 4898 et
1135 4859 1293 4898 more
1326 4844 1605 4916 magistro
1647 4843 1992 4915 dignissimo
2026 4829 2069 4892 D

353 4944 386 4982 a
437 4934 638 4984 sancto
669 4928 964 4985 Clemente
1027 4931 1368 4996 honoratus,
1401 4932 1861 5003 dignitatemque
1919 4931 1990 4987 ab

350 5032 417 5072 eo
440 5021 497 5072 et
525 5018 902 5088 aptissimum
937 5020 1241 5087 honorem,
1269 5025 1332 5074 ut
1361 5037 1394 5075 a
1427 5025 1544 5076 Deo
1573 5021 1822 5091 gratiam
1857 5021 1992 5074 ade-

355 5113 489 5176 ptus
537 5107 870 5178 reportavit,
904 5114 962 5163 et
1010 5108 1243 5162 interim
1291 5109 1445 5163 Deus
1487 5124 1680 5163 rerum
1729 5108 1991 5164 omnium

356 5200 680 5266 praepotens
742 5197 907 5251 beato
969 5197 1236 5264 Dionysio
1289 5201 1564 5267 praeterea
1613 5196 1818 5250 tribuit
1863 5196 1992 5250 vita:

356 5282 716 5338 seminandre
746 5283 1014 5340 idoneam
1048 5283 1408 5353 facultatem,
1442 5283 1632 5354 quiad
1670 5301 1774 5339 nos
1809 5300 1995 5355 usque

358 5371 659 5441 religionis
681 5389 857 5427 causa
887 5374 1162 5427 omnibus
1187 5373 1478 5443 apparuit.
1500 5373 1834 5429 'l‘umetiam
1856 5389 1994 5427 san-

358 5463 486 5514 ctus
509 5459 774 5514 Clemens
795 5459 1126 5531 Philippum
1143 5463 1458 5531 quemdam
1483 5460 1766 5532 Hispania:
1780 5461 1996 5531 episco-

362 5564 500 5617 pum
553 5549 827 5619 praet'ecit,
861 5553 1204 5620 potestatem
1255 5565 1508 5621 quoque,
1541 5566 1719 5621 quam
1753 5551 1878 5622 ipse
1907 5549 1996 5603 di-

365 5635 536 5690 vinus
567 5637 832 5692 Clemens
870 5654 905 5692 a
962 5639 1128 5692 beato
1169 5638 1334 5692 Petro
1377 5641 1708 5710 |accepcrat,
1730 5640 1782 5694 ei
1839 5638 1998 5694 dedit

2097 2186 2224 2237 στοῦ
2284 2179 2630 2252 ἐνδοξοτάτην
2664 2179 2953 2256 ἀνάληψιν,
3016 2183 3104 2237 ὅτε
3135 2183 3162 2236 ὁ
3217 2191 3490 2257 μακάριος
3520 2183 3741 2238 ἀπόστο-

2097 2274 2195 2339 λος
2251 2273 2467 2336 Παῦλος
2500 2271 2588 2329 διὰ
2626 2281 2724 2343 τῆς
2773 2276 3004 2350 χάριτος
3057 2279 3152 2329 τοῦ
3212 2277 3374 2351 ἁγίου
3438 2275 3745 2350 Πνεύματος

2098 2364 2202 2418 ἀπὸ
2232 2371 2333 2434 τῆς
2365 2363 2580 2433 πλάνης
2607 2371 2706 2432 τῆς
2736 2362 2986 2426 ἀπιστίας
3016 2364 3092 2428 εἷς
3149 2362 3273 2419 ὁδὸν
3316 2365 3599 2439 σωτηρίας
3649 2364 3750 2418 ἐπέ-

2098 2455 2340 2526 στρεψεν,
2376 2452 2512 2507 ὥστε
2544 2451 2746 2521 πίστιν,
2779 2451 2846 2521 ἦν
2874 2453 3067 2525 πρώην
3101 2451 3468 2526 ἐπολέμησεν.
3504 2453 3559 2508 ἐν
3596 2452 3751 2529 ἐσχάο

2095 2562 2212 2605 τοις
2240 2540 2684 2616 πεπληρωμένην
2725 2539 2776 2595 ἐν
2834 2539 2960 2614 δόξῃ
3007 2541 3258 2614 κηρύξαι,
3307 2541 3399 2596 καὶ
3459 2543 3602 2596 κατά
3658 2543 3746 2608 τήν

2095 2635 2192 2687 τοῦ
2268 2630 2466 2705 Κυρίου
2523 2628 2758 2700 διάταξιν
2817 2634 3005 2692 σκεῦος
3060 2629 3298 2705 ἐκλογῆς
3355 2631 3646 2705 γεγένηται
3700 2629 3745 2684 ἐν

2096 2724 2214 2781 τοῖς
2273 2717 2464 2783 ἔθνεσι⁶
2513 2719 2636 2774 τότε
2689 2719 2792 2794 γὰρ
2839 2719 2960 2774 τότε
3012 2719 3296 2794 κηρύττων
3355 2721 3418 2774 τὸ
3451 2717 3635 2793 ὄνομα
3661 2724 3749 2774 τοῦ

2099 2808 2302 2884 Κυρίου
2360 2810 2520 2880 ἡμῶν
2582 2805 2762 2877 Ἰησοῦ
2796 2809 3023 2882 Χριστοῦ
3050 2813 3168 2870 τοῖς
3228 2808 3519 2882 ἀγνοοῦσιν
3557 2806 3748 2873 ἔθνεσι,

2096 2897 2415 2973 παρεγένετο
2473 2895 2522 2950 ἐν
2573 2897 2825 2966 Ἀθήναις
2858 2914 2872 2929 ·
2949 2895 3165 2951 κάκεῖσε
3221 2898 3312 2951 τὸν
3371 2898 3527 2973 ἅγιον
3593 2895 3750 2970 ἄνδρα

2094 2985 2311 3041 τουτονὶ
2361 2984 2663 3050 Διονύσιον,
2721 2983 2956 3048 ἐθνικοῖς
3013 2983 3151 3039 ἔθεσι
3191 2985 3382 3058 πρώην
3417 2985 3751 3061 ἐμπεριεχὸ-

2102 3095 2282 3142 αενον,
2333 3072 2408 3135 εἷς
2465 3070 2590 3127 ὁδὸν
2653 3071 2926 3147 σωτηρίας
2987 3070 3263 3147 ὁδηγήσας
3295 3073 3618 3149 ἐπέστρεψε,
3667 3073 3749 3128 καὶ

2093 3167 2174 3234 τῷ
2225 3163 2354 3237 ἱερῷ
2415 3160 2745 3236 βαπτίσματι
2804 3161 3165 3236 ἀναγεννήσας
3203 3205 3217 3230 ,
3303 3163 3422 3233 θείᾳ
3477 3162 3752 3236 ἁγιωσύνῃ

2096 3249 2247 3312 αὖθις
2301 3246 2610 3324 ἓστερὲωσε·
2667 3249 2788 3304 τότε
2847 3247 2915 3318 δὴ
2966 3249 3056 3304 ὅτε
3108 3251 3202 3311 τάς
3233 3250 3470 3313 ἀκάνθας
3519 3252 3749 3324 (59)καὶ

2094 3332 2389 3411 τριϐόλους
2438 3344 2538 3405 τῆς
2569 3335 2786 3407 πλάνης
2811 3337 2872 3392 ἐκ
2895 3342 2992 3392 τοῦ
3045 3337 3212 3412 βυθοῦ
3237 3345 3338 3408 τῆς
3379 3337 3616 3414 καρδίας
3667 3338 3754 3394 αὐ-

2015 3463 2060 3530 C
2093 3431 2190 3482 τοῦ
2221 3423 2312 3481 διὰ
2355 3432 2452 3495 τῆς
2497 3425 2723 3500 χάριτος
2765 3429 2863 3480 τοῦ
2918 3424 3080 3500 ἁγίου
3136 3427 3454 3498 Πνεύματος
3501 3427 3752 3499 ἀπέτεμε,

2170 3515 2183 3530 .
2397 3516 2410 3530 .
2581 3514 2595 3530 ι
2695 3515 2705 3530 .
2832 3513 2933 3530 ω.
3173 3516 3186 3530 .
3283 3514 3298 3530 .
3408 3519 3437 3530 ..
3487 3517 3501 3530 .
3604 3521 3656 3530 ,-
3724 3520 3748 3530 -

2099 3515 2187 3571 καὶ
2245 3516 2449 3588 καρπὸν
2507 3514 2598 3569 καὶ
2655 3515 2774 3569 νὲον
2832 3513 3128 3590 βλάστημα
3157 3516 3233 3578 ὡς
3279 3514 3333 3570 ἐν
3371 3519 3442 3589 τῇ
3476 3517 3660 3592 ἀγαθῇ
3687 3520 3751 3590 γῇ

2097 3602 2455 3678 ἀδρευόμενον
2487 3602 2614 3676 θείῳ
2672 3601 2824 3678 λόγῳ
2850 3603 3034 3676 καὶτῇ
3082 3602 3318 3659 ἐντεῦθεν
3379 3606 3588 3679 θεωρίᾳ
3646 3607 3749 3661 ἑνι-

2101 3690 2286 3762 δειξεν·
2349 3691 2437 3746 ὅτε
2482 3688 2538 3746 δέ
2585 3689 2674 3746 καὶ
2707 3693 2759 3746 οἱ
2786 3693 3020 3764 Χριστοῦ
3075 3696 3421 3763 στρατιῶται,
3457 3693 3750 3767 ὁσημέραι,

2097 3785 2176 3852 τῷ
2232 3779 2357 3852 θείῳ
2400 3775 2560 3853 ἔρωτι
2619 3777 2970 3856 φλεγόμενοι,
3045 3779 3356 3853 πανταχόσε
3428 3773 3610 3848 ἔθεον,
3665 3788 3754 3848 τῆς

2101 3868 2244 3930 θείας
2275 3867 2501 3944 χάριτος
2533 3865 2734 3931 ἄνωθεν
2764 3867 2946 3930 αὐτοῖς
2986 3870 3596 3943 συμπροπορευομένης
3626 3874 3754 3943 (ΰο)⁶

2098 3959 2220 4013 τότε
2259 3957 2348 4012 καὶ
2408 3958 2435 4011 6
2491 3955 2754 4031 μακάριος
2813 3957 2998 4012 οὐτοσὶ
3029 3956 3325 4028 Διονύσιος,
3356 3961 3436 4029 τῷ
3467 3962 3570 4013 τοῦ
3603 3980 3757 4013 σταυο

2103 4051 2198 4121 ροῦ
2257 4040 2473 4121 ἀρότρῳ
2527 4047 2628 4114 τὴν
2673 4045 2943 4109 θάλασσαν
2997 4043 3289 4117 διατεμὼν,
3350 4046 3458 4100 ἀπὸ
3510 4049 3756 4117 Ἀθηνῶν

2098 4136 2197 4202 τήν
2248 4135 2467 4206 Ῥώμην
2512 4129 2807 4189 κατέλαϐεν
2859 4133 3090 4208 οὐρανίῳ
3131 4137 3222 4188 καί
3274 4133 3402 4206 θείῳ
3461 4133 3758 4208 θελήματι,

2102 4223 2175 4284 ὡς
2210 4223 2311 4277 ὑπὸ
2362 4226 2495 4276 Θεοῦ
2544 4223 2924 4295 ἡγαπημὲνος,
2958 4220 3329 4296 ὁδηγούμενος
3390 4225 3530 4294 (61).
3567 4221 3762 4280 Εἰσελ-

2103 4313 2208 4376 θὼν
2270 4308 2327 4365 δὶ
2373 4311 2462 4366 καὶ
2510 4311 2679 4384 εὑρὼν
2710 4311 2800 4365 τὸν
2856 4311 3124 4385 μακάριον
3159 4308 3475 4381 Κλήμεντα,
3511 4311 3591 4373 ὡς
3627 4313 3762 4366 ἀνω-

2099 4399 2240 4473 τὲρω
2289 4398 2523 4474 εἷ’ρηται,
2555 4399 2654 4467 τήν
2704 4405 2804 4468 τῆς
2834 4397 3200 4467 ἀποπολικῆς
3255 4395 3528 4473 καθὲδρας
3562 4398 3763 4475 ἔχοντα

2101 4487 2362 4562 ἐξουσίαν,
2398 4488 2533 4560 μετᾶ
2559 4493 2659 4556 τῆς
2700 4486 3052 4558 καθηκούσης
3082 4493 3249 4559 τιμῆς
3280 4487 3501 4557 εὐθέως,
3536 4488 3617 4550 ὦς
3651 4485 3761 4543 οίόν

2100 4599 2158 4634 τε
2206 4581 2294 4649 ἦν,
2359 4575 2728 4635 ὑποδέδεκται.
2780 4577 2876 4632 Καὶ
2936 4576 2990 4632 ἐν
3041 4576 3192 4649 αὐτῷ
3245 4581 3326 4649 τῷ
3355 4583 3534 4652 καιρῷ
3597 4580 3692 4634 ’ὀτε
3735 4580 3759 4632 ὁ

2106 4667 2372 4740 μακάριος
2426 4667 2557 4741 ἀνὴρ
2617 4665 2900 4730 Διονόσιος
2954 4670 3052 4721 τοῦ
3107 4665 3373 4740 μακαρίου
3430 4664 3762 4740 Κλήμεντος

2100 4759 2216 4816 τοῖς
2246 4753 2424 4829 ἴχνεσι
2453 4757 2811 4830 προσήγγισε,
2844 4754 2935 4808 καὶ
2991 4757 3061 4826 τῇ
3091 4751 3430 4826 ἀποστολικῇ
3475 4754 3759 4828 ἀγιωσόνῃ

2102 4843 2286 4897 ἑαυτὸν
2343 4841 2673 4918 ἕμπαρέθετο
2742 4840 3090 4910 διδάσκαλος,
3147 4842 3236 4896 καὶ
3294 4841 3455 4904 αὐτὸς
3516 4843 3762 4922 ἀποφαν-

2104 4931 2234 5000 θεῖς,
2293 4931 2382 4986 καὶ
2436 4931 2627 5004 τρόπῳ
2681 4935 2760 5002 τῷ
2831 4931 3098 5006 πρὲποντι
3129 4927 3444 5002 διδασκάλῳ
3506 4932 3614 4987 ὑπὸ
3673 4936 3762 4986 τοῦ

2102 5019 2262 5092 ἁγίου
2321 5018 2642 5092 Κλήμεντος
2693 5019 2988 5092 τιμηθεὶς,
3063 5018 3154 5072 καὶ
3211 5017 3356 5087 ἀξίαν
3415 5021 3545 5092 παρ’
3602 5020 3764 5076 αὐτοῦ

2102 5109 2188 5162 καὶ
2251 5107 2589 5178 οἰκειοτάτην
2620 5110 2811 5180 τιμὴν,
2846 5107 2921 5168 ὡς
2954 5108 3102 5178 παρά
3131 5105 3264 5161 Θεοῦ
3293 5104 3544 5180 εἰληφὼς
3579 5110 3765 5183 χάριν,

2104 5194 2416 5268 ἐκομίσατο,
2462 5196 2550 5250 καὶ
2600 5195 2652 5250 ἐν
2685 5196 2796 5268 ὅσῳ
2827 5196 2959 5257 Θεὸς
3015 5197 3042 5248 ὀ
3073 5191 3489 5266 παντοδύναμος
3548 5202 3635 5268 τῷ
3671 5219 3767 5270 μα-

2102 5283 2277 5359 καρίῳ
2311 5284 2575 5356 Διονυσίῳ
2625 5289 2885 5358 ζωαρκεῖν
2920 5281 3255 5358 ἐδωρήσατο,
3315 5280 3422 5344 ’ἕως
3454 5285 3626 5356 ἡμῶν
3687 5285 3769 5340 αὐ·

2103 5377 2210 5426 τῶν
2245 5379 2402 5426 πᾶσιν
2438 5373 2516 5426 ἐπ’
2573 5368 2816 5443 εὐσεϐείᾳ
2847 5371 3176 5444 φανερώσας·
3230 5372 3320 5426 καὶ
3351 5373 3380 5425 6
3432 5374 3589 5447 ἅγιος
3620 5373 3768 5444 Κλη-

2109 5481 2219 5533 μης
2258 5461 2380 5515 τότε
2411 5460 2687 5516 Φίλιππόν
2719 5481 2841 5514 τινα
2868 5459 3140 5523 Ἱσπανίας
3169 5459 3461 5514 ἐπίσκοπον
3491 5464 3766 5536 προεστή-

2107 5569 2258 5618 σατο,
2299 5550 2388 5604 καὶ
2419 5551 2516 5618 τήν
2569 5547 2808 5620 ἐξουσίαν
2840 5549 2900 5616 ἣν
2935 5546 3096 5610 αὐτὸς
3127 5549 3155 5602 6
3188 5551 3331 5610 θεῖος
3361 5547 3609 5622 Κλήμης
3663 5551 3764 5604 ἀπὸ

2104 5641 2202 5692 τοῦ
2232 5638 2501 5710 μακαρίου
2549 5639 2808 5710 ΙΙέτροῳυ
2863 5631 3044 5694 ἔλαϐε.
3080 5634 3308 5693 δὲδωκεν
3357 5636 3529 5709 αὐτῷ,
3561 5637 3760 5712 λέγων’
