3930 6202
156 360 250 416 673

1181 350 1639 415 ΜΑΒΤΥΒΙΗΜ,
1681 349 2014 406 AUCTOBE
2053 351 2446 408 METHODIO.

3409 362 3517 417 674

153 506 177 533 α
206 475 465 551 Πορευθεὶς
493 470 543 525 ἐν
581 473 697 531 τοῖς
733 469 919 543 μέρεσι
981 475 1080 538 τῆς
1129 466 1356 538 δύσεως,
1404 469 1638 544 κήρυξον
1691 468 1754 524 τὸ

1947 488 1963 526 ι
2017 471 2248 528 verbis:
2310 496 2338 522 «
2400 473 2775 532 Proﬁciscere
2834 478 2904 533 ad
2937 482 3132 550 partes
3160 481 3516 551 Occidentis,

153 562 448 641 Εὐπγγέλιον
476 565 574 627 τῆς
613 554 892 632 βασιλείας
919 561 1024 612 τῶν
1058 556 1320 632 οὐρανῶν,
1354 557 1445 612 καὶ
1477 555 1638 627 δῆσαι
1670 559 1757 612 καὶ

153 656 286 712 λῦσαι
326 645 453 705 ἔστω
486 667 568 700 σοι
602 644 834 718 ἐξουσία,
868 643 957 700 *ίνα
1007 650 1102 700 τοῦ
1147 648 1380 719 Χριστοῦ
1418 647 1479 700 τὸ
1538 644 1764 721 Εὐαγγέ-

152 742 252 799 λιον
279 738 361 794 καὶ
390 734 474 790 διὰ
501 735 599 789 σοῦ
629 734 706 796 εἰς
741 740 918 806 μῆκος
949 735 1036 788 καὶ
1088 733 1295 796 πλάτος
1348 735 1580 810 έγχυθῇ,
1613 734 1761 796 ὅπως

150 829 274 900 παρά
297 829 386 881 τοῦ
417 820 610 897 Κυρίου
643 823 716 884 ὡς
745 821 936 884 πιστὸς
969 819 1166 884 δοῦλος
1216 825 1455 893 ἀξιωθῆς
1511 822 1761 890 ἀκοῦσαι,

148 916 231 985 Εὖ,
299 911 451 969 δοῦλε
513 911 681 986 ἀγαθὲ
727 912 816 964 καὶ
892 912 1069 978 πιστὶ,
1144 909 1231 965 ἐπὶ
1294 911 1496 986 ὀλίγων
1546 912 1616 980 ἧς
1671 933 1762 966 πι-

150 1007 270 1076 στὸς,
321 1000 403 1057 ἐπὶ
458 998 685 1055 πολλῶν
745 1020 802 1053 σε
857 1001 1201 1069 καταστήσω.
1263 997 1488 1056 Εῗσελθε
1537 999 1612 1061 εἰς
1661 1002 1759 1069 την

151 1093 296 1168 χαράν
348 1093 440 1144 τοῦ
487 1086 684 1160 Κυρίου
733 1107 851 1142 σου.
887 1111 916 1138 ››
947 1087 1210 1142 Κοινωνοὶ
1243 1085 1301 1142 δὲ
1329 1092 1427 1143 τοῦ
1458 1085 1608 1163 ἁγίου
1641 1096 1762 1143 Διο-

145 1181 303 1237 νυσίου
353 1181 481 1247 ἦσαν
535 1181 920 1252 Σατουρνῖνος,
977 1174 1322 1252 Μάρκελλος,
1379 1178 1469 1232 καὶ
1529 1185 1762 1233 Λουκια-

145 1271 238 1337 νὸς,
291 1267 375 1323 σὺν
429 1265 576 1338 αὐτῷ
606 1261 779 1335 ὄντες,
807 1263 898 1320 ’ίνα
955 1264 1014 1320 ἐκ
1046 1266 1314 1338 πόματος
1347 1263 1446 1321 δύο
1477 1265 1566 1320 καὶ
1595 1265 1762 1342 τριῶν

148 1357 401 1434 μαρτύρων
451 1357 486 1424 ἡ
544 1360 652 1410 τῶν
704 1355 1040 1426 Χριστιανῶν
1090 1355 1269 1417 πίστις
1321 1361 1439 1418 τοῖς
1501 1356 1760 1430 ἀγνοοῦσι

149 1449 304 1520 μέρεσι
358 1440 666 1520 παραδοθῆ.
725 1441 947 1499 Τούτων
1005 1440 1063 1498 δὲ
1093 1444 1234 1515 ὁμοῦ
1278 1442 1639 1499 συνελθόντων
1671 1444 1760 1499 καὶ

145 1531 513 1608 πορευομένων,
572 1529 745 1599 ἦλθον
799 1529 875 1592 εἷς
907 1528 1104 1603 λιμένα
1135 1529 1489 1606 Ἀριλαδιτῆς
1519 1531 1758 1596 πόλεως.

142 1622 256 1679 Τότε
313 1623 339 1676 ὁ
397 1622 549 1695 ἅγιος
606 1617 913 1689 Διονύσιος,
973 1618 1298 1695 Μάρκελλον
1359 1620 1435 1684 εὶς
1491 1621 1760 1678 Ἱσπανίαν

145 1708 442 1778 ἀπέστειλεν,
465 1706 561 1763 ’ίνα
602 1707 692 1762 τὸν
748 1706 914 1782 λόγον
972 1714 1073 1777 τῆς
1123 1713 1267 1778 ζωῆς
1298 1715 1416 1771 ταῖς
1446 1708 1762 1780 ἐκκλησίαις

137 1802 218 1853 τοῦ
244 1799 465 1872 Χριστοῦ
495 1797 814 1871 παραθήσῃο
874 1794 1035 1858 αὐτὸς
1069 1795 1128 1850 δὲ
1184 1798 1212 1850 ὁ
1274 1797 1424 1873 ἅγιος
1480 1797 1762 1873 Διονύσιος

139 1892 195 1961 τῇ
229 1891 314 1942 τοῦ
358 1886 508 1961 ἁγίου
562 1883 873 1956 ΙΙνεύματος
925 1882 1097 1961 θέρμῃ
1145 1885 1421 1962 ἀναφθεὶς,
1479 1885 1569 1940 καὶ
1627 1885 1761 1940 ἀπο-

143 1974 338 2048 στολικῇ
388 1972 708 2048 πληρωθεὶς
775 1970 1008 2043 ἐξουσίᾳ,
1066 1974 1198 2047 ἅπερ
1257 1974 1403 2048 παρὰ
1451 1977 1550 2028 τοῦ
1604 1974 1760 2048 ἁγίου

147 2063 425 2136 Πνεύματος
483 2061 580 2116 σὺν
639 2065 719 2132 τῷ
777 2059 915 2134 ἁγίῳ
946 2059 1222 2134 Κλήμεντι
1251 2067 1366 2126 θεῖα
1405 2059 1571 2137 λόγια
1597 2083 1761 2116 κατα-

144 2156 324 2228 σπεῖραι
373 2156 487 2213 τοῖς
540 2145 740 2204 ἔθνεσιν
794 2145 1049 2220 ἐδέξατο,
1111 2149 1285 2205 πίστει
1341 2147 1578 2223 διένειμε
1631 2155 1760 2205 πᾶσι

140 2247 236 2304 τοῖς
262 2240 520 2317 ἐσπερίοις
559 2241 768 2316 μέρεσι.
816 2240 924 2307 Τὴν
971 2237 1322 2316 σκληρότητα
1354 2237 1410 2295 δὲ
1440 2245 1545 2294 τῶν
1598 2240 1758 2295 ἀπεί-

142 2351 231 2405 ρων
275 2331 435 2386 ἐκεῖσε
489 2330 663 2385 ἐθνῶν
723 2329 800 2402 μὴ
861 2325 1144 2398 δεδοικὼς,
1203 2328 1346 2403 μηδέ
1372 2332 1468 2392 τάς
1517 2325 1758 2392 ἀσεϐείας

137 2424 216 2474 τοῦ
241 2417 364 2474 λαοῦ
417 2414 709 2497 φοϐηθεὶς,
767 2415 1039 2490 προῆλθεν
1102 2417 1190 2472 ἐπὶ
1244 2419 1308 2474 τὸ
1351 2420 1628 2494 κήρυγμα,
1677 2423 1757 2490 τῷ

139 2511 218 2560 τοῦ
267 2507 522 2582 μακαρίου
583 2507 834 2581 ἀρχηγοῦ
890 2508 998 2558 τῶν
1063 2504 1386 2560 ἀποστόλων
1446 2505 1758 2581 στερεωθεὶς

137 2594 390 2670 πνεύματι,
443 2600 546 2651 τοῦ
593 2595 644 2651 ἐν
677 2597 866 2671 Ῥώμῃ
897 2596 1215 2672 γενομένου,
1246 2593 1333 2648 καὶ
1366 2590 1614 2657 δοθέντος
1641 2600 1759 2656 τοῖς

140 2682 349 2745 ἀπίστοις
400 2686 538 2761 πρὸς
598 2685 888 2760 τιμωρίαν.
945 2683 1047 2740 Καὶ
1107 2682 1194 2737 ὅτε
1252 2681 1356 2736 ἀπὸ
1384 2688 1484 2751 τῆς
1518 2681 1758 2744 Γαλλίας

141 2773 439 2848 ὑποστρέψας
470 2773 568 2829 ἐπὶ
626 2772 804 2829 πλείω
849 2778 966 2834 τοῖς
1010 2771 1243 2836 ἐθνικοῖς
1299 2768 1469 2824 ἔθεσιν
1514 2769 1760 2848 ἀναφθεῖ-

141 2881 215 2914 σαν
261 2859 387 2937 ἔγνω
414 2864 512 2931 τὴν
545 2860 764 2930 πλάνην
786 2868 886 2930 τῆς
937 2861 1126 2936 χώρας
1177 2858 1410 2929 ἐκείνης,
1442 2858 1584 2927 τότε,
1645 2857 1761 2931 θείᾳ

139 2951 282 3024 σκέπῃ
329 2950 758 3026 χρηματισθεὶς,
790 2948 1008 3006 δυνατὸν
1065 2947 1154 3003 καὶ
1196 2946 1458 3017 ἀληθινὸς
1514 2945 1761 3016 ἀθλητὴς

141 3035 426 3114 ἀπεδείχθη,
485 3039 779 3116 ἐπιῤῥίψας
812 3038 998 3093 ἐαυτὸν
1057 3042 1172 3098 τοῖς
1229 3037 1452 3112 ἀγῶσιν,
1508 3031 1622 3104 ἵνα,
1682 3035 1759 3096 ὡς

138 3122 259 3196 ἄξιος
306 3127 572 3204 ὑπάρχων
625 3125 926 3201 ὁμολογίας
974 3124 1064 3180 καὶ
1115 3121 1480 3198 πληρώσεως,
1509 3122 1755 3198 γενέσθαι

1796 1843 1840 1907 Β

1870 558 2110 632 illicque
2129 562 2380 633 praedica
2399 563 2771 634 Evangelium
2796 569 2958 638 regni
2972 565 3271 636 calorum,
3291 570 3514 642 tibique

1868 652 1990 705 esto
2021 648 2241 721 ligandi
2271 667 2338 705 ac
2370 649 2635 707 solvendi
2672 657 2953 724 potestas,
2987 661 3052 709 ut
3080 655 3294 711 Christi
3324 659 3511 714 Evan-

1869 737 2089 810 gelium
2120 756 2154 794 ιι
2182 743 2238 794 te
2265 741 2437 795 etiam
2469 740 2638 813 longe
2670 742 2902 815 lateque
2935 739 3320 816 dilfundsitur,
3371 752 3434 801 ut
3483 765 3516 803 a

1869 827 2117 882 Domino
2147 833 2429 900 tanquam
2489 830 2677 886 ﬁdelis
2737 847 2940 887 servus
2995 834 3199 889 audire
3233 849 3512 893 mereare.

1868 916 2036 986 Euge,
2093 933 2247 973 serve
2302 918 2440 973 bone
2494 921 2544 974 et
2625 919 2825 989 ﬁdelis,
2907 923 3050 992 quia
3133 939 3301 994 super
3379 941 3512 995 pau-

1868 1021 1932 1060 ca
2008 1007 2167 1077 fuisti
2246 1006 2445 1076 ﬁdelis,
2531 1024 2703 1078 supra
2778 1011 2954 1064 multa
3027 1014 3079 1065 te
3151 1014 3510 1070 constituam.

1868 1095 2021 1149 Intra
2077 1096 2138 1149 in
2191 1096 2457 1166 gaudium
2514 1096 2737 1152 Domini
2797 1099 2882 1152 tui
2935 1099 3038 1170 (n.)
3112 1100 3264 1156 Socii
3322 1108 3513 1160 autem

1868 1183 2023 1238 beati
2069 1183 2335 1256 Dionysii
2388 1185 2623 1240 fuerunt
2671 1185 3049 1252 Saturninus,
3097 1187 3410 1247 Marcellus
3457 1199 3516 1249 et

1871 1273 2185 1343 Lucianus,
2219 1275 2320 1347 qui
2355 1291 2490 1331 cum
2524 1291 2589 1331 eo
2648 1279 2836 1342 erant,
2898 1282 2961 1330 ut
3017 1294 3086 1332 ex
3132 1295 3230 1333 ore
3261 1281 3513 1338 duorum

1867 1361 1957 1416 vel
1986 1364 2165 1417 trium
2198 1363 2462 1426 testium,
2519 1363 2665 1418 ﬁdes
2722 1363 3187 1420 Christianorum
3249 1368 3511 1438 partibus

1869 1466 1996 1520 quae
2025 1466 2154 1505 eam
2186 1451 2557 1522 ignorabant,
2590 1452 2942 1507 traderetur.
2993 1454 3058 1508 Hi
3111 1471 3246 1510 cum
3300 1473 3509 1513 conve-

1869 1537 2115 1609 nissent,
2147 1543 2204 1594 et
2235 1557 2350 1594 una
2381 1540 2491 1594 iter
2525 1540 2800 1610 facerent,
2833 1548 3223 1612 pervenerunt
3248 1545 3319 1598 ad
3380 1561 3511 1616 por-

1866 1629 1992 1681 tum
2022 1626 2383 1684 Arelatensis
2446 1629 2628 1684 urbis.
2691 1629 2837 1683 Tum
2897 1634 3140 1686 sanctus
3175 1631 3513 1704 Dionysius,

1866 1714 2134 1771 Marcello
2169 1716 2347 1772 misso
2377 1716 2435 1770 in
2461 1716 2827 1788 Hispaniam,
2878 1723 2941 1773 ut
2971 1719 3184 1774 Christi
3241 1721 3514 1778 Ecclesiis

1866 1804 2113 1859 verbum
2147 1805 2274 1860 vitae
2300 1810 2674 1876 proponeret,
2693 1806 2818 1877 ipse
2836 1806 3087 1878 Spiritus
3113 1809 3300 1865 sancti
3323 1810 3514 1867 calore

1869 1892 2172 1961 incensus,
2201 1897 2258 1948 et
2286 1894 2618 1965 apostolicae
2648 1895 2957 1966 potestatis
2997 1895 3229 1968 plenus,
3286 1915 3413 1970 quae
3478 1917 3513 1957 a

1870 1981 2088 2052 Spiritu
2122 1986 2326 2037 sancto
2356 1999 2490 2037 cum
2522 1988 2726 2039 sancto
2757 1982 3054 2040 Clemente
3111 1985 3294 2042 divini
3353 1988 3515 2045 verbi

1871 2070 2100 2125 semina
2129 2071 2462 2142 spargenda
2488 2077 2546 2127 et
2568 2072 2816 2128 serenda
2845 2074 2993 2128 897
3031 2075 3306 2146 gentibus
3358 2094 3517 2134 acce-

1872 2158 2073 2230 pisset,
2105 2159 2380 2215 omnibus
2404 2159 2670 2232 partibus
2703 2178 2829 2232 quae
2857 2162 2927 2216 ad
2961 2163 3322 2220 occidentem
3379 2183 3518 2238 per-

1870 2247 2079 2318 tinent,
2111 2248 2436 2304 distribuit.
2471 2249 2754 2305 Duritiam
2787 2254 2982 2306 autem
3041 2255 3098 2306 et
3154 2253 3512 2312 ferocitatem

1871 2336 2279 2408 imperitarunt
2338 2337 2838 2408 barbararumque
2896 2339 3184 2409 gentium,
3235 2357 3362 2411 quae
3392 2342 3512 2399 illic

1870 2430 2196 2495 erant,_non
2215 2426 2458 2492 veritus,
2479 2442 2582 2481 nec
2610 2426 2807 2496 impiis
2830 2425 3151 2484 sceleribus
3174 2429 3510 2500 deterritus,

1869 2513 2021 2568 beati
2055 2513 2338 2585 principis
2371 2513 2772 2585 apostolorum
2807 2515 2908 2587 qui
2942 2516 3136 2572 Roma:
3186 2518 3398 2587 fuerat,
3454 2523 3513 2576 et

1869 2601 2111 2673 perfidis
2133 2603 2204 2656 ad
2238 2601 2594 2674 supplicium
2629 2603 2802 2658 datus
2831 2608 2977 2670 erat,
3037 2605 3250 2676 spiritu
3308 2607 3510 2680 fretus,

1871 2690 1941 2746 ad
1974 2690 2327 2761 praeconium
2360 2705 2421 2745 se
2454 2691 2718 2747 contulit.
2743 2691 3005 2763 Cumque
3026 2711 3059 2747 a
3082 2693 3270 2749 Gallia
3289 2696 3512 2752 sensim

1868 2779 2205 2834 subducens
2236 2777 2368 2850 plus
2391 2778 2710 2851 gentilibus
2735 2779 3023 2836 institutis
3044 2798 3300 2838 errorem
3331 2785 3513 2856 regio-

1869 2867 1961 2923 nis
1992 2866 2137 2922 illud
2172 2868 2392 2922 fervere
2449 2869 2854 2939 comperisset,
2913 2875 3038 2924 tum
3096 2870 3293 2928 divino
3341 2877 3508 2929 scuto

1867 2959 2186 3028 protectus,
2212 2960 2417 3026 potens
2449 2973 2514 3011 ac
2545 2972 2717 3012 verus
2745 2957 2908 3028 pugil
2942 2959 3222 3028 probatus
3253 2964 3360 3028 est,
3417 2977 3510 3016 se-

1869 3060 1982 3116 que
2012 3044 2432 3100 certaminibus
2480 3045 2716 3115 objecit,
2778 3051 2844 3100 ut
2891 3047 2990 3117 qui
3049 3047 3417 3118 professione
3456 3053 3514 3105 et

1869 3133 2217 3204 perfectione
2237 3133 2451 3205 dignus
2477 3137 2654 3204 esset,
2680 3138 2903 3206 martyr
2927 3134 3100 3191 etiam
3125 3136 3248 3192 ﬁeri
3271 3138 3514 3193 minime

141 3214 202 3283 μή
252 3210 459 3291 φοϐηθῇ
502 3217 599 3272 καὶ
639 3215 860 3292 μάρτυς.
905 3212 1242 3274 Ἀκοισιανίας
1301 3209 1361 3266 δὲ
1414 3217 1532 3273 τοῖς
1569 3210 1752 3287 μέρεσι

1950 3223 2178 3278 bitaret.
2204 3222 2532 3293 Aquitaniae
2564 3239 2696 3278 vero
2758 3223 3027 3295 partibus
3068 3224 3251 3281 misso
3308 3232 3510 3282 sancto

136 3302 208 3355 τὸν
232 3303 368 3377 ἅγιον
413 3304 710 3361 ’Λντώνιον
916 3299 1264 3370 ἀποστείλας,
1316 3299 1475 3361 αὐτὸς
1533 3299 1623 3353 σὺν
1677 3304 1759 3373 τῷ

138 3390 251 3464 ἁγίῳ
304 3396 613 3464 Λουκιανῷ,
669 3392 760 3447 καὶ
788 3396 868 3463 τῷ
900 3389 1037 3467 ἁγίῳ
1067 3389 1364 3461 Ῥουστίκῳ
1393 3388 1483 3443 καὶ
1512 3393 1592 3460 τῷ
1623 3387 1758 3464 ἁγίῳ

137 3479 425 3559 Ἐλευθερίῳ
457 3483 509 3540 ἐν
546 3483 838 3556 Παρισίοις
867 3486 936 3554 τῇ
976 3479 1135 3536 πόλει
1187 3479 1453 3555 ἐπορεύθη
1507 3483 1641 3553 (63).
1699 3481 1758 3536 Ὀ

137 3569 261 3642 ἅγιος
283 3569 337 3626 δὶ
363 3573 691 3641 Λουκιανὸς,
732 3565 1128 3644 πρεσϐυτερικῇ
1177 3571 1315 3642 τιμῇ
1372 3565 1757 3640 τετιμημένος,

139 3655 200 3719 εἷς
224 3660 314 3729 τὴν
340 3659 736 3718 Βελουακένσιν
766 3657 1047 3729 ἀπεστάλη
1093 3657 1284 3727 πόλιν,
1330 3655 1422 3711 ’ίνα
1457 3656 1543 3711 καὶ
1601 3656 1760 3718 αὐτὸς

137 3747 314 3819 ὁμοίως
357 3757 474 3813 τοῖς
532 3750 788 3812 ἀπίστοις
833 3748 986 3810 λαοῖς
1017 3747 1080 3803 τὸ
1119 3745 1458 3822 Εὐαγγέλιον
1487 3752 1589 3815 τῆς
1620 3745 1760 3817 ἄλη*

137 3838 258 3901 θείας
308 3845 626 3917 παραθήσῃ.
686 3841 852 3903 Λύτὸς
902 3838 962 3895 δὲ
1018 3840 1045 3894 ὁ
1109 3841 1263 3914 ἅγιος
1298 3839 1574 3899 Διονύσιος
1607 3836 1659 3891 έν
1689 3841 1758 3911 τῇ

137 3929 336 4004 ίΙαρισίᾳ
363 3930 659 4004 διέμεινεν’
706 3930 828 3999 ἥτις
856 3928 1040 3999 πόλις,
1071 3927 1166 3983 κᾶν
1203 3929 1370 4004 μικρά
1390 3927 1477 3996 ἦν,
1514 3924 1639 3981 ἀλλ’
1671 3925 1761 3980 οὖν

135 4014 317 4085 ἐθνικῆς
345 4018 565 4090 πλάνης
593 4017 1005 4092 πεπληρωμένη
1051 4015 1140 4071 καὶ
1192 4015 1559 4089 μεμιασμένη’
1615 4012 1761 4069 ἀλλὰ

131 4109 446 4182 καρποφόρος
473 4111 540 4176 ἦν
579 4108 671 4161 καὶ
721 4103 963 4179 δένδροις
1014 4104 1427 4177 κεκοσμημένη’
1487 4099 1759 4176 ἀμπέλοις

131 4187 178 4243 δὲ
201 4195 278 4248 καὶ
314 4196 572 4272 βότρυσιν
602 4195 676 4258 ὠς
708 4194 767 4249 ἐκ
795 4199 984 4268 πηγῶν
1011 4193 1205 4269 ῥέουσα
1236 4196 1370 4267 (64),
1401 4191 1489 4246 καὶ
1520 4192 1758 4269 προσφέ-

129 4299 272 4351 ρουσα
321 4290 434 4346 τοῖς
497 4282 727 4346 οἰκείοις
757 4279 1077 4356 διέλαμπεν·
1140 4281 1192 4336 ἐν
1252 4284 1334 4343 οἷς
1365 4280 1454 4335 καὶ
1502 4300 1759 4354 πραγμα-

129 4369 276 4434 τείαις
301 4378 636 4448 τραπεζιτῶν
671 4373 872 4428 ἅπασαι
924 4371 1081 4448 γοναὶ
1129 4373 1229 4440 τῆς
1261 4370 1503 4438 πόλεως,
1531 4369 1620 4424 καὶ
1655 4373 1756 4423 τῶν

128 4458 261 4532 πέριξ
312 4461 823 4538 περιτετειχισμένη
871 4460 1038 4536 γύρου
1110 4463 1244 4533 (65),
1303 4459 1392 4513 καὶ
1451 4457 1758 4534 περισσείαν

1862 3310 2205 3377 Saturnino,
2238 3311 2360 3382 ipse
2384 3327 2520 3366 cum
2551 3317 2754 3366 sancto
2788 3312 3063 3384 Luciano,
3093 3317 3150 3368 et
3173 3319 3375 3370 sancto
3400 3314 3514 3370 Itu-

1867 3399 2035 3465 stico,
2094 3403 2151 3455 et
2180 3405 2382 3455 sancto
2415 3399 2776 3465 Eleutherio,
2831 3401 3120 3456 Lutetiam
3157 3403 3509 3458 Parisiorum

1866 3487 2044 3544 venit.
2107 3488 2360 3544 Sanctus
2418 3493 2613 3544 autem
2671 3488 2983 3556 Lucianus,
3028 3489 3370 3562 presbyterii
3406 3491 3514 3548 bo-

1868 3593 2008 3632 nore
2093 3581 2359 3647 ornatus,
2441 3577 2512 3631 ad
2600 3575 2967 3632 Bellovacum
3025 3579 3231 3632 urbem
3290 3577 3510 3636 missus

1869 3670 1977 3735 est,
2012 3665 2110 3736 qui
2141 3667 2316 3720 etiam
2348 3664 2687 3720 infidelibus
2715 3663 2948 3736 populis
2969 3664 3226 3722 veritatis
3251 3669 3512 3738 Evange-

1868 3752 2013 3808 lium
2073 3753 2428 3824 pradicaret.
2493 3753 2623 3824 Ipse
2681 3769 2852 3824 porro
2913 3755 3151 3808 sanctus
3196 3753 3512 3825 Dionysius

1871 3841 2109 3897 Lutetiae
2168 3841 2526 3896 Parisiorum
2585 3843 2834 3909 mansit;
2869 3840 3022 3912 quod
3064 3840 3370 3913 oppidum,
3404 3842 3514 3897 etsi

1870 3947 2113 4004 parvum
2173 3935 2230 3985 et
2288 3929 2591 4002 exiguum,
2645 3935 2843 3985 tamen
2904 3930 3140 4000 gentilis
3196 3930 3410 3987 erroris
3460 3935 3518 3987 et

1868 4019 2285 4092 inquinationis
2340 4018 2578 4091 plenum
2637 4023 2782 4074 erat.
2838 4019 2947 4074 Sed
3001 4024 3127 4074 erat
3159 4018 3347 4076 fertile
3376 4036 3515 4076 con-

1869 4111 2170 4180 situmque
2226 4113 2284 4164 et
2339 4112 2611 4164 ornatum
2670 4108 3000 4164 arboribus.
3051 4107 3285 4164 Vitibus
3317 4113 3515 4166 autem

1867 4204 1926 4255 et
1983 4199 2132 4265 uvis,
2190 4202 2473 4268 tanquam
2531 4213 2600 4252 ex
2653 4196 2913 4252 fontibus
2999 4196 3202 4253 vinum
3272 4199 3512 4270 profun-

1868 4289 2034 4358 dens,
2093 4291 2149 4342 et
2206 4285 2332 4342 suis
2364 4285 2753 4357 suppeditans
2783 4291 2908 4342 erat
2939 4286 3133 4342 nobile
3160 4307 3173 4356 ;
3206 4287 3265 4342 in
3297 4287 3514 4358 quibus

1867 4382 1926 4432 et
1956 4376 2378 4432 mensariorum
2414 4374 2664 4446 negotiis
2696 4374 2980 4431 universae
3002 4375 3254 4430 civitatis
3279 4374 3514 4429 familiae

1867 4469 1924 4521 et
1979 4481 2180 4520 eorum
2235 4464 2335 4535 qui
2367 4463 2748 4520 circumcirca
2775 4463 2999 4519 vallatae
3032 4463 3320 4518 ambitum
3353 4462 3517 4517 inco—

131 4548 313 4622 ῗχθῦων
357 4555 494 4628 πρὸς
526 4554 747 4616 τούτοις
778 4554 883 4608 ἀπὸ
921 4558 1018 4608 τοῦ
1047 4556 1319 4624 ποταμοῦ,
1353 4551 1428 4612 ὡς
1461 4550 1566 4604 ἀπὸ
1596 4569 1759 4623 προσ-

1947 4558 2091 4622 )ant,
2153 4553 2417 4608 studium
2475 4558 2532 4607 et
2561 4568 2797 4624 operam
2839 4552 3225 4607 collocabant.
3259 4549 3514 4606 Piscium

129 4640 263 4694 ωπου
313 4645 408 4712 τῆς
470 4642 748 4713 θαλάττης
801 4643 1056 4715 κυμάτων
1118 4639 1297 4711 δίκην,
1357 4640 1758 4716 προσφέρουσα,

130 4736 386 4805 παρεῖχεν.
443 4733 565 4792 Οὐκ
623 4732 814 4809 ὀλίγην
851 4730 907 4786 δὲ
936 4731 1027 4786 καὶ
1075 4732 1102 4786 ὁ
1136 4730 1381 4802 ποταμὸς
1411 4733 1508 4783 τοῦ
1538 4727 1758 4803 τείχους

130 4814 423 4891 ἐγινώσκετο
481 4820 745 4896 παρέχων
811 4821 1063 4895 βοήθειαν
1101 4837 1113 4850 '
1167 4817 1257 4873 καὶ
1313 4815 1471 4877 αὐτὸς
1524 4817 1624 4891 γάρ
1683 4818 1761 4885 τῷ

129 4903 300 4962 πλάτει
346 4915 446 4975 τῆς
469 4908 715 4981 πόλεως,
740 4913 818 4980 τῷ
845 4906 970 4980 ἰδίῳ
1001 4905 1218 4976 πλάτει,
1253 4905 1432 4979 ὥσπερ
1467 4911 1649 4974 νῆσον,
1683 4907 1762 4974 τῷ

131 4991 261 5050 ὕδατι
285 4997 449 5069 αὐτὴν
483 4996 870 5072 περιεκύκλου.

188 5088 380 5143 Τοῦτον
433 5089 528 5142 οῦν
585 5090 674 5142 τὸν
733 5086 903 5142 τόπον
937 5087 965 5140 ὁ
1019 5089 1152 5140 Θεοῦ
1185 5081 1382 5146 δοῦλος
1411 5079 1763 5159 περιοδεύσας

128 5172 204 5226 καὶ
249 5180 322 5248 τῷ
378 5182 588 5252 στερεῷ
637 5179 737 5246 τῆς
794 5175 1022 5238 πίστεως
1081 5171 1456 5245 ὁπλισάμενος
1514 5175 1630 5243 Θεῷ
1683 5175 1764 5242 τῷ

127 5263 504 5342 παντοδυνάμῳ
583 5271 860 5343 πανταχοῦ
917 5267 1210 5342 βοηθοῦντι
1268 5263 1358 5318 καὶ
1419 5258 1760 5317 συνοδεύοντι

130 5349 258 5426 αὗτῷ
285 5401 302 5428 ,
360 5355 655 5429 ἐκκλησίαν
715 5356 884 5411 ἐκεῖσε
939 5354 1074 5409 κατᾶ
1126 5355 1227 5422 τήν
1286 5350 1514 5425 δύναμιν
1574 5348 1761 5418 αὐτοῦ,

127 5442 293 5504 καθότι
349 5445 465 5508 νέος
527 5447 711 5519 ἀκμὴν
767 5442 1113 5522 προσήλυτος
1162 5443 1400 5517 ὑπῆρχε,
1441 5445 1521 5512 τῷ
1578 5439 1762 5513 Κυρίῳ

191 5657 267 5729 (ιι)
297 5660 508 5718 Matth.
542 5677 677 5731 xxv,
705 5661 798 5717 21.

1872 4648 2150 4715 praeterea
2205 4641 2430 4712 capiam
2461 4658 2530 4696 ex
2559 4656 2732 4696 amne
2772 4640 2940 4711 quasi
2973 4657 3041 4696 ex
3073 4639 3250 4694 maris
3279 4654 3376 4694 ore
3406 4656 3520 4693 un-

1872 4732 2078 4786 darum
2134 4730 2324 4786 instar
2380 4729 2699 4800 proferens.
2752 4728 3062 4800 praebebat.
3096 4726 3209 4783 Nec
3239 4743 3372 4782 vero
3398 4727 3517 4782 exi-

1873 4836 2055 4891 guum
2089 4818 2424 4890 praesidium
2458 4817 2650 4872 amnis
2682 4817 2804 4888 ipse
2835 4817 3128 4872 moenibus
3169 4817 3314 4871 ferre
3348 4815 3520 4871 intel-

1873 4908 2181 4977 ligebatur.
2218 4911 2269 4961 ls
2300 4905 2457 4962 enim
2491 4904 2865 4960 latitudinem
2892 4906 3054 4960 urbis
3083 4903 3392 4960 latitudine
3414 4921 3520 4960 sua

1872 4996 2077 5051 insulse
2111 4994 2302 5066 specie
2331 5009 2486 5064 aqua
2515 4993 2940 5048 circumdabat.

1947 5085 2107 5139 [tunc
2138 5083 2318 5155 igitur
2346 5081 2447 5138 Dei
2481 5097 2686 5138 servus
2740 5096 2872 5136 cum
2906 5086 3276 5152 peragrasset
3299 5081 3516 5149 locum,

1872 5173 2008 5228 fidei
2041 5173 2245 5228 robore
2291 5174 2578 5239 armatus,
2611 5169 2726 5226 Deo
2760 5185 2956 5224 rerum
2989 5168 3252 5224 omnium
3286 5185 3517 5242 praepo-

1871 5262 2037 5330 tenti,
2098 5262 2196 5332 qui
2243 5260 2462 5331 ubique
2490 5257 2602 5330 ipsi
2634 5257 2918 5312 auxilium
2950 5273 3237 5329 opemque
3266 5257 3520 5324 tulisset,

1873 5353 1930 5405 et
1959 5365 2154 5404 comes
2187 5348 2416 5403 itineris
2469 5346 2704 5416 fuisset,
2737 5346 2856 5401 illic
2887 5345 3174 5417 templum
3237 5362 3339 5419 pro
3369 5345 3523 5402 virili

1873 5454 2002 5509 sua,
2035 5437 2193 5508 quod
2226 5452 2409 5491 novus
2441 5435 2760 5491 admodum
2791 5435 3017 5490 advena
3047 5439 3226 5504 esset,
3257 5433 3522 5490 Domini—
