3930 6202
389 319 501 372 075

1637 321 1698 373 Β.
1738 318 2054 373 DIONYSII
2092 318 2574 375 ABEOPAGITE
3685 326 3771 380 676

387 459 503 514 que
561 441 746 498 nostri
803 442 942 498 Jesu
1002 441 1216 497 Christi
1251 442 1491 498 honoris
1522 458 1700 498 causa
1737 441 1922 497 excita

2152 441 2304 513 ἡμῶν
2359 442 2537 510 Ἰησοῦ
2569 442 2786 515 Χριστῷ
2813 441 2892 504 είς
2946 444 3117 515 τιμὴν
3172 442 3454 512 ἀνέστησε
3511 447 3599 499 καὶ
3650 445 3760 502 λαὸν

390 547 726 603 novumque
759 531 1041 604 populum
1072 531 1131 586 in
1157 531 1455 604 Evangelii
1479 532 1720 587 veritate
1743 531 2041 587 eruditum

389 627 590 678 sancto
622 623 916 694 baptismo
945 621 1284 693 posteaillic
1306 621 1683 678 illuminavit.
1708 621 1819 677 Diu
1841 625 2040 677 autem

391 711 602 767 beatus
627 711 720 765 vir
749 710 1005 766 interdiu
1041 715 1340 782 noctuque
1373 710 1698 782 disciplinas
1743 710 2045 782 religionis

391 817 459 856 ac
489 799 724 872 pietatis
756 799 1195 855 multitudinem
1246 800 1524 866 instituit,
1573 799 1906 872 Christique
1934 815 2040 871 po-

393 889 568 961 pulus
628 905 695 944 ex
747 888 962 945 veteris
1022 887 1207 944 hostis
1257 888 1523 944 faucibus
1552 893 1789 960 ereptus
1818 892 1906 945 est
1938 905 1952 957 ;
1986 892 2043 944 et

390 995 537 1050 quos
569 978 733 1049 prius
775 978 1002 1033 daemon
1058 977 1421 1033 distrahebat
1475 981 1532 1034 et
1589 979 1886 1049 avocabat,
1941 993 2039 1034 eos

385 1067 510 1139 ipse
565 1067 739 1136 digne
799 1083 902 1138 per
959 1066 1132 1121 ﬁdem
1165 1066 1225 1121 in
1257 1065 1432 1122 caelos
1475 1067 1753 1122 studebat
1785 1066 2037 1124 mittere.

384 1157 525 1226 Ejus
583 1171 715 1210 vero
775 1153 1111 1211 sanctitatis
1145 1155 1303 1210 fama
1329 1156 1481 1210 898
1512 1160 1719 1227 postea
1754 1155 1925 1227 longe
1953 1155 2041 1210 la-

384 1247 553 1314 teque
583 1246 900 1314 pervagata
930 1247 1038 1298 est.
1068 1247 1275 1314 Itaque
1307 1260 1424 1298 non
1468 1243 1680 1316 exigua
1708 1243 1910 1315 populi
1938 1242 2039 1314 qui

384 1331 576 1388 fidelis
609 1335 734 1387 erat
766 1331 1083 1387 multitudo
1115 1331 1361 1404 dignum
1395 1349 1553 1402 eum,
1599 1349 1776 1404 quem
1807 1331 2040 1403 episco-

384 1439 524 1494 pum
557 1421 818 1485 haberet,
855 1422 1120 1493 putabat.
1154 1421 1244 1476 Sic
1277 1438 1415 1494 ergo
1448 1423 1722 1492 deinceps
1755 1421 2037 1477 ecclesia-

380 1510 509 1566 stici
542 1510 761 1582 gradus
792 1509 1003 1565 divinis
1035 1510 1332 1582 obsequiis
1365 1527 1430 1566 ac
1463 1511 1809 1568 muneribus
1841 1510 2036 1565 distri-

389 1599 642 1655 buendis
671 1599 956 1666 intentus,
991 1604 1047 1654 et
1067 1616 1422 1656 consecrans
1443 1601 1719 1671 probatos
1742 1600 2033 1668 homines,

378 1692 448 1744 ut
482 1688 693 1760 dignos
723 1693 782 1743 et
812 1687 1054 1744 idoneos
1085 1690 1155 1744 ad
1187 1691 1438 1761 gradum
1480 1688 1881 1760 promovebat.
1918 1687 2033 1744 Sed

2150 529 2267 584 νέον
2299 529 2350 584 ἐν
2378 533 2447 603 τῇ
2481 529 2714 601 ἀληθείᾳ
2741 535 2837 585 τοῦ
2888 528 3223 606 Εὐαγγελίου
3282 529 3657 607 δεδιδαγμένον
3704 542 3770 609 τῷ

2151 620 2294 693 ἁγίῳ
2354 618 2507 683 αὖθις
2559 619 2669 674 ἐκεῖ
2719 619 3049 694 βαπτίσματι
3107 621 3473 698 κατεφώτισεν
3520 625 3648 694 (66).
3699 625 3767 679 Ἐν

2148 705 2260 780 ὅσῳ
2292 705 2349 762 δὲ
2379 710 2407 762 ὁ
2443 708 2706 782 μακάριος
2736 707 2875 784 ἀνὴρ
2906 708 3120 782 ἡμέρας
3163 708 3257 764 καὶ
3306 709 3495 772 νυκτὸς
3546 708 3770 767 διδασκα-

2150 794 2328 858 λικαῖς
2358 799 2716 867 συνεστήσατο
2775 791 3070 861 εὐσεϐείαις
3097 799 3198 868 τὴν
3255 797 3498 870 πληθὺν,
3558 800 3644 855 καὶ
3691 807 3770 856 τοῦ

2148 891 2380 958 Χριστοῦ
2430 887 2458 940 ὁ
2515 885 2649 948 λαὸς
2684 885 2742 940 ἐκ
2770 890 2867 941 τοῦ
2896 885 3130 962 ἀρχαίου
3162 885 3369 962 ἐχθροῦ
3397 891 3494 942 τοῦ
3525 890 3770 964 φάρυγγος

2147 973 2467 1050 ἐλυτρώθη,
2526 971 2621 1036 οὓς
2675 974 2932 1050 κατίσυρε
2979 976 3044 1030 τὸ
3100 976 3260 1050 πρίνὸ
3319 975 3544 1051 Βελίαρ,
3571 976 3771 1039 τούτους

2149 1065 2311 1135 ἀξίως
2359 1063 2714 1139 παραπέμψαι
2775 1063 2852 1126 εἷς
2904 1062 3032 1126 τοὺς
3093 1063 3354 1138 οὐρανοὺς
3407 1061 3500 1119 διὰ
3549 1068 3648 1133 τῆς
3692 1067 3771 1121 πί.

2148 1174 2314 1215 στεως
2373 1155 2402 1208 ὁ
2453 1154 2604 1229 ἅγιος
2661 1148 2884 1207 ἔσπευδε
2918 1173 2930 1186 ο
3001 1155 3160 1229 φήμη
3222 1151 3280 1207 δὶ
3335 1156 3438 1219 τῆς
3491 1153 3790 1230 ἁγιωσύνης

2149 1241 2312 1297 αὐτοῦ
2367 1242 2442 1304 εἷς
2505 1249 2680 1313 μῆκος
2731 1243 2820 1296 καὶ
2875 1238 3084 1303 πλάτος
3139 1239 3293 1306 αὖθις
3350 1241 3603 1317 ἐξεχύθη·
3664 1245 3780 1298 ὥστε

2147 1329 2246 1385 ούκ
2293 1329 2459 1406 ὀλίγη
2490 1337 2597 1386 τῶν
2657 1335 2863 1386 πιστῶν
2892 1335 2990 1384 τοῦ
3022 1329 3158 1385 λαοῦ
3188 1328 3434 1406 ἄθροισις
3460 1330 3602 1404 ἄξιον
3635 1333 3777 1387 αὐτὸν

2145 1417 2388 1492 ἐδόξασεν
2421 1419 2714 1475 ἐπίσκοπον
2756 1418 2925 1495 ἔχειν.
2987 1419 3174 1482 Οὕτως
3206 1420 3297 1474 οὗν
3336 1420 3473 1493 μετὰ
3493 1425 3660 1476 ταῦτα
3700 1427 3778 1475 τοῦ

2144 1510 2418 1584 ἱερατικοῦ
2487 1511 2702 1584 βαθμοῦ
2757 1514 2878 1572 ταῖς
2937 1509 3104 1573 θείαις
3175 1509 3497 1584 ὑπουργίαις
3547 1507 3780 1580 διαδότης

2141 1598 2229 1652 καὶ
2287 1598 2520 1673 ἁγιάζων
2599 1596 3040 1672 δεδοκιμασμένα
3094 1597 3362 1672 πρόσωπα
3395 1639 3409 1666 ,
3471 1598 3548 1660 ὡς
3620 1599 3780 1669 ἀξίους

2139 1688 2463 1762 γενομένους
2494 1687 2668 1759 ἑαυτῷ
2696 1687 2773 1749 είς
2808 1687 3018 1762 βαθμὸν
3069 1684 3286 1756 ἀνῆκεν.
3329 1683 3488 1742 Ἀλλ’
3517 1689 3549 1742 ὁ
3607 1687 3782 1762 Κύριος

378 1777 662 1833 Dominus
695 1784 895 1833 noster
923 1777 1098 1833 Jesus
1155 1777 1451 1844 Christus,
1483 1777 1585 1850 qui
1633 1776 1894 1849 Dionysii

2152 1779 2302 1850 ἡμῶν
2364 1777 2576 1847 Ἰησοῦς
2635 1776 2891 1850 Χριστὸς,
2952 1777 2980 1829 ὁ
3039 1779 3120 1847 τῷ
3173 1777 3580 1850 μακαριωτάτη)
3641 1775 3780 1850 ἀνδρὶ

373 1865 727 1933 beatissimi,
785 1869 854 1920 ut
909 1865 1112 1937 positas
1161 1867 1220 1921 in
1253 1865 1608 1922 candelabro
1639 1865 2032 1933 lueernm,fa-

376 1972 536 2012 mam
571 1953 754 2010 latere
783 1955 961 2010 etiam
994 1971 1110 2011 non
1148 1955 1505 2026 patiebatur,
1538 1956 1593 2010 in
1627 1971 1830 2011 eorum
1863 1954 1960 2025 qui
1998 1970 2032 2009 ε

387 2043 667 2116 religione
693 2049 896 2100 nostra
917 2042 1310 2100 abhorrebant
1334 2044 1654 2115 mentibus,
1677 2045 1806 2116 ejus
1829 2045 2027 2099 lumen

379 2133 526 2190 radii
583 2132 775 2204 specie
807 2132 1100 2198 adhibuit,
1132 2137 1447 2205 tantasque
1478 2150 1581 2207 per
1618 2149 1751 2189 eum
1784 2133 2028 2188 virtutes

384 2223 508 2278 fieri
562 2222 766 2290 voluit,
829 2226 894 2278 ut
923 2222 1272 2278 infestarum
1304 2222 1734 2294 rebelliumque
1765 2221 2026 2295 gentium

377 2313 572 2380 corda,
607 2329 724 2368 non
757 2313 955 2368 minus
985 2329 1163 2383 quam
1195 2328 1419 2380 earum,
1452 2311 1667 2384 quibus
1691 2312 2027 2368 nuntiatum

370 2409 491 2457 erat
517 2400 920 2473 Evangelium,
949 2400 1298 2457 instituerit.
1336 2402 1535 2474 [taque
1557 2403 1688 2473 ejus
1709 2400 2028 2456 virtutibus

375 2508 441 2546 ac
457 2488 756 2545 miraculis
771 2489 1033 2562 quotidie
1046 2491 1652 2547 corroborabanturet
1665 2491 2032 2546 addebantur

381 2583 447 2635 ut
476 2596 542 2634 eo
573 2583 854 2652 tempore,
887 2595 1023 2633 cum
1058 2578 1176 2634 haec
1208 2580 1280 2634 ab
1311 2578 1478 2635 initio
1510 2581 1662 2635 facta
1692 2582 1852 2635 sunt.
1875 2579 2026 2634 Tum

367 2673 572 2725 autem
603 2667 792 2724 sancti
823 2666 955 2738 viri,
986 2672 1052 2723 ut
1080 2684 1188 2723 vox
1219 2667 1553 2733 clamantis,
1596 2668 1766 2739 longe
1796 2667 2029 2738 lateque

384 2763 697 2830 pervagata
728 2756 984 2813 nominis
1015 2757 1143 2828 ejus
1175 2757 1352 2824 fama,
1387 2757 1469 2812 ita
1496 2756 1790 2813 celebrata
1830 2760 1938 2825 est,
1964 2759 2030 2811 ut

369 2846 550 2902 etiam
579 2846 972 2911 Domitianus,
998 2845 1098 2916 qui
1114 2846 1410 2900 secundus
1426 2849 1557 2916 post
1569 2844 1855 2899 Neronem
1869 2843 2028 2898 Chri-

375 2935 599 2990 stianos
617 2933 946 3005 exagitavit,
971 2949 1101 2988 eum
1117 2934 1189 2988 ad
1205 2933 1328 2988 sein
1342 2931 1628 3004 palatium
1644 2948 1819 2988 suum
1833 2931 2028 2988 venire

368 3021 641 3094 jusserit.
701 3022 985 3092 Idemque
1043 3025 1206 3076 tanta
1238 3020 1551 3076 iracundiae
1583 3021 2028 3093 atrocitatisque

374 3110 536 3166 rabie
567 3108 800 3177 exarsit,
833 3113 899 3164 ut
925 3109 1256 3180 imperaret,
1288 3110 1729 3182 utubicumque
1748 3109 2026 3168 Christia-

2141 1864 2406 1938 Διονυσίῳ
2441 1867 2516 1939 μή
2551 1869 2857 1940 συγχωρῶν
2908 1860 2985 1919 ἔτι
3041 1864 3142 1933 τὴν
3202 1866 3396 1939 φήμην
3443 1863 3779 1940 κρύπτεσθαι,

2141 1955 2214 2017 ὡς
2264 1957 2468 2019 τεθέντι
2501 1953 2694 2028 λύχνῳ
2743 1953 2830 2008 ἐπὶ
2880 1953 3135 2028 λυχνίαν,
3171 1951 3222 2008 ἂν
3268 1958 3389 2016 ταῖς
3421 1959 3532 2009 τῶν
3566 1953 3787 2009 ἀπίστων

2141 2041 2400 2106 διανοίαις
2451 2043 2515 2097 τὸ
2573 2046 2687 2121 φῶς
2746 2043 2915 2097 αὐτοῦ
2963 2039 3308 2104 ἀκτινοειδῶς
3357 2041 3648 2118 παρέθετο,
3705 2046 3781 2098 καὶ

2135 2132 2396 2194 τοσαύτας
2478 2129 2549 2186 δι’
2607 2130 2771 2186 usus
2827 2130 3131 2202 κατηξίωσε
3186 2127 3432 2207 γενεσθαι
3489 2131 3583 2186 καὶ
3642 2129 3787 2188 δυνά-

2143 2243 2282 2294 μεις,
2345 2220 2426 2274 ὅτι
2499 2225 2607 2276 τῶν
2659 2220 2946 2292 πολεμίων
3019 2218 3186 2284 ἰθνῶν
3243 2220 3340 2282 τὰς
3408 2218 3638 2294 καρδίας
3698 2221 3785 2276 οὐκ

2136 2309 2358 2365 ἔλαττον
2411 2314 2519 2364 τῶν
2569 2306 3063 2386 εὐαγγελιζομένων
3141 2307 3398 2380 ἀνέδειξεν
3436 2329 3452 2342 ·
3528 2309 3669 2365 ὥστε
3737 2310 3782 2379 ἐξ

2139 2398 2312 2454 αὐτῶν
2370 2403 2479 2454 τῶν
2558 2397 2834 2471 δυνάμεων
2901 2397 2992 2453 καὶ
3065 2399 3379 2472 θαυμασίων
3452 2398 3622 2454 αὐτοῦ
3681 2402 3788 2454 καθ’

2135 2487 2344 2564 ἡμέραν
2443 2486 2869 2560 ἐνδυναμοῦσθαι
2952 2487 3045 2542 καὶ
3147 2486 3536 2562 προστίθεσθαι
3631 2484 3778 2557 δίκην

2133 2581 2231 2633 τοῦ
2286 2581 2499 2652 καιροῦ,
2564 2575 2653 2632 ὅτε
2703 2582 2871 2632 ταῦτα
2927 2576 2980 2648 ιε
3047 2576 3300 2652 ὑπαρχῆς
3351 2574 3627 2652 ἐγένοντο.
3684 2580 3782 2634 Τοῦ

2138 2666 2294 2742 ἁγίου
2355 2663 2411 2720 δὲ
2467 2662 2680 2742 ἀνδρὸς,
2732 2664 2806 2726 ὡς
2862 2667 3015 2742 φωνή
3064 2666 3326 2740 βοῶντος,
3385 2664 3466 2728 είς
3499 2669 3680 2738 μῆκος
3705 2665 3784 2719 καὶ

2136 2755 2343 2818 πλάτος
2413 2753 2733 2830 ἐκχυθείσης
2783 2759 2884 2822 τῆς
2945 2755 3140 2830 φήμης
3195 2757 3292 2809 τοῦ
3351 2753 3651 2826 ὀνόματος,
3707 2753 3787 2808 ἐπὶ

2133 2849 2394 2899 τοσοῦτον
2450 2840 2757 2916 διαλάμψαι
2803 2841 2948 2907 τότε,
2999 2842 3073 2904 ὡς
3120 2841 3212 2897 καὶ
3268 2843 3601 2915 Δομετιανὸν
3658 2845 3786 2915 (67),

2132 2933 2225 2988 τὸν
2295 2933 2418 2988 τότε
2470 2932 2563 2987 τὸν
2641 2928 2885 3006 δεύτερον
2960 2931 3070 2986 τῶν
3133 2936 3474 3004 Χριστιανῶν
3545 2928 3786 3007 διωγμὸν

2133 3025 2440 3094 ποιήσαντα
2512 3021 2648 3094 μετᾶ
2720 3021 2977 3094 Νέρωνα,
3053 3019 3304 3076 κελεῦσαι
3391 3019 3572 3084 ἐλθεῖν
3658 3021 3786 3098 πρὸς

2135 3111 2293 3167 αὐτὸν
2377 3111 2454 3176 είς
2523 3111 2621 3179 τήν
2699 3108 2870 3178 αὐλὴν
2930 3107 3113 3165 αὐτοῦ·
3171 3106 3320 3171 ὅστις
3374 3109 3454 3172 εἰς
3509 3110 3781 3180 τοσαύτην

374 3216 517 3254 num
533 3199 787 3269 aliquem
802 3197 1037 3270 autipse
1050 3210 1147 3253 aut
1161 3198 1250 3253 sui
1267 3197 1717 3270 invenirent,vel
1730 3199 1922 3254 utimn

2152 3201 2332 3256 ιύσσαν
2411 3178 2761 3273 ἀναξιύττμος
2837 3197 3037 3276 ἐξήφθη
3113 3199 3202 3254 καὶ
3278 3197 3572 3274 παρήχθη,
3649 3178 3779 3254 ὥστε

375 3289 520 3344 laret
540 3286 865 3358 inquinatis
877 3285 1261 3355 daemonibus,
1278 3287 1720 3360 persuaderent,
1738 3287 1827 3344 vel
1841 3288 2016 3345 variis

370 3375 680 3434 tormentis
734 3375 1027 3448 objectum
1087 3376 1260 3432 morti
1317 3376 1505 3449 gadiis
1562 3377 1877 3434 traderent.
1912 3377 2014 3433 His

369 3480 503 3521 vero
535 3464 766 3537 legibus
797 3479 933 3520 cum
967 3463 1078 3520 sibi
1111 3481 1327 3537 genera
1357 3465 1641 3523 inclinata
1662 3466 2013 3539 subegisset,

369 3570 585 3628 magna
638 3551 853 3610 Christi
905 3554 1090 3610 servis
1146 3559 1341 3610 coorta
1371 3559 1462 3610 est
1499 3555 1854 3628 persecutio,
1883 3571 2012 3627 quas

367 3643 438 3697 ad
497 3657 596 3699 eos
653 3641 755 3715 qui
811 3639 932 3696 illic
990 3645 1176 3712 erant,
1211 3643 1577 3714 pertinebat:
1630 3643 1846 3716 quippe
1878 3659 2010 3700 cum

365 3730 529 3787 nulla
581 3747 826 3802 prorsus
879 3730 1187 3802 praesentis
1245 3730 1376 3788 vitae
1420 3749 1620 3802 usura,
1653 3731 1728 3787 iis
1775 3731 1876 3804 qui
1908 3748 2012 3804 pro

363 3820 594 3876 Christo
653 3824 967 3890 certarent,
1026 3820 1456 3877 concederetur.
1490 3820 1688 3894 Neque
1718 3819 1874 3877 enim
1907 3821 2012 3877 ali-

362 3926 480 3979 qua
535 3909 755 3965 sanctis
787 3909 1143 3982 martyribus
1173 3911 1525 3983 suppetebat
1563 3910 1858 3967 libertatis
1891 3911 2012 3966 sive

361 3996 643 4062 defensio,
697 3997 817 4054 sive
875 3999 1228 4070 deprecatio.
1289 3999 1621 4067 Quinetiam
1675 4016 1880 4056 omnes
1910 3999 2011 4071 qui

363 4082 538 4138 edicti
568 4084 758 4140 scelus
784 4090 841 4140 et
871 4086 1233 4158 impietatem
1252 4089 1660 4155 observabant,
1686 4089 1842 4161 quod
1864 4088 2011 4162 ipsis

363 4190 395 4226 a
424 4174 651 4228 Caesare
702 4174 1108 4244 prmscriptum
1141 4180 1284 4247 erat,
1313 4175 1476 4232 nulla
1505 4193 1574 4232 ex
1603 4186 1766 4249 parte
1795 4178 2012 4234 violare

360 4259 676 4316 audebant.
737 4259 896 4316 Misit
952 4266 1228 4334 praterea
1285 4263 1639 4321 delectorum
1671 4265 2010 4322 multitudi-

363 4365 519 4418 nem,
581 4365 715 4405 eum
780 4365 998 4422 magna
1050 4367 1188 4406 voce
1245 4355 1301 4407 et
1329 4353 1676 4410 crudelitate
1708 4354 1778 4411 ad
1811 4371 2011 4411 omnes

360 4440 696 4498 Occidentis
728 4441 1018 4513 regiones,
1051 4443 1151 4516 qui
1187 4443 1342 4499 hunc
1372 4448 1646 4501 sanctum
1668 4446 1854 4502 virum
1877 4447 2012 4504 Dio-

2123 3287 2436 3366 προστάξαι,
2505 3286 2620 3357 τίνα,
2698 3287 2834 3343 ὅπου
2897 3285 2944 3342 δ’
3015 3285 3078 3342 ἃν
3150 3286 3472 3362 Χριστιανόν
3513 3307 3642 3342 τινα
3695 3285 3774 3342 s5-

2125 3398 2292 3456 ροιεν,
2351 3379 2511 3441 αὐτὸς
2571 3377 2606 3446 ἢ
2679 3377 2732 3431 οἱ
2808 3376 2993 3448 αὐτοῦ,
3063 3375 3098 3446 ἢ
3157 3380 3312 3440 θῦσαι
3374 3378 3770 3451 μεμιασμένοις

2121 3467 2382 3539 πείσαιεν,
2440 3464 2476 3535 ἢ
2555 3463 2834 3526 ποικίλαις
2907 3462 3159 3540 βασάνοις
3235 3463 3621 3540 περιπεσόντα,
3680 3477 3767 3529 θα-

2119 3553 2263 3628 νάτῳ
2315 3553 2586 3630 μαχαίρας
2634 3551 3027 3632 παραδοθῆναι.
3058 3552 3288 3615 Τούτοις
3337 3551 3396 3608 δὶ
3423 3559 3550 3616 τοῖς
3581 3553 3767 3627 νόμοις

2125 3645 2391 3715 ὑποτάξας
2449 3644 2621 3715 ἑαυτῷ
2665 3643 2793 3718 γένη
2841 3640 3142 3715 κεκλιμένα
3210 3645 3352 3716 (68),
3428 3642 3598 3719 μᾶγας
3654 3649 3768 3703 τοῖς

2119 3737 2215 3788 τοῦ⁹
2246 3735 2478 3808 Χριστοῦ
2512 3729 2732 3794 δούλοις
2764 3730 2975 3806 ἐγένετο
3027 3727 3271 3806 διωγμὸς
3327 3728 3379 3786 ἒν
3438 3737 3562 3795 τοῖς
3607 3732 3773 3788 ἐκεῖσε

2117 3822 2482 3898 περιτρέχων,
2529 3819 2785 3894 οόδεμιᾶς
2845 3825 2964 3882 τοῖς
3017 3817 3106 3875 διὰ
3146 3821 3375 3894 Χριστὸν
3437 3820 3774 3897 ἀγωνιζομὲο

2117 3934 2236 3975 νοις
2297 3916 2440 3982 ζωῆς
2481 3909 2948 3987 συγχωρουμὲνης
2978 3906 3066 3964 διὰ
3120 3910 3316 3980 πάσηςο
3376 3906 3615 3982 οὐδεμία
3675 3912 3771 3986 γὰρ

2117 4006 2224 4057 τῶν
2276 3999 2445 4075 ἁγίων
2521 4002 2806 4076 μαρτύρων
2889 4000 3108 4073 ὑπῆρχε
3170 3996 3501 4073 παραίτησις
3557 3997 3774 4054 ἆλευθεο

2121 4090 2258 4167 ρίας·
2320 4088 2465 4144 ἀλλᾶ
2519 4089 2608 4143 καὶ
2658 4087 2850 4149 πάντες
2901 4088 2953 4142 oi
3003 4087 3166 4142 αὐτοῦ
3212 4087 3313 4155 τὴν
3375 4081 3622 4142 ἀσέϐειαν
3678 4109 3773 4166 φυ-

2120 4179 2406 4241 λάττοντες
2435 4182 2531 4232 τοῦ
2589 4175 2886 4252 δόγματος,
2945 4175 3076 4250 ὅπερ
3134 4175 3612 4249 προστεταγμένον
3675 4175 3767 4231 αύο

2118 4274 2233 4331 τοῖς
2286 4269 2388 4322 ὑπὸ
2439 4271 2534 4322 τοῦ
2582 4265 2848 4341 Καίσαρος
2902 4265 3002 4334 εἴη,
3065 4259 3366 4341 ὑπερϐῆναι
3425 4263 3517 4320 διὰ
3576 4266 3778 4327 παντὸς

2120 4357 2181 4414 οὗ
2211 4351 2436 4412 κατετὸλ
2449 4360 2585 4430 μῶν.
2607 4354 2769 4411 Ἀλλ’
2790 4349 2866 4409 ἔτι
2889 4353 2981 4410 καὶ
3003 4352 3304 4409 ἐπιλίκτων
3337 4352 3622 4431 ἄθροισμα
3647 4357 3777 4428 μετὰ

2124 4443 2370 4522 μεγάλης
2416 4446 2548 4520 βοῆς
2596 4444 2686 4499 καὶ
2737 4443 2995 4514 ἀπηνείας
3049 4448 3167 4506 τοῖς
3225 4442 3441 4520 μίρεσιν
3486 4442 3777 4500 ἀπέστειλε

361 4530 594 4602 nysium
627 4535 978 4604 quaererent,
1006 4535 1086 4604 et,
1111 4531 1160 4588 si
1184 4538 1445 4604 possent,
1469 4533 1815 4607 invenirent,
1840 4540 1904 4592 ut

2152 4535 2295 4605 πάσης
2349 4537 2450 4603 τῆς
2504 4531 2728 4601 δύσεως,
2786 4531 2936 4596 ὅπως
2990 4532 3084 4587 τὸν
3144 4533 3294 4606 ἅγιον
3350 4529 3519 4608 ἄνδρα
3577 4537 3770 4590 τοῦτον

357 4619 546 4674 edicto
577 4619 950 4688 imperatoris
976 4621 1170 4677 verbis
1215 4625 1272 4676 et
1302 4621 1481 4679 minis
1512 4623 1804 4680 adductus
1835 4641 1922 4697 pai

2161 4623 2394 4680 ιονύσιον
2419 4623 2808 4692 ἀναζητοῦντες
2837 4621 3064 4698 εὕροιεν,
3089 4621 3135 4676 εἰ
3171 4618 3502 4692 δυνηθῶσιν,
3526 4620 3625 4676 ἵνα
3713 4623 3779 4676 τὰ

365 4711 473 4778 ret,
502 4706 612 4779 vel,
647 4707 696 4764 si
730 4709 929 4776 nollet,
965 4710 1272 4781 suppliciis
1304 4710 1616 4768 immensis
1647 4713 2004 4786 discerpere-

359 4802 479 4867 tur,
511 4796 598 4854 vel
627 4798 801 4855 morti
833 4799 1045 4871 capitis
1075 4800 1421 4872 praeeisione
1450 4802 1842 4860 occumberet.

427 5018 550 5070 Ηοο
604 5013 888 5086 principis
939 5015 1130 5072 edicto
1162 5016 1560 5089 promulgata,
1593 5016 1757 5089 plebs
1786 5017 2003 5076 Gallica

357 5101 648 5160 concessit
675 5103 975 5175 suscipere
1004 5108 1308 5176 tyrannos,
1341 5109 1407 5162 ut
1427 5123 1530 5178 per
1555 5105 1700 5164 fines
1719 5124 1861 5165 suos
1880 5107 2001 5166 sive

355 5192 602 5249 viciniae
632 5195 936 5263 penetrare
962 5198 1228 5264 possent.
1256 5196 1334 5250 Ex
1364 5211 1499 5252 mox
1523 5194 1676 5252 beati
1707 5195 1870 5252 illius
1891 5197 2000 5253 viri

355 5279 579 5336 celebre
628 5295 843 5337 nomen
893 5279 1042 5353 ipsis
1095 5282 1462 5341 declaratum
1502 5288 1608 5341 est.
1643 5285 1736 5342 Sic
1767 5301 1906 5358 ergo
1935 5289 2000 5342 ut

361 5369 448 5424 eis
488 5370 900 5440 praescriptum
960 5370 1170 5444 fuerat,
1204 5373 1510 5431 celerrimo
1563 5390 1762 5446 cursu,
1796 5379 1998 5448 parato

356 5457 574 5524 animo,
628 5457 781 5512 899
839 5457 1008 5514 vultu
1037 5460 1197 5517 varie
1229 5467 1478 5535 mutato,
1512 5463 1805 5520 Lutetiam
1837 5464 1996 5518 Pari-

353 5546 573 5600 siorum
603 5546 880 5616 ingressi,
914 5546 1037 5602 illic
1065 5552 1345 5607 Sanctum
1376 5553 1565 5608 virum
1597 5553 1753 5608 hunc
1788 5553 1997 5625 Diony-

353 5631 511 5687 sium
566 5632 920 5690 invenerunt
974 5651 1110 5692 cum
1161 5639 1371 5696 alienis
1421 5658 1455 5697 a
1486 5641 1768 5714 religione
1798 5645 1999 5700 nostra

2111 4715 2503 4790 προστάγματα
2531 4715 2627 4767 τοῦ
2659 4709 3060 4784 ἐξουσιάζοντος
3105 4713 3221 4782 (69)
3251 4709 3617 4786 ἐκπληρῶσαι
3656 4709 3774 4766 πεί-

2113 4824 2298 4874 σωσιν,
2331 4802 2366 4871 ἢ
2394 4804 2685 4878 τιμωρίαις
2722 4801 2797 4874 μή
2834 4798 3187 4876 βουλομένων
3211 4800 3615 4875 σπαράττεσθαι
3643 4800 3779 4874 ἆμε-

2108 4894 2331 4970 τρήτοις
2364 4893 2500 4966 (70),
2533 4891 2568 4960 ἢ
2597 4892 2696 4960 τὴν
2728 4887 2973 4967 κεφαλὴν
3005 4889 3423 4962 ἀποτμηθῆναι.

2182 5017 2334 5074 Μετᾶ
2376 5013 2435 5071 δὲ
2488 5020 2655 5070 ταῦτα
2710 5015 2777 5069 τὰ
2829 5013 3222 5090 προστάγματα
3270 5015 3368 5066 τοῦ
3417 5012 3697 5089 ἄρχοντος
3747 5013 3775 5065 ὁ

2113 5100 2289 5180 ὄχλος
2345 5101 2737 5177 προσδέξασθαι
2789 5109 2892 5174 τῆς
2947 5101 3227 5173 Γαλλικῆς
3277 5102 3613 5177 συναπήχθη
3644 5101 3777 5162 τοὺς

2109 5193 2422 5269 τυράννους,
2453 5194 2548 5249 τοῦ
2576 5189 2806 5248 διελθεῖν
2840 5191 2890 5247 ἐν
2923 5197 3039 5254 τοῖς
3079 5191 3355 5268 συνορίοις
3398 5190 3579 5246 αὐτῶν
3636 5194 3771 5263 (71)·

2107 5283 2197 5339 καὶ
2245 5283 2514 5359 παρευθὺς
2558 5287 2655 5338 τοῦ
2711 5280 2979 5356 μακαρίου
3046 5279 3252 5337 εκείνου
3305 5281 3466 5355 ἆνρὸς
3517 5280 3584 5335 τὸ
3639 5280 3772 5335 hrd-

2107 5373 2217 5444 ξιον
2276 5368 2453 5447 ὄνομα
2508 5369 2824 5450 ἐνεφανίσθη
2888 5370 3072 5434 αὐτοῖς
3322 5369 3518 5434 Οὕτως
3578 5369 3671 5424 οὗν
3706 5367 3785 5430 ὡς

2107 5462 2296 5524 αὐτοῖς
2373 5461 2576 5538 ἐγένετο
2650 5459 3148 5535 προστεταγμένον,
3229 5458 3475 5533 ταχίστῳ
3561 5455 3781 5532 δρόμῳ,

2106 5549 2377 5623 προθύμῳ
2407 5547 2603 5624 καρδίᾳ
2649 5548 2738 5602 καὶ
2780 5547 3159 5622 ἠλλοιωμὲνῳ
3207 5547 3492 5621 προσώπῳ
3553 5548 3669 5619 (73)
3700 5548 3779 5606 sic

2110 5639 2366 5714 Παρισίαν
2425 5635 2782 5711 εἰσελθόντες,
2837 5636 3010 5694 ἐκεῖσε
3063 5637 3155 5693 τὸν
3212 5637 3360 5710 ἅγιον
3424 5631 3601 5711 ἄνδρα
3643 5655 3778 5691 του·-
