3930 6202
141 396 232 450 677

1156 384 1613 450 MARTYBIUM,
1653 382 1990 440 AUCTORE
2029 383 2424 437 METHODIO.

3393 387 3522 440 678'

137 515 237 573 τονὶ
311 506 575 566 Διονύσιον
660 507 812 581 εὗρον
893 505 1031 561 κατά
1096 512 1205 562 τῶν
1280 505 1517 561 ἀπίστων
1571 502 1740 561 πολε-

1982 505 2196 560 linibus
2220 504 2564 573 bellantem,
2605 509 2662 560 et
2692 506 2959 562 doctrina
3003 507 3263 579 quotidie
3298 510 3505 567 multi-

145 607 334 680 μοῦντα,
361 596 442 653 καὶ
475 590 767 670 διδάὲίμασι
798 597 919 661 καθ’
949 597 1178 667 ἑκάστην
1205 594 1393 667 πλήθη
1457 595 1603 651 λαῶν
1662 593 1739 656 εἲς

1853 595 2087 651 tudines
2116 594 2473 666 populorum
2507 595 2581 650 ad
2602 594 2775 650 fidem
2795 595 3007 651 Christi
3038 595 3371 655 hortantem
3400 619 3413 668 ;
3439 617 3504 656 ac

137 697 222 763 τὴν
248 690 410 746 πίστιν
454 690 551 740 τοῦ
607 689 847 760 Χριστοῦ
903 684 1382 761 προσκολούμενον
1415 704 1429 719 ο
1475 687 1591 759 μετ’
1649 684 1740 739 αύ-

1982 704 1988 737 l
2018 697 2085 738 eo
2116 682 2356 738 beatum
2388 683 2582 738 virum
2632 683 2938 740 Rusticum
2989 686 3420 757 presbyterum,
3444 692 3505 744 et

140 786 221 839 τοῦ
248 778 298 834 δὲ
321 776 403 833 καὶ
430 774 521 831 τδν
573 777 836 850 μακάριον
895 771 1064 850 ἄνδρα
1092 774 1403 831 Ῥούστικον
1457 777 1551 830 τὸν
1614 794 1740 848 πρε-

1982 772 2258 828 Itherium
2307 772 2644 838 diaconum,
2706 789 2857 845 quos
2898 774 3024 846 ipse
3074 776 3280 832 beatus
3327 777 3416 832 vir
3445 777 3505 833 in

140 867 383 944 σϐύτερον,
409 864 498 919 καὶ
531 862 872 939 Ἐλευθέριον
914 865 1006 918 τὸν
1058 861 1328 936 διάκονον,
1360 862 1455 926 οὓς
1512 863 1671 926 αὐτὸς
1720 865 1740 917 6

2012 860 2315 916 ordinibus
2345 866 2806 918 consacraverat.
2840 863 2952 918 Eos
2998 864 3258 936 quidem,
3308 864 3410 937 qui
3452 870 3512 922 et

144 960 374 1033 μακάριος
421 954 556 1027 ἀνὴρ
606 952 683 1015 είς
731 951 857 1014 τοὺς
911 949 1085 1014 ἰδίους
1136 952 1378 1029 βαθμοὺς
1431 952 1747 1025 καθιέρωσε.

1858 949 1987 1020 ejus
2007 948 2287 1005 doctrinae
2320 967 2386 1005 ac
2430 951 2755 1023 disciplinas
2808 952 3082 1025 discipuli
3131 958 3187 1009 et
3233 970 3511 1027 persecu-

140 1052 252 1111 Τοῖς
295 1043 381 1099 οὖν
427 1039 749 1116 διδάγμασιν
798 1040 961 1097 αὐτοῦ
1006 1041 1303 1105 κοινωνοὺς
1351 1043 1439 1098 καὶ
1505 1042 1740 1116 μαθητὰς

1982 1054 2089 1092 um
2137 1037 2280 1094 socii
2336 1044 2523 1109 erant,
2574 1039 2846 1097 ferocitas
2902 1044 2960 1096 et
3004 1042 3280 1114 impietas
3331 1042 3514 1099 simul

141 1134 272 1198 ὄντας
340 1133 442 1187 τῶν
532 1128 779 1187 διωκτῶν
826 1134 861 1201 ἡ
921 1131 1234 1203 σκληρότης
1309 1133 1398 1187 καὶ
1453 1134 1488 1202 ἡ
1540 1126 1740 1186 ἀσέϐεια

1982 1126 2104 1182 mit.
2139 1126 2206 1181 Hi
2238 1127 2395 1182 enim
2426 1128 2615 1184 sancti
2645 1127 2755 1184 viri
2785 1146 2819 1185 a
2859 1129 3029 1186 beato
3082 1131 3354 1205 Dionysio
3400 1133 3519 1189 dis-

139 1217 400 1281 κατέλαϐεν
460 1221 594 1294 ἅμα.
657 1221 817 1276 Οὗτοι
876 1220 978 1298 γὰρ
1047 1223 1192 1297 ἅγιοι
1251 1218 1438 1298 ἄνδρες
1499 1220 1605 1276 ἀπὸ
1659 1223 1740 1275 τοῐ

1982 1215 2031 1287 gi
2063 1231 2180 1271 non
2213 1221 2501 1288 poterant,
2534 1234 2684 1289 quos
2713 1218 2888 1275 etiam
2940 1218 3139 1275 divina
3184 1222 3374 1294 pietas
3423 1238 3517 1278 co-

143 1312 380 1389 μακαρίου
428 1310 719 1365 Διονυσίου
768 1308 1069 1386 ἀχώριστοι
1130 1310 1408 1386 ὑπῆρχον,
1443 1310 1539 1373 οὓς
1581 1308 1670 1365 καὶ
1719 1312 1755 1378 ἡ

1867 1305 2129 1360 haeredes
2161 1306 2281 1361 fore
2311 1312 2691 1378 praenoverat.
2724 1308 3029 1364 Gaudebat
3060 1309 3241 1383 igitur
3263 1309 3516 1367 delecta-

142 1400 238 1465 θεία
286 1392 522 1454 εὐσέϐεια
576 1396 975 1473 προεγίνωσκεν
1037 1400 1301 1474 ὑπάρχειν
1388 1397 1740 1473 συγκληρονό-

1982 1411 2160 1467 urque
2182 1395 2373 1451 bonus
2389 1413 2602 1469 parens
2630 1397 2862 1453 duobus
2878 1397 3103 1467 liberis,
3129 1399 3227 1471 qui
3253 1414 3524 1471 progres-

140 1510 278 1562 μους.
307 1488 569 1562 Ἕχαιρεν
631 1486 720 1540 οὖν
770 1487 801 1540 6
856 1486 1056 1561 ἀγαθὸς
1112 1489 1291 1561 πατὴρ
1340 1487 1389 1541 ἐν
1446 1483 1564 1541 δυσὶ
1623 1505 1740 1562 προ·

2003 1484 2318 1556 faciebant,
2360 1486 2515 1557 quod
2556 1485 2720 1558 digni
2762 1491 2961 1543 essent
3010 1486 3139 1555 ﬁlii,
3187 1487 3290 1559 qui
3328 1488 3522 1543 Patris

138 1577 398 1633 κόπτουσιν
454 1576 621 1642 υἱοῖς,
677 1576 761 1629 ὅτι
838 1575 978 1646 ἄξιοι
1044 1577 1182 1645 ἦσαν
1244 1576 1351 1631 υἱοὶ
1406 1580 1504 1631 τοῦ
1560 1576 1762 1651 πατρὸς

1871 1589 2021 1629 onus
2043 1574 2199 1646 quod
2232 1590 2335 1645 per
2360 1574 2642 1646 Spiritum
2676 1576 2899 1632 sanctis
2932 1575 3055 1632 leve
3086 1579 3194 1648 est,
3257 1576 3523 1633 sublevr-

132 1666 184 1721 τὸ
209 1663 420 1742 φορτίον
473 1663 529 1717 ἂν
562 1662 838 1735 Πνεύμασι
866 1669 982 1726 τοῖς
1033 1665 1214 1738 ἁγίοις
1267 1663 1503 1742 ἐλαφρὸν
1561 1664 1740 1741 βαστάι

1982 1665 2024 1729 ι,
2053 1666 2138 1733 ut,
2170 1664 2366 1719 carnis
2411 1664 2694 1736 gravitate
2729 1663 3019 1738 deposita,
3068 1666 3141 1721 ad
3191 1682 3405 1738 purum
3454 1664 3526 1720 li-

136 1774 228 1822 σαι,
250 1751 360 1823 ἵνα,
383 1753 449 1807 τὸ
518 1752 686 1829 βάρος
736 1759 842 1822 τῆς
893 1753 1087 1829 σαρκὸς
1147 1752 1497 1828 ἀποθέμενοι,
1557 1752 1607 1808 ἐν
1666 1774 1762 1808 κα-

134 1842 263 1916 θαρῴ
283 1838 586 1912 δυνηθῶσιν
621 1839 734 1911 ἀέρι
764 1843 1046 1909 πετᾶσθαι,
1078 1844 1162 1906 οἷς
1202 1842 1292 1896 καὶ
1325 1846 1441 1917 φῶς
1492 1863 1544 1897 τι
1577 1849 1764 1911 συνῆν.

1876 1752 2123 1824 quidum
2170 1768 2304 1809 aera
2353 1752 2580 1810 evolare
2628 1759 2906 1825 possent:
2960 1756 3020 1810 in
3068 1754 3285 1828 quibus
3349 1754 3527 1811 etiam

1878 1840 2076 1897 lumen
2100 1841 2397 1912 quoddam
2450 1846 2575 1898 erat
2619 1841 2891 1900 insitum.
2941 1842 3125 1900 Miror
3158 1849 3380 1914 autem,
3426 1842 3529 1916 qui

139 1931 385 2003 Θαυμάζω
416 1928 477 1985 δέ
513 1934 630 1991 πῶς
657 1929 886 1991 ἀόπλοις
916 1928 1170 2006 ἀνδράσιν
1203 1932 1304 1986 οὐκ
1348 1929 1579 2001 ἠδύνατο
1620 1928 1737 1999 πλη

1982 1930 2212 1985 rmibus
2236 1929 2377 1986 viris
2408 1947 2523 1987 non
2547 1935 2775 2004 poterat
2807 1930 3122 1990 multitudo
3169 1937 3396 1990 armata
3426 1934 3532 1989 ob-

134 2019 217 2083 οὺς
248 2018 486 2081 ἔνοπλος
537 2019 873 2088 ἀντιστῆναι.
899 2018 1037 2076 Τότε
1089 2020 1181 2074 οὗν
1237 2021 1264 2074 ὁ
1321 2019 1625 2096 ἀρχέκακος
1679 2018 1775 2095 ἐχ-

1886 2017 2113 2075 sistere.
2145 2020 2297 2074 Tum
2330 2020 2586 2091 denique
2616 2024 2819 2077 auctor
2853 2022 3143 2078 malnrum
3176 2022 3389 2095 hostis,
3431 2020 3533 2095 qui

136 2108 269 2183 θρὸς,
300 2109 532 2182 θεωρῶν
571 2109 682 2176 τὴν,
730 2108 925 2163 ἑαυτοῦ
985 2105 1208 2181 δύναμιν
1245 2106 1653 2181 ἀπολλυμένη),
1685 2129 1740 2163 κο

1982 2107 2297 2180 potentiam
2328 2125 2498 2165 suam
2522 2109 2785 2178 dissolvi,
2818 2115 2875 2166 et
2904 2110 3065 2167 illam
3113 2110 3348 2168 Domini
3392 2126 3536 2167 con-

140 2199 225 2267 τήν
274 2203 372 2254 τοῦ
430 2197 644 2274 Κυρίου
720 2196 1134 2276 φυλαττομένην
1209 2198 1301 2253 καὶ
1374 2204 1627 2268 νικῶσαν,
1686 2198 1777 2253 καὶ

134 2289 237 2342 καθ’
289 2288 534 2358 ἑκάστην
581 2288 681 2355 τήν
738 2292 836 2342 τοῦ
893 2286 1031 2342 λαοῦ
1107 2282 1504 2362 προϐαίνουσαν
1576 2286 1777 2361 πίστιν,

134 2376 261 2452 πάσῃ
286 2380 353 2450 τῇ
383 2378 569 2451 τέχνῃ
600 2373 765 2431 αύτοῦ
795 2375 872 2437 είς
919 2374 1119 2451 ἔχθραν
1169 2376 1503 2449 πολεμικὴν,
1536 2376 1661 2445 ἣτις
1710 2377 1777 2445 ἦν

128 2464 578 2537 καθωπλισμένη,
627 2471 741 2520 κατ’
799 2464 976 2520 αὐτῶν
1039 2464 1329 2539 ἐπέστρεψε
1362 2481 1377 2497 ·
1437 2464 1527 2519 καὶ
1585 2464 1781 2527 αὐτοὺς

126 2552 239 2616 τοὺς
266 2553 342 2615 είς
383 2549 479 2608 ἕνα
550 2554 639 2607 καὶ
699 2552 959 2623 ἀληθινὸν
1013 2552 1208 2627 Κύριον
1264 2552 1633 2623 πιστεύοντας,
1689 2552 1781 2608 καὶ

118 2646 188 2713 τῷ
230 2643 361 2718 ἁγίῳ
401 2641 757 2718 βαπτίσματι
802 2639 912 2712 ἤδη
973 2643 1446 2717 πεπληρωμένους
1500 2649 1602 2711 τῆς
1653 2640 1781 2697 τού-

119 2750 212 2783 των
268 2728 663 2801 διδασκαλίας,
695 2731 870 2803 ἒαυτῷ
925 2736 1207 2787 πιστεῦσαι
1258 2728 1348 2786 διὰ
1390 2730 1619 2788 πολλῶν
1674 2734 1779 2806 βα-

120 2817 275 2873 σάνων
345 2818 910 2895 ἐξομολογουμένους
968 2818 1192 2876 ἔσπευδε
1262 2826 1466 2877 πεῖσαι.
1520 2819 1679 2878 Ἀλλ’
1730 2822 1782 2875 οἱ

122 2909 247 2983 ἅγιοι
301 2907 526 2985 ἄνδρες,
582 2906 930 2983 ὁμολογηταί
984 2909 1074 2964 καὶ
1137 2908 1428 2985 μάρτυρες,
1456 2911 1558 2979 τήν
1613 2910 1782 2965 αὐτοῦ

119 2999 327 3053 καὶτῶν
376 2994 603 3054 ἀσεϐῶν
657 2997 856 3053 λύσσαν
915 3002 983 3072 τῇ
1041 2998 1169 3074 ἁγίᾳ
1225 2996 1549 3070 διδασκαλίᾳ
1604 2996 1779 3053 αύτῶν

121 3088 199 3141 καὶ
246 3093 365 3150 ταῖς
428 3086 708 3164 μεγάλαις
790 3085 1050 3160 δυνάμεσι
1109 3085 1446 3157 διαλύοντες,
1495 3086 1785 3164 ἐπεστήρι-

120 3180 198 3244 (In
247 3177 377 3242 τοὺς
426 3177 713 3250 μαθητὰς,
744 3180 1106 3241 συναντῶντες
1151 3181 1270 3239 τοῖς
1328 3176 1575 3251 ἀνόμοις,
1604 3174 1780 3232 οὐδενὶ

1889 2196 2106 2253 servari
2128 2214 2195 2252 ac
2224 2196 2457 2254 vincere
2480 2197 2992 2270 animadverteret,
3024 2203 3081 2256 et
3109 2198 3311 2272 populi
3360 2199 3535 2255 ﬁdem

1889 2285 2151 2357 quotidie
2176 2287 2468 2359 progredi,
2513 2287 2674 2343 omni
2724 2293 2847 2345 arte
2894 2305 3001 2344 sua
3047 2288 3388 2344 inimicitias
3426 2287 3538 2343 bo-

1890 2373 2078 2442 stiles,
2121 2391 2249 2447 quas
2291 2379 2527 2431 armata
2568 2380 2755 2446 erant,
2811 2376 2870 2433 in
2923 2394 3023 2433 eos
3073 2377 3385 2435 convertit:
3429 2376 3540 2433 eis-

1890 2477 2003 2534 que
2042 2463 2145 2535 qui
2191 2480 2375 2519 unum
2425 2481 2491 2520 ac
2537 2481 2741 2521 verum
2794 2465 3112 2521 Dominum
3166 2481 3315 2535 esse,
3365 2473 3540 2537 atque

1891 2556 2161 2608 sanctum
2193 2552 2577 2625 baptismum,
2600 2555 2730 2626 jam
2746 2558 2957 2610 horum
2979 2554 3257 2613 doctrinas
3271 2571 3337 2611 ac
3368 2553 3541 2609 disci-

1889 2640 2063 2713 plinas
2095 2639 2253 2711 pleni
2283 2643 2619 2714 credebant,
2653 2645 2931 2701 studebat
2959 2646 3317 2719 persuadere
3339 2643 3545 2701 multis

1891 2729 2200 2803 suppliciis
2230 2748 2296 2788 ac
2324 2732 2659 2799 tormentis,
2684 2738 2750 2789 ut
2779 2732 2894 2790 sibi
2932 2736 3167 2792 credere
3198 2734 3542 2791 faterentur.

1890 2820 1961 2874 At
2004 2819 2190 2875 sancti
2237 2821 2366 2888 viri,
2444 2822 2812 2879 confessores
2857 2825 3036 2896 atque
3086 2826 3372 2898 martyres
3420 2823 3550 2894 ejus

1892 2912 2068 2980 atque
2104 2908 2425 2981 impiorum
2463 2909 2702 2968 illorum
2771 2910 3083 2969 hominum
3134 2913 3390 2969 furorem
3439 2912 3545 2968 du-

1893 2999 2081 3055 ctrina
2127 3016 2235 3055 sua
2282 3001 2631 3073 magnisque
2678 2996 3000 3059 virtutibus
3065 3003 3546 3076 comprimentes,

1892 3086 2214 3160 discipulos
2246 3089 2676 3147 conﬁrmabant
2697 3109 2710 3159 ;
2729 3096 3226 3165 occurrentesque
3251 3090 3542 3161 scelestis,

1893 3192 1999 3232 nec
2041 3176 2224 3235 ullius
2271 3178 2590 3251 impiorum
2652 3185 2848 3238 metus
2896 3182 3184 3239 rationem
3237 3181 3550 3253 habentes,

119 3260 261 3340 φόϐῳ
309 3249 433 3322 τῶν
489 3260 711 3321 ἀσεϐῶν
764 3266 1154 3342 προσέχοντες,
1212 3267 1311 3336 τήν
1390 3249 1489 3321 τοῦ
1546 3272 1740 3341 Χριστο

1982 3265 2212 3322 clesiam
2243 3249 2458 3324 Christi
2491 3268 2732 3341 quotide
2777 3270 3084 3327 ﬂorentem
3127 3274 3184 3327 et
3231 3249 3549 3343 augescen;

119 3353 438 3426 Ἐκκλησίαν
473 3357 606 3420 καθ’
640 3352 848 3429 ἡμέραν
900 3355 1227 3425 εύθηνοῦσαν
1274 3352 1587 3429 ἐπροίκιζον
1619 3358 1735 3429 (74)
1770 3373 1783 3387 ·

113 3446 192 3496 καὶ
232 3444 321 3499 ὅτε
363 3447 399 3515 ἡ
431 3442 753 3513 Ἐκκλησία
785 3444 887 3498 ὑπὸ
943 3448 1050 3498 τῶν
1096 3441 1251 3499 ἰδίων
1313 3442 1655 3499 διδασκάλων
1708 3448 1787 3516 τῷ

113 3528 255 3606 λόγῳ
312 3532 544 3609 ἐγένετο
606 3530 1049 3607 τεθεμελιωμὲνη
1084 3531 1306 3601 ἱκανῶς,
1331 3533 1377 3587 εί
1418 3534 1507 3588 καὶ
1570 3534 1640 3587 τά
1688 3531 1792 3605 μά-

112 3618 259 3676 λιστα
313 3622 741 3699 συνεταράχθη,
795 3622 885 3676 καί
964 3622 1041 3684 ὡς
1124 3619 1404 3698 καταιγίδι
1474 3620 1791 3697 συνεσχὲΟη,

110 3713 210 3765 τῶν
236 3709 496 3768 διωκτῶν
564 3712 694 3766 τότε
747 3710 1122 3783 αὐξανομένων
1179 3715 1248 3786 τῇ
1306 3708 1578 3788 τυραννίδι
1617 3729 1629 3742 ⁸
1662 3710 1789 3765 τότε

109 3801 189 3853 καὶ
267 3804 410 3872 αὐτ-ἦ
507 3800 760 3874 μάλιστα
840 3804 1135 3877 Γερμανία,
1207 3803 1244 3869 ἡ
1308 3799 1521 3875 μεγάλη
1612 3799 1795 3874 χώρα,

113 3888 418 3963 θηριώδους
506 3887 903 3967 σκληρότητος
984 3889 1073 3944 καὶ
1161 3884 1406 3950 ἀσεϐείας
1466 3886 1795 3962 μετέχουσα,

113 3980 535 4056 ὁποτεταγμένῃ
629 3975 827 4054 καρδίᾳ
901 3978 991 4033 καὶ
1040 3977 1474 4054 κατανενυγμὲνῃ
1527 3978 1619 4031 τὸν
1675 3974 1801 4052 τρά-

111 4066 286 4141 χηλον
317 4070 536 4133 ἑαυτῆς
593 4071 676 4138 τῷ
723 4070 821 4122 τοῦ
864 4070 1097 4143 Χριστοῦ
1156 4072 1302 4142 ζυγῷ
1349 4067 1666 4138 ὑποθήσασα
1711 4064 1800 4120 καὶ

105 4154 504 4233 δεδιδαγμὲνη,
534 4153 739 4232 ἔχαιρε
792 4158 862 4229 τῇ
910 4159 1019 4210 τῶν
1084 4152 1427 4210 διδασκάλων
1474 4156 1803 4231 στερωθεῖσα

105 4246 295 4304 πίστει.
330 4250 440 4303 Καὶ
471 4248 645 4309 αὖθις
672 4243 1027 4321 κατὲῥριπτον
1052 4244 1119 4300 τά
1152 4242 1356 4301 εἶ’δωλα
1406 4244 1579 4299 αὐτῶν
1630 4244 1697 4299 τὰ
1747 4244 1805 4300 ὲκ

98 4344 192 4405 τῆς
218 4338 411 4393 αὐτῶν
436 4333 652 4406 ἐξόδου
683 4331 1111 4407 ᾠκοδομημένα,
1141 4333 1231 4388 καὶ
1258 4332 1460 4407 λιμένα
1519 4333 1804 4408 σωτηρίας

102 4425 371 4499 εὗρόντες,
408 4423 691 4480 ετῖδώλωι
723 4420 946 4499 ἔχαιρον
977 4421 1277 4487 ἀπολέσθαι
1308 4423 1375 4477 τά
1406 4420 1631 4499 ναυάγια
1666 4424 1801 4496 (75).

102 4513 355 4590 ’ίῗιθρηνει
387 4515 497 4571 οὖν
532 4512 673 4567 τότε
702 4514 737 4581 ἡ
765 4511 922 4587 μερὶς
945 4515 1229 4581 κινηθεῖσα
1258 4511 1355 4565 τοῦ
1388 4505 1677 4583 διαϐόλου,
1719 4508 1809 4566 ὅτε

103 4603 134 4669 ἡ
163 4605 438 4674 νικητικὴ
476 4598 801 4670 Ἐκκλησία
830 4604 1036 4655 πιστῶν
1070 4597 1298 4676 λεγεῶνι
1335 4596 1657 4670 ἐξενίκησεν.

170 4732 275 4787 Καὶ
332 4730 434 4785 ὅτε
494 4730 688 4784 ταῦτα
738 4723 985 4800 ἐγένοντο
1043 4723 1202 4799 θυμῷ
1260 4719 1528 4796 ἀσεϐείας,
1560 4725 1613 4780 οἱ
1658 4725 1801 4796 ὑπη-

106 4816 273 4892 ρέται,
336 4814 718 4892 σκληρότητι
803 4813 1133 4891 ἐξαφθὲντες,
1190 4808 1285 4868 ἵνα
1343 4811 1402 4868 ἇκ
1456 4812 1665 4868 τούτων
1707 4813 1798 4868 τὸν

107 4910 251 4985 ἅγιον
315 4904 511 4984 ἄνδρα
580 4902 867 4959 Διονύσιον
932 4902 1067 4975 μετά
1127 4898 1376 4977 μεγάλης
1433 4898 1655 4979 καρδίας
1715 4900 1807 4957 καὶ

106 4998 344 5058 πίστεως
398 4990 932 5066 κατατολμήσαντα
988 4994 1121 5065 (76),
1170 4990 1330 5047 αὐτὸν
1384 4988 1611 5062 ἰδόντες,
1643 5010 1809 5067 προσ-

106 5082 357 5151 ελθόντες
423 5083 607 5140 εἶπον
645 5099 656 5111 ·
692 5103 719 5131 ι(
783 5076 897 5137 Οὒκ
952 5078 998 5133 εἶ
1046 5077 1107 5133 σὺ
1140 5079 1168 5133 6
1220 5078 1506 5152 ἀνώνυμος
1552 5078 1747 5153 γὲρων,
1783 5079 1812 5134 6

102 5176 206 5230 τῶν
266 5180 420 5240 θεῶν
493 5174 684 5244 ἡμῶν
740 5168 803 5224 τὸ
852 5162 1010 5232 σέϐας
1041 5167 1294 5238 κενώσας,
1326 5166 1563 5230 καὶτοῖς
1623 5166 1814 5238 ἀκινή-

98 5285 211 5329 τοις
275 5263 587 5339 ἄρχουσιν
661 5256 1023 5330 ἀντιπίπτων,
1080 5256 1169 5312 καὶ
1221 5255 1289 5311 τὰ
1336 5253 1583 5331 δόγματα
1639 5255 1813 5310 αὐτῶν

109 5350 616 5426 ἀποϐαλλόμενος
653 5366 666 5415 ;
697 5346 832 5404 Εἰπὲ
887 5350 1002 5417 νῦν,
1051 5345 1198 5408 τίνος
1254 5346 1439 5401 ἑαυτὸν
1500 5343 1677 5423 λέγεις
1724 5344 1816 5400 τὰν

107 5443 327 5521 λάτριν,
362 5443 403 5513 ἢ
462 5437 659 5496 ποίαν
718 5434 1119 5510 ἐξομολόγησιν
1174 5441 1275 5505 τῆς
1335 5435 1529 5489 ἑαυτοῦ
1580 5435 1821 5505 ἐξουσίας

108 5536 461 5610 προγράφεις
498 5549 514 5598 ;
558 5550 593 5577 ιι
632 5522 777 5579 Τότε
806 5521 1001 5578 λοιπὸν
1036 5524 1185 5578 οὗτοι
1217 5524 1271 5577 οἱ
1308 5523 1697 5599 τρισμακάριοι
1733 5523 1823 5576 ἅν-

110 5621 250 5701 δρες,
318 5618 681 5680 Διονύσιος,
736 5612 1045 5677 Ῥούστικος
1121 5612 1212 5668 καὶ
1294 5611 1657 5689 Ἐλευθέριος,
1714 5617 1822 5667 τῶν

111 5699 280 5791 τριῶν
344 5708 592 5768 παιδων
660 5705 768 5757 τῶν
820 5699 873 5757 ἐν
938 5701 1153 5776 καμίνῳ
1230 5704 1326 5758 τοῦ
1372 5703 1546 5778 πυρὸς
1601 5722 1822 5779 περιπα-

1895 3358 2015 3411 tem
2049 3356 2348 3413 dotabant.
2382 3358 2453 3414 Et
2486 3374 2622 3414 cum
2671 3358 2931 3416 Ecclesia
2966 3378 3000 3416 a
3046 3360 3174 3416 suis
3210 3360 3551 3417 doctoribus

1897 3444 2000 3500 Dei
2031 3447 2205 3502 verbo
2236 3446 2383 3503 satis
2415 3447 2662 3504 fundata
2691 3448 2823 3520 fuit,
2855 3449 2964 3505 etsi
3021 3448 3275 3506 maxime
3323 3457 3551 3507 contur-

1900 3533 2038 3589 bata
2094 3539 2267 3606 esset,
2328 3539 2383 3591 et
2430 3536 2603 3607 quasi
2662 3540 3013 3608 tempestate
3067 3537 3335 3607 confusa,
3395 3538 3553 3610 quod

1902 3625 2028 3676 tum
2053 3626 2456 3693 persecutores
2489 3624 2800 3695 tyrannide
2822 3628 3151 3679 crescerent
3184 3649 3199 3693 ;
3240 3628 3367 3680 tum
3424 3623 3557 3696 ipsa

1904 3712 2079 3765 etiam
2112 3710 2422 3767 Germania
2457 3728 2672 3785 magna
2701 3711 2883 3784 regio,
2934 3729 3060 3785 quae
3112 3713 3367 3768 ferarum
3421 3728 3555 3767 cru-

1907 3798 2144 3854 delitate
2191 3804 2248 3854 et
2293 3800 2595 3875 impietate
2643 3804 2767 3857 erat
2813 3800 3077 3874 praedita,
3122 3818 3257 3857 cum
3308 3800 3554 3857 subacto

1908 3892 2379 3960 compunctoque
2406 3889 2601 3946 animo
2633 3890 2918 3946 cervicem
2952 3907 3122 3947 suam
3171 3889 3388 3947 Christi
3408 3890 3557 3962 jugo

1910 3975 2316 4047 submisisset,’
2362 3994 2428 4033 ac
2476 3977 2700 4033 domita
2740 3981 2915 4049 esset,
2983 3981 3403 4050 praeceptorum
3446 3976 3561 4033 ﬁde

1911 4065 2257 4123 confirmata
2288 4068 2623 4140 gaudebat,
2655 4071 2713 4124 et
2755 4069 2957 4140 postea
2996 4067 3336 4139 deiecerunt
3381 4065 3563 4122 simu-

1914 4155 2070 4211 lacra
2099 4172 2226 4223 sua,
2252 4173 2379 4229 quae
2406 4157 2478 4212 ab
2503 4156 2770 4229 ipsorum
2792 4155 3361 4225 discessuﬁadificata
3377 4160 3566 4227 erant,

1913 4244 2265 4319 inventoque
2298 4250 2471 4319 portu
2503 4246 2735 4317 salutis,
2760 4251 2957 4319 partes
2984 4244 3241 4319 reliquas
3270 4245 3565 4318 naufragii

1914 4333 2369 4391 simulacrorum
2402 4336 2649 4409 periisse
2697 4334 3069 4392 laetabantur.
3110 4335 3568 4392 Lamentabatur

1915 4438 2051 4496 ergo
2079 4428 2206 4479 tum
2229 4441 2366 4496 pars
2398 4424 2633 4481 sublata
2662 4424 2897 4494 diaboli,
2934 4442 3068 4481 cum
3112 4424 3315 4481 victrix
3361 4423 3566 4481 Eccle-

1917 4512 2004 4568 sia
2041 4512 2306 4570 ﬁdelium
2328 4511 2558 4587 legione
2589 4514 2826 4571 devicit.

1982 4725 2130 4782 Cum
2160 4725 2281 4782 hac
2308 4731 2472 4798 gesta
2502 4732 2643 4784 sunt
2665 4728 2863 4785 furore
2892 4728 3048 4785 400
3075 4726 3421 4801 impietatis,
3449 4726 3561 4784 mi-

1914 4812 2086 4870 nistri
2117 4813 2463 4872 crudelitate
2483 4816 2863 4888 inﬂammati,
2886 4833 3072 4873 unum
3090 4833 3159 4873 ex
3177 4816 3274 4874 his
3294 4819 3567 4873 sanctum

1915 4903 2107 4959 virum
2146 4902 2492 4976 Dionysium
2532 4905 2819 4976 videntes,
2863 4921 2999 4962 cum
3031 4921 3250 4979 magno
3279 4904 3477 4962 animo
3510 4908 3572 4960 et

1918 4991 2034 5047 ﬁde
2062 4996 2262 5048 contra
2292 4993 2627 5061 audentem,
2677 4993 2772 5051 his
2810 4993 3003 5051 verbis
3044 5011 3207 5062 eum,
3246 5010 3377 5051 cum
3415 5009 3575 5051 acce-

1921 5080 2118 5150 sisset,
2152 5087 2552 5139 convenerunt
2582 5099 2596 5140 :
2631 5104 2660 5135 «
2693 5082 2849 5139 Num
2880 5087 2945 5139 tu
2975 5099 3040 5140 es
3055 5082 3334 5156 ignobilis
3354 5081 3452 5139 ille
3480 5098 3573 5139 se-

1924 5186 2036 5226 nex
2065 5170 2166 5241 qui
2197 5170 2441 5227 deorum
2474 5175 2811 5229 nostrorum
2845 5169 3068 5229 cultum
3112 5171 3576 5245 religionemque

1926 5258 2246 5328 sustulisti,
2267 5265 2325 5315 et
2345 5259 2576 5316 invictis
2593 5260 2961 5333 principibus
2980 5261 3240 5334 obsistis,
3257 5277 3577 5335 eorumque

1928 5348 2118 5404 edicta
2149 5349 2481 5406 contemnis
2503 5350 2531 5405 ?
2560 5350 2662 5406 Dic
2694 5367 2874 5422 nunc,
2908 5350 3082 5422 cujus
3129 5355 3194 5408 tu
3233 5352 3318 5410 eis
3360 5351 3580 5420 cultor,

1929 5440 2030 5493 aut
2058 5453 2237 5509 quam
2268 5438 2573 5509 potestatis
2605 5442 2716 5495 tute
2750 5439 3176 5512 professionem
3216 5440 3512 5514 praferas.
3549 5462 3579 5491 »

1929 5530 2078 5582 Tum
2100 5542 2235 5598 ergo
2266 5525 2328 5581 hi
2359 5530 2449 5582 ter
2473 5527 2629 5583 beati
2658 5528 2791 5596 viri,
2823 5528 3161 5602 Dionysius,
3207 5529 3490 5587 Rusticus
3520 5533 3582 5586 et

1934 5615 2307 5673 Eleutherius
2328 5616 2511 5672 trium
2538 5634 2856 5692 puerorum
2880 5618 2939 5675 in
2968 5618 3203 5676 fornace
3221 5618 3583 5693 ignisinam-

1941 5703 2275 5762 bulantium
2308 5704 2520 5778 spiritu
2552 5705 2729 5780 pleni,
2762 5711 2822 5765 et
2850 5708 3219 5781 muneribus,
3269 5708 3439 5783 quasi
3465 5725 3584 5767 uno
