3930 6202
487 310 595 365 679

1718 312 1776 363 s.
1818 308 2132 363 mom'sn
2167 305 2668 363 ABEOPAGI’I‘B.
3254 293 3257 295 ’
3688 317 3761 373 om

418 432 421 437 Γ
488 448 585 491 ore
615 432 726 489 hoc
755 448 1105 505 responsum
1145 430 1551 503 rogationibus
1581 430 1869 485 dederunt
1899 446 1913 485 :
1946 451 1975 479 ‹‹
2002 430 2109 485 Ser

2248 424 2481 480 τούντων
2512 430 2592 497 τῷ
2639 426 2905 500 πνεύματι
2963 425 3430 501 ἀμπιπλώμενοιω
3453 433 3529 485 καὶ
3562 439 3653 497 τοῖς
3691 455 3763 512 χι..

428 572 435 581 ,
486 523 643 578 vitus
672 528 873 577 nostra
902 518 1370 576 Christianorum
1412 518 1527 593 legi
1571 519 1816 577 subacta
1862 535 1990 574 esse
2035 532 2132 573 co-

484 611 805 683 gnoscitur.
838 614 1041 682 Itaque
1072 625 1247 680 quem
1280 609 1646 681 profitemur,
1676 624 1808 664 eum
1832 606 2005 680 plane
2027 622 2132 661 au-

484 699 647 755 ribus
675 698 886 754 vestris
925 698 1294 754 insonamus.
1327 697 1691 754 Conﬁtemur
1719 697 1875 752 enim
1893 700 1953 751 et
1982 711 2131 766 prae-

483 789 751 845 dicamus
776 792 1032 855 Patrem,
1079 787 1291 843 Filium
1349 792 1407 842 et
1472 785 1757 858 Spiritum
1811 788 2126 841 sanctum:

483 880 714 932 Patrem
736 874 1087 948 ingenitum,
1116 875 1323 930 Jesum
1373 892 1408 930 a
1449 873 1574 930 solo
1623 874 1795 931 Patre
1840 873 2128 945 genitum,

481 965 769 1037 Spiritum
798 973 1090 1030 sanctum,
1123 963 1224 1035 qui
1246 963 1475 1019 a'Patre
1502 963 1786 1035 procedit.
1820 984 1850 1014 »
1882 963 1965 1018 Ad
2006 961 2129 1017 ham

479 1053 647 1126 impii
677 1057 1080 1125 persecutores
1096 1057 1154 1108 et
1183 1052 1414 1124 tyranni
1437 1052 1640 1108 beatos
1665 1050 2128 1122 interrogabant,

478 1142 572 1199 his
601 1142 794 1199 verbis
828 1158 841 1197 :
879 1161 907 1194 ι
935 1132 1086 1213 Ergo
1115 1140 1446 1213 principum
1482 1146 1819 1196 nostrorum
1858 1138 2126 1195 edictum

479 1249 512 1287 a
541 1230 709 1287 vobis
738 1228 1155 1298 contemnitur,
1190 1228 1533 1301 despicitur,
1560 1244 1665 1284 nec
1690 1231 1883 1285 vestra
1899 1226 2128 1283 confes-

477 1319 564 1375 sio
595 1319 946 1376 iuvictorum
964 1319 1207 1374 deorum
1221 1317 1553 1374 auctoritati
1575 1315 1968 1391 potestatique
1984 1315 2125 1371 sub-

466 1410 694 1480 jieitur.
725 1427 751 1460 ιι
795 1406 990 1463 Sancti
1021 1410 1239 1474 autem,
1272 1411 1339 1463 ut
1359 1422 1540 1479 supra
1582 1406 1804 1461 dictum
1855 1408 1964 1469 est,
2007 1420 2123 1459 uno

475 1497 673 1555 animo
705 1496 1139 1568 responderunt
1177 1493 1286 1549 hoc
1317 1496 1491 1551 modo
1526 1510 1539 1550 :
1574 1516 1604 1545 ‹‹
1655 1493 1730 1550 Ut
1758 1492 1932 1566 paulo
1987 1495 2124 1547 ante

472 1586 752 1653 diximus,
785 1584 1087 1641 Christum
1114 1584 1321 1641 Jesum
1354 1587 1562 1639 natum
1585 1599 1655 1638 ex
1680 1582 1863 1639 Maria
1882 1581 2123 1654 Virgine

473 1674 635 1733 omni
656 1673 871 1747 populo
901 1689 1033 1731 vere
1047 1671 1495 1741 annuntiantes,
1514 1672 1898 1744 praedicantes
1919 1674 2123 1727 contra

470 1764 756 1819 audentes
786 1766 844 1818 et
872 1761 1184 1829 credimus,
1216 1765 1273 1817 et
1301 1761 1670 1834 proﬁtemur,
1689 1766 1742 1817 et
1757 1758 2117 1817 orelaudare

2246 512 2524 588 ρίσμασιν,
2554 514 2629 577 ὡς
2687 513 2736 587 ἐξ
2794 515 2912 577 ἑνὸς
2962 514 3228 588 στόματος
3265 516 3495 588 τοιάὖτην
3540 524 3626 575 τῶν

2240 602 2459 657 τώντων
2490 605 2560 640 σε·
2582 599 2789 659 ἔδωκαν
2820 604 3106 679 ἀπόκρισιν
3138 622 3153 637 ⁸
3185 628 3214 656 ‹‹
3244 602 3498 670 Δοόλωσις
3522 610 3648 680 ἡμῶν
3674 617 3763 685 Χριι

2240 695 2470 746 στιανῶν
2503 693 2658 765 νόμῳ
2698 693 3014 769 γινώσκεται
3063 690 3452 767 δεδουλωμένη.
3487 696 3663 753 Ὂθτινα
3702 699 3762 754 οὖν

2241 778 2741 855 ἰξομολογούμεθα,
2791 786 3037 860 φανερῶς
3091 787 3208 845 τοῖς
3259 782 3382 838 ὠσὶν
3432 784 3563 857 ὑμῶν
3600 784 3766 862 ἔνηχοό-

2242 890 2361 942 μεν.
2420 870 2937 946 Ἐξομολογοόμεθα
2994 870 3097 947 γάρ
3176 874 3263 926 καὶ
3325 872 3640 947 κηρύσσομεν,
3675 878 3765 939 καθὸ

2237 958 2327 1013 καὶ
2355 959 2705 1033 πιστεύομεν,
2738 960 2949 1035 Πατέρα
2977 960 3068 1016 καὶ
3100 961 3221 1017 Ἰὶὸν
3275 961 3361 1016 καὶ
3408 967 3597 1035 Πνεῦμα
3625 965 3763 1038 ἅγιον·

2238 1046 2449 1119 Πατέρα
2505 1048 2825 1123 ἀγέννητον,
2883 1049 3005 1104 Υἱὸν
3077 1047 3138 1104 ἐκ
3206 1048 3367 1122 μόνου
3422 1052 3600 1126 Πατρὸς
3641 1072 3768 1125 γεννη-

2237 1133 2414 1206 θέντα,
2447 1137 2534 1191 καὶ
2569 1141 2792 1210 Πνεῦμα
2821 1139 2972 1211 ἅγιον
3021 1138 3082 1194 ἐκ
3138 1140 3312 1201 Ηατὸς
3362 1137 3767 1216 ἐκπορευόμενον.»

2237 1224 2383 1298 Πρὸς
2435 1228 2605 1279 ταῦτα
2662 1226 2713 1279 οἱ
2773 1219 2984 1288 ἀσεϐεῖς
3035 1226 3257 1281 ὃιῶκται
3299 1226 3386 1283 καὶ
3434 1227 3647 1304 τύραννοι
3683 1226 3767 1288 τοὺς

2238 1311 2539 1389 μακαρίους
2605 1313 2929 1390 ἐπηρώτων,
2988 1314 3163 1389 ἁγίοις
3236 1320 3447 1372 τοιαῦτα
3512 1314 3769 1391 ἀποφθεγγόο

2238 1420 2411 1475 μενον
2448 1427 2475 1453 ‹‹
2538 1401 2644 1459 Καὶ
2674 1401 2867 1457 λοιπὸν
2899 1407 3008 1458 τῶν
3064 1403 3343 1480 ἀρχόντων
3393 1406 3537 1477 ἡμῶν
3587 1404 3629 1475 ἐξ
3669 1405 3769 1476 ὑμῶν

2233 1496 2647 1569 καταφρονεῖται
2706 1493 2742 1561 ἡ
2800 1490 3070 1565 κέλευσις,
3125 1488 3530 1569 παραϐλέπεται,
3577 1491 3648 1547 καὶ
3702 1492 3774 1567 οὐχ

2231 1581 2266 1650 ἡ
2304 1581 2537 1657 ὑμετέρα
2568 1580 2969 1657 ἐξομολόγησις
2997 1587 3105 1638 τῶν
3164 1584 3426 1655 ἀνικήτων
3475 1585 3591 1638 θεῶν
3627 1585 3680 1655 τῇ

2230 1669 2385 1740 ουσία
2412 1669 2713 1729 ὑπόκειται.
2743 1694 2772 1724 »
2805 1672 2867 1726 Οἱ
2926 1668 2985 1726 δὶ
3040 1672 3206 1747 ἅγιοι,
3239 1674 3314 1736 ὡς
3359 1672 3583 1748 ἀνωτὲρω
3608 1670 3772 1745 εἴρηται,

2229 1756 2283 1812 ἐν
2320 1763 2419 1831 μιᾷ
2465 1763 2621 1835 ψυχῇ
2652 1758 3053 1836 ἀποκριθέντες,
3105 1761 3257 1817 εἶπον
3283 1781 3297 1794 ·
3333 1786 3362 1814 ι(
3391 1762 3473 1824 Ὠς
3522 1761 3775 1837 «potentia,

475 1868 594 1909 non
625 1850 995 1909 desistimus.
1029 1850 1092 1907 In
1126 1850 1233 1907 hac
1276 1855 1615 1906 sanctorum
1657 1848 1915 1905 virorum
1930 1848 2043 1904 fide
2062 1851 2109 1903 et

2225 1822 2626 1922 Χρίστδν
2678 1822 2824 1918 Υίὸνι,
2854 1822 3177 1926 γεννηθίντα
3224 1849 3285 1906 ἐκ
3327 1822 3574 1927 Παρθένου
3610 1822 3774 1924 hichinc;

472 1939 802 2014 apostolatu
833 1938 1051 1996 firmati
1082 1954 1543 2011 perseveremus.
1580 1960 1605 1987 η
1641 1942 1715 1996 At
1736 1936 1899 2010 impii
1922 1953 2114 2010 perse-

470 2033 703 2086 cutores
732 2033 791 2086 et
820 2028 1052 2101 tyranni
1084 2044 1220 2084 cum
1252 2045 1491 2099 parvam
1524 2027 1929 2084 remissionem
1973 2042 2112 2082 con-

468 2119 809 2186 cessissent,
832 2119 1137 2174 beatarum
1162 2117 1477 2187 cervicum,
1512 2132 1637 2187 quae.
1675 2119 1915 2188 propter
1953 2113 2111 2169 Chri-

466 2208 543 2264 sti
574 2208 751 2264 ﬁdem
784 2210 997 2280 paratae
1015 2211 1202 2273 erant,
1227 2204 1422 2278 gladio
1443 2205 1638 2277 capita
1658 2205 2113 2277 amputaverunt

466 2297 778 2353 reddentes
809 2299 978 2353 terra,
1005 2311 1239 2366 copora,
1272 2294 1460 2351 beatis
1490 2293 1703 2351 animis
1741 2293 1884 2349 coelo
1914 2291 2109 2349 reddi-

463 2386 543 2442 tis
575 2404 590 2454 ;
622 2384 919 2443 declarata
947 2389 1146 2441 autem
1180 2388 1385 2440 sancta
1405 2383 1663 2440 bonitate
1683 2399 1785 2456 per
1824 2385 2109 2454 martyres

464 2491 717 2547 quorum
760 2473 960 2530 anima
1010 2472 1187 2529 simul
1226 2489 1361 2529 cum
1421 2489 1659 2544 corpore
1705 2472 1919 2528 tradita
1974 2471 2105 2526 fuit.

426 2560 429 2561 ⁷
460 2564 607 2619 Nam
639 2579 774 2619 cum
802 2578 1065 2633 corpore,
1097 2562 1408 2632 praecisum
1459 2566 1641 2634 caput
1679 2558 1966 2633 magistri,
1990 2559 2107 2616 illis

459 2650 560 2722 qui
589 2650 702 2706 fide
731 2650 931 2707 videre
963 2653 1258 2721 poterant,
1291 2666 1425 2705 cum
1459 2649 1665 2722 lingua
1689 2649 1931 2705 Domino
1964 2664 2106 2705 con-

458 2739 632 2808 fiteri,
659 2738 941 2795 utvivum
972 2742 1031 2794 et
1079 2737 1491 2811 progrediens,
1519 2737 1847 2793 videbatur.
1887 2739 1932 2792 Ο
1978 2752 2108 2793 vere

456 2827 627 2883 beata
657 2825 1001 2894 multitudo,
1025 2831 1085 2882 et
1114 2825 1362 2883 Domino
1395 2829 1595 2881 nostro
1626 2825 1684 2880 in
1735 2825 1928 2898 gratia
1973 2841 2105 2880 rur-

2221 1936 2383 1992 παντὶ
2445 1939 2525 2010 τῷ
2586 1936 2708 2011 λαῷ
2758 1936 2984 2010 ἀληθῶς
3038 1939 3560 2016 προαναγγέλλοντες
3600 1939 3672 1993 καὶ
3710 1957 3777 2016 mf

2224 2024 2537 2099 ρύσσοντες,
2591 2025 3046 2101 κατατολμῶντες
3086 2015 3191 2084 καὶ
3246 2015 3550 2102 πιστεύομεν
3591 2029 3678 2101 (77)
3718 2015 3778 2078 κιί

2220 2112 2722 2191 ἑξομολογούμεθα,
2779 2116 2870 2170 καὶ
2926 2118 3156 2191 στόματι
3215 2118 3278 2174 οὗ
3347 2115 3674 2189 κσταπαῦομεν
3717 2111 3772 2166 εί-

2216 2207 2456 2266 νοῦντες.
2502 2205 2600 2259 .Ἐν
2659 2204 2827 2280 ταύτῃ
2880 2209 2949 2280 τῇ
3009 2211 3115 2262 τῶν
3146 2208 3313 2283 ἁγίων
3346 2204 3511 2283 ἀδρῶν
3533 2204 3673 2261 πίστει
3712 2199 3772 2255 καὶ

2220 2290 2506 2367 ἀποστολῇ
2566 2292 3033 2368 ἐνδυναμωθὲντες
3091 2281 3432 2370 διαμένωμεν
3488 2296 3603 2367 (78).
3647 2290 3700 2349 Ol
3737 2281 3775 2342 δὲ

2219 2375 2431 2445 ἀσεϐεῖς
2488 2378 2715 2437 διῶκτοιι
2767 2383 2855 2437 καὶ
2901 2385 3179 2458 τύραννοι,
3230 2385 3424 2459 μικράν
3469 2383 3619 2438 ἄνεσιν
3657 2373 3775 2433 δεδω-

2216 2469 2369 2529 κότες
2398 2473 2532 2545 (79),
2562 2476 2672 2527 τῶν
2710 2472 2988 2549 μακαρίων
3041 2473 3369 2550 τραχήλων,
3400 2472 3484 2528 διὰ
3522 2472 3606 2540 τήν
3650 2466 3775 2523 πίστιν

2214 2563 2312 2614 τοῦ
2351 2564 2595 2634 Χριστοῦ
2640 2560 3096 2635 ἐτοιμασθέντων,
3128 2562 3272 2641 ξίφει
3321 2564 3575 2635 ἀπέκοψαν
3611 2557 3687 2620 τᾶς
3717 2575 3777 2610 κε·

2216 2646 2412 2725 φαλάς,
2443 2646 2800 2711 ἀποδιδόντες
2827 2654 2895 2724 τῇ
3019 2651 3086 2706 τὰ
3141 2651 3395 2725 σώματα,
3421 2655 3517 2705 τῶν
3570 2641 3776 2720 μακαρίων

2214 2740 2408 2812 ψυχῶν
2435 2743 2523 2810 τῷ
2544 2737 2758 2815 οὖρανῷ
2781 2736 3177 2804 ἀποδοθεισῶν.
3211 2739 3603 2816 Φανερωθείσης
3636 2732 3681 2790 δὲ
3712 2733 3780 2793 τῆς

2214 2824 2368 2899 ἁγίας
2416 2822 2754 2901 ἀγαοότητος
2800 2832 2918 2890 τοῖς
2976 2829 3268 2902 μάρτυσιν,
3318 2829 3391 2883 ὧν
3447 2823 3631 2881 δίδοται
3666 2816 3781 2890 ἠνί-

458 2931 593 2970 sum
624 2915 977 2986 desponsata
1000 2914 1012 2969 ι
1037 2932 1070 2971 o
1092 2919 1296 2970 saneta
1316 2912 1746 2984 laudabilisque
1767 2913 2106 2970 fraternitas

2225 2935 2281 2984 ιη
2313 2916 2358 2951 ⁸³
2390 2915 2525 2988 μετά
2551 2919 2647 2970 τοῦ
2694 2916 2951 2989 σώματος
2982 2919 3118 2991 (80),
3148 2917 3520 2991 ἀποτμηθεῖσα
3556 2914 3587 2981 ἡ
3624 2905 3779 2985 κερσλή

454 3019 674 3073 eorum,
700 3002 761 3057 in
793 3002 1009 3074 quibus
1039 3019 1146 3058 nec
1190 3002 1422 3074 primus
1478 3002 1776 3057 secundus
1823 3018 1954 3058 esse
2000 3019 2102 3074 po-

2225 3006 2307 3057 εοῦ
2335 3000 2666 3058 διδασκάλου
2693 3007 2757 3077 7°,
2784 2999 3047 3060 ἰϐλὲπετο
3098 3004 3331 3068 ἐκείνοις
3371 3010 3484 3066 τοῖς
3535 2999 3780 3071 δυναμένοις

452 3095 586 3158 test,
617 3106 724 3146 nec
767 3089 1005 3146 tertius!
1046 3090 1149 3146 sed
1199 3094 1414 3145 sanctas
1477 3090 1787 3146 Trinitatis
1854 3090 2101 3163 gloriam

2225 3091 2387 3146 πίστει
2419 3088 2546 3167 δρᾷν
2576 3091 2663 3146 καὶ
2720 3091 2946 3168 γλώσσῃ
3009 3093 3189 3171 Κυρίῳ
3254 3094 3538 3169 ὁμολογεῖν
3579 3089 3639 3151 ὡς
3680 3089 3783 3155 ζῶσα

450 3180 793 3253 profitentes
841 3195 957 3235 uno
1028 3178 1261 3234 circiter
1308 3196 1340 3235 a
1381 3178 1626 3234 civivate
1686 3178 1982 3250 milliario,
2043 3180 2102 3236 in

2225 3180 2308 3236 καὶ
2364 3176 2754 3257 προϐαίνουσα.
2803 3184 2869 3237 Ὢ
2926 3180 3149 3254 ἀληθῶς
3200 3184 3441 3260 μακαρία
3489 3177 3686 3251 πληθὺς,
3719 3170 3781 3227 καὶ

453 3285 630 3340 parvo
652 3266 797 3324 colle
826 3266 1104 3339 martyrio
1133 3266 1299 3339 digni
1348 3266 1571 3338 fuistis,
1621 3267 1806 3324 sancti
1853 3269 2040 3325 ell'ecti
2072 3286 2108 3326 a

2225 3273 2295 3342 τῷ
2352 3269 2539 3346 Κυρίῳ
2585 3273 2746 3343 ἡμῶν
2806 3271 2857 3326 ἐν
2916 3276 2985 3345 τῇ
3015 3272 3204 3348 χάριτι
3258 3260 3782 3348 ἀναμεμνημένηβί)ι

450 3365 656 3414 sancta
687 3357 787 3414 Tri
798 3357 998 3413 nitate.

2225 3360 2280 3412 Ὠ
2312 3357 2440 3433 ἀγία
2472 3360 2559 3414 καὶ
2626 3358 2877 3429 ἐπαινετή
2931 3357 3266 3438 ἀδελφότης,
3300 3361 3351 3416 ἐν
3416 3362 3491 3422 οἷς
3539 3355 3641 3412 οὔτε
3675 3353 3785 3438 apii-

455 3467 549 3509 τος
597 3444 847 3521 δεύτερος
898 3441 1117 3500 δύναται
1176 3442 1445 3519 γενέσθαι,
1479 3441 1603 3499 οὔτε
1658 3445 1861 3521 τρίτος,
1897 3443 2043 3500 ἀλλά
2092 3452 2194 3516 τῆς
2256 3447 2413 3522 ἁγίας
2468 3445 2704 3523 Τριάδος
2743 3449 2843 3517 τὴν
2876 3446 3030 3522 δόξαν
3077 3435 3669 3525 ἓξομολογούμενοι,ὡς
3711 3435 3783 3494 ἀπὸ

457 3533 688 3609 σημείου
746 3534 863 3597 ἑνὸς
916 3540 1017 3604 τῆς
1075 3530 1292 3595 πόλεως
1350 3534 1463 3607 (82)
1517 3532 1593 3595 εἰς
1653 3534 1846 3610 μικρὸν
1903 3534 2092 3610 βουνὸν
2127 3532 2265 3606 ἄξιοι
2314 3536 2571 3613 γεγόνατε
2623 3537 2923 3612 μαρτυρίου
2955 3536 3046 3593 διά
3083 3545 3183 3608 τῆς
3230 3540 3385 3615 ἁγίας
3429 3532 3635 3613 Τριάδος
3675 3532 3784 3602 ἀγια·
3890 3560 3891 3615 ἦ

459 3624 691 3689 σθὲντες.

521 3715 806 3771 Jacebant
833 3729 972 3786 ergo
1002 3712 1060 3768 in
1093 3712 1259 3769 collis
1290 3712 1594 3768 cacumine
1623 3716 1834 3769 trunca
1863 3729 2109 3785 corpora

453 3802 578 3858 sine
611 3803 851 3871 honore,
875 3801 1167 3874 completa
1189 3817 1291 3856 seu
1314 3801 1540 3872 integra
1564 3800 1781 3857 Christi
1806 3802 2105 3873 martyrio,

452 3891 952 3962 quemadmodum
987 3891 1058 3946 de
1090 3891 1265 3947 rebus
1297 3889 1511 3945 futuris
1538 3889 1935 3961 praedixerunt
1973 3907 2104 3962 pro-

454 3979 681 4049 phctea:
730 3981 878 4037 401
928 3981 1176 4035 Pretiosa
1222 3980 1279 4033 in
1331 3985 1619 4051 conspectu
1687 3979 1913 4034 Domini
1959 3995 2106 4036 mors

448 4074 766 4122 sanctorum
794 4068 931 4136 ejus.
957 4068 1098 4123 Cum
1124 4068 1307 4139 igitur
1335 4070 1410 4135 (ο)
1425 4068 1601 4123 etiam
1634 4066 1929 4123 declarata
1947 4072 2106 4124 esset

454 4157 782 4225 martyrum
813 4158 989 4224 atque
1006 4153 1266 4226 episcopi
1298 4155 1555 4226 dignitas
1582 4160 1639 4210 et
1660 4155 1846 4227 gloria
1864 4162 2105 4228 propter

451 4241 773 4298 salutarem
804 4242 1074 4312 magistri
1108 4242 1307 4308 ﬁdem,
1338 4258 1465 4312 quae
1495 4242 1896 4298 reﬂoruisset:
1929 4243 2104 4316 cmpit

452 4331 684 4388 fructus
713 4330 877 4399 oriri,
912 4334 1084 4402 atque
1118 4346 1223 4402 per
1246 4329 1413 4385 illum
1445 4332 1720 4402 majorem
1754 4332 1935 4388 fuisse
1975 4332 2103 4405 glo-

452 4420 599 4475 riam
632 4434 835 4476 eorum
869 4418 972 4491 qui
1005 4434 1108 4490 per
1136 4417 1399 4490 martyrii
1431 4418 1525 4473 sui
1567 4418 1873 4475 victoriam
1923 4419 2100 4475 simul

451 4511 633 4564 erant.
669 4507 830 4564 Beati
850 4511 1045 4563 autem
1074 4505 1332 4578 Dionysii
1350 4510 1408 4563 et
1429 4506 1724 4579 pontificis
1746 4507 2100 4565 honorantes

453 4598 823 4670 martyrium,
854 4599 1124 4652 sanctum
1153 4595 1283 4667 ejus
1312 4594 1441 4652 sine
1462 4594 1660 4651 animo
1692 4612 1903 4668 corpus
1942 4596 2099 4653 exci-

2286 3718 2533 3768 ’Έκειντο
2593 3711 2683 3767 οὖν
2740 3713 2818 3776 εἰς
2863 3714 2963 3783 τὴν
3020 3716 3268 3792 κορυφὴν
3332 3720 3428 3771 τοῦ
3476 3713 3648 3790 βουνοῦ
3690 3706 3785 3762 ἀπο·

2212 3802 2491 3875 τμηθέντα
2537 3802 2765 3875 σώματα
2819 3802 3081 3877 ἀτίμητα,
3121 3803 3527 3880 πεπληρωμένα
3573 3804 3640 3872 τῷ
3688 3814 3787 3870 μεθ’

2210 3891 2383 3966 τυρίῳ
2411 3894 2509 3945 τοῦ
2538 3892 2772 3966 Χριστοῦ
2795 3894 2931 3965 (83),
2961 3891 3141 3955 καθὼς
3194 3892 3572 3969 προελάλησαν
3611 3888 3655 3943 οἱ
3691 3904 3787 3958 προ·

2213 3985 2378 4056 φῆται
2434 3978 2559 4055 περὶ
2616 3983 2721 4033 τῶν
2788 3977 3131 4052 μελλόντων,
3187 3980 3274 4036 ὅτι
3348 3979 3544 4054 Τίμιος
3608 3971 3785 4031 ἐναντίον

2211 4067 2417 4143 Κυρίου
2489 4067 2516 4121 ὁ
2575 4066 2795 4130 θάνατος
2881 4072 2988 4123 τῶν
3072 4070 3235 4125 ὁσίων
3320 4071 3503 4127 αὑτοῦ.
3557 4068 3659 4124 Ἔτι
3724 4057 3789 4114 οὖν

2210 4155 2614 4232 φανερωοείσης
2640 4160 2747 4210 τῶν
2801 4156 3091 4232 μαρτύρων
3149 4157 3241 4213 καὶ
3300 4159 3489 4233 ἱερέως
3539 4154 3790 4228 ⁷⁸(84)τῆς

2209 4243 2358 4314 ἀξίας
2390 4245 2478 4299 καὶ
2507 4247 2606 4314 τῆς
2637 4241 2988 4315 ἐνδοξότητος
3031 4243 3124 4301 διά
3152 4248 3251 4317 τήν
3304 4242 3687 4323 σωτηριοφόρον
3720 4239 3793 4291 τοῦ

2210 4328 2541 4389 διδασκάλου
2599 4332 2968 4404 ὲπανϐήσασαν
3041 4335 3246 4393 πίστιν.
3318 4335 3516 4407 ἤρξατο
3562 4334 3588 4388 ὁ
3637 4324 3793 4401 καρπὸς

2209 4420 2507 4493 ἀνατεῖλαι,
2539 4420 2628 4476 καὶ
2681 4422 2870 4496 ἐκείνῳ
2923 4422 3091 4479 πλέον
3152 4421 3309 4498 δόξαν
3363 4415 3793 4501 γενέσθαι,δὰτοῦ

2210 4510 2506 4586 μαρτυρίου
2538 4512 2729 4566 ἑαυτοῦ
2779 4513 2878 4581 τὴν
2927 4513 3086 4583 νίκην
3144 4517 3251 4569 τῶν
3286 4512 3549 4568 συνόντων
3581 4511 3693 4584 (85).
3714 4502 3793 4559 Τοὗ

2210 4599 2474 4677 μακαρίου
2533 4597 2589 4655 δὲ
2646 4600 2927 4655 Διονυσίου
2982 4603 3073 4656 καὶ
3126 4601 3434 4679 ἀρχιερέως
3487 4603 3716 4674 τιμῶντες
3748 4587 3793 4644 τὸ

447 4689 638 4742 tatum
656 4702 786 4742 esse
807 4685 1124 4741 credimus.
1150 4684 1378 4740 Etenim
1403 4685 1573 4741 beata
1598 4701 1775 4741 manu
1797 4703 1906 4741 sua
1926 4690 2101 4757 caput

2225 4687 2528 4764 εαρτύριον,
2580 4688 2644 4743 τὸ
2703 4690 2855 4764 ἅγιον
2905 4690 3073 4745 αὐτοῦ
3130 4687 3254 4747 ἄνευ
3312 4694 3497 4767 ψυχῆς
3551 4693 3688 4760 σῶμα
3730 4700 3793 4734 πι-

449 4791 519 4830 ex
547 4790 786 4846 corpore
815 4791 850 4830 a
878 4773 1123 4829 nefariis
1162 4772 1504 4830 hominibus
1551 4774 1745 4846 gladio
1788 4774 2095 4846 praecisum

2225 4773 2461 4848 ττεύομεν
2522 4774 2804 4853 ἐγηγὲρθαι
2839 4794 2853 4809 ·
2885 4776 2976 4833 καὶ
3006 4780 3108 4855 γάρ
3138 4783 3206 4853 τῇ
3260 4778 3502 4856 μακαρίᾳ
3543 4774 3673 4854 χειρὶ
3706 4771 3793 4825 tau-

450 4862 727 4933 sumpsit,
749 4867 807 4918 et
822 4878 1177 4933 suspensum
1201 4863 1440 4920 brachio
1463 4863 1770 4936 amplexus
1792 4867 1902 4932 est,
1922 4868 2098 4936 atque

2225 4866 2303 4918 τοῦ
2333 4864 2430 4933 τήν
2461 4863 2702 4942 κεφαλὴν
2734 4864 2839 4920 ἀπὸ
2870 4870 2965 4921 τοῦ
3006 4865 3259 4940 σώματος
3311 4868 3418 4923 ὑπὸ
3474 4872 3574 4922 τῶν
3624 4861 3792 4931 ἀνόμων

449 4967 484 5005 a
512 4950 680 5007 collis
708 4952 924 5007 vertice
948 4951 1064 5006 duo
1096 4950 1376 5007 milliaria
1408 4950 1581 5023 plena
1603 4951 1737 5007 forti
1767 4950 1963 5008 animo
1996 4969 2098 5024 pe-

2225 4955 2284 5024 τῷ
2332 4950 2467 5029 ξίφει
2521 4953 2928 5027 ἀποτμηθεῖσαν
2987 4950 3170 5026 ἔλαϐε,
3228 4957 3317 5012 καὶ
3372 4954 3694 5030 κρεμαμένην
3736 4943 3793 5014 τῷ

449 5038 622 5096 dibus
653 5039 993 5111 ingrediens
1024 5039 1531 5112 portavit.Novum
1550 5040 1808 5112 profecto
1829 5058 1895 5096 ac
1909 5044 2099 5113 poste-

2225 5039 2463 5114 ipzxiow
2503 5039 2917 5116 ἐνηγκαλίσατο,
2950 5042 3038 5099 καὶ
3070 5044 3176 5099 ἀπὸ
3205 5048 3305 5111 τῆς
3364 5050 3464 5101 τοῦ
3513 5043 3685 5119 βουνοῦ
3727 5052 3796 5119 ξιοε

446 5127 530 5184 ris
543 5127 1054 5200 deprudicandum
1069 5145 1135 5184 ac
1149 5127 1727 5185 famacelebrandum
1746 5128 2094 5184 miraculum

2225 5135 2384 5203 δ’δφῆς
2409 5126 2504 5184 δύο
2540 5130 2698 5204 μίλια
2728 5130 2952 5206 πλήρης
2983 5134 3029 5170 ⁷³
3055 5131 3108 5188 ἒν
3160 5132 3317 5208 ἶσχῦϊ
3358 5138 3478 5196 τοῖς
3514 5116 3663 5186 ’ποσὶν
3702 5116 3797 5178 €55-

446 5325 521 5399 (ο)
550 5324 704 5381 Psal.
737 5340 863 5394 cxv,
886 5326 977 5379 25.

1441 5452 1688 5508 VARIIE
1736 5453 2131 5511 LECTIONES
2180 5456 2273 5513 ET
2304 5454 2855 5513 CORRECTIONES.

517 5592 562 5627 ⁸⁸
593 5587 1024 5662 ἐμπιπλάμενοι.
1099 5593 1168 5628 53'
1198 5597 1313 5653 τοῖς
1342 5590 1607 5665 ἐρωτῶσι.
1684 5596 1729 5631 ⁸³
1757 5597 1934 5671 ψυχή.
2010 5599 2056 5635 το
2083 5595 2405 5675 ἀρχιερέως.
2482 5601 2526 5638 τι
2559 5595 2882 5674 ἀρχιερέως.
2958 5599 3005 5635 ⁷³
3032 5596 3241 5671 πλήρη.
