3930 6202
237 375 323 430 681

1263 373 1722 437 MARTYRIUM,
1766 374 2102 429 AUCTORE
2139 373 2536 430 METEODIO.

3497 380 3605 436 682

234 516 388 561 στασε,
416 492 523 546 νέον
552 491 642 544 καὶ
696 491 926 566 ἀρχαῖον
985 490 1074 546 καὶ
1118 496 1235 553 τοῖς
1289 494 1574 564 μετέπειτα
1622 491 1838 562 ἐξάκου-

2019 511 2167 566 rpus
2198 509 2328 550 esse
2358 495 2486 552 sine
2516 497 2712 554 animo
2742 505 2795 554 et
2842 501 3034 572 capite
3063 501 3218 573 quod
3247 502 3360 558 vivi
3416 504 3607 561 instar

236 606 340 640 στον
382 584 546 654 θαῦμα
603 581 714 652 (86)
742 581 866 634 ἄνευ
921 583 1106 656 ψυχῆς
1165 579 1254 636 καί
1284 579 1526 659 κεφαλῆς
1561 587 1742 656 σῶμα,
1775 585 1848 645 ὡς

235 678 324 742 ζῶν
367 670 566 746 τρέχειν
617 668 751 722 κατὰ
809 669 872 722 τὸ
921 666 1061 737 ἔθος,
1095 670 1181 723 καὶ
1238 667 1516 746 ἄνθρωπον
1550 672 1848 741 τεθνηκότα

233 762 454 835 ἰσχυροῖς
482 751 788 831 προϐαίνειν
822 755 1026 832 ἴχνεσι.
1069 761 1190 815 Τῶν
1227 759 1509 834 μακαρίων
1541 760 1634 812 οῦν
1681 758 1844 814 πάλιν

227 847 510 907 Ῥουστίκου
565 845 657 936 καὶ
716 845 1058 936 Ἐλευθερίου
1127 842 1452 936 φοϐηθέντες
1506 849 1557 902 οἱ
1610 844 1846 936 ἀσεϐεῖς⁷

230 942 291 1012 μή
337 958 445 998 πως
488 934 829 996 συνελθόντες
873 933 998 990 λαοί
1045 935 1219 990 πίστει
1272 934 1727 1010 δεδοκιμασμένοι
1759 933 1843 993 εύέ

223 1027 349 1103 χητά
379 1026 594 1098 σώματα
624 1022 802 1077 αὐτῶν
838 1024 1055 1086 ἑαυτοῖς
1087 1025 1164 1087 είς
1201 1025 1488 1098 ἀντίληψιν
1537 1024 1588 1080 ἐν
1642 1033 1842 1101 σωροῖς

225 1117 612 1186 καταθήσονται,
656 1112 956 1187 γενομένης
1008 1112 1216 1189 βουλῆς
1266 1113 1340 1176 εἷς
1398 1116 1619 1170 ἀκάτιον
1671 1115 1722 1170 έν
1772 1120 1844 1190 τῇ

221 1199 411 1276 ἀϐύσσῳ
464 1199 702 1257 συνεῖδον
757 1206 854 1257 τοῦ
911 1199 1104 1264 ὕδατος
1158 1202 1450 1261 ἀπολῦσαι.
1485 1203 1661 1260 Ἀλλᾶ
1711 1206 1841 1268 Θεὸς

220 1295 244 1348 6
295 1288 713 1364 παντοδύναμος,
742 1290 963 1364 ἀγαθὸς,
999 1288 1206 1353 δίκαιος
1237 1291 1328 1346 καὶ
1384 1290 1660 1365 ἐλεήμων,
1696 1294 1724 1348 ὁ
1778 1294 1841 1348 τὸ

218 1377 352 1445 ἔλεος
401 1380 562 1435 αὐτοῦ
621 1380 725 1433 ἀπὸ
777 1384 875 1434 τοῦ
930 1379 1274 1453 ἀνθρωπίνου
1331 1382 1523 1456 γένους
1580 1379 1841 1438 οὐδέποτε

215 1468 449 1543 παριδὼν,
481 1470 508 1524 6
551 1469 649 1524 τοῦ
697 1468 899 1544 Φαραὼ
946 1471 1046 1539 τὴν
1103 1468 1308 1544 βουλὴν
1352 1474 1421 1544 τῇ
1464 1471 1693 1545 Ἐρυθρᾷ
1745 1473 1838 1526 θα-

215 1559 362 1633 λάσσῃ
389 1552 772 1624 καταϐυθίσας,
805 1558 897 1613 καὶ
925 1561 1024 1612 τοῦ
1055 1557 1354 1636 ’Λχιτόφελ
1404 1559 1620 1635 ἀγχόνῃ
1679 1581 1835 1636 σχοι-

213 1648 310 1704 νίου
328 1649 411 1703 τὸν
440 1645 728 1722 τράχηλον
769 1643 1075 1719 ἀποκόψας,
1108 1646 1267 1708 αὐτὸς
1314 1647 1404 1702 καὶ
1460 1650 1559 1716 τήν
1609 1648 1836 1704 ἀσύστα-

214 1759 291 1792 τον
318 1736 514 1790 τούτων
553 1734 761 1810 βουλὴν
783 1740 863 1806 τῷ
895 1733 1032 1790 ἐλέει
1077 1735 1241 1790 αὐτοῦ
1288 1731 1606 1807 κατέϐαλεν,
1632 1735 1725 1792 τίνα
1771 1739 1838 1792 τὰ

211 1823 410 1900 λαμπρά
441 1821 535 1878 δύο
566 1825 927 1900 φωτιστήρια,
965 1824 1041 1896 μή
1072 1828 1153 1896 τῷ
1215 1825 1364 1899 βυθῷ
1422 1829 1529 1880 τῶν
1577 1826 1834 1898 κυμάτων

213 1912 695 1990 κατακαλυφθῶσιν,
723 1910 869 1966 ἀλλὰ
896 1916 992 1966 τοῦ
1045 1917 1284 1985 Χριστοῦ
1315 1915 1349 1982 ἡ
1383 1913 1684 1984 Ἐκκλησία
1741 1912 1833 1970 δυ-

209 2002 376 2062 νατοὺς
428 1999 528 2076 ἔχῃ
584 2000 666 2055 ἀεὶ
714 2000 1074 2073 πολεμιστάς.
1122 2002 1206 2056 Ἐν
1249 2002 1467 2064 τούτοις
1509 2005 1642 2077 γυνή
1695 2000 1834 2059 ἔντι-

215 2111 299 2163 μος
343 2087 589 2144 Κατοῦλα
644 2089 891 2162 ὀνόματι,
937 2089 1059 2159 ἥτις
1119 2089 1350 2154 ἰθνικοῖς
1410 2087 1603 2169 φόϐοις
1656 2093 1836 2166 ἀκμὴν

212 2180 519 2254 κρατουμένη
580 2181 823 2254 ὑπῆρχεν
861 2181 998 2253 (87),
1032 2178 1394 2256 ἐπιστρέψασα
1444 2183 1566 2236 τότε
1609 2182 1686 2245 εἷς
1732 2185 1833 2253 τὴν

207 2271 359 2324 πίστιν
387 2274 480 2324 τοῦ
509 2271 751 2345 Χριστοῦ
783 2265 871 2322 διὰ
901 2273 1006 2322 τῶν
1041 2271 1327 2342 θαυμάτων
1375 2274 1482 2325 τῶν
1544 2271 1832 2348 μαρτύρων

213 2359 378 2427 ἑαυτὴν
436 2360 511 2422 εἱς
565 2357 859 2430 ἐπιθυμίαν
915 2356 1141 2428 ἐξέδωκε
1197 2361 1334 2431 (88),
1367 2360 1457 2413 καὶ
1511 2364 1580 2434 τῇ
1637 2362 1832 2435 γνώμῃ

211 2442 350 2517 ἔδειξε
391 2447 474 2502 καὶ
530 2453 659 2508 τοῖς
716 2444 898 2520 ἔργοις
955 2451 1052 2501 τοῦ
1110 2447 1280 2501 πόθου
1307 2449 1409 2517 τὴν
1441 2445 1669 2521 δύναμιν
1700 2470 1712 2482 ·
1744 2450 1834 2504 καὶ

210 2533 326 2590 ἐλέει
374 2540 500 2591 Θεοῦ
563 2540 948 2610 κατανυγεῖσα,
1002 2533 1339 2606 ἐπελθούσης
1421 2536 1556 2610 αὐτῇ
1634 2534 1833 2593 ἄνωθεν

211 2621 476 2696 δυνάμεως,
509 2618 855 2697 συμϐούλιον
917 2619 1099 2693 ἔλαϐε,
1132 2624 1222 2678 καὶ
1281 2622 1347 2694 δὴ
1411 2626 1484 2687 εἰς
1534 2625 1835 2700 συμπόσιον

208 2711 438 2768 ἱκέτευσεν
471 2713 654 2769 ἐλθεῖν
686 2711 812 2774 τοὺς
842 2711 1093 2774 διώκτας.
1127 2713 1224 2767 Καὶ
1284 2711 1374 2767 ὅτε
1421 2713 1606 2777 αὐτοῖς
1645 2714 1838 2770 πολλᾶ

208 2799 334 2876 δῶρα
359 2805 750 2878 προσήνεγκεν,
784 2802 1037 2862 ἐπιεικῶς
1069 2803 1168 2869 τήν
1201 2809 1358 2874 μῆνιν
1412 2811 1512 2873 τῆς
1561 2800 1838 2859 κακοϐου-

209 2888 312 2953 λίας
358 2893 527 2948 αὐτῶν
586 2891 838 2966 ἐξήνεγκε
887 2892 1023 2946 κατὰ
1068 2897 1176 2946 τῶν
1209 2893 1494 2969 μαρτύρων
1531 2896 1645 2967 (89)
1677 2914 1690 2926 ·
1723 2899 1838 2956 τοῖς

208 2977 255 3034 δὲ
279 2987 476 3045 πιστοῖς
505 2982 581 3037 τὰ
611 2981 898 3058 ἀπόκρυφα
933 2987 1035 3049 τῆς
1089 2977 1315 3055 καρδίας
1371 2982 1537 3052 αὐτῆς
1595 2985 1836 3060 φανερώ-

209 3089 342 3141 σασα,
372 3069 838 3146 προσίταξεν,⁹ίνα
896 3067 1176 3140 συλήσωσι
1216 3075 1469 3144 κρυπτῶς
1524 3075 1593 3127 τὰ
1648 3069 1840 3144 ἔντιμα

209 3159 409 3231 σώματα
456 3164 570 3214 τῶν
635 3158 922 3234 μαρτύρων
973 3157 1052 3220 εἷς
1104 3157 1158 3213 ’ἐν
1212 3164 1321 3213 τῶν
1357 3164 1536 3234 μερῶν
1586 3167 1689 3229 τῆς
1732 3161 1839 3215 πό-

1956 605 2059 659 pro
2089 603 2249 642 more
2282 590 2500 654 currat,
2535 587 2950 659 hominemque
2992 590 3118 661 jam
3165 597 3464 648 mortuum
3513 594 3604 648 in-

1955 678 2118 749 gredi
2151 679 2338 735 ﬁrmis
2367 676 2650 749 vestigiis.
2676 677 2847 748 lmpii
2869 693 3004 750 ergo
3036 678 3303 736 homines
3328 680 3412 735 illi
3433 682 3602 737 veriti

1956 783 2182 835 rursus,
2225 785 2297 823 ne
2333 768 2480 822 forte
2517 765 2630 820 fide
2663 766 2908 836 probata
2939 767 3192 839 populus
3224 770 3599 835 conveniens,

1954 856 2234 927 optabilia
2263 867 2520 928 corpora
2535 853 2758 912 Rustici
2791 859 2846 910 et
2875 855 3192 912 Eleutherii
3225 857 3481 930 praesidii
3507 864 3600 914 at-

1954 959 2066 1015 que
2089 945 2290 1000 auxilii
2321 944 2412 1000 sui
2446 943 2699 999 causain
2732 943 3016 1014 sepulcris
3048 945 3414 1018 tumulisque
3460 964 3598 1003 con-

1951 1033 2134 1101 deret,
2168 1034 2313 1090 eain
2337 1032 2665 1088 naviculam
2691 1032 2966 1102 imposita
2996 1035 3066 1090 de
3099 1035 3363 1091 omnium
3401 1036 3599 1092 consi-

1952 1120 2027 1176 lio
2051 1122 2108 1177 in
2140 1123 2496 1194 profundum
2529 1121 2791 1176 ﬂuminis
2822 1122 3071 1190 dejicere
3102 1128 3451 1180 statuerant.
3485 1125 3597 1182 Sed

1954 1209 2103 1264 Deus
2125 1225 2320 1265 rerum
2353 1209 2617 1264 omnium
2652 1212 3002 1281 praepotens,
3035 1209 3251 1277 bonus,
3274 1211 3500 1282 justus,
3543 1217 3600 1269 et

1948 1297 2365 1354 misericordia
2414 1297 2648 1370 plenus,
2683 1299 2784 1368 qui
2838 1297 3307 1354 misericordiam
3334 1316 3506 1356 suam
3538 1301 3600 1356 in

1949 1385 2207 1443 humano
2237 1402 2445 1457 genere
2475 1402 2780 1457 nunquam
2812 1386 3092 1460 neglexit,
3125 1387 3227 1459 qui
3277 1387 3599 1446 Pharaonis

1947 1475 2263 1532 exercitum
2295 1475 2352 1530 in
2378 1492 2538 1531 mare
2555 1474 2821 1530 Rubrum
2844 1475 3144 1543 demersit,
3176 1479 3233 1532 et
3253 1476 3599 1550 Achitophel

1946 1566 2225 1621 cervicem
2256 1563 2464 1636 laqueo
2496 1564 2796 1636 praecidit:
2831 1565 2882 1620 is
2907 1564 3084 1620 etiam
3117 1565 3418 1622 infirmum
3449 1564 3596 1622 isto-

1946 1667 2073 1707 rum
2107 1650 2417 1707 consilium
2469 1650 2877 1707 misericordia
2919 1668 3028 1707 sua
3082 1651 3374 1724 dissolvit,
3425 1658 3489 1709 ut
3525 1668 3598 1710 ne

1943 1740 2103 1796 clara
2125 1740 2551 1811 splendidaque
2581 1741 2697 1795 duo
2726 1739 2956 1796 lumina
2986 1741 3276 1811 profundo
3308 1758 3596 1814 aquarum

1943 1829 2482 1901 submergerentur,
2531 1830 2632 1884 sed
2667 1828 2882 1884 Christi
2930 1829 3187 1887 Ecclesia
3233 1847 3331 1888 eos
3366 1847 3599 1904 semper

1947 1918 2120 1973 fortes
2150 1922 2616 1991 prepugnatores
2645 1917 2906 1974 haberet.
2936 1919 3086 1974 Dum
3116 1919 3237 1974 hinc
3264 1923 3596 1989 agerentur,

1945 2007 2156 2062 mulier
2185 2006 2398 2063 nobilis
2429 2011 2487 2062 et
2517 2006 2926 2078 clara,;Catula
2949 2006 3208 2078 nomine,
3233 2025 3360 2079 quae
3392 2008 3599 2080 gentili

1946 2104 2098 2151 metu
2129 2095 2296 2151 valde
2353 2100 2622 2167 correpta
2658 2101 2805 2166 erat,
2862 2103 2984 2152 tum
3030 2097 3101 2152 ad
3160 2097 3340 2152 fidem
3383 2097 3599 2154 Christi

1945 2188 2180 2256 propter
2206 2188 2528 2257 martyrum
2562 2184 2864 2249 miracula,
2914 2185 3169 2240 converti
3222 2185 3598 2258 desideravit,

1945 2273 2176 2345 vimque
2208 2272 2480 2328 desiderii
2510 2277 2568 2328 et
2615 2273 2915 2328 voluntate
2941 2279 2998 2330 et
3040 2290 3101 2328 re
3132 2273 3472 2342 declaravit,
3533 2291 3601 2330 ac

1944 2361 2046 2418 Dei
2080 2361 2483 2418 misericordia
2531 2367 2903 2432 compuncta,
2964 2362 3386 2418 interveniente
3444 2363 3496 2418 ei
3546 2364 3601 2418 vi

1944 2450 2164 2517 divina,
2195 2451 2508 2506 consilium
2542 2451 2716 2520 cepit,
2743 2455 2803 2506 ut
2833 2451 2905 2506 ad
2939 2451 3273 2507 convivium
3324 2467 3600 2522 persecu-

1943 2543 2098 2594 tores
2129 2539 2374 2610 supplex
2405 2539 2696 2594 invitaret.
2727 2544 2986 2610 Cumque
3013 2540 3200 2595 multa
3228 2539 3314 2596 eis
3355 2556 3602 2597 munera

1945 2627 2276 2696 detulisset,
2318 2628 2638 2699 prudenter
2661 2627 2862 2682 odium
2896 2627 3101 2683 nefarii
3152 2627 3406 2696 consilii,
3439 2629 3598 2700 quod

1943 2717 2030 2772 illi
2059 2717 2338 2773 adversus
2372 2721 2655 2788 martyres
2683 2722 2980 2788 ceperant,
3011 2717 3301 2786 excussit;
3335 2717 3600 2790 exposito

1946 2811 2140 2861 autem
2173 2805 2390 2860 nostris
2421 2804 2603 2859 animi
2623 2805 2714 2860 sui
2739 2804 3006 2872 consilio,
3060 2805 3335 2878 praecepit
3360 2810 3425 2862 ut
3445 2806 3599 2863 clam

1947 2893 2200 2964 pretiosa
2226 2909 2470 2964 corpora
2496 2898 2816 2965 martyrum
2843 2894 3140 2949 auferrent
3168 2894 3228 2948 in
3253 2911 3430 2950 unam
3464 2911 3598 2966 par-

1945 2986 2060 3038 tem
2096 2979 2282 3049 urbis,
2308 2986 2370 3035 ut
2400 2980 2457 3036 in
2491 2997 2628 3037 saxo
2683 2982 2836 3053 quod
2901 2982 3081 3037 situm
3137 2986 3294 3038 esset
3326 2983 3383 3037 in
3417 2983 3603 3055 agello

1947 3071 2007 3125 in
2039 3070 2342 3141 sequentis
2371 3069 2511 3125 anni
2560 3075 2886 3126 sementem
2939 3073 3138 3142 parato
3185 3075 3343 3128 terra
3389 3073 3605 3130 obruta

1948 3175 2191 3228 corpora
2220 3157 2600 3215 occultarent.
2634 3157 2723 3214 Illi
2771 3159 3081 3231 diligenter
3110 3162 3397 3232 imperata
3451 3162 3602 3217 fece-

210 3243 350 3316 λεως,
381 3246 431 3302 ἐν
482 3251 553 3321 τῇ
605 3247 776 3321 πέτρᾳ
819 3250 887 3320 τῇ
937 3245 1012 3308 είς
1064 3247 1254 3323 μικρὸν
1288 3248 1507 3321 κειμένῃ
1536 3245 1747 3314 πεδίον,
1775 3249 1838 3303 τὸ

2019 3253 2111 3304 ηηῐ.
2144 3248 2187 3303 Ο
2221 3249 2442 3304 furtum
2475 3247 2788 3319 laudabile,
2840 3251 2994 3320 quod
3026 3251 3312 3306 damnum
3363 3267 3480 3306 non
3505 3251 3605 3306 de-

210 3332 495 3407 ἒτοιμασθὲν
559 3335 642 3399 εἷς
699 3335 906 3411 σποράν
940 3334 1026 3389 ἰπὶ
1082 3339 1179 3390 τοῦ
1238 3334 1538 3409 μέλλοντος
1595 3338 1844 3412 καταχώ-

1953 3337 2058 3408 dit,
2091 3338 2191 3393 sed
2226 3337 2421 3409 potius
2451 3337 2688 3409 profuit.

213 3442 394 3491 σαντες,
426 3423 820 3499 ἀποκρύψωσιν
853 3426 986 3495 (90)·
1025 3421 1224 3486 οἵτινες
1253 3426 1318 3479 τά
1347 3424 1699 3490 κελευσθέντα
1744 3425 2153 3502 πληρώσαντες,
2187 3423 2492 3487 σπουδαίως
2542 3425 2605 3480 τὸ
2654 3424 2836 3487 αὐτοῖς
2879 3426 3218 3502 προσταχθὲν
3257 3424 3598 3482 ἐπετέλεσαν.

210 3511 259 3566 Ὠ
282 3511 589 3588 κλεψοσύνη
622 3512 898 3582 ἐπαινετὴ,
929 3513 1052 3584 ἥτις
1082 3513 1144 3568 ού
1174 3516 1493 3591 προσήγαγε
1525 3516 1748 3589 ζημίαν,
1783 3514 1929 3571 ἀλλὰ
1962 3513 2176 3588 μᾶλλον
2213 3513 2491 3592 ἐπωφελὲς
2518 3512 2733 3591 κέρδος.

271 3638 404 3709 Εἶτα,
445 3641 520 3702 ὡς
588 3634 709 3702 ἔθος
765 3637 898 3710 έστὶ,
945 3643 1064 3701 τοῖς
1124 3640 1435 3713 σπείρουσιν
1491 3641 1590 3709 τήν
1649 3639 1836 3714 χώραν

210 3725 386 3799 αὐτῶν,
417 3727 648 3789 πώλους
678 3725 992 3802 ἐκδέχεσθαι
1037 3732 1134 3782 τοῦ
1180 3727 1394 3802 ἐνέγκαι
1439 3729 1532 3782 τὸν
1588 3727 1794 3802 καρπόν
1823 3745 1836 3760 ·

210 3811 336 3868 οὕτω
392 3821 496 3871 τῶν
569 3816 853 3892 μακαρίων
926 3815 1212 3892 μαρτύρων
1255 3815 1396 3871 ἐστὶν
1453 3817 1613 3892 χώρα
1663 3814 1838 3887 ἐκείνη

209 3900 602 3979 πεπληρωμένη
680 3906 928 3981 προικὸς,
986 3905 1075 3961 καὶ
1146 3907 1374 3980 χάριτος
1447 3905 1839 3979 εύθῃνουμένη,

213 3991 342 4054 ὅπως
370 3993 898 4049 ἑκατονταπλασίονα
927 3995 1133 4071 καρπὸν
1167 3995 1219 4049 οἱ
1271 3994 1611 4057 πιστεύοντες
1669 4014 1844 4070 γεωρ-

211 4080 287 4153 γοὶ
329 4080 673 4154 ἀμήσωνται,
721 4082 1031 4156 ἀξιούμενοι
1069 4083 1361 4153 σωτηοίας,
1396 4083 1485 4138 καὶ
1538 4083 1697 4157 μέγαν
1745 4095 1844 4152 θη-

215 4169 390 4242 σαυρὸν
434 4177 552 4234 τοῖς
624 4171 909 4244 μετ-ἒπειτα
962 4169 1359 4245 καταλείψωσιν
1408 4172 1730 4247 ἁγιωσύνης.
1781 4172 1845 4228 Ἣ

212 4256 568 4334 προῤῥηθεῖσα
633 4257 690 4315 δὲ
746 4263 1127 4333 κοσμιωτάτῃ,
1181 4263 1256 4333 μή
1307 4260 1680 4334 έπιλαθομένη
1739 4264 1848 4315 τῶν

218 4347 484 4422 μαρτύρων
537 4348 635 4403 τὸν
684 4350 975 4424 ἁγιασμὸν,
1008 4349 1081 4412 ὡς
1109 4346 1217 4421 ἤδη
1273 4355 1382 4405 τῶν
1439 4352 1714 4426 τυράννων
1773 4348 1847 4403 εἶ’-

215 4428 325 4488 δυῖα
374 4437 792 4492 καταπαύσασαν
844 4438 942 4506 τὴν
1003 4437 1344 4515 φλεγμονὴν,
1387 4438 1555 4494 τόπον
1613 4436 1849 4511 εὔθετον,

217 4522 488 4599 ὀφείλοντα
519 4526 813 4601 φυλάττειν
855 4531 962 4582 τῶν
1014 4527 1175 4601 ἁγίων
1235 4528 1521 4603 μαρτύρων
1571 4529 1638 4582 τὰ
1699 4527 1850 4598 ὀστᾶ,

218 4609 346 4686 πάσῃ
382 4612 676 4688 ἐπιμελείᾳ
721 4617 1053 4686 κατεζήτησε
1085 4635 1098 4649 ·
1130 4616 1220 4671 καὶ
1253 4617 1484 4690 εὑροῦσα
1527 4615 1663 4690 μέγα
1686 4616 1852 4691 τροῦ-

2019 3640 2260 3711 Deinde,
2289 3644 2354 3695 ut
2383 3639 2575 3696 solent
2605 3639 2644 3694 ii
2672 3656 2842 3711 agros
2873 3638 3095 3707 colunt,
3124 3639 3317 3711 pullos
3348 3639 3597 3695 suosad-

1950 3729 2201 3796 mittere,
2234 3734 2300 3784 ut
2330 3730 2582 3783 fructum
2605 3729 2796 3783 ferant
2822 3745 2834 3784 :
2869 3728 2952 3784 sic
2982 3743 3121 3798 ager
3153 3727 3251 3784 ille
3275 3727 3594 3800 [beatorum

1952 3821 2275 3887 martyrum
2325 3820 2383 3870 et
2412 3816 2546 3870 dote
2577 3815 2906 3886 completus
2954 3816 3108 3872 402
3157 3821 3266 3885 est,
3326 3821 3385 3870 et
3412 3816 3601 3887 gratia

1952 3904 2144 3960 afﬂuit
2174 3910 2237 3958 ut
2266 3903 2601 3975 centuplum
2636 3905 2895 3959 fructum
2927 3903 3192 3975 agricolae
3222 3905 3422 3959 ﬁdeles
3468 3918 3600 3975 per-

1953 3993 2191 4065 cipiant,
2225 3992 2472 4048 salutem
2507 3997 2564 4048 et
2594 4008 2874 4064 magnum
2897 3993 3242 4048 thesaurum
3270 3992 3606 4050 sanctitatis

1955 4083 2206 4156 posteris
2257 4081 2613 4154 relinquant.
2661 4081 2878 4154 iuulier
2932 4081 3373 4154 honestissima,
3431 4098 3608 4154 quam

1956 4173 2098 4238 dixi,
2120 4189 2234 4227 non
2267 4172 2580 4227 immemor
2611 4169 2947 4227 sanctitatis
2979 4177 3330 4244 martyrum,
3355 4176 3423 4228 ut
3467 4171 3613 4228 vidit

1958 4267 2339 4335 tyrannorum
2371 4261 2739 4316 iracundiam
2787 4262 3176 4329 deferbuisse,
3238 4261 3431 4316 locum
3482 4260 3614 4314 ido-

1960 4367 2138 4407 neum
2173 4351 2271 4422 qui
2317 4355 2654 4407 sanctorum
2703 4355 3029 4422 martyrum
3084 4350 3378 4406 custodire
3435 4348 3614 4403 debe-

1959 4440 2078 4503 bat,
2111 4439 2268 4495 omni
2300 4438 2606 4511 diligentia
2663 4439 2954 4509 quaesivit,
3003 4439 3359 4508 inventoque
3408 4451 3619 4504 magno

1962 4528 2199 4593 fornice,
2261 4528 2587 4583 aedicicium
2640 4529 2896 4595 notavit;
2953 4544 3130 4597 quam
3196 4525 3615 4597 praestantissi-

1964 4634 2122 4673 mam
2155 4617 2437 4672 feminam
2497 4621 2553 4670 et
2585 4615 3093 4671 matremfamilias
3143 4631 3258 4670 non
3297 4618 3500 4684 praeter
3529 4612 3618 4667 di-

219 4697 305 4753 λον
344 4705 474 4775 (91),
508 4704 817 4777 οἰκοδομὴν
873 4702 1216 4780 ἐσφράγισεν,
1269 4707 1334 4775 ἣν
1399 4705 1838 4778 θαυμασιωτάτῳ

2019 4705 2271 4775 nitatem,
2305 4705 2448 4776 quin
2481 4704 2605 4760 sine
2637 4708 2798 4760 metu
2833 4703 3152 4772 credimus,
3201 4702 3426 4758 sanctis
3459 4717 3620 4757 mar-

219 4789 298 4840 καὶ
330 4791 795 4869 μητροφαμήλιον
845 4799 1075 4868 γυναῖκα
1105 4793 1166 4848 οὐ
1198 4794 1374 4869 χωρὶς
1405 4794 1553 4866 ἀξίας
1605 4792 1861 4849 πιστεύο-

223 4897 333 4946 μεν,
360 4876 482 4934 ἄνευ
544 4879 604 4936 δὶ
661 4876 857 4960 φόϐου,
909 4887 1015 4936 τῶν
1076 4881 1242 4956 ἁγίων
1306 4882 1597 4957 μαρτύρων
1651 4880 1860 4936 τούτων

222 4964 547 5038 ὁμοιωθῆναι
582 4972 715 5044 (92),
753 4969 835 5025 ὅτι
896 4970 940 5025 εἰ
1002 4973 1078 5044 μή
1137 4971 1226 5026 καὶ
1281 4971 1447 5041 αὐτὴν
1490 4972 1517 5026 6
1574 4971 1868 5045 Λυτρωτής

218 5054 420 5111 πάντων
449 5059 526 5120 εἷς
559 5060 741 5114 πίστιν
772 5065 870 5114 τοῦ
903 5057 1043 5114 ἰδίου
1076 5059 1344 5133 ὀνόματος
1391 5059 1569 5124 ἐλθεῖν
1614 5058 1865 5132 ἠξίωσεν,

223 5141 469 5200 οὐδέποτε
507 5149 543 5216 ἡ
593 5146 789 5222 καρδία
838 5149 1004 5218 αὐτῆς
1051 5144 1386 5222 συμϐουλίαν
1435 5151 1698 5218 τοιαύτην
1745 5148 1868 5219 έξή-

219 5250 413 5306 νεγκεν.
447 5233 607 5291 Ἀλλ’
636 5235 696 5291 ἐκ
723 5237 921 5292 τούτου
967 5238 1142 5314 χωρὶς
1184 5237 1361 5308 πάσης
1408 5236 1723 5311 ἀντιλογίας
1778 5257 1868 5291 πι-

223 5319 606 5392 στεύομεν,8τι
654 5329 762 5380 τῶν
811 5327 1088 5403 μακαρίων
1146 5325 1432 5403 μαρτύρων
1464 5325 1531 5381 τὰ
1573 5324 1704 5380 ὀστᾶ
1760 5323 1868 5380 διε·

222 5405 414 5480 φύλαξε
457 5408 530 5466 δι’
576 5411 780 5488 ἀγαθῆς
818 5413 1048 5488 βουλῆς,
1081 5415 1156 5478 ὡς
1203 5415 1320 5488 ἀξία
1364 5414 1537 5470 αὐτῶν
1577 5414 1867 5489 γινομένη,

220 5496 303 5548 καὶ
355 5505 473 5561 ταῖς
523 5501 754 5567 ἱκεσίαις
805 5504 982 5559 αὐτῶν
1014 5503 1066 5559 έν
1096 5508 1165 5579 τῇ
1219 5505 1395 5559 πίστει
1445 5503 1768 5578 προκόψασα
1815 5501 1867 5558 έν

221 5581 462 5658 ἀληθείᾳ.
497 5593 624 5644 Τῶν
679 5593 1010 5668 Χριστιανῶν
1065 5590 1122 5647 δὲ
1170 5596 1204 5663 ἡ
1262 5591 1503 5663 πληθὺς,
1548 5593 1622 5655 ὡς
1677 5589 1866 5661 ποΛλή

224 5669 349 5728 οὖσα
378 5679 512 5751 (93),
548 5675 640 5734 διὰ
666 5688 764 5752 τῆς
786 5685 893 5737 τῶν
956 5683 1233 5758 μακαρίων
1290 5682 1578 5758 μαρτύρων
1612 5677 1867 5736 διδασκα-

549 5809 808 5871 ΡΑτιιοι..
857 5813 967 5872 Ga.
1013 5812 1113 5873 IV.

1971 4793 2194 4865 tyribus
2217 4792 2378 4847 hisce
2410 4791 2665 4846 similem
2688 4790 2965 4858 evasisse,
2992 4795 3300 4863 prapterea
3331 4790 3486 4861 quod
3507 4788 3623 4845 nisi

1974 4897 2101 4936 eam
2134 4881 2312 4936 etiam
2340 4880 2696 4951 Redemptor
2723 4880 2990 4934 omnium
3048 4879 3107 4934 in
3159 4880 3335 4934 fidem
3367 4877 3623 4934 nominis

1976 4970 2066 5026 sui
2098 4969 2294 5024 venire
2324 4968 2629 5030 voluisset,
2657 4985 2964 5039 nunquam
3012 4971 3136 5038 ejus
3181 4967 3414 5022 animus
3462 4969 3626 5038 ejus-

1977 5059 2134 5115 modi
2164 5056 2478 5113 consilium
2528 5055 2875 5128 aperuisset.
2925 5055 3140 5112 Verum
3193 5073 3262 5111 ex
3315 5056 3424 5112 hoc
3480 5055 3628 5112 citra

1977 5146 2431 5202 controversiam
2463 5162 2591 5200 eam
2622 5144 2918 5201 credimus
2958 5145 3260 5201 beatorum
3302 5147 3624 5216 martyrum

1978 5251 2116 5290 ossa
2145 5251 2524 5290 conservasse
2551 5235 2820 5305 prudenti
2870 5234 3138 5302 consilio,
3173 5239 3237 5288 ut
3266 5250 3395 5304 quae
3426 5233 3510 5288 eis
3539 5232 3626 5288 di-

1977 5340 2092 5396 gna
2124 5323 2322 5389 fuerit,
2356 5329 2534 5394 atque
2591 5322 2827 5378 illorum
2889 5324 3162 5394 precibus
3219 5338 3352 5378 vere
3399 5321 3459 5376 in
3512 5321 3626 5377 fide

1977 5428 2324 5484 progressus
2357 5411 2572 5468 fecerit.
2590 5410 3055 5468 Christianorum
3085 5415 3278 5467 autem
3309 5409 3628 5466 multitudo

1980 5500 2485 5568 numerosissima,
2509 5502 2810 5557 beatorum
2845 5509 3168 5572 martyrum
3199 5499 3467 5556 doctrina
3497 5515 3628 5554 con-

1977 5607 2164 5654 versa,
2185 5590 2343 5644 omni
2359 5605 2536 5660 opera
2549 5591 2811 5645 etstudio
2828 5595 2892 5646 ut
2908 5594 3179 5662 poterant
3199 5605 3332 5644 cum
3356 5588 3631 5661 precibus

1979 5694 2306 5752 magnaque
2317 5677 2636 5750 cupiditate
2650 5695 2831 5751 supra
2845 5681 3015 5736 beata
3029 5693 3265 5750 corpore
3284 5682 3627 5734 sanctorum
3675 5722 3679 5727 .
