  <div class='ocr_page' id='page_1' title='image "/cluster/home/n/w/nwhite01/storage/ocr_20150623/4/hvd.32044073426538/351.png"; bbox 0 0 3930 6202; ppageno 0'>
   <div class='ocr_carea' id='block_1_1' title="bbox 394 378 1946 446">
    <p class='ocr_par' dir='ltr' id='par_1_1' title="bbox 394 381 1946 446">
     <span class='ocr_line' id='line_1_1' title="bbox 394 381 1946 446; baseline -0.008 0"><span class='ocrx_word' id='word_1_1' title='bbox 394 389 506 446; x_wconf 84' lang='grc'><strong>683</strong></span> <span class='ocrx_word' id='word_1_2' title='bbox 1636 386 1695 437; x_wconf 83' lang='lat' dir='ltr'><strong>S.</strong></span> <span class='ocrx_word' id='word_1_3' title='bbox 1734 381 1946 436; x_wconf 75' lang='lat' dir='ltr'><strong>DIONY</strong></span> 
     </span>
    </p>
   </div>
   <div class='ocr_carea' id='block_1_2' title="bbox 2186 378 3738 446">
    <p class='ocr_par' dir='ltr' id='par_1_2' title="bbox 2189 378 3738 445">
     <span class='ocr_line' id='line_1_2' title="bbox 2189 378 3738 445; baseline 0.008 -13"><span class='ocrx_word' id='word_1_4' title='bbox 2189 378 2566 434; x_wconf 70' lang='lat' dir='ltr'><strong>EOPAGITE</strong></span> <span class='ocrx_word' id='word_1_5' title='bbox 3655 390 3738 445; x_wconf 75' lang='grc'><strong>684</strong></span> 
     </span>
    </p>
   </div>
   <div class='ocr_carea' id='block_1_3' title="bbox 382 498 1934 584">
    <p class='ocr_par' dir='ltr' id='par_1_3' title="bbox 382 502 1934 584">
     <span class='ocr_line' id='line_1_3' title="bbox 382 502 1934 584; baseline -0.008 -13"><span class='ocrx_word' id='word_1_6' title='bbox 382 502 726 584; x_wconf 62' lang='grc' dir='ltr'>ἠιατῑγιιυῐη</span> <span class='ocrx_word' id='word_1_7' title='bbox 761 510 1067 567; x_wconf 78' lang='lat' dir='ltr'><strong>ecclesiam</strong></span> <span class='ocrx_word' id='word_1_8' title='bbox 1098 509 1422 576; x_wconf 66' lang='lat' dir='ltr'><strong>aediﬁcavit,</strong></span> <span class='ocrx_word' id='word_1_9' title='bbox 1453 514 1512 563; x_wconf 86' lang='lat' dir='ltr'><strong>et</strong></span> <span class='ocrx_word' id='word_1_10' title='bbox 1537 508 1595 561; x_wconf 90' lang='lat' dir='ltr'><strong>in</strong></span> <span class='ocrx_word' id='word_1_11' title='bbox 1631 513 1834 562; x_wconf 85' lang='lat' dir='ltr'><strong>sancta</strong></span> <span class='ocrx_word' id='word_1_12' title='bbox 1858 504 1934 576; x_wconf 69' lang='grc' dir='ltr'><strong>ει(</strong></span> 
     </span>
    </p>
   </div>
   <div class='ocr_carea' id='block_1_4' title="bbox 2185 498 3737 584">
    <p class='ocr_par' dir='ltr' id='par_1_4' title="bbox 2185 498 3737 582">
     <span class='ocr_line' id='line_1_4' title="bbox 2185 498 3737 582; baseline 0.008 -30"><span class='ocrx_word' id='word_1_13' title='bbox 2185 499 2277 562; x_wconf 88' lang='grc' dir='ltr'>,ίας</span> <span class='ocrx_word' id='word_1_14' title='bbox 2331 498 2717 576; x_wconf 68' lang='grc' dir='ltr'><strong>ἐπιστρέψασα,</strong></span> <span class='ocrx_word' id='word_1_15' title='bbox 2752 506 2911 560; x_wconf 84' lang='grc' dir='ltr'>παντὶ</span> <span class='ocrx_word' id='word_1_16' title='bbox 2965 508 3162 582; x_wconf 83' lang='grc' dir='ltr'>μόχθῳ</span> <span class='ocrx_word' id='word_1_17' title='bbox 3209 509 3297 562; x_wconf 79' lang='grc' dir='ltr'><strong>καὶ</strong></span> <span class='ocrx_word' id='word_1_18' title='bbox 3347 507 3574 580; x_wconf 72' lang='grc' dir='ltr'>καμάτῳ,</span> <span class='ocrx_word' id='word_1_19' title='bbox 3600 511 3737 574; x_wconf 72' lang='grc' dir='ltr'>καθὼς</span> 
     </span>
    </p>
   </div>
   <div class='ocr_carea' id='block_1_5' title="bbox 398 584 1950 674">
    <p class='ocr_par' dir='ltr' id='par_1_5' title="bbox 398 594 1950 670">
     <span class='ocr_line' id='line_1_5' title="bbox 398 594 1950 670; baseline -0.009 -10"><span class='ocrx_word' id='word_1_20' title='bbox 398 607 611 661; x_wconf 67' lang='lat' dir='ltr'><strong>sancta</strong></span> <span class='ocrx_word' id='word_1_21' title='bbox 642 600 949 657; x_wconf 76' lang='lat' dir='ltr'><strong>Trinitatis</strong></span> <span class='ocrx_word' id='word_1_22' title='bbox 993 599 1167 670; x_wconf 81' lang='lat' dir='ltr'><strong>digne</strong></span> <span class='ocrx_word' id='word_1_23' title='bbox 1199 614 1332 653; x_wconf 88' lang='lat' dir='ltr'><strong>cum</strong></span> <span class='ocrx_word' id='word_1_24' title='bbox 1382 594 1748 652; x_wconf 88' lang='lat' dir='ltr'><strong>aromatibus</strong></span> <span class='ocrx_word' id='word_1_25' title='bbox 1781 594 1895 649; x_wconf 97' lang='lat' dir='ltr'><strong>tria</strong></span> <span class='ocrx_word' id='word_1_26' title='bbox 1940 610 1950 646; x_wconf 91' lang='grc' dir='ltr'><strong>ι</strong></span> 
     </span>
    </p>
   </div>
   <div class='ocr_carea' id='block_1_6' title="bbox 2186 584 3738 674">
    <p class='ocr_par' dir='ltr' id='par_1_6' title="bbox 2186 588 3738 674">
     <span class='ocr_line' id='line_1_6' title="bbox 2186 588 3738 674; baseline 0.007 -30"><span class='ocrx_word' id='word_1_27' title='bbox 2186 588 2440 659; x_wconf 78' lang='grc' dir='ltr'>ιδύναντο,</span> <span class='ocrx_word' id='word_1_28' title='bbox 2477 594 2611 665; x_wconf 80' lang='grc' dir='ltr'>μετᾶ</span> <span class='ocrx_word' id='word_1_29' title='bbox 2657 592 2838 667; x_wconf 87' lang='grc' dir='ltr'>πάσης</span> <span class='ocrx_word' id='word_1_30' title='bbox 2889 604 3204 674; x_wconf 77' lang='grc' dir='ltr'><strong>προσευχῆς</strong></span> <span class='ocrx_word' id='word_1_31' title='bbox 3242 599 3331 652; x_wconf 84' lang='grc' dir='ltr'><strong>καὶ</strong></span> <span class='ocrx_word' id='word_1_32' title='bbox 3383 598 3601 674; x_wconf 82' lang='grc' dir='ltr'>μεγάλης</span> <span class='ocrx_word' id='word_1_33' title='bbox 3650 600 3738 655; x_wconf 79' lang='grc' dir='ltr'>ἐπι-</span> 
     </span>
    </p>
   </div>
   <div class='ocr_carea' id='block_1_7' title="bbox 401 679 1953 764">
    <p class='ocr_par' dir='ltr' id='par_1_7' title="bbox 401 686 1950 760">
     <span class='ocr_line' id='line_1_7' title="bbox 401 686 1950 760; baseline -0.008 -10"><span class='ocrx_word' id='word_1_34' title='bbox 401 709 560 750; x_wconf 90' lang='lat' dir='ltr'><strong>mero</strong></span> <span class='ocrx_word' id='word_1_35' title='bbox 592 693 797 748; x_wconf 85' lang='lat' dir='ltr'><strong>sancta</strong></span> <span class='ocrx_word' id='word_1_36' title='bbox 827 704 1069 760; x_wconf 91' lang='lat' dir='ltr'><strong>corpora</strong></span> <span class='ocrx_word' id='word_1_37' title='bbox 1101 686 1491 742; x_wconf 85' lang='lat' dir='ltr'><strong>condiderunt</strong></span> <span class='ocrx_word' id='word_1_38' title='bbox 1512 702 1577 740; x_wconf 88' lang='lat' dir='ltr'><strong>ac</strong></span> <span class='ocrx_word' id='word_1_39' title='bbox 1623 686 1950 755; x_wconf 89' lang='lat' dir='ltr'><strong>deposueru</strong></span> 
     </span>
    </p>
   </div>
   <div class='ocr_carea' id='block_1_8' title="bbox 2186 679 3738 764">
    <p class='ocr_par' dir='ltr' id='par_1_8' title="bbox 2190 679 3738 764">
     <span class='ocr_line' id='line_1_8' title="bbox 2190 679 3738 764; baseline 0.007 -32"><span class='ocrx_word' id='word_1_40' title='bbox 2190 679 2350 753; x_wconf 87' lang='grc' dir='ltr'>υμίας</span> <span class='ocrx_word' id='word_1_41' title='bbox 2410 679 2590 735; x_wconf 74' lang='grc' dir='ltr'>ἐπάνω</span> <span class='ocrx_word' id='word_1_42' title='bbox 2647 687 2753 737; x_wconf 82' lang='grc' dir='ltr'>τῶν</span> <span class='ocrx_word' id='word_1_43' title='bbox 2814 686 3091 761; x_wconf 83' lang='grc' dir='ltr'>μακαρίων</span> <span class='ocrx_word' id='word_1_44' title='bbox 3154 688 3415 760; x_wconf 80' lang='grc' dir='ltr'>σωμάτων</span> <span class='ocrx_word' id='word_1_45' title='bbox 3469 691 3566 742; x_wconf 79' lang='grc' dir='ltr'><strong>τῶν</strong></span> <span class='ocrx_word' id='word_1_46' title='bbox 3614 690 3738 764; x_wconf 70' lang='grc' dir='ltr'>ἁγίων</span> 
     </span>
    </p>
   </div>
   <div class='ocr_carea' id='block_1_9' title="bbox 399 768 1951 855">
    <p class='ocr_par' dir='ltr' id='par_1_9' title="bbox 399 772 1944 849">
     <span class='ocr_line' id='line_1_9' title="bbox 399 772 1944 849; baseline -0.008 -10"><span class='ocrx_word' id='word_1_47' title='bbox 399 784 516 840; x_wconf 89' lang='lat' dir='ltr'><strong>Deo</strong></span> <span class='ocrx_word' id='word_1_48' title='bbox 541 797 736 837; x_wconf 89' lang='lat' dir='ltr'><strong>rerum</strong></span> <span class='ocrx_word' id='word_1_49' title='bbox 760 778 1025 834; x_wconf 88' lang='lat' dir='ltr'><strong>omnium</strong></span> <span class='ocrx_word' id='word_1_50' title='bbox 1057 781 1432 849; x_wconf 62' lang='lat' dir='ltr'><strong>praepotente,</strong></span> <span class='ocrx_word' id='word_1_51' title='bbox 1457 772 1944 845; x_wconf 87' lang='lat' dir='ltr'><strong>quiopitulaturq</strong></span> 
     </span>
    </p>
   </div>
   <div class='ocr_carea' id='block_1_10' title="bbox 2190 768 3742 855">
    <p class='ocr_par' dir='ltr' id='par_1_10' title="bbox 2190 768 3742 855">
     <span class='ocr_line' id='line_1_10' title="bbox 2190 768 3742 855; baseline 0.006 -32"><span class='ocrx_word' id='word_1_52' title='bbox 2190 768 2447 844; x_wconf 86' lang='grc' dir='ltr'>ιαρτύρων</span> <span class='ocrx_word' id='word_1_53' title='bbox 2492 770 2788 853; x_wconf 76' lang='grc' dir='ltr'>ἐκκλησίαν</span> <span class='ocrx_word' id='word_1_54' title='bbox 2845 775 3279 850; x_wconf 75' lang='grc' dir='ltr'>οἷ’κοδομήσασα,</span> <span class='ocrx_word' id='word_1_55' title='bbox 3313 778 3398 831; x_wconf 84' lang='grc' dir='ltr'><strong>καὶ</strong></span> <span class='ocrx_word' id='word_1_56' title='bbox 3455 775 3502 830; x_wconf 83' lang='grc' dir='ltr'><strong>ἐν</strong></span> <span class='ocrx_word' id='word_1_57' title='bbox 3545 783 3604 850; x_wconf 77' lang='grc' dir='ltr'>τῇ</span> <span class='ocrx_word' id='word_1_58' title='bbox 3651 780 3742 855; x_wconf 74' lang='grc' dir='ltr'>ἁγίᾳ</span> 
     </span>
    </p>
   </div>
   <div class='ocr_carea' id='block_1_11' title="bbox 408 854 1960 941">
    <p class='ocr_par' dir='ltr' id='par_1_11' title="bbox 408 860 1960 937">
     <span class='ocr_line' id='line_1_11' title="bbox 408 860 1960 937; baseline -0.008 -10"><span class='ocrx_word' id='word_1_59' title='bbox 408 872 546 928; x_wconf 87' lang='lat' dir='ltr'><strong>tidie</strong></span> <span class='ocrx_word' id='word_1_60' title='bbox 576 870 635 925; x_wconf 86' lang='lat' dir='ltr'><strong>in</strong></span> <span class='ocrx_word' id='word_1_61' title='bbox 667 868 836 924; x_wconf 89' lang='lat' dir='ltr'><strong>bonis</strong></span> <span class='ocrx_word' id='word_1_62' title='bbox 865 882 930 922; x_wconf 93' lang='lat' dir='ltr'><strong>ac</strong></span> <span class='ocrx_word' id='word_1_63' title='bbox 962 866 1170 935; x_wconf 80' lang='lat' dir='ltr'><strong>beatis,</strong></span> <span class='ocrx_word' id='word_1_64' title='bbox 1224 865 1324 937; x_wconf 86' lang='lat' dir='ltr'><strong>qui</strong></span> <span class='ocrx_word' id='word_1_65' title='bbox 1366 863 1686 919; x_wconf 78' lang='lat' dir='ltr'><strong>virtutibus</strong></span> <span class='ocrx_word' id='word_1_66' title='bbox 1745 860 1960 933; x_wconf 86' lang='lat' dir='ltr'><strong>signisq</strong></span> 
     </span>
    </p>
   </div>
   <div class='ocr_carea' id='block_1_12' title="bbox 2188 854 3740 941">
    <p class='ocr_par' dir='ltr' id='par_1_12' title="bbox 2192 854 3740 941">
     <span class='ocr_line' id='line_1_12' title="bbox 2192 854 3740 941; baseline 0.006 -29"><span class='ocrx_word' id='word_1_67' title='bbox 2192 858 2284 932; x_wconf 78' lang='grc' dir='ltr'><strong>όξῃ</strong></span> <span class='ocrx_word' id='word_1_68' title='bbox 2338 862 2439 924; x_wconf 78' lang='grc' dir='ltr'>τῆς</span> <span class='ocrx_word' id='word_1_69' title='bbox 2481 861 2629 937; x_wconf 80' lang='grc' dir='ltr'>ἁγίας</span> <span class='ocrx_word' id='word_1_70' title='bbox 2663 861 2920 938; x_wconf 78' lang='grc' dir='ltr'>Τριάδος,</span> <span class='ocrx_word' id='word_1_71' title='bbox 2951 866 3133 941; x_wconf 91' lang='grc' dir='ltr'>τρίτον</span> <span class='ocrx_word' id='word_1_72' title='bbox 3192 866 3420 941; x_wconf 84' lang='grc' dir='ltr'>ἀριθμὸν</span> <span class='ocrx_word' id='word_1_73' title='bbox 3472 869 3574 939; x_wconf 76' lang='grc'>(94)</span> <span class='ocrx_word' id='word_1_74' title='bbox 3619 854 3740 939; x_wconf 70' lang='grc' dir='ltr'>ἀξίως</span> 
     </span>
    </p>
   </div>
   <div class='ocr_carea' id='block_1_13' title="bbox 403 946 1955 1028">
    <p class='ocr_par' dir='ltr' id='par_1_13' title="bbox 403 951 1951 1028">
     <span class='ocr_line' id='line_1_13' title="bbox 403 951 1951 1028; baseline -0.008 -11"><span class='ocrx_word' id='word_1_75' title='bbox 403 960 642 1017; x_wconf 86' lang='lat' dir='ltr'><strong>clarent.</strong></span> <span class='ocrx_word' id='word_1_76' title='bbox 676 958 809 1022; x_wconf 66' lang='lat' dir='ltr'><strong>Quae</strong></span> <span class='ocrx_word' id='word_1_77' title='bbox 842 958 1019 1028; x_wconf 81' lang='lat' dir='ltr'><strong>igitur</strong></span> <span class='ocrx_word' id='word_1_78' title='bbox 1068 954 1275 1021; x_wconf 81' lang='lat' dir='ltr'><strong>oratio,</strong></span> <span class='ocrx_word' id='word_1_79' title='bbox 1324 958 1426 1009; x_wconf 89' lang='lat' dir='ltr'><strong>aut</strong></span> <span class='ocrx_word' id='word_1_80' title='bbox 1483 969 1613 1024; x_wconf 69' lang='lat' dir='ltr'><strong>quae</strong></span> <span class='ocrx_word' id='word_1_81' title='bbox 1664 951 1885 1024; x_wconf 82' lang='lat' dir='ltr'><strong>lingua,</strong></span> <span class='ocrx_word' id='word_1_82' title='bbox 1928 954 1951 1004; x_wconf 94' lang='lat' dir='ltr'><strong>t</strong></span> 
     </span>
    </p>
   </div>
   <div class='ocr_carea' id='block_1_14' title="bbox 2189 946 3741 1028">
    <p class='ocr_par' dir='ltr' id='par_1_14' title="bbox 2189 946 3741 1028">
     <span class='ocr_line' id='line_1_14' title="bbox 2189 946 3741 1028; baseline 0.006 -27"><span class='ocrx_word' id='word_1_83' title='bbox 2189 946 2295 1002; x_wconf 80' lang='grc' dir='ltr'>ιετά</span> <span class='ocrx_word' id='word_1_84' title='bbox 2323 948 2626 1024; x_wconf 75' lang='grc' dir='ltr'><strong>ἀρωμάτων</strong></span> <span class='ocrx_word' id='word_1_85' title='bbox 2659 953 2940 1017; x_wconf 75' lang='grc' dir='ltr'>κατέθεντο</span> <span class='ocrx_word' id='word_1_86' title='bbox 2984 955 3051 1009; x_wconf 77' lang='grc' dir='ltr'><strong>τά</strong></span> <span class='ocrx_word' id='word_1_87' title='bbox 3106 952 3227 1025; x_wconf 76' lang='grc' dir='ltr'>ἄξια</span> <span class='ocrx_word' id='word_1_88' title='bbox 3283 956 3501 1027; x_wconf 84' lang='grc' dir='ltr'>σώματα</span> <span class='ocrx_word' id='word_1_89' title='bbox 3549 960 3647 1026; x_wconf 74' lang='grc' dir='ltr'>θεῷ</span> <span class='ocrx_word' id='word_1_90' title='bbox 3684 962 3741 1028; x_wconf 74' lang='grc' dir='ltr'>τῷ</span> 
     </span>
    </p>
   </div>
   <div class='ocr_carea' id='block_1_15' title="bbox 412 1033 1964 1120">
    <p class='ocr_par' dir='ltr' id='par_1_15' title="bbox 412 1042 1964 1120">
     <span class='ocr_line' id='line_1_15' title="bbox 412 1042 1964 1120; baseline -0.008 -15"><span class='ocrx_word' id='word_1_91' title='bbox 412 1064 759 1120; x_wconf 88' lang='lat' dir='ltr'><strong>magnorum</strong></span> <span class='ocrx_word' id='word_1_92' title='bbox 788 1047 1045 1101; x_wconf 87' lang='lat' dir='ltr'><strong>virorum</strong></span> <span class='ocrx_word' id='word_1_93' title='bbox 1083 1044 1230 1099; x_wconf 89' lang='lat' dir='ltr'><strong>mira</strong></span> <span class='ocrx_word' id='word_1_94' title='bbox 1257 1047 1314 1098; x_wconf 92' lang='lat' dir='ltr'><strong>et</strong></span> <span class='ocrx_word' id='word_1_95' title='bbox 1341 1042 1623 1097; x_wconf 87' lang='lat' dir='ltr'><strong>inusitata</strong></span> <span class='ocrx_word' id='word_1_96' title='bbox 1653 1056 1829 1113; x_wconf 81' lang='lat' dir='ltr'><strong>opera</strong></span> <span class='ocrx_word' id='word_1_97' title='bbox 1867 1055 1964 1111; x_wconf 81' lang='lat' dir='ltr'><strong>pos</strong></span> 
     </span>
    </p>
   </div>
   <div class='ocr_carea' id='block_1_16' title="bbox 2191 1033 3743 1120">
    <p class='ocr_par' dir='ltr' id='par_1_16' title="bbox 2191 1033 3743 1119">
     <span class='ocr_line' id='line_1_16' title="bbox 2191 1033 3743 1119; baseline 0.006 -29"><span class='ocrx_word' id='word_1_98' title='bbox 2191 1033 2553 1111; x_wconf 79' lang='grc' dir='ltr'>ταντοδυνάμῳ</span> <span class='ocrx_word' id='word_1_99' title='bbox 2603 1041 2897 1115; x_wconf 78' lang='grc' dir='ltr'>βοηθοῦντι</span> <span class='ocrx_word' id='word_1_100' title='bbox 2951 1041 3003 1097; x_wconf 85' lang='grc' dir='ltr'>ἐν</span> <span class='ocrx_word' id='word_1_101' title='bbox 3047 1042 3269 1118; x_wconf 80' lang='grc' dir='ltr'>ἀγαθοῖς</span> <span class='ocrx_word' id='word_1_102' title='bbox 3301 1044 3627 1119; x_wconf 75' lang='grc' dir='ltr'>καθ’ἡμὲραν</span> <span class='ocrx_word' id='word_1_103' title='bbox 3674 1043 3743 1099; x_wconf 79' lang='grc' dir='ltr'><strong>δυ-</strong></span> 
     </span>
    </p>
   </div>
   <div class='ocr_carea' id='block_1_17' title="bbox 403 1124 1955 1210">
    <p class='ocr_par' dir='ltr' id='par_1_17' title="bbox 403 1129 1955 1210">
     <span class='ocr_line' id='line_1_17' title="bbox 403 1129 1955 1210; baseline -0.008 -16"><span class='ocrx_word' id='word_1_104' title='bbox 403 1153 707 1210; x_wconf 83' lang='lat' dir='ltr'><strong>exponere,</strong></span> <span class='ocrx_word' id='word_1_105' title='bbox 742 1151 874 1191; x_wconf 88' lang='lat' dir='ltr'><strong>cum</strong></span> <span class='ocrx_word' id='word_1_106' title='bbox 907 1150 979 1189; x_wconf 91' lang='lat' dir='ltr'><strong>ne</strong></span> <span class='ocrx_word' id='word_1_107' title='bbox 1008 1133 1122 1205; x_wconf 83' lang='lat' dir='ltr'><strong>ipsi</strong></span> <span class='ocrx_word' id='word_1_108' title='bbox 1146 1132 1381 1204; x_wconf 86' lang='lat' dir='ltr'><strong>quidem</strong></span> <span class='ocrx_word' id='word_1_109' title='bbox 1416 1132 1676 1186; x_wconf 90' lang='lat' dir='ltr'><strong>humana</strong></span> <span class='ocrx_word' id='word_1_110' title='bbox 1698 1129 1955 1185; x_wconf 75' lang='lat' dir='ltr'><strong>ratione:</strong></span> 
     </span>
    </p>
   </div>
   <div class='ocr_carea' id='block_1_18' title="bbox 2190 1124 3742 1210">
    <p class='ocr_par' dir='ltr' id='par_1_18' title="bbox 2190 1124 3742 1209">
     <span class='ocr_line' id='line_1_18' title="bbox 2190 1124 3742 1209; baseline 0.005 -30"><span class='ocrx_word' id='word_1_111' title='bbox 2190 1124 2346 1198; x_wconf 86' lang='grc' dir='ltr'>άμεσι</span> <span class='ocrx_word' id='word_1_112' title='bbox 2397 1126 2486 1181; x_wconf 76' lang='grc' dir='ltr'><strong>καὶ</strong></span> <span class='ocrx_word' id='word_1_113' title='bbox 2545 1130 2795 1202; x_wconf 89' lang='grc' dir='ltr'>σημείοις</span> <span class='ocrx_word' id='word_1_114' title='bbox 2855 1130 3246 1206; x_wconf 84' lang='grc' dir='ltr'>διαλάμπουσι.</span> <span class='ocrx_word' id='word_1_115' title='bbox 3280 1138 3441 1194; x_wconf 86' lang='grc' dir='ltr'>ΙΙοῖος</span> <span class='ocrx_word' id='word_1_116' title='bbox 3487 1133 3568 1187; x_wconf 75' lang='grc' dir='ltr'><strong>οὖν</strong></span> <span class='ocrx_word' id='word_1_117' title='bbox 3619 1132 3742 1209; x_wconf 79' lang='grc' dir='ltr'>λόγος</span> 
     </span>
    </p>
   </div>
   <div class='ocr_carea' id='block_1_19' title="bbox 402 1214 1954 1298">
    <p class='ocr_par' dir='ltr' id='par_1_19' title="bbox 402 1216 1953 1297">
     <span class='ocr_line' id='line_1_19' title="bbox 402 1216 1953 1297; baseline -0.005 -16"><span class='ocrx_word' id='word_1_118' title='bbox 402 1225 727 1297; x_wconf 81' lang='lat' dir='ltr'><strong>intelligere</strong></span> <span class='ocrx_word' id='word_1_119' title='bbox 760 1221 1035 1296; x_wconf 85' lang='lat' dir='ltr'><strong>possint?</strong></span> <span class='ocrx_word' id='word_1_120' title='bbox 1064 1221 1317 1293; x_wconf 62' lang='lat' dir='ltr'><strong>IEgrotis</strong></span> <span class='ocrx_word' id='word_1_121' title='bbox 1340 1221 1495 1274; x_wconf 88' lang='lat' dir='ltr'><strong>enim</strong></span> <span class='ocrx_word' id='word_1_122' title='bbox 1521 1218 1793 1287; x_wconf 80' lang='lat' dir='ltr'><strong>salutem,</strong></span> <span class='ocrx_word' id='word_1_123' title='bbox 1824 1216 1953 1273; x_wconf 91' lang='lat' dir='ltr'><strong>clau</strong></span> 
     </span>
    </p>
   </div>
   <div class='ocr_carea' id='block_1_20' title="bbox 2196 1214 3748 1298">
    <p class='ocr_par' dir='ltr' id='par_1_20' title="bbox 2226 1214 3748 1298">
     <span class='ocr_line' id='line_1_20' title="bbox 2226 1214 3748 1298; baseline 0.005 -29"><span class='ocrx_word' id='word_1_124' title='bbox 2226 1214 2357 1270; x_wconf 85' lang='grc' dir='ltr'>ποία</span> <span class='ocrx_word' id='word_1_125' title='bbox 2411 1214 2632 1292; x_wconf 84' lang='grc' dir='ltr'>γλῶσσα</span> <span class='ocrx_word' id='word_1_126' title='bbox 2685 1219 2955 1276; x_wconf 79' lang='grc' dir='ltr'><strong>τοσούτων</strong></span> <span class='ocrx_word' id='word_1_127' title='bbox 3019 1221 3304 1298; x_wconf 85' lang='grc' dir='ltr'>μαρτύρων</span> <span class='ocrx_word' id='word_1_128' title='bbox 3346 1219 3614 1295; x_wconf 69' lang='grc' dir='ltr'>ἐπαρκέσαι</span> <span class='ocrx_word' id='word_1_129' title='bbox 3662 1220 3748 1293; x_wconf 62' lang='lat'><strong>6:7,-</strong></span> 
     </span>
    </p>
   </div>
   <div class='ocr_carea' id='block_1_21' title="bbox 399 1304 1951 1382">
    <p class='ocr_par' dir='ltr' id='par_1_21' title="bbox 399 1308 1951 1379">
     <span class='ocr_line' id='line_1_21' title="bbox 399 1308 1951 1379; baseline -0.005 -9"><span class='ocrx_word' id='word_1_130' title='bbox 399 1315 722 1379; x_wconf 89' lang='lat' dir='ltr'><strong>incessum,</strong></span> <span class='ocrx_word' id='word_1_131' title='bbox 756 1312 922 1367; x_wconf 61' lang='lat' dir='ltr'><strong>cacis</strong></span> <span class='ocrx_word' id='word_1_132' title='bbox 952 1310 1174 1379; x_wconf 85' lang='lat' dir='ltr'><strong>lumen,</strong></span> <span class='ocrx_word' id='word_1_133' title='bbox 1203 1310 1400 1365; x_wconf 89' lang='lat' dir='ltr'><strong>surdis</strong></span> <span class='ocrx_word' id='word_1_134' title='bbox 1432 1308 1723 1375; x_wconf 87' lang='lat' dir='ltr'><strong>auditum,</strong></span> <span class='ocrx_word' id='word_1_135' title='bbox 1783 1312 1840 1363; x_wconf 90' lang='lat' dir='ltr'><strong>et</strong></span> <span class='ocrx_word' id='word_1_136' title='bbox 1871 1323 1951 1362; x_wconf 74' lang='lat' dir='ltr'><strong>mi</strong></span> 
     </span>
    </p>
   </div>
   <div class='ocr_carea' id='block_1_22' title="bbox 2195 1304 3747 1382">
    <p class='ocr_par' dir='ltr' id='par_1_22' title="bbox 2195 1304 3747 1382">
     <span class='ocr_line' id='line_1_22' title="bbox 2195 1304 3747 1382; baseline 0.003 -24"><span class='ocrx_word' id='word_1_137' title='bbox 2195 1305 2421 1374; x_wconf 76' lang='grc' dir='ltr'>ήσασθαι</span> <span class='ocrx_word' id='word_1_138' title='bbox 2480 1306 2575 1369; x_wconf 78' lang='grc' dir='ltr'>τὰς</span> <span class='ocrx_word' id='word_1_139' title='bbox 2634 1304 2908 1382; x_wconf 80' lang='grc' dir='ltr'>δυνάμεις,</span> <span class='ocrx_word' id='word_1_140' title='bbox 2943 1310 3141 1365; x_wconf 84' lang='grc' dir='ltr'>ὁπόταν</span> <span class='ocrx_word' id='word_1_141' title='bbox 3202 1310 3327 1367; x_wconf 74' lang='grc' dir='ltr'>οὐδὲ</span> <span class='ocrx_word' id='word_1_142' title='bbox 3374 1311 3521 1365; x_wconf 78' lang='grc' dir='ltr'>αὐτοὶ</span> <span class='ocrx_word' id='word_1_143' title='bbox 3553 1309 3747 1365; x_wconf 81' lang='grc' dir='ltr'>δύνανται</span> 
     </span>
    </p>
   </div>
   <div class='ocr_carea' id='block_1_23' title="bbox 402 1393 1954 1471">
    <p class='ocr_par' dir='ltr' id='par_1_23' title="bbox 402 1395 1952 1470">
     <span class='ocr_line' id='line_1_23' title="bbox 402 1395 1952 1470; baseline -0.006 -10"><span class='ocrx_word' id='word_1_144' title='bbox 402 1418 733 1460; x_wconf 79' lang='lat' dir='ltr'><strong>sermonem</strong></span> <span class='ocrx_word' id='word_1_145' title='bbox 766 1401 998 1469; x_wconf 86' lang='lat' dir='ltr'><strong>dantes,</strong></span> <span class='ocrx_word' id='word_1_146' title='bbox 1047 1399 1505 1470; x_wconf 85' lang='lat' dir='ltr'><strong>immundosque</strong></span> <span class='ocrx_word' id='word_1_147' title='bbox 1553 1397 1801 1470; x_wconf 78' lang='lat' dir='ltr'><strong>spiritus</strong></span> <span class='ocrx_word' id='word_1_148' title='bbox 1850 1395 1952 1468; x_wconf 91' lang='lat' dir='ltr'><strong>qui</strong></span> 
     </span>
    </p>
   </div>
   <div class='ocr_carea' id='block_1_24' title="bbox 2195 1393 3747 1471">
    <p class='ocr_par' dir='ltr' id='par_1_24' title="bbox 2195 1394 3747 1471">
     <span class='ocr_line' id='line_1_24' title="bbox 2195 1394 3747 1471; baseline 0.005 -23"><span class='ocrx_word' id='word_1_149' title='bbox 2195 1394 2487 1471; x_wconf 85' lang='grc' dir='ltr'>νθρωπίνῳ</span> <span class='ocrx_word' id='word_1_150' title='bbox 2542 1394 2799 1471; x_wconf 81' lang='grc' dir='ltr'>λογισμῷ</span> <span class='ocrx_word' id='word_1_151' title='bbox 2852 1407 3183 1469; x_wconf 82' lang='grc' dir='ltr'>κατανοῆσαι</span> <span class='ocrx_word' id='word_1_152' title='bbox 3230 1401 3296 1453; x_wconf 78' lang='grc' dir='ltr'>τὰ</span> <span class='ocrx_word' id='word_1_153' title='bbox 3349 1399 3747 1470; x_wconf 69' lang='grc' dir='ltr'>ἒαυτῶνςἊσθε-</span> 
     </span>
    </p>
   </div>
   <div class='ocr_carea' id='block_1_25' title="bbox 401 1484 1953 1567">
    <p class='ocr_par' dir='ltr' id='par_1_25' title="bbox 401 1486 1951 1563">
     <span class='ocr_line' id='line_1_25' title="bbox 401 1486 1951 1563; baseline -0.005 -14"><span class='ocrx_word' id='word_1_154' title='bbox 401 1490 746 1563; x_wconf 86' lang='lat' dir='ltr'><strong>corporibus</strong></span> <span class='ocrx_word' id='word_1_155' title='bbox 775 1489 1036 1546; x_wconf 85' lang='lat' dir='ltr'><strong>insident</strong></span> <span class='ocrx_word' id='word_1_156' title='bbox 1075 1488 1458 1561; x_wconf 86' lang='lat' dir='ltr'><strong>exagitantes,</strong></span> <span class='ocrx_word' id='word_1_157' title='bbox 1509 1486 1746 1543; x_wconf 90' lang='lat' dir='ltr'><strong>assidue</strong></span> <span class='ocrx_word' id='word_1_158' title='bbox 1794 1500 1951 1542; x_wconf 87' lang='lat' dir='ltr'><strong>reme</strong></span> 
     </span>
    </p>
   </div>
   <div class='ocr_carea' id='block_1_26' title="bbox 2196 1484 3748 1567">
    <p class='ocr_par' dir='ltr' id='par_1_26' title="bbox 2196 1484 3748 1567">
     <span class='ocr_line' id='line_1_26' title="bbox 2196 1484 3748 1567; baseline 0.003 -30"><span class='ocrx_word' id='word_1_159' title='bbox 2196 1487 2312 1538; x_wconf 79' lang='grc' dir='ltr'>οὖσι</span> <span class='ocrx_word' id='word_1_160' title='bbox 2357 1484 2461 1561; x_wconf 79' lang='grc' dir='ltr'>γὰρ</span> <span class='ocrx_word' id='word_1_161' title='bbox 2517 1486 2812 1563; x_wconf 82' lang='grc' dir='ltr'>σωτηρίαν,</span> <span class='ocrx_word' id='word_1_162' title='bbox 2842 1486 3058 1564; x_wconf 85' lang='grc' dir='ltr'>χωλοῖς</span> <span class='ocrx_word' id='word_1_163' title='bbox 3101 1489 3163 1544; x_wconf 90' lang='grc' dir='ltr'>τὸ</span> <span class='ocrx_word' id='word_1_164' title='bbox 3212 1495 3543 1563; x_wconf 83' lang='grc' dir='ltr'>περιπατεῖν,</span> <span class='ocrx_word' id='word_1_165' title='bbox 3566 1488 3748 1567; x_wconf 67' lang='grc' dir='ltr'>τυφλοῖς</span> 
     </span>
    </p>
   </div>
   <div class='ocr_carea' id='block_1_27' title="bbox 402 1574 3749 1651">
    <p class='ocr_par' dir='ltr' id='par_1_27' title="bbox 402 1574 3749 1651">
     <span class='ocr_line' id='line_1_27' title="bbox 402 1574 3749 1651; baseline -0.001 -15"><span class='ocrx_word' id='word_1_166' title='bbox 402 1580 677 1637; x_wconf 83' lang='lat' dir='ltr'><strong>aﬂ‘erunt.</strong></span> <span class='ocrx_word' id='word_1_167' title='bbox 2160 1575 2300 1649; x_wconf 79' lang='grc' dir='ltr'>φῶς,</span> <span class='ocrx_word' id='word_1_168' title='bbox 2329 1578 2537 1649; x_wconf 77' lang='grc' dir='ltr'>κωφοῖς</span> <span class='ocrx_word' id='word_1_169' title='bbox 2564 1576 2626 1629; x_wconf 76' lang='grc' dir='ltr'>τὸ</span> <span class='ocrx_word' id='word_1_170' title='bbox 2656 1575 2894 1645; x_wconf 75' lang='grc' dir='ltr'>ἀκούειν,</span> <span class='ocrx_word' id='word_1_171' title='bbox 2922 1577 3013 1632; x_wconf 86' lang='grc' dir='ltr'><strong>καὶ</strong></span> <span class='ocrx_word' id='word_1_172' title='bbox 3043 1574 3279 1639; x_wconf 79' lang='grc' dir='ltr'>ἀλάλοις</span> <span class='ocrx_word' id='word_1_173' title='bbox 3325 1574 3552 1639; x_wconf 81' lang='grc' dir='ltr'>διδόντες</span> <span class='ocrx_word' id='word_1_174' title='bbox 3600 1575 3749 1651; x_wconf 77' lang='grc' dir='ltr'>λόγον.</span> 
     </span>
    </p>
   </div>
   <div class='ocr_carea' id='block_1_28' title="bbox 2158 1661 3749 1743">
    <p class='ocr_par' dir='ltr' id='par_1_28' title="bbox 2158 1661 3749 1743">
     <span class='ocr_line' id='line_1_28' title="bbox 2158 1661 3749 1743; baseline 0.002 -27"><span class='ocrx_word' id='word_1_175' title='bbox 2158 1661 2245 1716; x_wconf 82' lang='grc' dir='ltr'><strong>καὶ</strong></span> <span class='ocrx_word' id='word_1_176' title='bbox 2279 1662 2552 1740; x_wconf 80' lang='grc' dir='ltr'>ἀκάθαρτα</span> <span class='ocrx_word' id='word_1_177' title='bbox 2606 1663 2887 1739; x_wconf 88' lang='grc' dir='ltr'>πνεύματα</span> <span class='ocrx_word' id='word_1_178' title='bbox 2941 1663 3342 1743; x_wconf 86' lang='grc' dir='ltr'>παρεδρεύοντα</span> <span class='ocrx_word' id='word_1_179' title='bbox 3397 1671 3509 1723; x_wconf 73' lang='grc' dir='ltr'>τοῖς</span> <span class='ocrx_word' id='word_1_180' title='bbox 3556 1667 3749 1738; x_wconf 70' lang='grc' dir='ltr'>σώμασιν</span> 
     </span>
    </p>
   </div>
   <div class='ocr_carea' id='block_1_29' title="bbox 2159 1747 3519 1831">
    <p class='ocr_par' dir='ltr' id='par_1_29' title="bbox 2159 1747 3519 1831">
     <span class='ocr_line' id='line_1_29' title="bbox 2159 1747 3519 1831; baseline 0.004 -27"><span class='ocrx_word' id='word_1_181' title='bbox 2159 1747 2531 1823; x_wconf 79' lang='grc' dir='ltr'>ἒκδιώκοντες,</span> <span class='ocrx_word' id='word_1_182' title='bbox 2562 1752 2846 1817; x_wconf 79' lang='grc' dir='ltr'>ἀπαύστως</span> <span class='ocrx_word' id='word_1_183' title='bbox 2877 1754 3179 1831; x_wconf 71' lang='grc' dir='ltr'>παρέχουσι</span> <span class='ocrx_word' id='word_1_184' title='bbox 3209 1755 3305 1816; x_wconf 74' lang='grc' dir='ltr'>τὰς</span> <span class='ocrx_word' id='word_1_185' title='bbox 3340 1754 3519 1818; x_wconf 80' lang='grc' dir='ltr'>ἰάσεις.</span> 
     </span>
    </p>
   </div>
   <div class='ocr_carea' id='block_1_30' title="bbox 470 1840 2022 1947">
    <p class='ocr_par' dir='ltr' id='par_1_30' title="bbox 470 1840 2022 1916">
     <span class='ocr_line' id='line_1_30' title="bbox 470 1840 2022 1916; baseline -0.005 -15"><span class='ocrx_word' id='word_1_186' title='bbox 470 1845 588 1901; x_wconf 86' lang='lat' dir='ltr'><strong>Nos</strong></span> <span class='ocrx_word' id='word_1_187' title='bbox 619 1859 853 1916; x_wconf 91' lang='lat' dir='ltr'><strong>quoque</strong></span> <span class='ocrx_word' id='word_1_188' title='bbox 884 1847 941 1899; x_wconf 88' lang='lat' dir='ltr'><strong>et</strong></span> <span class='ocrx_word' id='word_1_189' title='bbox 970 1841 1215 1899; x_wconf 88' lang='lat' dir='ltr'><strong>salutari</strong></span> <span class='ocrx_word' id='word_1_190' title='bbox 1240 1844 1394 1909; x_wconf 89' lang='lat' dir='ltr'><strong>voto,</strong></span> <span class='ocrx_word' id='word_1_191' title='bbox 1417 1844 1497 1907; x_wconf 76' lang='lat' dir='ltr'><strong>et!</strong></span> <span class='ocrx_word' id='word_1_192' title='bbox 1516 1841 1688 1897; x_wconf 90' lang='lat' dir='ltr'><strong>beata</strong></span> <span class='ocrx_word' id='word_1_193' title='bbox 1717 1840 2022 1897; x_wconf 84' lang='lat' dir='ltr'><strong>obedienti:</strong></span> 
     </span>
    </p>
   </div>
   <div class='ocr_carea' id='block_1_31' title="bbox 2198 1840 3750 1947">
    <p class='ocr_par' dir='ltr' id='par_1_31' title="bbox 2229 1840 3750 1947">
     <span class='ocr_line' id='line_1_31' title="bbox 2229 1840 3750 1919; baseline 0 -22"><span class='ocrx_word' id='word_1_194' title='bbox 2229 1840 2336 1897; x_wconf 87' lang='grc' dir='ltr'><strong>Καὶ</strong></span> <span class='ocrx_word' id='word_1_195' title='bbox 2388 1842 2565 1917; x_wconf 80' lang='grc' dir='ltr'>ἀγαθῇ</span> <span class='ocrx_word' id='word_1_196' title='bbox 2616 1843 2756 1919; x_wconf 79' lang='grc' dir='ltr'>εὐχῇ</span> <span class='ocrx_word' id='word_1_197' title='bbox 2813 1846 2903 1900; x_wconf 82' lang='grc' dir='ltr'><strong>καὶ</strong></span> <span class='ocrx_word' id='word_1_198' title='bbox 2947 1846 3188 1918; x_wconf 77' lang='grc' dir='ltr'>μακαρίᾳ</span> <span class='ocrx_word' id='word_1_199' title='bbox 3222 1844 3434 1919; x_wconf 81' lang='grc' dir='ltr'>ὑπακοῇ</span> <span class='ocrx_word' id='word_1_200' title='bbox 3465 1845 3750 1916; x_wconf 74' lang='grc' dir='ltr'>πιαινόμενοι</span> 
     </span>
     <span class='ocr_line' id='line_1_32' title="bbox 2271 1929 3608 1947; baseline 0.001 -2"><span class='ocrx_word' id='word_1_201' title='bbox 2271 1935 2293 1945; x_wconf 86' lang='grc'><strong>..</strong></span> <span class='ocrx_word' id='word_1_202' title='bbox 2405 1929 2419 1947; x_wconf 81' lang='grc'>,</span> <span class='ocrx_word' id='word_1_203' title='bbox 2523 1932 2537 1947; x_wconf 60' lang='grc' dir='ltr'><strong>ε</strong></span> <span class='ocrx_word' id='word_1_204' title='bbox 2615 1932 2627 1947; x_wconf 70' lang='grc' dir='ltr'><strong>ι</strong></span> <span class='ocrx_word' id='word_1_205' title='bbox 2737 1932 2776 1947; x_wconf 56' lang='grc' dir='ltr'><strong>,κ</strong></span> <span class='ocrx_word' id='word_1_206' title='bbox 3004 1935 3018 1947; x_wconf 90' lang='grc'><strong><em>.</em></strong></span> <span class='ocrx_word' id='word_1_207' title='bbox 3091 1934 3104 1947; x_wconf 80' lang='lat'><strong>.</strong></span> <span class='ocrx_word' id='word_1_208' title='bbox 3163 1935 3206 1947; x_wconf 77' lang='lat'><strong>._</strong></span> <span class='ocrx_word' id='word_1_209' title='bbox 3388 1939 3415 1947; x_wconf 48' lang='grc' dir='ltr'>η</span> <span class='ocrx_word' id='word_1_210' title='bbox 3531 1933 3542 1947; x_wconf 84' lang='grc'><em>,</em></span> <span class='ocrx_word' id='word_1_211' title='bbox 3586 1938 3608 1947; x_wconf 91' lang='grc'><strong>-</strong></span> 
     </span>
    </p>
   </div>
   <div class='ocr_carea' id='block_1_32' title="bbox 402 1929 1954 2007">
    <p class='ocr_par' dir='ltr' id='par_1_32' title="bbox 402 1931 1954 2005">
     <span class='ocr_line' id='line_1_33' title="bbox 402 1931 1954 2005; baseline -0.003 -15"><span class='ocrx_word' id='word_1_212' title='bbox 402 1934 634 2002; x_wconf 87' lang='lat' dir='ltr'><strong>divites,</strong></span> <span class='ocrx_word' id='word_1_213' title='bbox 659 1934 769 1990; x_wconf 85' lang='lat' dir='ltr'><strong>etsi</strong></span> <span class='ocrx_word' id='word_1_214' title='bbox 797 1933 1051 1989; x_wconf 81' lang='lat' dir='ltr'><strong>maxime</strong></span> <span class='ocrx_word' id='word_1_215' title='bbox 1080 1931 1379 2005; x_wconf 88' lang='lat' dir='ltr'><strong>indignos,</strong></span> <span class='ocrx_word' id='word_1_216' title='bbox 1408 1947 1612 1987; x_wconf 88' lang='lat' dir='ltr'><strong>eorum</strong></span> <span class='ocrx_word' id='word_1_217' title='bbox 1634 1934 1831 1987; x_wconf 89' lang='lat' dir='ltr'><strong>tamen</strong></span> <span class='ocrx_word' id='word_1_218' title='bbox 1865 1946 1954 2002; x_wconf 77' lang='lat' dir='ltr'><strong>pre</strong></span> 
     </span>
    </p>
   </div>
   <div class='ocr_carea' id='block_1_33' title="bbox 2195 1929 3747 2007">
    <p class='ocr_par' dir='ltr' id='par_1_33' title="bbox 2202 1929 3747 2007">
     <span class='ocr_line' id='line_1_34' title="bbox 2202 1929 3747 2007; baseline 0.001 -24"><span class='ocrx_word' id='word_1_219' title='bbox 2202 1935 2343 2003; x_wconf 81' lang='grc' dir='ltr'>μεῖς,</span> <span class='ocrx_word' id='word_1_220' title='bbox 2376 1929 2421 1984; x_wconf 78' lang='grc' dir='ltr'>εἰ</span> <span class='ocrx_word' id='word_1_221' title='bbox 2454 1932 2637 1986; x_wconf 81' lang='grc' dir='ltr'>καὶτὰ</span> <span class='ocrx_word' id='word_1_222' title='bbox 2679 1932 2916 2005; x_wconf 82' lang='grc' dir='ltr'>μάλιστα</span> <span class='ocrx_word' id='word_1_223' title='bbox 2971 1935 3022 1988; x_wconf 73' lang='grc' dir='ltr'>οἱ</span> <span class='ocrx_word' id='word_1_224' title='bbox 3080 1934 3286 2007; x_wconf 82' lang='grc' dir='ltr'>ἀνάξιοι</span> <span class='ocrx_word' id='word_1_225' title='bbox 3326 1939 3443 1994; x_wconf 83' lang='grc' dir='ltr'>ταῖς</span> <span class='ocrx_word' id='word_1_226' title='bbox 3490 1933 3641 1988; x_wconf 73' lang='grc' dir='ltr'>αὐτῶν</span> <span class='ocrx_word' id='word_1_227' title='bbox 3684 1954 3747 1986; x_wconf 73' lang='grc' dir='ltr'>πι-</span> 
     </span>
    </p>
   </div>
   <div class='ocr_carea' id='block_1_34' title="bbox 407 2019 1959 2098">
    <p class='ocr_par' dir='ltr' id='par_1_34' title="bbox 407 2020 1959 2093">
     <span class='ocr_line' id='line_1_35' title="bbox 407 2020 1959 2093; baseline -0.005 -13"><span class='ocrx_word' id='word_1_228' title='bbox 407 2024 519 2080; x_wconf 89' lang='lat' dir='ltr'><strong>bus</strong></span> <span class='ocrx_word' id='word_1_229' title='bbox 550 2023 808 2093; x_wconf 79' lang='lat' dir='ltr'><strong>adjutos,</strong></span> <span class='ocrx_word' id='word_1_230' title='bbox 857 2021 1108 2078; x_wconf 89' lang='lat' dir='ltr'><strong>salutem</strong></span> <span class='ocrx_word' id='word_1_231' title='bbox 1140 2026 1514 2078; x_wconf 87' lang='lat' dir='ltr'><strong>assecuturos</strong></span> <span class='ocrx_word' id='word_1_232' title='bbox 1553 2020 1900 2087; x_wconf 88' lang='lat' dir='ltr'><strong>credamus;</strong></span> <span class='ocrx_word' id='word_1_233' title='bbox 1951 2037 1959 2073; x_wconf 75' lang='grc' dir='ltr'><strong>ι</strong></span> 
     </span>
    </p>
   </div>
   <div class='ocr_carea' id='block_1_35' title="bbox 2198 2019 3750 2098">
    <p class='ocr_par' dir='ltr' id='par_1_35' title="bbox 2198 2019 3750 2098">
     <span class='ocr_line' id='line_1_36' title="bbox 2198 2019 3750 2098; baseline 0.001 -25"><span class='ocrx_word' id='word_1_234' title='bbox 2198 2019 2414 2092; x_wconf 79' lang='grc' dir='ltr'>τεύομεν</span> <span class='ocrx_word' id='word_1_235' title='bbox 2474 2028 2807 2096; x_wconf 82' lang='grc' dir='ltr'>προσευχαῖς</span> <span class='ocrx_word' id='word_1_236' title='bbox 2868 2022 3231 2098; x_wconf 77' lang='grc' dir='ltr'>βοηθούμενοι</span> <span class='ocrx_word' id='word_1_237' title='bbox 3290 2024 3563 2092; x_wconf 77' lang='grc' dir='ltr'>σώζεσθαι,</span> <span class='ocrx_word' id='word_1_238' title='bbox 3609 2024 3638 2092; x_wconf 64' lang='grc' dir='ltr'><strong>ἢ</strong></span> <span class='ocrx_word' id='word_1_239' title='bbox 3684 2020 3750 2076; x_wconf 76' lang='grc' dir='ltr'><strong>καὶ</strong></span> 
     </span>
    </p>
   </div>
   <div class='ocr_carea' id='block_1_36' title="bbox 336 2104 1888 2183">
    <p class='ocr_par' dir='ltr' id='par_1_36' title="bbox 336 2109 1888 2182">
     <span class='ocr_line' id='line_1_37' title="bbox 336 2109 1888 2182; baseline -0.003 -15"><span class='ocrx_word' id='word_1_240' title='bbox 336 2170 341 2175; x_wconf 58' lang='grc'><strong>,</strong></span> <span class='ocrx_word' id='word_1_241' title='bbox 405 2113 583 2168; x_wconf 89' lang='lat' dir='ltr'><strong>etiam</strong></span> <span class='ocrx_word' id='word_1_242' title='bbox 629 2111 841 2167; x_wconf 78' lang='lat' dir='ltr'><strong>deserti</strong></span> <span class='ocrx_word' id='word_1_243' title='bbox 890 2116 954 2167; x_wconf 90' lang='lat' dir='ltr'><strong>ut</strong></span> <span class='ocrx_word' id='word_1_244' title='bbox 985 2110 1232 2182; x_wconf 83' lang='lat' dir='ltr'><strong>indigni,</strong></span> <span class='ocrx_word' id='word_1_245' title='bbox 1268 2110 1548 2166; x_wconf 84' lang='lat' dir='ltr'><strong>faciamus</strong></span> <span class='ocrx_word' id='word_1_246' title='bbox 1597 2114 1661 2165; x_wconf 91' lang='lat' dir='ltr'><strong>ut</strong></span> <span class='ocrx_word' id='word_1_247' title='bbox 1715 2110 1773 2164; x_wconf 92' lang='lat' dir='ltr'><strong>in</strong></span> <span class='ocrx_word' id='word_1_248' title='bbox 1817 2109 1888 2164; x_wconf 77' lang='grc' dir='ltr'>ἱΙΙι</span> 
     </span>
    </p>
   </div>
   <div class='ocr_carea' id='block_1_37' title="bbox 2197 2104 3749 2183">
    <p class='ocr_par' dir='ltr' id='par_1_37' title="bbox 2197 2108 3749 2183">
     <span class='ocr_line' id='line_1_38' title="bbox 2197 2108 3749 2183; baseline 0.002 -22"><span class='ocrx_word' id='word_1_249' title='bbox 2197 2108 2492 2180; x_wconf 77' lang='grc' dir='ltr'>ξιστάμινοι</span> <span class='ocrx_word' id='word_1_250' title='bbox 2526 2109 2599 2171; x_wconf 82' lang='grc' dir='ltr'>ὡς</span> <span class='ocrx_word' id='word_1_251' title='bbox 2630 2109 2835 2181; x_wconf 82' lang='grc' dir='ltr'>ἀνάξιοι</span> <span class='ocrx_word' id='word_1_252' title='bbox 2873 2112 2967 2173; x_wconf 77' lang='grc' dir='ltr'>τὰς</span> <span class='ocrx_word' id='word_1_253' title='bbox 3015 2110 3190 2166; x_wconf 80' lang='grc' dir='ltr'>αὐτῶν</span> <span class='ocrx_word' id='word_1_254' title='bbox 3242 2113 3378 2183; x_wconf 73' lang='grc' dir='ltr'>ἡμῖν</span> <span class='ocrx_word' id='word_1_255' title='bbox 3432 2111 3569 2182; x_wconf 77' lang='grc' dir='ltr'>ἀξίας</span> <span class='ocrx_word' id='word_1_256' title='bbox 3618 2129 3749 2182; x_wconf 72' lang='grc' dir='ltr'>παρα-</span> 
     </span>
    </p>
   </div>
   <div class='ocr_carea' id='block_1_38' title="bbox 411 2194 1963 2275">
    <p class='ocr_par' dir='ltr' id='par_1_38' title="bbox 411 2198 1963 2272">
     <span class='ocr_line' id='line_1_39' title="bbox 411 2198 1963 2272; baseline -0.002 -16"><span class='ocrx_word' id='word_1_257' title='bbox 411 2200 639 2256; x_wconf 88' lang='lat' dir='ltr'><strong>meritis</strong></span> <span class='ocrx_word' id='word_1_258' title='bbox 662 2200 740 2257; x_wconf 88' lang='lat' dir='ltr'><strong>sit</strong></span> <span class='ocrx_word' id='word_1_259' title='bbox 771 2200 944 2256; x_wconf 89' lang='lat' dir='ltr'><strong>nobis</strong></span> <span class='ocrx_word' id='word_1_260' title='bbox 964 2200 1254 2256; x_wconf 86' lang='lat' dir='ltr'><strong>auxilium</strong></span> <span class='ocrx_word' id='word_1_261' title='bbox 1299 2204 1357 2255; x_wconf 90' lang='lat' dir='ltr'><strong>et</strong></span> <span class='ocrx_word' id='word_1_262' title='bbox 1396 2200 1737 2272; x_wconf 67' lang='lat' dir='ltr'><strong>praesidium</strong></span> <span class='ocrx_word' id='word_1_263' title='bbox 1766 2198 1963 2255; x_wconf 66' lang='lat' dir='ltr'><strong>constii</strong></span> 
     </span>
    </p>
   </div>
   <div class='ocr_carea' id='block_1_39' title="bbox 2200 2194 3752 2275">
    <p class='ocr_par' dir='ltr' id='par_1_39' title="bbox 2200 2194 3752 2275">
     <span class='ocr_line' id='line_1_40' title="bbox 2200 2194 3752 2275; baseline 0.001 -25"><span class='ocrx_word' id='word_1_264' title='bbox 2200 2194 2345 2262; x_wconf 71' lang='grc' dir='ltr'>τῆσαι</span> <span class='ocrx_word' id='word_1_265' title='bbox 2374 2198 2691 2272; x_wconf 82' lang='grc' dir='ltr'>πειρώμεθα</span> <span class='ocrx_word' id='word_1_266' title='bbox 2718 2218 2730 2231; x_wconf 82' lang='grc'><em>’</em></span> <span class='ocrx_word' id='word_1_267' title='bbox 2761 2198 2888 2275; x_wconf 83' lang='grc' dir='ltr'>ούχί</span> <span class='ocrx_word' id='word_1_268' title='bbox 2918 2200 3021 2274; x_wconf 81' lang='grc' dir='ltr'>γὰρ</span> <span class='ocrx_word' id='word_1_269' title='bbox 3076 2199 3135 2254; x_wconf 80' lang='grc' dir='ltr'><strong>ἐκ</strong></span> <span class='ocrx_word' id='word_1_270' title='bbox 3189 2205 3300 2255; x_wconf 83' lang='grc' dir='ltr'><strong>τῶν</strong></span> <span class='ocrx_word' id='word_1_271' title='bbox 3352 2200 3619 2273; x_wconf 74' lang='grc' dir='ltr'>ἡμετέρων</span> <span class='ocrx_word' id='word_1_272' title='bbox 3661 2198 3752 2274; x_wconf 84' lang='grc' dir='ltr'>τρό-</span> 
     </span>
    </p>
   </div>
   <div class='ocr_carea' id='block_1_40' title="bbox 407 2286 1959 2365">
    <p class='ocr_par' dir='ltr' id='par_1_40' title="bbox 407 2289 1959 2362">
     <span class='ocr_line' id='line_1_41' title="bbox 407 2289 1959 2362; baseline -0.001 -17"><span class='ocrx_word' id='word_1_273' title='bbox 407 2293 773 2362; x_wconf 84' lang='lat' dir='ltr'><strong>tum.Neque</strong></span> <span class='ocrx_word' id='word_1_274' title='bbox 795 2290 949 2345; x_wconf 89' lang='lat' dir='ltr'><strong>enim</strong></span> <span class='ocrx_word' id='word_1_275' title='bbox 976 2290 1238 2346; x_wconf 86' lang='lat' dir='ltr'><strong>anostris</strong></span> <span class='ocrx_word' id='word_1_276' title='bbox 1265 2289 1528 2345; x_wconf 87' lang='lat' dir='ltr'><strong>moribus</strong></span> <span class='ocrx_word' id='word_1_277' title='bbox 1545 2289 1886 2357; x_wconf 86' lang='lat' dir='ltr'><strong>habuimus,</strong></span> <span class='ocrx_word' id='word_1_278' title='bbox 1903 2305 1959 2343; x_wconf 72' lang='lat' dir='ltr'><strong>at</strong></span> 
     </span>
    </p>
   </div>
   <div class='ocr_carea' id='block_1_41' title="bbox 2200 2286 3752 2365">
    <p class='ocr_par' dir='ltr' id='par_1_41' title="bbox 2201 2286 3752 2365">
     <span class='ocr_line' id='line_1_42' title="bbox 2201 2286 3752 2365; baseline 0.001 -26"><span class='ocrx_word' id='word_1_279' title='bbox 2201 2306 2273 2339; x_wconf 91' lang='grc' dir='ltr'><strong>ων</strong></span> <span class='ocrx_word' id='word_1_280' title='bbox 2306 2286 2377 2339; x_wconf 83' lang='grc' dir='ltr'>ὧν</span> <span class='ocrx_word' id='word_1_281' title='bbox 2412 2288 2742 2359; x_wconf 83' lang='grc' dir='ltr'>κεκτήμεθα,</span> <span class='ocrx_word' id='word_1_282' title='bbox 2776 2287 2812 2356; x_wconf 78' lang='grc' dir='ltr'><strong>ἢ</strong></span> <span class='ocrx_word' id='word_1_283' title='bbox 2858 2287 3033 2360; x_wconf 73' lang='grc' dir='ltr'>οἰκείᾳ</span> <span class='ocrx_word' id='word_1_284' title='bbox 3078 2290 3414 2365; x_wconf 78' lang='grc' dir='ltr'>προγνώσει,</span> <span class='ocrx_word' id='word_1_285' title='bbox 3446 2287 3563 2343; x_wconf 80' lang='grc' dir='ltr'>ἀλλ’</span> <span class='ocrx_word' id='word_1_286' title='bbox 3591 2288 3641 2342; x_wconf 81' lang='grc' dir='ltr'><strong>ἐκ</strong></span> <span class='ocrx_word' id='word_1_287' title='bbox 3677 2308 3752 2341; x_wconf 81' lang='grc' dir='ltr'>πα-</span> 
     </span>
    </p>
   </div>
   <div class='ocr_carea' id='block_1_42' title="bbox 404 2371 1956 2452">
    <p class='ocr_par' dir='ltr' id='par_1_42' title="bbox 404 2379 1954 2451">
     <span class='ocr_line' id='line_1_43' title="bbox 404 2379 1954 2451; baseline -0.002 -16"><span class='ocrx_word' id='word_1_288' title='bbox 404 2384 606 2436; x_wconf 87' lang='lat' dir='ltr'><strong>nostra</strong></span> <span class='ocrx_word' id='word_1_289' title='bbox 634 2380 1014 2451; x_wconf 69' lang='lat' dir='ltr'><strong>praenotione,</strong></span> <span class='ocrx_word' id='word_1_290' title='bbox 1047 2380 1149 2436; x_wconf 89' lang='lat' dir='ltr'><strong>sed</strong></span> <span class='ocrx_word' id='word_1_291' title='bbox 1180 2396 1247 2436; x_wconf 86' lang='lat' dir='ltr'><strong>ex</strong></span> <span class='ocrx_word' id='word_1_292' title='bbox 1278 2379 1457 2435; x_wconf 91' lang='lat' dir='ltr'><strong>veteri</strong></span> <span class='ocrx_word' id='word_1_293' title='bbox 1501 2379 1832 2435; x_wconf 84' lang='lat' dir='ltr'><strong>narratione</strong></span> <span class='ocrx_word' id='word_1_294' title='bbox 1881 2395 1954 2433; x_wconf 89' lang='lat' dir='ltr'><strong>no</strong></span> 
     </span>
    </p>
   </div>
   <div class='ocr_carea' id='block_1_43' title="bbox 2204 2371 3756 2452">
    <p class='ocr_par' dir='ltr' id='par_1_43' title="bbox 2204 2371 3756 2452">
     <span class='ocr_line' id='line_1_44' title="bbox 2204 2371 3756 2452; baseline 0.001 -24"><span class='ocrx_word' id='word_1_295' title='bbox 2204 2379 2314 2435; x_wconf 74' lang='grc' dir='ltr'>κιᾶς</span> <span class='ocrx_word' id='word_1_296' title='bbox 2347 2371 2650 2451; x_wconf 75' lang='grc' dir='ltr'>διηγήσεως</span> <span class='ocrx_word' id='word_1_297' title='bbox 2679 2379 2815 2450; x_wconf 78' lang='grc' dir='ltr'>ἡμῖν</span> <span class='ocrx_word' id='word_1_298' title='bbox 2850 2375 3143 2452; x_wconf 69' lang='grc' dir='ltr'>ἐξηνέχθη,</span> <span class='ocrx_word' id='word_1_299' title='bbox 3173 2378 3264 2432; x_wconf 81' lang='grc' dir='ltr'><strong>καὶ</strong></span> <span class='ocrx_word' id='word_1_300' title='bbox 3327 2378 3360 2431; x_wconf 79' lang='grc' dir='ltr'>ἃ</span> <span class='ocrx_word' id='word_1_301' title='bbox 3400 2377 3458 2432; x_wconf 82' lang='grc' dir='ltr'>ἐκ</span> <span class='ocrx_word' id='word_1_302' title='bbox 3502 2379 3670 2451; x_wconf 71' lang='grc' dir='ltr'>μέρους</span> <span class='ocrx_word' id='word_1_303' title='bbox 3713 2375 3756 2429; x_wconf 74' lang='grc' dir='ltr'>ἐκ</span> 
     </span>
    </p>
   </div>
   <div class='ocr_carea' id='block_1_44' title="bbox 387 2463 1939 2542">
    <p class='ocr_par' dir='ltr' id='par_1_44' title="bbox 387 2466 1932 2542">
     <span class='ocr_line' id='line_1_45' title="bbox 387 2466 1932 2542; baseline -0.002 -17"><span class='ocrx_word' id='word_1_304' title='bbox 387 2467 694 2541; x_wconf 64' lang='lat' dir='ltr'><strong>&quot;perlatum</strong></span> <span class='ocrx_word' id='word_1_305' title='bbox 726 2472 847 2525; x_wconf 89' lang='lat' dir='ltr'><strong>est:</strong></span> <span class='ocrx_word' id='word_1_306' title='bbox 880 2486 1127 2541; x_wconf 82' lang='lat' dir='ltr'><strong>quaeque</strong></span> <span class='ocrx_word' id='word_1_307' title='bbox 1158 2466 1393 2542; x_wconf 24' lang='lat' dir='ltr'><strong>pa‘ucaa</strong></span> <span class='ocrx_word' id='word_1_308' title='bbox 1414 2473 1569 2525; x_wconf 87' lang='lat' dir='ltr'><strong>certa</strong></span> <span class='ocrx_word' id='word_1_309' title='bbox 1593 2469 1877 2536; x_wconf 82' lang='lat' dir='ltr'><strong>ﬁrmaque</strong></span> <span class='ocrx_word' id='word_1_310' title='bbox 1901 2485 1932 2522; x_wconf 87' lang='lat' dir='ltr'><strong>a</strong></span> 
     </span>
    </p>
   </div>
   <div class='ocr_carea' id='block_1_45' title="bbox 2202 2463 3754 2542">
    <p class='ocr_par' dir='ltr' id='par_1_45' title="bbox 2202 2463 3754 2541">
     <span class='ocr_line' id='line_1_46' title="bbox 2202 2463 3754 2541; baseline 0 -24"><span class='ocrx_word' id='word_1_311' title='bbox 2202 2463 2355 2540; x_wconf 87' lang='grc' dir='ltr'>αγίου</span> <span class='ocrx_word' id='word_1_312' title='bbox 2428 2464 2661 2541; x_wconf 76' lang='grc' dir='ltr'>ἀρχαίου</span> <span class='ocrx_word' id='word_1_313' title='bbox 2728 2465 2886 2541; x_wconf 80' lang='grc' dir='ltr'>ὀλίγα</span> <span class='ocrx_word' id='word_1_314' title='bbox 2934 2467 3071 2521; x_wconf 88' lang='grc' dir='ltr'><strong>καθά</strong></span> <span class='ocrx_word' id='word_1_315' title='bbox 3126 2463 3504 2540; x_wconf 76' lang='grc' dir='ltr'>ἠδυνήθημεν,</span> <span class='ocrx_word' id='word_1_316' title='bbox 3549 2466 3628 2520; x_wconf 79' lang='grc' dir='ltr'><strong>καὶ</strong></span> <span class='ocrx_word' id='word_1_317' title='bbox 3674 2464 3754 2518; x_wconf 80' lang='grc' dir='ltr'><strong>ἀπὸ</strong></span> 
     </span>
    </p>
   </div>
   <div class='ocr_carea' id='block_1_46' title="bbox 401 2551 1953 2636">
    <p class='ocr_par' dir='ltr' id='par_1_46' title="bbox 401 2557 1953 2630">
     <span class='ocr_line' id='line_1_47' title="bbox 401 2557 1953 2630; baseline -0.001 -18"><span class='ocrx_word' id='word_1_318' title='bbox 401 2559 644 2629; x_wconf 85' lang='lat' dir='ltr'><strong>quitate,</strong></span> <span class='ocrx_word' id='word_1_319' title='bbox 669 2562 726 2614; x_wconf 90' lang='lat' dir='ltr'><strong>et</strong></span> <span class='ocrx_word' id='word_1_320' title='bbox 749 2575 781 2613; x_wconf 92' lang='lat' dir='ltr'><strong>a</strong></span> <span class='ocrx_word' id='word_1_321' title='bbox 804 2558 994 2630; x_wconf 82' lang='lat' dir='ltr'><strong>longis</strong></span> <span class='ocrx_word' id='word_1_322' title='bbox 1018 2558 1381 2630; x_wconf 85' lang='lat' dir='ltr'><strong>temporibus</strong></span> <span class='ocrx_word' id='word_1_323' title='bbox 1404 2557 1757 2629; x_wconf 84' lang='lat' dir='ltr'><strong>audivimus,</strong></span> <span class='ocrx_word' id='word_1_324' title='bbox 1781 2572 1845 2612; x_wconf 86' lang='lat' dir='ltr'><strong>ea</strong></span> <span class='ocrx_word' id='word_1_325' title='bbox 1868 2560 1953 2625; x_wconf 74' lang='lat' dir='ltr'><strong>utj</strong></span> 
     </span>
    </p>
   </div>
   <div class='ocr_carea' id='block_1_47' title="bbox 2201 2551 3753 2636">
    <p class='ocr_par' dir='ltr' id='par_1_47' title="bbox 2201 2551 3753 2636">
     <span class='ocr_line' id='line_1_48' title="bbox 2201 2551 3753 2636; baseline -0.001 -27"><span class='ocrx_word' id='word_1_326' title='bbox 2201 2558 2379 2628; x_wconf 50' lang='grc' dir='ltr'>μακρῶν</span> <span class='ocrx_word' id='word_1_327' title='bbox 2442 2555 2659 2632; x_wconf 81' lang='grc' dir='ltr'>χρόνων</span> <span class='ocrx_word' id='word_1_328' title='bbox 2712 2555 3046 2630; x_wconf 78' lang='grc' dir='ltr'>ἀκηκόαμεν,</span> <span class='ocrx_word' id='word_1_329' title='bbox 3105 2557 3156 2612; x_wconf 77' lang='grc' dir='ltr'>ἐν</span> <span class='ocrx_word' id='word_1_330' title='bbox 3216 2561 3503 2636; x_wconf 71' lang='grc' dir='ltr'>συγγραφῇ</span> <span class='ocrx_word' id='word_1_331' title='bbox 3557 2551 3753 2613; x_wconf 49' lang='grc' dir='ltr'>παρεδώ.</span> 
     </span>
    </p>
   </div>
   <div class='ocr_carea' id='block_1_48' title="bbox 399 2643 1951 2722">
    <p class='ocr_par' dir='ltr' id='par_1_48' title="bbox 399 2646 1951 2718">
     <span class='ocr_line' id='line_1_49' title="bbox 399 2646 1951 2718; baseline -0.001 -17"><span class='ocrx_word' id='word_1_332' title='bbox 399 2647 625 2702; x_wconf 87' lang='lat' dir='ltr'><strong>tuimus</strong></span> <span class='ocrx_word' id='word_1_333' title='bbox 657 2646 869 2702; x_wconf 87' lang='lat' dir='ltr'><strong>litteris</strong></span> <span class='ocrx_word' id='word_1_334' title='bbox 901 2648 1279 2714; x_wconf 85' lang='lat' dir='ltr'><strong>mandamus,</strong></span> <span class='ocrx_word' id='word_1_335' title='bbox 1312 2662 1428 2701; x_wconf 90' lang='lat' dir='ltr'><strong>non</strong></span> <span class='ocrx_word' id='word_1_336' title='bbox 1460 2664 1563 2718; x_wconf 88' lang='lat' dir='ltr'><strong>pro</strong></span> <span class='ocrx_word' id='word_1_337' title='bbox 1602 2646 1791 2701; x_wconf 89' lang='lat' dir='ltr'><strong>lubitu</strong></span> <span class='ocrx_word' id='word_1_338' title='bbox 1823 2662 1951 2717; x_wconf 79' lang='lat' dir='ltr'><strong>expc</strong></span> 
     </span>
    </p>
   </div>
   <div class='ocr_carea' id='block_1_49' title="bbox 2199 2643 3751 2722">
    <p class='ocr_par' dir='ltr' id='par_1_49' title="bbox 2199 2643 3751 2722">
     <span class='ocr_line' id='line_1_50' title="bbox 2199 2643 3751 2722; baseline 0.001 -25"><span class='ocrx_word' id='word_1_339' title='bbox 2199 2664 2347 2717; x_wconf 77' lang='grc' dir='ltr'>αμιν,</span> <span class='ocrx_word' id='word_1_340' title='bbox 2379 2643 2479 2699; x_wconf 77' lang='grc' dir='ltr'><strong>οὐκ</strong></span> <span class='ocrx_word' id='word_1_341' title='bbox 2531 2645 3007 2719; x_wconf 77' lang='grc' dir='ltr'>αὐτομολήσαντες</span> <span class='ocrx_word' id='word_1_342' title='bbox 3064 2647 3190 2722; x_wconf 83' lang='grc' dir='ltr'>περὶ</span> <span class='ocrx_word' id='word_1_343' title='bbox 3235 2648 3341 2715; x_wconf 74' lang='grc' dir='ltr'>τήν</span> <span class='ocrx_word' id='word_1_344' title='bbox 3391 2646 3620 2720; x_wconf 71' lang='grc' dir='ltr'>ἐξήγησιν</span> <span class='ocrx_word' id='word_1_345' title='bbox 3648 2646 3751 2717; x_wconf 82' lang='lat'><strong>(95),</strong></span> 
     </span>
    </p>
   </div>
   <div class='ocr_carea' id='block_1_50' title="bbox 394 2734 1946 2815">
    <p class='ocr_par' dir='ltr' id='par_1_50' title="bbox 394 2736 1946 2808">
     <span class='ocr_line' id='line_1_51' title="bbox 394 2736 1946 2808; baseline -0.001 -18"><span class='ocrx_word' id='word_1_346' title='bbox 394 2737 616 2792; x_wconf 84' lang='lat' dir='ltr'><strong>tionem</strong></span> <span class='ocrx_word' id='word_1_347' title='bbox 638 2736 919 2808; x_wconf 83' lang='lat' dir='ltr'><strong>aggressi,</strong></span> <span class='ocrx_word' id='word_1_348' title='bbox 938 2736 1038 2792; x_wconf 89' lang='lat' dir='ltr'><strong>sed</strong></span> <span class='ocrx_word' id='word_1_349' title='bbox 1057 2739 1119 2790; x_wconf 88' lang='lat' dir='ltr'><strong>ut</strong></span> <span class='ocrx_word' id='word_1_350' title='bbox 1133 2751 1481 2806; x_wconf 87' lang='lat' dir='ltr'><strong>magnorum</strong></span> <span class='ocrx_word' id='word_1_351' title='bbox 1497 2736 1800 2791; x_wconf 88' lang='lat' dir='ltr'><strong>doctorum</strong></span> <span class='ocrx_word' id='word_1_352' title='bbox 1820 2750 1910 2789; x_wconf 91' lang='lat' dir='ltr'><strong>res</strong></span> <span class='ocrx_word' id='word_1_353' title='bbox 1927 2750 1946 2806; x_wconf 78' lang='grc' dir='ltr'><strong>ε</strong></span> 
     </span>
    </p>
   </div>
   <div class='ocr_carea' id='block_1_51' title="bbox 2201 2734 3753 2815">
    <p class='ocr_par' dir='ltr' id='par_1_51' title="bbox 2208 2734 3753 2815">
     <span class='ocr_line' id='line_1_52' title="bbox 2208 2734 3753 2815; baseline -0.01 -9"><span class='ocrx_word' id='word_1_354' title='bbox 2208 2757 2231 2797; x_wconf 74' lang='grc' dir='ltr'>ς</span> <span class='ocrx_word' id='word_1_355' title='bbox 2264 2734 2496 2812; x_wconf 60' lang='grc' dir='ltr'>εἴρηται,</span> <span class='ocrx_word' id='word_1_356' title='bbox 2528 2735 2657 2791; x_wconf 79' lang='grc' dir='ltr'><strong>ἀλλ’</strong></span> <span class='ocrx_word' id='word_1_357' title='bbox 2686 2739 2761 2801; x_wconf 81' lang='grc' dir='ltr'>ὡς</span> <span class='ocrx_word' id='word_1_358' title='bbox 2784 2742 2892 2793; x_wconf 76' lang='grc' dir='ltr'><strong>τῶν</strong></span> <span class='ocrx_word' id='word_1_359' title='bbox 2929 2738 3181 2815; x_wconf 83' lang='grc' dir='ltr'>μεγάλων</span> <span class='ocrx_word' id='word_1_360' title='bbox 3214 2737 3458 2815; x_wconf 81' lang='grc' dir='ltr'>ἔγνωμεν</span> <span class='ocrx_word' id='word_1_361' title='bbox 3491 2737 3753 2814; x_wconf 66' lang='grc' dir='ltr'>διηγιςματα</span> 
     </span>
    </p>
   </div>
   <div class='ocr_carea' id='block_1_52' title="bbox 400 2822 1952 2905">
    <p class='ocr_par' dir='ltr' id='par_1_52' title="bbox 400 2822 1952 2897">
     <span class='ocr_line' id='line_1_53' title="bbox 400 2822 1952 2897; baseline -0.003 -18"><span class='ocrx_word' id='word_1_362' title='bbox 400 2827 493 2881; x_wconf 82' lang='lat' dir='ltr'><strong>tas</strong></span> <span class='ocrx_word' id='word_1_363' title='bbox 524 2825 791 2897; x_wconf 87' lang='lat' dir='ltr'><strong>cognitas</strong></span> <span class='ocrx_word' id='word_1_364' title='bbox 823 2824 1158 2896; x_wconf 88' lang='lat' dir='ltr'><strong>habuimus,</strong></span> <span class='ocrx_word' id='word_1_365' title='bbox 1192 2824 1357 2880; x_wconf 89' lang='lat' dir='ltr'><strong>veriti</strong></span> <span class='ocrx_word' id='word_1_366' title='bbox 1388 2824 1596 2892; x_wconf 90' lang='lat' dir='ltr'><strong>Deum,</strong></span> <span class='ocrx_word' id='word_1_367' title='bbox 1630 2822 1952 2878; x_wconf 77' lang='lat' dir='ltr'><strong>charitatisc</strong></span> 
     </span>
    </p>
   </div>
   <div class='ocr_carea' id='block_1_53' title="bbox 2199 2822 3751 2905">
    <p class='ocr_par' dir='ltr' id='par_1_53' title="bbox 2199 2822 3751 2905">
     <span class='ocr_line' id='line_1_54' title="bbox 2199 2822 3751 2905; baseline 0.001 -27"><span class='ocrx_word' id='word_1_368' title='bbox 2199 2822 2525 2894; x_wconf 87' lang='grc' dir='ltr'>ιδασκάλων,</span> <span class='ocrx_word' id='word_1_369' title='bbox 2575 2822 2906 2905; x_wconf 74' lang='grc' dir='ltr'>φοϐούμενοι</span> <span class='ocrx_word' id='word_1_370' title='bbox 2963 2829 3055 2883; x_wconf 87' lang='grc' dir='ltr'>τὸν</span> <span class='ocrx_word' id='word_1_371' title='bbox 3105 2830 3256 2900; x_wconf 81' lang='grc' dir='ltr'>Θεὸν,</span> <span class='ocrx_word' id='word_1_372' title='bbox 3295 2830 3389 2883; x_wconf 85' lang='grc' dir='ltr'><strong>καὶ</strong></span> <span class='ocrx_word' id='word_1_373' title='bbox 3444 2833 3509 2902; x_wconf 79' lang='grc' dir='ltr'>τῇ</span> <span class='ocrx_word' id='word_1_374' title='bbox 3565 2826 3751 2901; x_wconf 62' lang='lat' dir='ltr'><strong>pepiva</strong></span> 
     </span>
    </p>
   </div>
   <div class='ocr_carea' id='block_1_54' title="bbox 404 2912 1956 2991">
    <p class='ocr_par' dir='ltr' id='par_1_54' title="bbox 404 2912 1956 2986">
     <span class='ocr_line' id='line_1_55' title="bbox 404 2912 1956 2986; baseline -0.003 -18"><span class='ocrx_word' id='word_1_375' title='bbox 404 2913 599 2969; x_wconf 87' lang='lat' dir='ltr'><strong>studio</strong></span> <span class='ocrx_word' id='word_1_376' title='bbox 632 2913 879 2982; x_wconf 87' lang='lat' dir='ltr'><strong>incensi,</strong></span> <span class='ocrx_word' id='word_1_377' title='bbox 913 2912 1093 2968; x_wconf 88' lang='lat' dir='ltr'><strong>multa</strong></span> <span class='ocrx_word' id='word_1_378' title='bbox 1130 2917 1187 2968; x_wconf 90' lang='lat' dir='ltr'><strong>et</strong></span> <span class='ocrx_word' id='word_1_379' title='bbox 1242 2913 1520 2986; x_wconf 60' lang='lat' dir='ltr'><strong>praeclara</strong></span> <span class='ocrx_word' id='word_1_380' title='bbox 1554 2913 1855 2968; x_wconf 88' lang='lat' dir='ltr'><strong>beatorum</strong></span> <span class='ocrx_word' id='word_1_381' title='bbox 1895 2912 1956 2964; x_wconf 96' lang='lat' dir='ltr'><strong>vi</strong></span> 
     </span>
    </p>
   </div>
   <div class='ocr_carea' id='block_1_55' title="bbox 2199 2912 3751 2991">
    <p class='ocr_par' dir='ltr' id='par_1_55' title="bbox 2199 2912 3751 2991">
     <span class='ocr_line' id='line_1_56' title="bbox 2199 2912 3751 2991; baseline -0.001 -22"><span class='ocrx_word' id='word_1_382' title='bbox 2199 2916 2253 2983; x_wconf 74' lang='grc' dir='ltr'>ῆς</span> <span class='ocrx_word' id='word_1_383' title='bbox 2312 2912 2523 2991; x_wconf 84' lang='grc' dir='ltr'>ἀγάπης</span> <span class='ocrx_word' id='word_1_384' title='bbox 2582 2916 2964 2989; x_wconf 81' lang='grc' dir='ltr'>ἀναπτόμενοι,</span> <span class='ocrx_word' id='word_1_385' title='bbox 2995 2916 3181 2973; x_wconf 87' lang='grc' dir='ltr'>πολλᾶ</span> <span class='ocrx_word' id='word_1_386' title='bbox 3234 2921 3348 2972; x_wconf 77' lang='grc' dir='ltr'><strong>τῶν</strong></span> <span class='ocrx_word' id='word_1_387' title='bbox 3407 2916 3656 2991; x_wconf 74' lang='grc' dir='ltr'>μακαρίων</span> <span class='ocrx_word' id='word_1_388' title='bbox 3684 2915 3751 2968; x_wconf 80' lang='grc' dir='ltr'><strong>ἆν-</strong></span> 
     </span>
    </p>
   </div>
   <div class='ocr_carea' id='block_1_56' title="bbox 411 3000 1963 3081">
    <p class='ocr_par' dir='ltr' id='par_1_56' title="bbox 411 3000 1963 3072">
     <span class='ocr_line' id='line_1_57' title="bbox 411 3000 1963 3072; baseline -0.001 -18"><span class='ocrx_word' id='word_1_389' title='bbox 411 3016 565 3071; x_wconf 89' lang='lat' dir='ltr'><strong>rum,</strong></span> <span class='ocrx_word' id='word_1_390' title='bbox 599 3017 727 3072; x_wconf 66' lang='lat' dir='ltr'><strong>quae</strong></span> <span class='ocrx_word' id='word_1_391' title='bbox 762 3001 910 3055; x_wconf 90' lang='lat' dir='ltr'><strong>mira</strong></span> <span class='ocrx_word' id='word_1_392' title='bbox 935 3004 1093 3071; x_wconf 86' lang='lat' dir='ltr'><strong>sunt,</strong></span> <span class='ocrx_word' id='word_1_393' title='bbox 1128 3002 1280 3057; x_wconf 74' lang='lat'><strong>403</strong></span> <span class='ocrx_word' id='word_1_394' title='bbox 1314 3002 1572 3056; x_wconf 85' lang='lat' dir='ltr'><strong>facinora</strong></span> <span class='ocrx_word' id='word_1_395' title='bbox 1601 3000 1792 3056; x_wconf 87' lang='lat' dir='ltr'><strong>conati</strong></span> <span class='ocrx_word' id='word_1_396' title='bbox 1815 3014 1963 3055; x_wconf 66' lang='lat' dir='ltr'><strong>sum:</strong></span> 
     </span>
    </p>
   </div>
   <div class='ocr_carea' id='block_1_57' title="bbox 2198 3000 3750 3081">
    <p class='ocr_par' dir='ltr' id='par_1_57' title="bbox 2198 3000 3750 3081">
     <span class='ocr_line' id='line_1_58' title="bbox 2198 3000 3750 3081; baseline -0.001 -25"><span class='ocrx_word' id='word_1_397' title='bbox 2198 3007 2296 3078; x_wconf 80' lang='grc' dir='ltr'><strong>ρῶν</strong></span> <span class='ocrx_word' id='word_1_398' title='bbox 2367 3004 2601 3081; x_wconf 75' lang='grc' dir='ltr'>φωτεινὰ</span> <span class='ocrx_word' id='word_1_399' title='bbox 2666 3007 2913 3078; x_wconf 84' lang='grc' dir='ltr'>θαύματα</span> <span class='ocrx_word' id='word_1_400' title='bbox 2989 3007 3382 3081; x_wconf 75' lang='grc' dir='ltr'>ἠγωνισάμεθα</span> <span class='ocrx_word' id='word_1_401' title='bbox 3438 3006 3513 3067; x_wconf 79' lang='grc' dir='ltr'>εἷς</span> <span class='ocrx_word' id='word_1_402' title='bbox 3579 3000 3750 3059; x_wconf 80' lang='grc' dir='ltr'>ἔπαινον</span> 
     </span>
    </p>
   </div>
   <div class='ocr_carea' id='block_1_58' title="bbox 400 3088 1952 3172">
    <p class='ocr_par' dir='ltr' id='par_1_58' title="bbox 400 3088 1952 3163">
     <span class='ocr_line' id='line_1_59' title="bbox 400 3088 1952 3163; baseline -0.001 -18"><span class='ocrx_word' id='word_1_403' title='bbox 400 3088 618 3145; x_wconf 87' lang='lat' dir='ltr'><strong>Christi</strong></span> <span class='ocrx_word' id='word_1_404' title='bbox 648 3089 840 3144; x_wconf 86' lang='lat' dir='ltr'><strong>laudis</strong></span> <span class='ocrx_word' id='word_1_405' title='bbox 871 3105 1070 3160; x_wconf 88' lang='lat' dir='ltr'><strong>causa,</strong></span> <span class='ocrx_word' id='word_1_406' title='bbox 1104 3088 1417 3161; x_wconf 64' lang='lat' dir='ltr'><strong>gloriaeque</strong></span> <span class='ocrx_word' id='word_1_407' title='bbox 1468 3094 1787 3163; x_wconf 78' lang='lat' dir='ltr'><strong>martyrum</strong></span> <span class='ocrx_word' id='word_1_408' title='bbox 1836 3094 1893 3145; x_wconf 88' lang='lat' dir='ltr'><strong>et</strong></span> <span class='ocrx_word' id='word_1_409' title='bbox 1922 3105 1952 3144; x_wconf 91' lang='lat' dir='ltr'><strong>n</strong></span> 
     </span>
    </p>
   </div>
   <div class='ocr_carea' id='block_1_59' title="bbox 2201 3088 3753 3172">
    <p class='ocr_par' dir='ltr' id='par_1_59' title="bbox 2201 3091 3753 3172">
     <span class='ocr_line' id='line_1_60' title="bbox 2201 3091 3753 3172; baseline -0.001 -26"><span class='ocrx_word' id='word_1_410' title='bbox 2201 3097 2421 3168; x_wconf 74' lang='grc' dir='ltr'>ριστοῢ,</span> <span class='ocrx_word' id='word_1_411' title='bbox 2466 3094 2556 3148; x_wconf 82' lang='grc' dir='ltr'><strong>καὶ</strong></span> <span class='ocrx_word' id='word_1_412' title='bbox 2616 3091 2770 3167; x_wconf 75' lang='grc' dir='ltr'>δόξαν</span> <span class='ocrx_word' id='word_1_413' title='bbox 2827 3099 2934 3149; x_wconf 79' lang='grc' dir='ltr'><strong>τῶν</strong></span> <span class='ocrx_word' id='word_1_414' title='bbox 3003 3095 3291 3172; x_wconf 85' lang='grc' dir='ltr'>μαρτύρων</span> <span class='ocrx_word' id='word_1_415' title='bbox 3342 3096 3433 3151; x_wconf 84' lang='grc' dir='ltr'><strong>καὶ</strong></span> <span class='ocrx_word' id='word_1_416' title='bbox 3485 3094 3753 3167; x_wconf 69' lang='grc' dir='ltr'>ἀνάμνησιν,</span> 
     </span>
    </p>
   </div>
   <div class='ocr_carea' id='block_1_60' title="bbox 386 3177 1938 3260">
    <p class='ocr_par' dir='ltr' id='par_1_60' title="bbox 386 3177 1916 3252">
     <span class='ocr_line' id='line_1_61' title="bbox 386 3177 1916 3252; baseline -0.001 -19"><span class='ocrx_word' id='word_1_417' title='bbox 386 3177 593 3233; x_wconf 57' lang='grc' dir='ltr'><strong>’ωσι-ἰῶ</strong></span> <span class='ocrx_word' id='word_1_418' title='bbox 618 3177 678 3233; x_wconf 89' lang='lat' dir='ltr'><strong>in</strong></span> <span class='ocrx_word' id='word_1_419' title='bbox 700 3178 975 3234; x_wconf 84' lang='lat' dir='ltr'><strong>extremis</strong></span> <span class='ocrx_word' id='word_1_420' title='bbox 998 3178 1421 3234; x_wconf 86' lang='lat' dir='ltr'><strong>sacris-chartis</strong></span> <span class='ocrx_word' id='word_1_421' title='bbox 1452 3180 1694 3252; x_wconf 88' lang='lat' dir='ltr'><strong>prodere</strong></span> <span class='ocrx_word' id='word_1_422' title='bbox 1719 3197 1732 3248; x_wconf 90' lang='lat'><strong>;</strong></span> <span class='ocrx_word' id='word_1_423' title='bbox 1766 3195 1838 3235; x_wconf 90' lang='lat' dir='ltr'><strong>ne</strong></span> <span class='ocrx_word' id='word_1_424' title='bbox 1866 3179 1916 3234; x_wconf 90' lang='lat' dir='ltr'><strong>si</strong></span> 
     </span>
    </p>
   </div>
   <div class='ocr_carea' id='block_1_61' title="bbox 2199 3177 3751 3260">
    <p class='ocr_par' dir='ltr' id='par_1_61' title="bbox 2199 3180 3751 3260">
     <span class='ocr_line' id='line_1_62' title="bbox 2199 3180 3751 3260; baseline 0.008 -26"><span class='ocrx_word' id='word_1_425' title='bbox 2199 3203 2208 3232; x_wconf 72' lang='grc' dir='ltr'><strong>ρ</strong></span> <span class='ocrx_word' id='word_1_426' title='bbox 2242 3180 2496 3256; x_wconf 80' lang='grc' dir='ltr'>ἐσχάτοις</span> <span class='ocrx_word' id='word_1_427' title='bbox 2527 3183 2699 3259; x_wconf 74' lang='grc' dir='ltr'>ἱεροῖς</span> <span class='ocrx_word' id='word_1_428' title='bbox 2744 3182 3075 3258; x_wconf 83' lang='grc' dir='ltr'>παραδοῦναι</span> <span class='ocrx_word' id='word_1_429' title='bbox 3124 3184 3387 3260; x_wconf 84' lang='grc' dir='ltr'>χάρτεσιν</span> <span class='ocrx_word' id='word_1_430' title='bbox 3419 3186 3546 3257; x_wconf 85' lang='grc'>(96),</span> <span class='ocrx_word' id='word_1_431' title='bbox 3572 3181 3650 3237; x_wconf 73' lang='grc' dir='ltr'>’ἕνα</span> <span class='ocrx_word' id='word_1_432' title='bbox 3696 3181 3751 3252; x_wconf 73' lang='grc' dir='ltr'><strong>μῆ</strong></span> 
     </span>
    </p>
   </div>
   <div class='ocr_carea' id='block_1_62' title="bbox 382 3244 1934 3350">
    <p class='ocr_par' dir='ltr' id='par_1_62' title="bbox 382 3264 1934 3342">
     <span class='ocr_line' id='line_1_63' title="bbox 382 3264 1934 3342; baseline 0.001 -20"><span class='ocrx_word' id='word_1_433' title='bbox 382 3264 803 3340; x_wconf 72' lang='grc' dir='ltr'>ἐἰοιὶεεθωυει,</span> <span class='ocrx_word' id='word_1_434' title='bbox 838 3285 905 3324; x_wconf 87' lang='lat' dir='ltr'><strong>ae</strong></span> <span class='ocrx_word' id='word_1_435' title='bbox 936 3268 1521 3341; x_wconf 88' lang='lat' dir='ltr'><strong>contempsissemus,</strong></span> <span class='ocrx_word' id='word_1_436' title='bbox 1556 3270 1851 3342; x_wconf 89' lang='lat' dir='ltr'><strong>veterique</strong></span> <span class='ocrx_word' id='word_1_437' title='bbox 1889 3271 1934 3323; x_wconf 47' lang='lat' dir='ltr'><strong>hi</strong></span> 
     </span>
    </p>
   </div>
   <div class='ocr_carea' id='block_1_63' title="bbox 2201 3244 3753 3350">
    <p class='ocr_par' dir='ltr' id='par_1_63' title="bbox 2201 3244 3753 3350">
     <span class='ocr_line' id='line_1_64' title="bbox 2201 3244 3753 3350; baseline 0.004 -26"><span class='ocrx_word' id='word_1_438' title='bbox 2201 3244 2693 3345; x_wconf 35' lang='grc' dir='ltr'>ποκλῸὲψαντεςικαὶ-</span> <span class='ocrx_word' id='word_1_439' title='bbox 2714 3244 3104 3345; x_wconf 75' lang='grc' dir='ltr'>ἀμελήσαντες,</span> <span class='ocrx_word' id='word_1_440' title='bbox 3266 3279 3352 3347; x_wconf 77' lang='grc' dir='ltr'>τῷ</span> <span class='ocrx_word' id='word_1_441' title='bbox 3401 3244 3601 3350; x_wconf 32' lang='grc' dir='ltr'>άρχαίίῳ</span> <span class='ocrx_word' id='word_1_442' title='bbox 3648 3244 3753 3345; x_wconf 44' lang='grc' dir='ltr'><strong>γξίηζ</strong></span> 
     </span>
    </p>
   </div>
   <div class='ocr_carea' id='block_1_64' title="bbox 393 3356 1945 3441">
    <p class='ocr_par' dir='ltr' id='par_1_64' title="bbox 393 3357 1945 3441">
     <span class='ocr_line' id='line_1_65' title="bbox 393 3357 1945 3441; baseline -0.001 -27"><span class='ocrx_word' id='word_1_443' title='bbox 393 3362 617 3441; x_wconf 82' lang='lat' dir='ltr'><strong>nostro,</strong></span> <span class='ocrx_word' id='word_1_444' title='bbox 641 3357 742 3430; x_wconf 91' lang='lat' dir='ltr'><strong>qui</strong></span> <span class='ocrx_word' id='word_1_445' title='bbox 776 3357 836 3413; x_wconf 92' lang='lat' dir='ltr'><strong>in</strong></span> <span class='ocrx_word' id='word_1_446' title='bbox 871 3357 1187 3428; x_wconf 89' lang='lat' dir='ltr'><strong>perniciem</strong></span> <span class='ocrx_word' id='word_1_447' title='bbox 1219 3363 1276 3414; x_wconf 90' lang='lat' dir='ltr'><strong>et</strong></span> <span class='ocrx_word' id='word_1_448' title='bbox 1304 3358 1547 3415; x_wconf 85' lang='lat' dir='ltr'><strong>exitium</strong></span> <span class='ocrx_word' id='word_1_449' title='bbox 1580 3364 1846 3415; x_wconf 85' lang='lat' dir='ltr'><strong>nostrum</strong></span> <span class='ocrx_word' id='word_1_450' title='bbox 1896 3358 1945 3413; x_wconf 87' lang='lat' dir='ltr'><strong>vi</strong></span> 
     </span>
    </p>
   </div>
   <div class='ocr_carea' id='block_1_65' title="bbox 2201 3356 3753 3441">
    <p class='ocr_par' dir='ltr' id='par_1_65' title="bbox 2201 3360 3753 3440">
     <span class='ocr_line' id='line_1_66' title="bbox 2201 3360 3753 3440; baseline -0.002 -26"><span class='ocrx_word' id='word_1_451' title='bbox 2201 3363 2412 3434; x_wconf 83' lang='grc' dir='ltr'>οροῢντι</span> <span class='ocrx_word' id='word_1_452' title='bbox 2443 3362 2562 3424; x_wconf 84' lang='grc' dir='ltr'>καθ’</span> <span class='ocrx_word' id='word_1_453' title='bbox 2585 3363 2745 3434; x_wconf 72' lang='grc' dir='ltr'>ἡμῶν</span> <span class='ocrx_word' id='word_1_454' title='bbox 2775 3360 2961 3437; x_wconf 77' lang='grc' dir='ltr'>ἐχθρῷ</span> <span class='ocrx_word' id='word_1_455' title='bbox 2989 3362 3079 3417; x_wconf 84' lang='grc' dir='ltr'><strong>καὶ</strong></span> <span class='ocrx_word' id='word_1_456' title='bbox 3128 3367 3423 3440; x_wconf 81' lang='grc' dir='ltr'>φθονοῦντι</span> <span class='ocrx_word' id='word_1_457' title='bbox 3473 3362 3753 3434; x_wconf 76' lang='grc' dir='ltr'>πειθόμενοι,</span> 
     </span>
    </p>
   </div>
   <div class='ocr_carea' id='block_1_66' title="bbox 389 3444 1941 3529">
    <p class='ocr_par' dir='ltr' id='par_1_66' title="bbox 389 3444 1941 3517">
     <span class='ocr_line' id='line_1_67' title="bbox 389 3444 1941 3517; baseline 0.001 -16"><span class='ocrx_word' id='word_1_458' title='bbox 389 3444 494 3517; x_wconf 84' lang='lat' dir='ltr'><strong>lat,</strong></span> <span class='ocrx_word' id='word_1_459' title='bbox 526 3449 583 3502; x_wconf 89' lang='lat' dir='ltr'><strong>et</strong></span> <span class='ocrx_word' id='word_1_460' title='bbox 612 3446 855 3513; x_wconf 88' lang='lat' dir='ltr'><strong>invidet,</strong></span> <span class='ocrx_word' id='word_1_461' title='bbox 876 3451 1168 3516; x_wconf 89' lang='lat' dir='ltr'><strong>parentes,</strong></span> <span class='ocrx_word' id='word_1_462' title='bbox 1198 3446 1639 3504; x_wconf 89' lang='lat' dir='ltr'><strong>reticuissemus</strong></span> <span class='ocrx_word' id='word_1_463' title='bbox 1671 3448 1794 3504; x_wconf 80' lang='lat' dir='ltr'><strong>haec</strong></span> <span class='ocrx_word' id='word_1_464' title='bbox 1823 3464 1941 3502; x_wconf 74' lang='lat' dir='ltr'><strong>om:</strong></span> 
     </span>
    </p>
   </div>
   <div class='ocr_carea' id='block_1_67' title="bbox 2200 3444 3752 3529">
    <p class='ocr_par' dir='ltr' id='par_1_67' title="bbox 2200 3449 3752 3529">
     <span class='ocr_line' id='line_1_68' title="bbox 2200 3449 3752 3529; baseline -0.003 -25"><span class='ocrx_word' id='word_1_465' title='bbox 2200 3450 2471 3523; x_wconf 73' lang='grc' dir='ltr'>ιγησαντες</span> <span class='ocrx_word' id='word_1_466' title='bbox 2508 3451 2718 3524; x_wconf 86' lang='grc' dir='ltr'>ὁμοίως</span> <span class='ocrx_word' id='word_1_467' title='bbox 2749 3456 2863 3514; x_wconf 87' lang='grc' dir='ltr'>τοῖς</span> <span class='ocrx_word' id='word_1_468' title='bbox 2899 3451 3172 3527; x_wconf 75' lang='grc' dir='ltr'>λέγουσιν,</span> <span class='ocrx_word' id='word_1_469' title='bbox 3206 3450 3291 3505; x_wconf 79' lang='grc' dir='ltr'>ὅτι</span> <span class='ocrx_word' id='word_1_470' title='bbox 3325 3451 3491 3529; x_wconf 72' lang='grc' dir='ltr'>φλογὶ</span> <span class='ocrx_word' id='word_1_471' title='bbox 3542 3449 3752 3519; x_wconf 48' lang='lat' dir='ltr'><strong>manu;</strong></span> 
     </span>
    </p>
   </div>
   <div class='ocr_carea' id='block_1_68' title="bbox 388 3536 1940 3617">
    <p class='ocr_par' dir='ltr' id='par_1_68' title="bbox 388 3536 1920 3609">
     <span class='ocr_line' id='line_1_69' title="bbox 388 3536 1920 3609; baseline -0.001 -16"><span class='ocrx_word' id='word_1_472' title='bbox 388 3536 593 3593; x_wconf 85' lang='lat' dir='ltr'><strong>eodem</strong></span> <span class='ocrx_word' id='word_1_473' title='bbox 632 3537 805 3592; x_wconf 90' lang='lat' dir='ltr'><strong>modo</strong></span> <span class='ocrx_word' id='word_1_474' title='bbox 837 3553 952 3608; x_wconf 91' lang='lat' dir='ltr'><strong>quo</strong></span> <span class='ocrx_word' id='word_1_475' title='bbox 984 3536 1024 3591; x_wconf 90' lang='lat' dir='ltr'><strong>ii</strong></span> <span class='ocrx_word' id='word_1_476' title='bbox 1054 3536 1294 3592; x_wconf 87' lang='lat' dir='ltr'><strong>ﬂamma</strong></span> <span class='ocrx_word' id='word_1_477' title='bbox 1342 3542 1399 3593; x_wconf 88' lang='lat' dir='ltr'><strong>et</strong></span> <span class='ocrx_word' id='word_1_478' title='bbox 1430 3538 1563 3609; x_wconf 85' lang='lat' dir='ltr'><strong>igne</strong></span> <span class='ocrx_word' id='word_1_479' title='bbox 1594 3555 1659 3593; x_wconf 87' lang='lat' dir='ltr'><strong>ea</strong></span> <span class='ocrx_word' id='word_1_480' title='bbox 1688 3554 1815 3609; x_wconf 67' lang='lat' dir='ltr'><strong>quae</strong></span> <span class='ocrx_word' id='word_1_481' title='bbox 1847 3538 1920 3592; x_wconf 90' lang='lat' dir='ltr'><strong>ab</strong></span> 
     </span>
    </p>
   </div>
   <div class='ocr_carea' id='block_1_69' title="bbox 2199 3536 3751 3617">
    <p class='ocr_par' dir='ltr' id='par_1_69' title="bbox 2199 3538 3751 3617">
     <span class='ocr_line' id='line_1_70' title="bbox 2199 3538 3751 3617; baseline 0.005 -25"><span class='ocrx_word' id='word_1_482' title='bbox 2199 3539 2594 3613; x_wconf 78' lang='grc' dir='ltr'>ιτακεκαυμένα</span> <span class='ocrx_word' id='word_1_483' title='bbox 2663 3540 2765 3595; x_wconf 80' lang='grc' dir='ltr'>εἶσὶ</span> <span class='ocrx_word' id='word_1_484' title='bbox 2831 3540 2899 3595; x_wconf 83' lang='grc' dir='ltr'>τὰ</span> <span class='ocrx_word' id='word_1_485' title='bbox 2958 3542 3366 3617; x_wconf 81' lang='grc' dir='ltr'>συγγράμματα</span> <span class='ocrx_word' id='word_1_486' title='bbox 3439 3541 3600 3597; x_wconf 80' lang='grc' dir='ltr'>αὐτῶν</span> <span class='ocrx_word' id='word_1_487' title='bbox 3650 3538 3751 3610; x_wconf 76' lang='grc'>(97).</span> 
     </span>
    </p>
   </div>
   <div class='ocr_carea' id='block_1_70' title="bbox 382 3622 1934 3704">
    <p class='ocr_par' dir='ltr' id='par_1_70' title="bbox 382 3622 1934 3698">
     <span class='ocr_line' id='line_1_71' title="bbox 382 3622 1934 3698; baseline 0.001 -19"><span class='ocrx_word' id='word_1_488' title='bbox 382 3622 602 3695; x_wconf 87' lang='lat' dir='ltr'><strong>scripta</strong></span> <span class='ocrx_word' id='word_1_489' title='bbox 631 3628 818 3690; x_wconf 87' lang='lat' dir='ltr'><strong>erant,</strong></span> <span class='ocrx_word' id='word_1_490' title='bbox 846 3624 1202 3695; x_wconf 86' lang='lat' dir='ltr'><strong>deﬂagrasse</strong></span> <span class='ocrx_word' id='word_1_491' title='bbox 1224 3624 1447 3695; x_wconf 89' lang='lat' dir='ltr'><strong>dicunt,</strong></span> <span class='ocrx_word' id='word_1_492' title='bbox 1472 3642 1674 3682; x_wconf 90' lang='lat' dir='ltr'><strong>eorum</strong></span> <span class='ocrx_word' id='word_1_493' title='bbox 1700 3627 1934 3698; x_wconf 79' lang='lat' dir='ltr'><strong>gratiae</strong></span> 
     </span>
    </p>
   </div>
   <div class='ocr_carea' id='block_1_71' title="bbox 2195 3622 3747 3704">
    <p class='ocr_par' dir='ltr' id='par_1_71' title="bbox 2195 3626 3747 3704">
     <span class='ocr_line' id='line_1_72' title="bbox 2195 3626 3747 3704; baseline -0.002 -22"><span class='ocrx_word' id='word_1_494' title='bbox 2195 3626 2522 3702; x_wconf 80' lang='grc' dir='ltr'>ποτύχωμεν</span> <span class='ocrx_word' id='word_1_495' title='bbox 2565 3635 2666 3698; x_wconf 79' lang='grc' dir='ltr'><strong>τῆς</strong></span> <span class='ocrx_word' id='word_1_496' title='bbox 2717 3630 2945 3704; x_wconf 86' lang='grc' dir='ltr'>χάριτος</span> <span class='ocrx_word' id='word_1_497' title='bbox 2994 3630 3194 3686; x_wconf 82' lang='grc' dir='ltr'>αὐτῶν.</span> <span class='ocrx_word' id='word_1_498' title='bbox 3228 3635 3350 3685; x_wconf 80' lang='grc' dir='ltr'>Τῶν</span> <span class='ocrx_word' id='word_1_499' title='bbox 3412 3628 3469 3685; x_wconf 74' lang='grc' dir='ltr'><strong>δὲ</strong></span> <span class='ocrx_word' id='word_1_500' title='bbox 3518 3628 3747 3702; x_wconf 73' lang='grc' dir='ltr'>ἡμετέρων</span> 
     </span>
    </p>
   </div>
   <div class='ocr_carea' id='block_1_72' title="bbox 388 3710 1940 3796">
    <p class='ocr_par' dir='ltr' id='par_1_72' title="bbox 388 3710 1939 3785">
     <span class='ocr_line' id='line_1_73' title="bbox 388 3710 1939 3785; baseline 0.001 -18"><span class='ocrx_word' id='word_1_501' title='bbox 388 3710 637 3782; x_wconf 81' lang='lat' dir='ltr'><strong>citiaque</strong></span> <span class='ocrx_word' id='word_1_502' title='bbox 663 3713 980 3784; x_wconf 83' lang='lat' dir='ltr'><strong>privamur.</strong></span> <span class='ocrx_word' id='word_1_503' title='bbox 1006 3713 1147 3767; x_wconf 88' lang='lat' dir='ltr'><strong>Cum</strong></span> <span class='ocrx_word' id='word_1_504' title='bbox 1181 3720 1373 3769; x_wconf 86' lang='lat' dir='ltr'><strong>autem</strong></span> <span class='ocrx_word' id='word_1_505' title='bbox 1400 3714 1782 3785; x_wconf 82' lang='lat' dir='ltr'><strong>cogitationes</strong></span> <span class='ocrx_word' id='word_1_506' title='bbox 1806 3721 1939 3771; x_wconf 87' lang='lat' dir='ltr'><strong>nost</strong></span> 
     </span>
    </p>
   </div>
   <div class='ocr_carea' id='block_1_73' title="bbox 2198 3710 3750 3796">
    <p class='ocr_par' dir='ltr' id='par_1_73' title="bbox 2198 3715 3750 3796">
     <span class='ocr_line' id='line_1_74' title="bbox 2198 3715 3750 3796; baseline -0.001 -24"><span class='ocrx_word' id='word_1_507' title='bbox 2198 3722 2370 3772; x_wconf 71' lang='grc' dir='ltr'>ννοιῶν</span> <span class='ocrx_word' id='word_1_508' title='bbox 2402 3723 2761 3793; x_wconf 81' lang='grc' dir='ltr'>γρηγορυσῶν</span> <span class='ocrx_word' id='word_1_509' title='bbox 2792 3722 2860 3793; x_wconf 79' lang='grc' dir='ltr'>τῇ</span> <span class='ocrx_word' id='word_1_510' title='bbox 2889 3719 3065 3774; x_wconf 80' lang='grc' dir='ltr'>αὐτῶν</span> <span class='ocrx_word' id='word_1_511' title='bbox 3099 3717 3285 3796; x_wconf 71' lang='grc' dir='ltr'>χάριτι</span> <span class='ocrx_word' id='word_1_512' title='bbox 3350 3722 3439 3775; x_wconf 84' lang='grc' dir='ltr'><strong>καὶ</strong></span> <span class='ocrx_word' id='word_1_513' title='bbox 3500 3715 3750 3795; x_wconf 74' lang='grc' dir='ltr'>χωρουσῶν</span> 
     </span>
    </p>
   </div>
   <div class='ocr_carea' id='block_1_74' title="bbox 388 3800 1940 3884">
    <p class='ocr_par' dir='ltr' id='par_1_74' title="bbox 388 3800 1940 3877">
     <span class='ocr_line' id='line_1_75' title="bbox 388 3800 1940 3877; baseline 0.004 -23"><span class='ocrx_word' id='word_1_514' title='bbox 388 3806 449 3855; x_wconf 81' lang='lat' dir='ltr'><strong>et</strong></span> <span class='ocrx_word' id='word_1_515' title='bbox 476 3800 713 3857; x_wconf 89' lang='lat' dir='ltr'><strong>illorum</strong></span> <span class='ocrx_word' id='word_1_516' title='bbox 746 3802 936 3874; x_wconf 87' lang='lat' dir='ltr'><strong>gratia</strong></span> <span class='ocrx_word' id='word_1_517' title='bbox 956 3801 1216 3873; x_wconf 80' lang='lat' dir='ltr'><strong>vigilant,</strong></span> <span class='ocrx_word' id='word_1_518' title='bbox 1250 3806 1307 3858; x_wconf 90' lang='lat' dir='ltr'><strong>et</strong></span> <span class='ocrx_word' id='word_1_519' title='bbox 1325 3819 1394 3858; x_wconf 82' lang='lat' dir='ltr'><strong>ex</strong></span> <span class='ocrx_word' id='word_1_520' title='bbox 1424 3806 1625 3876; x_wconf 88' lang='lat' dir='ltr'><strong>paucis</strong></span> <span class='ocrx_word' id='word_1_521' title='bbox 1658 3804 1940 3877; x_wconf 63' lang='lat' dir='ltr'><strong>scriptis;</strong></span> 
     </span>
    </p>
   </div>
   <div class='ocr_carea' id='block_1_75' title="bbox 2196 3800 3748 3884">
    <p class='ocr_par' dir='ltr' id='par_1_75' title="bbox 2196 3805 3748 3884">
     <span class='ocr_line' id='line_1_76' title="bbox 2196 3805 3748 3884; baseline 0.003 -25"><span class='ocrx_word' id='word_1_522' title='bbox 2196 3814 2200 3876; x_wconf 76' lang='grc' dir='ltr'>ξ</span> <span class='ocrx_word' id='word_1_523' title='bbox 2255 3805 2459 3882; x_wconf 81' lang='grc' dir='ltr'>ὀλίγων</span> <span class='ocrx_word' id='word_1_524' title='bbox 2510 3811 2617 3861; x_wconf 83' lang='grc' dir='ltr'><strong>τῶν</strong></span> <span class='ocrx_word' id='word_1_525' title='bbox 2674 3809 3163 3884; x_wconf 69' lang='grc' dir='ltr'>συγγεγραμμένων</span> <span class='ocrx_word' id='word_1_526' title='bbox 3234 3805 3489 3865; x_wconf 81' lang='grc' dir='ltr'>δύνανται</span> <span class='ocrx_word' id='word_1_527' title='bbox 3540 3807 3601 3861; x_wconf 77' lang='grc' dir='ltr'>τὰ</span> <span class='ocrx_word' id='word_1_528' title='bbox 3647 3824 3748 3872; x_wconf 83' lang='grc' dir='ltr'>νοη·</span> 
     </span>
    </p>
   </div>
   <div class='ocr_carea' id='block_1_76' title="bbox 390 3890 1942 3975">
    <p class='ocr_par' dir='ltr' id='par_1_76' title="bbox 390 3890 1941 3966">
     <span class='ocr_line' id='line_1_77' title="bbox 390 3890 1941 3966; baseline 0.003 -22"><span class='ocrx_word' id='word_1_529' title='bbox 390 3890 600 3957; x_wconf 84' lang='lat' dir='ltr'><strong>deant;</strong></span> <span class='ocrx_word' id='word_1_530' title='bbox 633 3907 701 3945; x_wconf 93' lang='lat' dir='ltr'><strong>ea</strong></span> <span class='ocrx_word' id='word_1_531' title='bbox 730 3906 854 3960; x_wconf 78' lang='lat' dir='ltr'><strong>quas</strong></span> <span class='ocrx_word' id='word_1_532' title='bbox 887 3891 1139 3963; x_wconf 88' lang='lat' dir='ltr'><strong>cogitata</strong></span> <span class='ocrx_word' id='word_1_533' title='bbox 1166 3896 1306 3946; x_wconf 86' lang='lat' dir='ltr'><strong>sunt</strong></span> <span class='ocrx_word' id='word_1_534' title='bbox 1362 3897 1419 3948; x_wconf 89' lang='lat' dir='ltr'><strong>et</strong></span> <span class='ocrx_word' id='word_1_535' title='bbox 1447 3892 1623 3961; x_wconf 77' lang='lat' dir='ltr'><strong>dicta,</strong></span> <span class='ocrx_word' id='word_1_536' title='bbox 1667 3910 1882 3966; x_wconf 89' lang='lat' dir='ltr'><strong>magna</strong></span> <span class='ocrx_word' id='word_1_537' title='bbox 1912 3911 1941 3949; x_wconf 92' lang='lat' dir='ltr'><strong>e</strong></span> 
     </span>
    </p>
   </div>
   <div class='ocr_carea' id='block_1_77' title="bbox 2198 3890 3750 3975">
    <p class='ocr_par' dir='ltr' id='par_1_77' title="bbox 2198 3892 3750 3975">
     <span class='ocr_line' id='line_1_78' title="bbox 2198 3892 3750 3975; baseline -0.003 -26"><span class='ocrx_word' id='word_1_538' title='bbox 2198 3896 2305 3950; x_wconf 63' lang='grc' dir='ltr'>ὶντα</span> <span class='ocrx_word' id='word_1_539' title='bbox 2330 3896 2478 3950; x_wconf 75' lang='grc' dir='ltr'>εἶναι</span> <span class='ocrx_word' id='word_1_540' title='bbox 2541 3894 2769 3972; x_wconf 85' lang='grc' dir='ltr'>μεγάλα.</span> <span class='ocrx_word' id='word_1_541' title='bbox 2800 3898 2981 3953; x_wconf 79' lang='grc' dir='ltr'>Ταῦτα</span> <span class='ocrx_word' id='word_1_542' title='bbox 3032 3893 3090 3951; x_wconf 77' lang='grc' dir='ltr'><strong>δὲ</strong></span> <span class='ocrx_word' id='word_1_543' title='bbox 3127 3897 3310 3974; x_wconf 80' lang='grc' dir='ltr'>χωρὶς</span> <span class='ocrx_word' id='word_1_544' title='bbox 3345 3893 3517 3975; x_wconf 76' lang='grc' dir='ltr'>φόϐου</span> <span class='ocrx_word' id='word_1_545' title='bbox 3570 3892 3750 3950; x_wconf 78' lang='grc' dir='ltr'>πιστεύ-</span> 
     </span>
    </p>
   </div>
   <div class='ocr_carea' id='block_1_78' title="bbox 387 3979 1939 4060">
    <p class='ocr_par' dir='ltr' id='par_1_78' title="bbox 387 3979 1939 4054">
     <span class='ocr_line' id='line_1_79' title="bbox 387 3979 1939 4054; baseline 0.004 -23"><span class='ocrx_word' id='word_1_546' title='bbox 387 3983 658 4048; x_wconf 89' lang='lat' dir='ltr'><strong>possunt.</strong></span> <span class='ocrx_word' id='word_1_547' title='bbox 694 3980 819 4034; x_wconf 63' lang='lat' dir='ltr'><strong>Hinc</strong></span> <span class='ocrx_word' id='word_1_548' title='bbox 848 3996 982 4034; x_wconf 89' lang='lat' dir='ltr'><strong>vero</strong></span> <span class='ocrx_word' id='word_1_549' title='bbox 1000 3979 1156 4051; x_wconf 83' lang='lat' dir='ltr'><strong>ipsos</strong></span> <span class='ocrx_word' id='word_1_550' title='bbox 1177 3981 1303 4036; x_wconf 90' lang='lat' dir='ltr'><strong>siue</strong></span> <span class='ocrx_word' id='word_1_551' title='bbox 1326 3986 1506 4047; x_wconf 90' lang='lat' dir='ltr'><strong>metu,</strong></span> <span class='ocrx_word' id='word_1_552' title='bbox 1535 3982 1870 4054; x_wconf 86' lang='lat' dir='ltr'><strong>multosque</strong></span> <span class='ocrx_word' id='word_1_553' title='bbox 1889 3983 1939 4038; x_wconf 88' lang='lat' dir='ltr'><strong>al</strong></span> 
     </span>
    </p>
   </div>
   <div class='ocr_carea' id='block_1_79' title="bbox 2199 3979 3751 4060">
    <p class='ocr_par' dir='ltr' id='par_1_79' title="bbox 2199 3982 3751 4060">
     <span class='ocr_line' id='line_1_80' title="bbox 2199 3982 3751 4060; baseline -0.003 -22"><span class='ocrx_word' id='word_1_554' title='bbox 2199 4006 2278 4040; x_wconf 76' lang='lat' dir='ltr'><strong>uv</strong></span> <span class='ocrx_word' id='word_1_555' title='bbox 2331 3982 2576 4047; x_wconf 78' lang='grc' dir='ltr'>πολλοὺς</span> <span class='ocrx_word' id='word_1_556' title='bbox 2633 3982 2834 4047; x_wconf 76' lang='grc' dir='ltr'>αὐτοὺς</span> <span class='ocrx_word' id='word_1_557' title='bbox 2879 3987 2970 4041; x_wconf 84' lang='grc' dir='ltr'><strong>καὶ</strong></span> <span class='ocrx_word' id='word_1_558' title='bbox 3000 3986 3213 4060; x_wconf 65' lang='grc' dir='ltr'>ἑτέρους</span> <span class='ocrx_word' id='word_1_559' title='bbox 3243 3984 3337 4041; x_wconf 77' lang='grc' dir='ltr'><strong>διὰ</strong></span> <span class='ocrx_word' id='word_1_560' title='bbox 3362 3987 3595 4058; x_wconf 80' lang='grc' dir='ltr'>Χριστὸν</span> <span class='ocrx_word' id='word_1_561' title='bbox 3648 3984 3751 4037; x_wconf 80' lang='grc' dir='ltr'>ὑπο-</span> 
     </span>
    </p>
   </div>
   <div class='ocr_carea' id='block_1_80' title="bbox 384 4063 1936 4150">
    <p class='ocr_par' dir='ltr' id='par_1_80' title="bbox 384 4063 1936 4143">
     <span class='ocr_line' id='line_1_81' title="bbox 384 4063 1936 4143; baseline 0.006 -24"><span class='ocrx_word' id='word_1_562' title='bbox 384 4063 603 4119; x_wconf 83' lang='lat' dir='ltr'><strong>Christi</strong></span> <span class='ocrx_word' id='word_1_563' title='bbox 632 4082 808 4121; x_wconf 88' lang='lat' dir='ltr'><strong>causa</strong></span> <span class='ocrx_word' id='word_1_564' title='bbox 835 4070 892 4122; x_wconf 89' lang='lat' dir='ltr'><strong>et</strong></span> <span class='ocrx_word' id='word_1_565' title='bbox 922 4067 1157 4124; x_wconf 90' lang='lat' dir='ltr'><strong>nomine</strong></span> <span class='ocrx_word' id='word_1_566' title='bbox 1203 4070 1528 4126; x_wconf 87' lang='lat' dir='ltr'><strong>certamina</strong></span> <span class='ocrx_word' id='word_1_567' title='bbox 1558 4072 1870 4143; x_wconf 87' lang='lat' dir='ltr'><strong>pertulisse</strong></span> <span class='ocrx_word' id='word_1_568' title='bbox 1912 4089 1936 4129; x_wconf 87' lang='lat' dir='ltr'><strong>c</strong></span> 
     </span>
    </p>
   </div>
   <div class='ocr_carea' id='block_1_81' title="bbox 2199 4063 3751 4150">
    <p class='ocr_par' dir='ltr' id='par_1_81' title="bbox 2199 4074 3751 4150">
     <span class='ocr_line' id='line_1_82' title="bbox 2199 4074 3751 4150; baseline -0.003 -21"><span class='ocrx_word' id='word_1_569' title='bbox 2199 4074 2510 4146; x_wconf 69' lang='grc' dir='ltr'>εμενηκὲναι</span> <span class='ocrx_word' id='word_1_570' title='bbox 2568 4074 2802 4150; x_wconf 84' lang='grc' dir='ltr'>ἀγῶνας,</span> <span class='ocrx_word' id='word_1_571' title='bbox 2832 4076 2915 4130; x_wconf 81' lang='grc' dir='ltr'>ὅτι</span> <span class='ocrx_word' id='word_1_572' title='bbox 2971 4076 3060 4131; x_wconf 84' lang='grc' dir='ltr'><strong>καὶ</strong></span> <span class='ocrx_word' id='word_1_573' title='bbox 3104 4074 3211 4138; x_wconf 64' lang='grc' dir='ltr'>ἕως</span> <span class='ocrx_word' id='word_1_574' title='bbox 3266 4081 3368 4132; x_wconf 77' lang='grc' dir='ltr'><strong>τοῦ</strong></span> <span class='ocrx_word' id='word_1_575' title='bbox 3413 4081 3505 4130; x_wconf 75' lang='grc' dir='ltr'><strong>νῦν</strong></span> <span class='ocrx_word' id='word_1_576' title='bbox 3557 4075 3751 4130; x_wconf 77' lang='grc' dir='ltr'>τοσαῦτα</span> 
     </span>
    </p>
   </div>
   <div class='ocr_carea' id='block_1_82' title="bbox 384 4152 1936 4239">
    <p class='ocr_par' dir='ltr' id='par_1_82' title="bbox 384 4152 1934 4232">
     <span class='ocr_line' id='line_1_83' title="bbox 384 4152 1934 4232; baseline 0.008 -27"><span class='ocrx_word' id='word_1_577' title='bbox 384 4152 605 4219; x_wconf 89' lang='lat' dir='ltr'><strong>dimus,</strong></span> <span class='ocrx_word' id='word_1_578' title='bbox 641 4167 774 4207; x_wconf 90' lang='lat' dir='ltr'><strong>cum</strong></span> <span class='ocrx_word' id='word_1_579' title='bbox 805 4153 981 4210; x_wconf 86' lang='lat' dir='ltr'><strong>etiam</strong></span> <span class='ocrx_word' id='word_1_580' title='bbox 1015 4156 1085 4210; x_wconf 92' lang='lat' dir='ltr'><strong>ad</strong></span> <span class='ocrx_word' id='word_1_581' title='bbox 1112 4157 1194 4211; x_wconf 80' lang='lat' dir='ltr'><strong>hac</strong></span> <span class='ocrx_word' id='word_1_582' title='bbox 1228 4174 1414 4229; x_wconf 89' lang='lat' dir='ltr'><strong>usque</strong></span> <span class='ocrx_word' id='word_1_583' title='bbox 1443 4164 1725 4232; x_wconf 87' lang='lat' dir='ltr'><strong>tempora,</strong></span> <span class='ocrx_word' id='word_1_584' title='bbox 1763 4167 1847 4217; x_wconf 87' lang='lat' dir='ltr'><strong>tot</strong></span> <span class='ocrx_word' id='word_1_585' title='bbox 1881 4168 1934 4217; x_wconf 86' lang='lat' dir='ltr'><strong>ta</strong></span> 
     </span>
    </p>
   </div>
   <div class='ocr_carea' id='block_1_83' title="bbox 2199 4152 3751 4239">
    <p class='ocr_par' dir='ltr' id='par_1_83' title="bbox 2200 4161 3751 4239">
     <span class='ocr_line' id='line_1_84' title="bbox 2200 4161 3751 4239; baseline -0.003 -21"><span class='ocrx_word' id='word_1_586' title='bbox 2200 4164 2215 4185; x_wconf 84' lang='lat'><strong><em>’</em></strong></span> <span class='ocrx_word' id='word_1_587' title='bbox 2242 4163 2417 4219; x_wconf 84' lang='grc' dir='ltr'>αὐτῶν</span> <span class='ocrx_word' id='word_1_588' title='bbox 2445 4166 2480 4233; x_wconf 82' lang='grc' dir='ltr'><strong>ἡ</strong></span> <span class='ocrx_word' id='word_1_589' title='bbox 2514 4164 2630 4229; x_wconf 85' lang='grc' dir='ltr'>θεία</span> <span class='ocrx_word' id='word_1_590' title='bbox 2673 4161 2901 4238; x_wconf 81' lang='grc' dir='ltr'>δύναμις</span> <span class='ocrx_word' id='word_1_591' title='bbox 2939 4166 3184 4236; x_wconf 79' lang='grc' dir='ltr'>καταξιοῖ</span> <span class='ocrx_word' id='word_1_592' title='bbox 3230 4168 3600 4239; x_wconf 78' lang='grc' dir='ltr'>φανερωθῆναι</span> <span class='ocrx_word' id='word_1_593' title='bbox 3651 4164 3751 4215; x_wconf 80' lang='grc' dir='ltr'>Θαν-</span> 
     </span>
    </p>
   </div>
   <div class='ocr_carea' id='block_1_84' title="bbox 388 4241 1940 4325">
    <p class='ocr_par' dir='ltr' id='par_1_84' title="bbox 388 4241 1940 4323">
     <span class='ocr_line' id='line_1_85' title="bbox 388 4241 1940 4323; baseline 0.008 -29"><span class='ocrx_word' id='word_1_594' title='bbox 388 4257 503 4312; x_wconf 89' lang='lat' dir='ltr'><strong>que</strong></span> <span class='ocrx_word' id='word_1_595' title='bbox 536 4241 687 4296; x_wconf 89' lang='lat' dir='ltr'><strong>mira</strong></span> <span class='ocrx_word' id='word_1_596' title='bbox 715 4257 891 4311; x_wconf 91' lang='lat' dir='ltr'><strong>opera</strong></span> <span class='ocrx_word' id='word_1_597' title='bbox 919 4247 975 4297; x_wconf 91' lang='lat' dir='ltr'><strong>et</strong></span> <span class='ocrx_word' id='word_1_598' title='bbox 1006 4244 1291 4301; x_wconf 89' lang='lat' dir='ltr'><strong>miracula</strong></span> <span class='ocrx_word' id='word_1_599' title='bbox 1320 4263 1424 4317; x_wconf 89' lang='lat' dir='ltr'><strong>per</strong></span> <span class='ocrx_word' id='word_1_600' title='bbox 1452 4265 1550 4303; x_wconf 87' lang='lat' dir='ltr'><strong>eos</strong></span> <span class='ocrx_word' id='word_1_601' title='bbox 1589 4250 1675 4305; x_wconf 89' lang='lat' dir='ltr'><strong>vis</strong></span> <span class='ocrx_word' id='word_1_602' title='bbox 1706 4251 1900 4307; x_wconf 85' lang='lat' dir='ltr'><strong>divina</strong></span> <span class='ocrx_word' id='word_1_603' title='bbox 1931 4270 1940 4323; x_wconf 75' lang='grc' dir='ltr'><strong>ι</strong></span> 
     </span>
    </p>
   </div>
   <div class='ocr_carea' id='block_1_85' title="bbox 2200 4241 3752 4325">
    <p class='ocr_par' dir='ltr' id='par_1_85' title="bbox 2200 4247 3752 4323">
     <span class='ocr_line' id='line_1_86' title="bbox 2200 4247 3752 4323; baseline -0.001 -17"><span class='ocrx_word' id='word_1_604' title='bbox 2200 4250 2330 4321; x_wconf 67' lang='lat' dir='ltr'><strong>iam,</strong></span> <span class='ocrx_word' id='word_1_605' title='bbox 2360 4251 2498 4307; x_wconf 81' lang='grc' dir='ltr'>ὥστε</span> <span class='ocrx_word' id='word_1_606' title='bbox 2555 4252 2851 4323; x_wconf 79' lang='grc' dir='ltr'>ἐξίστασθαι</span> <span class='ocrx_word' id='word_1_607' title='bbox 2904 4255 3107 4317; x_wconf 85' lang='grc' dir='ltr'>πάντας</span> <span class='ocrx_word' id='word_1_608' title='bbox 3160 4259 3287 4316; x_wconf 80' lang='grc' dir='ltr'>τοὺς</span> <span class='ocrx_word' id='word_1_609' title='bbox 3346 4254 3641 4320; x_wconf 71' lang='grc' dir='ltr'>οἰκοῦντας,</span> <span class='ocrx_word' id='word_1_610' title='bbox 3681 4247 3752 4305; x_wconf 69' lang='grc' dir='ltr'><strong>καὶ</strong></span> 
     </span>
    </p>
   </div>
   <div class='ocr_carea' id='block_1_86' title="bbox 384 4327 1936 4420">
    <p class='ocr_par' dir='ltr' id='par_1_86' title="bbox 384 4327 1935 4399">
     <span class='ocr_line' id='line_1_87' title="bbox 384 4327 1935 4399; baseline 0.008 -16"><span class='ocrx_word' id='word_1_611' title='bbox 384 4327 501 4385; x_wconf 87' lang='lat' dir='ltr'><strong>lam</strong></span> <span class='ocrx_word' id='word_1_612' title='bbox 535 4328 626 4384; x_wconf 85' lang='lat' dir='ltr'><strong>edi</strong></span> <span class='ocrx_word' id='word_1_613' title='bbox 656 4329 811 4399; x_wconf 87' lang='lat' dir='ltr'><strong>velit,</strong></span> <span class='ocrx_word' id='word_1_614' title='bbox 846 4334 910 4385; x_wconf 91' lang='lat' dir='ltr'><strong>ut</strong></span> <span class='ocrx_word' id='word_1_615' title='bbox 956 4346 1161 4386; x_wconf 86' lang='lat' dir='ltr'><strong>omnes</strong></span> <span class='ocrx_word' id='word_1_616' title='bbox 1210 4333 1411 4389; x_wconf 68' lang='lat' dir='ltr'><strong>incolae</strong></span> <span class='ocrx_word' id='word_1_617' title='bbox 1452 4342 1509 4390; x_wconf 86' lang='lat' dir='ltr'><strong>et</strong></span> <span class='ocrx_word' id='word_1_618' title='bbox 1540 4338 1772 4394; x_wconf 61' lang='lat' dir='ltr'><strong>advena)</strong></span> <span class='ocrx_word' id='word_1_619' title='bbox 1828 4340 1935 4396; x_wconf 90' lang='lat' dir='ltr'><strong>obs</strong></span> 
     </span>
    </p>
   </div>
   <div class='ocr_carea' id='block_1_87' title="bbox 2200 4327 3752 4420">
    <p class='ocr_par' dir='ltr' id='par_1_87' title="bbox 2200 4341 3752 4420">
     <span class='ocr_line' id='line_1_88' title="bbox 2200 4341 3752 4420; baseline 0.003 -26"><span class='ocrx_word' id='word_1_620' title='bbox 2200 4341 2676 4416; x_wconf 84' lang='grc' dir='ltr'>ιρατυγχάνοντας.</span> <span class='ocrx_word' id='word_1_621' title='bbox 2726 4346 2966 4408; x_wconf 78' lang='grc' dir='ltr'>Ἐπαθον</span> <span class='ocrx_word' id='word_1_622' title='bbox 3013 4344 3104 4399; x_wconf 79' lang='grc' dir='ltr'><strong>οὗν</strong></span> <span class='ocrx_word' id='word_1_623' title='bbox 3164 4345 3216 4399; x_wconf 73' lang='grc' dir='ltr'><strong>οἱ</strong></span> <span class='ocrx_word' id='word_1_624' title='bbox 3268 4346 3528 4420; x_wconf 79' lang='grc' dir='ltr'>μακάριοι</span> <span class='ocrx_word' id='word_1_625' title='bbox 3582 4343 3752 4415; x_wconf 72' lang='grc' dir='ltr'>μάρτυ-</span> 
     </span>
    </p>
   </div>
   <div class='ocr_carea' id='block_1_88' title="bbox 384 4419 1936 4509">
    <p class='ocr_par' dir='ltr' id='par_1_88' title="bbox 384 4419 1936 4509">
     <span class='ocr_line' id='line_1_89' title="bbox 384 4419 1936 4509; baseline 0.006 -35"><span class='ocrx_word' id='word_1_626' title='bbox 384 4423 643 4509; x_wconf 75' lang='lat' dir='ltr'><strong>pescant.</strong></span> <span class='ocrx_word' id='word_1_627' title='bbox 681 4419 826 4509; x_wconf 87' lang='lat' dir='ltr'><strong>Ergo</strong></span> <span class='ocrx_word' id='word_1_628' title='bbox 860 4421 1121 4492; x_wconf 86' lang='lat' dir='ltr'><strong>perpessi</strong></span> <span class='ocrx_word' id='word_1_629' title='bbox 1167 4426 1307 4477; x_wconf 90' lang='lat' dir='ltr'><strong>sunt</strong></span> <span class='ocrx_word' id='word_1_630' title='bbox 1338 4429 1581 4480; x_wconf 89' lang='lat' dir='ltr'><strong>mortem</strong></span> <span class='ocrx_word' id='word_1_631' title='bbox 1613 4428 1823 4483; x_wconf 85' lang='lat' dir='ltr'><strong>Christi</strong></span> <span class='ocrx_word' id='word_1_632' title='bbox 1870 4446 1936 4484; x_wconf 30' lang='lat' dir='ltr'><strong>mi</strong></span> 
     </span>
    </p>
   </div>
   <div class='ocr_carea' id='block_1_89' title="bbox 2201 4419 3753 4509">
    <p class='ocr_par' dir='ltr' id='par_1_89' title="bbox 2204 4430 3753 4509">
     <span class='ocr_line' id='line_1_90' title="bbox 2204 4430 3753 4509; baseline -0.001 -22"><span class='ocrx_word' id='word_1_633' title='bbox 2204 4453 2229 4494; x_wconf 90' lang='grc' dir='ltr'><strong>ς</strong></span> <span class='ocrx_word' id='word_1_634' title='bbox 2284 4437 2380 4488; x_wconf 81' lang='grc' dir='ltr'>τοῦ</span> <span class='ocrx_word' id='word_1_635' title='bbox 2440 4435 2695 4509; x_wconf 76' lang='grc' dir='ltr'>Χριστοῦ,</span> <span class='ocrx_word' id='word_1_636' title='bbox 2751 4434 3051 4505; x_wconf 87' lang='grc' dir='ltr'>Διονύσιος,</span> <span class='ocrx_word' id='word_1_637' title='bbox 3099 4435 3414 4497; x_wconf 79' lang='grc' dir='ltr'>Ῥούστικος</span> <span class='ocrx_word' id='word_1_638' title='bbox 3464 4435 3552 4490; x_wconf 81' lang='grc' dir='ltr'><strong>καὶ</strong></span> <span class='ocrx_word' id='word_1_639' title='bbox 3596 4430 3753 4489; x_wconf 82' lang='grc' dir='ltr'>Ἐλευ-</span> 
     </span>
    </p>
   </div>
   <div class='ocr_carea' id='block_1_90' title="bbox 382 4507 1934 4599">
    <p class='ocr_par' dir='ltr' id='par_1_90' title="bbox 382 4507 1925 4590">
     <span class='ocr_line' id='line_1_91' title="bbox 382 4507 1925 4590; baseline 0.007 -28"><span class='ocrx_word' id='word_1_640' title='bbox 382 4513 542 4580; x_wconf 84' lang='lat' dir='ltr'><strong>tyres</strong></span> <span class='ocrx_word' id='word_1_641' title='bbox 572 4507 905 4580; x_wconf 82' lang='lat' dir='ltr'><strong>Dionysius,</strong></span> <span class='ocrx_word' id='word_1_642' title='bbox 939 4509 1215 4564; x_wconf 85' lang='lat' dir='ltr'><strong>Rusticus</strong></span> <span class='ocrx_word' id='word_1_643' title='bbox 1255 4516 1312 4567; x_wconf 88' lang='lat' dir='ltr'><strong>et</strong></span> <span class='ocrx_word' id='word_1_644' title='bbox 1340 4511 1729 4586; x_wconf 86' lang='lat' dir='ltr'><strong>Eleutherius,</strong></span> <span class='ocrx_word' id='word_1_645' title='bbox 1779 4519 1925 4590; x_wconf 85' lang='lat' dir='ltr'><strong>septi</strong></span> 
     </span>
    </p>
   </div>
   <div class='ocr_carea' id='block_1_91' title="bbox 2197 4507 3749 4599">
    <p class='ocr_par' dir='ltr' id='par_1_91' title="bbox 2200 4507 3749 4599">
     <span class='ocr_line' id='line_1_92' title="bbox 2200 4507 3749 4599; baseline -0.003 -23"><span class='ocrx_word' id='word_1_646' title='bbox 2200 4541 2339 4596; x_wconf 86' lang='grc' dir='ltr'>ριος,</span> <span class='ocrx_word' id='word_1_647' title='bbox 2373 4507 2583 4596; x_wconf 69' lang='grc' dir='ltr'><strong>ἑϐδόμῃ</strong></span> <span class='ocrx_word' id='word_1_648' title='bbox 2640 4519 2924 4577; x_wconf 83' lang='grc' dir='ltr'>καλανδῶν</span> <span class='ocrx_word' id='word_1_649' title='bbox 2974 4518 3299 4599; x_wconf 74' lang='grc' dir='ltr'>ὀκτωϐρίου.</span> <span class='ocrx_word' id='word_1_650' title='bbox 3335 4523 3426 4579; x_wconf 73' lang='grc' dir='ltr'>ἐπὶ</span> <span class='ocrx_word' id='word_1_651' title='bbox 3460 4520 3749 4596; x_wconf 76' lang='grc' dir='ltr'>Δομετιανοῦ</span> 
     </span>
    </p>
   </div>
   <div class='ocr_carea' id='block_1_92' title="bbox 366 4596 1918 4687">
    <p class='ocr_par' dir='ltr' id='par_1_92' title="bbox 366 4596 1918 4675">
     <span class='ocr_line' id='line_1_93' title="bbox 366 4596 1918 4675; baseline 0.007 -23"><span class='ocrx_word' id='word_1_652' title='bbox 366 4596 671 4653; x_wconf 81' lang='lat' dir='ltr'><strong>Kalendas</strong></span> <span class='ocrx_word' id='word_1_653' title='bbox 702 4597 990 4666; x_wconf 89' lang='lat' dir='ltr'><strong>Octobris,</strong></span> <span class='ocrx_word' id='word_1_654' title='bbox 1025 4599 1354 4657; x_wconf 86' lang='lat' dir='ltr'><strong>Domitiano</strong></span> <span class='ocrx_word' id='word_1_655' title='bbox 1380 4602 1799 4675; x_wconf 89' lang='lat' dir='ltr'><strong>imperatorein</strong></span> <span class='ocrx_word' id='word_1_656' title='bbox 1824 4608 1918 4663; x_wconf 86' lang='lat' dir='ltr'><strong>Gal</strong></span> 
     </span>
    </p>
   </div>
   <div class='ocr_carea' id='block_1_93' title="bbox 2199 4596 3751 4687">
    <p class='ocr_par' dir='ltr' id='par_1_93' title="bbox 2199 4596 3751 4687">
     <span class='ocr_line' id='line_1_94' title="bbox 2199 4596 3751 4687; baseline 0.002 -22"><span class='ocrx_word' id='word_1_657' title='bbox 2199 4610 2438 4678; x_wconf 84' lang='grc' dir='ltr'>ισιλὲως,</span> <span class='ocrx_word' id='word_1_658' title='bbox 2472 4610 2525 4666; x_wconf 78' lang='grc' dir='ltr'>ἐν</span> <span class='ocrx_word' id='word_1_659' title='bbox 2574 4616 2690 4673; x_wconf 84' lang='grc' dir='ltr'>τοῖς</span> <span class='ocrx_word' id='word_1_660' title='bbox 2743 4603 2925 4685; x_wconf 71' lang='grc' dir='ltr'>μέρεσι</span> <span class='ocrx_word' id='word_1_661' title='bbox 2974 4620 3072 4683; x_wconf 81' lang='grc' dir='ltr'>τῆς</span> <span class='ocrx_word' id='word_1_662' title='bbox 3116 4596 3352 4675; x_wconf 80' lang='grc' dir='ltr'>Γαλλίας</span> <span class='ocrx_word' id='word_1_663' title='bbox 3400 4614 3491 4669; x_wconf 81' lang='grc' dir='ltr'><strong>καὶ</strong></span> <span class='ocrx_word' id='word_1_664' title='bbox 3532 4607 3751 4687; x_wconf 71' lang='grc' dir='ltr'>Παρισίας</span> 
     </span>
    </p>
   </div>
   <div class='ocr_carea' id='block_1_94' title="bbox 366 4686 1918 4776">
    <p class='ocr_par' dir='ltr' id='par_1_94' title="bbox 366 4686 1918 4760">
     <span class='ocr_line' id='line_1_95' title="bbox 366 4686 1918 4760; baseline 0.008 -20"><span class='ocrx_word' id='word_1_665' title='bbox 366 4686 623 4741; x_wconf 65' lang='lat' dir='ltr'><strong>Lutetiae</strong></span> <span class='ocrx_word' id='word_1_666' title='bbox 654 4686 1026 4753; x_wconf 85' lang='lat' dir='ltr'><strong>Parisiorum,</strong></span> <span class='ocrx_word' id='word_1_667' title='bbox 1062 4695 1342 4760; x_wconf 85' lang='lat' dir='ltr'><strong>regnante</strong></span> <span class='ocrx_word' id='word_1_668' title='bbox 1374 4693 1617 4750; x_wconf 90' lang='lat' dir='ltr'><strong>Domino</strong></span> <span class='ocrx_word' id='word_1_669' title='bbox 1650 4704 1849 4752; x_wconf 87' lang='lat' dir='ltr'><strong>nostro</strong></span> <span class='ocrx_word' id='word_1_670' title='bbox 1887 4698 1918 4753; x_wconf 88' lang='lat' dir='ltr'><strong>J</strong></span> 
     </span>
    </p>
   </div>
   <div class='ocr_carea' id='block_1_95' title="bbox 2196 4686 3748 4776">
    <p class='ocr_par' dir='ltr' id='par_1_95' title="bbox 2196 4686 3748 4776">
     <span class='ocr_line' id='line_1_96' title="bbox 2196 4686 3748 4776; baseline 0.001 -22"><span class='ocrx_word' id='word_1_671' title='bbox 2196 4698 2376 4771; x_wconf 66' lang='grc' dir='ltr'>ελεως,</span> <span class='ocrx_word' id='word_1_672' title='bbox 2412 4698 2795 4775; x_wconf 84' lang='grc' dir='ltr'>βασιλεύοντος</span> <span class='ocrx_word' id='word_1_673' title='bbox 2830 4706 2928 4755; x_wconf 78' lang='grc' dir='ltr'><strong>τοῦ</strong></span> <span class='ocrx_word' id='word_1_674' title='bbox 2976 4700 3176 4776; x_wconf 83' lang='grc' dir='ltr'>Κυρίου</span> <span class='ocrx_word' id='word_1_675' title='bbox 3226 4705 3390 4774; x_wconf 79' lang='grc' dir='ltr'>ἡμῶν</span> <span class='ocrx_word' id='word_1_676' title='bbox 3425 4686 3617 4772; x_wconf 12' lang='grc' dir='ltr'>Ἰησοῦν</span> <span class='ocrx_word' id='word_1_677' title='bbox 3643 4701 3748 4771; x_wconf 78' lang='grc' dir='ltr'>Χρι-</span> 
     </span>
    </p>
   </div>
   <div class='ocr_carea' id='block_1_96' title="bbox 364 4774 1916 4865">
    <p class='ocr_par' dir='ltr' id='par_1_96' title="bbox 364 4774 1916 4855">
     <span class='ocr_line' id='line_1_97' title="bbox 364 4774 1916 4855; baseline 0.009 -25"><span class='ocrx_word' id='word_1_678' title='bbox 364 4774 609 4832; x_wconf 65' lang='grc' dir='ltr'><strong>Ὀὴιεὶθιο</strong></span> <span class='ocrx_word' id='word_1_679' title='bbox 633 4792 767 4832; x_wconf 91' lang='lat' dir='ltr'><strong>cum</strong></span> <span class='ocrx_word' id='word_1_680' title='bbox 806 4777 978 4832; x_wconf 89' lang='lat' dir='ltr'><strong>Patre</strong></span> <span class='ocrx_word' id='word_1_681' title='bbox 1006 4782 1064 4833; x_wconf 88' lang='lat' dir='ltr'><strong>et</strong></span> <span class='ocrx_word' id='word_1_682' title='bbox 1092 4783 1296 4835; x_wconf 89' lang='lat' dir='ltr'><strong>sancto</strong></span> <span class='ocrx_word' id='word_1_683' title='bbox 1325 4782 1564 4855; x_wconf 90' lang='lat' dir='ltr'><strong>Spiritu,</strong></span> <span class='ocrx_word' id='word_1_684' title='bbox 1600 4802 1756 4842; x_wconf 90' lang='lat' dir='ltr'><strong>nunc</strong></span> <span class='ocrx_word' id='word_1_685' title='bbox 1786 4790 1843 4843; x_wconf 90' lang='lat' dir='ltr'><strong>et</strong></span> <span class='ocrx_word' id='word_1_686' title='bbox 1873 4805 1916 4845; x_wconf 76' lang='lat' dir='ltr'><strong>Bt</strong></span> 
     </span>
    </p>
   </div>
   <div class='ocr_carea' id='block_1_97' title="bbox 2194 4774 3746 4865">
    <p class='ocr_par' dir='ltr' id='par_1_97' title="bbox 2194 4774 3746 4865">
     <span class='ocr_line' id='line_1_98' title="bbox 2194 4774 3746 4865; baseline 0.002 -24"><span class='ocrx_word' id='word_1_687' title='bbox 2194 4787 2266 4842; x_wconf 69' lang='grc' dir='ltr'>ῖοῦ</span> <span class='ocrx_word' id='word_1_688' title='bbox 2329 4774 2446 4860; x_wconf 79' lang='grc' dir='ltr'>ἅμα</span> <span class='ocrx_word' id='word_1_689' title='bbox 2491 4792 2588 4842; x_wconf 75' lang='grc' dir='ltr'><strong>τοῦ</strong></span> <span class='ocrx_word' id='word_1_690' title='bbox 2631 4788 2839 4863; x_wconf 86' lang='grc' dir='ltr'>Πατρὸς</span> <span class='ocrx_word' id='word_1_691' title='bbox 2866 4789 2956 4843; x_wconf 88' lang='grc' dir='ltr'><strong>καὶ</strong></span> <span class='ocrx_word' id='word_1_692' title='bbox 3004 4774 3101 4844; x_wconf 81' lang='grc' dir='ltr'>τοῦ</span> <span class='ocrx_word' id='word_1_693' title='bbox 3131 4790 3288 4865; x_wconf 84' lang='grc' dir='ltr'>ἁγίου</span> <span class='ocrx_word' id='word_1_694' title='bbox 3329 4790 3635 4863; x_wconf 85' lang='grc' dir='ltr'>Ηνεύματος</span> <span class='ocrx_word' id='word_1_695' title='bbox 3675 4788 3746 4839; x_wconf 50' lang='lat' dir='ltr'><strong>vi&quot;</strong></span> 
     </span>
    </p>
   </div>
   <div class='ocr_carea' id='block_1_98' title="bbox 385 4864 1937 4954">
    <p class='ocr_par' dir='ltr' id='par_1_98' title="bbox 385 4864 1564 4936">
     <span class='ocr_line' id='line_1_99' title="bbox 385 4864 1564 4936; baseline 0.009 -18"><span class='ocrx_word' id='word_1_696' title='bbox 385 4880 508 4936; x_wconf 89' lang='lat' dir='ltr'><strong>per,</strong></span> <span class='ocrx_word' id='word_1_697' title='bbox 539 4870 595 4921; x_wconf 85' lang='lat' dir='ltr'><strong>et</strong></span> <span class='ocrx_word' id='word_1_698' title='bbox 624 4867 684 4921; x_wconf 91' lang='lat' dir='ltr'><strong>in</strong></span> <span class='ocrx_word' id='word_1_699' title='bbox 715 4864 930 4922; x_wconf 76' lang='lat' dir='ltr'><strong>saecula</strong></span> <span class='ocrx_word' id='word_1_700' title='bbox 955 4866 1325 4926; x_wconf 75' lang='lat' dir='ltr'><strong>saeculorum.</strong></span> <span class='ocrx_word' id='word_1_701' title='bbox 1357 4873 1564 4929; x_wconf 89' lang='lat' dir='ltr'><strong>Amen.</strong></span> 
     </span>
    </p>
   </div>
   <div class='ocr_carea' id='block_1_99' title="bbox 2023 4864 3575 4954">
    <p class='ocr_par' dir='ltr' id='par_1_99' title="bbox 2134 4876 3575 4954">
     <span class='ocr_line' id='line_1_100' title="bbox 2134 4876 3575 4954; baseline 0.004 -23"><span class='ocrx_word' id='word_1_702' title='bbox 2134 4877 2224 4931; x_wconf 78' lang='grc' dir='ltr'>καὶ</span> <span class='ocrx_word' id='word_1_703' title='bbox 2256 4876 2337 4933; x_wconf 80' lang='grc' dir='ltr'><strong>ἀεὶ</strong></span> <span class='ocrx_word' id='word_1_704' title='bbox 2368 4878 2455 4932; x_wconf 82' lang='grc' dir='ltr'><strong>καὶ</strong></span> <span class='ocrx_word' id='word_1_705' title='bbox 2490 4877 2565 4939; x_wconf 81' lang='grc' dir='ltr'><strong>είς</strong></span> <span class='ocrx_word' id='word_1_706' title='bbox 2596 4877 2723 4940; x_wconf 78' lang='grc' dir='ltr'>τοὺς</span> <span class='ocrx_word' id='word_1_707' title='bbox 2752 4876 2953 4942; x_wconf 79' lang='grc' dir='ltr'>αἰῶνας</span> <span class='ocrx_word' id='word_1_708' title='bbox 2981 4883 3091 4935; x_wconf 79' lang='grc' dir='ltr'><strong>τῶν</strong></span> <span class='ocrx_word' id='word_1_709' title='bbox 3122 4877 3354 4939; x_wconf 79' lang='grc' dir='ltr'>αἰώνων.</span> <span class='ocrx_word' id='word_1_710' title='bbox 3384 4881 3575 4954; x_wconf 73' lang='grc' dir='ltr'>Ἀμήν.</span> 
     </span>
    </p>
   </div>
  </div>
