  <div class='ocr_page' id='page_1' title='image "/cluster/home/n/w/nwhite01/storage/ocr_20150623/4/hvd.32044073426538/355.png"; bbox 0 0 3972 6214; ppageno 0'>
   <div class='ocr_carea' id='block_1_1' title="bbox 397 300 2571 356">
    <p class='ocr_par' dir='ltr' id='par_1_1' title="bbox 397 300 2571 356">
     <span class='ocr_line' id='line_1_1' title="bbox 397 300 2571 356; baseline 0.001 -3"><span class='ocrx_word' id='word_1_1' title='bbox 397 300 496 353; x_wconf 86' lang='grc'><strong>691</strong></span> <span class='ocrx_word' id='word_1_2' title='bbox 1631 304 1688 354; x_wconf 88' lang='lat' dir='ltr'>S.</span> <span class='ocrx_word' id='word_1_3' title='bbox 1734 302 2047 356; x_wconf 83' lang='lat' dir='ltr'>DIONYSII</span> <span class='ocrx_word' id='word_1_4' title='bbox 2087 300 2571 356; x_wconf 71' lang='lat' dir='ltr'>AREOPAGITB</span> 
     </span>
    </p>
   </div>
   <div class='ocr_carea' id='block_1_2' title="bbox 394 419 1536 493">
    <p class='ocr_par' dir='ltr' id='par_1_2' title="bbox 394 419 1536 493">
     <span class='ocr_line' id='line_1_2' title="bbox 394 419 1536 493; baseline -0.003 -14"><span class='ocrx_word' id='word_1_5' title='bbox 394 423 505 479; x_wconf 88' lang='lat' dir='ltr'>Sed</span> <span class='ocrx_word' id='word_1_6' title='bbox 538 419 914 477; x_wconf 82' lang='lat' dir='ltr'>Altitonantis</span> <span class='ocrx_word' id='word_1_7' title='bbox 946 421 1190 493; x_wconf 89' lang='lat' dir='ltr'>prodiga</span> <span class='ocrx_word' id='word_1_8' title='bbox 1221 421 1324 477; x_wconf 85' lang='lat' dir='ltr'>Dei</span> <span class='ocrx_word' id='word_1_9' title='bbox 1356 437 1536 477; x_wconf 88' lang='lat' dir='ltr'>manu</span> 
     </span>
    </p>
   </div>
   <div class='ocr_carea' id='block_1_3' title="bbox 467 509 1263 575">
    <p class='ocr_par' dir='ltr' id='par_1_3' title="bbox 467 509 1263 575">
     <span class='ocr_line' id='line_1_3' title="bbox 467 509 1263 575; baseline -0.003 -9"><span class='ocrx_word' id='word_1_10' title='bbox 467 510 684 566; x_wconf 88' lang='lat' dir='ltr'>Paulus</span> <span class='ocrx_word' id='word_1_11' title='bbox 723 509 940 566; x_wconf 86' lang='lat' dir='ltr'>monile</span> <span class='ocrx_word' id='word_1_12' title='bbox 975 510 1263 575; x_wconf 72' lang='lat' dir='ltr'>Ecclesiae,</span> 
     </span>
    </p>
   </div>
   <div class='ocr_carea' id='block_1_4' title="bbox 394 600 1489 659">
    <p class='ocr_par' dir='ltr' id='par_1_4' title="bbox 394 600 1489 659">
     <span class='ocr_line' id='line_1_4' title="bbox 394 600 1489 659; baseline -0.004 -1"><span class='ocrx_word' id='word_1_13' title='bbox 394 602 578 659; x_wconf 85' lang='lat' dir='ltr'>Musis</span> <span class='ocrx_word' id='word_1_14' title='bbox 609 600 872 655; x_wconf 83' lang='lat' dir='ltr'>Athenas</span> <span class='ocrx_word' id='word_1_15' title='bbox 906 601 1220 655; x_wconf 90' lang='lat' dir='ltr'>afﬂuentes</span> <span class='ocrx_word' id='word_1_16' title='bbox 1252 604 1489 655; x_wconf 84' lang='lat' dir='ltr'>venerat</span> 
     </span>
    </p>
   </div>
   <div class='ocr_carea' id='block_1_5' title="bbox 467 689 1300 761">
    <p class='ocr_par' dir='ltr' id='par_1_5' title="bbox 467 689 1300 761">
     <span class='ocr_line' id='line_1_5' title="bbox 467 689 1300 761; baseline 0 -17"><span class='ocrx_word' id='word_1_17' title='bbox 467 691 672 746; x_wconf 87' lang='lat' dir='ltr'>Fidum</span> <span class='ocrx_word' id='word_1_18' title='bbox 709 689 968 761; x_wconf 77' lang='lat' dir='ltr'>profanis</span> <span class='ocrx_word' id='word_1_19' title='bbox 995 689 1300 760; x_wconf 88' lang='lat' dir='ltr'>oppidum.</span> 
     </span>
    </p>
   </div>
   <div class='ocr_carea' id='block_1_6' title="bbox 394 778 1608 852">
    <p class='ocr_par' dir='ltr' id='par_1_6' title="bbox 394 778 1608 852">
     <span class='ocr_line' id='line_1_6' title="bbox 394 778 1608 852; baseline -0.002 -15"><span class='ocrx_word' id='word_1_20' title='bbox 394 782 678 838; x_wconf 88' lang='lat' dir='ltr'>Torrente</span> <span class='ocrx_word' id='word_1_21' title='bbox 710 781 922 852; x_wconf 71' lang='lat' dir='ltr'>linguae</span> <span class='ocrx_word' id='word_1_22' title='bbox 956 796 1174 848; x_wconf 84' lang='lat' dir='ltr'>susque</span> <span class='ocrx_word' id='word_1_23' title='bbox 1206 780 1393 850; x_wconf 90' lang='lat' dir='ltr'>deque</span> <span class='ocrx_word' id='word_1_24' title='bbox 1425 778 1608 834; x_wconf 80' lang='lat' dir='ltr'>diruit</span> 
     </span>
    </p>
   </div>
   <div class='ocr_carea' id='block_1_7' title="bbox 469 867 1264 938">
    <p class='ocr_par' dir='ltr' id='par_1_7' title="bbox 469 867 1264 938">
     <span class='ocr_line' id='line_1_7' title="bbox 469 867 1264 938; baseline -0.008 -12"><span class='ocrx_word' id='word_1_25' title='bbox 469 870 674 926; x_wconf 91' lang='lat' dir='ltr'>Cultus</span> <span class='ocrx_word' id='word_1_26' title='bbox 706 869 998 924; x_wconf 85' lang='lat' dir='ltr'>idolorum</span> <span class='ocrx_word' id='word_1_27' title='bbox 1031 868 1107 922; x_wconf 88' lang='lat' dir='ltr'>im</span> <span class='ocrx_word' id='word_1_28' title='bbox 1121 867 1264 938; x_wconf 92' lang='lat' dir='ltr'>pios.</span> 
     </span>
    </p>
   </div>
   <div class='ocr_carea' id='block_1_8' title="bbox 396 956 1476 1029">
    <p class='ocr_par' dir='ltr' id='par_1_8' title="bbox 396 956 1476 1029">
     <span class='ocr_line' id='line_1_8' title="bbox 396 956 1476 1029; baseline -0.002 -15"><span class='ocrx_word' id='word_1_29' title='bbox 396 960 572 1016; x_wconf 84' lang='lat' dir='ltr'>Verbi</span> <span class='ocrx_word' id='word_1_30' title='bbox 604 958 870 1029; x_wconf 81' lang='lat' dir='ltr'>loquelas</span> <span class='ocrx_word' id='word_1_31' title='bbox 901 958 1204 1013; x_wconf 76' lang='lat' dir='ltr'>seminans</span> <span class='ocrx_word' id='word_1_32' title='bbox 1236 956 1476 1012; x_wconf 91' lang='lat' dir='ltr'>solertia</span> 
     </span>
    </p>
   </div>
   <div class='ocr_carea' id='block_1_9' title="bbox 473 1046 1330 1120">
    <p class='ocr_par' dir='ltr' id='par_1_9' title="bbox 473 1046 1330 1120">
     <span class='ocr_line' id='line_1_9' title="bbox 473 1046 1330 1120; baseline -0.005 -17"><span class='ocrx_word' id='word_1_33' title='bbox 473 1049 817 1120; x_wconf 73' lang='lat' dir='ltr'>Dionysium</span> <span class='ocrx_word' id='word_1_34' title='bbox 852 1046 1024 1102; x_wconf 81' lang='lat' dir='ltr'>vertit</span> <span class='ocrx_word' id='word_1_35' title='bbox 1057 1047 1330 1118; x_wconf 88' lang='lat' dir='ltr'>sophum,</span> 
     </span>
    </p>
   </div>
   <div class='ocr_carea' id='block_1_10' title="bbox 400 1134 1714 1209">
    <p class='ocr_par' dir='ltr' id='par_1_10' title="bbox 400 1134 1714 1209">
     <span class='ocr_line' id='line_1_10' title="bbox 400 1134 1714 1209; baseline -0.002 -14"><span class='ocrx_word' id='word_1_36' title='bbox 400 1141 792 1209; x_wconf 88' lang='lat' dir='ltr'>Proceresque</span> <span class='ocrx_word' id='word_1_37' title='bbox 825 1136 1000 1190; x_wconf 82' lang='lat' dir='ltr'>lactat</span> <span class='ocrx_word' id='word_1_38' title='bbox 1031 1134 1178 1190; x_wconf 90' lang='lat' dir='ltr'>lacte</span> <span class='ocrx_word' id='word_1_39' title='bbox 1210 1135 1399 1190; x_wconf 88' lang='lat' dir='ltr'>sancti</span> <span class='ocrx_word' id='word_1_40' title='bbox 1433 1136 1714 1207; x_wconf 83' lang='lat' dir='ltr'>Spiritus,</span> 
     </span>
    </p>
   </div>
   <div class='ocr_carea' id='block_1_11' title="bbox 473 1225 1256 1290">
    <p class='ocr_par' dir='ltr' id='par_1_11' title="bbox 473 1225 1256 1290">
     <span class='ocr_line' id='line_1_11' title="bbox 473 1225 1256 1290; baseline -0.003 -10"><span class='ocrx_word' id='word_1_41' title='bbox 473 1229 627 1290; x_wconf 87' lang='lat' dir='ltr'>Quos</span> <span class='ocrx_word' id='word_1_42' title='bbox 659 1225 820 1282; x_wconf 90' lang='lat' dir='ltr'>nulla</span> <span class='ocrx_word' id='word_1_43' title='bbox 850 1225 936 1279; x_wconf 91' lang='lat' dir='ltr'>vis</span> <span class='ocrx_word' id='word_1_44' title='bbox 972 1225 1256 1278; x_wconf 60' lang='lat' dir='ltr'>facundiae</span> 
     </span>
    </p>
   </div>
   <div class='ocr_carea' id='block_1_12' title="bbox 400 1313 1458 1384">
    <p class='ocr_par' dir='ltr' id='par_1_12' title="bbox 400 1313 1458 1384">
     <span class='ocr_line' id='line_1_12' title="bbox 400 1313 1458 1384; baseline -0.004 -13"><span class='ocrx_word' id='word_1_45' title='bbox 400 1315 550 1372; x_wconf 90' lang='lat' dir='ltr'>Olim</span> <span class='ocrx_word' id='word_1_46' title='bbox 583 1319 818 1370; x_wconf 87' lang='lat' dir='ltr'>tenaces</span> <span class='ocrx_word' id='word_1_47' title='bbox 853 1314 1123 1384; x_wconf 89' lang='lat' dir='ltr'>quiverat</span> <span class='ocrx_word' id='word_1_48' title='bbox 1155 1313 1458 1368; x_wconf 84' lang='lat' dir='ltr'>divertere.</span> 
     </span>
    </p>
   </div>
   <div class='ocr_carea' id='block_1_13' title="bbox 473 1404 1376 1474">
    <p class='ocr_par' dir='ltr' id='par_1_13' title="bbox 473 1404 1376 1474">
     <span class='ocr_line' id='line_1_13' title="bbox 473 1404 1376 1474; baseline -0.001 -16"><span class='ocrx_word' id='word_1_49' title='bbox 473 1405 601 1459; x_wconf 78' lang='lat' dir='ltr'>Alia</span> <span class='ocrx_word' id='word_1_50' title='bbox 629 1408 719 1459; x_wconf 88' lang='lat' dir='ltr'>est</span> <span class='ocrx_word' id='word_1_51' title='bbox 751 1404 934 1474; x_wconf 82' lang='lat' dir='ltr'>figura</span> <span class='ocrx_word' id='word_1_52' title='bbox 967 1419 1143 1474; x_wconf 87' lang='lat' dir='ltr'>quam</span> <span class='ocrx_word' id='word_1_53' title='bbox 1183 1407 1376 1457; x_wconf 86' lang='lat' dir='ltr'>antea.</span> 
     </span>
    </p>
   </div>
   <div class='ocr_carea' id='block_1_14' title="bbox 400 1502 1598 1574">
    <p class='ocr_par' dir='ltr' id='par_1_14' title="bbox 400 1502 1598 1574">
     <span class='ocr_line' id='line_1_14' title="bbox 400 1502 1598 1574; baseline -0.003 -15"><span class='ocrx_word' id='word_1_54' title='bbox 400 1504 568 1559; x_wconf 90' lang='lat' dir='ltr'>Nunc</span> <span class='ocrx_word' id='word_1_55' title='bbox 599 1503 862 1574; x_wconf 89' lang='lat' dir='ltr'>viperina</span> <span class='ocrx_word' id='word_1_56' title='bbox 893 1505 1289 1571; x_wconf 65' lang='lat' dir='ltr'>pracaverunt</span> <span class='ocrx_word' id='word_1_57' title='bbox 1321 1502 1598 1572; x_wconf 82' lang='lat' dir='ltr'>dogmata</span> 
     </span>
    </p>
   </div>
   <div class='ocr_carea' id='block_1_15' title="bbox 477 1590 1200 1654">
    <p class='ocr_par' dir='ltr' id='par_1_15' title="bbox 477 1590 1200 1654">
     <span class='ocr_line' id='line_1_15' title="bbox 477 1590 1200 1654; baseline -0.006 -7"><span class='ocrx_word' id='word_1_58' title='bbox 477 1595 632 1647; x_wconf 90' lang='lat' dir='ltr'>Inter</span> <span class='ocrx_word' id='word_1_59' title='bbox 662 1591 904 1646; x_wconf 87' lang='lat' dir='ltr'>reﬂexas</span> <span class='ocrx_word' id='word_1_60' title='bbox 935 1590 1200 1654; x_wconf 81' lang='lat' dir='ltr'>semitas,</span> 
     </span>
    </p>
   </div>
   <div class='ocr_carea' id='block_1_16' title="bbox 404 1679 1606 1751">
    <p class='ocr_par' dir='ltr' id='par_1_16' title="bbox 404 1679 1606 1751">
     <span class='ocr_line' id='line_1_16' title="bbox 404 1679 1606 1751; baseline -0.002 -15"><span class='ocrx_word' id='word_1_61' title='bbox 404 1685 588 1750; x_wconf 86' lang='lat' dir='ltr'>Atque</span> <span class='ocrx_word' id='word_1_62' title='bbox 620 1680 970 1735; x_wconf 87' lang='lat' dir='ltr'>abdicarunt</span> <span class='ocrx_word' id='word_1_63' title='bbox 1001 1679 1233 1751; x_wconf 89' lang='lat' dir='ltr'>publice</span> <span class='ocrx_word' id='word_1_64' title='bbox 1265 1679 1606 1751; x_wconf 78' lang='lat' dir='ltr'>sophistica,</span> 
     </span>
    </p>
   </div>
   <div class='ocr_carea' id='block_1_17' title="bbox 479 1768 1263 1824">
    <p class='ocr_par' dir='ltr' id='par_1_17' title="bbox 479 1768 1263 1824">
     <span class='ocr_line' id='line_1_17' title="bbox 479 1768 1263 1824; baseline -0.003 0"><span class='ocrx_word' id='word_1_65' title='bbox 479 1769 692 1824; x_wconf 84' lang='lat' dir='ltr'>Christi</span> <span class='ocrx_word' id='word_1_66' title='bbox 726 1770 910 1824; x_wconf 90' lang='lat' dir='ltr'>secuti</span> <span class='ocrx_word' id='word_1_67' title='bbox 942 1768 1263 1822; x_wconf 83' lang='lat' dir='ltr'>tramitem.</span> 
     </span>
    </p>
   </div>
   <div class='ocr_carea' id='block_1_18' title="bbox 409 1857 1526 1929">
    <p class='ocr_par' dir='ltr' id='par_1_18' title="bbox 409 1857 1526 1929">
     <span class='ocr_line' id='line_1_18' title="bbox 409 1857 1526 1929; baseline 0.001 -16"><span class='ocrx_word' id='word_1_68' title='bbox 409 1860 554 1928; x_wconf 92' lang='lat' dir='ltr'>Lux,</span> <span class='ocrx_word' id='word_1_69' title='bbox 588 1857 784 1923; x_wconf 86' lang='lat' dir='ltr'>Paule,</span> <span class='ocrx_word' id='word_1_70' title='bbox 817 1857 1245 1929; x_wconf 47' lang='lat' dir='ltr'>gentiumétibi</span> <span class='ocrx_word' id='word_1_71' title='bbox 1279 1857 1526 1914; x_wconf 87' lang='lat' dir='ltr'>scientia</span> 
     </span>
    </p>
   </div>
   <div class='ocr_carea' id='block_1_19' title="bbox 489 1947 1385 2019">
    <p class='ocr_par' dir='ltr' id='par_1_19' title="bbox 489 1947 1385 2019">
     <span class='ocr_line' id='line_1_19' title="bbox 489 1947 1385 2019; baseline 0.001 -17"><span class='ocrx_word' id='word_1_72' title='bbox 489 1949 652 2003; x_wconf 87' lang='lat' dir='ltr'>Nunc</span> <span class='ocrx_word' id='word_1_73' title='bbox 684 1952 850 2019; x_wconf 87' lang='lat' dir='ltr'>grata</span> <span class='ocrx_word' id='word_1_74' title='bbox 882 1947 1125 2018; x_wconf 80' lang='lat' dir='ltr'>porrigit</span> <span class='ocrx_word' id='word_1_75' title='bbox 1153 1964 1385 2003; x_wconf 90' lang='lat' dir='ltr'>manus.</span> 
     </span>
    </p>
   </div>
   <div class='ocr_carea' id='block_1_20' title="bbox 418 2035 1390 2107">
    <p class='ocr_par' dir='ltr' id='par_1_20' title="bbox 418 2035 1390 2107">
     <span class='ocr_line' id='line_1_20' title="bbox 418 2035 1390 2107; baseline 0 -16"><span class='ocrx_word' id='word_1_76' title='bbox 418 2037 797 2093; x_wconf 89' lang='lat' dir='ltr'>Atheniensis</span> <span class='ocrx_word' id='word_1_77' title='bbox 829 2036 1154 2107; x_wconf 84' lang='lat' dir='ltr'>dissipatur</span> <span class='ocrx_word' id='word_1_78' title='bbox 1184 2035 1390 2106; x_wconf 87' lang='lat' dir='ltr'>gloria,</span> 
     </span>
    </p>
   </div>
   <div class='ocr_carea' id='block_1_21' title="bbox 491 2124 1279 2198">
    <p class='ocr_par' dir='ltr' id='par_1_21' title="bbox 491 2124 1279 2198">
     <span class='ocr_line' id='line_1_21' title="bbox 491 2124 1279 2198; baseline -0.003 -16"><span class='ocrx_word' id='word_1_79' title='bbox 491 2128 637 2182; x_wconf 90' lang='lat' dir='ltr'>Dum</span> <span class='ocrx_word' id='word_1_80' title='bbox 671 2125 939 2198; x_wconf 85' lang='lat' dir='ltr'>suggeris</span> <span class='ocrx_word' id='word_1_81' title='bbox 976 2124 1279 2180; x_wconf 88' lang='lat' dir='ltr'>miracula.</span> 
     </span>
    </p>
   </div>
   <div class='ocr_carea' id='block_1_22' title="bbox 417 2214 1564 2282">
    <p class='ocr_par' dir='ltr' id='par_1_22' title="bbox 417 2214 1564 2282">
     <span class='ocr_line' id='line_1_22' title="bbox 417 2214 1564 2282; baseline 0.002 -12"><span class='ocrx_word' id='word_1_82' title='bbox 417 2215 669 2271; x_wconf 89' lang='lat' dir='ltr'>Dilectus</span> <span class='ocrx_word' id='word_1_83' title='bbox 699 2214 874 2270; x_wconf 86' lang='lat' dir='ltr'>astris</span> <span class='ocrx_word' id='word_1_84' title='bbox 903 2214 1114 2269; x_wconf 84' lang='lat' dir='ltr'>humor</span> <span class='ocrx_word' id='word_1_85' title='bbox 1146 2219 1254 2282; x_wconf 85' lang='lat' dir='ltr'>est,</span> <span class='ocrx_word' id='word_1_86' title='bbox 1291 2214 1389 2270; x_wconf 91' lang='lat' dir='ltr'>ubi</span> <span class='ocrx_word' id='word_1_87' title='bbox 1419 2232 1564 2272; x_wconf 89' lang='lat' dir='ltr'>novo</span> 
     </span>
    </p>
   </div>
   <div class='ocr_carea' id='block_1_23' title="bbox 485 2304 1120 2360">
    <p class='ocr_par' dir='ltr' id='par_1_23' title="bbox 485 2304 1120 2360">
     <span class='ocr_line' id='line_1_23' title="bbox 485 2304 1120 2360; baseline -0.005 0"><span class='ocrx_word' id='word_1_88' title='bbox 485 2305 667 2360; x_wconf 89' lang='lat' dir='ltr'>Labes</span> <span class='ocrx_word' id='word_1_89' title='bbox 699 2305 842 2360; x_wconf 89' lang='lat' dir='ltr'>reati</span> <span class='ocrx_word' id='word_1_90' title='bbox 876 2304 1120 2358; x_wconf 89' lang='lat' dir='ltr'>ﬂumine</span> 
     </span>
    </p>
   </div>
   <div class='ocr_carea' id='block_1_24' title="bbox 411 2393 1726 2464">
    <p class='ocr_par' dir='ltr' id='par_1_24' title="bbox 411 2393 1726 2464">
     <span class='ocr_line' id='line_1_24' title="bbox 411 2393 1726 2464; baseline 0.002 -16"><span class='ocrx_word' id='word_1_91' title='bbox 411 2394 762 2464; x_wconf 89' lang='lat' dir='ltr'>Purgantur,</span> <span class='ocrx_word' id='word_1_92' title='bbox 799 2398 931 2447; x_wconf 85' lang='lat' dir='ltr'>ante</span> <span class='ocrx_word' id='word_1_93' title='bbox 961 2408 1164 2446; x_wconf 89' lang='lat' dir='ltr'>verum</span> <span class='ocrx_word' id='word_1_94' title='bbox 1197 2393 1422 2448; x_wconf 90' lang='lat' dir='ltr'>Numen</span> <span class='ocrx_word' id='word_1_95' title='bbox 1458 2395 1726 2452; x_wconf 89' lang='lat' dir='ltr'>noverint</span> 
     </span>
    </p>
   </div>
   <div class='ocr_carea' id='block_1_25' title="bbox 479 2481 1210 2540">
    <p class='ocr_par' dir='ltr' id='par_1_25' title="bbox 479 2481 1210 2540">
     <span class='ocr_line' id='line_1_25' title="bbox 479 2481 1210 2540; baseline -0.001 -4"><span class='ocrx_word' id='word_1_96' title='bbox 479 2482 551 2540; x_wconf 89' lang='lat' dir='ltr'>Et</span> <span class='ocrx_word' id='word_1_97' title='bbox 580 2482 816 2537; x_wconf 83' lang='lat' dir='ltr'>fixerint</span> <span class='ocrx_word' id='word_1_98' title='bbox 848 2481 1210 2536; x_wconf 87' lang='lat' dir='ltr'>medullitus.</span> 
     </span>
    </p>
   </div>
   <div class='ocr_carea' id='block_1_26' title="bbox 409 2569 1550 2642">
    <p class='ocr_par' dir='ltr' id='par_1_26' title="bbox 409 2569 1550 2642">
     <span class='ocr_line' id='line_1_26' title="bbox 409 2569 1550 2642; baseline 0 -16"><span class='ocrx_word' id='word_1_99' title='bbox 409 2572 499 2628; x_wconf 92' lang='lat' dir='ltr'>Tu</span> <span class='ocrx_word' id='word_1_100' title='bbox 533 2570 743 2642; x_wconf 63' lang='lat' dir='ltr'>praesul</span> <span class='ocrx_word' id='word_1_101' title='bbox 774 2570 962 2626; x_wconf 70' lang='lat' dir='ltr'>haeres</span> <span class='ocrx_word' id='word_1_102' title='bbox 996 2569 1238 2642; x_wconf 89' lang='lat' dir='ltr'>puritati</span> <span class='ocrx_word' id='word_1_103' title='bbox 1269 2571 1550 2642; x_wconf 87' lang='lat' dir='ltr'>Apostoli,</span> 
     </span>
    </p>
   </div>
   <div class='ocr_carea' id='block_1_27' title="bbox 483 2658 1268 2733">
    <p class='ocr_par' dir='ltr' id='par_1_27' title="bbox 483 2658 1268 2733">
     <span class='ocr_line' id='line_1_27' title="bbox 483 2658 1268 2733; baseline -0.001 -18"><span class='ocrx_word' id='word_1_104' title='bbox 483 2659 749 2733; x_wconf 89' lang='lat' dir='ltr'>Lympha</span> <span class='ocrx_word' id='word_1_105' title='bbox 779 2665 1017 2715; x_wconf 88' lang='lat' dir='ltr'>renatus</span> <span class='ocrx_word' id='word_1_106' title='bbox 1049 2658 1268 2726; x_wconf 79' lang='lat' dir='ltr'>ccelica,</span> 
     </span>
    </p>
   </div>
   <div class='ocr_carea' id='block_1_28' title="bbox 409 2747 1606 2821">
    <p class='ocr_par' dir='ltr' id='par_1_28' title="bbox 409 2747 1606 2821">
     <span class='ocr_line' id='line_1_28' title="bbox 409 2747 1606 2821; baseline 0 -16"><span class='ocrx_word' id='word_1_107' title='bbox 409 2749 533 2805; x_wconf 89' lang='lat' dir='ltr'>Nox</span> <span class='ocrx_word' id='word_1_108' title='bbox 563 2750 722 2805; x_wconf 89' lang='lat' dir='ltr'>hunc</span> <span class='ocrx_word' id='word_1_109' title='bbox 755 2749 990 2820; x_wconf 83' lang='lat' dir='ltr'>refugit,</span> <span class='ocrx_word' id='word_1_110' title='bbox 1025 2748 1242 2804; x_wconf 86' lang='lat' dir='ltr'>excutit</span> <span class='ocrx_word' id='word_1_111' title='bbox 1273 2747 1606 2821; x_wconf 90' lang='lat' dir='ltr'>caliginem,</span> 
     </span>
    </p>
   </div>
   <div class='ocr_carea' id='block_1_29' title="bbox 483 2837 1314 2910">
    <p class='ocr_par' dir='ltr' id='par_1_29' title="bbox 483 2837 1314 2910">
     <span class='ocr_line' id='line_1_29' title="bbox 483 2837 1314 2910; baseline -0.002 -16"><span class='ocrx_word' id='word_1_112' title='bbox 483 2839 613 2894; x_wconf 89' lang='lat' dir='ltr'>Jam</span> <span class='ocrx_word' id='word_1_113' title='bbox 648 2838 1020 2910; x_wconf 83' lang='lat' dir='ltr'>mancipatus</span> <span class='ocrx_word' id='word_1_114' title='bbox 1052 2837 1314 2892; x_wconf 90' lang='lat' dir='ltr'>Numini.</span> 
     </span>
    </p>
   </div>
   <div class='ocr_carea' id='block_1_30' title="bbox 412 2935 1544 3008">
    <p class='ocr_par' dir='ltr' id='par_1_30' title="bbox 412 2935 1544 3008">
     <span class='ocr_line' id='line_1_30' title="bbox 412 2935 1544 3008; baseline 0 -19"><span class='ocrx_word' id='word_1_115' title='bbox 412 2936 582 3008; x_wconf 87' lang='lat' dir='ltr'>Viget</span> <span class='ocrx_word' id='word_1_116' title='bbox 613 2953 818 2992; x_wconf 90' lang='lat' dir='ltr'>sereno</span> <span class='ocrx_word' id='word_1_117' title='bbox 849 2936 1019 2991; x_wconf 89' lang='lat' dir='ltr'>corde</span> <span class='ocrx_word' id='word_1_118' title='bbox 1051 2935 1291 2991; x_wconf 90' lang='lat' dir='ltr'>ﬂamma</span> <span class='ocrx_word' id='word_1_119' title='bbox 1322 2936 1544 3007; x_wconf 85' lang='lat' dir='ltr'>fortior,</span> 
     </span>
    </p>
   </div>
   <div class='ocr_carea' id='block_1_31' title="bbox 485 3025 1248 3096">
    <p class='ocr_par' dir='ltr' id='par_1_31' title="bbox 485 3025 1248 3096">
     <span class='ocr_line' id='line_1_31' title="bbox 485 3025 1248 3096; baseline -0.007 -13"><span class='ocrx_word' id='word_1_120' title='bbox 485 3029 553 3083; x_wconf 89' lang='lat' dir='ltr'>Et</span> <span class='ocrx_word' id='word_1_121' title='bbox 582 3027 742 3082; x_wconf 89' lang='lat' dir='ltr'>frons</span> <span class='ocrx_word' id='word_1_122' title='bbox 777 3025 1006 3080; x_wconf 89' lang='lat' dir='ltr'>renidet</span> <span class='ocrx_word' id='word_1_123' title='bbox 1035 3025 1248 3096; x_wconf 88' lang='lat' dir='ltr'>gaudio</span> 
     </span>
    </p>
   </div>
   <div class='ocr_carea' id='block_1_32' title="bbox 413 3112 1615 3173">
    <p class='ocr_par' dir='ltr' id='par_1_32' title="bbox 413 3112 1615 3173">
     <span class='ocr_line' id='line_1_32' title="bbox 413 3112 1615 3173; baseline -0.004 0"><span class='ocrx_word' id='word_1_124' title='bbox 413 3117 626 3173; x_wconf 83' lang='lat' dir='ltr'>Radiee</span> <span class='ocrx_word' id='word_1_125' title='bbox 657 3116 729 3170; x_wconf 90' lang='lat' dir='ltr'>ab</span> <span class='ocrx_word' id='word_1_126' title='bbox 761 3115 881 3170; x_wconf 87' lang='lat' dir='ltr'>ima</span> <span class='ocrx_word' id='word_1_127' title='bbox 911 3113 1180 3169; x_wconf 90' lang='lat' dir='ltr'>funditus</span> <span class='ocrx_word' id='word_1_128' title='bbox 1209 3112 1405 3169; x_wconf 86' lang='lat' dir='ltr'>vulsas</span> <span class='ocrx_word' id='word_1_129' title='bbox 1435 3114 1615 3170; x_wconf 89' lang='lat' dir='ltr'>simul</span> 
     </span>
    </p>
   </div>
   <div class='ocr_carea' id='block_1_33' title="bbox 485 3203 1202 3260">
    <p class='ocr_par' dir='ltr' id='par_1_33' title="bbox 485 3203 1202 3260">
     <span class='ocr_line' id='line_1_33' title="bbox 485 3203 1202 3260; baseline -0.006 0"><span class='ocrx_word' id='word_1_130' title='bbox 485 3204 712 3260; x_wconf 89' lang='lat' dir='ltr'>Erroris</span> <span class='ocrx_word' id='word_1_131' title='bbox 743 3209 896 3259; x_wconf 90' lang='lat' dir='ltr'>artes</span> <span class='ocrx_word' id='word_1_132' title='bbox 929 3203 1202 3257; x_wconf 88' lang='lat' dir='ltr'>extrahit.</span> 
     </span>
    </p>
   </div>
   <div class='ocr_carea' id='block_1_34' title="bbox 415 3291 1653 3366">
    <p class='ocr_par' dir='ltr' id='par_1_34' title="bbox 415 3291 1653 3366">
     <span class='ocr_line' id='line_1_34' title="bbox 415 3291 1653 3366; baseline 0 -16"><span class='ocrx_word' id='word_1_133' title='bbox 415 3295 544 3350; x_wconf 86' lang='lat' dir='ltr'>Alte</span> <span class='ocrx_word' id='word_1_134' title='bbox 575 3310 844 3350; x_wconf 86' lang='lat' dir='ltr'>recessus</span> <span class='ocrx_word' id='word_1_135' title='bbox 875 3291 1170 3348; x_wconf 90' lang='lat' dir='ltr'>luminum</span> <span class='ocrx_word' id='word_1_136' title='bbox 1203 3296 1260 3348; x_wconf 90' lang='lat' dir='ltr'>et</span> <span class='ocrx_word' id='word_1_137' title='bbox 1289 3293 1414 3348; x_wconf 85' lang='lat' dir='ltr'>coeli</span> <span class='ocrx_word' id='word_1_138' title='bbox 1450 3293 1653 3366; x_wconf 89' lang='lat' dir='ltr'>plagas</span> 
     </span>
    </p>
   </div>
   <div class='ocr_carea' id='block_1_35' title="bbox 482 3383 1356 3454">
    <p class='ocr_par' dir='ltr' id='par_1_35' title="bbox 482 3383 1356 3454">
     <span class='ocr_line' id='line_1_35' title="bbox 482 3383 1356 3454; baseline -0.003 -14"><span class='ocrx_word' id='word_1_139' title='bbox 482 3386 811 3454; x_wconf 88' lang='lat' dir='ltr'>Scrutatur,</span> <span class='ocrx_word' id='word_1_140' title='bbox 847 3388 1023 3454; x_wconf 85' lang='lat' dir='ltr'>atque</span> <span class='ocrx_word' id='word_1_141' title='bbox 1056 3383 1356 3454; x_wconf 66' lang='lat' dir='ltr'>praedicat.</span> 
     </span>
    </p>
   </div>
   <div class='ocr_carea' id='block_1_36' title="bbox 412 3480 1609 3553">
    <p class='ocr_par' dir='ltr' id='par_1_36' title="bbox 412 3480 1609 3553">
     <span class='ocr_line' id='line_1_36' title="bbox 412 3480 1609 3553; baseline 0 -17"><span class='ocrx_word' id='word_1_142' title='bbox 412 3481 681 3537; x_wconf 86' lang='lat' dir='ltr'>Scintilla</span> <span class='ocrx_word' id='word_1_143' title='bbox 710 3480 899 3550; x_wconf 87' lang='lat' dir='ltr'>qualis</span> <span class='ocrx_word' id='word_1_144' title='bbox 930 3481 1116 3552; x_wconf 86' lang='lat' dir='ltr'>fulget</span> <span class='ocrx_word' id='word_1_145' title='bbox 1147 3485 1271 3536; x_wconf 88' lang='lat' dir='ltr'>atro</span> <span class='ocrx_word' id='word_1_146' title='bbox 1303 3480 1609 3553; x_wconf 91' lang='lat' dir='ltr'>sulphure,</span> 
     </span>
    </p>
   </div>
   <div class='ocr_carea' id='block_1_37' title="bbox 481 3569 1270 3626">
    <p class='ocr_par' dir='ltr' id='par_1_37' title="bbox 481 3569 1270 3626">
     <span class='ocr_line' id='line_1_37' title="bbox 481 3569 1270 3626; baseline 0.003 -3"><span class='ocrx_word' id='word_1_147' title='bbox 481 3569 584 3625; x_wconf 87' lang='lat' dir='ltr'>Vel</span> <span class='ocrx_word' id='word_1_148' title='bbox 619 3575 682 3625; x_wconf 93' lang='lat' dir='ltr'>ut</span> <span class='ocrx_word' id='word_1_149' title='bbox 714 3569 976 3625; x_wconf 89' lang='lat' dir='ltr'>refractis</span> <span class='ocrx_word' id='word_1_150' title='bbox 1009 3571 1270 3626; x_wconf 88' lang='lat' dir='ltr'>nubibus</span> 
     </span>
    </p>
   </div>
   <div class='ocr_carea' id='block_1_38' title="bbox 414 3658 1794 3729">
    <p class='ocr_par' dir='ltr' id='par_1_38' title="bbox 414 3658 1794 3729">
     <span class='ocr_line' id='line_1_38' title="bbox 414 3658 1794 3729; baseline 0.001 -15"><span class='ocrx_word' id='word_1_151' title='bbox 414 3665 522 3716; x_wconf 91' lang='lat' dir='ltr'>Per</span> <span class='ocrx_word' id='word_1_152' title='bbox 553 3660 742 3715; x_wconf 88' lang='lat' dir='ltr'>noctis</span> <span class='ocrx_word' id='word_1_153' title='bbox 766 3660 1039 3714; x_wconf 89' lang='lat' dir='ltr'>umbram</span> <span class='ocrx_word' id='word_1_154' title='bbox 1071 3659 1333 3714; x_wconf 90' lang='lat' dir='ltr'>siderum</span> <span class='ocrx_word' id='word_1_155' title='bbox 1366 3658 1588 3715; x_wconf 89' lang='lat' dir='ltr'>micant</span> <span class='ocrx_word' id='word_1_156' title='bbox 1619 3660 1794 3729; x_wconf 86' lang='lat' dir='ltr'>faces,</span> 
     </span>
    </p>
   </div>
   <div class='ocr_carea' id='block_1_39' title="bbox 487 3748 1220 3822">
    <p class='ocr_par' dir='ltr' id='par_1_39' title="bbox 487 3748 1220 3822">
     <span class='ocr_line' id='line_1_39' title="bbox 487 3748 1220 3822; baseline -0.004 -17"><span class='ocrx_word' id='word_1_157' title='bbox 487 3750 578 3806; x_wconf 89' lang='lat' dir='ltr'>Sic</span> <span class='ocrx_word' id='word_1_158' title='bbox 609 3749 880 3822; x_wconf 70' lang='lat' dir='ltr'>praesulis</span> <span class='ocrx_word' id='word_1_159' title='bbox 911 3748 1088 3804; x_wconf 86' lang='lat' dir='ltr'>vultis</span> <span class='ocrx_word' id='word_1_160' title='bbox 1121 3749 1220 3819; x_wconf 90' lang='lat' dir='ltr'>pii.</span> 
     </span>
    </p>
   </div>
   <div class='ocr_carea' id='block_1_40' title="bbox 411 3838 1737 3911">
    <p class='ocr_par' dir='ltr' id='par_1_40' title="bbox 411 3838 1737 3911">
     <span class='ocr_line' id='line_1_40' title="bbox 411 3838 1737 3911; baseline -0.002 -15"><span class='ocrx_word' id='word_1_161' title='bbox 411 3841 514 3896; x_wconf 89' lang='lat' dir='ltr'>Vis</span> <span class='ocrx_word' id='word_1_162' title='bbox 544 3839 747 3896; x_wconf 89' lang='lat' dir='ltr'>addita</span> <span class='ocrx_word' id='word_1_163' title='bbox 776 3843 864 3895; x_wconf 93' lang='lat' dir='ltr'>est</span> <span class='ocrx_word' id='word_1_164' title='bbox 894 3839 1109 3905; x_wconf 88' lang='lat' dir='ltr'>menti;</span> <span class='ocrx_word' id='word_1_165' title='bbox 1143 3838 1452 3911; x_wconf 82' lang='lat' dir='ltr'>verbisque</span> <span class='ocrx_word' id='word_1_166' title='bbox 1483 3839 1737 3895; x_wconf 87' lang='lat' dir='ltr'>seminat</span> 
     </span>
    </p>
   </div>
   <div class='ocr_carea' id='block_1_41' title="bbox 486 3928 1251 3999">
    <p class='ocr_par' dir='ltr' id='par_1_41' title="bbox 486 3928 1251 3999">
     <span class='ocr_line' id='line_1_41' title="bbox 486 3928 1251 3999; baseline -0.003 -15"><span class='ocrx_word' id='word_1_167' title='bbox 486 3928 722 3984; x_wconf 90' lang='lat' dir='ltr'>Millena</span> <span class='ocrx_word' id='word_1_168' title='bbox 749 3928 957 3982; x_wconf 88' lang='lat' dir='ltr'>civium</span> <span class='ocrx_word' id='word_1_169' title='bbox 995 3928 1251 3999; x_wconf 82' lang='lat' dir='ltr'>agmina.</span> 
     </span>
    </p>
   </div>
   <div class='ocr_carea' id='block_1_42' title="bbox 415 4016 1685 4083">
    <p class='ocr_par' dir='ltr' id='par_1_42' title="bbox 415 4016 1685 4083">
     <span class='ocr_line' id='line_1_42' title="bbox 415 4016 1685 4083; baseline -0.001 -10"><span class='ocrx_word' id='word_1_170' title='bbox 415 4019 627 4073; x_wconf 88' lang='lat' dir='ltr'>Fetura</span> <span class='ocrx_word' id='word_1_171' title='bbox 655 4035 856 4072; x_wconf 88' lang='lat' dir='ltr'>verum</span> <span class='ocrx_word' id='word_1_172' title='bbox 891 4019 1152 4072; x_wconf 84' lang='lat' dir='ltr'>nascitur</span> <span class='ocrx_word' id='word_1_173' title='bbox 1183 4016 1427 4083; x_wconf 88' lang='lat' dir='ltr'>sensim,</span> <span class='ocrx_word' id='word_1_174' title='bbox 1461 4034 1565 4073; x_wconf 90' lang='lat' dir='ltr'>nec</span> <span class='ocrx_word' id='word_1_175' title='bbox 1596 4021 1685 4072; x_wconf 89' lang='lat' dir='ltr'>est</span> 
     </span>
    </p>
   </div>
   <div class='ocr_carea' id='block_1_43' title="bbox 486 4105 1415 4176">
    <p class='ocr_par' dir='ltr' id='par_1_43' title="bbox 486 4105 1415 4176">
     <span class='ocr_line' id='line_1_43' title="bbox 486 4105 1415 4176; baseline 0.001 -17"><span class='ocrx_word' id='word_1_176' title='bbox 486 4106 648 4169; x_wconf 87' lang='lat' dir='ltr'>Quod</span> <span class='ocrx_word' id='word_1_177' title='bbox 682 4105 935 4176; x_wconf 89' lang='lat' dir='ltr'>amplius</span> <span class='ocrx_word' id='word_1_178' title='bbox 972 4122 1168 4160; x_wconf 87' lang='lat' dir='ltr'>moras</span> <span class='ocrx_word' id='word_1_179' title='bbox 1199 4105 1415 4160; x_wconf 84' lang='lat' dir='ltr'>trahat.</span> 
     </span>
    </p>
   </div>
   <div class='ocr_carea' id='block_1_44' title="bbox 412 4194 1753 4267">
    <p class='ocr_par' dir='ltr' id='par_1_44' title="bbox 412 4194 1753 4267">
     <span class='ocr_line' id='line_1_44' title="bbox 412 4194 1753 4267; baseline 0.001 -17"><span class='ocrx_word' id='word_1_180' title='bbox 412 4194 655 4250; x_wconf 88' lang='lat' dir='ltr'>Jussum</span> <span class='ocrx_word' id='word_1_181' title='bbox 688 4194 937 4265; x_wconf 88' lang='lat' dir='ltr'>capessit</span> <span class='ocrx_word' id='word_1_182' title='bbox 969 4194 1254 4266; x_wconf 88' lang='lat' dir='ltr'>Apostoli;</span> <span class='ocrx_word' id='word_1_183' title='bbox 1291 4211 1512 4250; x_wconf 91' lang='lat' dir='ltr'>morem</span> <span class='ocrx_word' id='word_1_184' title='bbox 1547 4211 1753 4267; x_wconf 87' lang='lat' dir='ltr'>gerens</span> 
     </span>
    </p>
   </div>
   <div class='ocr_carea' id='block_1_45' title="bbox 488 4282 1350 4339">
    <p class='ocr_par' dir='ltr' id='par_1_45' title="bbox 488 4282 1350 4339">
     <span class='ocr_line' id='line_1_45' title="bbox 488 4282 1350 4339; baseline 0.002 -2"><span class='ocrx_word' id='word_1_185' title='bbox 488 4285 572 4338; x_wconf 87' lang='lat' dir='ltr'>Ad</span> <span class='ocrx_word' id='word_1_186' title='bbox 606 4282 1047 4339; x_wconf 85' lang='lat' dir='ltr'>Franco-Celtas</span> <span class='ocrx_word' id='word_1_187' title='bbox 1079 4284 1350 4339; x_wconf 90' lang='lat' dir='ltr'>mittitur.</span> 
     </span>
    </p>
   </div>
   <div class='ocr_carea' id='block_1_46' title="bbox 417 4373 1602 4431">
    <p class='ocr_par' dir='ltr' id='par_1_46' title="bbox 417 4373 1602 4431">
     <span class='ocr_line' id='line_1_46' title="bbox 417 4373 1602 4431; baseline -0.001 -2"><span class='ocrx_word' id='word_1_188' title='bbox 417 4373 672 4430; x_wconf 80' lang='lat' dir='ltr'>Perrexit</span> <span class='ocrx_word' id='word_1_189' title='bbox 701 4373 905 4430; x_wconf 85' lang='lat' dir='ltr'>urbem</span> <span class='ocrx_word' id='word_1_190' title='bbox 938 4389 1070 4428; x_wconf 90' lang='lat' dir='ltr'>cum</span> <span class='ocrx_word' id='word_1_191' title='bbox 1103 4373 1278 4428; x_wconf 88' lang='lat' dir='ltr'>sociis</span> <span class='ocrx_word' id='word_1_192' title='bbox 1311 4374 1602 4431; x_wconf 88' lang='lat' dir='ltr'>Lutetiam</span> 
     </span>
    </p>
   </div>
   <div class='ocr_carea' id='block_1_47' title="bbox 487 4461 1335 4534">
    <p class='ocr_par' dir='ltr' id='par_1_47' title="bbox 487 4461 1335 4534">
     <span class='ocr_line' id='line_1_47' title="bbox 487 4461 1335 4534; baseline 0.001 -16"><span class='ocrx_word' id='word_1_193' title='bbox 487 4463 749 4519; x_wconf 89' lang='lat' dir='ltr'>Cinctam</span> <span class='ocrx_word' id='word_1_194' title='bbox 780 4461 1030 4518; x_wconf 86' lang='lat' dir='ltr'>insulari</span> <span class='ocrx_word' id='word_1_195' title='bbox 1064 4462 1335 4534; x_wconf 87' lang='lat' dir='ltr'>ﬂumine;</span> 
     </span>
    </p>
   </div>
   <div class='ocr_carea' id='block_1_48' title="bbox 417 4551 1716 4624">
    <p class='ocr_par' dir='ltr' id='par_1_48' title="bbox 417 4551 1716 4624">
     <span class='ocr_line' id='line_1_48' title="bbox 417 4551 1716 4624; baseline -0.002 -16"><span class='ocrx_word' id='word_1_196' title='bbox 417 4555 566 4608; x_wconf 85' lang='lat' dir='ltr'>Tum</span> <span class='ocrx_word' id='word_1_197' title='bbox 601 4551 903 4624; x_wconf 87' lang='lat' dir='ltr'>parvulam</span> <span class='ocrx_word' id='word_1_198' title='bbox 938 4553 1146 4622; x_wconf 90' lang='lat' dir='ltr'>muris,</span> <span class='ocrx_word' id='word_1_199' title='bbox 1180 4554 1281 4608; x_wconf 88' lang='lat' dir='ltr'>sed</span> <span class='ocrx_word' id='word_1_200' title='bbox 1315 4554 1431 4608; x_wconf 87' lang='lat' dir='ltr'>aris</span> <span class='ocrx_word' id='word_1_201' title='bbox 1464 4555 1518 4606; x_wconf 87' lang='lat' dir='ltr'>et</span> <span class='ocrx_word' id='word_1_202' title='bbox 1552 4551 1716 4607; x_wconf 77' lang='lat' dir='ltr'>molae</span> 
     </span>
    </p>
   </div>
   <div class='ocr_carea' id='block_1_49' title="bbox 488 4641 1255 4698">
    <p class='ocr_par' dir='ltr' id='par_1_49' title="bbox 488 4641 1255 4698">
     <span class='ocr_line' id='line_1_49' title="bbox 488 4641 1255 4698; baseline 0.003 -3"><span class='ocrx_word' id='word_1_203' title='bbox 488 4641 669 4697; x_wconf 89' lang='lat' dir='ltr'>Valde</span> <span class='ocrx_word' id='word_1_204' title='bbox 701 4641 940 4696; x_wconf 90' lang='lat' dir='ltr'>deorum</span> <span class='ocrx_word' id='word_1_205' title='bbox 975 4642 1255 4698; x_wconf 87' lang='lat' dir='ltr'>deditam.</span> 
     </span>
    </p>
   </div>
   <div class='ocr_carea' id='block_1_50' title="bbox 419 4730 1956 4802">
    <p class='ocr_par' dir='ltr' id='par_1_50' title="bbox 419 4730 1956 4802">
     <span class='ocr_line' id='line_1_50' title="bbox 419 4730 1956 4802; baseline 0.001 -16"><span class='ocrx_word' id='word_1_206' title='bbox 419 4732 571 4786; x_wconf 89' lang='lat' dir='ltr'>Bene</span> <span class='ocrx_word' id='word_1_207' title='bbox 605 4731 794 4797; x_wconf 87' lang='lat' dir='ltr'>habet,</span> <span class='ocrx_word' id='word_1_208' title='bbox 829 4735 1130 4802; x_wconf 87' lang='lat' dir='ltr'>peractum</span> <span class='ocrx_word' id='word_1_209' title='bbox 1178 4735 1285 4800; x_wconf 89' lang='lat' dir='ltr'>est,</span> <span class='ocrx_word' id='word_1_210' title='bbox 1319 4731 1474 4801; x_wconf 90' lang='lat' dir='ltr'>quod</span> <span class='ocrx_word' id='word_1_211' title='bbox 1508 4730 1606 4784; x_wconf 87' lang='lat' dir='ltr'>diu</span> <span class='ocrx_word' id='word_1_212' title='bbox 1641 4730 1956 4800; x_wconf 87' lang='lat' dir='ltr'>cupiverat.</span> 
     </span>
    </p>
   </div>
   <div class='ocr_carea' id='block_1_51' title="bbox 488 4827 1187 4885">
    <p class='ocr_par' dir='ltr' id='par_1_51' title="bbox 488 4827 1187 4885">
     <span class='ocr_line' id='line_1_51' title="bbox 488 4827 1187 4885; baseline -0.001 -1"><span class='ocrx_word' id='word_1_213' title='bbox 488 4831 770 4885; x_wconf 83' lang='lat' dir='ltr'>Persolvit</span> <span class='ocrx_word' id='word_1_214' title='bbox 799 4829 929 4884; x_wconf 91' lang='lat' dir='ltr'>urbi</span> <span class='ocrx_word' id='word_1_215' title='bbox 963 4827 1187 4884; x_wconf 91' lang='lat' dir='ltr'>munia.</span> 
     </span>
    </p>
   </div>
   <div class='ocr_carea' id='block_1_52' title="bbox 415 4916 1714 4989">
    <p class='ocr_par' dir='ltr' id='par_1_52' title="bbox 415 4916 1714 4989">
     <span class='ocr_line' id='line_1_52' title="bbox 415 4916 1714 4989; baseline 0 -17"><span class='ocrx_word' id='word_1_216' title='bbox 415 4919 697 4974; x_wconf 72' lang='lat' dir='ltr'>Praedicta</span> <span class='ocrx_word' id='word_1_217' title='bbox 727 4917 998 4988; x_wconf 90' lang='lat' dir='ltr'>quamvis</span> <span class='ocrx_word' id='word_1_218' title='bbox 1032 4917 1363 4989; x_wconf 89' lang='lat' dir='ltr'>principum</span> <span class='ocrx_word' id='word_1_219' title='bbox 1396 4916 1714 4972; x_wconf 89' lang='lat' dir='ltr'>crudelitas</span> 
     </span>
    </p>
   </div>
   <div class='ocr_carea' id='block_1_53' title="bbox 484 5008 1310 5079">
    <p class='ocr_par' dir='ltr' id='par_1_53' title="bbox 484 5008 1310 5079">
     <span class='ocr_line' id='line_1_53' title="bbox 484 5008 1310 5079; baseline -0.002 -16"><span class='ocrx_word' id='word_1_220' title='bbox 484 5009 682 5065; x_wconf 91' lang='lat' dir='ltr'>Tellus</span> <span class='ocrx_word' id='word_1_221' title='bbox 713 5008 949 5063; x_wconf 85' lang='lat' dir='ltr'>ruberet</span> <span class='ocrx_word' id='word_1_222' title='bbox 982 5011 1310 5079; x_wconf 81' lang='lat' dir='ltr'>martyrum</span> 
     </span>
    </p>
   </div>
   <div class='ocr_carea' id='block_1_54' title="bbox 413 5096 1534 5165">
    <p class='ocr_par' dir='ltr' id='par_1_54' title="bbox 413 5096 1534 5165">
     <span class='ocr_line' id='line_1_54' title="bbox 413 5096 1534 5165; baseline -0.004 -11"><span class='ocrx_word' id='word_1_223' title='bbox 413 5099 630 5154; x_wconf 91' lang='lat' dir='ltr'>Cruore</span> <span class='ocrx_word' id='word_1_224' title='bbox 662 5114 674 5152; x_wconf 88' lang='lat'><strong>:</strong></span> <span class='ocrx_word' id='word_1_225' title='bbox 709 5098 890 5152; x_wconf 89' lang='lat' dir='ltr'>vitam</span> <span class='ocrx_word' id='word_1_226' title='bbox 923 5096 1142 5153; x_wconf 85' lang='lat' dir='ltr'>Gallico</span> <span class='ocrx_word' id='word_1_227' title='bbox 1179 5096 1534 5165; x_wconf 24' lang='lat' dir='ltr'>tameanolo</span> 
     </span>
    </p>
   </div>
   <div class='ocr_carea' id='block_1_55' title="bbox 487 5185 1369 5257">
    <p class='ocr_par' dir='ltr' id='par_1_55' title="bbox 487 5185 1369 5257">
     <span class='ocr_line' id='line_1_55' title="bbox 487 5185 1369 5257; baseline -0.005 -15"><span class='ocrx_word' id='word_1_228' title='bbox 487 5187 647 5243; x_wconf 90' lang='lat' dir='ltr'>Tulit</span> <span class='ocrx_word' id='word_1_229' title='bbox 679 5185 967 5242; x_wconf 89' lang='lat' dir='ltr'>medelam</span> <span class='ocrx_word' id='word_1_230' title='bbox 999 5201 1369 5257; x_wconf 89' lang='lat' dir='ltr'>comparans.</span> 
     </span>
    </p>
   </div>
   <div class='ocr_carea' id='block_1_56' title="bbox 418 5271 1596 5346">
    <p class='ocr_par' dir='ltr' id='par_1_56' title="bbox 418 5271 1596 5346">
     <span class='ocr_line' id='line_1_56' title="bbox 418 5271 1596 5346; baseline -0.002 -16"><span class='ocrx_word' id='word_1_231' title='bbox 418 5275 647 5330; x_wconf 90' lang='lat' dir='ltr'>Lolium</span> <span class='ocrx_word' id='word_1_232' title='bbox 679 5273 988 5346; x_wconf 86' lang='lat' dir='ltr'>expedivit,</span> <span class='ocrx_word' id='word_1_233' title='bbox 1025 5274 1261 5330; x_wconf 88' lang='lat' dir='ltr'>velleret</span> <span class='ocrx_word' id='word_1_234' title='bbox 1293 5271 1596 5340; x_wconf 89' lang='lat' dir='ltr'>radicitus,</span> 
     </span>
    </p>
   </div>
   <div class='ocr_carea' id='block_1_57' title="bbox 488 5365 1369 5437">
    <p class='ocr_par' dir='ltr' id='par_1_57' title="bbox 488 5365 1369 5437">
     <span class='ocr_line' id='line_1_57' title="bbox 488 5365 1369 5437; baseline -0.002 -17"><span class='ocrx_word' id='word_1_235' title='bbox 488 5365 653 5429; x_wconf 86' lang='lat' dir='ltr'>Quod</span> <span class='ocrx_word' id='word_1_236' title='bbox 685 5365 923 5437; x_wconf 84' lang='lat' dir='ltr'>ignibus</span> <span class='ocrx_word' id='word_1_237' title='bbox 956 5365 1369 5421; x_wconf 90' lang='lat' dir='ltr'>committeret.</span> 
     </span>
    </p>
   </div>
   <div class='ocr_carea' id='block_1_58' title="bbox 419 5452 1578 5526">
    <p class='ocr_par' dir='ltr' id='par_1_58' title="bbox 419 5452 1578 5526">
     <span class='ocr_line' id='line_1_58' title="bbox 419 5452 1578 5526; baseline -0.001 -18"><span class='ocrx_word' id='word_1_238' title='bbox 419 5454 603 5510; x_wconf 87' lang='lat' dir='ltr'>Annis</span> <span class='ocrx_word' id='word_1_239' title='bbox 636 5461 908 5524; x_wconf 91' lang='lat' dir='ltr'>onustus,</span> <span class='ocrx_word' id='word_1_240' title='bbox 941 5454 1153 5524; x_wconf 82' lang='lat' dir='ltr'>eloquii</span> <span class='ocrx_word' id='word_1_241' title='bbox 1187 5453 1342 5509; x_wconf 89' lang='lat' dir='ltr'>fonte</span> <span class='ocrx_word' id='word_1_242' title='bbox 1374 5452 1578 5526; x_wconf 86' lang='lat' dir='ltr'>irrigat</span> 
     </span>
    </p>
   </div>
   <div class='ocr_carea' id='block_1_59' title="bbox 505 5542 1380 5617">
    <p class='ocr_par' dir='ltr' id='par_1_59' title="bbox 505 5542 1380 5617">
     <span class='ocr_line' id='line_1_59' title="bbox 505 5542 1380 5617; baseline -0.005 -16"><span class='ocrx_word' id='word_1_243' title='bbox 505 5547 748 5602; x_wconf 88' lang='lat' dir='ltr'>Gentem</span> <span class='ocrx_word' id='word_1_244' title='bbox 786 5546 1085 5617; x_wconf 84' lang='lat' dir='ltr'>profanam</span> <span class='ocrx_word' id='word_1_245' title='bbox 1121 5542 1380 5614; x_wconf 84' lang='lat' dir='ltr'>largiter.</span> 
     </span>
    </p>
   </div>
   <div class='ocr_carea' id='block_1_60' title="bbox 427 5631 1682 5708">
    <p class='ocr_par' dir='ltr' id='par_1_60' title="bbox 427 5631 1682 5708">
     <span class='ocr_line' id='line_1_60' title="bbox 427 5631 1682 5708; baseline -0.006 -14"><span class='ocrx_word' id='word_1_246' title='bbox 427 5637 582 5695; x_wconf 87' lang='lat' dir='ltr'>Fluis</span> <span class='ocrx_word' id='word_1_247' title='bbox 615 5638 671 5691; x_wconf 90' lang='lat' dir='ltr'>in</span> <span class='ocrx_word' id='word_1_248' title='bbox 706 5633 1040 5708; x_wconf 70' lang='lat' dir='ltr'>prophetas,</span> <span class='ocrx_word' id='word_1_249' title='bbox 1075 5637 1268 5686; x_wconf 86' lang='lat' dir='ltr'>mente</span> <span class='ocrx_word' id='word_1_250' title='bbox 1297 5631 1492 5687; x_wconf 88' lang='lat' dir='ltr'>divina</span> <span class='ocrx_word' id='word_1_251' title='bbox 1523 5633 1682 5704; x_wconf 85' lang='lat' dir='ltr'>rapis</span> 
     </span>
    </p>
   </div>
   <div class='ocr_carea' id='block_1_61' title="bbox 2072 423 3114 499">
    <p class='ocr_par' dir='ltr' id='par_1_61' title="bbox 2072 423 3114 499">
     <span class='ocr_line' id='line_1_61' title="bbox 2072 423 3114 499; baseline 0.003 -22"><span class='ocrx_word' id='word_1_252' title='bbox 2072 423 2127 490; x_wconf 83' lang='grc' dir='ltr'><strong>Α</strong></span> <span class='ocrx_word' id='word_1_253' title='bbox 2224 423 2309 478; x_wconf 92' lang='lat' dir='ltr'>Tu</span> <span class='ocrx_word' id='word_1_254' title='bbox 2341 423 2566 480; x_wconf 86' lang='lat' dir='ltr'>Christe</span> <span class='ocrx_word' id='word_1_255' title='bbox 2595 425 2823 498; x_wconf 89' lang='lat' dir='ltr'>Apollo,</span> <span class='ocrx_word' id='word_1_256' title='bbox 2857 430 3114 499; x_wconf 87' lang='lat' dir='ltr'>pectora.</span> 
     </span>
    </p>
   </div>
   <div class='ocr_carea' id='block_1_62' title="bbox 2154 515 3336 588">
    <p class='ocr_par' dir='ltr' id='par_1_62' title="bbox 2154 515 3336 588">
     <span class='ocr_line' id='line_1_62' title="bbox 2154 515 3336 588; baseline 0.004 -23"><span class='ocrx_word' id='word_1_257' title='bbox 2154 516 2328 567; x_wconf 82' lang='lat' dir='ltr'>Latex</span> <span class='ocrx_word' id='word_1_258' title='bbox 2357 530 2648 586; x_wconf 89' lang='lat' dir='ltr'>saporque</span> <span class='ocrx_word' id='word_1_259' title='bbox 2679 516 2930 572; x_wconf 90' lang='lat' dir='ltr'>nectaris</span> <span class='ocrx_word' id='word_1_260' title='bbox 2963 515 3162 588; x_wconf 89' lang='lat' dir='ltr'>lingua</span> <span class='ocrx_word' id='word_1_261' title='bbox 3194 515 3336 587; x_wconf 88' lang='lat' dir='ltr'>ﬂuit,</span> 
     </span>
    </p>
   </div>
   <div class='ocr_carea' id='block_1_63' title="bbox 2226 603 3131 675">
    <p class='ocr_par' dir='ltr' id='par_1_63' title="bbox 2226 603 3131 675">
     <span class='ocr_line' id='line_1_63' title="bbox 2226 603 3131 675; baseline 0.001 -17"><span class='ocrx_word' id='word_1_262' title='bbox 2226 603 2336 658; x_wconf 91' lang='lat' dir='ltr'>Cor</span> <span class='ocrx_word' id='word_1_263' title='bbox 2367 603 2626 675; x_wconf 88' lang='lat' dir='ltr'>mitigas,</span> <span class='ocrx_word' id='word_1_264' title='bbox 2661 611 2919 660; x_wconf 90' lang='lat' dir='ltr'>mentem</span> <span class='ocrx_word' id='word_1_265' title='bbox 2954 605 3131 660; x_wconf 88' lang='lat' dir='ltr'>foves.</span> 
     </span>
    </p>
   </div>
   <div class='ocr_carea' id='block_1_64' title="bbox 2156 691 3368 765">
    <p class='ocr_par' dir='ltr' id='par_1_64' title="bbox 2156 691 3368 765">
     <span class='ocr_line' id='line_1_64' title="bbox 2156 691 3368 765; baseline 0.002 -19"><span class='ocrx_word' id='word_1_266' title='bbox 2156 691 2240 747; x_wconf 92' lang='lat' dir='ltr'>Ita</span> <span class='ocrx_word' id='word_1_267' title='bbox 2271 692 2462 747; x_wconf 89' lang='lat' dir='ltr'>reddit</span> <span class='ocrx_word' id='word_1_268' title='bbox 2501 709 2711 765; x_wconf 89' lang='lat' dir='ltr'>agmen</span> <span class='ocrx_word' id='word_1_269' title='bbox 2743 694 3012 761; x_wconf 89' lang='lat' dir='ltr'>protinus</span> <span class='ocrx_word' id='word_1_270' title='bbox 3041 695 3225 750; x_wconf 84' lang='lat' dir='ltr'>ﬁdum</span> <span class='ocrx_word' id='word_1_271' title='bbox 3256 695 3368 751; x_wconf 88' lang='lat' dir='ltr'>Deo</span> 
     </span>
    </p>
   </div>
   <div class='ocr_carea' id='block_1_65' title="bbox 2228 781 2995 854">
    <p class='ocr_par' dir='ltr' id='par_1_65' title="bbox 2228 781 2995 854">
     <span class='ocr_line' id='line_1_65' title="bbox 2228 781 2995 854; baseline 0.007 -20"><span class='ocrx_word' id='word_1_272' title='bbox 2228 781 2488 837; x_wconf 85' lang='lat' dir='ltr'>Antistes</span> <span class='ocrx_word' id='word_1_273' title='bbox 2519 783 2667 854; x_wconf 86' lang='lat' dir='ltr'>Agni</span> <span class='ocrx_word' id='word_1_274' title='bbox 2701 784 2995 840; x_wconf 88' lang='lat' dir='ltr'>conscius.</span> 
     </span>
    </p>
   </div>
   <div class='ocr_carea' id='block_1_66' title="bbox 2159 870 3406 945">
    <p class='ocr_par' dir='ltr' id='par_1_66' title="bbox 2159 870 3406 945">
     <span class='ocr_line' id='line_1_66' title="bbox 2159 870 3406 945; baseline 0.003 -21"><span class='ocrx_word' id='word_1_275' title='bbox 2159 870 2270 924; x_wconf 90' lang='lat' dir='ltr'>Sed</span> <span class='ocrx_word' id='word_1_276' title='bbox 2303 870 2647 926; x_wconf 70' lang='lat' dir='ltr'>Christianae</span> <span class='ocrx_word' id='word_1_277' title='bbox 2679 871 2920 928; x_wconf 89' lang='lat' dir='ltr'>silvulas</span> <span class='ocrx_word' id='word_1_278' title='bbox 2948 875 3152 944; x_wconf 89' lang='lat' dir='ltr'>gentes</span> <span class='ocrx_word' id='word_1_279' title='bbox 3182 877 3406 945; x_wconf 89' lang='lat' dir='ltr'>petunt,</span> 
     </span>
    </p>
   </div>
   <div class='ocr_carea' id='block_1_67' title="bbox 2235 962 3046 1017">
    <p class='ocr_par' dir='ltr' id='par_1_67' title="bbox 2235 962 3046 1017">
     <span class='ocr_line' id='line_1_67' title="bbox 2235 962 3046 1017; baseline 0.006 -5"><span class='ocrx_word' id='word_1_280' title='bbox 2235 964 2438 1014; x_wconf 86' lang='lat' dir='ltr'>Latent</span> <span class='ocrx_word' id='word_1_281' title='bbox 2467 966 2782 1016; x_wconf 90' lang='lat' dir='ltr'>trementes</span> <span class='ocrx_word' id='word_1_282' title='bbox 2814 962 3046 1017; x_wconf 71' lang='lat' dir='ltr'>abditae.</span> 
     </span>
    </p>
   </div>
   <div class='ocr_carea' id='block_1_68' title="bbox 2159 1046 3403 1122">
    <p class='ocr_par' dir='ltr' id='par_1_68' title="bbox 2159 1046 3403 1122">
     <span class='ocr_line' id='line_1_68' title="bbox 2159 1046 3403 1122; baseline 0.003 -21"><span class='ocrx_word' id='word_1_283' title='bbox 2159 1046 2465 1118; x_wconf 90' lang='lat' dir='ltr'>Noctuque</span> <span class='ocrx_word' id='word_1_284' title='bbox 2495 1048 2669 1104; x_wconf 88' lang='lat' dir='ltr'>litant</span> <span class='ocrx_word' id='word_1_285' title='bbox 2701 1055 3058 1120; x_wconf 68' lang='lat' dir='ltr'>congregatae</span> <span class='ocrx_word' id='word_1_286' title='bbox 3091 1049 3403 1122; x_wconf 74' lang='lat' dir='ltr'>supplices.</span> 
     </span>
    </p>
   </div>
   <div class='ocr_carea' id='block_1_69' title="bbox 2233 1145 3014 1204">
    <p class='ocr_par' dir='ltr' id='par_1_69' title="bbox 2233 1145 3014 1204">
     <span class='ocr_line' id='line_1_69' title="bbox 2233 1145 3014 1204; baseline 0.006 -5"><span class='ocrx_word' id='word_1_287' title='bbox 2233 1145 2505 1202; x_wconf 88' lang='lat' dir='ltr'>Condunt</span> <span class='ocrx_word' id='word_1_288' title='bbox 2537 1148 2818 1203; x_wconf 90' lang='lat' dir='ltr'>suburbio</span> <span class='ocrx_word' id='word_1_289' title='bbox 2849 1149 3014 1204; x_wconf 90' lang='lat' dir='ltr'>ocius</span> 
     </span>
    </p>
   </div>
   <div class='ocr_carea' id='block_1_70' title="bbox 2163 1235 3548 1310">
    <p class='ocr_par' dir='ltr' id='par_1_70' title="bbox 2163 1235 3548 1310">
     <span class='ocr_line' id='line_1_70' title="bbox 2163 1235 3548 1310; baseline 0.001 -20"><span class='ocrx_word' id='word_1_290' title='bbox 2163 1235 2458 1309; x_wconf 71' lang='lat' dir='ltr'>Siephano</span> <span class='ocrx_word' id='word_1_291' title='bbox 2491 1237 2669 1309; x_wconf 90' lang='lat' dir='ltr'>priori</span> <span class='ocrx_word' id='word_1_292' title='bbox 2703 1242 3029 1310; x_wconf 87' lang='lat' dir='ltr'>martyrum</span> <span class='ocrx_word' id='word_1_293' title='bbox 3062 1255 3288 1294; x_wconf 86' lang='lat' dir='ltr'>sacram</span> <span class='ocrx_word' id='word_1_294' title='bbox 3321 1239 3548 1293; x_wconf 89' lang='lat' dir='ltr'>domum</span> 
     </span>
    </p>
   </div>
   <div class='ocr_carea' id='block_1_71' title="bbox 2237 1325 3043 1397">
    <p class='ocr_par' dir='ltr' id='par_1_71' title="bbox 2237 1325 3043 1397">
     <span class='ocr_line' id='line_1_71' title="bbox 2237 1325 3043 1397; baseline 0.001 -18"><span class='ocrx_word' id='word_1_295' title='bbox 2237 1325 2375 1394; x_wconf 74' lang='lat' dir='ltr'>Ejus</span> <span class='ocrx_word' id='word_1_296' title='bbox 2407 1326 2783 1397; x_wconf 83' lang='lat' dir='ltr'>frequentant</span> <span class='ocrx_word' id='word_1_297' title='bbox 2815 1327 3043 1383; x_wconf 87' lang='lat' dir='ltr'>limina.</span> 
     </span>
    </p>
   </div>
   <div class='ocr_carea' id='block_1_72' title="bbox 2165 1415 3464 1488">
    <p class='ocr_par' dir='ltr' id='par_1_72' title="bbox 2165 1415 3464 1488">
     <span class='ocr_line' id='line_1_72' title="bbox 2165 1415 3464 1488; baseline 0.001 -18"><span class='ocrx_word' id='word_1_298' title='bbox 2165 1415 2318 1470; x_wconf 76' lang='lat'>408</span> <span class='ocrx_word' id='word_1_299' title='bbox 2350 1419 2427 1468; x_wconf 93' lang='lat' dir='ltr'>Ut</span> <span class='ocrx_word' id='word_1_300' title='bbox 2451 1431 2582 1469; x_wconf 90' lang='lat' dir='ltr'>vere</span> <span class='ocrx_word' id='word_1_301' title='bbox 2613 1416 2865 1471; x_wconf 90' lang='lat' dir='ltr'>ﬂorifero</span> <span class='ocrx_word' id='word_1_302' title='bbox 2896 1433 3052 1488; x_wconf 67' lang='lat' dir='ltr'>vaga:</span> <span class='ocrx_word' id='word_1_303' title='bbox 3088 1417 3258 1472; x_wconf 90' lang='lat' dir='ltr'>ﬂores</span> <span class='ocrx_word' id='word_1_304' title='bbox 3291 1433 3464 1471; x_wconf 88' lang='lat' dir='ltr'>novos</span> 
     </span>
    </p>
   </div>
   <div class='ocr_carea' id='block_1_73' title="bbox 2235 1503 2993 1574">
    <p class='ocr_par' dir='ltr' id='par_1_73' title="bbox 2235 1503 2993 1574">
     <span class='ocr_line' id='line_1_73' title="bbox 2235 1503 2993 1574; baseline 0.004 -17"><span class='ocrx_word' id='word_1_305' title='bbox 2235 1503 2464 1574; x_wconf 86' lang='lat' dir='ltr'>Stipant</span> <span class='ocrx_word' id='word_1_306' title='bbox 2494 1521 2631 1574; x_wconf 88' lang='lat' dir='ltr'>apes</span> <span class='ocrx_word' id='word_1_307' title='bbox 2662 1510 2718 1559; x_wconf 90' lang='lat' dir='ltr'>et</span> <span class='ocrx_word' id='word_1_308' title='bbox 2751 1504 2993 1560; x_wconf 90' lang='lat' dir='ltr'>rivulos.</span> 
     </span>
    </p>
   </div>
   <div class='ocr_carea' id='block_1_74' title="bbox 2163 1591 3399 1662">
    <p class='ocr_par' dir='ltr' id='par_1_74' title="bbox 2163 1591 3399 1662">
     <span class='ocr_line' id='line_1_74' title="bbox 2163 1591 3399 1662; baseline 0.002 -17"><span class='ocrx_word' id='word_1_309' title='bbox 2163 1593 2340 1646; x_wconf 88' lang='lat' dir='ltr'>Amor</span> <span class='ocrx_word' id='word_1_310' title='bbox 2372 1591 2651 1661; x_wconf 84' lang='lat' dir='ltr'>sequendi</span> <span class='ocrx_word' id='word_1_311' title='bbox 2678 1593 2973 1662; x_wconf 88' lang='lat' dir='ltr'>quoslibet</span> <span class='ocrx_word' id='word_1_312' title='bbox 3003 1594 3270 1650; x_wconf 87' lang='lat' dir='ltr'>accendit</span> <span class='ocrx_word' id='word_1_313' title='bbox 3302 1591 3399 1648; x_wconf 90' lang='lat' dir='ltr'>Dei</span> 
     </span>
    </p>
   </div>
   <div class='ocr_carea' id='block_1_75' title="bbox 2236 1680 2951 1752">
    <p class='ocr_par' dir='ltr' id='par_1_75' title="bbox 2236 1680 2951 1752">
     <span class='ocr_line' id='line_1_75' title="bbox 2236 1680 2951 1752; baseline 0.003 -16"><span class='ocrx_word' id='word_1_314' title='bbox 2236 1680 2579 1752; x_wconf 86' lang='lat' dir='ltr'>Dionysium</span> <span class='ocrx_word' id='word_1_315' title='bbox 2614 1681 2951 1737; x_wconf 86' lang='lat' dir='ltr'>satellitem.</span> 
     </span>
    </p>
   </div>
   <div class='ocr_carea' id='block_1_76' title="bbox 2085 1770 3363 1861">
    <p class='ocr_par' dir='ltr' id='par_1_76' title="bbox 2085 1770 3363 1861">
     <span class='ocr_line' id='line_1_76' title="bbox 2085 1770 3363 1861; baseline 0.002 -37"><span class='ocrx_word' id='word_1_316' title='bbox 2085 1797 2132 1861; x_wconf 85' lang='lat' dir='ltr'><strong>B</strong></span> <span class='ocrx_word' id='word_1_317' title='bbox 2164 1770 2278 1826; x_wconf 90' lang='lat' dir='ltr'>Nec</span> <span class='ocrx_word' id='word_1_318' title='bbox 2310 1788 2344 1824; x_wconf 89' lang='lat' dir='ltr'>a</span> <span class='ocrx_word' id='word_1_319' title='bbox 2372 1770 2726 1826; x_wconf 89' lang='lat' dir='ltr'>rudimentis</span> <span class='ocrx_word' id='word_1_320' title='bbox 2759 1772 3034 1827; x_wconf 87' lang='lat' dir='ltr'>aberrant</span> <span class='ocrx_word' id='word_1_321' title='bbox 3066 1771 3363 1844; x_wconf 87' lang='lat' dir='ltr'>martyris.</span> 
     </span>
    </p>
   </div>
   <div class='ocr_carea' id='block_1_77' title="bbox 2240 1869 2984 1941">
    <p class='ocr_par' dir='ltr' id='par_1_77' title="bbox 2240 1869 2984 1941">
     <span class='ocr_line' id='line_1_77' title="bbox 2240 1869 2984 1941; baseline 0.001 -18"><span class='ocrx_word' id='word_1_322' title='bbox 2240 1869 2512 1923; x_wconf 91' lang='lat' dir='ltr'>Semente</span> <span class='ocrx_word' id='word_1_323' title='bbox 2545 1885 2676 1924; x_wconf 88' lang='lat' dir='ltr'>sera</span> <span class='ocrx_word' id='word_1_324' title='bbox 2704 1869 2984 1941; x_wconf 87' lang='lat' dir='ltr'>pinguius</span> 
     </span>
    </p>
   </div>
   <div class='ocr_carea' id='block_1_78' title="bbox 2170 1956 3530 2031">
    <p class='ocr_par' dir='ltr' id='par_1_78' title="bbox 2170 1956 3530 2031">
     <span class='ocr_line' id='line_1_78' title="bbox 2170 1956 3530 2031; baseline -0.001 -19"><span class='ocrx_word' id='word_1_325' title='bbox 2170 1957 2408 2012; x_wconf 87' lang='lat' dir='ltr'>Exsistit</span> <span class='ocrx_word' id='word_1_326' title='bbox 2437 1974 2676 2025; x_wconf 88' lang='lat' dir='ltr'>arvum;</span> <span class='ocrx_word' id='word_1_327' title='bbox 2710 1957 2920 2013; x_wconf 89' lang='lat' dir='ltr'>deinde</span> <span class='ocrx_word' id='word_1_328' title='bbox 2955 1959 3111 2029; x_wconf 91' lang='lat' dir='ltr'>quod</span> <span class='ocrx_word' id='word_1_329' title='bbox 3144 1956 3530 2031; x_wconf 87' lang='lat' dir='ltr'>vegrandibus</span> 
     </span>
    </p>
   </div>
   <div class='ocr_carea' id='block_1_79' title="bbox 2241 2046 3040 2103">
    <p class='ocr_par' dir='ltr' id='par_1_79' title="bbox 2241 2046 3040 2103">
     <span class='ocr_line' id='line_1_79' title="bbox 2241 2046 3040 2103; baseline 0.003 -3"><span class='ocrx_word' id='word_1_330' title='bbox 2241 2046 2505 2101; x_wconf 77' lang='lat' dir='ltr'>Oblectet</span> <span class='ocrx_word' id='word_1_331' title='bbox 2533 2050 2692 2102; x_wconf 86' lang='lat' dir='ltr'>astra</span> <span class='ocrx_word' id='word_1_332' title='bbox 2722 2047 3040 2103; x_wconf 91' lang='lat' dir='ltr'>messibus.</span> 
     </span>
    </p>
   </div>
   <div class='ocr_carea' id='block_1_80' title="bbox 2169 2134 3429 2208">
    <p class='ocr_par' dir='ltr' id='par_1_80' title="bbox 2169 2134 3429 2208">
     <span class='ocr_line' id='line_1_80' title="bbox 2169 2134 3429 2208; baseline 0 -18"><span class='ocrx_word' id='word_1_333' title='bbox 2169 2134 2273 2190; x_wconf 83' lang='lat' dir='ltr'>Hic</span> <span class='ocrx_word' id='word_1_334' title='bbox 2303 2135 2490 2190; x_wconf 88' lang='lat' dir='ltr'>cultor</span> <span class='ocrx_word' id='word_1_335' title='bbox 2519 2134 2749 2191; x_wconf 88' lang='lat' dir='ltr'>instans</span> <span class='ocrx_word' id='word_1_336' title='bbox 2780 2141 2883 2191; x_wconf 89' lang='lat' dir='ltr'>aut</span> <span class='ocrx_word' id='word_1_337' title='bbox 2913 2140 3108 2192; x_wconf 88' lang='lat' dir='ltr'>arator</span> <span class='ocrx_word' id='word_1_338' title='bbox 3135 2135 3429 2208; x_wconf 85' lang='lat' dir='ltr'>gnaruris,</span> 
     </span>
    </p>
   </div>
   <div class='ocr_carea' id='block_1_81' title="bbox 2241 2225 3001 2298">
    <p class='ocr_par' dir='ltr' id='par_1_81' title="bbox 2241 2225 3001 2298">
     <span class='ocr_line' id='line_1_81' title="bbox 2241 2225 3001 2298; baseline 0.004 -19"><span class='ocrx_word' id='word_1_339' title='bbox 2241 2225 2485 2280; x_wconf 89' lang='lat' dir='ltr'>Ditescit</span> <span class='ocrx_word' id='word_1_340' title='bbox 2520 2242 2716 2281; x_wconf 90' lang='lat' dir='ltr'>aream</span> <span class='ocrx_word' id='word_1_341' title='bbox 2749 2226 3001 2298; x_wconf 89' lang='lat' dir='ltr'>replens.</span> 
     </span>
    </p>
   </div>
   <div class='ocr_carea' id='block_1_82' title="bbox 2170 2313 3399 2386">
    <p class='ocr_par' dir='ltr' id='par_1_82' title="bbox 2170 2313 3399 2386">
     <span class='ocr_line' id='line_1_82' title="bbox 2170 2313 3399 2386; baseline 0.001 -19"><span class='ocrx_word' id='word_1_342' title='bbox 2170 2313 2432 2368; x_wconf 89' lang='lat' dir='ltr'>Prudens</span> <span class='ocrx_word' id='word_1_343' title='bbox 2465 2313 2707 2369; x_wconf 83' lang='lat' dir='ltr'>colonus</span> <span class='ocrx_word' id='word_1_344' title='bbox 2734 2330 2871 2386; x_wconf 89' lang='lat' dir='ltr'>ergo</span> <span class='ocrx_word' id='word_1_345' title='bbox 2903 2314 3001 2386; x_wconf 89' lang='lat' dir='ltr'>qui</span> <span class='ocrx_word' id='word_1_346' title='bbox 3035 2329 3165 2370; x_wconf 89' lang='lat' dir='ltr'>cum</span> <span class='ocrx_word' id='word_1_347' title='bbox 3197 2313 3399 2369; x_wconf 88' lang='lat' dir='ltr'>fenore</span> 
     </span>
    </p>
   </div>
   <div class='ocr_carea' id='block_1_83' title="bbox 2243 2402 2926 2458">
    <p class='ocr_par' dir='ltr' id='par_1_83' title="bbox 2243 2402 2926 2458">
     <span class='ocr_line' id='line_1_83' title="bbox 2243 2402 2926 2458; baseline -0.001 -1"><span class='ocrx_word' id='word_1_348' title='bbox 2243 2403 2400 2457; x_wconf 89' lang='lat' dir='ltr'>Parit</span> <span class='ocrx_word' id='word_1_349' title='bbox 2425 2402 2615 2458; x_wconf 90' lang='lat' dir='ltr'>solum</span> <span class='ocrx_word' id='word_1_350' title='bbox 2651 2403 2926 2458; x_wconf 85' lang='lat' dir='ltr'>feracius.</span> 
     </span>
    </p>
   </div>
   <div class='ocr_carea' id='block_1_84' title="bbox 2172 2491 3150 2564">
    <p class='ocr_par' dir='ltr' id='par_1_84' title="bbox 2172 2491 3150 2564">
     <span class='ocr_line' id='line_1_84' title="bbox 2172 2491 3150 2564; baseline -0.002 -17"><span class='ocrx_word' id='word_1_351' title='bbox 2172 2491 2327 2547; x_wconf 82' lang='lat' dir='ltr'>Satis</span> <span class='ocrx_word' id='word_1_352' title='bbox 2360 2509 2652 2564; x_wconf 83' lang='lat' dir='ltr'>superque</span> <span class='ocrx_word' id='word_1_353' title='bbox 2683 2491 2888 2548; x_wconf 88' lang='lat' dir='ltr'>civitas</span> <span class='ocrx_word' id='word_1_354' title='bbox 2920 2491 3150 2547; x_wconf 88' lang='lat' dir='ltr'>Lutetia</span> 
     </span>
    </p>
   </div>
   <div class='ocr_carea' id='block_1_85' title="bbox 2245 2579 2966 2653">
    <p class='ocr_par' dir='ltr' id='par_1_85' title="bbox 2245 2579 2966 2653">
     <span class='ocr_line' id='line_1_85' title="bbox 2245 2579 2966 2653; baseline 0 -18"><span class='ocrx_word' id='word_1_355' title='bbox 2245 2580 2462 2652; x_wconf 84' lang='lat' dir='ltr'>Ligone</span> <span class='ocrx_word' id='word_1_356' title='bbox 2489 2579 2646 2635; x_wconf 90' lang='lat' dir='ltr'>culta</span> <span class='ocrx_word' id='word_1_357' title='bbox 2677 2580 2966 2653; x_wconf 66' lang='lat' dir='ltr'>praesulis.</span> 
     </span>
    </p>
   </div>
   <div class='ocr_carea' id='block_1_86' title="bbox 2169 2669 3236 2741">
    <p class='ocr_par' dir='ltr' id='par_1_86' title="bbox 2169 2669 3236 2741">
     <span class='ocr_line' id='line_1_86' title="bbox 2169 2669 3236 2741; baseline 0.002 -17"><span class='ocrx_word' id='word_1_358' title='bbox 2169 2671 2255 2725; x_wconf 91' lang='lat' dir='ltr'>Ad</span> <span class='ocrx_word' id='word_1_359' title='bbox 2285 2670 2546 2725; x_wconf 89' lang='lat' dir='ltr'>veritatis</span> <span class='ocrx_word' id='word_1_360' title='bbox 2579 2671 2726 2726; x_wconf 91' lang='lat' dir='ltr'>ﬂexa</span> <span class='ocrx_word' id='word_1_361' title='bbox 2755 2669 2957 2726; x_wconf 88' lang='lat' dir='ltr'>lumen</span> <span class='ocrx_word' id='word_1_362' title='bbox 2987 2669 3236 2741; x_wconf 84' lang='lat' dir='ltr'>inclytae.</span> 
     </span>
    </p>
   </div>
   <div class='ocr_carea' id='block_1_87' title="bbox 2245 2759 3078 2827">
    <p class='ocr_par' dir='ltr' id='par_1_87' title="bbox 2245 2759 3078 2827">
     <span class='ocr_line' id='line_1_87' title="bbox 2245 2759 3078 2827; baseline -0.001 -12"><span class='ocrx_word' id='word_1_363' title='bbox 2245 2759 2472 2815; x_wconf 89' lang='lat' dir='ltr'>Florem</span> <span class='ocrx_word' id='word_1_364' title='bbox 2504 2759 2628 2827; x_wconf 89' lang='lat' dir='ltr'>Dei,</span> <span class='ocrx_word' id='word_1_365' title='bbox 2660 2761 2879 2816; x_wconf 88' lang='lat' dir='ltr'>lentem</span> <span class='ocrx_word' id='word_1_366' title='bbox 2911 2760 3078 2816; x_wconf 92' lang='lat' dir='ltr'>Boni.</span> 
     </span>
    </p>
   </div>
   <div class='ocr_carea' id='block_1_88' title="bbox 2171 2847 3281 2922">
    <p class='ocr_par' dir='ltr' id='par_1_88' title="bbox 2171 2847 3281 2922">
     <span class='ocr_line' id='line_1_88' title="bbox 2171 2847 3281 2922; baseline 0 -18"><span class='ocrx_word' id='word_1_367' title='bbox 2171 2847 2302 2905; x_wconf 87' lang='lat' dir='ltr'>Ales</span> <span class='ocrx_word' id='word_1_368' title='bbox 2334 2849 2906 2922; x_wconf 69' lang='lat' dir='ltr'>polorumaprotinus</span> <span class='ocrx_word' id='word_1_369' title='bbox 2939 2848 3281 2922; x_wconf 81' lang='lat' dir='ltr'>praecordiis</span> 
     </span>
    </p>
   </div>
   <div class='ocr_carea' id='block_1_89' title="bbox 2243 2938 3106 3008">
    <p class='ocr_par' dir='ltr' id='par_1_89' title="bbox 2243 2938 3106 3008">
     <span class='ocr_line' id='line_1_89' title="bbox 2243 2938 3106 3008; baseline 0 -16"><span class='ocrx_word' id='word_1_370' title='bbox 2243 2938 2469 2994; x_wconf 90' lang='lat' dir='ltr'>Nostris</span> <span class='ocrx_word' id='word_1_371' title='bbox 2501 2954 2676 2993; x_wconf 88' lang='lat' dir='ltr'>suum</span> <span class='ocrx_word' id='word_1_372' title='bbox 2709 2938 2904 2992; x_wconf 91' lang='lat' dir='ltr'>cordis</span> <span class='ocrx_word' id='word_1_373' title='bbox 2927 2939 3106 3008; x_wconf 89' lang='lat' dir='ltr'>jubar</span> 
     </span>
    </p>
   </div>
   <div class='ocr_carea' id='block_1_90' title="bbox 2171 3025 3417 3098">
    <p class='ocr_par' dir='ltr' id='par_1_90' title="bbox 2171 3025 3417 3098">
     <span class='ocr_line' id='line_1_90' title="bbox 2171 3025 3417 3098; baseline 0.001 -18"><span class='ocrx_word' id='word_1_374' title='bbox 2171 3027 2460 3094; x_wconf 83' lang='lat' dir='ltr'>Vibravit;</span> <span class='ocrx_word' id='word_1_375' title='bbox 2493 3026 2597 3082; x_wconf 92' lang='lat' dir='ltr'>alti</span> <span class='ocrx_word' id='word_1_376' title='bbox 2629 3026 2882 3098; x_wconf 88' lang='lat' dir='ltr'>pectoris</span> <span class='ocrx_word' id='word_1_377' title='bbox 2913 3025 3092 3081; x_wconf 89' lang='lat' dir='ltr'>situm</span> <span class='ocrx_word' id='word_1_378' title='bbox 3124 3026 3417 3082; x_wconf 87' lang='lat' dir='ltr'>innovans</span> 
     </span>
    </p>
   </div>
   <div class='ocr_carea' id='block_1_91' title="bbox 2243 3114 3300 3173">
    <p class='ocr_par' dir='ltr' id='par_1_91' title="bbox 2243 3114 3300 3173">
     <span class='ocr_line' id='line_1_91' title="bbox 2243 3114 3300 3173; baseline 0.002 -2"><span class='ocrx_word' id='word_1_379' title='bbox 2243 3116 2388 3171; x_wconf 90' lang='lat' dir='ltr'>Nam</span> <span class='ocrx_word' id='word_1_380' title='bbox 2421 3114 2623 3171; x_wconf 92' lang='lat' dir='ltr'>oculos</span> <span class='ocrx_word' id='word_1_381' title='bbox 2654 3115 2908 3170; x_wconf 66' lang='lat' dir='ltr'>tenebris</span> <span class='ocrx_word' id='word_1_382' title='bbox 2941 3115 3300 3173; x_wconf 87' lang='lat' dir='ltr'>clauserant.</span> 
     </span>
    </p>
   </div>
   <div class='ocr_carea' id='block_1_92' title="bbox 2089 3175 3182 3285">
    <p class='ocr_par' dir='ltr' id='par_1_92' title="bbox 2089 3175 3182 3285">
     <span class='ocr_line' id='line_1_92' title="bbox 2089 3175 3182 3285; baseline 0.002 -19"><span class='ocrx_word' id='word_1_383' title='bbox 2089 3175 2132 3244; x_wconf 64' lang='grc' dir='ltr'><strong>Ο</strong></span> <span class='ocrx_word' id='word_1_384' title='bbox 2172 3218 2244 3268; x_wconf 77' lang='lat' dir='ltr'>At</span> <span class='ocrx_word' id='word_1_385' title='bbox 2272 3214 2479 3285; x_wconf 66' lang='lat' dir='ltr'>viperae</span> <span class='ocrx_word' id='word_1_386' title='bbox 2511 3213 2702 3285; x_wconf 90' lang='lat' dir='ltr'>proles</span> <span class='ocrx_word' id='word_1_387' title='bbox 2735 3212 2930 3284; x_wconf 90' lang='lat' dir='ltr'>rigens</span> <span class='ocrx_word' id='word_1_388' title='bbox 2961 3213 3182 3268; x_wconf 71' lang='lat' dir='ltr'>saevitia</span> 
     </span>
    </p>
   </div>
   <div class='ocr_carea' id='block_1_93' title="bbox 2243 3303 3040 3373">
    <p class='ocr_par' dir='ltr' id='par_1_93' title="bbox 2243 3303 3040 3373">
     <span class='ocr_line' id='line_1_93' title="bbox 2243 3303 3040 3373; baseline -0.001 -14"><span class='ocrx_word' id='word_1_389' title='bbox 2243 3307 2436 3360; x_wconf 79' lang='lat' dir='ltr'>Caesar</span> <span class='ocrx_word' id='word_1_390' title='bbox 2465 3303 2607 3358; x_wconf 90' lang='lat' dir='ltr'>furit</span> <span class='ocrx_word' id='word_1_391' title='bbox 2637 3303 3040 3373; x_wconf 90' lang='lat' dir='ltr'>Germanicus,</span> 
     </span>
    </p>
   </div>
   <div class='ocr_carea' id='block_1_94' title="bbox 2174 3391 3419 3464">
    <p class='ocr_par' dir='ltr' id='par_1_94' title="bbox 2174 3391 3419 3464">
     <span class='ocr_line' id='line_1_94' title="bbox 2174 3391 3419 3464; baseline -0.002 -16"><span class='ocrx_word' id='word_1_392' title='bbox 2174 3393 2372 3448; x_wconf 88' lang='lat' dir='ltr'>Fidem</span> <span class='ocrx_word' id='word_1_393' title='bbox 2407 3408 2652 3464; x_wconf 91' lang='lat' dir='ltr'>perosus</span> <span class='ocrx_word' id='word_1_394' title='bbox 2681 3391 2941 3447; x_wconf 86' lang='lat' dir='ltr'>toxicum</span> <span class='ocrx_word' id='word_1_395' title='bbox 2972 3391 3165 3447; x_wconf 86' lang='lat' dir='ltr'>fundit</span> <span class='ocrx_word' id='word_1_396' title='bbox 3197 3391 3419 3463; x_wconf 86' lang='lat' dir='ltr'>magis,</span> 
     </span>
    </p>
   </div>
   <div class='ocr_carea' id='block_1_95' title="bbox 2245 3480 3197 3552">
    <p class='ocr_par' dir='ltr' id='par_1_95' title="bbox 2245 3480 3197 3552">
     <span class='ocr_line' id='line_1_95' title="bbox 2245 3480 3197 3552; baseline -0.001 -16"><span class='ocrx_word' id='word_1_397' title='bbox 2245 3483 2407 3547; x_wconf 89' lang='lat' dir='ltr'>Quod</span> <span class='ocrx_word' id='word_1_398' title='bbox 2442 3483 2662 3537; x_wconf 88' lang='lat' dir='ltr'>foverat</span> <span class='ocrx_word' id='word_1_399' title='bbox 2685 3482 2806 3549; x_wconf 84' lang='lat' dir='ltr'>jam</span> <span class='ocrx_word' id='word_1_400' title='bbox 2838 3480 3197 3552; x_wconf 88' lang='lat' dir='ltr'>plusculum,</span> 
     </span>
    </p>
   </div>
   <div class='ocr_carea' id='block_1_96' title="bbox 2174 3569 3420 3642">
    <p class='ocr_par' dir='ltr' id='par_1_96' title="bbox 2174 3569 3420 3642">
     <span class='ocr_line' id='line_1_96' title="bbox 2174 3569 3420 3642; baseline -0.002 -17"><span class='ocrx_word' id='word_1_401' title='bbox 2174 3575 2412 3627; x_wconf 87' lang='lat' dir='ltr'>Decreta</span> <span class='ocrx_word' id='word_1_402' title='bbox 2443 3571 2686 3627; x_wconf 90' lang='lat' dir='ltr'>mandat</span> <span class='ocrx_word' id='word_1_403' title='bbox 2713 3571 3086 3642; x_wconf 87' lang='lat' dir='ltr'>exsequenda</span> <span class='ocrx_word' id='word_1_404' title='bbox 3115 3569 3420 3641; x_wconf 89' lang='lat' dir='ltr'>gentibus,</span> 
     </span>
    </p>
   </div>
   <div class='ocr_carea' id='block_1_97' title="bbox 2245 3659 2992 3728">
    <p class='ocr_par' dir='ltr' id='par_1_97' title="bbox 2245 3659 2992 3728">
     <span class='ocr_line' id='line_1_97' title="bbox 2245 3659 2992 3728; baseline -0.004 -13"><span class='ocrx_word' id='word_1_405' title='bbox 2245 3661 2314 3715; x_wconf 91' lang='lat' dir='ltr'>Et</span> <span class='ocrx_word' id='word_1_406' title='bbox 2343 3659 2710 3715; x_wconf 89' lang='lat' dir='ltr'>Christianos</span> <span class='ocrx_word' id='word_1_407' title='bbox 2740 3660 2992 3728; x_wconf 88' lang='lat' dir='ltr'>territat,</span> 
     </span>
    </p>
   </div>
   <div class='ocr_carea' id='block_1_98' title="bbox 2171 3744 3538 3821">
    <p class='ocr_par' dir='ltr' id='par_1_98' title="bbox 2171 3744 3538 3821">
     <span class='ocr_line' id='line_1_98' title="bbox 2171 3744 3538 3821; baseline -0.004 -16"><span class='ocrx_word' id='word_1_408' title='bbox 2171 3750 2240 3805; x_wconf 95' lang='lat' dir='ltr'>Ni</span> <span class='ocrx_word' id='word_1_409' title='bbox 2271 3751 2440 3805; x_wconf 88' lang='lat' dir='ltr'>thure</span> <span class='ocrx_word' id='word_1_410' title='bbox 2472 3750 2704 3821; x_wconf 88' lang='lat' dir='ltr'>placent</span> <span class='ocrx_word' id='word_1_411' title='bbox 2735 3744 3062 3819; x_wconf 88' lang='lat' dir='ltr'>principem</span> <span class='ocrx_word' id='word_1_412' title='bbox 3098 3748 3282 3803; x_wconf 89' lang='lat' dir='ltr'>Deum</span> <span class='ocrx_word' id='word_1_413' title='bbox 3313 3747 3538 3814; x_wconf 88' lang='lat' dir='ltr'>Jovem,</span> 
     </span>
    </p>
   </div>
   <div class='ocr_carea' id='block_1_99' title="bbox 2246 3836 3078 3908">
    <p class='ocr_par' dir='ltr' id='par_1_99' title="bbox 2246 3836 3078 3908">
     <span class='ocr_line' id='line_1_99' title="bbox 2246 3836 3078 3908; baseline -0.001 -14"><span class='ocrx_word' id='word_1_414' title='bbox 2246 3839 2376 3894; x_wconf 91' lang='lat' dir='ltr'>Mox</span> <span class='ocrx_word' id='word_1_415' title='bbox 2407 3837 2790 3893; x_wconf 90' lang='lat' dir='ltr'>destinandos</span> <span class='ocrx_word' id='word_1_416' title='bbox 2819 3836 3078 3908; x_wconf 90' lang='lat' dir='ltr'>ignibus.</span> 
     </span>
    </p>
   </div>
   <div class='ocr_carea' id='block_1_100' title="bbox 2175 3925 3210 3994">
    <p class='ocr_par' dir='ltr' id='par_1_100' title="bbox 2175 3925 3210 3994">
     <span class='ocr_line' id='line_1_100' title="bbox 2175 3925 3210 3994; baseline -0.004 -9"><span class='ocrx_word' id='word_1_417' title='bbox 2175 3929 2356 3985; x_wconf 73' lang='lat' dir='ltr'>Caedis</span> <span class='ocrx_word' id='word_1_418' title='bbox 2388 3927 2654 3983; x_wconf 89' lang='lat' dir='ltr'>minister</span> <span class='ocrx_word' id='word_1_419' title='bbox 2683 3927 2905 3982; x_wconf 88' lang='lat' dir='ltr'>exstitit</span> <span class='ocrx_word' id='word_1_420' title='bbox 2934 3925 3210 3994; x_wconf 90' lang='lat' dir='ltr'>Sisinius,</span> 
     </span>
    </p>
   </div>
   <div class='ocr_carea' id='block_1_101' title="bbox 2245 4015 3109 4088">
    <p class='ocr_par' dir='ltr' id='par_1_101' title="bbox 2245 4015 3109 4088">
     <span class='ocr_line' id='line_1_101' title="bbox 2245 4015 3109 4088; baseline -0.002 -15"><span class='ocrx_word' id='word_1_421' title='bbox 2245 4021 2542 4073; x_wconf 89' lang='lat' dir='ltr'>Immensa</span> <span class='ocrx_word' id='word_1_422' title='bbox 2575 4015 2754 4088; x_wconf 87' lang='lat' dir='ltr'>pestis</span> <span class='ocrx_word' id='word_1_423' title='bbox 2783 4019 2837 4070; x_wconf 91' lang='lat' dir='ltr'>et</span> <span class='ocrx_word' id='word_1_424' title='bbox 2867 4020 3109 4071; x_wconf 86' lang='lat' dir='ltr'>tremor.</span> 
     </span>
    </p>
   </div>
   <div class='ocr_carea' id='block_1_102' title="bbox 2175 4104 3150 4178">
    <p class='ocr_par' dir='ltr' id='par_1_102' title="bbox 2175 4104 3150 4178">
     <span class='ocr_line' id='line_1_102' title="bbox 2175 4104 3150 4178; baseline -0.004 -15"><span class='ocrx_word' id='word_1_425' title='bbox 2175 4108 2354 4178; x_wconf 89' lang='lat' dir='ltr'>Cujus</span> <span class='ocrx_word' id='word_1_426' title='bbox 2385 4105 2572 4162; x_wconf 88' lang='lat' dir='ltr'>ferina</span> <span class='ocrx_word' id='word_1_427' title='bbox 2603 4104 2800 4161; x_wconf 90' lang='lat' dir='ltr'>ﬂoruit</span> <span class='ocrx_word' id='word_1_428' title='bbox 2827 4104 3150 4175; x_wconf 87' lang='lat' dir='ltr'>gentilitas,</span> 
     </span>
    </p>
   </div>
   <div class='ocr_carea' id='block_1_103' title="bbox 2246 4193 3069 4266">
    <p class='ocr_par' dir='ltr' id='par_1_103' title="bbox 2246 4193 3069 4266">
     <span class='ocr_line' id='line_1_103' title="bbox 2246 4193 3069 4266; baseline -0.004 -15"><span class='ocrx_word' id='word_1_429' title='bbox 2246 4198 2314 4252; x_wconf 89' lang='lat' dir='ltr'>Et</span> <span class='ocrx_word' id='word_1_430' title='bbox 2343 4197 2532 4251; x_wconf 89' lang='lat' dir='ltr'>fastus</span> <span class='ocrx_word' id='word_1_431' title='bbox 2560 4210 2839 4266; x_wconf 83' lang='lat' dir='ltr'>arrogans</span> <span class='ocrx_word' id='word_1_432' title='bbox 2869 4193 3069 4259; x_wconf 90' lang='lat' dir='ltr'>minis,</span> 
     </span>
    </p>
   </div>
   <div class='ocr_carea' id='block_1_104' title="bbox 2175 4282 3401 4358">
    <p class='ocr_par' dir='ltr' id='par_1_104' title="bbox 2175 4282 3401 4358">
     <span class='ocr_line' id='line_1_104' title="bbox 2175 4282 3401 4358; baseline -0.005 -16"><span class='ocrx_word' id='word_1_433' title='bbox 2175 4285 2475 4358; x_wconf 88' lang='lat' dir='ltr'>Serpentis</span> <span class='ocrx_word' id='word_1_434' title='bbox 2507 4288 2669 4339; x_wconf 88' lang='lat' dir='ltr'>atrox</span> <span class='ocrx_word' id='word_1_435' title='bbox 2699 4283 2918 4338; x_wconf 87' lang='lat' dir='ltr'>evomit</span> <span class='ocrx_word' id='word_1_436' title='bbox 2944 4282 3135 4350; x_wconf 89' lang='lat' dir='ltr'>virus;</span> <span class='ocrx_word' id='word_1_437' title='bbox 3173 4297 3278 4336; x_wconf 90' lang='lat' dir='ltr'>nec</span> <span class='ocrx_word' id='word_1_438' title='bbox 3311 4286 3401 4337; x_wconf 89' lang='lat' dir='ltr'>est</span> 
     </span>
    </p>
   </div>
   <div class='ocr_carea' id='block_1_105' title="bbox 2245 4371 3018 4442">
    <p class='ocr_par' dir='ltr' id='par_1_105' title="bbox 2245 4371 3018 4442">
     <span class='ocr_line' id='line_1_105' title="bbox 2245 4371 3018 4442; baseline -0.006 -13"><span class='ocrx_word' id='word_1_439' title='bbox 2245 4374 2406 4439; x_wconf 85' lang='lat' dir='ltr'>Quod</span> <span class='ocrx_word' id='word_1_440' title='bbox 2439 4373 2614 4428; x_wconf 83' lang='lat' dir='ltr'>eﬂ‘ero</span> <span class='ocrx_word' id='word_1_441' title='bbox 2646 4371 2806 4426; x_wconf 89' lang='lat' dir='ltr'>vultu</span> <span class='ocrx_word' id='word_1_442' title='bbox 2840 4375 3018 4442; x_wconf 89' lang='lat' dir='ltr'>queat</span> 
     </span>
    </p>
   </div>
   <div class='ocr_carea' id='block_1_106' title="bbox 2175 4458 3274 4530">
    <p class='ocr_par' dir='ltr' id='par_1_106' title="bbox 2175 4458 3274 4530">
     <span class='ocr_line' id='line_1_106' title="bbox 2175 4458 3274 4530; baseline -0.005 -12"><span class='ocrx_word' id='word_1_443' title='bbox 2175 4463 2464 4517; x_wconf 92' lang='lat' dir='ltr'>Cruentus</span> <span class='ocrx_word' id='word_1_444' title='bbox 2496 4459 2661 4515; x_wconf 91' lang='lat' dir='ltr'>urbis</span> <span class='ocrx_word' id='word_1_445' title='bbox 2693 4458 3008 4530; x_wconf 84' lang='lat' dir='ltr'>Optimates</span> <span class='ocrx_word' id='word_1_446' title='bbox 3042 4458 3274 4514; x_wconf 62' lang='lat' dir='ltr'>tradere.</span> 
     </span>
    </p>
   </div>
   <div class='ocr_carea' id='block_1_107' title="bbox 2094 4551 2950 4627">
    <p class='ocr_par' dir='ltr' id='par_1_107' title="bbox 2094 4551 2950 4627">
     <span class='ocr_line' id='line_1_107' title="bbox 2094 4551 2950 4627; baseline -0.004 -15"><span class='ocrx_word' id='word_1_447' title='bbox 2094 4551 2142 4612; x_wconf 86' lang='lat' dir='ltr'>D</span> <span class='ocrx_word' id='word_1_448' title='bbox 2243 4565 2319 4616; x_wconf 92' lang='lat' dir='ltr'>Ut</span> <span class='ocrx_word' id='word_1_449' title='bbox 2349 4561 2666 4613; x_wconf 72' lang='lat' dir='ltr'>aestuantes</span> <span class='ocrx_word' id='word_1_450' title='bbox 2698 4557 2950 4627; x_wconf 66' lang='lat' dir='ltr'>aequoris</span> 
     </span>
    </p>
   </div>
   <div class='ocr_carea' id='block_1_108' title="bbox 2177 4644 3423 4720">
    <p class='ocr_par' dir='ltr' id='par_1_108' title="bbox 2177 4644 3423 4720">
     <span class='ocr_line' id='line_1_108' title="bbox 2177 4644 3423 4720; baseline -0.005 -15"><span class='ocrx_word' id='word_1_451' title='bbox 2177 4649 2340 4705; x_wconf 90' lang='lat' dir='ltr'>Unde</span> <span class='ocrx_word' id='word_1_452' title='bbox 2371 4645 2641 4720; x_wconf 89' lang='lat' dir='ltr'>profundi</span> <span class='ocrx_word' id='word_1_453' title='bbox 2673 4645 2945 4700; x_wconf 82' lang='lat' dir='ltr'>cautibus</span> <span class='ocrx_word' id='word_1_454' title='bbox 2978 4645 3192 4700; x_wconf 88' lang='lat' dir='ltr'>radunt</span> <span class='ocrx_word' id='word_1_455' title='bbox 3224 4644 3370 4699; x_wconf 90' lang='lat' dir='ltr'>nihil</span> <span class='ocrx_word' id='word_1_456' title='bbox 3410 4662 3423 4699; x_wconf 92' lang='lat'><strong>:</strong></span> 
     </span>
    </p>
   </div>
   <div class='ocr_carea' id='block_1_109' title="bbox 2248 4733 3032 4804">
    <p class='ocr_par' dir='ltr' id='par_1_109' title="bbox 2248 4733 3032 4804">
     <span class='ocr_line' id='line_1_109' title="bbox 2248 4733 3032 4804; baseline -0.005 -11"><span class='ocrx_word' id='word_1_457' title='bbox 2248 4739 2487 4793; x_wconf 88' lang='lat' dir='ltr'>Frustra</span> <span class='ocrx_word' id='word_1_458' title='bbox 2516 4733 2740 4788; x_wconf 83' lang='lat' dir='ltr'>laborat</span> <span class='ocrx_word' id='word_1_459' title='bbox 2769 4733 3032 4804; x_wconf 90' lang='lat' dir='ltr'>regulus.</span> 
     </span>
    </p>
   </div>
   <div class='ocr_carea' id='block_1_110' title="bbox 2179 4823 3411 4899">
    <p class='ocr_par' dir='ltr' id='par_1_110' title="bbox 2179 4823 3411 4899">
     <span class='ocr_line' id='line_1_110' title="bbox 2179 4823 3411 4899; baseline -0.006 -16"><span class='ocrx_word' id='word_1_460' title='bbox 2179 4827 2300 4882; x_wconf 87' lang='lat' dir='ltr'>Heu</span> <span class='ocrx_word' id='word_1_461' title='bbox 2335 4824 2524 4899; x_wconf 84' lang='lat' dir='ltr'>surgit</span> <span class='ocrx_word' id='word_1_462' title='bbox 2550 4823 2656 4892; x_wconf 89' lang='lat' dir='ltr'>ira,</span> <span class='ocrx_word' id='word_1_463' title='bbox 2689 4827 2745 4877; x_wconf 92' lang='lat' dir='ltr'>et</span> <span class='ocrx_word' id='word_1_464' title='bbox 2780 4827 3020 4894; x_wconf 90' lang='lat' dir='ltr'>aggerat</span> <span class='ocrx_word' id='word_1_465' title='bbox 3052 4823 3198 4878; x_wconf 87' lang='lat' dir='ltr'>vires</span> <span class='ocrx_word' id='word_1_466' title='bbox 3229 4823 3411 4888; x_wconf 91' lang='lat' dir='ltr'>furor,</span> 
     </span>
    </p>
   </div>
   <div class='ocr_carea' id='block_1_111' title="bbox 2247 4911 2991 4982">
    <p class='ocr_par' dir='ltr' id='par_1_111' title="bbox 2247 4911 2991 4982">
     <span class='ocr_line' id='line_1_111' title="bbox 2247 4911 2991 4982; baseline -0.008 -12"><span class='ocrx_word' id='word_1_467' title='bbox 2247 4915 2431 4970; x_wconf 87' lang='lat' dir='ltr'>Struit</span> <span class='ocrx_word' id='word_1_468' title='bbox 2461 4912 2691 4967; x_wconf 90' lang='lat' dir='ltr'>ruinam</span> <span class='ocrx_word' id='word_1_469' title='bbox 2727 4911 2991 4982; x_wconf 89' lang='lat' dir='ltr'>martyri.</span> 
     </span>
    </p>
   </div>
   <div class='ocr_carea' id='block_1_112' title="bbox 2177 4999 3471 5068">
    <p class='ocr_par' dir='ltr' id='par_1_112' title="bbox 2177 4999 3471 5068">
     <span class='ocr_line' id='line_1_112' title="bbox 2177 4999 3471 5068; baseline -0.004 -8"><span class='ocrx_word' id='word_1_470' title='bbox 2177 5003 2441 5060; x_wconf 89' lang='lat' dir='ltr'>Stimulis</span> <span class='ocrx_word' id='word_1_471' title='bbox 2472 5001 2706 5057; x_wconf 86' lang='lat' dir='ltr'>calescit</span> <span class='ocrx_word' id='word_1_472' title='bbox 2734 5000 3052 5056; x_wconf 89' lang='lat' dir='ltr'>condolens</span> <span class='ocrx_word' id='word_1_473' title='bbox 3079 4999 3236 5056; x_wconf 91' lang='lat' dir='ltr'>ultor</span> <span class='ocrx_word' id='word_1_474' title='bbox 3263 5001 3471 5068; x_wconf 92' lang='lat' dir='ltr'>Deum,</span> 
     </span>
    </p>
   </div>
   <div class='ocr_carea' id='block_1_113' title="bbox 2249 5088 2972 5162">
    <p class='ocr_par' dir='ltr' id='par_1_113' title="bbox 2249 5088 2972 5162">
     <span class='ocr_line' id='line_1_113' title="bbox 2249 5088 2972 5162; baseline -0.011 -12"><span class='ocrx_word' id='word_1_475' title='bbox 2249 5095 2365 5150; x_wconf 90' lang='lat' dir='ltr'>Nec</span> <span class='ocrx_word' id='word_1_476' title='bbox 2396 5094 2681 5162; x_wconf 89' lang='lat' dir='ltr'>temperat</span> <span class='ocrx_word' id='word_1_477' title='bbox 2708 5088 2972 5145; x_wconf 80' lang='lat' dir='ltr'>vesaniae.</span> 
     </span>
    </p>
   </div>
   <div class='ocr_carea' id='block_1_114' title="bbox 2181 5178 3270 5247">
    <p class='ocr_par' dir='ltr' id='par_1_114' title="bbox 2181 5178 3270 5247">
     <span class='ocr_line' id='line_1_114' title="bbox 2181 5178 3270 5247; baseline -0.007 -7"><span class='ocrx_word' id='word_1_478' title='bbox 2181 5185 2223 5240; x_wconf 94' lang='grc' dir='ltr'><strong>Ο</strong></span> <span class='ocrx_word' id='word_1_479' title='bbox 2257 5199 2451 5238; x_wconf 86' lang='lat' dir='ltr'>mersa</span> <span class='ocrx_word' id='word_1_480' title='bbox 2481 5180 2622 5234; x_wconf 89' lang='lat' dir='ltr'>limo</span> <span class='ocrx_word' id='word_1_481' title='bbox 2655 5178 2882 5233; x_wconf 67' lang='lat' dir='ltr'>caecitas</span> <span class='ocrx_word' id='word_1_482' title='bbox 2915 5178 3270 5247; x_wconf 86' lang='lat' dir='ltr'>mortalium,</span> 
     </span>
    </p>
   </div>
   <div class='ocr_carea' id='block_1_115' title="bbox 2251 5267 3064 5342">
    <p class='ocr_par' dir='ltr' id='par_1_115' title="bbox 2251 5267 3064 5342">
     <span class='ocr_line' id='line_1_115' title="bbox 2251 5267 3064 5342; baseline -0.007 -15"><span class='ocrx_word' id='word_1_483' title='bbox 2251 5272 2294 5327; x_wconf 94' lang='grc' dir='ltr'><strong>Ο</strong></span> <span class='ocrx_word' id='word_1_484' title='bbox 2327 5269 2554 5342; x_wconf 90' lang='lat' dir='ltr'>spissus</span> <span class='ocrx_word' id='word_1_485' title='bbox 2585 5285 2746 5323; x_wconf 90' lang='lat' dir='ltr'>error</span> <span class='ocrx_word' id='word_1_486' title='bbox 2777 5267 3064 5338; x_wconf 85' lang='lat' dir='ltr'>gentium.</span> 
     </span>
    </p>
   </div>
   <div class='ocr_carea' id='block_1_116' title="bbox 2183 5355 3322 5428">
    <p class='ocr_par' dir='ltr' id='par_1_116' title="bbox 2183 5355 3322 5428">
     <span class='ocr_line' id='line_1_116' title="bbox 2183 5355 3322 5428; baseline -0.009 -9"><span class='ocrx_word' id='word_1_487' title='bbox 2183 5364 2391 5418; x_wconf 89' lang='lat' dir='ltr'>Pastus</span> <span class='ocrx_word' id='word_1_488' title='bbox 2423 5373 2629 5414; x_wconf 90' lang='lat' dir='ltr'>cruore</span> <span class='ocrx_word' id='word_1_489' title='bbox 2660 5356 2915 5411; x_wconf 85' lang='lat' dir='ltr'>carnifex</span> <span class='ocrx_word' id='word_1_490' title='bbox 2948 5356 3126 5428; x_wconf 84' lang='lat' dir='ltr'>gestit</span> <span class='ocrx_word' id='word_1_491' title='bbox 3156 5355 3322 5412; x_wconf 89' lang='lat' dir='ltr'>ducis</span> 
     </span>
    </p>
   </div>
   <div class='ocr_carea' id='block_1_117' title="bbox 2252 5446 2947 5517">
    <p class='ocr_par' dir='ltr' id='par_1_117' title="bbox 2252 5446 2947 5517">
     <span class='ocr_line' id='line_1_117' title="bbox 2252 5446 2947 5517; baseline -0.009 -12"><span class='ocrx_word' id='word_1_492' title='bbox 2252 5451 2483 5505; x_wconf 86' lang='lat' dir='ltr'>Statuta</span> <span class='ocrx_word' id='word_1_493' title='bbox 2514 5447 2622 5501; x_wconf 89' lang='lat' dir='ltr'>rite</span> <span class='ocrx_word' id='word_1_494' title='bbox 2651 5446 2947 5517; x_wconf 89' lang='lat' dir='ltr'>persequi.</span> 
     </span>
    </p>
   </div>
   <div class='ocr_carea' id='block_1_118' title="bbox 2183 5534 3238 5606">
    <p class='ocr_par' dir='ltr' id='par_1_118' title="bbox 2183 5534 3238 5606">
     <span class='ocr_line' id='line_1_118' title="bbox 2183 5534 3238 5606; baseline -0.008 -10"><span class='ocrx_word' id='word_1_495' title='bbox 2183 5540 2326 5596; x_wconf 85' lang='lat' dir='ltr'>Hinc</span> <span class='ocrx_word' id='word_1_496' title='bbox 2361 5535 2660 5592; x_wconf 83' lang='lat' dir='ltr'>hostiatim</span> <span class='ocrx_word' id='word_1_497' title='bbox 2697 5534 2968 5605; x_wconf 83' lang='lat' dir='ltr'>martyris</span> <span class='ocrx_word' id='word_1_498' title='bbox 2995 5534 3238 5606; x_wconf 88' lang='lat' dir='ltr'>vestigia</span> 
     </span>
    </p>
   </div>
   <div class='ocr_carea' id='block_1_119' title="bbox 2253 5623 3018 5697">
    <p class='ocr_par' dir='ltr' id='par_1_119' title="bbox 2253 5623 3018 5697">
     <span class='ocr_line' id='line_1_119' title="bbox 2253 5623 3018 5697; baseline -0.004 -16"><span class='ocrx_word' id='word_1_499' title='bbox 2253 5626 2516 5697; x_wconf 86' lang='lat' dir='ltr'>Vcstigat</span> <span class='ocrx_word' id='word_1_500' title='bbox 2545 5623 2736 5678; x_wconf 86' lang='lat' dir='ltr'>audax</span> <span class='ocrx_word' id='word_1_501' title='bbox 2764 5627 2823 5678; x_wconf 91' lang='lat' dir='ltr'>et</span> <span class='ocrx_word' id='word_1_502' title='bbox 2854 5623 3018 5693; x_wconf 89' lang='lat' dir='ltr'>petit.</span> 
     </span>
    </p>
   </div>
   <div class='ocr_carea' id='block_1_120' title="bbox 3647 311 3727 363">
    <p class='ocr_par' dir='ltr' id='par_1_120' title="bbox 3647 311 3727 363">
     <span class='ocr_line' id='line_1_120' title="bbox 3647 311 3727 363; baseline -0.025 0"><span class='ocrx_word' id='word_1_503' title='bbox 3647 311 3727 363; x_wconf 80' lang='grc'>692</span> 
     </span>
    </p>
   </div>
  </div>
