3930 6202
189 321 288 376 693
1135 317 1596 379 MARTYRIUM,
1637 314 1843 368 AUCT.
1886 314 2223 369 DIONYSIO
2263 316 2606 371 GUERINO.

191 449 334 504 Inter
362 455 628 499 coronam
660 439 876 495 civium
909 440 1147 495 tandem
1177 439 1338 495 videt

253 536 526 601 Praecepta
556 533 929 600 spargentem
962 529 1080 583 Dei.

187 624 336 680 Haud
368 619 618 675 continet
650 635 864 673 manus
898 636 910 686 ;
949 619 1047 672 sed
1083 617 1234 673 ultro
1269 615 1510 688 corripit

251 712 504 767 Vinctum
535 709 755 762 catonis
798 707 1149 780 supplicem,

184 803 265 857 Fit
293 799 487 864 laetior,
518 802 770 867 ﬂagrans
802 797 900 851 Dei
933 795 1264 868 Dionysius,

244 891 307 944 Et
336 887 512 942 currit
543 887 613 940 ad
650 885 960 940 Sisinium.

183 983 346 1048 Atque
377 978 605 1031 invocat
635 981 847 1030 nutum
879 974 1142 1046 supremi
1173 973 1467 1029 Numinis.

241 1067 292 1122 Si
324 1066 431 1121 vile
463 1071 666 1136 pectus
699 1064 1017 1119 chrismate

179 1156 336 1210 Sacro
368 1153 539 1225 piasti
571 1153 660 1208 fac
692 1153 886 1218 modo,
919 1156 1120 1209 custos
1150 1151 1291 1224 poli,

239 1245 353 1299 Meo
383 1243 604 1298 colorer
637 1243 942 1314 sanguine.

177 1333 415 1388 Dissolve
450 1338 706 1388 mentem
737 1331 1051 1404 ergastulis
1085 1347 1099 1388 :
1132 1347 1260 1388 eam
1293 1331 1400 1387 bea

237 1421 522 1477 Felicitate
553 1422 798 1493 perpeti.

179 1513 442 1566 lmmotus
475 1511 659 1566 instat
691 1514 908 1582 martyr
938 1513 1072 1565 ante
1102 1509 1422 1565 barbarum

232 1600 361 1654 Saevi
394 1599 652 1654 tribunal
678 1599 918 1670 judicis.

172 1690 259 1744 Cui
292 1690 440 1744 fatur
471 1706 573 1744 ore
603 1687 822 1743 fervido
856 1687 1132 1756 Sisinius,

233 1779 419 1834 Livore
446 1785 692 1849 turgens
724 1778 894 1833 noxio
930 1796 943 1833 :

173 1867 301 1925 Num
332 1874 416 1923 est
451 1869 582 1940 ipse
612 1868 860 1923 flabrum
893 1865 1184 1922 sibilantis
1215 1867 1512 1938 Gorgonae,

229 1957 418 2027 Segnis
451 1973 634 2012 senex
662 1962 718 2012 et
751 1957 1065 2027 impotens.

169 2047 293 2102 Cum
325 2047 630 2101 illitterata
661 2047 908 2100 credidit
936 2045 1284 2115 frequentia,

229 2138 390 2207 Leges
419 2136 670 2191 deorum
703 2150 1008 2204 respuens.

166 2225 326 2280 Etate
354 2241 480 2280 vere
510 2241 648 2279 sum
687 2240 884 2291 senex,
921 2215 1013 2278 hic
1044 2223 1318 2291 reddidit,

223 2318 312 2370 Ast
342 2315 477 2371 ﬂore
509 2317 797 2370 constans
829 2313 1102 2386 pectoris.

168 2404 366 2474 Anguis
397 2409 700 2460 senectam
736 2409 993 2472 mutuor,
1027 2402 1129 2474 qui
1162 2403 1430 2458 sentibus

225 2495 411 2550 Cutem
444 2511 672 2565 repono
705 2493 1026 2550 sordidam.

169 2582 362 2638 Recens
392 2598 676 2637 renascor
704 2580 906 2636 cmlica
936 2581 1253 2653 propagine

222 2671 444 2726 Phcenix
471 2669 800 2743 quotannis
829 2669 1150 2742 pullulans.

168 2760 375 2816 Miseret
402 2766 648 2817 tuorum
686 2775 778 2815 me
809 2777 1129 2831 sacrorum,
1161 2764 1220 2815 et
1251 2765 1602 2832 temporum.

225 2849 391 2905 Pudet
421 2849 623 2919 fateri,
655 2849 803 2918 quod
840 2849 1057 2918 ferunt,

165 2937 260 2993 Vos
288 2938 600 2994 immolare
631 2938 878 2993 barbaro
910 2937 1025 2993 ritu
1055 2939 1212 2994 viros

222 3028 521 3100 Gentemqu
539 3043 576 3082 θ
601 3028 754 3082 cede
787 3028 1048 3099 perdere.

164 3115 401 3188 Ostende,
433 3133 666 3189 quasso,
703 3133 851 3188 quas
880 3117 1112 3172 adorem
1146 3116 1455 3190 imagines,

222 3208 450 3263 Junonis
481 3211 718 3274 utrum,
742 3205 828 3261 vel
859 3205 1039 3262 Jovis.

167 3293 226 3349 Ut
252 3295 424 3351 fumet
450 3312 608 3367 agno
641 3295 896 3366 caespitis
927 3295 1251 3367 fastigium,

224 3387 284 3439 Et
310 3385 468 3440 thure
501 3388 707 3456 postes
737 3384 1040 3440 ambiam.-

169 3474 290 3540 Quid
321 3489 426 3542 me,
458 3473 736 3542 nefande,
768 3472 1102 3545 supplicare
1132 3473 1350 3546 cogitas

227 3564 372 3618 Fonti
404 3564 700 3619 malorum
729 3562 1001 3618 daemoni.

171 3653 437 3707 Deasciato
466 3651 660 3724 stipiti
693 3667 916 3706 verrem
951 3651 1108 3706 feris.

226 3743 332 3806 Quo
361 3759 497 3797 saxa
527 3741 654 3796 fani
691 3739 967 3812 perlinas.

164 3829 284 3884 Cum
316 3831 426 3886 haec
455 3847 655 3898 cerno,
687 3834 968 3899 tanquam
1004 3829 1228 3901 parvuli
1260 3833 1580 3903 crepundia

215 3918 377 3986 Duco,
404 3934 741 3989 senumque
768 3918 1018 3973 vanulas

159 4006 544 4063 Edentulorum
581 4006 910 4062 cantilenas
942 4014 1203 4064 autumo.

217 4096 326 4152 Non
357 4099 721 4164 erubescam,
758 4097 807 4152 si
838 4097 1015 4152 fidem

161 4185 326 4240 Tuear
355 4187 587 4242 fatendo
621 4185 945 4241 maximum
980 4202 1175 4259 regem
1207 4187 1456 4245 aetheris.

218 4272 415 4330 Cozlum
450 4279 694 4347 paratur
723 4275 1031 4347 sanguine.

159 4360 440 4420 Praefectus
471 4365 640 4420 urbis
673 4364 862 4420 toxico
895 4365 1045 4421 fellis
1079 4367 1318 4422 madens

217 4452 313 4506 Cor
341 4453 627 4510 audiendo
657 4459 978 4510 exusserat.

157 4537 348 4594 Ebullit
377 4543 479 4609 ira,
514 4542 878 4614 apprehendi
899 4543 1072 4614 jubet
1101 4544 1310 4613 virum,

216 4627 342 4698 Ejus
371 4631 600 4688 sodales
640 4631 921 4703 proxime.

160 4718 219 4770 At
244 4717 331 4773 ille
360 4725 520 4775 tanto
553 4720 762 4786 laatior,
794 4738 928 4776 cum
961 4723 1235 4779 adoream

220 4805 421 4864 Labore
453 4815 682 4880 partam
715 4811 1012 4882 praevidet.

161 4891 369 4951 Fontem
403 4902 638 4954 serenat
666 4899 900 4955 aetheris
930 4899 1164 4970 solatio,

225 4983 429 5055 Hymno
461 4988 622 5042 canit
653 4989 1022 5060 symphonia.

163 5066 310 5126 Velut
337 5075 403 5128 ad
437 5076 620 5146 dapes
647 5094 890 5148 specum
923 5078 1065 5148 petit
1094 5076 1416 5150 lubentius,

220 5160 410 5218 Animo
442 5165 766 5221 Tonantem
801 5167 1127 5238 pensitans.

163 5247 381 5306 Antrum
413 5251 632 5309 latebat
671 5254 936 5310 abditum
967 5257 1097 5329 (98),
1133 5261 1362 5314 scatens
1392 5260 1534 5330 situ,

221 5335 400 5396 Noctis
436 5343 691 5402 tenebris
717 5345 1003 5414 obsitum,

167 5619 261 5676 situ
271 5643 310 5679 r.

1843 438 1898 505 Α
1928 437 2129 494 Gravis
2162 443 2397 495 senecta
2430 439 2666 496 clausus
2699 440 2977 514 implorat
3006 457 3177 514 prece

1992 527 2255 582 Caelestis
2289 529 2453 600 ignes
2487 530 2764 601 Spiritus.

1919 616 2134 672 Rerum
2167 624 2411 685 creator,
2446 618 2644 690 gloria:
2686 619 2964 690 splendor
2991 619 3181 675 Patris

1991 706 2242 762 Immitto
2274 725 2454 773 rores,
2491 710 2578 762 fac
2613 725 2834 779 precor,

1915 799 2038 851 Neu
2070 797 2215 851 livor
2245 814 2417 868 asper
2438 798 2658 867 judicis
2694 799 3000 853 mitescere

1987 885 2185 940 Discat
2215 888 2410 951 modo,
2445 888 2533 941 fac
2569 888 2886 956 opprimar.

1915 974 2044 1029 Mox
2079 975 2388 1031 carceralis
2419 975 2648 1030 caecitas
2679 973 2954 1047 Olympici

1986 1068 2232 1138 Fulgore
2264 1067 2480 1122 Christi
2511 1066 2787 1138 fulgurat.

1912 1157 2194 1228 Agnoscit
2223 1156 2316 1210 hic
2349 1155 2662 1228 Dionysius
2695 1155 3016 1226 potentiam

1981 1247 2218 1311 Adesse,
2255 1263 2430 1316 quam
2468 1249 2804 1317 speraverat
2838 1262 2850 1299 :

1911 1335 2083 1390 Tanti
2113 1334 2334 1390 laboris
2365 1335 2666 1405 prazmium
2702 1337 2864 1387 stant
2897 1331 3086 1402 angeli

1979 1424 2121 1479 Visu
2157 1424 2410 1479 nitentes
2443 1423 2718 1493 undique.

1908 1513 2054 1568 Huic
2085 1513 2362 1584 poculum
2396 1515 2525 1567 vitae
2558 1513 2704 1566 Deus
2737 1511 2821 1565 sic
2852 1509 3120 1583 porrigit,

1980 1602 2050 1658 Ut
2081 1620 2251 1674 pmna
2281 1603 2384 1657 fiat
2413 1603 2617 1656 lenior.

1905 1691 2222 1748 Perhibent
2252 1696 2563 1763 tyrannum
2597 1688 2949 1745 blandiendo
2978 1686 3304 1743 antistitem

1827 1810 1874 1874 B
1976 1781 2149 1836 Vario
2180 1782 2444 1836 irritasse
2478 1796 2737 1835 munere.

1907 1872 1975 1926 Et
2008 1871 2262 1926 nobilem
2298 1870 2499 1925 laudat
2530 1868 2761 1941 generis
2794 1866 3126 1938 prosapiam

1975 1960 2196 2015 Partim
2229 1959 2471 2014 senilem
2503 1957 2777 2029 gratiam.

1905 2051 2058 2105 409
2090 2049 2384 2104 Encomiis
2415 2051 2637 2118 martyr
2666 2050 2819 2100 retro
2847 2043 3067 2100 claudit
3095 2059 3236 2099 suas

1971 2143 2158 2194 Aures
2189 2144 2250 2194 ut
2282 2138 2514 2209 anguis,
2550 2153 2619 2190 ne
2657 2134 2876 2190 malum

1903 2231 2110 2299 Serpat
2142 2227 2418 2283 medullis
2450 2225 2649 2290 altius,
2686 2224 2864 2279 fibras
2896 2238 3126 2294 quoque

1973 2318 2327 2390 Contagione
2358 2315 2601 2387 polluat.

1901 2407 2012 2461 Seu
2049 2408 2154 2462 flos
2184 2407 2400 2461 odorus
2428 2403 2665 2469 albicat,
2699 2401 2997 2456 suffimine

1972 2497 2265 2567 Spargens
2296 2493 2522 2565 tyranni
2556 2491 2798 2561 regiam.

1902 2585 2253 2655 Perstringit
2283 2584 2452 2637 orbes
2485 2581 2777 2636 luminum
2805 2576 3103 2634 miraculis
3131 2592 3144 2632 :

1970 2675 2094 2730 Non
2128 2689 2298 2728 nemo
2333 2671 2582 2725 miratur
2608 2669 2817 2723 virum.

1899 2762 2138 2835 Stupuit
2168 2769 2454 2832 tyrannus
2488 2775 2499 2813 :
2535 2763 2693 2812 terve
2725 2756 2896 2811 dictis
2929 2755 3103 2811 aruit.

1970 2852 2200 2908 Clarere
2231 2848 2417 2905 nescit
2449 2845 2768 2917 scrupulis,

1900 2943 2166 2998 Incertus
2199 2937 2623 3010 illumgpuniat,
2655 2933 2742 2990 vel
2774 2934 3001 3000 liberet,

1971 3031 2273 3101 Usumque
2305 3027 2510 3084 reddat
2540 3025 2812 3080 liberum.

1901 3121 2050 3186 Quid
2083 3119 2295 3192 plura?
2325 3115 2504 3172 vincit
2535 3114 2774 3171 anxium
2806 3111 3074 3168 socordia

1821 3180 1863 3247 ί
1970 3209 2226 3265 Alumna
2255 3207 2426 3262 caedis
2456 3210 2512 3260 et
2541 3203 2754 3259 crucis.

1897 3299 2172 3354 Fomenta
2199 3297 2414 3351 vulnus
2445 3293 2748 3366 putridum
2779 3289 3057 3347 novantia

1964 3385 2380 3442 Crudelitatem
2413 3385 2740 3454 procreant.

1895 3477 2084 3542 Quid?
2112 3475 2161 3530 si
2193 3474 2387 3530 soluta
2418 3474 2690 3527 inaestuet
2720 3467 3058 3541 praecordiis

1963 3564 2126 3630 Bilis,
2161 3565 2451 3632 faciatque
2484 3560 2846 3615 incendium.

1892 3654 2078 3709 Simul
2110 3653 2368 3708 calentes
2396 3649 2826 3705 inverecundus
2858 3643 3048 3699 minas

1963 3749 2143 3800 Torvo
2175 3741 2344 3797 cievit
2375 3739 2598 3794 lumine

1894 3833 2044 3904 Figit
2074 3832 2319 3902 sagittas
2353 3827 2591 3900 pectori,
2626 3841 2731 3880 nec
2759 3823 3045 3895 impetum

1956 3920 2125 3976 Valet
2154 3925 2350 3974 tenere
2384 3917 2676 3973 amentiae.

1889 4011 2115 4066 Incerta
2145 4008 2337 4080 qualis
2372 4006 2624 4061 Enthcos
2658 4003 2863 4075 pedem
2897 4000 3057 4068 tulit,

1958 4104 2034 4154 Ut
2066 4099 2280 4154 Maenas
2313 4095 2535 4151 insanit
2565 4094 2703 4148 Deo.

1888 4190 2119 4246 Certare
2149 4188 2344 4243 lassus
2376 4184 2564 4241 hostis
2597 4183 2654 4237 in
2689 4179 2981 4254 praetorio,

1957 4278 2166 4350 Agitur
2195 4274 2464 4348 procellis
2497 4272 2750 4328 interim.

1886 4369 2040 4425 Caedi
2076 4365 2322 4438 flagellis
2354 4362 2621 4435 praecipit
2649 4357 2978 4425 lictoribus,

1958 4462 2302 4528 Corpusque
2336 4453 2515 4525 pungi
2549 4449 2816 4522 spiculis.

1810 4549 1853 4614 D
1885 4547 2167 4604 Strictum
2206 4543 2442 4599 retortis
2474 4539 2733 4596 brachiis
2764 4535 2919 4609 posti
2949 4534 3134 4605 ligant

1957 4635 2193 4690 Nudare
2225 4637 2416 4688 costas
2450 4630 2731 4701 gestiunt.

1888 4726 1958 4782 Ut
1989 4740 2091 4795 per
2131 4723 2374 4778 lacunas
2404 4719 2713 4773 vulnerum
2746 4715 2943 4784 crepet
2967 4713 3136 4782 jecur
3169 4726 3182 4766 :

1960 4813 2324 4882 Paulumque
2357 4807 2600 4879 sanguis
2632 4804 2894 4876 palpitet.

1887 4902 2134 4956 Ridebat
2165 4900 2288 4954 haec
2320 4903 2541 4968 martyr
2571 4895 2668 4950 Dei
2705 4891 2980 4962 ludibria,

1959 4989 2219 5045 Tortoris
2250 4987 2560 5056 increpans
2593 4999 2824 5038 manus.

1890 5079 1934 5134 Ο
1965 5096 2064 5134 vos
2095 5076 2342 5143 alumni,
2371 5074 2622 5130 carceris
2653 5070 2930 5127 saevitiam

1962 5171 2219 5232 Armate,
2255 5182 2474 5238 quzeso,
2511 5162 2763 5235 plenius.

1894 5258 2165 5315 Stillante
2199 5258 2355 5325 tabo,
2390 5252 2649 5325 corporis
2680 5253 2873 5306 cutem
2905 5247 3021 5304 mei

1965 5345 2388 5404 Multicolorem
2421 5343 2664 5399 reddite.

221 5551 317 5620 (98)
364 5558 468 5612 Ubi
525 5559 698 5618 hodie
756 5563 908 5619 aedes
953 5561 1021 5618 D.
1072 5561 1333 5635 Dionysii
1383 5580 1417 5618 a
1465 5564 1726 5631 Carcere,
1782 5564 1841 5618 in
1899 5564 2070 5635 cujus
2117 5561 2259 5618 aedis
2308 5575 2479 5616 cavea
2541 5556 2755 5615 nobilis
2811 5553 2909 5610 ille
2956 5567 3154 5610 carcer
3209 5550 3402 5608 adhuc
3447 5547 3538 5605 vi-

3470 320 3576 374 694
