3930 6202
380 310 488 365 695
1622 306 1682 359 8.
1720 304 1892 359 DION
1900 306 2036 360 YSII
2075 306 2556 362 AREOPAGITE
3620 315 3701 367 696

380 433 547 501 Exin,
578 433 830 505 peractis
862 430 1145 503 principis
1177 428 1498 499 furoribus,
2060 432 2116 495 Α
2215 429 2284 484 Hi
2315 429 2729 500 conspicantur
2757 428 3027 500 praesulis

450 522 810 577 Ardentibus
841 522 1049 593 prunis
1080 522 1276 575 datur.
2145 518 2415 573 Manibus
2446 518 2615 573 coitis
2644 518 3005 584 vectitatum,
3044 519 3291 574 nobilem

385 614 573 668 Locus
603 619 695 667 est
726 612 1095 682 propinquus
1125 612 1401 679 Sequanae
1434 604 1752 662 sinuamini
1783 606 1896 678 (99)
2216 608 2295 661 Ad
2327 606 2584 662 villulam
2620 607 2944 662 miraculis.

454 701 771 757 Tormenta
798 716 1045 754 cernens
1077 700 1360 753 sontium.
2145 695 2189 750 0
2220 701 2309 750 ter
2337 700 2660 767 quaterque
2690 702 2745 750 et
2774 696 3029 767 amplius
3063 696 3195 752 felix
3219 698 3421 769 jugum

382 790 566 855 Quem
598 789 779 860 sepsit
809 804 1019 859 agmen
1052 786 1307 841 militum
1340 785 1668 840 forinsecus
2215 784 2332 839 Hoc
2365 790 2755 856 purpuratum
2788 786 3111 857 sanguine!

456 879 701 950 Fulgere
729 877 978 933 cassidis
1008 876 1253 931 micans.
2144 872 2303 927 Felix
2331 874 2543 927 amceni
2576 873 2789 930 littoris
2820 875 3186 945 pomcerium,

380 968 610 1025 Prunas
640 971 909 1039 tepentes
939 965 1197 1020 carnifex
1227 962 1437 1018 sternit
1469 962 1608 1033 cito,
2215 961 2489 1033 Felixque
2520 962 2686 1017 collis
2717 962 2903 1019 vinea.

456 1056 529 1113 Ut
555 1073 620 1112 os
654 1055 809 1111 beati
842 1053 1117 1121 langueat
2145 1050 2355 1105 Mulier
2382 1051 2615 1107 Catulla
2645 1052 2842 1107 ﬂoruit
2880 1054 3125 1110 credens
3155 1055 3290 1124 Deo,

385 1145 695 1203 Decumbit
721 1144 847 1216 ipse
873 1142 1088 1197 lectulo
1119 1140 1289 1196 laatus
1319 1140 1468 1213 rogi.
2216 1144 2467 1211 Purgata
2496 1145 2696 1196 sancto
2728 1140 2949 1213 Spiritu
2986 1159 2999 1198 :

454 1235 694 1289 Animat
723 1229 955 1288 sodales
988 1230 1215 1287 sedulo.
2144 1230 2278 1294 Quae
2311 1233 2462 1285 tacta
2492 1229 3012 1303 miriszmartyrum
3044 1232 3236 1301 donis,
3265 1234 3467 1289 ducem

377 1323 469 1379 Illi
500 1340 564 1379 os
594 1322 803 1377 decore
836 1318 1136 1392 splenduit
1165 1317 1353 1390 magis
1388 1334 1585 1374 aureo.
2217 1318 2479 1389 Mollivit,
2515 1328 2576 1374 ut
2607 1321 2889 1376 cadavera

454 1412 658 1468 Talem
690 1413 987 1466 revertens
1016 1408 1221 1480 legifer
2145 1407 2425 1462 Humaret
2456 1413 2631 1463 uncta
2662 1408 2945 1479 balsamo,
2978 1411 3149 1477 rosis,
3182 1427 3342 1467 mero
3375 1430 3387 1469 :

388 1504 466 1558 De
500 1504 698 1557 monte
728 1499 952 1555 vultum
985 1497 1196 1553 detulit
1229 1513 1241 1551 :
1275 1496 1593 1568 Nonﬂsunt,
1625 1495 1725 1565 ait,
2218 1496 2386 1551 Domi
2416 1513 2720 1558 reservans
2752 1499 3023 1570 posteris.

455 1591 775 1647 Tormenta
805 1604 932 1660 qua
964 1604 1063 1643 vos
1096 1585 1338 1642 cernitis
2147 1584 2293 1641 Hinc
2321 1586 2485 1640 vicus
2519 1584 2615 1641 ille
2648 1586 2873 1642 femina:
2910 1605 3119 1644 nomen
3152 1589 3351 1646 trahit.

383 1680 571 1736 Citata
599 1678 821 1733 cursim
853 1681 1180 1745 transeunt,
1215 1676 1402 1730 instar
1433 1673 1555 1729 noti
2220 1672 2598 1744 (Catulliacus
2629 1674 2743 1729 dici
2774 1679 2985 1747 potest)

459 1768 683 1825 Pulvim
722 1765 1009 1822 moventis
1042 1766 1102 1820 in
1134 1779 1283 1820 aere.
2070 1805 2118 1871 Β
2148 1762 2179 1818 J
2188 1778 2281 1818 am
2313 1778 2413 1817 sex
2442 1762 2688 1833 peractis
2718 1764 2947 1820 saeculis
2980 1771 3081 1821 aut
3112 1766 3343 1824 circiter
3374 1785 3386 1824 ε

383 1858 562 1914 Trahi
593 1874 623 1911 e
654 1860 877 1912 castata
908 1855 1165 1910 fervidus
1187 1854 1361 1925 jubet
1393 1852 1607 1922 virum,
2070 1850 2118 1871 ”
2221 1855 2415 1906 Manes
2446 1850 2661 1924 sepulti
2694 1859 3018 1925 martyrum

457 1945 629 2001 Aliud
664 1960 851 2016 genus
882 1948 1047 2014 parat
1078 1941 1291 1997 crucis.
2150 1940 2450 1997 Oblivione
2482 1958 2726 2012 prorsus
2757 1942 2951 1997 obruti
2986 1943 3097 1999 nisi

390 2036 475 2090 Ad
511 2033 731 2089 montis
763 2032 950 2089 altum
981 2032 1254 2089 verticem
1284 2029 1635 2087 contermini
2223 2029 2397 2100 Regis
2431 2028 2669 2085 Clothaai
2702 2030 2860 2086 ﬁlius

468 2123 708 2179 Lutetia!
740 2121 1068 2178 deducitur.
2151 2119 2515 2191 Dagobertus
2545 2118 2662 2173 iras
2695 2119 2913 2175 horridi
2946 2120 3136 2177 vitans
3170 2122 3356 2194 patris

395 2212 569 2269 Velut
595 2227 746 2284 agna
777 2210 977 2283 templi
1007 2209 1358 2265 destinando.
1387 2208 1694 2276 altaribus,
2221 2207 2430 2264 Tristis
2462 2224 2740 2265 cavernas
2773 2209 3088 2282 quaeritans
3122 2212 3295 2284 (100),

471 2302 564 2358 Nil
596 2300 901 2356 immolata
930 2299 1241 2356 clamitans
2151 2303 2221 2353 Se
2251 2296 2685 2367 contulissetjn
2717 2298 3054 2371 sepulcrum
3089 2301 3300 2358 tutius.

400 2393 627 2447 Intrare
657 2392 860 2445 fanum
893 2388 1121 2461 cogitur
1150 2386 1415 2460 Cyllenii.
2225 2387 2432 2443 Statim
2465 2387 2693 2460 sopitus
2724 2389 2974 2444 somnio.

474 2480 673 2551 Ibique
702 2478 842 2535 thus
873 2479 1139 2533 adurere.
2154 2478 2227 2532 At
2258 2476 2571 2531 dormienti
2603 2476 2841 2549 fulgidis
2872 2477 3013 2535 clari
3047 2478 3215 2536 stolis

399 2568 517 2625 Has
548 2569 784 2623 intuens
815 2567 1092 2639 ineptias,
1122 2564 1413 2637 imagines
2226 2571 2562 2637 Apparuere
2595 2570 2897 2639 martyres.

469 2657 679 2714 Irridet
707 2660 883 2726 atque
914 2654 1205 2727 conspuit.
2153 2660 2232 2710 Ac
2264 2654 2611 2727 pollicentur
2639 2655 2889 2727 principi
2922 2657 3115 2715 minas
3146 2659 3334 2731 patris

394 2746 589 2804 Senile
621 2750 840 2817 martyr
870 2743 1079 2799 maluit
1107 2742 1325 2798 collum
1356 2743 1494 2799 dare
2224 2744 2434 2799 Sedare
2466 2761 2635 2813 posse
2665 2744 2915 2814 coalitus,

462 2834 667 2891 Mortis
696 2833 945 2889 lavacris
977 2831 1284 2903 inclytum.
2151 2832 2321 2888 Modo
2354 2832 2577 2888 favillas
2610 2832 2702 2888 hic
2733 2834 2878 2890 sitas
2910 2836 3217 2907 praeconiis

396 2923 457 2979 Id
493 2924 834 2978 maluerunt
859 2938 997 2977 voce
1026 2921 1180 2976 clara
1210 2920 1488 2977 Rusticus
2220 2922 2506 2993 Insigniat
2537 2938 2768 2994 semper
2796 2922 3029 2982 lubens.

462 3012 533 3067 Et
563 3010 1003 3067 contubernalis
1034 3009 1175 3081 pati.
1882 3030 1891 3038 ο
2145 3011 2431 3066 Triforme
2461 3010 2694 3067 culmen
2726 3011 3036 3082 Gallicum,
3066 3014 3281 3087 triplex
3313 3015 3495 3072 honor

386 3101 703 3156 Percussor
732 3115 871 3155 ense
900 3099 1041 3153 dum
1072 3096 1204 3153 ferit
1233 3100 1437 3168 guttur
1462 3097 1646 3166 senis,
2084 3174 2096 3176 _
2216 3105 2338 3167 Quo
2371 3106 2606 3173 praestat
2637 3104 2801 3159 urbis
2833 3104 3113 3176 dignitas.

459 3186 741 3257 Spectant
768 3185 1107 3255 frequentes
1137 3183 1370 3239 eminus
2068 3174 2109 3242 C
2147 3191 2269 3247 Non
2303 3191 2593 3247 obolescet
2620 3191 2777 3247 ullus
2810 3193 2867 3247 in
2901 3174 3071 3250 terris
3103 3212 3254 3268 apex
3289 3214 3302 3252 :

387 3274 589 3330 Pavidi
620 3290 824 3346 greges
855 3274 1159 3329 doctorum
1190 3274 1249 3327 in
1281 3271 1396 3328 alto
1427 3273 1656 3331 vertice.
2222 3280 2334 3336 Nec
2367 3280 2555 3352 pulvis
2588 3281 2838 3337 obducet
2868 3283 2981 3338 situ

462 3364 573 3418 Res
605 3362 754 3418 mira
788 3361 1057 3433 posteris,
1091 3367 1269 3433 caput
2147 3373 2300 3437 Tuae,
2334 3374 2594 3440 patrone,
2629 3368 2891 3426 lauream
2924 3372 3138 3444 laudis,
3172 3372 3293 3431 Deo

388 3450 552 3516 Quod
585 3454 953 3523 amputatum
983 3450 1250 3508 viderant
1280 3452 1582 3509 cadaveris
2219 3459 2508 3531 Inscripta
2537 3475 2743 3531 perpes
2777 3461 2993 3533 pagina
3022 3466 3132 3518 est.

3353 3557 3552 3608 Amen.

458 3656 572 3781 $99)
604 3654 703 3712 Ille
758 3655 924 3712 locus
980 3656 1186 3712 visitur
1250 3656 1309 3711 in
1366 3657 1584 3729 templo
1651 3658 1714 3714 B.
1775 3656 2036 3731 Dionysii
2143 3658 2375 3730 longea
2408 3659 2535 3731 ripa
2564 3662 2864 3732 Sequana).

458 3744 560 3781 .20
611 3745 645 3781 a
693 3734 896 3781 Passu.
950 3745 1126 3781 nrone
1173 3730 1355 3781 adem
1412 3730 1592 3781 Beata;
1653 3730 1866 3781 Mariae-
1919 3747 2033 3781 non
2216 3732 2359 3781 ΗΟοὶ
2395 3732 2704 3781 Aimnnins
2737 3734 3080 3781 monachus-
3122 3738 3251 3781 Ηιῗςί
3309 3737 3344 3781 li

384 3730 560 3800 vulgo
611 3745 645 3783 a
693 3734 896 3797 Passu,
950 3745 1126 3802 prope
1173 3730 1355 3785 adem
1412 3730 1592 3785 Beata:
1653 3730 1867 3801 Mariae,
1919 3730 2033 3786 non
2216 3732 2359 3801 (100)
2395 3730 2704 3789 Aimouius
2737 3734 3081 3805 monachus,
3119 3738 3273 3794 Hist.
3308 3737 3408 3793 lib.
3445 3755 3516 3802 ιν,
3544 3754 3587 3792 c.
3618 3735 3685 3789 17.

1187 4069 1661 4232 VITA
1781 4068 1946 4233 S.
2073 4070 2981 4237 DIONYSII

1721 4338 2462 4428 AREOPAGITAE

840 4503 1343 4567 ATHENARUM
1392 4505 1769 4583 EPISCOPI,
1817 4508 2303 4571 FRANCORUM
2348 4512 2735 4573 APOSTOLI
2782 4514 2880 4573 ET
2926 4514 3330 4576 MARTYRIS

1930 4656 2041 4695 PER
2080 4657 2138 4698 Β.
2180 4658 2233 4697 Ρ.

1262 4777 2004 4898 PBTRUM
2078 4778 2896 4904 HALLOIX

1774 4984 1915 5045 Soc.
1964 4988 2116 5046 Jssc
2162 4988 2389 5049 Pansa.

386 3880 2835 3913 Μ

1287 5115 1650 5172 Concinnata
1680 5116 2065 5190 ejusdemque
2097 5119 2503 5177 natationibus
2546 5120 2864 5178 illustrata.

1694 5359 1787 5413 41
1800 5357 1944 5414 0-4
1957 5361 1989 5414 ι
2002 5360 2042 5413 1
2110 5362 2504 5421 PREFATIO.

447 5471 506 5553 Si
538 5488 568 5526 e
599 5472 1141 5553 clarissanctorum
1174 5473 1409 5553 Patrum
1442 5474 1593 5553 Vitis
1624 5491 1700 5530 eae
1734 5475 2297 5553 primumpunctum
2325 5480 2535 5545 ferunt,
2561 5496 2686 5550 quae
2720 5498 2837 5537 una
2858 5498 2991 5538 cum
3016 5481 3381 5553 antiquitatis
3404 5474 3726 5553 auctoritate,

448 5493 506 5554 δ]
538 5493 568 5526 e
599 5493 771 5527 claris
802 5493 1141 5529 sanctorum
1176 5493 1409 5529 rutrum
1452 5493 1593 5530 Vitis
1624 5493 1700 5530 ea:
1734 5493 1988 5546 primum
2015 5493 2297 5603 iunctum
2325 5493 2535 5545 terunt,
2561 5496 2686 5550 quae
2720 5498 2837 5537 una
2858 5498 2991 5538 cum
3016 5493 3381 5553 antiquitatis
3404 5493 3726 5549 auctoritate,

381 5558 633 5625 maiores.
663 5545 987 5625 in_lit_teris,
1021 5546 1078 5599 in
1115 5547 1435 5625 laboribus,
1460 5549 1525 5625 _in
1563 5548 2019 5625 peregrinationi
2065 5567 2153 5619 us,
2187 5551 2243 5604 in
2278 5553 2463 5625 signis
2495 5554 2742 5621 denique
2773 5572 2838 5609 ac
2869 5555 3229 5610 salutaribus
3259 5552 3550 5625 prodigiis,
3583 5546 3728 5602 adnu-

382 5565 633 5623 ma‘lo'res
664 5565 721 5598 1n
755 5565 987 5612 “ueris,
1021 5565 1078 5599 in
1115 5565 1435 5611 ianorinus,
1470 5566 1525 5601 In
1601 5565 2153 5619 eregrinationlous,
2187 5568 2243 5604 1n
2278 5568 2463 5622 Signis
2495 5565 2742 5621 denique
2773 5572 2838 5609 ac
2869 5565 3229 5610 salutaribus
3259 5565 3550 5625 proclgils,
3583 5565 3725 5602 auml'

380 5612 704 5670 rabilltates
737 5615 956 5672 habent
988 5636 1002 5686 ;
1037 5617 1254 5673 nemini
1286 5634 1428 5674 sane
1458 5619 1517 5673 in
1548 5565 1725 5676 (fubio
1769 5619 2143 5694 relinquitur,
2179 5639 2291 5694 quo
2324 5622 2469 5692 loco,
2503 5640 2687 5696 quove
2737 5642 2981 5683 numero
3012 5643 3080 5684 ea
3110 5626 3329 5684 censeri
3375 5625 3593 5688 debeat,
3622 5628 3725 5687 qua
