3964 6216
185 177 286 233 741

1229 180 1426 248 VITA,
1469 182 1680 237 AUCT.
1719 183 1783 236 P.
1827 182 2146 238 HALLOIX
2181 183 2331 238 SOC.
2373 186 2566 241 JESU.

3505 184 3613 244 7&2

183 301 373 374 ipsius
405 302 787 380 Areopagita,
819 303 927 380 hoc
957 303 1244 380 indigenas
1275 320 1344 358 ex
1375 305 1834 380 majorum_suo-
1867 312 1922 376 Α
1953 305 2046 380 nis
2094 306 2152 360 in
2211 306 2502 363 Hierothei
2554 308 2779 380 locum,
2809 307 3191 364 constituisse
3241 306 3607 380 Dionysium‘

185 391 317 430 rum
348 374 543 446 prisca
564 376 877 431 traditione
908 375 1124 431 habere
1169 392 1230 430 se
1263 381 1620 431 asseverant.
1673 377 1836 432 Unde

185 462 372 572 vero,h
394 453 499 571 atut
535 447 777 572 tquando
825 447 1178 520 acceperint,
1215 449 1506 503 memoriae
1537 449 1840 521 proditum

185 535 306 572 non
380 534 527 572 ωειλ
565 560 578 572 .

185 535 306 573 non
338 524 578 573 habent.

259 591 370 660 (55)
403 589 525 644 Sive
572 589 885 656 secundum,
936 597 998 644 ut
1043 605 1072 644 θ
1120 588 1436 646 Graecorum
1480 591 1697 656 Menam,
1731 596 1839 645 etc.

189 662 415 716 Diserte
447 663 726 716 Menzeum
748 663 818 715 ad
843 664 996 715 diem
1021 662 1051 715 4
1083 660 1283 716 Octob.
1316 661 1692 718 Hierotheum
1717 663 1844 718 Dio-

188 733 340 803 nysii
377 733 915 804 magistrum,vocat
939 737 1295 804 Athenarum
1319 735 1682 804 episcopum,
1708 750 1841 804 cum

186 805 378 878 sic_de
427 803 527 878 ilio
547 820 565 878 _:
619 803 1071 878 Προκατηχηθεὶς
1115 806 1203 856 καὶ
1235 803 1378 878 παιοᾶ
1406 809 1502 857 τοῦ
1525 803 1843 858 ἀποστόλου

185 872 425 948 Παύλου
468 872 763 938 ἐπίσκοᾶτος
819 872 1208 948 χέξροτονεῖται
1266 872 1532 946 Ἀθηνῶν,
1567 885 1676 933 etc.
1711 879 1842 932 Pri-

184 964 344 1002 mum
374 947 440 1002 ab
486 949 736 1016 apostolo
774 947 948 1004 Paulo
996 948 1238 1003 eruditus
1272 950 1612 1005 Athenarum
1640 951 1845 1004 consti-

184 1021 371 1074 tuitur
399 1021 700 1092 episcopus.
751 1019 914 1083 Quod
959 1021 1008 1074 si
1043 1020 1389 1076 Hierotheus
1447 1021 1691 1076 Athenis
1721 1021 1847 1092 epi-

184 1108 407 1162 scopus
440 1091 570 1160 fuit,
596 1096 750 1164 certe
783 1092 1009 1162 primus
1040 1091 1168 1159 fuit,
1190 1092 1502 1164 Dionysius
1535 1099 1729 1148 autem
1760 1091 1851 1146 se-

183 1164 443 1218 cundus.
488 1167 635 1219 Nam
684 1163 956 1235 Dionysio
1014 1165 1298 1220 successit
1331 1163 1601 1235 Publius,
1636 1164 1844 1220 Publio

188 1235 551 1287 Quadratus.

188 1237 551 1301 Quadratus.

259 1307 378 1375 (56)
413 1304 701 1360 Eusebius
730 1301 827 1358 lib.
859 1321 922 1359 Ill
955 1307 1103 1361 Hist.
1138 1305 1295 1373 eccl.,
1327 1321 1378 1361 ο.
1411 1306 1498 1362 37.

260 1379 380 1447 (57)
427 1377 564 1431 Nam
619 1378 680 1430 in
737 1378 1063 1446 Hispaniam
1119 1379 1468 1442 concessisse,
1530 1382 1643 1432 etc.
1707 1381 1850 1431 Cum

182 1458 427 1503 sanctus
463 1448 920 1520 Paulusmagno
963 1453 1259 1504 teneretur
1307 1449 1599 1505 desiderio
1658 1449 1716 1503 in
1750 1448 1852 1503 Hi-

184 1524 465 1591 spaniam
498 1518 932 1591 proﬁciscendi,
957 1521 1136 1592 (quod
1160 1521 1484 1576 insinuavit
1510 1522 1568 1575 in
1593 1520 1854 1592 Epistola

184 1593 264 1646 ad
321 1592 616 1646 Romanos
646 1606 793 1662 cap.
848 1609 940 1657 xv,
993 1593 1085 1646 his
1134 1593 1323 1647 verbis
1359 1609 1371 1647 :
1407 1593 1541 1647 Cum
1569 1592 1630 1646 in
1661 1594 1854 1662 Hispa-

180 1679 349 1718 niam
377 1661 653 1733 proﬁcisci
676 1678 906 1732 cmpero,
936 1680 1091 1732 spero
1121 1664 1262 1734 quod
1291 1667 1614 1734 praeteriens
1639 1661 1855 1718 videam

182 1751 305 1802 vos,
330 1741 479 1801 etc.,
506 1736 604 1788 diu
628 1740 822 1807 autem
846 1739 974 1806 ejus
994 1735 1379 1807 impediretur
1411 1737 1542 1799 iter,
1575 1735 1854 1791 credibile

181 1813 283 1862 est
299 1811 427 1862 tum
450 1807 686 1862 misisse
708 1805 1101 1863 Hierotheum'
1117 1808 1176 1862 in
1211 1807 1582 1879 Hispaniam,
1598 1812 1655 1862 et
1675 1808 1851 1862 Athe-

1951 378 2193 433 Constat
2238 384 2434 452 autem
2485 379 2784 452 communi
2826 380 3216 452 Hispanorum
3251 378 3606 452 scriptorum

1950 466 2262 516 consensu,
2309 450 2792 523 Hierotheumin
2846 450 3124 522 Hispania
3169 450 3605 523 fuisse’episco-

1951 539 2113 593 pum.
2152 527 2226 574 De
2259 537 2374 592 quo
2409 522 2576 590 plura
2609 523 2666 576 in
2700 522 2888 593 ipsius
2919 523 3211 578 Hierothei
3242 522 3388 577 Vita.

2027 594 2134 660 (58)
2169 593 2330 662 fitque
2358 609 2504 647 anno
2532 596 2758 648 circiter
2786 612 2822 648 a
2854 595 3056 649 Christi
3089 597 3215 648 ortu
3241 594 3330 647 55.
3363 594 3467 648 Hic
3507 611 3609 649 an-

1952 681 2064 718 nus
2095 677 2214 718 erat
2244 666 2431 718 aetatis
2460 665 2723 735 Dionysii
2778 668 2864 731 46,
2901 666 3380 735 quandoquidem
3407 665 3611 732 junior

1950 736 2182 791 Christo
2207 738 2315 790 fuit
2337 737 2722 808 anni39.Cum
2744 746 2938 791 autem
2966 738 3281 808 Dionysius
3295 738 3366 791 ad
3385 737 3606 792 Christi

1955 808 2128 861 ﬁdem
2163 823 2479 862 conversus
2510 807 2587 861 sit
2619 825 2771 862 anno
2811 811 2999 863 (etatis
3051 824 3172 864 sua:
3221 808 3307 875 43,
3361 814 3426 862 ut
3472 816 3610 864 ante

1954 878 2312 933 declaratum
2345 886 2450 939 est.
2482 885 2652 949 atque
2705 880 2855 934 inter
2899 881 3047 935 hanc
3079 879 3518 934 conversionem
3553 885 3612 935 et

1955 951 2357 1021 episcopatum
2390 955 2620 1022 tempus
2669 952 2954 1006 duntaxat
2995 951 3232 1006 triennii
3266 951 3613 1007 intercesse-

1956 1025 2052 1090 rit,
2088 1028 2151 1076 ut
2182 1027 2412 1076 tenetur
2459 1023 2874 1083 communiter,
2932 1030 3084 1078 recte
3114 1023 3431 1094 colligitur,
3487 1029 3610 1078 tam

1957 1110 2111 1149 anno
2145 1110 2251 1149 suo
2283 1095 2352 1147 46
2383 1110 2560 1163 quam
2593 1093 2806 1148 Christi
2836 1095 2928 1158 55,
2969 1096 3230 1149 habenas
3268 1093 3614 1165 suscepisse

1955 1166 2332 1237 Atheniensis
2363 1165 2648 1220 Ecclesiae.
2687 1174 2870 1230 Quam
2902 1166 3252 1221 sententiam
3276 1170 3331 1224 et
3353 1165 3438 1219 illi
3464 1183 3612 1237 prae-

1958 1237 2126 1308 cipue
2149 1236 2710 1308 amplectuntur,qui
2729 1238 3068 1308 Dionysium
3086 1237 3344 1308 primum
3371 1236 3613 1293 omnino

1961 1307 2324 1363 Athenarum
2358 1309 2679 1363 antistitem
2713 1325 2841 1363 esse
2872 1307 3097 1364 volunt.
3119 1308 3234 1363 Nec
3252 1307 3407 1364 enim
3431 1308 3612 1364 ullam

1961 1379 2174 1434 habere
2203 1383 2390 1450 potest
2419 1380 2535 1451 veri
2560 1379 2836 1451 speciem,
2867 1396 2992 1434 eam
3021 1380 3248 1447 urbem,
3278 1380 3616 1450 multisjam

1961 1451 2030 1505 ad
2067 1451 2240 1506 ﬁdem
2274 1450 2952 1522 traductis,episcopatu
2985 1453 3242 1506 caruisse
3274 1451 3406 1522 plus
3432 1451 3616 1506 trien-

1963 1523 2079 1576 nio.
2114 1523 2221 1585 Qui
2256 1529 2455 1577 autem
2489 1521 2899 1578 tantummodo
2949 1521 3291 1578 secundum
3310 1523 3491 1577 fuisse
3524 1521 3617 1578 di-

1963 1598 2124 1658 cunt,
2155 1600 2349 1648 tamen
2384 1611 2517 1649 cum
2545 1595 2756 1664 prioris
2788 1601 2907 1649 tam
2939 1595 3146 1665 exigua
3176 1594 3462 1649 exstiterit
3495 1610 3620 1649 me-

1965 1666 2168 1728 moria,
2202 1671 2266 1718 ut
2300 1682 2345 1738 ia
2394 1666 2668 1738 plurimis
2716 1666 2773 1718 in
2807 1667 2956 1720 serie
2988 1671 3366 1738 praetereatur
3393 1666 3620 1735 episco-

1965 1753 2195 1865 gogulm,
2229 1736 2438 1792 saltem
2489 1737 2639 1792 hanc
2668 1736 3004 1808 opinionem
3039 1738 3352 1793 admittent
3382 1743 3447 1790 ut
3478 1752 3615 1808 prc-

2009 1825 2040 1863 a
2086 1824 2245 1863 rem.

2009 1824 2245 1863 anilem.

1744 2057 1968 2117 CAPUT
2006 2060 2073 2117 V.

588 2166 842 2238 Dionysii
872 2167 934 2220 in
962 2165 1252 2236 [undando
1279 2170 1329 2221 et
1358 2165 1670 2221 ordinando
1705 2167 2020 2237 episcopatu
2049 2167 2370 2224 Atheniensi
2399 2169 2609 2223 eximia
2638 2168 2814 2223 virtus
2842 2177 2896 2223 et
2927 2167 3222 2224 industria.

259 2283 402 2338 Erat
431 2282 688 2338 Ecclesia
705 2282 1257 2348 Atheniensis,cum
1284 2300 1409 2338 eam
1433 2283 1746 2354 Dionysius
1772 2285 2189 2340 moderandam
2209 2286 2488 2355 suscepit,
2517 2286 2574 2340 in
2603 2285 2728 2340 suis
2750 2285 2942 2340 adhuc
2967 2284 3616 2355 incunabulis,pusilla,

183 2355 430 2421 debilis,
467 2355 720 2421 inﬁrma,
752 2357 937 2427 sancti
966 2355 1256 2410 Hierothei
1292 2355 1526 2425 quidem
1582 2357 1728 2410 lacte
1784 2361 2077 2425 utcunque
2117 2358 2338 2411 nutrita
2370 2367 2526 2420 (nam
2563 2357 2780 2411 Paulus
2816 2358 3004 2410 obiter
3032 2363 3258 2410 tantum
3290 2357 3400 2427 (59)
3431 2363 3488 2411 et
3519 2372 3621 2424 per

182 2435 601 2491 transennam,
627 2428 781 2496 quod
833 2426 948 2482 alio
997 2428 1321 2489 festinaret,
1356 2429 1585 2480 semina
1617 2428 1747 2480 ﬁdei
1782 2427 2150 2498 projecerat),
2195 2429 2297 2482 sed
2335 2429 2595 2482 nondum
2634 2445 2736 2498 per
2765 2435 2991 2481 (etatem
3030 2428 3250 2499 vegetis
3280 2434 3336 2482 et
3369 2428 3620 2484 fortibus

182 2499 479 2554 membris
511 2516 522 2552 :
580 2499 795 2569 quippe
850 2514 1102 2569 quorum
1151 2503 1464 2568 augmento
1515 2505 1572 2552 et
1601 2500 1810 2567 vigori,
1857 2499 2101 2553 adversa
2132 2502 2524 2568 quorumdam
2561 2500 2798 2558 levium.
2833 2504 2890 2553 et
2922 2515 3128 2553 novam
3161 2500 3331 2554 ﬁdem
3366 2499 3618 2553 irriden-

179 2572 344 2626 tium
381 2568 1010 2641 philosophorum(60)
1050 2587 1194 2625 aura
1224 2571 1545 2641 plurimum
1596 2569 1907 2641 officiebat.
1960 2572 2185 2634 QUlbUS
2220 2577 2415 2623 tamen
2450 2569 2841 2641 revincendis,
2878 2577 2940 2624 ut
2973 2587 3114 2625 sane
3145 2587 3320 2641 quam
3356 2569 3616 2625 laborio-

181 2658 343 2705 sam,
377 2639 463 2696 Sic
498 2639 808 2712 perutilem
841 2639 1128 2696 hactenus
1159 2639 1394 2712 operam
1425 2640 1580 2695 idem
1612 2639 1960 2696 Hierotheus
1993 2648 2340 2703 navaverat;
2375 2643 2476 2695 sed
2511 2640 2624 2695 alio
2660 2641 2757 2696 Dei
2785 2641 3083 2697 voluntate
3117 2639 3442 2708 traductus,
3469 2657 3620 2712 prte-

181 2714 427 2782 cipuam
462 2711 716 2768 fundatae
746 2729 810 2767 ac
844 2715 1085 2766 firmatae
1120 2711 1280 2766 illius
1311 2712 1576 2766 Ecclesiae
1613 2713 1841 2767 laudem
1879 2713 2149 2783 Dionysio
2181 2714 2440 2782 reliquit.
2475 2714 2573 2766 ilic
2604 2713 2760 2766 enim
2794 2730 2982 2767 annos
3013 2713 3227 2768 multos
3250 2730 3379 2768 eam
3406 2711 3618 2768 tenuit.

180 2791 478 2855 tantaque
507 2786 708 2838 statim
742 2785 813 2838 ab
835 2783 1001 2838 initio
1032 2784 1338 2855 diligentia
1369 2785 1438 2855 ad
1473 2784 1636 2855 illius
1661 2784 2200 2852 amplificationem,
2237 2784 2770 2850 confirmationem,
2796 2786 3228 2839 ordinationem
3260 2786 3416 2839 440
3442 2786 3618 2839 incu-

187 2857 346 2923 buit,
383 2853 446 2909 ut
480 2857 715 2910 tandem
751 2855 894 2909 nulli
929 2853 1318 2926 Ecclesiurum
1352 2853 1604 2922 Graeciae,
1655 2871 1845 2926 neque
1893 2872 2158 2918 numero,
2193 2872 2379 2926 neque
2413 2857 2640 2920 robore,
2675 2872 2864 2925 neque
2895 2862 3028 2926 apta
3061 2855 3432 2926 singulorum
3464 2857 3620 2911 inter

189 2945 256 2984 se
294 2927 699 2982 membrorum
750 2927 1174 2994 convenientia,
1219 2925 1337 2981 ulla
1384 2943 1450 2980 ex
1501 2931 1662 2996 parte
1690 2925 2052 2982 concederet.
2087 2927 2233 2982 Nam
2266 2925 2300 2981 a
2333 2926 2491 2980 Pauli
2523 2927 2802 2981 comitatu
2837 2928 2895 2981 in
2923 2925 3049 2985 eam
3086 2925 3290 2982 urbem
3325 2943 3616 2995 reversus,

185 3000 298 3071 illo
329 2999 546 3071 Spiritu
581 3001 829 3071 fervens,
862 3015 1038 3071 quem
1071 3015 1104 3071 a
1133 2997 1234 3052 tali
1269 2998 1906 3071 magistrogacceperat,
1939 3003 1996 3071 et
2025 3015 2200 3068 quem
2232 2999 2670 3071 communicare
2701 3015 2833 3052 cum
2866 2998 2992 3071 suis
3025 2999 3405 3071 popularibus
3435 3014 3616 3069 quam

188 3069 478 3143 plurimis
508 3070 812 3143 aestuabat,
847 3070 1157 3124 confestim
1192 3069 1515 3143 pracipuos
1546 3069 1834 3143 Ecclesiae,
1864 3070 2082 3143 quibus
2113 3069 2377 3143 maxime
2396 3070 2607 3143 conlidi
2647 3086 2814 3139 posse
2837 3069 3142 3143 didicerat,
3164 3071 3344 3139 adire,
3367 3071 3618 3143 benigne

195 3141 396 3224 affari,
433 3141 747 3224 participes
793 3158 1032 3196 suorum
1081 3141 1460 3224 consiliorum
1513 3142 1764 3224 efficere,
1799 3143 1868 3222 de
1899 3141 2079 3222 Paulo
2111 3146 2168 3224 et
2197 3142 2324 3224 ejus
2359 3141 2678 3224 factis_visa
2711 3141 3317 3224 auditaque‘narrare,
3352 3142 3619 3224 vicissim

199 3214 351 3268 item
385 3212 669 3268 sciscitari
716 3213 788 3267 de
835 3229 1076 3268 numero
1125 3212 1594 3268 Christianorum
1629 3212 2104 3277 Atheniensium,
2138 3213 2208 3266 de
2253 3214 2493 3280 fervore,
2527 3213 2597 3266 de
2629 3213 2982 3276 constantia,
3016 3214 3087 3268 de
3117 3212 3493 3280 adversariis,
3542 3213 3616 3269 de

191 3301 409 3341 eorum
459 3285 792 3349 conatibus,
835 3285 1005 3351 dolis,
1053 3283 1623 3355 impugnationibus,
1680 3283 1930 3356 aliisque
1971 3285 2040 3339 ad
2092 3300 2214 3338 rem
2267 3286 2583 3356 prudenter
2613 3284 2765 3338 inter
2796 3285 2995 3338 hostes
3025 3285 3337 3356 gerendam
3370 3283 3610 3355 cognitu

189 3355 596 3412 necessariis:
644 3356 897 3426 denique
949 3356 1248 3410 adhortari
1294 3371 1414 3418 eos,
1470 3359 1533 3408 ut
1563 3354 1780 3426 singuli
1832 3354 1934 3426 pro
1967 3355 2212 3421 viribus,
2255 3354 2404 3409 alius
2436 3363 2719 3426 cognatos
2745 3365 2802 3410 et
2832 3356 3058 3417 affines,
3093 3357 3246 3411 alius
3290 3354 3515 3410 vicinos
3558 3360 3618 3410 et

191 3428 449 3496 amicos,
506 3427 658 3482 alius
689 3425 947 3498 hospites
996 3434 1051 3481 et
1077 3427 1330 3481 advenas
1379 3426 1448 3498 ad
1487 3425 1753 3480 notitiam
1806 3425 1986 3495 Ignoti
2009 3428 2106 3480 Dei
2124 3433 2201 3498 et
2223 3425 2540 3498 salvatoris
2573 3427 2758 3480 nostri
2789 3427 2926 3482 Jesu
2957 3427 3172 3483 Christi
3232 3427 3617 3482 adducerent.

193 3501 261 3554 Et
285 3499 486 3552 videre
509 3504 634 3554 erat
667 3497 1170 3569 unumquemque,
1205 3497 1547 3552 ardentibus
1579 3497 1831 3568 pastoris
1861 3498 1949 3552 sui
1979 3497 2168 3552 verbis
2191 3497 2648 3561 inﬂammatum,
2682 3514 2784 3568 pro
2818 3515 2879 3570 se
2911 3514 3144 3570 omnem
3179 3515 3414 3570 operam
3444 3510 3622 3570 atque

195 3570 563 3626 industriam
596 3568 906 3641 spondere,
933 3576 990 3624 et
1020 3586 1152 3641 spes
1191 3585 1300 3623 non
1335 3585 1509 3641 vanas
1535 3574 1642 3641 aut
1672 3570 1882 3641 horum
1914 3576 2016 3624 aut
2038 3569 2270 3623 illorum
2291 3569 2376 3641 ad
2412 3570 2583 3623 ﬁdem
2620 3568 3143 3637 pertrahendorum
3178 3568 3509 3626 ostendere.
3536 3569 3622 3624 Ita

193 3643 355 3713 ignis
384 3642 601 3710 ubique
631 3639 936 3713 Charitatis
967 3639 1097 3695 cum
1132 3640 1354 3713 ingenti
1386 3640 1650 3713 omnium
1684 3640 1898 3713 gaudio
1927 3646 1986 3694 et
2014 3639 2344 3713 incredibili
2377 3645 2683 3713 eximatuo
2715 3647 3032 3713 conspectu
3066 3642 3399 3696 animorum
3429 3641 3624 3713 exsul-

193 3711 447 3781 tatione,
479 3719 535 3767 et
563 3714 655 3767 sui
689 3729 788 3781 pro
824 3712 997 3766 unica
1019 3713 1115 3767 Dei
1158 3712 1342 3782 gloria
1371 3712 1674 3766 devotione
1707 3711 2086 3782 promicabat.
2124 3711 2368 3765 Dixisset
2399 3711 2633 3780 aliquis,
2667 3728 2910 3765 aureum
2937 3712 3080 3766 illud
3118 3713 3322 3782 prima:
3352 3712 3620 3767 Ecclesia!

196 3784 511 3849 saculum,
546 3801 662 3854 quo
691 3784 1068 3854 Jerosolymis
1098 3783 1486 3855 multitudinis
1510 3783 1855 3837 credentium
1878 3788 2002 3837 erat
2028 3799 2120 3836 cor
2150 3799 2322 3855 unum
2354 3787 2403 3837 et
2435 3784 2628 3836 anima
2657 3800 2772 3837 una
2804 3783 2895 3853 (Γ),
2932 3783 3176 3838 Athenis
3209 3783 3487 3855 Dionysio
3515 3799 3618 3838 au-

196 3863 366 3911 ctore
400 3861 576 3925 atque
601 3856 747 3910 duce
778 3872 907 3910 esse
939 3861 1302 3926 renovatum.
1337 3854 1430 3908 Sic
1463 3855 1616 3908 brevi
1651 3855 1840 3910 bonus
1871 3855 2120 3909 accessit
2140 3854 2210 3908 ad
2245 3859 2552 3908 veteranos
2595 3855 2853 3909 tironum
2903 3872 3205 3922 numerus,
3259 3854 3474 3926 partim
3527 3871 3620 3926 sa-

197 3927 440 4000 pientiae
473 3932 529 3982 et
559 3927 791 4000 spiritui
825 3926 1174 4000 doctiorum,
1208 3925 1300 4000 cui
1334 3926 1604 4000 resistere
1641 3943 1754 3980 non
1804 3930 2093 4000 poterant,
2129 3942 2338 4000 manus
2369 3926 2598 4000 dantes.
2633 3925 3286 4000 partim‘imbecillioris
3319 3943 3502 4000 sexus
3525 3925 3620 3981 in-

199 3996 426 4054 usitata
458 3998 767 4066 modestia,
799 3998 1105 4069 gravitate,
1135 3997 1484 4052 castimonia
1513 3996 1572 4051 in
1607 4003 1904 4067 stuporem
1938 3998 2112 4069 rapti,
2148 3997 2359 4067 partim
2394 3997 2646 4067 denique
2677 3997 2962 4065 singulari
2994 3999 3258 4053 omnium
3285 4001 3341 4052 in
3366 3997 3540 4052 dictis
3564 4000 3624 4069 et

198 4070 742 4152 iactisprudcntia,
775 4068 1236 4152 tequitatehﬁde,
1272 4069 1622 4152 constantia,
1645 4069 1997 4152 posterisque
2029 4068 2344 4152 virtutibus
2377 4069 2637 4152 suaviter
2662 4070 2872 4152 [simul
2903 4075 3281 4152 potenter-que
3325 4068 3615 4152 perducti.

197 4140 574 4198 Facillimum
609 4141 765 4195 enim
799 4139 922 4196 erat
953 4139 1039 4195 vel
1073 4140 1199 4210 ipso
1231 4145 1469 4212 aspectu
1501 4139 1610 4212 (sic
1641 4139 1700 4193 in
1730 4139 1927 4212 alteris
1961 4139 2633 4212 modestiaiperlucebat)
2659 4139 3025 4212 Christianos
3043 4139 3410 4212 gentilesque
3434 4141 3616 4197 inter-

193 4229 466 4268 noscere.
501 4212 656 4266 Nihil
689 4213 845 4267 enim
879 4213 937 4267 in
972 4212 1102 4267 istis
1137 4213 1276 4280 leve,
1307 4210 1454 4265 nihil
1491 4210 1683 4278 fallax,
1708 4211 1854 4265 nihil
1876 4211 2159 4275 fucatum,
2188 4211 2333 4264 nihil
2358 4227 2656 4279 arrogans,
2683 4211 2825 4265 nihil
2853 4210 3155 4268 turbidum
3187 4210 3334 4267 nihil
3360 4213 3616 4282 denique

197 4303 318 4341 non
345 4300 418 4338 ex
446 4284 671 4353 optima
701 4288 757 4338 et
787 4283 1189 4338 sincerissima
1221 4283 1893 4355 profectumrdisciplina
1922 4283 2288 4355 cernebatur.
2327 4287 2407 4336 tta
2437 4289 2500 4336 ut
2534 4282 2618 4336 vel
2650 4283 2906 4338 inimicis
2937 4283 3104 4355 ipsis,
3138 4289 3300 4339 tanta
3328 4285 3617 4338 virtutum

195 4357 250 4411 vi
285 4355 596 4418 convictis,
633 4370 915 4426 perquam
949 4371 1125 4410 suave
1147 4355 1441 4408 interdum
1476 4354 1789 4419 videretur,
1827 4369 1928 4424 per
1951 4353 2463 4426 odoremistorum
2497 4360 2932 4426 unguentorum
2962 4353 3033 4410 ad
3057 4361 3242 4410 totam
3275 4355 3620 4426 Christianis

199 4427 512 4498 religionis
546 4424 950 4497 fragrantiam,
985 4426 1367 4498 cum_amoris
1399 4425 1618 4498 impetu
1653 4426 1980 4498 decurrere.
2014 4429 2082 4498 Et
2110 4425 2247 4494 quia
2278 4424 2422 4479 nihil
2456 4424 2720 4498 fere'est,
2753 4428 2907 4496 quod
2941 4427 3022 4481 ita
3051 4427 3360 4498 hominum
3389 4424 3618 4498 demul-

198 4496 345 4554 cere
363 4496 775 4569 devincireque
801 4499 1028 4552 animos
1061 4496 1266 4564 soleat,
1299 4513 1475 4568 quam
1510 4496 1567 4551 in
1599 4513 1834 4569 summa
1863 4497 2148 4569 dignitate
2179 4501 2236 4551 et
2265 4497 2608 4552 auctoritate
2642 4514 2745 4569 par
2775 4497 2956 4551 animi
2989 4497 3270 4552 demissio
3299 4501 3473 4564 atque
3506 4496 3619 4569 hu-_

201 4571 491 4635 manitas,
525 4566 865 4624 incredibile
905 4569 1064 4624 dictu
1099 4573 1206 4635 est,
1241 4566 1528 4639 quantum
1561 4568 1715 4638 apud
1749 4569 1904 4623 cives
1934 4585 2074 4622 suos
2108 4568 2269 4623 hisce
2294 4569 2607 4622 virtutibus
2630 4568 3252 4639 effeceritDionysius;
3289 4584 3498 4639 nempe
3519 4566 3621 4638 qui

200 4657 343 4698 cum
377 4645 532 4695 esset
564 4640 670 4710 (uti
703 4640 866 4712 prius
897 4642 1086 4695 fuerat
1118 4641 1396 4711 Areopagi
1428 4645 1606 4710 caput
1657 4640 1740 4712 sic
1771 4640 1939 4712 modo
1975 4639 2156 4694 totius
2189 4639 2563 4712 Atheniensis
2594 4639 2863 4694 Ecclesiae
2906 4641 3195 4711 princeps,
3246 4645 3443 4712 tamen
3485 4643 3622 4694 tan-

204 4719 336 4769 tum
371 4712 526 4766 infra
553 4728 614 4766 se
647 4710 957 4775 modestia,
991 4710 1467 4778 mansuetudine,
1501 4710 1868 4776 affabilitate,
1899 4711 2298 4777 descenderet,
2323 4711 2468 4764 nulli
2491 4717 2554 4764 ut
2587 4727 2648 4765 se
2670 4712 2964 4780 praeferre,
2985 4710 3229 4766 cunctos
3260 4711 3624 4780 sibiaaquare

202 4785 383 4838 vellet
414 4800 426 4837 :
462 4783 722 4854 adeoque
754 4785 811 4838 id
845 4788 1058 4850 ageret,
1097 4790 1159 4838 ut
1194 4782 1416 4837 nullius
1449 4783 1659 4851 privati
1691 4784 1901 4836 domus
1935 4787 2055 4836 tam
2090 4781 2188 4836 uni
2224 4787 2445 4851 pateret
2476 4783 2860 4854 amicissimo,
2893 4800 3070 4851 quam
3098 4800 3216 4837 sua;
3242 4785 3391 4836 aedes
3409 4786 3624 4853 aperta

202 4859 409 4911 essent
441 4853 737 4910 omnibus.
776 4857 858 4909 lla
891 4855 1088 4909 faciles
1123 4855 1194 4909 ad
1229 4871 1357 4909 eum
1395 4854 1591 4908 aditus
1623 4855 2104 4925 omniumierant,
2138 4870 2252 4907 non
2280 4853 2680 4908 honestiorum
2713 4854 3025 4925 modo,sed
3053 4870 3374 4925 pauperum
3395 4868 3626 4923 quoque

203 4933 260 4982 et
294 4926 663 4998 pupillorum
702 4932 757 4982 et
789 4927 1124 4998 viduarum,
1154 4925 1272 4980 imo
1305 4925 1513 4998 horum
1548 4925 1781 4998 potius;
1817 4923 2034 4994 quibus
2065 4925 2240 4998 etiam
2276 4925 2666 4998 magistri_sui
2697 4924 2861 4980 Pauli
2892 4923 3185 4998 exemplo,
3223 4941 3337 4980 non
3387 4929 3623 4979 tantum

205 4995 423 5054 animus
455 4997 808 5052 documenta
839 4997 1189 5062 necessaria,
1224 4997 1324 5052 sed
1361 4997 1586 5067 corpori
1617 5012 1850 5068 quoque
1879 4997 2268 5050 sustentando
2298 4997 2428 5049 teris
2460 4995 2797 5068 collectanei
2831 4997 3010 5064 stipes
3031 5003 3393 5068 opportunas
3417 5011 3627 5067 procu-

204 5071 399 5150 rabat.
433 5068 533 5150 liis
564 5069 745 5150 igitur
775 5069 1033 5150 aliisque.
1051 5071 1180 5150 ejus
1211 5068 1439 5150 officiis,
1473 5084 1606 5150 cum
1639 5067 1906 5150 Ecclesia
1937 5084 2148 5150 corpus
2182 5068 2333 5150 satis
2363 5067 2597 5138 copiosa
2630 5069 2956 5150 frequentia
2994 5067 3490 5150 coagmentatum,
3525 5082 3626 5137 pro

204 5141 458 5196 faciliori
489 5138 774 5211 regimine
803 5157 868 5194 ac
900 5138 1158 5210 profectu
1193 5141 1419 5210 exigere
1448 5139 1762 5204 videretur,
1796 5145 1861 5194 ut
1891 5140 2111 5209 gradus
2141 5138 2467 5208 ofﬁciaque,
2501 5140 2996 5211 quemadmodum
3019 5140 3077 5194 in
3111 5141 3258 5194 bene
3280 5143 3508 5194 morata
3535 5154 3628 5211 re-

203 5211 444 5282 publica
473 5209 642 5275 solet,
677 5209 1206 5278 constituerentur;
1243 5209 1364 5266 rem
1397 5211 1547 5265 hanc
1579 5211 1915 5282 Dionysius,
1937 5215 2002 5264 ut
2026 5211 2321 5274 quondam
2345 5210 2596 5277 apostoli
2622 5211 2679 5264 in
2709 5210 2990 5266 electione
3018 5213 3421 5278 diaconorum,
3445 5209 3628 5265 totius

207 5284 686 5355 congregationis
717 5285 984 5354 precibus
1016 5284 1190 5338 etiam
1224 5287 1397 5352 atque
1430 5283 1605 5337 etiam
1639 5283 2100 5337 commendavit:
2137 5285 2259 5351 ipse
2291 5298 2422 5335 vero
2455 5299 2568 5350 pra
2600 5282 2877 5336 omnibus
2918 5283 2987 5336 ad
3022 5283 3129 5337 hoc
3159 5298 3327 5353 opus,
3383 5289 3501 5355 tam
3535 5297 3627 5355 sa-

204 5353 428 5411 criﬁcia
459 5361 516 5409 et
548 5361 680 5410 vota
711 5353 887 5426 quam
919 5361 1237 5409 nocturnas
1269 5355 1629 5426 diurnasque
1663 5370 1862 5418 preces
1895 5357 2017 5426 tota
2049 5356 2266 5407 mentis
2298 5357 2665 5426 contentione
2698 5354 2967 5426 adhibuit
2997 5369 3010 5406 :
3044 5355 3227 5410 donec
3259 5354 3493 5408 tandem
3528 5353 3626 5408 do-

207 5435 377 5483 cente
415 5428 574 5482 intus
603 5423 848 5498 Spiritu,
881 5427 1017 5495 quid
1049 5443 1115 5480 ex
1147 5443 1254 5480 usu
1289 5423 1584 5498 commissi
1617 5426 1727 5498 sibi
1763 5423 1978 5498 gregis,
2011 5432 2068 5479 et
2097 5426 2166 5498 ad
2202 5424 2476 5498 majorem
2518 5425 2610 5479 Dei
2653 5425 2898 5494 gloriam
2933 5432 3108 5498 esset,
3160 5426 3381 5493 liquido
3414 5440 3628 5498 cogno-

206 5499 309 5568 vit,
343 5505 403 5554 et
435 5499 587 5554 bono
615 5495 848 5569 publico
882 5500 1034 5554 foras
1068 5498 1356 5567 produxit.
1392 5499 1531 5551 Cum
1555 5496 1747 5569 igitur
1773 5495 2242 5569 omnispopulus
2265 5495 2638 5569 Christianus
2659 5497 2808 5551 duas
2830 5498 2884 5550 in
2911 5495 3266 5569 classes(617)
3297 5513 3364 5551 ex
3386 5495 3629 5569 antiquo

208 5575 367 5629 esset
399 5567 648 5637 divisus,
682 5585 889 5643 nempe
920 5569 1252 5641 aliquorum
1283 5569 1466 5625 sacris
1489 5568 1831 5624 ministeriis
1853 5567 2238 5634 addictorum,
2271 5571 2328 5622 et
2355 5567 2602 5623 aliorum
2626 5569 2820 5624 omnis
2849 5568 3000 5624 sacri
3023 5568 3287 5625 muneris
3308 5567 3629 5625 exsortium

281 5714 355 5790 (Ῑ)
381 5717 521 5775 Act.
547 5730 625 5786 Iv,
657 5715 746 5771 32.
