3930 6202
293 245 401 301 763
1543 245 1599 298 Β.
1642 242 1920 297 DIONYS]

2104 242 2479 300 ΕΟΡΔΘῙΤΕ
3614 245 3723 301 764

295 367 480 423 multa
513 381 792 436 quaerere,
827 364 1008 439 multa
1040 364 1378 439 discereet
1408 381 1586 436 super
1616 364 1814 436 populi
1849 365 1937 419 sui
1973 364 2276 434 regimine,
2308 371 2364 420 et
2397 366 2467 420 de
2509 366 2906 438 suscipiendis
2935 367 2993 422 in
3027 367 3194 435 alias,
3218 384 3366 439 quas
3416 368 3532 439 ipsi
3562 363 3720 425 desi-

295 443 620 512 gnassent._
643 442 827 512 terras
877 438 1738 512 perigrinationibusextrema
1762 439 2040 512 mandata
2074 445 2134 512 et
2163 442 2339 512 verba
2367 454 2590 512 capere.
2624 441 2731 512 Sed
2757 455 2892 510 spes
2914 456 3141 506 omnes,
3176 438 3350 494 tantae
3386 438 3719 497 intercursu

301 508 682 582 calamitatis,
719 510 892 563 irritae
927 509 1344 582 cecididerunt.
1382 508 1468 562 llli
1504 509 1572 582 ad
1607 509 2084 582 praemiaevocati
2115 514 2304 578 erant,
2321 510 2452 582 ipse
2476 508 2862 578 Dionysius'et
2884 512 3033 566 sacri
3058 515 3185 582 ejus
3206 512 3445 580 college:
3469 528 3582 567 non
3609 512 3724 569 nisi

295 585 367 638 ad
402 598 608 653 graves
642 580 861 656 luctus,
893 587 950 656 et
980 580 1354 656 immaniores
1385 596 1519 634 cum
1543 579 1989 656 immanissimis
2017 580 2285 656 hostibus
2320 580 2519 656 luctas
2541 583 2723 656 relicti
2757 582 2975 656 talibus
3009 579 3261 656 amissis
3279 579 3414 638 belli
3448 585 3721 656 ducibus,

295 661 354 709 et
387 651 504 708 tam
543 655 664 707 fera
691 653 746 705 in
785 652 955 706 terris
988 651 1330 706 dominante
1371 659 1426 705 et
1456 659 1725 706 sanetum
1751 651 1849 706 Dei
1875 652 2152 722 populum
2181 661 2479 722 premente
2513 654 2716 717 bestia,
2761 653 2820 707 in
2845 656 2958 709 alio
3000 656 3118 709 fere
3143 654 3327 722 nullo,
3360 655 3476 710 nisi
3519 655 3577 709 in
3612 651 3721 710 Do;

299 729 458 780 mino
490 725 873 790 exercituum,
897 739 1031 794 spes
1054 740 1193 778 suas
1225 738 1430 796 omnes
1462 723 1767 778 collocare.
1788 724 1935 796 Quid
1969 725 2125 778 enim
2166 723 2407 778 melius?
2430 726 2567 795 quid
2597 725 2810 780 tutius?
2837 727 2975 796 quid
3012 725 3258 780 fortius?
3289 729 3345 782 ls
3376 732 3466 782 est
3499 727 3724 783 scilicet

296 798 398 870 Qui
428 796 731 868 potissime
764 801 819 848 et
845 811 1127 870 supreme
1162 795 1688 870 nianu__Ecclesiam
1726 795 1894 870 regit,
1931 796 2212 870 custodit,
2240 802 2523 870 protegit;
2551 796 2600 850 is
2633 802 2722 851 est
2749 795 3216 870 quifpastoribus
3245 798 3373 852 suis
3391 800 3486 852 diu
3513 806 3724 854 noctu-

301 865 658 942 que—praesto
684 872 777 942 est
803 883 814 942 ς
842 866 890 920 is
922 865 1007 942 est
1032 868 1128 937 qui
1159 865 1404 942 consitis
1438 882 1630 942 rerum
1665 867 2024 942 agendarum
2052 869 2176 942 jam
2200 865 2606 942 vigilantibus
2639 865 2915 942 suggerit.
2957 871 3082 942 jam
3134 870 3565 924 dormientibus
3618 887 3726 942 per

297 937 531 996 somnia
558 944 617 994 et
645 939 768 1012 visa
798 939 973 1012 (quod
1009 937 1230 1012 sanctis
1252 937 1404 991 haud
1437 937 1799 1012 infrequens)
1831 954 1965 993 cum
1986 938 2213 1012 tuturis
2245 937 2548 993 eventibus
2569 937 2844 995 ostendit.
2890 937 2975 1012 Et,
2995 941 3266 1012 Dionysio
3310 941 3550 1010 quidem
3603 937 3726 996 alia

303 1013 360 1066 in
398 1010 798 1083 persecutione
829 1009 966 1079 quid
999 1009 1512 1083 demonstraverit,
1543 1015 1675 1083 post
1703 1010 1931 1083 dicetur
1961 1009 2270 1083 (habemus
2300 1012 2452 1083 enim
2488 1018 2709 1083 certum
2751 1017 2809 1064 et
2858 1011 3080 1066 clarum
3131 1009 3260 1082 ejus
3311 1009 3390 1066 rei
3449 1015 3724 1068 testimo-

297 1081 458 1138 nium
491 1081 633 1156 [90]:
659 1097 813 1135 nunc
846 1081 1529 1156 autemintemporibus
1559 1081 1800 1156 perinde
1829 1081 2212 1145 calamitosis,
2245 1082 2386 1152 quin
2422 1081 2861 1156 multaquoque
2900 1081 3242 1156 ostenderit,
3277 1085 3548 1156 quamvis
3591 1085 3728 1139 haec

293 1156 466 1210 modo
491 1151 821 1226 litterarum
860 1151 1101 1226 penuria
1131 1151 1573 1226 desiderentur,
1600 1152 1752 1226 nihil
1767 1170 2038 1226 prorsus
2054 1169 2242 1226 causa
2265 1159 2478 1226 estgcur
2504 1151 2896 1225 ambigamus,
2921 1153 3040 1209 imo
3060 1155 3280 1226 scripta
3295 1151 3434 1226 ejus
3452 1155 3728 1210 humano

293 1233 464 1296 captu
499 1225 703 1279 altiora
735 1227 820 1292 (ut
841 1223 974 1278 aliis
997 1224 1390 1278 destituamur
1410 1223 1709 1350 omnibust;
1745 1223 1962 1295 liquido
1993 1223 2317 1279 clamitant.
2351 1224 2563 1279 Verum
2607 1223 2799 1280 de'his
2831 1242 2976 1280 suus
3008 1227 3162 1281 brevi
3183 1223 3308 1281 'erit
3335 1223 3517 1281 locus
3546 1247 3559 1292 ;
3605 1243 3730 1282 ca:-

297 1303 419 1350 tera
452 1297 628 1350 huius
663 1294 1152 1350 peregrinationis
1186 1311 1630 1350 persequamur.
1716 1311 1781 1350 oc
1813 1294 2023 1350 saltem
2056 1297 2210 1350 inter
2241 1297 2532 1350 anxileros
2563 1313 2703 1350 suos
2736 1296 2964 1350 dolores
2993 1305 3348 1350 consecutus
3386 1303 3471 1350 est
3503 1298 3730 1350 Dionv-

297 1294 419 1352 tera
452 1297 628 1366 hujus
663 1294 1152 1370 peregrinationis
1186 1311 1630 1370 persequamur.
1665 1294 1781 1350 Hoc
1809 1294 2023 1370 saltem
2056 1297 2210 1350 inter
2241 1297 2532 1370 anxileros
2563 1313 2703 1351 suos
2736 1296 2964 1370 dolores
2993 1305 3348 1352 consecutus
3386 1303 3471 1352 est
3503 1298 3732 1370 Diony-

292 1370 420 1424 sius
454 1385 566 1441 non
602 1367 919 1441 mediocris
953 1366 1178 1441 solatii,
1203 1368 1357 1437 quod
1393 1367 1643 1421 sublatis
1675 1383 1706 1420 e
1729 1367 1929 1441 medio
1964 1369 2438 1441 praeceptoribus,
2464 1369 2622 1441 vivas
2645 1383 2846 1441 eorum
2869 1369 3158 1441 imagines
3188 1370 3246 1423 in
3282 1371 3592 1440 utriusque
3631 1366 3733 1424 d3-

293 1438 536 1510 scipulis
570 1438 958 1512 conspexerit,
983 1454 1116 1492 cum
1141 1437 1549 1512 iis_sermones
1579 1437 2305 1512 consilinque_contulerit,
2341 1441 2412 1494 ab
2444 1440 2513 1512 iis
2545 1439 2749 1512 multa,
2787 1455 2916 1510 qua:
2951 1437 3326 1512 a'magistris
3356 1437 3561 1496 audire
3596 1459 3731 1496 non

292 1508 502 1584 potuit,
536 1527 604 1565 ex
634 1508 760 1584 visu
796 1510 1123 1584 eudituque
1156 1508 1337 1584 relata
1370 1509 1721 1584 cognoverit.
1755 1509 1900 1584 Nam
1937 1510 2132 1584 Romae
2155 1511 2392 1584 quidem
2415 1510 2607 1565 Titum
2639 1515 2696 1565 et
2726 1508 2938 1565 Lucam
2975 1508 3214 1577 inven'it,
3239 1513 3512 1582 antiquos
3547 1513 3734 1568 Pauli

291 1579 538 1654 comites
568 1583 780 1654 (quiet
809 1581 1004 1652 ipsum
1030 1579 1363 1654 sepultura
1389 1582 1745 1652 mandarunt
1768 1579 1901 1654 [91],
1933 1586 1992 1636 et
2021 1579 2392 1636 Timotheum
2427 1598 2680 1654 quoque.
2714 1588 2778 1636 ut
2807 1599 2936 1636 vero
2967 1589 3058 1638 est
3086 1584 3299 1652 simile,
3345 1579 3514 1654 quem
3548 1585 3729 1639 idem

291 1653 625 1727 apostol_us,_
646 1652 891 1727 celerem
914 1653 1252 1708 certaminis
1275 1652 1366 1707 sui
1398 1654 1574 1727 tinem
1611 1652 1995 1724 prospiciens,
2016 1670 2082 1708 ac
2105 1671 2168 1709 se
2189 1658 2432 1727 Romam
2450 1652 3075 1727 accelerarejusserat;
3109 1655 3206 1709 sed
3242 1660 3299 1727 et
3325 1652 3729 1722 Clementem,

328 1723 457 1782 item
484 1724 1136 1798 pleriquekLatinorum,
1162 1728 1224 1778 ut
1257 1729 1462 1798 auctor
1483 1723 1892 1798 Hieronymus,
1920 1729 2088 1798 Petro
2122 1725 2458 1798 proximum,
2491 1725 2824 1798 pontiﬁcem
2855 1728 3225 1798 constituunt
3250 1726 3361 1797 (92)
3390 1727 3536 1781 Nam
3569 1744 3734 1783 sane

328 1744 457 1782 uem
484 1744 747 1798 plerique
773 1744 1136 1793 Latinorum,
1162 1744 1224 1778 υῐ
1257 1744 1462 1779 αυεῐοιι
1483 1744 1892 1795 Hieronymus,
1920 1744 2088 1779 retro
2122 1744 2451 1796 proxxmum
2491 1744 2824 1796 ponuucem
2855 1744 3225 1780 οοῐιειιιυυηῑ
3250 1744 3361 1797 (νζ)
3390 1744 3536 1781 nam
3569 1744 3734 1783 38.118

287 1744 558 1854 (Clemens
593 1802 724 1867 post
749 1795 981 1868 Petrum
1017 1796 1224 1868 saltem
1260 1794 1604 1868 aliquandiu
1636 1798 1833 1868 sedem
1866 1796 2095 1868 primus
2128 1797 2337 1862 tenuit,
2365 1797 2464 1868 sed
2501 1797 2659 1868 brevi
2693 1801 2868 1868 post:
2887 1796 3010 1851 sive
3043 1798 3294 1868 cupidus
3353 1799 3463 1852 alio
3523 1798 3734 1853 demi-

290 1870 498 1942 grandi
526 1866 655 1942 sive
685 1867 948 1942 qualibet
979 1867 1096 1942 alia
1119 1869 1195 1942 de
1227 1883 1427 1942 causa,
1461 1867 1669 1942 lubens
1697 1866 1896 1942 volens
1932 1867 2072 1942 Lino
2103 1869 2300 1942 cessit.
2329 1938 2339 1942 _
2364 1867 2506 1923 Hinc
2552 1866 2749 1942 ⁸Ιέὶῑιιὶε
2780 1885 2813 1922 a
2844 1867 3012 1923 Petro
3065 1866 3330 1942 apostolo
3381 1869 3586 1942 (tacita
3651 1873 3734 1926 ob

288 1938 572 2012 temporis
601 1941 946 2012 brevitatem
975 1938 1486 2012 administratione
1513 1938 1848 2008 Clementis)
1879 1940 2106 2012 primus
2130 1940 2186 1994 in
2229 1938 2379 2012 serie
2405 1938 2748 2012 pontiﬁcum
2783 1938 3152 2012 numeratur.
3209 1940 3572 1995 Permultum
3622 1947 3731 1996 ta-

291 2009 429 2068 men
459 2013 612 2066 idem
643 2010 993 2066 Clemensin
1024 2009 1124 2064 illo
1154 2010 1244 2064 sui
1274 2011 1646 2080 episcopatus
1675 2011 1942 2079 quamvis
1965 2010 2173 2081 exiguo
2201 2009 2420 2081 spatio,
2453 2009 2720 2067 Ecclesim
2753 2011 2990 2082 profuit.
3042 2011 3187 2066 Nam
3219 2015 3274 2065 et
3298 2027 3390 2067 res
3436 2012 3734 2068 Ecclesia

291 2085 569 2145 urbanas,
600 2082 1191 2155 parentummorbitate
1223 2098 1335 2155 non
1375 2099 1581 2155 parum
1605 2083 1898 2155 tnrbatas.
1933 2085 2285 2155 composuit.
2320 2089 2378 2136 et
2406 2099 2606 2136 eorum
2635 2081 2942 2155 quimulti
2991 2089 3226 2155 propter
3253 2084 3537 2139 videndos
3567 2101 3734 2155 apo-

292 2156 474 2211 stolos
503 2155 748 2209 Romam
781 2153 1206 2215 conﬂuxerant,
1240 2152 1408 2220 alios,
1440 2152 1575 2217 alio,
1624 2153 1968 2224 Dionysium
2029 2153 2088 2209 in
2137 2155 2388 2210 Galliam
2433 2153 2792 2208 amandavit.
2850 2155 3002 2217 Quin
3061 2152 3119 2209 et
3179 2153 3447 2224 ipsemet,
3509 2152 3736 2212 relicta

291 2228 430 2283 Lino
463 2231 668 2288 Roma,
701 2229 758 2279 et
787 2225 1000 2279 tradito
1033 2223 1209 2279 simul
1262 2223 1528 2279 Ecclesia:
1580 2223 1944 2296 pontificatu.
1980 2224 2036 2278 in
2087 2226 2232 2280 alias
2263 2226 2423 2280 orbis
2457 2225 2680 2296 plagas,
2713 2241 2824 2295 quo
2858 2225 2986 2279 fidei
3035 2223 3350 2281 necessitas
3401 2226 3736 2296 invitabat,

291 2301 509 2354 factam
539 2301 861 2352 sementem
896 2295 1019 2370 ivit.
1045 2295 1976 2370 Verumenim‘vero,’quinisthaec
2002 2297 2272 2370 Dionysii
2288 2296 2347 2370 in
2379 2295 2634 2350 Galliam
2668 2297 3007 2370 amandatio
3041 2314 3155 2351 non
3189 2299 3332 2370 adeo
3359 2299 3562 2370 tenuis
3592 2295 3734 2370 gloQ

285 2371 628 2495 riettnequde
660 2371 886 2495 trucrus
910 2369 1041 2437 fuit,
1073 2373 1136 2422 ut
1167 2373 1285 2423 tam
1318 2366 1521 2424 leviter
1551 2366 2005 2440 perstringenda
2035 2370 2112 2423 sit
2136 2366 2208 2424 de
2240 2368 2357 2424 illis
2383 2369 2584 2438 justus
2613 2373 2671 2424 et
2703 2368 2914 2439 plenus
2948 2384 3141 2424 sermo
3161 2369 3332 2425 nobis
3352 2369 3411 2424 iu
3435 2366 3731 2442 praesénti

285 2457 378 2495 ins
409 2459 424 2495 ι
459 2457 572 2495 uen
622 2456 689 2495 us
722 2456 784 2495 es
821 2481 834 2494 .

281 2442 689 2498 instituendus
722 2443 834 2496 est.

1752 2669 2234 2726 NOTATIONES.

358 2796 471 2868 (80)
504 2799 665 2851 Nune
694 2803 888 2868 autem
910 2797 1012 2851 sub
1035 2810 1248 2849 annum
1275 2796 1504 2868 Domini
1533 2796 1940 2868 sexagesimum
1973 2799 2020 2863 Α
2055 2800 2230 2861 esset,
2261 2799 2514 2868 majores
2546 2801 2686 2851 natu
2721 2795 3013 2864 Ecclesia,
3045 2797 3144 2868 qui
3178 2796 3401 2868 Epheso
3448 2799 3524 2852 ad
3575 2815 3722 2855 eum

284 2866 612 2934 secundum,
645 2872 754 2924 etc.
790 2866 892 2921 Hic
925 2883 1118 2922 annus
1149 2867 1304 2937 apud
1340 2866 1650 2921 Eusebium
1677 2869 1734 2922 in
1759 2866 1937 2922 Chro—

286 2941 437 3004 nico,
472 2945 525 2994 et
581 2941 734 3010 apud
786 2939 933 2993 alios
965 2939 1263 3010 concurrit
1294 2955 1424 2992 cum
1457 2937 1708 3010 Neronis
1753 2943 1940 3010 sexto,

282 3012 451 3080 cujus
485 3016 602 3066 toto
627 3012 742 3066 fere
767 3017 1024 3079 tempore
1055 3009 1308 3079 imperii,
1333 3015 1389 3063 et
1418 3009 1735 3079 aliquando
1763 3009 1940 3064 etiam

286 3088 421 3138 ante
453 3083 596 3136 illud
633 3084 690 3138 S.
727 3082 930 3153 Petrus
972 3081 1304 3153 Romanum
1353 3081 1589 3153 tenebat
1637 3081 1944 3153 episcopa-

290 3161 446 3220 tum;
482 3155 700 3225 quippe
719 3152 976 3208 secundo
1001 3152 1421 3225 annoClaudii
1454 3152 1594 3207 illuc
1645 3152 1942 3223 profectus

293 3231 486 3282 fuerat
500 3223 718 3280 eodem
752 3231 988 3278 auctore
1021 3223 1291 3278 Eusebio.

361 3297 474 3366 (81)
497 3299 705 3352 Paulus
726 3294 785 3349 in
810 3295 1047 3350 Galliam
1077 3294 1435 3363 demigrarat.
1470 3293 1612 3348 Nam
1648 3293 1943 3366 profectu-

295 3365 398 3422 rus
431 3370 486 3422 in
524 3367 885 3440 Hispaniam,
917 3365 1608 3440 per_Galliam_transivit,
1660 3371 1716 3420 et
1753 3365 1945 3419 Eccle-

293 3440 420 3494 sias
445 3457 547 3509 per
567 3437 944 3494 transennam
995 3437 1245 3492 visitavil
1274 3437 1686 3509 ﬁrmavitque,
1723 3453 1854 3490 nam
1888 3441 1944 3491 et

290 3507 532 3566 Viennae
565 3511 746 3566 fuisse
768 3511 1044 3575 creditur,
1077 3515 1135 3563 et
1156 3507 1422 3572 Arelatze,
1459 3512 1514 3562 et
1546 3508 1817 3562 Narbone
1841 3524 1854 3561 :
1877 3525 1941 3562 ac

285 3583 528 3637 Viennae
547 3583 781 3653 quidem
800 3586 1164 3636 Crescentem
1191 3580 1336 3653 ιςβι
1364 3579 1692 3653 praefecisse
1713 3581 1937 3653 episco-

285 3671 450 3726 pum,
485 3650 725 3710 Arelatae
763 3653 1176 3726 Trophi_mum_,
1213 3651 1483 3726 Narbone
1523 3651 1790 3726 Paulum_
1813 3650 1936 3726 Ser-

327 3727 473 3788 ium,
507 3726 646 3782 olim
683 3720 1110 3796 proconsulem.
1136 3723 1216 3777 De
1234 3720 1938 3796 Crescenteet'l‘iropliimo

327 3743 473 3788 ium,
507 3743 646 3782 onm
683 3743 1110 3796 proconsulem.
1136 3743 1216 3777 ue
1234 3743 1536 3777 Crescente
1551 3743 1609 3778 et
1636 3743 1938 3791 iropnimo

281 3743 430 3852 gide
453 3799 711 3852 Adonem
751 3797 808 3850 in
843 3795 1137 3858 Chronico,
1171 3799 1339 3848 aetate
1386 3799 1582 3860 sexta;
1641 3795 1712 3847 de
1762 3793 1940 3848 Paulo

282 3869 510 3934 Sergio,
545 3869 1000 3940 Martyrologium
1029 3867 1351 3940 Romanum,
1383 3866 1454 3920 ad
1486 3867 1578 3919 22.
1609 3865 1820 3940 Martii.

357 3941 469 4009 (82)
498 3935 762 4009 Totusq'ue
781 3939 954 4009 (quod
981 3942 1094 3992 tam
1119 3937 1219 4009 diu
1235 3938 1626 4009 proposuerat)
1651 3939 1711 3992 in.
1734 3935 1938 4006 Hispa-

282 4007 411 4063 nias
436 4007 740 4080 ferebatur.
770 4007 848 4064 De
880 4009 1176 4080 proposito
1207 4007 1368 4062 illius
1413 4007 1640 4063 itineris
1670 4013 1726 4063 et
1756 4013 1938 4061 retar-

284 4079 519 4151 datione
551 4081 1067 4151 exstatipsiusmet
1095 4079 1257 4134 Pauli
1277 4079 1784 4151 Testimoniumin
1806 4079 1936 4150 Epi-

286 4150 436 4229 etola
474 4153 544 4229 ad
575 4149 907 4229 Roma_nos,_
931 4167 981 4206 c.
1015 4167 1106 4218 xv,
1147 4151 1237 4229 2t,
1281 4150 1376 4229 his
1405 4150 1596 4205 verbis
1641 4167 1652 4204 :
1689 4149 1822 4229 cum
1854 4149 1928 4204 in
1961 4164 2009 4229 Β

282 4223 610 4284 Hispaniam
633 4223 907 4293 proﬁcisci
935 4236 1164 4291 coepero.
1191 4221 1406 4293 inquit,
1432 4237 1585 4291 spero
1607 4221 1748 4293 quod
1783 4236 1926 4291 prte-

284 4295 486 4351 teriens
517 4292 726 4349 videam
755 4309 862 4360 vos,
897 4299 947 4346 et
976 4308 1009 4344 a
1038 4294 1183 4346 vobis
1212 4292 1456 4347 deducor
1485 4293 1640 4359 illuc,
1684 4292 1735 4346 si
1781 4294 1930 4348 vobis

279 4365 527 4438 primum
558 4381 628 4421 ex
653 4373 813 4438 perte
841 4365 1050 4438 [ruitus
1076 4365 1255 4438 fuero.
1282 4363 1372 4418 Uti
1405 4380 1536 4438 ergo
1569 4381 1673 4438 per
1702 4364 1929 4419 Italiam

282 4434 602 4500 transiens.
633 4434 819 4492 voluit
850 4434 1128 4490 Romanis
1171 4450 1244 4506 ea:
1285 4443 1446 4506 parte
1472 4434 1611 4504 frui,
1665 4435 1769 4490 hoc
1817 4443 1929 4503 est,

283 4509 628 4580 aliquandiu
662 4509 815 4577 apud
848 4507 977 4561 illos
1005 4505 1242 4580 versari,
1288 4505 1584 4580 quamvis
1642 4506 1745 4580 ibi
1775 4512 1932 4562 esset

284 4576 494 4659 ljet'rns
525 4576 921 4659 apostelorum
954 4576 1335 4659 coryphaeus;
1367 4577 1553 4659 multo
1593 4577 1783 4659 magis
1833 4595 1935 4648 per

287 4651 535 4732 Galliam
566 4648 926 4732 iter_fe_cie_ns
957 4649 1015 4703 in
1047 4648 1408 4732 Hispaniam,
1453 4648 1640 4732 voluit
1701 4648 1933 4732 tempus

287 4722 523 4794 aliquod
557 4724 709 4794 apud
737 4721 935 4794 Gallos
959 4736 1190 4794 ponere,
1214 4721 1481 4794 ubiusus
1527 4726 1582 4776 et
1614 4721 1933 4794 necessitas

286 4791 410 4849 erat
443 4791 652 4863 major,
683 4791 1529 4865 praesertiminvitantibus(ut
1561 4793 1805 4848 minime
1825 4794 1932 4848 du-

283 4866 448 4922 bium
476 4866 586 4935 est)
611 4863 776 4920 novis
805 4863 1175 4919 Christianis.

352 4937 477 4992 Non
510 4933 593 4991 est
625 4937 778 4991 enim
804 4936 1220 5000 dubitandum,
1240 4933 1379 5004 quin
1407 4934 1465 4988 S.
1489 4934 1708 4990 Paulus
1726 4936 1932 4990 vincu-

279 5007 372 5074 lis,
430 5009 648 5078 quibus
713 5009 906 5062 Romae
965 5024 997 5061 a
1031 5007 1253 5062 Nerone
1302 5005 1654 5078 destinatur,
1696 5008 1933 5062 exsolu-

280 5084 376 5134 tus
408 5077 467 5134 in
494 5079 833 5150 Hispaniam
869 5078 1378 5150 profectussitLSi
1424 5077 1559 5146 quis
1593 5085 1784 5132 tamen
1822 5080 1927 5134 du-

279 5151 444 5208 bitet.
516 5148 696 5206 dubio
754 5148 885 5205 eum
944 5149 1214 5204 liberabit
1277 5148 1623 5204 FranciScus
1667 5150 1933 5205 Bivarius

328 5223 624 5278 uazstionis
657 5223 832 5292 hujus
857 5219 1108 5288 diligens
1140 5227 1196 5274 et
1218 5225 1455 5292 exactus
1481 5227 1817 5289 pertractor.
1836 5223 1931 5276 Vi-

326 5303 458 5350 eatu
471 5314 497 5349 r
512 5297 641 5362 ejus
657 5290 1094 5348 (Jommentarius
1119 5293 1179 5345 in
1202 5290 1357 5344 Lucii
1373 5294 1568 5346 Dextri
1583 5292 1930 5361 Chronicum,

286 5383 506 5422 annum
541 5365 753 5422 Christi
783 5366 851 5419 64
877 5380 1040 5418 num.
1078 5363 1127 5417 4.

352 5439 466 5510 (83)
499 5439 737 5493 Andreas
758 5435 976 5510 quidem
1009 5451 1037 5489 e
1064 5432 1291 5510 Scythia
1335 5450 1435 5488 sua
1483 5434 1770 5510 Europae,
1819 5441 1928 5490 etc.

276 5503 422 5563 Acta
450 5503 638 5596 sencti
676 5503 1202 5596 Andrem‘breviter
1231 5521 1518 5596 ennreesa.
1541 5503 1682 5561 sunt
1726 5508 1782 5561 in
1826 5510 1922 5596 βο·
1960 5530 2002 5596 C

277 5596 443 5634 mana
475 5581 784 5648 Breviario,
829 5580 983 5635 unde
1013 5594 1097 5644 ea,
1120 5593 1245 5649 quae
1278 5575 1372 5632 hic
1404 5577 1683 5646 diximus,
1717 5579 1926 5634 conﬁr-

279 5655 575 5790 ωῗὲίξῗῖθθ
604 5725 946 5791 posteorum
977 5719 1354 5791 discessionem
1386 5719 1642 5791 venirent
1657 5719 1786 5791 lupi
1836 5737 1927 5775 ra-

281 5787 470 5865 paces,
496 5787 613 5848 etei
641 5790 718 5846 De
742 5788 848 5846 hoc
879 5791 1311 5861 prmmonuerat
1325 5787 1557 5858 Paulus,
1592 5787 1775 5848 Mileti
1795 5806 1927 5847 cum

2055 2867 2351 2923 convocati
2384 2873 2680 2923 venerant.
2715 2868 2858 2922 Nam
2906 2868 3058 2922 inter
3103 2867 3260 2924 alia:
3293 2870 3404 2936 Ego
3447 2872 3590 2934 scio,
3621 2872 3721 2925 in-

2055 2940 2201 3010 quit,
2235 2938 2505 3008 quoniam
2566 2940 2858 2994 intrabunt
2911 2943 3032 3009 post
3087 2939 3471 2995 discessionem
3531 2958 3724 2997 meam

2055 3010 2177 3080 lupi
2206 3027 2438 3078 rapaces
2469 3013 2525 3064 in
2574 3027 2686 3074 vos,
2730 3028 2841 3066 non
2892 3015 3181 3080 parcentes
3216 3011 3398 3082 gregi,
3447 3017 3581 3067 Act.
3611 3031 3716 3080 xx,

2050 3081 2141 3143 29,
2178 3086 2286 3154 etc.
2317 3082 2529 3154 Neque
2563 3081 2672 3137 hoc
2713 3081 3055 3154 Dionysium
3089 3081 3329 3146 latebat,
3371 3089 3720 3154 propterea-

2053 3168 2167 3223 que
2196 3153 2422 3278 othviam
2455 3153 2744 3224 ejusmodi
2775 3153 2932 3224 lupis
2958 3169 3063 3225 pro
3087 3155 3218 3209 ﬁdei
3243 3153 3587 3211 defensione
3617 3173 3720 3212 oo-

2053 3241 2222 3278 curre
2270 3243 2303 3277 a
2335 3267 2350 3278 .

2053 3230 2350 3279 currebat.

2124 3296 2236 3366 (85)
2263 3299 2325 3352 In
2354 3295 2681 3371 Parygiltm
2711 3311 2892 3371 usque
2919 3297 3190 3371 pervasit.
3213 3296 3508 3371 Fuisserin
3528 3297 3715 3371 Phry-

2049 3367 2166 3438 gia,
2200 3371 2257 3421 et
2286 3366 2524 3437 quidem
2559 3367 2785 3422 Troade
2818 3366 3163 3434 aliquandiu
3198 3367 3565 3434 substitisse,
3593 3366 3717 3425 tes-

2048 3445 2146 3520 t_es.
2177 3443 2317 3492 sunt
2347 3439 2575 3520 sntjqui
2622 3438 2764 3492 Vita:
2797 3439 2854 3493 S.
2901 3438 3160 3510 Dionysii
3209 3440 3554 3511 scriptores,
3589 3441 3716 3496 Hil-

2049 3509 2292 3570 duinus.
2325 3514 2382 3564 et
2408 3508 2527 3563 alii.

2120 3581 2233 3651 (86)
2264 3583 2329 3635 Et
2357 3581 2631 3650 fabulosae
2656 3581 2810 3634 illius
2853 3580 3077 3651 Cybeles
3131 3596 3228 3634 seu
3270 3584 3485 3637 matris
3523 3583 3708 3638 deum.

2049 3652 2205 3726 Miris
2229 3660 2370 3706 sunt
2398 3652 2468 3726 de
2499 3651 2708 3723 Cybele
2755 3653 2864 3706 ista
2890 3651 3120 3726 fabulae.
3145 3651 3417 3726 Orpheus
3447 3671 3577 3709 eam
3604 3673 3709 3726 ap-

2051 3723 2225 3794 pellat
2247 3725 2513 3778 omnium
2539 3729 2937 3794 matrem,tam
2969 3724 3143 3778 deum
3164 3740 3344 3792 quam
3363 3723 3700 3792 hominum,

2046 3793 2102 3850 et
2132 3795 2532 3866 quarumlibet
2563 3811 2782 3862 rerum,
2813 3793 2872 3848 in
2907 3794 3040 3850 istis
3070 3795 3344 3850 versibus
3379 3811 3391 3849 :

2117 3896 2299 3981 lt'dj'tsp
2312 3891 2432 3981 yév‘
2457 3911 2515 3944 τε
2546 3888 2822 3978 Θιεῶνυήδὲ
2851 3891 3432 3981 (ᾖνηξῶνὶάνθρῴπιῖν,

2241 3961 2345 4038 ab;
2371 3964 2473 4038 γὰρ
2505 3961 2595 4016 καὶ
2626 3967 2758 4038 γᾳῖα
2787 3963 2876 4016 καὶ
2909 3962 3135 4038 οῷρανὸς
3160 3961 3319 4038 cupi);
3353 3961 3609 4037 ὕπερθεν,

2117 4035 2218 4091 Καὶ
2250 4034 2469 4102 «evrus,
2501 4034 2688 4088 πναιὰί
2716 4055 2796 4103 τε,
2828 4034 3159 4112 φιλόδρομε,
3193 4034 3536 4113 ἆερόμορφε,

2186 4133 2356 4187 Mater
2376 4134 2634 4189 divorum
2660 4132 2884 4205 pariter
2901 4142 3189 4205 materque
3208 4134 3482 4203 vivorum,

2181 4205 2264 4259 Ea;
2293 4209 2345 4259 te
2375 4215 2525 4259 terra
2545 4204 2745 4273 parens
2762 4204 3692 4275 frugum,cazlumquepro/undum,

2180 4277 2248 4330 Et
2269 4293 2430 4330 mare
2459 4292 2582 4330 cum
2612 4277 2787 4331 ventis
2816 4276 2987 4332 veloci
3015 4278 3233 4347 percita
3261 4292 3451 4344 cursu,
3485 4282 3596 4332 etc.

2041 4381 2170 4436 Haec
2210 4380 3018 4453 Cybeleplurimisappellata
3038 4387 3129 4436 est
3151 4380 3502 4437 nominibus
3525 4398 3540 4436 :
3565 4398 3690 4452 quas

2040 4454 2170 4507 vide
2201 4452 2357 4524 apud
2389 4452 2652 4507 Natalem
2671 4453 2947 4508 Comitem
2977 4452 3128 4524 libro
3148 4468 3302 4507 nono
3320 4453 3691 4522 Mythologiz:

2042 4524 2233 4606 capite
2263 4523 2489 4606 quinto.
2515 4524 2652 4606 Eam
2686 4541 2857 4606 porro
2887 4523 3242 4606 Nihilualiud
3283 4524 3487 4606 fuisse-
3514 4541 3686 4606 qnam

2040 4595 2291 4662 terram,
2316 4599 2375 4650 et
2405 4597 2559 4666 quod
2591 4595 2791 4651 omnia
2821 4612 2950 4667 qua
2993 4595 3079 4650 illi
3111 4613 3143 4650 ιι
3175 4595 3363 4665 poetis
3411 4595 3689 4651 attributa

2041 4673 2182 4722 sunt
2213 4668 2270 4721 in
2303 4671 2522 4738 terram
2569 4667 2882 4738 quadrent,
2921 4669 3152 4738 egregie
3182 4668 3443 4722 ostendit
3474 4668 3685 4722 Lucre-

2039 4739 2160 4795 tius
2191 4739 2396 4811 Carus,
2420 4737 2570 4793 libro
2592 4737 2866 4811 secundo,
2885 4737 3173 4794 De’rer’um
3192 4744 3408 4795 natura
3442 4741 3519 4811 (ν.
3549 4739 3680 4793 599-

2039 4812 2186 4880 608),
2221 4811 2278 4864 ἱη
2313 4809 2431 4864 illis
2461 4811 2730 4865 versibus
2758 4815 2815 4864 et
2839 4810 3119 4882 deinceps
3150 4826 3163 4866 :

2184 4909 2364 4977 Quare
2391 4925 2593 4978 magna
2623 4907 2783 4963 deum
2807 4913 3291 4979 muter,materque
3318 4909 3588 4978 ferarum,

2187 4984 2258 5036 It‘t
2285 4984 2467 5035 nostri
2495 4982 2739 5049 genitrix
2767 4979 2886 5036 hac
2907 4980 3056 5035 dicta
3077 4988 3155 5035 est
3184 4983 3434 5050 corporis
3465 4998 3591 5036 una.

2184 5053 2335 5106 Hanc
2361 5057 2564 5106 veteres
2595 5052 2821 5106 Graium
2843 5053 2993 5106 docti
3030 5051 3280 5106 cecinere
3309 5057 3479 5119 poeta

2185 5123 2484 5179 Sublimem
2518 5125 2575 5177 in
2605 5140 2774 5178 curru
2804 5122 3016 5194 bijugos
3045 5121 3258 5193 agitare
3287 5123 3470 5178 leones
3502 5140 3514 5179 :

2183 5196 2336 5249 Aeris
2368 5194 2425 5248 in
2455 5195 2644 5266 Spatia
2673 5211 2929 5264 magnam
2957 5195 3196 5266 pendere
3222 5194 3477 5250 docentes

2185 5267 2458 5321 Tellurem
2476 5285 2494 5319 :
2524 5283 2697 5336 neque
2725 5281 2878 5336 posse
2908 5268 2965 5320 in
2994 5275 3140 5323 terra
3159 5269 3352 5321 sistere
3382 5277 3599 5323 terram.

2182 5339 2503 5411 Adiunxere
2534 5339 2690 5405 feras
2723 5355 2735 5411 ;
2771 5337 2902 5411 quin
2929 5337 3183 5407 quamvis
3203 5338 3379 5407 eﬂera
3408 5339 3577 5411 proles

2186 5409 2393 5478 Ofﬁciis
2416 5410 2570 5464 debet
2598 5410 2814 5464 molliri
2841 5409 2982 5464 victa
3011 5419 3322 5479 parentum.

2183 5481 2493 5551 Mum/ique
2519 5490 2686 5549 caput
2711 5497 2984 5535 summum
3012 5479 3236 5536 cinxere
3266 5498 3496 5548 corona;

2183 5554 2417 5608 Eximiis
2445 5556 2659 5607 munita
2690 5551 2824 5607 locis
2854 5555 2987 5623 quia
3015 5555 3253 5608 sustinet
3278 5554 3459 5610 urbes.

2106 5647 2250 5703 Vide
2282 5648 2498 5704 ibidem
2527 5649 2714 5720 plura,
2754 5653 2812 5704 et
2861 5649 3013 5720 apud
3064 5649 3378 5706 Diodorum
3428 5645 3664 5720 Siculnm

2039 5718 2141 5773 lib.
2175 5735 2238 5774 ιιι
2274 5715 2642 5783 Bibliotheca,
2666 5715 2724 5775 et
2743 5715 2912 5789 apud
2933 5719 3314 5788 Macrobium,
3359 5721 3504 5776 libro
3533 5715 3662 5789 15¢;-

2043 5789 2440 5860 turnaliorum,
2475 5807 2600 5864 cap.
2633 5785 2806 5859 21,.at
2832 5790 3101 5863 ejusdem
3127 5791 3246 5849 de.
3276 5785 3562 5865 depictum
3589 5785 3667 5843 εἰς
