3994 6214
173 244 292 300 829
1230 249 1420 310 VITA.
1463 248 1672 303 AUCT.
1718 251 1781 303 P.
1821 247 2140 302 HALLOIX
2176 247 2328 302 SOC.
2367 249 2558 303 JESU.
3490 253 3598 307 830

173 368 588 444 resonare._lta
621 367 900 444 nimirum
927 369 1037 444 viri
1071 368 1263 444 sancti
1290 366 1467 422 etiam
1502 367 1742 444 hiscad
1774 371 1990 444 interna
2023 366 2921 444 tran_sl_ati_nostsa_curant_;_ita
2953 367 3222 424 Ecclesiae
3263 369 3594 444 invigilant,

174 441 258 495 ita
290 440 596 512 gentilium
633 441 808 496 saluti
843 442 1103 504 student,
1135 439 1219 495 ita
1251 439 1532 512 honorem
1565 439 1665 494 Dei
1699 440 2080 511 ampliﬁcant.
2116 439 2412 494 Eximium
2474 440 2656 510 igitur
2690 439 2926 508 quidem
2963 457 3104 494 sane
3161 448 3219 496 et
3246 439 3590 512 germanum

181 513 441 583 Dionysii
475 511 832 584 discipulum
867 513 1050 568 fuisse
1076 512 1232 566 hunc
1267 511 1551 584 Regulum
1589 528 1826 582 prorsus
1861 528 2095 566 necesse
2126 523 2233 576 est,
2269 515 2440 581 cujus
2473 514 2569 582 pia
2599 512 2795 565 studia
2829 512 3112 583 magister
3141 511 3284 584 suus
3316 517 3397 569 sic
3430 518 3590 571 cordi

173 584 469 656 habuerit,
505 585 590 640 sic
621 601 688 638 ex
719 585 834 640 alto
864 584 1204 656 inspexerit.
1243 583 1308 638 Et
1340 601 1517 653 quam
1552 585 1764 656 vicina,
1803 584 1954 638 Deus
1988 585 2155 650 bone,
2192 585 2362 638 bonis
2393 591 2533 636 sunt
2562 588 2903 656 sanctorum
2938 583 3192 656 auxilia!
3229 588 3329 639 sed
3355 587 3589 642 illorum

171 655 640 728 potissime,qui
672 662 868 728 patres
900 655 1084 711 nostri
1117 672 1181 710 ac
1217 657 1537 728 pontiﬁces
1571 655 1628 709 in
1691 656 1861 728 terris
1893 658 2244 710 exstiterunt
2294 656 2340 709 si
2374 659 2806 728 tameneorum
2842 655 3186 728 insistentes
3215 658 3496 726 vestigiis,
3532 665 3592 714 et

171 733 238 781 ut
272 727 538 798 germani
573 726 698 792 filii,
733 745 933 783 eorum
971 727 1260 782 mandatis
1290 728 1682 798 obsequentes
1714 727 1923 797 simus,
1958 734 2013 782 et
2042 729 2247 782 devota
2282 743 2447 796 prece
2479 726 2727 781 amicam
2762 741 2928 794 Opem
2965 726 3368 796 imploremus.
3403 733 3448 782 A
3482 731 3589 785 Re-

165 797 318 870 gulc
351 800 420 854 ad
455 799 778 868 Eugenium
813 816 944 855 mox
973 800 1224 869 veniam,
1260 797 1309 853 si
1345 797 1583 855 unicum
1611 801 1900 853 duntaxat
1922 800 1992 854 de
2015 799 2115 853 illo
2139 800 2302 870 prius
2322 798 2602 853 addidero
2629 799 3126 868 quemadmodum
3153 800 3378 854 scilicet
3404 801 3589 869 Regu-

169 872 270 925 lus
303 887 369 925 eo
400 871 632 925 virtutis
662 871 1084 942 dignitatisque
1116 871 1461 942 pervenerit,
1496 876 1560 925 ut
1592 871 1729 942 fidei
1757 872 1895 937 dux,
1926 877 1982 925 et
2005 888 2102 926 rex
2123 887 2426 925 sacrorum
2451 876 2507 924 et
2530 871 2765 940 quidem
2794 870 2928 924 talis
2955 876 3275 940 tantusque
3297 874 3589 928 evaderet.

170 943 404 1016 Nempe
459 945 650 1014 primo
676 941 769 1016 __in
831 941 1239 1016 adolescentiae
1272 945 1409 1016 flore
1434 941 1992 1016 beatumJoannem
2027 942 2361 1013 apostolum
2396 941 2640 1016 audivit,
2675 942 2969 1016 suspexit,
2995 948 3231 1016 secutus
3262 949 3390 1012 est;
3422 948 3596 1016 cujus

169 1012 438 1086 caelesti,
463 1012 528 1070 ac
582 1012 865 1086 melliﬂuo
918 1014 1214 1070 delibutus
1248 1015 1504 1086 eloquio,
1541 1013 1757 1086 nobilis
1788 1021 1846 1069 et
1875 1014 2033 1086 dives
2066 1012 2198 1086 cum
2233 1019 2409 1078 esset,
2444 1014 2643 1086 omnia
2675 1020 2807 1083 post
2837 1012 3053 1067 Christi
3081 1012 3512 1086 paupertatem
3538 1021 3596 1071 et

165 1084 576 1158 evangelicum
596 1085 942 1158 doctrinam
978 1086 1196 1158 posuit.
1226 1084 1493 1158 Athenas
1524 1085 1737 1158 dehinc
1769 1085 2062 1155 profectus
2093 1085 2371 1158 Dionysio
2407 1084 2676 1158 adhaesit,
2710 1099 2884 1156 quem
2919 1089 2976 1138 et
3005 1084 3194 1158 primo
3217 1084 3507 1153 'Romam,
3541 1093 3598 1142 et

165 1155 388 1282 geinde
417 1157 481 1239 in.
508 1155 877 1282 Galliam,tut
906 1155 1041 1214 ante
1075 1155 1341 1227 memini,
1378 1163 1466 1214 est
1495 1156 1834 1228 comitatus,
1867 1163 1926 1213 et
1953 1157 2108 1228 quod
2143 1155 2327 1213 multo
2359 1155 2617 1228 amplius
2649 1155 2758 1224 est,
2791 1157 2848 1210 in
2884 1156 3150 1211 moribus
3182 1159 3594 1229 atquelabori-

213 1244 290 1282 us
322 1245 582 1282 proxime
613 1245 715 1282 lml
751 1249 778 1282 a
811 1248 898 1282 us.

213 1244 290 1282 us
322 1227 582 1285 proxime
613 1228 898 1285 imitatus.

241 1245 966 1373 gupri‘giilemﬁflu‘gsrild‘lgb),
985 1304 1056 1373 et
1089 1304 1154 1356 ut
1180 1315 1310 1373 vere
1343 1316 1558 1356 nomen
1591 1303 1782 1373 sonat,
1812 1299 2011 1367 nobili,
2044 1303 2391 1373 nontamen
2415 1297 2518 1373 illa
2540 1297 2845 1373 nobilitats
2868 1314 3044 1373 quam
3068 1297 3136 1352 de
3158 1299 3380 1373 caduca
3402 1299 3592 1356 homi-

163 1371 268 1444 nis
296 1372 505 1444 _slirpe
560 1370 783 1428 stultus
836 1370 1088 1444 Suscipit
1119 1372 1397 1439 mundus,
1433 1388 1610 1444 quam
1656 1370 1758 1426 illa
1788 1389 1921 1426 vera
1951 1376 2008 1426 et
2032 1370 2246 1444 solida,
2279 1387 2456 1442 quam
2492 1372 2561 1425 de
2595 1387 2770 1444 manu
2805 1370 3034 1425 Domini
3080 1371 3315 1441 sapiens
3348 1373 3594 1444 suscipit

163 1441 708 1516 Christianusﬂic
743 1444 924 1515 igitur
952 1441 1086 1498 cum
1121 1445 1177 1498 in
1205 1441 1465 1516 Dionysii
1495 1443 1778 1516 comitatu
1811 1449 1987 1516 atque
2013 1441 2324 1516 disciplina
2353 1444 2471 1516 vim
2502 1443 2718 1516 ingenii
2751 1457 3098 1512 magnorum
3136 1445 3368 1513 capacis
3399 1441 3590 1498 osten-

163 1514 383 1581 disset,
417 1514 813 1587 praeclareque
870 1515 1180 1571 sacerdotii
1211 1517 1304 1570 sui
1335 1514 1554 1571 munus
1586 1514 1894 1586 explesset.
1915 1515 2000 1587 ab
2040 1531 2106 1570 eo
2139 1515 2390 1587 denique
2427 1515 2482 1568 in
2519 1514 2926 1587 episcoporum
2961 1515 3224 1587 ordinem
3259 1523 3589 1585 cOOpIatus,

164 1592 356 1659 atque
390 1585 448 1659 in
481 1585 822 1658 Hispaniam
857 1588 1162 1659 ablegatus
1193 1593 1319 1642 est:
1375 1588 1473 1642 ubi
1507 1588 1589 1642 sic
1617 1585 1736 1642 rem
1771 1586 2094 1659 gessit,__sic
2126 1585 2395 1659 Ecclesiae
2428 1587 2721 1641 Toletanis
2753 1586 3012 1641 habenas
3044 1586 3208 1653 rexit,
3243 1591 3307 1640 ut
3339 1587 3591 1642 nobilis-

162 1657 340 1712 simas
372 1658 534 1713 illius
564 1657 874 1730 provincia:
906 1660 976 1713 ad
997 1657 1398 1714 Christianam
1433 1659 1617 1730 legem
1649 1657 1905 1713 accessio
1939 1657 2023 1711 illi
2057 1657 2384 1728 potissime,
2419 1664 2698 1728 tanquam
2735 1674 2919 1728 primo
2949 1664 3127 1730 atque
3159 1659 3422 1712 omnium
3454 1675 3590 1713 san-

165 1730 450 1786 ctissimo
482 1728 772 1801 pontiﬁci,
804 1736 1046 1801 accepta
1077 1731 1282 1785 merito
1315 1728 1619 1785 referenda
1651 1731 1748 1784 sit.
1777 1730 1882 1795 Qui
1918 1737 2050 1801 post
2081 1730 2452 1785 innumeram
2488 1731 2653 1785 rudis
2680 1731 2878 1800 pOpuli
2915 1728 3354 1801 multitudinem
3389 1739 3593 1785 sancta

161 1801 462 1872 religione
487 1800 806 1866 imbutam,
833 1800 1121 1857 revisendi
1155 1801 1464 1872 aliquando
1498 1802 1763 1872 magistri
1797 1800 1931 1872 {91),
1965 1807 2021 1855 et
2050 1817 2354 1856 sermones
2386 1817 2518 1855 cum
2552 1818 2616 1855 eo
2649 1802 2984 1856 conferendi
3019 1800 3309 1856 desiderio
3354 1808 3586 1870 captus,

160 1872 226 1944 in
261 1873 517 1928 Galliam
549 1874 824 1928 transiit:
859 1875 982 1937 sed,
1016 1873 1128 1929 heu
1160 1873 1361 1929 dolor!
1424 1874 1520 1928 ubi
1556 1873 1804 1944 spiritus
1835 1875 2194 1943 voluptatem
2245 1891 2311 1928 ex
2344 1872 2518 1928 amici
2551 1873 2724 1927 aifatu
2761 1875 3035 1943 sperabat
3069 1889 3182 1927 non
3214 1873 3587 1939 mediocrem,

161 1943 247 2016 ibi
278 1959 351 1999 ex
380 1946 648 2015 ejusdem
681 1947 1063 2016 deproperato
1096 1945 1334 2000 interitu
1369 1943 1773 2016 incredibilem
1809 1944 2010 1999 hausit
2041 1944 2240 1999 animo
2272 1945 2554 2000 dolorem.
2589 1950 2730 2000 Nam
2783 1947 3125 2016 priusquam
3158 1944 3414 2000 Parisios
3447 1945 3588 2000 atti-

160 2014 381 2084 gisset,
413 2014 674 2072 Occisum
705 2014 1010 2071 intellexit.
1046 2019 1247 2087 Itaque
1300 2021 1357 2071 et
1387 2022 1686 2072 mortuum
1747 2015 1895 2070 luxit
1926 2022 1992 2070 ut
2023 2023 2270 2086 patrem,
2335 2026 2386 2071 et
2419 2033 2521 2087 pro
2555 2016 2666 2070 ﬁde
2694 2014 2954 2087 occisum
2990 2016 3250 2070 laudavit
3289 2021 3353 2070 ut
3402 2018 3590 2071 victo-

161 2087 467 2159 remr(92(.
501 2087 700 2159 Neque
732 2105 865 2142 vero
899 2089 1008 2142 iter
1033 2086 1421 2143 aut’inhibuit
1453 2093 1555 2143 aut
1583 2087 1847 2154 reﬂexit;
1882 2089 1980 2142 sed
2012 2087 2098 2142 vel
2132 2086 2428 2142 invisendi
2452 2086 2706 2159 sepulcri
2737 2105 2965 2151 amans,
2986 2087 3070 2143 vel
3096 2087 3254 2158 paris
3278 2089 3586 2144 sortiendze

161 2158 355 2215 sortis
415 2158 687 2230 cupidus,
749 2161 1042 2214 Lutetiam
1091 2175 1296 2214 versus
1327 2160 1438 2214 iter
1469 2164 1815 2230 prosecutus
1845 2164 1971 2213 est:
2006 2175 2196 2229 neque
2227 2159 2481 2230 amplius
2512 2158 2764 2229 quatuor
2796 2160 3125 2214 niiliaribus
3149 2160 3274 2228 jam
3306 2161 3584 2228 distabat,

163 2246 313 2284 cum
368 2238 426 2285 et
483 2231 608 2302 ipse
666 2235 1028 2302 interceptus
1059 2247 1092 2286 a
1123 2231 1254 2286 ﬁdei
1291 2231 1584 2298 hostibus,
1613 2237 1671 2285 et
1699 2231 2039 2286 interfectus
2069 2236 2176 2285 est.
2211 2233 2465 2285 Cadaver
2497 2231 2553 2286 in
2587 2231 2774 2285 lacum
2809 2231 3156 2285 Marcosium
3190 2231 3583 2302 projecerunt.

169 2302 254 2356 lbi
291 2301 650 2369 diutissime,
686 2303 828 2364 imo,
861 2312 926 2357 ut
954 2307 1222 2358 auctores
1254 2319 1367 2357 non
1402 2304 1570 2373 pauci
1600 2303 1990 2367 tradiderunt,
2023 2319 2206 2357 annos
2239 2302 2470 2356 circiter
2499 2305 2784 2358 ducentos
2806 2303 3152 2356 immersum
3188 2301 3416 2356 delituit
3445 2303 3578 2370 (03).

166 2378 383 2443 Neque
413 2379 605 2429 tamen
665 2375 752 2430 vel
786 2374 913 2446 Dei
977 2374 1342 2446 providentia
1373 2373 1431 2428 in
1480 2374 1884 2441 custodiendo,
1936 2375 2022 2446 vel
2053 2373 2316 2444 Dionysii
2348 2391 2492 2446 cura
2517 2374 2575 2427 in
2611 2374 2916 2446 revelando
2949 2374 3339 2428 desideranda
3366 2379 3494 2446 est:
3529 2377 3586 2427 et

160 2446 321 2528 tanti
336 2451 465 2528 ‘tem
478 2446 634 2528 poris
665 2445 896 2528 latebra
923 2444 1529 2528 corporis_probavere
1561 2444 2108 2528 dignitatem.‘Nam
2130 2445 2374 2528 salvum
2405 2460 2462 2499 et
2484 2444 2777 2528 iucolume
2800 2446 3189 2528 duobuspost
3209 2445 3438 2528 sfeculis
3462 2462 3578 2528 pon

157 2517 391 2571 usitato
424 2516 718 2588 repertum
751 2524 840 2572 est
871 2516 1272 2572 miraculo.Sic
1301 2521 1498 2572 autem
1533 2522 1825 2587 repertum
1859 2516 2096 2586 vulgata
2127 2517 2237 2570 fert
2267 2518 2448 2571 ﬁdes:
2487 2517 2805 2572 Hercoldus
2837 2517 2923 2570 vir
2955 2517 3170 2570 nobilis
3201 2521 3260 2570 et
3287 2516 3579 2587 locuples,

161 2588 543 2643 Constantini
576 2589 796 2660 magni,
824 2594 890 2644 ut
916 2589 1100 2655 aiunt,
1128 2590 1515 2660 temporibus,
1547 2590 1788 2643 domum
1822 2593 1878 2642 et
1906 2604 2077 2658 agros
2113 2594 2347 2658 propter
2376 2588 2566 2643 lacum
2589 2589 2758 2642 illum
2782 2588 3068 2643 habebat:
3115 2603 3249 2660 cum
3274 2593 3471 2643 autem
3504 2605 3573 2642 ex

162 2660 364 2715 oculis
394 2660 648 2731 graviter
671 2659 983 2729 laboraret,
1015 2677 1148 2716 ecce
1177 2659 1263 2715 illi
1289 2661 1346 2716 S.
1384 2660 1693 2730 Dionysius
1725 2676 1826 2730 per
1866 2665 2092 2714 noctem
2126 2660 2184 2714 in
2217 2661 2528 2715 venerandi
2562 2661 2945 2731 formasenis
2979 2675 3039 2731 se
3066 2659 3293 2728 offerre,
3327 2675 3393 2714 ac
3425 2661 3574 2731 laeto

161 2730 472 2801 hilarique
502 2732 663 2804 vultu
697 2733 1198 2804 itacompeliare;
1231 2733 1491 2804 Her'colde
1518 2734 1716 2804 frater,
1749 2748 1913 2802 surge
1943 2748 2015 2804 ea:
2047 2733 2235 2804 morbo
2263 2748 2450 2797 sanus,
2482 2737 2532 2786 el
2561 2732 2631 2786 ad
2665 2730 2910 2786 vicinum
2935 2730 3029 2786 adi
3061 2732 3263 2804 locum,
3299 2730 3572 2785 condisci-

158 2804 296 2873 puli
350 2803 531 2858 nostri
588 2803 824 2872 Eugenii
876 2802 1069 2875 corpus
1094 2802 1217 2859 illic
1243 2802 1462 2874 require
1492 2802 1560 2875 uc
1585 2805 1806 2858 honeste
1834 2802 2023 2873 sepeli-
2060 2803 2193 2857 Nam
2229 2805 2381 2875 illius
2411 2805 2599 2873 gratia
2630 2813 2680 2858 et
2712 2803 2930 2858 meritis
2960 2818 3166 2872 magna
3212 2802 3345 2857 huic
3372 2804 3571 2872 papulo

157 2875 477 2929 collaturus
531 2884 613 2929 est
668 2881 808 2930 Deus
866 2873 1150 2945 beucﬁcia.
1211 2873 1584 2940 His’auditis,
1617 2876 2053 2945 expergefactus
2084 2873 2424 2941 Hercoldus,
2457 2881 2514 2929 et
2544 2891 2752 2930 sanum
2781 2892 2844 2929 se
2873 2891 3116 2929 cernens
3151 2890 3216 2928 ac
3248 2875 3568 2939 demirans,

163 2946 383 3013 nimio,
417 2946 629 3016 gaudio
659 2946 914 3002 exsultat
943 2951 1064 3002 tam
1099 2947 1169 3001 de
1201 2946 1396 3001 divino
1429 2947 1575 3011 viso,
1610 2963 1785 3017 quam
1819 2947 1888 3001 de
1918 2949 2118 3001 curato
2175 2947 2325 3001 visu.
2358 2946 2473 3001 Nec
2505 2963 2668 3002 mora
2697 2951 2805 3012 est,
2861 2947 3001 3017 quin
3044 2946 3321 3000 continuo
3380 2945 3573 3000 lacum

165 3024 359 3088 petat,
389 3033 602 3082 corpus
632 3020 863 3083 educat,
896 3018 1200 3088 sepultura
1230 3019 1424 3073 donet.
1456 3018 1671 3073 Verum
1706 3018 1762 3072 id
1795 3018 2072 3072 omnibus
2104 3017 2310 3072 merito
2343 3034 2446 3089 per
2477 3034 2650 3089 quam
2687 3019 2903 3072 mirum
2935 3021 2992 3072 et
3023 3033 3151 3072 vere
3174 3018 3273 3072 Dei
3298 3032 3446 3086 opus
3479 3034 3574 3088 ap.

162 3103 406 3160 parere,
441 3095 560 3144 tam
593 3089 885 3160 integrum
918 3089 1087 3155 illud,
1120 3090 1269 3146 505
1308 3096 1425 3144 tam
1456 3106 1656 3145 recens
1689 3089 1950 3160 reperiri,
1983 3095 2162 3160 atque
2192 3089 2241 3144 si
2273 3089 2371 3145 illo
2401 3089 2494 3143 die
2513 3096 2568 3144 et
2592 3107 2704 3144 non
2728 3090 3000 3145 ducentis
3021 3093 3152 3143 ante
3177 3089 3344 3144 annis
3369 3089 3579 3143 fuisset

164 3160 306 3216 neci
337 3160 567 3233 datum.
604 3163 694 3233 In
725 3162 908 3216 fundo
959 3167 1160 3233 autem,
1210 3178 1316 3217 suo
1349 3178 1481 3217 cum
1515 3161 1941 3233 perhonoriﬁce
1998 3161 2322 3231 sepelisset,
2387 3167 2702 3232 posteaque
2733 3161 3001 3231 sepulcro
3037 3160 3574 3233 superadiﬁcatum

166 3232 461 3304 martyris
494 3231 696 3287 honori
731 3233 1052 3288 sacrarium
1091 3232 1317 3296 fuisset,
1377 3231 1636 3302 ingentia
1693 3233 1768 3287 ibi
1798 3232 2096 3304 rmirrcula,
2126 3237 2212 3304 et
2273 3231 2479 3287 exinde
2508 3231 2829 3288 concursus
2861 3232 3243 3287 admirabiles
3277 3231 3432 3287 facti.
3467 3232 3572 3304 Sa~

164 3302 357 3376 crum:
375 3302 558 3376 igitur
587 3320 799 3374 corpus
833 3311 985 3359 terra
1013 3304 1222 3376 Gallia,
1255 3309 1320 3359 ut
1347 3304 1735 3376 pretiosorum
1794 3303 2136 3374 hujusmodi
2164 3375 2171 3376 ί
2201 3304 2506 3374 pignorum
2539 3305 2752 3359 cultrix
2782 3303 3573 3376 studiosismma,getgmultis

163 3373 498 3430 saculisvet
528 3373 746 3446 ingenti
778 3393 916 3430 cura
949 3375 1227 3432 retinuit:
1261 3373 1592 3444 sic'tamen,
1627 3381 1692 3431 ut
1722 3373 2064 3431 nonnullam
2100 3373 2478 3446 reliquiarum
2511 3377 2832 3446 portionem
2863 3377 2970 3430 viri
3007 3374 3360 3447 pientissimi
3383 3391 3580 3430 exora-

163 3448 316 3509 rint,
360 3447 756 3518 potentissimi
815 3447 1205 3518 impetrarint.
1271 3447 1498 3503 Decimo
1556 3449 1712 3502 enim
1771 3448 2003 3502 circiter
2033 3448 2106 3502 ab
2136 3453 2264 3502 ortu
2299 3447 2513 3502 Christi
2544 3449 2753 3503 saeculo
2802 3449 2934 3518 (94),
2968 3449 3074 3502 hoc
3104 3453 3193 3502 est
3224 3447 3579 3518 octingentis

161 3517 652 3591 eoque’amplius
677 3523 810 3589 post
838 3517 1030 3587 annis,
1064 3535 1238 3591 quam
1268 3519 1424 3574 idem
1459 3520 1666 3591 beatus
1697 3519 1990 3591 Eugenius
2022 3518 2286 3591 martyrii
2339 3519 2540 3574 laurea
2571 3517 2881 3591 decoratus
2915 3522 3126 3582 fuerat,
3168 3517 3409 3573 sanctus
3467 3520 3579 3591 Ge-

160 3589 383 3644 rardus
414 3590 597 3645 abbas
629 3589 962 3662 Broniensis
993 3589 1308 3646 nonnullas
1361 3592 1488 3660 ejus
1547 3590 1826 3660 reliquias
1884 3591 2078 3662 (cujus
2135 3589 2194 3644 in
2252 3589 2532 3662 honorem
2566 3590 2886 3646 oratorium
2919 3591 3218 3660 quondam
3254 3590 3578 3662 monachus

159 3667 562 3731 exstruxerat)
590 3677 622 3716 a
653 3662 836 3716 sancti
868 3661 1128 3731 Dionysii
1159 3662 1488 3727 cmnobitis,
1519 3663 1616 3732 qui
1651 3661 1778 3716 illas
1810 3662 1869 3716 in
1893 3660 2010 3716 suo
2043 3661 2388 3716 monasterio
2421 3662 2662 3717 Parisiis
2721 3663 3120 3724 asservabant,
3176 3660 3433 3731 precario
3463 3661 3568 3714 ob-

162 3733 377 3805 tinuit.
412 3733 535 3797 Ouo
565 3732 739 3788 etiam
771 3740 1033 3805 tempore
1092 3735 1366 3805 praeclara
1403 3731 1665 3804 ejusdem
1725 3735 2001 3805 martyris
2029 3735 2172 3787 Acta
2202 3733 2260 3787 in
2294 3733 2538 3805 concilio
2569 3733 2872 3788 Leodiensi
2903 3732 3217 3805 recognita,
3247 3734 3304 3786 et
3336 3731 3566 3805 publice

167 3804 804 3888 deincepsquotannis
835 3803 944 3888 legi
970 3803 1172 3888 jussa:
1207 3803 1483 3888 imqipse
1512 3805 1620 3888 qui.
1643 3805 1695 3860 ei
1723 3803 1968 3859 concilio
1996 3808 2272 3888 ‘prsserat
2301 3804 2660 3888 “Stephanus
2704 3805 3052 3888 Leodiensis
3071 3803 3382 3888 episcopus
3431 3803 3567 3888 (95),

161 3877 254 3950 vir
286 3875 704 3932 sanctissimus
736 3876 856 3950 haec
888 3875 1262 3950 infejusdem
1303 3875 1547 3950 Eu’genii
1607 3875 1889 3950 honorem
1942 3875 2169 3930 addidit
2193 3894 2268 3950 :_«
2301 3875 2565 3950 Decreto,
2601 3877 2813 3947 inquit,
2851 3876 3149 3950 pontiﬁcio
3182 3875 3485 3950 statuitur,
3515 3879 3574 3927 et

162 3947 295 4002 haec
326 3953 534 4020 sancta
587 3949 878 4020 synodus,
907 3948 957 4003 ei
1007 3946 1429 4020 subscribens,
1450 3949 1717 4016 assentit,
1751 3953 1816 4004 ut
1843 3951 2180 4020 per_totam7.
2213 3947 2272 4002 in
2304 3965 2420 4019 qua
2450 3949 2508 4004 S.
2543 3946 3081 4020 martyrquiescet,
3113 3946 3439 4020 decaniam,
3474 3961 3577 4020 so-

160 4018 452 4075 lemnitas
482 4017 832 4089 ejus'instar
861 4019 1176 4076 Dominicae
1207 4020 1321 4076 diei
1351 4019 1700 4087 celebretur,
1731 4024 1788 4074 et
1838 4017 2096 4074 Ecclesia
2148 4017 2486 4076 Broniensis
2518 4021 2588 4075 ab
2621 4017 2783 4075 omni
2814 4017 3079 4075 _obsonio
3115 4017 3416 4074 Leodiensi
3448 4018 3575 4090 epi-

157 4107 345 4161 scopo
377 4106 447 4145 ex
487 4091 702 4164 debito
763 4090 1145 4164 persolvendo
1199 4093 1475 4163 deinceps
1533 4091 1818 4146 immunis
1851 4092 1947 4145 sit.
1981 4111 2009 4141 »
2045 4089 2314 4146 Edictum
2347 4108 2585 4162 quoque
2618 4091 2924 4164 proposuit
2952 4090 3486 4164 idemepiscopus,
3513 4093 3578 4144 ut

154 4161 618 4236 transeuntibus
648 4162 719 4236 in
741 4161 1116 4236 Leodiensem
1143 4168 1196 4220 et
1219 4161 1679 4219 Namurcensem
1710 4167 1939 4236 terram
1959 4163 2223 4233 ejusdem
2258 4161 2447 4219 sancti
2479 4161 3042 4236 Eugénii'reliquiis,
3104 4161 3286 4236 denso
3340 4161 3406 4218 ac
3465 4163 3575 4217 fre-

199 4233 383 4307 uenti
408 4233 642 4307 agmine
668 4235 902 4307 obviam
933 4235 1138 4302 iretur,
1170 4239 1227 4307 et
1255 4236 1311 4290 in
1339 4239 1728 4307 praeparatum
1753 4233 1899 4307 ipsis
1926 4233 2120 4307 locum
2145 4251 2357 4305 magno
2375 4252 2508 4291 cum
2532 4233 2747 4307 gaudio
2772 4233 3145 4291 inferrentur.
3170 4235 3312 4290 Nam
3334 4238 3576 4307 sanctus

199 4250 373 4288 uenti
408 4250 642 4306 agmine
671 4250 902 4290 onvmm
933 4250 1138 4302 iretur,
1170 4250 1227 4290 et
1255 4253 1311 4290 in
1339 4253 1452 4307 praa
1499 4250 1728 4290 aratum
1753 4251 1899 4306 lpSlB
1927 4250 2120 4289 locum
2145 4251 2357 4305 magno
2375 4252 2508 4291 cum
2532 4250 2747 4307 gaudio
2772 4250 3145 4291 interrentur.
3172 4250 3312 4290 Nam
3334 4250 3576 4290 sanctus

153 4250 464 4362 gerardus
495 4305 737 4362 Parisiis
767 4306 1014 4374 delatas,
1045 4306 1294 4374 Cuvinii,
1320 4253 1765 4378 quodlejusdem
1789 4305 2056 4361 dimcesis
2079 4307 2362 4378 oppidum
2382 4313 2471 4362 est
2495 4307 2881 4378 Lotharingiaz
2907 4308 3248 4371 finitimum,
3275 4305 3455 4362 tantis
3475 4322 3579 4378 per

153 4377 1002 4450 deposueranurogatumque‘
1039 4379 1272 4434 interim
1335 4376 1655 4450 antistitem
1696 4378 2058 4448 Stephanum
2111 4376 2363 4445 venerat,
2397 4396 2540 4435 num
2568 4380 2618 4435 ei
2654 4376 2924 4450 placeret,
2961 4379 3044 4434 uti
3081 4379 3351 4450 publicus
3384 4376 3574 4450 saucti

158 4447 731 4523 Eugenii_reliquis‘
773 4447 962 4523 bon—os
988 4447 1344 4523 haberetur?
1392 4451 1496 4506 Cui
1529 4449 1644 4518 ille,
1679 4447 2032 4523 utwjucundo
2062 4455 2187 4504 erat
2220 4467 2284 4506 ac
2315 4452 2634 4523 perspicaci
2655 4447 2925 4521 ingenio,
2959 4447 3164 4523 audito
3193 4449 3427 4523 nomine
3460 4448 3574 4523 Eu—

203 4519 354 4574 enii:
393 4519 934 4593 «Prors’us,inquit,
952 4521 1029 4577 ita
1045 4522 1393 4591 faciendum,
1418 4528 1476 4578 et
1499 4537 1708 4592 magno
1731 4521 1987 4593 Eugenio
2006 4538 2140 4576 cum
2166 4538 2259 4577 ma
2307 4519 2378 4580 no
2400 4519 2556 4596 Euge
2576 4519 2927 4579 obvia—udum
2953 4528 3062 4578 est.
3087 4522 3199 4592 (96)
3225 4543 3245 4570 ι
3274 4521 3475 4590 Itaque
3489 4519 3574 4574 sic

157 4537 411 4646 Factum.
457 4593 639 4646 Annis
668 4608 802 4646 vero
835 4598 967 4646 post
997 4593 1147 4646 hanc
1177 4593 1625 4646 translationem
1655 4592 1917 4646 amplius
1946 4595 2235 4646 ducentis.
2264 4539 2376 4646 ἷοο
2407 4602 2495 4646 est
2526 4595 2737 4646 Christi
2771 4593 3001 4646 circiter
3031 4592 3349 4646 millesimo
3381 4595 3572 4646 cente-

183 4596 411 4665 actum.
442 4593 639 4665 Annis
668 4592 814 4649 vero
835 4598 967 4665 post
997 4593 1147 4649 hanc
1177 4593 1625 4649 translationem
1655 4592 1917 4664 amplius
1946 4595 2236 4660 ducentis,
2270 4592 2376 4651 hoc
2407 4592 2502 4651 est
2526 4595 2738 4651 Christi
2771 4593 3001 4650 circiter
3031 4592 3572 4665 millesimogcente;

159 4661 852 4736 simquuinquagesimo'
876 4669 1057 4732 sexto,
1089 4682 1220 4721 cum
1257 4667 1577 4721 Ludovicus
1611 4661 1902 4736 septimus
1953 4681 2053 4720 rex
2087 4665 2290 4722 Galliae
2319 4667 2502 4723 Toleti
2533 4671 2707 4734 esset,
2741 4665 3076 4736 mentioque
3116 4665 3302 4720 sancti
3335 4661 3579 4732 Eugenii

160 4734 499 4809 incidisset,
517 4734 606 4809 :ab
633 4734 703 4809 co
733 4739 1046 4808 impetrata
1075 4743 1182 4802 est,
1215 4739 1482 4809 quamvis
1513 4734 1692 4804 aegre,
1713 4753 1848 4809 pars
1880 4737 2080 4808 aliqua
2109 4739 2236 4808 ejus
2270 4739 2680 4809 reliquiarum,
2713 4753 2923 4808 nempe
2949 4734 3251 4792 brachium
3274 4737 3569 4809 dextrum.

160 4806 398 4881 Quibus
453 4807 722 4881 reliquis,
753 4806 887 4864 cum
920 4810 993 4881 ab
1030 4806 1248 4864 abbate
1271 4808 1466 4864 Sancti
1521 4808 1802 4879 Dionysii,
1836 4806 1996 4881 regis
2019 4806 2286 4864 Ludovici
2320 4806 2530 4881 legato,
2565 4809 2830 4864 Toletum
2854 4806 3268 4881 deferrentur,
3317 4806 3443 4881 ipse
3475 4806 3571 4861 Al-

159 4879 438 4950 phonsus
468 4879 730 4935 Castellaa
763 4897 882 4942 rex.
913 4880 1230 4948 imperator
1259 4885 1657 4950 nuncupatus,
1691 4896 1823 4934 cum
1881 4879 2018 4934 ﬁliis
2050 4881 2310 4950 regibus,
2365 4879 2418 4936 et
2453 4881 2809 4951 proceribus,
2844 4886 2900 4935 et
2933 4880 3118 4936 sacris
3145 4879 3477 4951 ordinibus,
3519 4881 3578 4931 et

160 4949 386 5022 magna
410 4951 834 5022 conﬂuentium
867 4953 1203 5008 mortalium
1234 4953 1428 5020 turba,
1466 4949 1578 5006 ritu
1612 4951 2058 5022 supplicationis
2088 4951 2374 5022 processit
2397 4953 2453 5006 in
2477 4949 2810 5018 occursum,
2837 4949 3570 5022 subcollantibusqueipso

159 5028 251 5095 et_
282 5021 512 5077 duobus
545 5022 704 5095 ﬁliis
763 5024 1026 5095 regibus,
1079 5023 1247 5078 theca
1290 5023 1419 5095 ipsa
1448 5023 1508 5078 in
1541 5021 2326 5095 mdem’maximam’insigni
2361 5040 2575 5093 pompa
2602 5030 2659 5079 et
2688 5024 3060 5079 solemnitate
3086 5023 3248 5078 illata
3278 5021 3388 5089 eet,
3421 5037 3572 5095 anno

161 5091 403 5166 salutis,
433 5097 496 5148 ut
525 5093 665 5163 dixi,
700 5091 1011 5151 millesimo
1042 5091 1359 5151 centesimo
1391 5094 1880 5166 quinquagesimo
1911 5099 2106 5166 sexto,
2133 5094 2317 5166 pridie
2351 5091 2818 5151 Idus—Februarii
2858 5097 2982 5164 t97).
3016 5099 3132 5149 Nec
3159 5111 3292 5149 vero
3323 5093 3573 5166 cesssvit

162 5165 672 5246 llispana_pje_tas
720 5167 855 5238 (98),
887 5167 1261 5246 donec__certa
1292 5164 1518 5246 patroni
1549 5164 1641 5221 sui
1672 5164 2048 5246 ossa,quae_in
2080 5165 2295 5246 Galliis
2329 5167 2567 5246 residua
2591 5172 2775 5246 erant,
2796 5168 3118 5246 obtineret,
3167 5171 3340 5235 atque
3373 5165 3429 5218 in
3467 5164 3572 5246 Ec—

156 5235 404 5290 clesium
436 5235 1006 5310 {eletanam,'quam
1041 5237 1140 5293 ille
1169 5235 1324 5294 idem
1362 5239 1590 5308 primus
1612 5243 1812 5308 pastor
1841 5235 2180 5310 instituerat
2214 5239 2626 5310 fundaratque,
2649 5238 2811 5293 velut
2831 5238 2889 5292 in
2918 5238 3215 5310 propriam
3245 5235 3570 5310 possessio-

165 5323 304 5380 nem
339 5323 406 5361 ex
437 5307 734 5364 Gallorum
768 5305 1147 5365 concessione
1198 5305 1563 5366 trans—ferret.
1612 5305 1812 5374 'Quare
1869 5309 2177 5379 Philippus
2236 5309 2307 5378 II,
2351 5305 2763 5380 Hispaniarum
2797 5305 2934 5378 rex;
2970 5305 3316 5380 legationem
3353 5322 3466 5380 pro
3499 5305 3572 5360 iis

160 5378 559 5454 impetrandis
590 5383 657 5436 ad
692 5381 964 5454 Crarolum
999 5382 1093 5444 IX,
1129 5381 1352 5454 iGallize
1385 5397 1600 5454 regem,
1654 5381 1837 5444 misit,
1889 5377 2244 5454 tandemque
2275 5400 2426 5436 anno
2460 5377 2668 5437 salutis
2700 5377 3174 5454 quingentesimo
3207 5377 3570 5454 sexagesimo

160 5449 376 5521 quinto
423 5466 603 5522 supra
664 5453 1069 5512 millesimum.
1128 5453 1236 5508 hoc
1267 5458 1353 5508 est
1386 5449 1556 5508 annis
1589 5453 1863 5521 postiam
1908 5453 2126 5509 dictam
2153 5449 2345 5507 dextri
2380 5456 2605 5509 brachii
2637 5449 3079 5508 translationem
3123 5450 3573 5522 quadringentis

159 5521 776 5596 novemnim’petravit.
836 5525 985 5580 Tum
1021 5526 1201 5593 igitur
1256 5525 1442 5580 honos
1489 5524 1680 5579 eidem
1712 5525 1968 5596 Eugenio
2003 5529 2203 5596 tantus
2235 5525 2308 5578 ali
2343 5525 2643 5596 Hispania,
2677 5530 2735 5580 et
2765 5525 2838 5579 ab
2868 5526 2994 5594 eius
3027 5521 3160 5587 rege
3192 5522 3568 5595 potissimum

160 5598 252 5648 est
282 5591 564 5667 habitus,
604 5603 862 5667 quantus
921 5591 1123 5652 haberi
1182 5596 1254 5651 ab
1288 5596 1522 5651 homine
1555 5591 2008 5667 mortali'possit
2064 5594 2288 5666 Quippe
2324 5591 2531 5665 praeter
2561 5598 2736 5652 aliam
2769 5591 3483 5667 translationis—pompam
3515 5598 3574 5648 et

163 5671 516 5740 upparatum
551 5665 1096 5740 incomparabilem,
1131 5667 1385 5740 rexipse
1411 5666 1732 5740 estholicus
1761 5665 2092 5740 incredibili
2126 5665 2450 5740 succensus
2479 5668 2718 5740 pietate,
2750 5667 2910 5740 oneri
2951 5667 3173 5736 subire,
3206 5665 3264 5723 et
3291 5665 3573 5740 humeros

161 5735 384 5811 feretro
415 5735 767 5811 supponere,
795 5745 970 5809 atque
1000 5739 1057 5795 in
1082 5735 1398 5811 pristinam
1428 5738 2019 5811 Toletanam_sedem,
2054 5743 2215 5794 tanto
2248 5743 2380 5811 post
2409 5735 2711 5794 intervallo
2740 5739 2900 5794 velut
2931 5739 3199 5811 reducem
3229 5737 3573 5811 episcopum

157 5805 611 5868 sanctissimum
668 5815 728 5868 et
772 5805 1616 5884 martyrem'glorioaiuimum
1649 5807 1944 5881 revehere,
1975 5805 2083 5886 qro
2113 5805 2331 5884 magno
2360 5808 2650 5868 honorare
2679 5813 2738 5868 et
2765 5811 3063 5884 voluptats
3092 5805 3320 5868 habuit.
3355 5805 3481 5878 Quo
3511 5805 3572 5863 in
