3994 6214
158 243 286 298 837
1205 247 1396 313 νιτΑ,
1437 247 1646 301 war.
1689 247 1730 299 Ρ

2006 244 2117 300 )lX
2151 245 2301 301 SOC.
2345 248 2542 302 JESU.
3477 247 3583 303 838

1633 395 1874 452 CAPUT
1912 397 2125 454 XXIII.

1265 486 1527 556 Dionysii
1553 487 1822 541 modestia
1850 502 1944 542 seu
1974 489 2154 541 animi
2182 487 2498 542 submissio.

235 585 434 640 Altera
466 601 594 655 quae
631 584 688 638 in
719 583 970 653 Dionysii
996 583 1428 657 scriptisgrato
1452 588 1698 657 aspectu
1746 589 1803 657 et
1833 586 1998 654 quasi
2033 585 2359 639 verecundo
2393 601 2491 639 ore
2533 583 2804 648 collucet.
2839 589 3261 657 proptereaque
3304 585 3582 642 omnibus

162 657 382 712 merito
411 657 745 710 adamanda
775 663 831 710 et
858 673 1089 727 semper
1118 658 1175 710 in
1202 655 1332 709 sinu
1371 656 1641 709 habenda
1661 656 2066 726 scriptoribus,
2093 664 2181 711 est
2207 656 2683 722 modestia,velut
2707 659 2820 710 lida
2844 655 3077 727 pietatis
3101 655 3278 723 socia,
3302 664 3356 713 et
3375 658 3584 713 intima

159 729 628 784 contubernalis.
661 729 793 790 Quae
827 727 1110 782 modestia
1140 730 1196 780 in
1230 727 1616 780 mstimatione
1649 728 1864 797 ingenii
1898 736 2067 798 atque
2094 728 2293 796 iudicii
2324 729 2501 798 (quod
2537 732 2650 782 fere
2681 728 2739 782 in
2776 730 3120 783 hominibus
3150 730 3300 783 solet
3327 745 3456 784 esse
3487 747 3580 784 su-

163 802 612 872 perbissimum)
648 817 760 853 non
784 800 978 854 minus
1009 815 1184 870 quam
1209 801 1430 852 caeteris
1451 799 1508 852 in
1535 800 1710 852 rebus
1743 815 1774 872 a
1807 816 2018 871 magno
2036 799 2383 869 Areopagita
2409 809 2781 870 peramanter
2803 803 3120 871 stricteque
3142 801 3446 872 complexa
3467 810 3578 856 est.

160 871 331 935 Quod
368 888 501 924 cum
535 888 602 925 ex
634 872 764 924 aliis
797 873 962 936 locis,
996 877 1120 924 tum
1175 886 1303 924 vero
1335 886 1364 924 e
1396 872 1586 924 tribus
1634 871 1960 941 potissime,
1997 888 2110 924 uno
2147 873 2217 926 De
2239 872 2444 925 cwlesti
2469 871 2806 938 h'erorchia,
2839 874 3020 927 altero
3076 874 3146 927 De
3175 872 3577 939 ecclesiastica,

160 946 342 998 tertio
376 944 448 997 De
485 941 701 1014 divinis
721 942 1039 996 nominibus
1070 941 1264 1012 colligi
1297 942 1448 1014 licet.
1485 942 1628 996 Nam
1661 943 1715 994 in
1746 944 1935 1012 primo
1959 944 2195 1011 quidem
2225 943 2431 997 horum
2457 943 2762 1010 librorum,
2801 949 3106 1014 postquam
3133 960 3312 1014 super
3333 961 3400 998 ea
3422 960 3580 1014 quae-

164 1019 364 1070 stione
397 1031 409 1068 :
448 1015 556 1068 Cur
587 1012 767 1068 Isaias
796 1015 1059 1084 propheta
1112 1015 1381 1084 purgatus
1411 1013 1633 1067 dicatur
1662 1014 2014 1082 aserop/aim,
2047 1031 2218 1068 suam
2265 1015 2631 1084 exposuisset
2675 1012 3051 1082 sententiam,
3083 1012 3336 1085 inge—nuc
3385 1012 3578 1070 fassus

162 1092 259 1142 est
291 1102 412 1140 eam
443 1102 504 1140 se
535 1088 606 1139 a'o
641 1088 755 1139 alio
787 1086 1080 1151 didicisse,
1113 1092 1168 1139 et
1199 1086 1451 1138 libenter
1484 1085 1740 1153 quidem,
1774 1085 1820 1138 si
1858 1086 2062 1139 melior
2097 1086 2374 1139 offeratur
2415 1092 2779 1140 mutaturum
2805 1102 2953 1141 esse.
2988 1087 3082 1141 Sic
3139 1088 3292 1141 enim
3327 1087 3534 1140 scribit
3567 1102 3579 1140 :

168 1183 189 1206 ι
217 1161 416 1227 Atque
451 1161 555 1211 hoc
586 1158 822 1227 quidem
856 1157 952 1211 ille
978 1171 1068 1211 me
1091 1157 1324 1210 docuit:
1359 1155 1475 1228 tibi
1498 1163 1691 1210 autem
1728 1157 1910 1228 trado.
1944 1162 2074 1210 Tua}
2099 1158 2210 1210 erit
2235 1158 2532 1228 sapientiae
2579 1165 2753 1228 atque
2789 1159 3155 1226 eruditionis,
3185 1165 3286 1212 aut
3334 1160 3582 1212 alteram

161 1255 188 1279 ιι
229 1226 548 1283 causarum
580 1226 891 1282 allaturum
924 1228 1081 1282 omni
1116 1229 1292 1300 dubio
1324 1227 1618 1282 exsolvere
1644 1234 1702 1281 et
1732 1226 1918 1292 alteri,
1951 1235 2015 1282 ut
2046 1245 2272 1298 aequam
2307 1226 2363 1283 et
2393 1230 2603 1284 rationi
2635 1226 3112 1300 consentaneam,
3142 1235 3197 1283 et
3251 1245 3443 1282 veram
3472 1231 3585 1282 for-

168 1323 196 1354 ι
229 1301 434 1365 tassis,
469 1306 842 1370 anteponere,
877 1306 979 1354 aut
1015 1309 1204 1353 tecum
1233 1298 1454 1369 aliquid
1489 1300 1642 1370 quod
1679 1300 1918 1369 propius
1951 1301 2029 1354 sit
2061 1301 2290 1354 veritati
2315 1303 2663 1371 excogitare,
2697 1308 2798 1355 aut
2837 1304 2908 1355 ab
2959 1300 3072 1355 alio
3095 1298 3444 1368 addiscere,
3469 1300 3585 1355 Deo

165 1396 194 1422 α
233 1372 468 1452 scilicet
497 1388 829 1452 sermonem
863 1372 1311 1452 suppeditanter
1330 1376 1386 1424 et
1412 1371 1635 1452 angelis
1653 1372 2085 1452 deferentibus,
2108 1379 2281 1452 atque
2305 1371 2384 1425 ita
2409 1373 2574 1452 nobis
2598 1374 2696 1452 qui
2721 1375 3061 1452 apgslorum
3087 1371 3341 1452 studiosi
3361 1388 3584 1452 sumus

171 1468 194 1490 «ι
231 1444 570 1514 clariorem,
606 1443 652 1496 si
685 1445 806 1496 fieri
840 1441 1046 1514 possit,
1078 1448 1133 1497 et
1155 1441 1477 1496 chariorem
1514 1443 1835 1513 patefacere
1862 1443 2409 1513 contemplationem
2439 1466 2488 1497 ».
2520 1441 2715 1498 ltaille
2745 1441 3160 1499 S."I‘imotheo.
3194 1443 3412 1499 Deinde
3434 1445 3588 1512 ejus-

177 1537 203 1566 α
241 1515 382 1570 dem
413 1513 549 1569 libri
575 1520 935 1584 postremum
959 1519 1132 1584 eaput
1153 1515 1231 1566 ita
1255 1513 1496 1583 pulchro
1520 1516 1634 1567 line
1657 1514 1950 1568 concludit
1982 1531 1994 1568 :
2025 1540 2042 1560 α
2071 1517 2195 1569 ιιωο
2222 1515 2361 1568 mihi
2396 1517 2465 1568 de
2496 1517 2678 1570 sacris
2704 1516 2906 1585 ﬁguris
2929 1517 3083 1570 dicta
3109 1521 3324 1570 sunto:
3357 1531 3483 1584 quae
3511 1515 3584 1568 ab

169 1610 197 1636 ι(
230 1590 448 1640 exacta
479 1586 720 1657 quidem
752 1602 953 1640 earum
988 1585 1462 1656 interpretatione
1502 1586 1697 1655 procul
1735 1588 1988 1657 absunt,
2022 1588 2088 1639 ad
2131 1587 2236 1639 hoc
2269 1592 2487 1654 tamen,
2522 1594 2586 1641 ut
2618 1588 3136 1657 arbitror,juvant,
3176 1591 3240 1640 ut
3288 1603 3357 1640 ne
3407 1587 3585 1640 nimis

168 1682 195 1708 ‹‹
232 1657 475 1730 abjecte
501 1656 774 1728 liguralis
807 1657 1164 1730 imaginibus
1195 1657 1686 1730 adhaerescamus.
1719 1656 1878 1719 Quod
1905 1657 1954 1710 si
1983 1658 2226 1725 objicias
2261 1675 2373 1711 non
2399 1661 2660 1714 omnium
2707 1656 3588 1730 angelicorum'virtutum,aut

176 1753 195 1778 ι
237 1729 678 1800 operationum,
721 1734 822 1782 aut
855 1729 1179 1800 imaginum
1216 1728 1421 1800 iecisse
1446 1745 1552 1783 nos
1585 1730 1976 1794 mentionem;
2013 1731 2115 1782 tibi
2143 1731 2414 1800 equidem
2452 1747 2713 1800 prorsus,
2739 1728 3232 1800 quemadmodum
3266 1745 3358 1783 res
3389 1729 3584 1792 habet,

167 1825 193 1850 ι(
232 1801 607 1872 respondebo
635 1817 647 1854 :
685 1817 888 1869 nempe
923 1799 1026 1854 nos
1058 1799 1312 1873 scientias
1346 1799 1503 1853 illius
1525 1801 2021 1873 supermundanze
2052 1799 2228 1854 rudes
2258 1817 2409 1863 esse,
2437 1799 2612 1873 atque
2633 1799 2972 1872 alio’potius
3003 1803 3073 1855 ad
3105 1817 3173 1854 ea
3196 1800 3581 1873 perdiscenda

167 1898 193 1922 ‹‹
227 1871 478 1927 doctore
508 1876 684 1942 atque
718 1873 1034 1942 interprete
1067 1871 1364 1941 indigere;
1398 1876 1521 1924 tum
1555 1873 1750 1939 etiam,
1784 1871 1883 1925 illa
1910 1889 2038 1942 quae
2073 1873 2236 1942 prius
2285 1871 2565 1943 expositis
2614 1871 2835 1928 similia
2867 1878 3008 1927 sunt
3057 1873 3442 1942 eamdemque
3473 1872 3587 1926 vim

167 1968 194 1994 «
234 1945 488 2016 habent,
534 1960 638 1998 nos
671 1948 880 2013 sponte
913 1944 1376 2016 praetermisisse,
1411 1948 1529 1997 tam
1565 1944 1620 2016 in
1655 1943 1898 1997 dicendo
1932 1944 2171 2016 modum
2204 1952 2587 2013 aUGUpantes,
2614 1961 2784 2016 quam
2815 1962 2903 1998 res
2938 1944 3366 2016 reconditas,_et
3421 1944 3580 2016 ingef

163 2040 190 2066 ‹‹
223 2015 329 2069 nio
367 2021 566 2069 nostro
601 2017 849 2085 majores
880 2013 1108 2070 silentio
1131 2020 1496 2070 venerantes.
1525 2037 1551 2062 »
1576 2015 1908 2069 Secundum
1931 2031 2067 2069 vero
2091 2015 2328 2083 librum,
2350 2016 2613 2085 510(ιυὶ
2633 2013 2721 2070 est
2742 2018 2816 2071 De
2834 2015 3039 2070 corlesti
3067 2014 3404 2080 hierarchia,
3430 2013 3586 2068 haud

167 2103 377 2142 minus
416 2089 683 2156 specioso
716 2087 872 2140 exitu
898 2091 1248 2140 terzninawt.
1282 2087 1371 2139 Sic
1395 2085 1549 2140 enim
1585 2087 1730 2140 dixit
1765 2103 1778 2140 :
1814 2108 1840 2134 ‹‹
1883 2088 2019 2154 Ista,
2051 2087 2152 2154 fili,
2184 2091 2303 2141 tam
2358 2087 2541 2142 multa
2565 2093 2621 2142 et
2653 2094 2770 2142 tam
2817 2087 3113 2157 przeclara,
3154 2096 3205 2141 et
3263 2087 3590 2157 singularia

166 2182 195 2209 ι(
228 2158 584 2213 ᾕίετιιτοιὶὶω
623 2165 834 2211 nostrae
867 2157 1201 2230 spectacula
1221 2159 1412 2212 videre
1447 2157 1809 2230 mihidatum
1844 2164 1932 2212 est
1964 2175 1976 2212 :
2003 2157 2136 2212 aliis
2167 2164 2360 2212 autem
2426 2159 2952 2230 perspicacioribus
2985 2159 3287 2230 mentibus
3316 2175 3445 2230 non,
3479 2158 3586 2212 hoc

175 2254 193 2276 ι
230 2230 440 2297 modo,
468 2231 564 2283 sed
594 2230 770 2283 etiam
808 2229 992 2283 multo
1023 2230 1269 2284 clariora
1299 2235 1355 2283 et
1387 2228 1672 2283 diviniora
1705 2231 1848 2283 forte
1883 2235 2186 2300 perspecta
2217 2236 2396 2296 sunt;
2433 2228 2656 2300 tibique
2701 2231 2834 2301 ipsi,
2872 2238 2935 2284 ut
2976 2229 3201 2298 opinor,
3236 2229 3587 2301 illustriores

175 2326 194 2350 ι
233 2307 423 2372 atque
455 2301 770 2354 diviniores
804 2301 1270 2372 pulchritudines
1295 2301 1362 2353 ad
1405 2301 1807 2354 sublimiorem
1838 2302 2068 2354 radium
2109 2303 2236 2371 jam
2267 2302 2439 2354 dictis
2461 2300 2741 2371 gradibus
2785 2302 3154 2356 contendenti
3188 2300 3586 2354 collucebunt.

171 2397 198 2422 ‹‹
231 2373 435 2436 Quare
486 2377 856 2426 communica
904 2379 964 2427 tu
1017 2388 1251 2442 quoque
1295 2388 1629 2444 mecum,_o>
1657 2372 1886 2444 dilecte,
1921 2375 2322 2442 perl'ectiorem
2374 2373 2586 2441 lucem,
2618 2379 2674 2426 et
2705 2373 3136 2444 praestantiores
3169 2378 3342 2444 atque
3374 2373 3592 2425 unifor-

172 2469 190 2494 ι
231 2446 480 2507 miores,
514 2459 896 2514 quascunque
939 2441 1198 2498 contueri
1234 2447 1448 2514 poteris
1481 2441 1970 2512 pulchritudines,
2001 2443 2186 2498 oculis
2210 2444 2356 2497 meis
2389 2441 2809 2499 commonstra.
2845 2444 2989 2498 Nam
3037 2460 3137 2514 per
3168 2441 3310 2510 haec,
3337 2459 3586 2514 quomo-

163 2540 187 2565 α
214 2517 287 2571 do
326 2535 366 2570 a
400 2531 492 2569 me
522 2513 673 2568 dicta
706 2513 866 2583 sunt,
900 2514 1103 2569 insitas
1132 2513 1245 2569 tibi
1272 2513 1424 2586 ignis
1457 2513 1635 2586 divini
1667 2514 1952 2568 scintillas
1983 2515 2295 2569 excitatum
2328 2516 2394 2569 iri
2431 2516 2678 2570 confido.
2716 2539 2742 2565 »
2774 2515 2900 2570 Jam
2937 2513 3131 2569 autem
3165 2514 3311 2568 libro
3347 2520 3423 2569 De
3451 2513 3591 2567 divi-

163 2591 252 2644 nis
285 2586 618 2642 nominibus
679 2586 827 2640 hanc
856 2602 988 2641 vere
1037 2603 1270 2640 auream
1303 2585 1584 2656 imposuit
1614 2586 1943 2640 coronidem
1972 2608 1996 2634 «
2024 2585 2153 2640 Haec
2182 2603 2287 2640 nos
2318 2587 2515 2640 divina
2543 2589 2781 2641 nomina
2807 2589 2859 2640 in
2890 2603 3070 2640 unum
3098 2589 3394 2657 congesta,
3446 2601 3588 2656 qua-

166 2683 191 2708 «
227 2667 408 2714 tenus
440 2657 672 2728 assequi
708 2659 910 2712 datum
945 2663 1033 2712 est
1063 2658 1474 2729 explicuimus,
1508 2674 1621 2711 non
1652 2659 1823 2712 modo
1857 2657 2112 2727 impares
2155 2662 2436 2712 accurata:
2485 2659 2718 2713 illorum
2769 2658 3113 2728 expositioni
3168 2657 3345 2728 (quod
3398 2662 3455 2710 et
3485 2673 3586 2729 an-_

169 2755 192 2780 ιι
228 2732 350 2802 geli
395 2747 465 2784 ex
496 2727 628 2802 vero
659 2731 900 2802 dicant),
935 2746 1037 2782 nec
1072 2727 1373 2802 iisetiam,
1409 2745 1557 2800 quas
1584 2729 1779 2802 angeli
1810 2729 2097 2794 tribuunt,
2134 2729 2408 2784 laudibus
2442 2729 2745 2784 interiores
2779 2727 2932 2802 (cum
2960 2737 3016 2784 et
3058 2727 3372 2802 postremis
3407 2727 3591 2802 nostri

170 2824 192 2852 ι
226 2800 451 2857 cedant
482 2801 760 2871 theologi)
785 2817 974 2870 neque
1007 2803 1144 2854 item
1180 2801 1460 2870 theologis
1483 2800 1648 2871 ipsis,
1673 2817 1993 2871 eorumque
2025 2802 2388 2855 auditoribus
2423 2805 2480 2854 et
2509 2801 2964 2856 assectatoribus
2987 2800 3342 2865 conferendi,
3367 2801 3466 2853 sed
3493 2815 3590 2853 eo-

167 2897 191 2921 «
216 2891 354 2928 rum
394 2889 646 2943 quoque,
681 2871 779 2941 qni
823 2873 1002 2943 nostri
1056 2878 1190 2926 sunt
1235 2872 1478 2940 ordinis,
1533 2874 1807 2942 postremi
1839 2878 1895 2926 et
1925 2873 2132 2926 intimi.
2168 2874 2356 2936 Quare
2386 2873 2434 2926 si
2475 2878 2627 2927 recte
2683 2874 2920 2943 quidem
2973 2873 3247 2939 habeant,
3281 2887 3406 2942 quae
3440 2887 3472 2943 a
3499 2887 3591 2925 me

167 2968 192 2994 «
225 2946 392 3000 dicta
413 2940 580 3010 sunt,
615 2950 669 2997 et
701 2940 802 3014 pro
829 2942 953 2998 loco
991 2949 1191 2998 nostro
1220 2949 1277 2997 et
1307 2940 2053 3014 ordinm—interpretationis
2085 2943 2414 2998 divinorum
2478 2940 2784 2999 nominum
2818 2947 3168 2999 sententiam
3216 2940 3465 2998 assecuti
3497 2957 3592 2995 su-

167 3033 387 3078 «mus,
417 3016 474 3069 id
511 3013 794 3069 bonorum
827 3015 1092 3068 omnium
1129 3016 1350 3069 auctori
1387 3019 1688 3084 acceptum
1716 3013 2026 3080 referatur,
2061 3016 2159 3084 qui
2195 3016 2381 3085 primo
2415 3016 2650 3084 quidem
2683 3016 2937 3082 dicendi,
2971 3017 3176 3070 deinde
3207 3022 3265 3069 et
3322 3015 3469 3068 bene
3501 3013 3590 3066 di-

172 3111 197 3137 ι(
232 3088 413 3158 cendi
446 3086 654 3141 tribuit
686 3086 1045 3140 facultatem.
1080 3087 1238 3151 Quod
1274 3087 1318 3140 si
1355 3102 1554 3140 eorum
1591 3085 1929 3158 nominum,
1952 3103 2077 3156 qua:
2109 3087 2373 3141 eamdem
2406 3088 2522 3141 vim
2584 3087 2820 3155 habent,
2857 3088 3094 3158 aliquod
3132 3085 3588 3158 praetermissum

176 3183 202 3208 ιι
236 3163 355 3225 est,
393 3157 447 3211 id
481 3159 681 3212 eadem
715 3158 806 3230 via
837 3164 892 3212 et
926 3158 1659 3230 rationersubaudiendum
1694 3157 1824 3230 erit.
1877 3157 1976 3212 Sin
2034 3159 2232 3212 minus
2265 3165 2416 3213 recte
2447 3159 2714 3213 minusve
2745 3157 2994 3230 perfecte
3027 3157 3146 3212 haec
3175 3177 3204 3230 a
3240 3157 3408 3230 nobis
3439 3162 3591 3230 trac-

183 3255 207 3280 ‹‹
241 3236 376 3284 tata
397 3234 558 3298 sunt,
593 3235 691 3283 aut
722 3229 769 3284 si
801 3231 972 3282 etiam
1007 3229 1298 3284 avcritate
1329 3229 1414 3282 vel
1447 3228 1686 3283 omnino
1713 3228 1800 3283 vel
1840 3246 1907 3284 ex
1939 3235 2100 3299 parte
2134 3231 2554 3293 aberravimus,
2590 3236 2702 3284 tuae
2743 3226 2918 3285 fuerit
2967 3229 3352 3283 humanitatis
3401 3226 3588 3299 corri-_

184 3324 210 3351 »
243 3318 391 3373 gere
425 3297 551 3373 non,
573 3308 780 3370 sponte
811 3301 1198 3371 ignorantem,
1235 3307 1291 3355 et
1322 3300 1660 3355 addiscendi
1684 3297 1991 3373 cupidum
2037 3301 2308 3356 edocere:
2337 3310 2512 3372 atque
2543 3301 2719 3356 etiam
2764 3302 2919 3356 haud
2956 3302 3098 3356 satis
3136 3316 3348 3373 perhse
3375 3297 3592 3352 valenti

184 3398 207 3422 α
241 3371 419 3444 opem
459 3371 604 3425 ferre
635 3378 1007 3444 etiisgrotare
1042 3373 1260 3428 nolenti
1294 3373 1642 3426 medicinam
1677 3371 1900 3438 facere;
1934 3378 1989 3426 et
2020 3373 2132 3444 alia
2165 3373 2400 3442 quidem
2427 3391 2459 3428 a
2493 3379 2546 3427 te
2581 3375 2727 3444 ipso,
2763 3373 2878 3428 alia
2911 3390 3042 3427 vero
3075 3376 3146 3426 ab
3181 3371 3310 3425 aliis
3336 3371 3592 3444 inventa,

177 3469 200 3494 (ι
237 3443 342 3499 sed
375 3444 569 3497 omnia
601 3445 672 3498 ab
701 3443 829 3514 ipso
865 3446 1013 3498 bona
1033 3450 1300 3514 percepta
1331 3443 1388 3497 in
1424 3445 1976 3500 nostrsnsfundere.
2011 3443 2208 3514 Neque
2243 3451 2296 3498 te
2327 3446 2519 3515 pigeat
2540 3443 2838 3498 hominem
2873 3446 3124 3498 amicum
3158 3444 3386 3515 afficere
3421 3443 3595 3515 bene:

175 3540 200 3566 ιι
228 3516 408 3570 ficio:
441 3531 573 3568 cum
608 3521 664 3568 et
695 3513 797 3569 nos
831 3513 1274 3570 videas’nullam
1311 3515 1479 3570 nobis
1512 3515 1861 3569 traditarum
1900 3513 2203 3570 sacrarum
2256 3513 2692 3570 institutionum
2730 3517 2882 3570 intra
2931 3533 3034 3569 nos
3067 3513 3450 3577 continuisse,
3486 3513 3585 3566 sed

177 3609 197 3637 ι
229 3604 330 3643 eas
374 3587 821 3658 tecumcazteris
853 3588 1034 3641 sacris
1061 3587 1398 3641 hominibus
1432 3589 1800 3656 incorruptus
1832 3588 2320 3651 communicasse,
2347 3588 2428 3640 uti
2461 3588 2812 3658 etdeinceps
2841 3585 3590 3658 communicaturisumus,

185 3679 205 3706 σ
240 3665 423 3730 prout
452 3657 687 3730 quidem
721 3663 774 3711 et
797 3675 903 3730 nos
937 3659 1007 3712 ad
1040 3659 1376 3724 dicendum,
1410 3665 1466 3712 et
1499 3675 1664 3730 pares
1695 3658 1790 3730 alli
1847 3659 2066 3712 fuerint
2097 3659 2167 3712 ad
2201 3659 2591 3712 audiendum:
2629 3655 2759 3712 nec’
2791 3658 2976 3730 iniqui
3024 3659 3179 3730 circa
3206 3655 3588 3730 traditionem

178 3754 202 3779 ‹‹
236 3727 490 3792 erimus,
531 3729 642 3783 nisi
677 3730 724 3783 si
757 3729 841 3782 vel
877 3731 942 3784 ad
980 3730 1425 3800 intelligendum
1460 3729 1544 3782 vel
1575 3730 1642 3781 ad
1679 3729 2071 3799 eloquendum
2119 3730 2408 3783 fuerimus
2440 3730 2744 3784 tardiores.
2770 3727 3032 3782 Ssd’haac
3078 3727 3338 3800 quidem,
3367 3731 3436 3800 ut
3481 3727 3593 3800 Deo

179 3825 202 3850 ι(
230 3807 500 3872 gratum,
539 3801 616 3855 ita
647 3817 707 3854 se
739 3800 1016 3865 habeant,
1052 3808 1108 3855 et
1155 3795 1460 3855 dicantur:
1496 3805 1551 3854 et
1583 3800 1674 3854 hic
1707 3795 1806 3854 sit_
1841 3800 2171 3854 divinorum
2201 3801 2507 3855 nominum
2540 3817 2665 3870 quae
2724 3805 2919 3854 mente
2953 3795 3352 3871 percipiuntur
3406 3795 3584 3849 finis:

181 3896 204 3922 α
238 3873 509 3944 ηυηγονειᾶ
537 3872 920 3944 theologicam
954 3872 1360 3944 symbolicam,
1399 3876 1509 3944 Deo
1540 3872 1812 3944 ducente,
1845 3873 2252 3944 transibimus.

250 3945 335 3998 Ita
368 3943 587 3997 librum
621 3936 782 3998 illum
818 3936 1130 3998 beato'fine
1163 3936 1816 4014 concluditDionysius.
1841 3943 2022 4014 Cujus
2056 3941 2340 3997 modestia
2369 3945 2425 3997 et
2459 3939 2976 4014 animisubmissio
2999 3956 3109 3994 non
3130 3954 3198 3992 cx
3223 3936 3312 3992 his
3336 3941 3590 4000 tantum,

181 4015 273 4068 sed
309 4032 385 4070 ex
420 4014 554 4068 aliis
609 4015 1014 4085 compluribus
1041 4015 1203 4082 locis,
1237 4031 1486 4083 quorum
1519 4011 1716 4085 aliqua
1777 4011 1938 4069 alibi'
1972 4015 2292 4085 tetigimus,
2327 4014 2599 4081 cognosci
2652 4017 2861 4085 potest.
2897 4011 3320 4085 Verumtamen
3371 4024 3436 4062 ea
3467 4024 3592 4085 quae

182 4089 563 4156 conjunctam
598 4078 815 4141 habe-nt
846 4086 1033 4157 ipsius
1053 4078 1767 4157 erga'prreceptoressuos
1825 4078 2112 4150 insignem
2171 4078 2551 4139 reverentiam
2589 4078 2761 4157 atque
2795 4083 3052 4157 laudem,
3086 4082 3261 4157 tacite
3303 4078 3594 4151 praalerire

181 4153 562 4229 qni'possum
588 4158 615 4211 ?
645 4158 787 4212 Nam
821 4153 1024 4226 optimi
1058 4153 1415 4212 sane-animi
1442 4162 1499 4210 et
1532 4157 1908 4212 nobilissima;
1941 4158 2154 4212 indolis
2187 4158 2424 4228 signum
2460 4162 2548 4229 est
2583 4153 3002 4229 clarissimum,
3041 4161 3103 4209 ut
3135 4153 3428 4229 minorum
3460 4167 3596 4221 erga

186 4225 462 4299 majores,
498 4231 582 4283 sic
610 4225 1034 4299 discipulorum
1069 4233 1348 4284 adversus
1383 4234 1759 4299 praeceptores
1792 4247 1931 4283 suos
1964 4229 2149 4284 honor
2178 4225 2606 4283 efreverentia.
2641 4227 2775 4299 Quae
2806 4227 2864 4281 in
2899 4232 3102 4282 sancto
3145 4225 3430 4299 Dionysio
3471 4229 3593 4277 tam

183 4298 521 4356 illustribus
557 4301 710 4356 notis
733 4298 1122 4366 emicuerunt,
1156 4318 1328 4372 quam
1366 4298 1578 4372 inulto
1607 4300 1718 4353 alio
1778 4300 2023 4355 antehac
2059 4301 2322 4355 fortassis
2356 4300 2609 4372 nemine.
2643 4298 2946 4372 Siquidem
3004 4298 3418 4372 magistrorum
3452 4311 3593 4372 suof

181 4388 309 4427 rum
343 4372 439 4426 vix
463 4389 783 4443 nunquam,
817 4389 881 4427 ac
931 4390 1002 4427 ne
1035 4374 1126 4426 vix
1160 4367 1396 4443 quidem
1432 4371 1488 4425 in
1523 4373 1758 4439 scriptis
1791 4378 1938 4434 suis,
1976 4373 2085 4425 nisi
2141 4374 2263 4426 suis
2290 4370 2617 4443 gratissima
2665 4367 2846 4424 debiti
2878 4367 3127 4424 honoris
3150 4367 3502 4443 praefatione,
3538 4369 3596 4443 et

185 4443 272 4517 sui
307 4459 426 4517 pra:
459 4442 575 4498 illis
604 4437 823 4517 magna
854 4437 1258 4517 submissione
1283 4437 1847 4517 atquedespicentia
1869 4437 2467 4498 commeminitCNam
2502 4442 2792 4517 Hierothei
2835 4444 3070 4517 quidem
3125 4437 3300 4517 unius
3348 4454 3378 4517 e
3412 4437 3592 4517 magi-

182 4515 284 4568 stis
308 4511 458 4568 'suis
487 4517 665 4569 verba
697 4511 737 4569 ε’
759 4515 1100 4586 theologicis
1123 4511 1617 4580 institutionibus,
1645 4517 1714 4569 ad
1753 4515 2100 4569 ﬁrmandam
2133 4517 2258 4582 ejus
2291 4515 2636 4570 auctoritate
2672 4511 3043 4586 propositam,
3068 4530 3100 4565 a
3149 4528 3210 4565 se
3232 4511 3592 4586 doctrinam,

184 4602 295 4658 non
330 4586 465 4639 sine
483 4587 692 4640 eximia
722 4578 985 4655 ejusdem
1021 4587 1192 4642 laude
1225 4603 1288 4641 ac
1321 4578 1689 4640 veneratione
1725 4587 2038 4657 aliquoties
2101 4578 2318 4658 profert
2350 4589 2403 4641 in
2441 4578 2722 4640 medium.
2757 4578 2902 4658 Cum
2955 4583 3108 4637 enim
3180 4578 3588 4658 admirandam

188 4657 414 4730 Domini
448 4659 586 4730 Jesu
614 4657 670 4712 in
705 4652 869 4712 utero
897 4658 1161 4730 virgineo
1191 4659 1658 4730 efformationem
1695 4674 1797 4712 nec
1825 4652 2248 4712 sermone'ullo
2281 4657 2554 4728 exprimi,
2589 4674 2690 4711 nec
2725 4657 2843 4730 ulla
2877 4659 3069 4710 mente
3099 4652 3346 4730 concipi,
3369 4666 3590 4730 bean-

182 4729 371 4796 gelica
401 4729 636 4797 quidem
670 4734 725 4782 et
757 4721 1083 4799 seraphica,
1118 4729 1434 4795 docuisset,
1465 4734 1590 4784 tum
1616 4730 1686 4784 de
1717 4731 1919 4785 eadem
1955 4729 2170 4785 Christi
2205 4721 2463 4784 humana
2511 4729 2885 4798 generatione
2918 4733 3092 4799 atque
3139 4721 3438 4779 miraculis
3471 4721 3591 4799 haec

183 4815 310 4854 cum
351 4796 616 4871 magistri
654 4799 870 4855 honore
894 4796 1152 4870 subjecit
1185 4819 1196 4856 :
1234 4803 1358 4857 H.130
1389 4805 1594 4866 autem,
1621 4800 1828 4871 inquit,
1863 4807 1913 4856 ct
1943 4803 2087 4856 alibi
2115 4820 2147 4853 α
2177 4801 2332 4854 nobis
2362 4796 2740 4867 compluribus
2770 4801 2827 4854 in
2861 4797 3401 4871 tocis_demonsti'ata
3430 4796 3590 4871 sunt,

183 4874 229 4924 et
260 4875 328 4925 ab
366 4863 571 4940 inclyte
598 4881 933 4942 praeceptore
960 4863 1148 4927 nostro
1184 4873 1242 4926 in
1272 4873 1388 4925 suis
1416 4863 1783 4928 Theolonicis
1816 4863 2288 4927 institutionibus
2323 4895 2347 4919 ‹‹
2389 4863 2664 4942 perquam
2700 4871 2908 4925 eximie
2931 4868 3226 4942 celebrata
3255 4867 3406 4921 :sive
3427 4863 3528 4917 illa
3560 4880 3592 4918 a

190 4961 213 4991 σ
239 4943 422 5026 sacris
442 4939 722 5012 theologis
746 4939 1054 5026 acceperit,
1083 4945 1205 4998 sive
1230 4960 1295 5026 ex
1314 4950 1582 5026 accurata
1605 4945 1833 5026 Scriptu
1846 4961 2037 5025 rarum
2066 4939 2528 5026 perscrutatinne
2553 4942 2735 5024 multa
2754 4943 2808 4995 in
2829 4939 3593 5026 eis‘exercitationepsuque

193 5035 217 5058 α
251 5014 537 5088 diuturno
573 5007 947 5088 perspexerit,
979 5017 1097 5070 sive
1127 5033 1194 5069 ex
1224 5017 1422 5084 aliqua
1444 5007 2139 5086 diviniore'inspiratione
2163 5017 2400 5088 edoctus
2425 5014 2616 5088 fuerit,
2653 5030 2763 5067 non
2809 5012 3002 5067 studio
3033 5009 3380 5088 solum,.s_e_d
3416 5007 3591 5088 etiam

191 5103 210 5126 ο
245 5077 649 5154 experimento
680 5077 879 5158 divina
909 5077 1238 5155 assecutus,
1273 5077 1448 5157 atque
1481 5105 1548 5142 ex
1581 5089 1834 5158 quadam
1857 5077 2095 5141 Inaturtc
2143 5086 2546 5139 converiii'siitia
2578 5077 2752 5154 atque
2784 5083 3202 5158 consensione,
3223 5083 3282 5158 si;
3305 5079 3386 5133 ita
3429 5077 3585 5148 loqui

193 5175 218 5206 ι
251 5159 336 5210 fas
369 5163 478 5219 est,
513 5159 582 5210 ad
622 5157 950 5230 mysticam,
981 5165 1036 5213 et
1066 5175 1196 5229 quae
1219 5154 1331 5212 non
1353 5154 1626 5222 docetur,
1663 5161 1761 5213 sed
1797 5160 2136 5230 suspicitur,
2171 5159 2642 5230 coniunctionem
2669 5162 2842 5226 atque
2876 5154 3324 5230 ﬁdem‘pcrfecte
3354 5166 3594 5230 proyec-

188 5249 214 5273 «
247 5231 364 5302 tus.
390 5232 580 5302 Atque
605 5221 916 5302 ut'multas
940 5221 1002 5283 et
1022 5221 1219 5286 beatas
1248 5230 1478 5302 optimae
1502 5221 1662 5285 illine
1695 5221 2360 5301 mentis-speculationes
2386 5229 2439 5282 in
2467 5221 3196 5302 paucissimisostendam,
3222 5221 3438 5302 hiecde
3458 5221 3594 5302 Jesu

191 5321 209 5344 -
246 5298 301 5351 in
337 5294 600 5355 collectis
633 5317 666 5353 a
693 5317 752 5355 se
777 5300 1254 5356 institutionibus
1284 5294 1368 5357 ait
1393 5317 1406 5357 :
1442 5303 1722 5358 Omnium
1755 5319 1934 5358 causa
1960 5294 2052 5358 est
2085 5308 2141 5356 et
2163 5294 2654 5370 complementum
2678 5299 2815 5354 Jesu
2841 5297 3116 5370 divinitas
3137 5317 3184 5364 ,ι
3217 5301 3326 5370 etc.
3354 5294 3440 5348 Ita
3465 5294 3591 5346 Dio-

185 5369 388 5447 nysius
421 5371 571 5447 libro
601 5372 676 5427 De
703 5371 909 5427 divinis
938 5374 1280 5447 nominibus,
1306 5391 1434 5445 cap.
1465 5375 1518 5429 2.
1543 5375 1671 5447 Jam
1705 5379 1902 5447 autem
1936 5374 2201 5447 ejusdem
2236 5366 2515 5442 libricap.
2539 5371 2717 5447 3,Aubi
2745 5371 2814 5426 de
2837 5369 3215 5447 celeberrimo
3239 5366 3338 5422 illo
3362 5369 3595 5447 aposto-

190 5438 372 5496 lorum
405 5443 779 5516 aliorumque
813 5445 1157 5516 pontiﬁcum
1191 5447 1346 5516 apud
1379 5438 1817 5501 sanctissimam
1851 5438 2160 5515 Deiparam
2197 5438 2481 5500 conventu
2516 5443 2656 5516 agit,
2692 5458 2866 5513 quam
2917 5441 3208 5516 eumdem.
3240 5438 3593 5516 magistrum

185 5527 411 5590 «‘suum
446 5509 728 5590 extollit’l
753 5509 928 5590 quam
963 5535 1024 5573 se
1054 5509 1332 5589 deprimit
1365 5517 1376 5571 ι
1415 5518 1552 5582 Ejus
1585 5517 1759 5573 verba
1787 5520 1840 5572 S.
1869 5509 2243 5572 Timotheum
2280 5516 2488 5587 Ephesi
2525 5509 2861 5590 epis-cdpum
2897 5509 3245 5590 alloquentis
3270 5509 3590 5590 hazcsunt:

185 5584 338 5651 Apud
370 5587 532 5663 ipsos,
565 5579 786 5658 inquit,
817 5611 844 5637 «
869 5588 994 5663 ADeo
1027 5579 1256 5663 afflictos
1289 5579 1593 5663 pontifices
1623 5595 1876 5656 nostros,
1900 5606 2041 5663 cum
2074 5594 2132 5643 et
2163 5605 2288 5652 nos,
2325 5579 2384 5641 ut
2419 5579 2591 5663 nosti,
2625 5593 2680 5640 et
2711 5579 2807 5639 ille
2842 5606 2867 5663 i3
2899 5579 3271 5663 (llierotlieus
3293 5579 3539 5663 scilicet)
3571 5601 3589 5624 ο

187 5676 213 5702 α
249 5671 316 5732 ac
346 5655 611 5732 plerique
639 5653 669 5712 ὁ
699 5653 915 5715 nostris
948 5662 1169 5717 sanctis
1201 5653 1483 5715 fratribus
1516 5663 1584 5716 ad
1618 5653 2170 5732 contemplationem
2207 5659 2465 5732 corporis
2501 5657 2679 5723 illius,
2714 5657 2868 5732 quod
2903 5653 3029 5709 vitae
3075 5653 3428 5732 principium
3464 5665 3596 5704 exs-

193 5745 214 5774 ι
265 5726 404 5794 titit,
435 5726 739 5804 Deumque
762 5734 1046 5803 suscepit,
1072 5732 1550 5788 convenissemus
1585 5734 1811 5804 (aderat
1834 5726 2028 5787 autem
2064 5737 2119 5786 et
2148 5726 2397 5786 Jacobus
2425 5731 2607 5804 frater
2635 5729 2885 5804 Domini,
2917 5731 2973 5804 et
2998 5731 3228 5804 l’etrns_
3249 5737 3596 5804 supremum

185 5818 212 5842 α
247 5813 315 5876 ac
351 5793 600 5876 maxime
622 5793 1464 5876 venerandum,theologorum
1499 5793 1795 5876 columen)
1825 5820 2078 5875 cumque
2109 5821 2174 5857 eo
2206 5808 2513 5876 conspecto
2557 5801 2892 5876 placuisset,
2917 5803 2980 5876 ut
3010 5793 3596 5876 potentissimam'di-

187 5870 842 5950 *fjimedimbecillitatis
874 5875 1196 5932 bonitatem
1219 5867 1520 5950 pontifices
1543 5894 1747 5932 omnes
1770 5867 1868 5950 pro
1891 5867 1996 5932 suo
2029 5877 2279 5950 quisque
2312 5867 3159 5950 ingenio'coliaudarcnt,:tuni
3187 5867 3305 5933 ille,
3330 5872 3395 5922 ut
3426 5867 3542 5950 scis
3567 5885 3594 5910 »

192 5939 588 6015 (Hierotheus)
621 5968 648 5994 ‹‹
682 5945 815 6003 aliis
874 5949 1150 6006 omnibus
1209 5938 1518 6006 sacrorum
1564 5938 1866 6020 magistris
1918 5938 2247 6004 secundum
2306 5938 2602 6018 apostolos
2669 5941 3240 6017 praceilebat,totus
3283 5938 3594 5998 excedens,
