3994 6214
294 220 407 275 905

1277 219 1340 270 P.
1379 217 1698 272 HALLOIX
1734 217 1884 272 SOC.
1925 219 2103 274 JESU
2140 220 2609 283 QUESTIONES
2644 225 2739 277 IV.

3606 227 3716 286 906

297 344 576 424 Gregorio
598 343 1004 424 ltisgnopatet,
1028 338 1455 424 quididipsum
1471 340 1605 396 fecit
1621 339 1950 424 homilia3t
1976 347 2030 414 Α
2060 342 2190 424 dum
2225 347 2608 424 operutiencm
2649 347 2911 424 potentiae
2939 346 3165 424 virtuti:
3192 351 3328 422 ejus,
3368 365 3550 424 quam,
3583 367 3714 424 ορθ-

302 417 365 471 in
397 413 718 484 Evangelia;
752 436 779 463 ‹‹
817 413 1034 470 Novem
1065 428 1219 484 vero,
1245 413 1456 483 inquit,
1489 420 1832 484 sngelorum
1864 430 1949 469 or-

296 491 473 544 dines
504 482 784 551 diximus,
819 485 959 556 quia
985 482 1256 539 videlicet
1285 482 1435 551 esse,
1487 482 1738 540 testante
1784 502 1949 540 sacro

300 560 566 631 Eloquio,
626 559 851 631 cimus
899 556 1159 631 angelus,
1207 556 1630 631 archangelos,
1680 557 1947 631 virtutes,

297 627 642 704 potestates,
658 627 1046 704 principatus,
1063 628 1514 704 dominationes,
1537 627 1802 704 thronos,
1821 628 1954 684 che-

297 699 502 759 rubim
537 699 712 772 atque
751 701 1073 773 seraphim.
1116 703 1254 755 Esse
1283 715 1562 773 namque
1611 699 1848 772 angelos
1895 703 1952 755 et

294 770 706 846 archangelos,
741 770 1121 846 pene'omnes
1148 770 1297 826 sacri
1331 771 1557 846 Eloquii
1591 770 1815 843 paginas
1859 776 1941 826 te-

295 843 556 903 stantur.
574 843 890 915 cherubim
915 859 1049 898 vero
1067 847 1241 914 atque
1259 843 1547 915 seraphim
1578 859 1750 915 saepe,
1771 847 1834 898 ut
1854 860 1954 899 no-

296 926 428 974 tum
488 922 599 982 est,
659 914 796 971 libri
856 913 1954 987 prophetarumloquunturCQuatuor

292 1006 527 1062 quoque
549 985 1318 1062 ordinumnominai’aulus
1341 985 1642 1062 apostolus
1665 987 1736 1062 ad
1761 987 1951 1058 Ephe-

291 1058 778 1128 sios—enumerat,
812 1060 1050 1114 dicens:
1082 1058 1260 1128 Supra
1289 1071 1505 1112 omnem
1537 1059 1953 1129 principatum,

286 1145 345 1190 et
373 1137 716 1206 potestatem,
748 1135 802 1206 ct
830 1130 1111 1197 virtutem,
1141 1133 1217 1206 et”
1237 1128 1670 1206 dominationem
1699 1128 1796 1206 (di.
1842 1129 1950 1206 Qui

296 1201 511 1261 rursus
540 1204 611 1259 ad
662 1203 1038 1260 Colossenses
1086 1202 1348 1257 scribens
1395 1201 1512 1257 ait:
1563 1203 1690 1257 Sive
1736 1202 1947 1270 throni,

287 1278 408 1332 sive
434 1280 742 1344 potestates,
772 1274 886 1330 sive
908 1275 1214 1344 potestates,
1242 1273 1359 1328 sive
1378 1272 1784 1328 dominationes
1802 1272 1892 1344 (θ).
1916 1293 1944 1326 ιι

291 1349 520 1405 Deinde
551 1346 776 1418 colligit
819 1361 1139 1418 numerum
1189 1347 1295 1400 hoc
1339 1345 1550 1401 modo:
1602 1366 1623 1392 α
1676 1345 1949 1400 Domina—

286 1421 506 1486 tiones,
539 1415 753 1488 inquit,
798 1423 856 1472 et
902 1415 1290 1487 principatus,
1331 1433 1397 1472 ac
1447 1419 1786 1487 potestates,
1827 1419 1946 1472 tam

287 1494 366 1548 ad
401 1490 680 1563 Ephesios
712 1490 958 1563 loquens
990 1489 1417 1563 descripserat;
1452 1488 1552 1543 sed
1604 1503 1671 1563 ea
1715 1503 1949 1563 quoque

285 1559 745 1620 Colossensibus
761 1559 1046 1627 dicturus,
1066 1560 1349 1631 praemisit
1367 1559 1709 1631 thronos,de
1733 1560 1950 1631 quibus

283 1638 513 1692 nedum
536 1633 858 1704 quidquam
886 1630 1622 1704 fuerutEphesiislocutus.
1639 1630 1788 1686 Dum
1811 1647 1946 1703 ergo

284 1709 410 1790 illis
422 1701 717 1790 quatuor;
737 1720 877 1790 quae.
896 1705 967 1758 ad
1003 1701 1279 1790 Ephesios
1309 1702 1473 1790 dixit,
1504 1701 1562 1790 id
1603 1706 1691 1790 est
1729 1701 1946 1790 princi-
1976 1724 2024 1790 B

285 1774 554 1852 patib'us,
589 1774 1352 1852 potestatibus,_virtutibus_
1387 1779 1563 1846 atque
1597 1774 1946 1852 dominatio-

282 1846 489 1920 nibus,
519 1846 960 1973 coniunguntur
988 1847 1207 1916 throni,
1257 1846 1517 1917 quinque
1547 1849 1686 1900 sunt
1713 1847 1950 1903 ordines

283 1924 391 1973 aui
427 1921 622 1973 snecia
648 1920 759 1973 iter
799 1918 1229 1973 exnrimuntur.
1277 1917 1501 1973 Quibus
1545 1918 1686 1972 dum
1753 1917 1944 1973 angeli

283 1924 391 1996 qui
427 1917 766 1996 specialiter
799 1918 1229 1996 exprimuntur.
1277 1917 1501 1982 Quibus
1545 1918 1686 1996 dum
1714 1989 1724 1996 _
1753 1917 1944 1996 angeli

281 1989 478 2066 atque
519 1989 889 2063 archangeli,
908 1989 1226 2066 cherubim
1273 1996 1448 2060 atque
1493 1989 1791 2066 seraphim
1842 1989 1946 2045 ad-

273 2060 496 2138 juncta
521 2068 694 2138 sunt,‘
724 2060 924 2138 procul
974 2061 1151 2117 dubio
1190 2076 1394 2116 novem
1442 2077 1571 2117 esse
1601 2061 1944 2134 angelorum

290 2139 536 2194 ordines
565 2135 960 2190 inveniuntur.
991 2153 1019 2182 »

363 2211 443 2264 Ex
480 2208 571 2263 his
597 2207 870 2262 omnibus
902 2220 932 2259 e
963 2203 1238 2274 Gregorio
1262 2203 1472 2274 Magno
1513 2202 1710 2259 allatis
1759 2207 1940 2275 patet,

281 2298 428 2336 eum
455 2279 601 2334 nihil
632 2278 791 2334 aliud
811 2277 1092 2345 voluisse,
1116 2292 1293 2346 quam
1314 2276 1561 2346 probare
1583 2291 1785 2330 novem
1813 2292 1940 2331 esse

289 2355 556 2416 ordines,
589 2368 704 2406 non
729 2366 864 2404 vero
896 2349 1046 2403 inter
1078 2347 1209 2401 illos
1241 2347 1572 2402 describere
1619 2350 1677 2401 et
1721 2348 1937 2402 distin-

289 2439 476 2496 guere
533 2421 914 2496 hierarehias,
946 2436 1012 2475 ac
1044 2419 1286 2496 proinde
1310 2417 1455 2472 nihil
1476 2433 1604 2496 esse
1626 2418 1865 2496 mirum,
1888 2418 1937 2474 si

282 2490 390 2552 aut
411 2496 565 2568 ipse,
591 2498 701 2568 aut
726 2494 784 2548 S.
822 2491 1152 2568 Bernardus
1175 2505 1317 2568 eum
1341 2495 1596 2568 secutus,
1630 2490 1936 2568 siquidem

283 2561 570 2624 forte-alii
603 2565 703 2636 qui
736 2563 974 2636 angelos
1011 2578 1112 2634 per
1131 2561 1493 2636 hierarchias
1513 2577 1628 2616 non
1654 2561 1935 2618 distinxe-

290 2645 454 2708 runt,
488 2634 670 2692 alium
702 2634 1132 2708 sint'ordinem,
1167 2649 1228 2688 re
1260 2634 1457 2708 minus
1500 2640 1933 2708 accurateexa-

291 2705 540 2780 minata,
573 2707 906 2780 amplexati.
931 2707 1075 2780 Nam
1109 2707 1166 2760 in
1195 2706 1470 2780 confesso
1507 2711 1598 2760 est
1630 2705 1931 2780 omnibus,

289 2783 466 2854 longe
495 2776 586 2837 res
615 2776 853 2836 tractari
881 2777 1139 2854 exactius
1171 2778 1242 2832 ab
1273 2778 1344 2854 iis
1375 2776 1475 2854 qui
1508 2777 1834 2854 methodiee
1877 2781 1934 2833 et

286 2849 699 2927 per'prazcepta
723 2849 1304 2927 maieriamsliquam
1327 2852 1598 2927 tractant,
1613 2849 1930 2927 deﬁniunt,

283 2921 560 2982 dividunt
591 2921 770 2996 (quod
798 2922 953 2996 Afecit
993 2921 1317 2996 Dionysius
1340 2921 1716 2996 Areopagita)
1752 2937 1929 2992 quam

286 3003 364 3054 ab
398 2999 472 3052 iis
503 2992 606 3069 qui
635 2992 994 3068 populariter
1022 2998 1079 3048 et
1109 2992 1360 3069 oratorio
1378 2992 1630 3069 mo_re_ad
1654 2993 1928 3069 virtutem

2062 419 2232 493 ratus,
2251 423 2327 470 est
2355 419 2414 472 in
2446 418 2684 493 Christo,
2718 420 2992 475 suscitans
3023 421 3190 476 illum
3213 418 3226 422 ⁷
3248 437 3285 476 a
3344 418 3625 493 υἱον-ταὶς(
3657 429 3716 480 et

2060 489 2504 567 constitue-nauci
2544 491 2826 544 dexteram
2856 507 3019 547 suam
3057 493 3116 546 in
3155 494 3483 564 caelestibus,
3527 489 3708 567 supra.

2061 562 2714 638 omnem‘principatum,
2760 571 2814 617 et
2871 567 3217 638 potestatem,
3259 571 3311 620 et
3359 562 3634 637 virtutem,
3662 571 3714 622 et

2059 629 2527 708 dominationem,
2551 640 2602 688 et
2629 629 2790 708 omne
2816 629 3034 708 nomen,
3067 629 3211 708 quod
3240 638 3566 694 nominatur
3601 629 3715 694 non

2059 703 2239 777 solum
2277 704 2338 758 in
2365 705 2462 759 hoc
2507 705 2735 777 saeculo,
2765 705 2861 759 sed
2891 703 3088 777 etiam
3115 708 3174 760 in
3213 710 3430 777 futuro.
3478 711 3600 776 Quo
3652 710 3712 767 in

2060 772 2187 828 loco
2218 790 2351 852 cum
2378 772 2749 852 agat_Paulus
2781 777 2856 852 de
2874 775 3091 852 Christi
3114 772 3371 852 ascensu,
3392 781 3451 834 in
3478 772 3712 852 ccelum,

2062 861 2177 928 non
2219 846 2756 928 potest_'.quispia.rn,
2800 847 2918 928 nisi
2944 854 3200 928 extreme
3243 851 3515 928 stelidus,
3563 846 3713 928 quin

2060 917 2548 998 abinl‘eriorib’us
2573 917 2839 998 incipiat,
2872 925 2927 976 et
2947 921 3236 998 gredalim
3264 923 3335 978 ad
3377 917 3713 998 superiores

2059 990 2297 1044 ordines
2336 991 2640 1059 ascendat,
2663 990 2972 1048 dubitaref
3010 993 3075 1048 Et
3105 1002 3298 1050 tamen
3339 990 3515 1050 audet
3544 995 3711 1052 Scul-

2059 1063 2220 1137 ietus
2251 1061 2392 1137 (qua
2423 1066 2513 1117 est
2558 1061 2950 1137 impudentia)
2997 1081 3096 1137 ore
3140 1065 3410 1137 improbo
3460 1066 3711 1136 effutire,

2058 1132 2403 1206 Dipnysium
2435 1132 2778 1205 angelorum
2811 1132 3096 1191 subsellia
3125 1132 3245 1206 (sic
3267 1137 3365 1193 ille
3405 1143 3574 1196 vocat
3604 1132 3709 1195 an;

2059 1202 2325 1275 gelor‘um
2355 1202 2612 1280 ordines)
2643 1223 2761 1263 non
2796 1207 2966 1264 modo
2997 1202 3166 1280 vane,
3195 1209 3296 1266 sed
3329 1207 3505 1266 etiam
3555 1209 3706 1268 falso

2058 1292 2438 1333 enumerasse
2459 1277 2487 1332 ?

2127 1347 2317 1404 Aliam
2350 1349 2481 1424 eius
2511 1349 2936 1424 impudentiam
2968 1349 3191 1424 (de‘illa
3219 1349 3376 1424 enim
3416 1349 3584 1424 satis)
3614 1351 3707 1424 vi-

2058 1419 2322 1492 deamus.
2358 1421 2437 1476 Ea
2466 1420 2526 1476 in
2557 1419 2673 1476 illis
2705 1422 2895 1477 verbis
2922 1419 3185 1478 renidet:
3222 1443 3248 1471 «
3301 1419 3576 1492 lrenaeus,
3608 1422 3700 1480 in-

2055 1491 2204 1567 quit,
2237 1491 2337 1548 lib.
2361 1509 2584 1567 11,A_cap.
2607 1494 2696 1567 55.
2723 1492 3351 1567 istoshierarohiarum
3383 1491 3701 1567 scriptores

2054 1563 2302 1619 delirare
2330 1563 2555 1636 scribit.
2585 1586 2613 1614 »
2645 1565 2792 1627 Quid
2822 1565 2894 1619 ad
2926 1563 3076 1621 hanc
3099 1563 3524 1636 impudentiam
3565 1566 3701 1622 addi

2096 1636 2293 1690 otest‘!
2323 1635 2603 1691 Mentitur
2622 1637 2776 1692 enim
2797 1635 3116 1706 Scultetus,
3149 1635 3206 1693 et
3233 1638 3438 1693 insane
3467 1637 3699 1693 delirat.

2057 1708 2202 1779 Nam
2235 1723 2306 1779 ne
2337 1708 2510 1762 verbo
2534 1708 2796 1778 quidem,
2842 1723 2949 1764 nec
2978 1709 3080 1779 ibi,
3130 1725 3236 1764 nec
3267 1708 3407 1764 alibi
3453 1709 3524 1764 de
3572 1708 3702 1765 hie-

2053 1777 2302 1864 rarchiis
2333 1777 2675 1864 angelorum
2705 1782 2984 1864 Ir‘enaeus,
3003 1777 3286 1864 tanquam
3316 1781 3448 1863 illas
3479 1779 3700 1864 impro-

2054 1850 2374 1924 bans,_ngit
2398 1867 2411 1905 :
2437 1851 2562 1924 imo
2593 1851 2808 1908 directe
2839 1867 2939 1924 eos
2971 1850 3303 1924 impugnat,
3335 1852 3438 1924 qui
3475 1850 3698 1908 relictis

2052 1921 2724 1996 angelis,’a_rchangelis,
2756 1927 2814 1996 et
2842 1923 2974 1980 aliis
3006 1921 3370 1996 angelorum_
3388 1923 3698 1996 ordinibus

2049 1993 2291 2067 triginta
2319 1994 2532 2067 (Bonas
2564 1993 2640 2049 in
2673 1994 2816 2050 ccelo
2845 1993 3160 2067 ponebant,
3193 2001 3252 2052 et
3291 1995 3477 2067 quasi
3510 2012 3692 2052 novos

2047 2065 2208 2120 deos.
2241 2066 2391 2131 Quin
2412 2073 2467 2121 et
2487 2082 2760 2137 expresse
2780 2065 3038 2123 admittit
3066 2071 3124 2123 et
3156 2065 3412 2123 memora
3441 2065 3546 2122 tibi
3579 2067 3694 2123 ali-

2047 2141 2190 2211 quot
2210 2137 2445 2211 ordines
2468 2137 2833 2211 angelorum,
2860 2155 3070 2211 nempe
3090 2139 3482 2211 principatus,
3507 2139 3696 2195 domi-

2045 2208 2334 2282 nationes,
2364 2208 2631 2282 virtutes,
2663 2209 2920 2282 angelos,
2956 2208 3361 2282 archangelos.
3391 2211 3690 2266 Proferam

2041 2278 2171 2353 ipsa
2199 2281 2394 2353 irenaei
2426 2278 2622 2349 verba,
2643 2278 2770 2351 qud
2789 2282 3114 2346 erubescat,
3148 2278 3205 2336 si
3230 2285 3443 2353 potest,
3474 2283 3686 2338 canina

2040 2351 2283 2406 Sculteti
2314 2353 2703 2424 impudentia.
2732 2354 2926 2424 Agens
2965 2353 3170 2424 igitur,
3196 2351 3450 2408 lrensaus
3481 2357 3687 2409 contra

2040 2424 2389 2496 Marcionem
2434 2429 2490 2478 et
2516 2423 2892 2480 Valentinum
2935 2425 2994 2480 in
3021 2423 3121 2479 illo
3160 2423 3288 2495 ipso
3316 2425 3524 2496 capite
3555 2425 3684 2496 jam

2038 2493 2236 2565 citato,
2268 2500 2326 2549 et
2358 2511 2624 2551 asserens
2668 2511 2850 2550 unum
2904 2511 3032 2552 esse
3066 2493 3267 2551 verum
3312 2493 3523 2561 Deum,
3558 2493 3688 2551 'non

2038 2567 2208 2634 duos,
2232 2583 2348 2622 non
2371 2567 2590 2638 plures,
2614 2567 2695 2622 sic
2718 2567 2800 2622 ait
2819 2566 2976 2622 inter
2996 2566 3147 2622 alia:
3185 2588 3212 2617 ι(
3236 2568 3366 2639 Ipse
3403 2567 3690 2624 Dominus

2038 2639 2326 2704 omnium,
2342 2643 2599 2709 etneque
2614 2639 3052 2712 prieteripsum,
3071 2639 3660 2712 nequesuperipsum
3675 2680 3691 2707 ,

2037 2725 2228 2781 neque
2275 2715 2463 2766 mater
2502 2709 2679 2781 quam
2728 2709 2812 2764 illi
2858 2709 3505 2778 admentiuntur;nec'
3536 2711 3694 2766 Deus

2036 2780 2184 2854 alter
2212 2797 2386 2852 quem
2417 2780 2670 2837 Marcion
2703 2782 2965 2850 afﬁnxit;
3003 2797 3109 2837 nec
3137 2781 3406 2838 Pleroma
3442 2781 3696 2854 triginta

2033 2853 2308 2936 JEODUH'I‘,
2332 2855 2488 2936 quod
2510 2869 2728 2928 vanum
2751 2858 3053 2936 ostensum
3073 2859 3164 2936 est
3185 2871 3201 2923 ;
3226 2853 3689 2936 nequeoBythus,

2036 2940 2225 2995 neque
2258 2923 2564 2995 Proarche,
2598 2940 2787 2996 neque
2818 2925 2970 2992 cceli,
3004 2941 3109 2982 nec
3139 2923 3340 2981 lumen
3381 2923 3693 2996 virginale,

2037 3012 2141 3051 nec
2171 3001 2314 3052 onn
2366 2996 2834 3064 innominabilis,
2880 3013 2986 3052 nec
3017 2996 3075 3050 in
3126 3001 3315 3052 totum
3361 2996 3686 3068 quidquam

285 3070 438 3161 alios
469 3065 850 3161 eiihortLantui'
873 3065 1408 3161 :Oquemnadmod'um
1437 3065 1657 3161 iecisse
1703 3067 1932 3161 conjstat
1963 3093 2008 3161 α
2044 3084 2268 3161 eorum,
2302 3084 2430 3161 quin
2460 3069 2532 3161 ab
2565 3068 2658 3124 his
2689 3072 2746 3124 et
2766 3069 2863 3161 1ub
2897 3068 3178 3161 omuibus
3207 3065 3497 3161 haareticis
3526 3065 3690 3126 deli-

286 3142 632 3212 Gregorium
657 3138 859 3212 hemil.
891 3136 961 3192 34
990 3139 1047 3191 in
1071 3136 1536 3212 Evangelia,et_8_.
1571 3137 1933 3212 Bernardum

290 3206 472 3270 serm.
508 3212 573 3267 l9
606 3215 664 3267 in
695 3211 978 3266 Canticum
1022 3210 1385 3263 canticorum.
1425 3206 1599 3263 Aliud
1645 3213 1732 3262 est
1777 3209 1931 3264 enim

289 3301 596 3342 sermones
619 3287 675 3340 et
705 3281 1003 3348 homilias,
1036 3279 1196 3335 aliud
1227 3279 1409 3335 libros
1439 3275 1782 3341 διδακτικούς
1801 3280 1938 3335 scri-

291 3360 460 3413 bere.

368 3430 554 3493 Quare
575 3425 673 3497 qui
691 3425 797 3480 hos
816 3423 1200 3497 scripserunt,
1222 3425 1288 3476 ut
1325 3419 1411 3475 illi
1451 3420 1938 3497 scholasticorum

291 3492 612 3572 principes,
643 3497 902 3572 Joannes
932 3492 1330 3572 Damascenus
1348 3493 1500 3572 apud
1523 3492 1773 3572 Grecos,
1795 3493 1940 3572 Tho-

288 3565 422 3627 inas
453 3565 717 3642 A'quinas
747 3569 900 3640 apud
936 3567 1194 3642 Latinos,
1227 3581 1342 3642 n_o_n
1375 3565 1554 3642 alium
1604 3568 1942 3642 statuerunt

287 3636 560 3699 ordinem
592 3657 766 3712 quam
785 3636 926 3695 eum
960 3639 1216 3712 quemin
1251 3637 1523 3712 Dionysio
1558 3636 1940 3712 nestroinve-

285 3720 524 3770 nerunt.
574 3707 993 3769 D'amascenus’
1030 3709 1266 3781 quidem
1300 3710 1357 3762 in
1422 3708 1567 3762 libro
1600 3709 1672 3762 De
1696 3707 1802 3776 fide
1827 3723 1942 3781 or-

285 3787 550 3850 thodoxa,
610 3802 736 3856 cap.
797 3787 852 3848 8,
911 3779 1170 3856 Thomas
1230 3786 1426 3856 autem
1478 3795 1491 3831 ι
1547 3794 1602 3848 p.
1657 3779 1939 3856 q_u._108,

285 3864 402 3914 art.
434 3860 470 3912 5
500 3866 551 3912 et
583 3859 636 3920 6,
659 3851 716 3911 e't
746 3858 878 3925 post
908 3852 1054 3908 alios
1101 3851 1312 3925 cuncti
1333 3851 1422 3925 ad_
1447 3867 1631 3905 unum
1677 3852 1945 3925 doctores

287 3927 652 3986 scholastici.
687 3920 817 3982 Haec
847 3930 1043 3980 autem
1075 3924 1262 3979 tacuit
1292 3921 1589 3978 Scultetus
1619 3920 1704 3976 vel
1747 3936 1816 3976 ex
1853 3921 1945 3976 in-

289 4000 486 4068 scitia,
520 3999 604 4054 vel
636 4016 701 4054 ex
735 3997 992 4052 malitia:
1029 3995 1430 4068 needubium,
1464 3995 1606 4065 quin
1659 3991 1836 4068 etiam
1872 4009 1948 4068 ex

291 4065 846 4144 impudentia._,lam
877 4084 1008 4144 vero
1033 4068 1091 4122 S.
1115 4067 1377 4138 Dionysii
1397 4065 1755 4144 Areopagitie
1787 4065 1948 4144 ordi-

291 4137 435 4202 nem
467 4142 626 4198 omni
657 4141 768 4197 alio
799 4142 1122 4207 meliorem,
1155 4155 1220 4194 ac
1252 4137 1558 4209 propterea
1589 4137 1794 4192 merito
1826 4141 1883 4192 et
1915 4153 1949 4192 a

297 4221 682 4280 Damasceno,
732 4217 787 4268 et
818 4213 890 4268 ab
921 4211 1209 4283 Aquinaté
1252 4216 1310 4265 et
1338 4212 1410 4264 ab
1441 4209 1742 4283 omnibus
1781 4209 1948 4263 scho-

291 4287 526 4344 lasticis
570 4289 919 4356 usurpatum
978 4281 1047 4338 ex
1079 4283 1286 4356 eodem
1329 4281 1584 4356 probabo
1634 4281 1891 4356 doctore,
1917 4297 1950 4335 a

290 4377 415 4432 quo
443 4359 610 4432 illum
635 4352 878 4432 primus
896 4355 1118 4432 ac_cepit
1148 4352 1487 4432 Diouysius,
1512 4369 1720 4432 nempe
1743 4370 1775 4406 ιι
1806 4353 1949 4432 doc-

291 4423 424 4488 tore
454 4423 718 4503 gentium
742 4427 922 4484 Paulo
952 4423 1372 4503 Dionysiiolim
1395 4423 1630 4503 gentilis
1665 4424 1946 4503 magistro

295 4505 368 4560 Et
399 4495 486 4558 sic
516 4503 724 4574 probo:
762 4503 836 4574 De
865 4495 1121 4574 quatuor
1153 4497 1360 4574 primis
1383 4495 1710 4574 ordinibus,
1733 4496 1841 4574 hoc
1862 4499 1952 4574 est

293 4578 372 4632 de
401 4566 722 4644 serapbim,
756 4573 824 4627 de
859 4566 1181 4638 cherubim,
1216 4570 1286 4644 de
1317 4567 1544 4644 tbi-onis
1574 4569 1732 4644 etde
1761 4566 1950 4621 domi-

295 4639 661 4715 nationibus,
698 4644 852 4698 inter
880 4658 1084 4715 omnes
1115 4641 1354 4715 omnino
1384 4639 1590 4715 liquet.
1615 4639 1766 4692 Nam
1817 4653 1951 4715 eum

294 4717 576 4798 Diouxsio
601 4709 949 4798 Areopagita
977 4714 1152 4769 etiam
1169 4711 1502 4798 (i‘riegorius,
1523 4715 1579 4764 et
1602 4709 1951 4798 Bernardus,

295 4796 360 4848 et
386 4782 486 4845 alii
517 4782 914 4853 consentiunt,
950 4801 1160 4856 nempe
1189 4783 1320 4838 illos
1343 4799 1472 4856 esse
1512 4782 1780 4856 omnium
1808 4782 1953 4856 _pri_-

297 4879 468 4928 mos;
503 4862 574 4917 de
603 4861 836 4915 duobus
871 4851 1045 4912 etiam
1079 4851 1394 4928 postremis
1424 4854 1749 4928 ordinibus,
1801 4851 1952 4928 558

295 4937 413 4991 hoc
437 4925 545 5000 est,
579 4933 650 4987 de
673 4929 1064 4998 archangelis,
1081 4925 1153 4983 et
1176 4927 1422 4997 angelis,
1442 4925 1682 5000 perinde
1703 4926 1952 4980 constat.

298 5008 508 5062 Restat
534 4997 718 5074 igitur
749 5003 820 5058 de
851 4997 1038 5056 tribus
1097 5005 1322 5074 tantum
1356 4997 1656 5074 ordinibus
1720 5000 1955 5074 contro-

292 5077 514 5142 versia,
548 5066 656 5132 hoc
687 5080 798 5140 est,
830 5074 901 5128 de
931 5073 1268 5138 virtutibus,
1295 5071 1684 5142 potestatibus
1714 5073 1772 5123 et
1803 5066 1958 5142 prin-

297 5141 620 5221 cipatibus,
653 5148 848 5221 sintne
878 5145 935 5198 in
971 5143 1115 5221 coelo
1144 5143 1254 5221 hoc
1296 5141 1520 5206 ordine,
1572 5141 1956 5221 quemadmo-

300 5211 450 5302 dum
486 5211 1146 5302 Dionysiusconstituit,
1181 5215 1320 5302 sive,
1365 5231 1438 5302 an
1487 5211 1958 5302 supraLarchan:

299 5293 470 5367 gelos
492 5283 741 5367 proximi
776 5288 896 5344 sint
930 5287 1321 5367 principatus,
1352 5290 1410 5341 et
1453 5283 1642 5367 supra
1678 5283 1794 5367 hes.
1838 5283 1959 5367 sint

299 5357 647 5438 potestates,
679 5366 736 5438 et
767 5357 949 5438 supra
1004 5357 1324 5438 potestates
1353 5357 1661 5438 emineant
1692 5357 1956 5438 virtu‘tes,

299 5427 523 5493 deinde
570 5427 1022 5500 dominationes,
1056 5431 1210 5485 sicut
1238 5431 1297 5484 in
1348 5428 1568 5486 ccelesti
1605 5427 1956 5500 hierarchia.

299 5511 456 5565 Ecce
495 5507 676 5580 igitur
705 5498 1078 5580 locusPauli
1120 5501 1524 5580 aduEphesios
1568 5516 1700 5580 cap.
1736 5517 1776 5580 1,
1814 5498 1879 5551 19
1907 5506 1962 5552 et

295 5597 497 5651 seqq.,
518 5571 626 5634 ubi
656 5577 760 5651 tali
792 5576 982 5651 utitur
1000 5571 1427 5651 gradatione‘de
1440 5571 1678 5651 Christo
1701 5572 1770 5624 ad
1795 5585 1963 5625 sum-

299 5641 466 5708 mam
486 5641 554 5707 in
587 5650 733 5706 cmlo
762 5641 1267 5721 gloriam'elevato
1302 5645 1427 5712 :Qui
1455 5641 1735 5699 credimus
1767 5657 1963 5698 secun-

377 5794 460 5870 (d)
489 5793 704 5868 Ephes.
733 5807 774 5861 1,
803 5789 895 5844 21.
927 5788 997 5861 (e)
1030 5788 1167 5861 Cap.
1201 5805 1242 5861 1,
1276 5787 1362 5844 16.

633 5920 900 5979 ΡΑι-ιιοι..
947 5915 1056 5976 Gs.
1100 5915 1204 5976 IV.

1977 4460 2025 4525 D

2046 3144 2252 3194 rantur
2269 3156 2290 3201 ;
2307 3143 2408 3196 sed
2423 3139 2584 3196 solus
2597 3157 2753 3195 unus
2766 3141 2923 3196 Deus
2938 3139 3271 3210 fabricator,
3295 3139 3395 3211 qui
3412 3145 3501 3196 est
3514 3156 3579 3195 su
3589 3155 3692 3211 per

2040 3227 2275 3267 omnem
2304 3211 2825 3284 principalitatem,
2871 3219 2926 3267 et
2958 3211 3440 3282 dominationem,
3480 3215 3538 3267 et
3576 3211 3691 3267 vir-

2039 3287 2250 3338 tutem.
2287 3307 2314 3333 »

2113 3355 2257 3409 Ecce
2283 3354 2463 3425 igitur
2496 3368 2596 3409 eos
2627 3370 2774 3424 quos
2801 3353 3079 3409 vanitatis
3109 3352 3366 3409 Irenaaus
3398 3352 3612 3425 arguit,
3635 3355 3696 3408 et

2041 3425 2182 3480 dicit
2212 3425 2479 3490 delirare,
2514 3426 2795 3480 nimirum
2826 3425 3177 3480 Marcionem
3208 3426 3357 3480 duos
3377 3425 3694 3494 ﬁngentem

2043 3496 2622 3562 deos;Valentinum
2657 3497 2901 3566 triginta
2949 3496 3407 3552 constituentem
3456 3496 3693 3551 lEonas.

2044 3574 2100 3623 et
2129 3568 2385 3639 reliquos
2406 3584 2610 3623 omnes
2628 3567 2951 3639 hereticos,
2978 3566 3139 3622 nulla
3162 3566 3247 3623 vel
3291 3568 3538 3639 minima
3567 3566 3696 3639 Dio:

2044 3640 2195 3710 nysii
2226 3637 2321 3694 aut
2356 3638 2815 3710 hierarchiarum
2846 3639 2974 3710 ejus
3016 3639 3176 3710 facta
3217 3638 3532 3707 mentione,
3579 3637 3695 3710 nisi

2047 3708 2202 3782 quod
2225 3711 2458 3766 ordines
2482 3709 2710 3782 aliquos
2730 3708 3075 3782 nominavit,
3100 3709 3158 3763 in
3179 3710 3396 3780 quibus
3418 3726 3518 3780 per
3532 3709 3696 3778 prin-

2048 3781 2402 3853 cipalitatem
2448 3781 2723 3854 intelligit
2773 3781 3158 3854 principatus,
3216 3797 3346 3854 non
3385 3786 3590 3854 tamen
3632 3783 3696 3834 ut

2047 3850 2390 3926 reprobans,
2411 3853 2512 3908 sed
2536 3857 2599 3909 ut
2621 3850 3237 3926 maxi'me‘approbans
3251 3877 3278 3926 ξ
3301 3850 3454 3907 sicut
3466 3851 3694 3926 ibidem

2046 3921 2225 3997 pa'ulo
2278 3925 2547 3992 interius,
2602 3921 2997 3997 cumidicitiz'
3027 3946 3048 3973 η
3100 3922 3199 3978 llic
3250 3923 3419 3997 Pater
3465 3921 3696 3997 Domini

2049 3994 2383 4054 nostrilesu
2406 3997 2618 4051 Christi
2644 4013 2745 4067 per
2762 3995 3015 4051 Verbum
3042 4011 3218 4067 suum
3244 3995 3260 4066 (
3285 3994 3490 4066 quiest
3506 3995 3692 4051 Filius

2050 4071 2201 4140 ejus)
2225 4073 2513 4125 revelatur
2529 4071 2586 4123 et
2604 4066 3014 4123 manifestatur
3035 4066 3324 4140 omnibus,
3353 4067 3570 4138 quibus
3602 4081 3693 4140 re-

2049 4137 2312 4198 veletur:
2348 4145 2707 4211 cognoscunt
2745 4140 2895 4195 enim
2930 4155 3067 4195 eum
3093 4137 3176 4211 hi,
3209 4137 3426 4209 quibus
3471 4139 3695 4211 revela:-

2051 4214 2199 4268 verit
2219 4208 2683 4284 Filius—Semper
2712 4217 2903 4267 autem
2929 4208 3288 4284 coexsistens
3321 4211 3496 4267 Filius
3538 4208 3695 4284 Patri

2053 4284 2192 4341 olim
2221 4289 2276 4338 et
2302 4285 2371 4338 ab
2404 4281 2835 4355 initio—semper
2856 4282 3073 4338 revelat
3093 4282 3320 4355 Patrem
3353 4288 3411 4338 et
3452 4281 3698 4352 angelis,

2055 4361 2112 4412 et
2135 4354 2524 4427 archangelis,
2546 4359 2602 4427 et
2617 4353 3026 4427 potestatibus,
3051 4359 3107 4427 et
3130 4353 3467 4427 virtutibus,
3493 4360 3549 4408 et
3570 4369 3698 4427 em-

2057 4428 2232 4483 nibus
2264 4423 2386 4481 vult
2416 4423 2670 4482 revelare
2699 4427 2871 4482 Deus.
2914 4449 2942 4476 »
2979 4429 3065 4481 Ita
3092 4426 3189 4479 ibi.
3227 4426 3334 4480 Sed
3387 4425 3538 4479 idem
3580 4423 3699 4478 Ire-

2059 4515 2219 4555 naaus
2244 4499 2416 4569 priori
2444 4497 2632 4568 capite
2653 4499 2916 4569 ejusdem
2940 4498 3096 4562 libri,
3115 4497 3308 4569 sivec.
3331 4497 3421 4560 74,
3463 4495 3701 4569 eesdem

2058 4565 2320 4650 refutans
2355 4565 2792 4650 Vaicdtinianes
2834 4570 3096 4650 insinuat
3129 4567 3319 4650 varios
3361 4565 3704 4650 angelorum

2057 4643 2314 4709 ordines,
2343 4647 2400 4697 et
2427 4641 2581 4696 inter
2624 4642 2858 4697 ordines
2908 4639 3171 4709 singulos
3215 4637 3581 4706 discrimina,
3611 4637 3708 4692 his

2059 4713 2286 4770 verbis:
2317 4736 2345 4762 ‹‹
2380 4714 2682 4773 Praeterea,
2715 4713 2765 4767 si
2800 4728 2899 4781 per
2925 4710 3087 4778 ipsos
3111 4727 3178 4764 ea
3202 4727 3329 4781 quae
3351 4714 3491 4765 sunt
3531 4723 3710 4779 super
3759 4709 3770 4719 ”

2061 4785 2235 4841 cmlos
2259 4786 2407 4839 facta
2426 4790 2582 4848 sunt,
2618 4780 2816 4838 dicant
2836 4781 3002 4836 nobis
3031 4798 3158 4852 quae
3190 4781 3268 4836 sit
3317 4780 3708 4836 invisibilium

2062 4861 2294 4922 natura,
2328 4859 2926 4910 enarrentnumerum
2952 4852 3316 4924 angelorum,
3349 4857 3405 4907 et
3443 4852 3706 4907 ordinem

2063 4927 2574 4997 archangelorum,
2619 4927 3024 4981 demonstrent
3059 4996 3066 4997 ί
3099 4925 3449 4997 thronorum
3511 4939 3707 4997 sacra-

2062 5005 2276 5064 menta,
2298 4995 2357 5051 et
2383 4999 2627 5052 doceant
2649 4997 3016 5052 diversitates
3039 4995 3530 5064 dominationum,
3557 4995 3712 5066 prin-

2063 5071 2389 5140 cipatuum,
2455 5073 3022 5140 potestatum,atque
3071 5067 3375 5140 virtutum.
3427 5067 3537 5122 Sed
3587 5081 3704 5120 non

2065 5139 2283 5196 habent
2314 5139 2526 5196 dicere.
2577 5141 2702 5196 Non
2743 5156 2880 5212 ergo
2925 5155 3025 5211 per
3054 5155 3154 5195 eos
3178 5139 3330 5195 facta
3378 5142 3534 5194 sunt.
3570 5158 3598 5186 »
3631 5141 3710 5192 De

2065 5215 2174 5270 hoc
2200 5212 2367 5268 satis.

2139 5285 2304 5340 Aliud
2328 5287 2737 5352 argumentum
2765 5282 3005 5338 Sculteti
3027 5281 3275 5338 esthoc:
3298 5303 3326 5331 ‹‹
3348 5278 3716 5353 Augustinus

2065 5356 2123 5410 in
2158 5356 2492 5411 Enchiridio
2518 5358 2586 5410 ad
2615 5355 2993 5410 Laurentium
3023 5369 3151 5424 cap.
3201 5354 3290 5417 58,
3346 5353 3621 5424 afﬁrmat,
3655 5366 3718 5407 se

2065 5429 2294 5483 nescire
2315 5429 2552 5482 ordines
2597 5427 2938 5498 angelorum
2959 5430 3017 5482 et
3034 5423 3251 5498 eorum
3274 5423 3657 5498 differentias.
3689 5443 3719 5498 )3

2066 5500 2214 5564 Quid
2245 5497 2418 5553 tum?
2450 5515 2523 5554 an
2557 5494 2758 5552 omnia
2794 5497 2964 5554 scivit
3004 5495 3423 5567 Augustinus?
3447 5513 3519 5550 an
3546 5494 3712 5567 quod

2065 5571 2164 5626 ille
2195 5570 2459 5638 nescivit,
2494 5568 2688 5625 nullus
2729 5568 2942 5625 scivit?
2975 5566 3172 5639 Magni
3205 5568 3314 5622 fuit
3357 5566 3602 5639 ingenii,
3634 5566 3719 5639 fa-

2064 5647 2210 5712 teor,
2257 5641 2492 5713 rarique
2533 5641 2765 5712 judicii,
2805 5642 2926 5698 imo
2974 5645 3034 5698 et
3065 5637 3195 5711 ejus
3239 5637 3468 5711 quoque
3494 5637 3722 5695 sancti-

3329 5912 3404 5970 29
