3994 6214
309 190 396 244 937
1268 193 1330 242 p.
1371 191 1688 244 HALLOIX
1725 191 1871 245 sec.
1915 194 2092 248 JESU
2131 193 2600 257 QUESTIONES
2635 169 2753 245 1v.

3601 194 3707 248 938

307 314 461 399 gent't',
496 312 633 399 dare
665 310 840 399 etiam
867 314 1076 399 postea
1106 327 1395 399 agnomen
1424 313 1696 368 Timothei
1715 315 1752 396 f?
1802 334 1944 399 prac-
1974 324 2022 390 Α
2056 314 2338 386 tigerunt,
2367 332 2432 370 ac
2463 317 2742 399 prasterea
2773 313 3121 399 de'tempore
3144 329 3473 399 genereque
3497 317 3706 399 mortis

312 379 497 441 sertim
534 398 668 436 cum
693 379 792 437 alii
824 379 1024 455 plures
1051 379 1172 438 sub—
1190 399 1257 438 ea
1287 391 1550 455 tempora
1571 379 1942 443 nomine-isto

313 459 665 518 vocarentur,
701 457 802 507 aut
832 453 1016 508 vocati
1067 461 1263 509 essent
1315 453 1589 511 Timothei.
1643 460 1862 514 Deinde
1894 461 1942 515 si

318 529 364 584 S.
379 526 693 598 Dionysius
713 525 772 579 in
796 525 932 598 libri
955 525 1047 580 sui
1063 526 1444 598 inscriptione
1465 528 1646 582 alium
1666 529 1946 586 voluisset

313 596 603 670 designare
628 596 1026 670 Timotheum,
1080 596 1263 670 quam
1291 599 1457 654 illum
1485 600 1645 654 Pauli
1699 601 1942 657 notissi-

320 668 467 726 mum
492 668 764 724 comitem
796 673 852 723 et
883 668 1262 739 discipulum,
1307 687 1447 725 sane
1495 671 1822 727 addidisset
1858 674 1944 728 vel

318 759 519 798 nomen
553 741 747 813 ipsum
798 741 925 810 ejus
973 742 1298 813 proprium,
1339 741 1430 813 vel
1481 743 1700 813 aliquid
1762 744 1943 812 aliud,

317 815 455 885 quod
487 811 929 885 ambiguitatem
976 812 1384 885 appellationis
1434 811 1633 881 tollet,
1685 811 1945 871 vocando

312 882 493 940 autem
527 882 797 939 absolute
832 882 1189 949 Timotheum,
1219 883 1446 938 nullum
1480 901 1622 940 sane
1654 885 1834 942 alium
1861 905 1946 942 vo-

313 957 410 1034 luit
441 957 772 1034 designare,
803 970 974 1034 quam
1009 970 1150 1034 eum
1178 956 1276 1034 qui
1310 954 1464 1010 inter
1489 956 1826 1034 Timotheos
1850 977 1945 1030 ap-

314 1026 549 1101 peltatos
582 1025 910 1101 praecipuus
941 1025 1069 1101 fuit,
1103 1031 1159 1080 et
1199 1025 1255 1101 in
1306 1043 1422 1101 ore
1451 1029 1737 1101 omnium.

381 1098 475 1153 Est
504 1103 560 1152 et
608 1097 754 1152 alios
805 1098 968 1151 locus
1016 1097 1074 1150 in
1120 1097 1322 1152 eodem
1366 1097 1558 1154 Flavio
1619 1100 1826 1155 Dextro
1872 1101 1946 1155 ad

313 1185 521 1224 annum
573 1168 786 1222 Christi
832 1168 956 1237 200,
1004 1172 1059 1222 et
1127 1169 1318 1224 Romae
1364 1169 1491 1237 971,
1558 1170 1650 1226 bis
1711 1172 1944 1227 verbis.

311 1241 563 1312 «Exstat
601 1239 1190 1312 quaedamtepistola,
1236 1257 1361 1312 qua)
1413 1243 1826 1298 circumfertur
1872 1244 1944 1298 ad

308 1310 850 1384 MarctMarccllum
875 1310 1236 1384 Toletanum
1255 1310 1596 1383 praesulem,
1631 1330 1804 1384 quem
1853 1332 1946 1370 vo-

306 1388 392 1438 cat
421 1381 608 1437 ﬁlium
642 1387 698 1435 et
743 1380 1140 1446 Timotheum,
1184 1381 1238 1435 id
1264 1380 1374 1438 _est
1415 1390 1533 1438 Deo
1571 1380 1942 1441 honoratum.

308 1455 464 1529 Nam
481 1458 630 1529 alter
643 1452 1002 1529 Timotheus,
1025 1469 1156 1529 cum
1175 1454 1420 1524 epistola
1443 1455 1560 1510 haec
1581 1462 1668 1512 est
1706 1458 1945 1529 scripta,

305 1529 426 1597 jam
453 1526 511 1578 in
544 1525 689 1597 vivis
719 1524 1147 1597 essedesierat.
1182 1546 1210 1597 η

381 1597 517 1659 Quae
546 1596 718 1650 verba
767 1594 905 1666 mihi
966 1596 1312 1666 persuadere
1362 1612 1474 1650 non
1529 1613 1767 1666 possum
1818 1614 1946 1653 esse

308 1668 526 1740 Dextri,
554 1668 655 1740 sed
690 1665 886 1740 potius
916 1665 1173 1740 heminis
1207 1665 1362 1737 plani
1395 1673 1450 1740 et
1483 1665 1692 1739 ignari,
1726 1669 1826 1740 qui
1846 1687 1944 1723 vo-

306 1738 430 1794 lens
460 1739 619 1792 omni
652 1739 824 1793 modo
859 1739 1227 1806 persuadere,
1250 1738 1668 1796 eumdem’esse
1692 1738 1764 1796 Μζ
1791 1742 1944 1795 Mar-

307 1810 538 1874 cellum,
571 1814 626 1864 et
655 1809 1024 1863 Timotheum
1052 1809 1218 1862 illum
1252 1811 1320 1862 ad
1356 1825 1530 1880 quem
1566 1813 1770 1867 scribit
1809 1813 1945 1867 Dio.

309 1884 533 1952 nysius,
586 1881 958 2004 putidissime
1011 1881 1129 1934 haec
1193 1882 1641 1949 coagmentavit.
1703 1886 1947 1938 Adverte

309 1958 528 2004 autem.
561 1969 592 2004 a
623 1954 734 2004 iam
787 1952 878 2004 hic
927 1951 1051 2004 dari
1100 1951 1638 2004 interpretationem
1693 1955 1947 2004 nominis

306 1951 528 2017 autem,
561 1951 734 2006 aliam
787 1952 878 2006 hic
927 1951 1051 2004 dari
1100 1951 1638 2021 interpretationem
1693 1955 1947 2009 nominis

307 2024 670 2092 Timotheus,
691 2040 860 2092 quam
887 2023 1070 2093 prius.
1090 2023 1330 2094 Dicebat
1351 2024 1505 2078 enim
1535 2026 1696 2094 prius
1724 2027 1944 2080 dictum

308 2095 680 2149 Timotheum
712 2099 938 2165 propter
966 2093 1183 2161 ingenii
1210 2093 1621 2164 prwstantz'a’m,
1677 2113 1810 2151 cum
1861 2097 1949 2152 di-

308 2183 438 2221 cere
461 2167 784 2235 debuisset,
819 2168 884 2218 ob
923 2165 1146 2234 pietatis
1170 2169 1549 2232 praestantiam
1587 2184 1597 2220 :
1647 2185 1799 2222 nunc
1847 2168 1949 2222 Ti-

314 2237 615 2292 motheum
671 2237 1092 2307 interpretatur
1137 2237 1236 2290 Deo
1288 2237 1632 2298 honoratum.
1685 2256 1817 2293 cum
1860 2239 1949 2293 in-

312 2310 631 2381 terpretari
686 2308 967 2381 deberet,‘
1006 2308 1361 2363 honorantem
1410 2311 1599 2363 Deum.
1663 2309 1952 2366 Dilferunt

312 2375 474 2434 enim
497 2378 758 2452 Τιμόθεος
787 2384 848 2452 et
874 2375 1158 2452 Θεότιμος,
1186 2394 1318 2452 cum
1345 2381 1508 2452 prius
1532 2381 1730 2449 active,
1760 2387 1951 2452 poste-

309 2451 434 2506 rius
469 2449 695 2522 pas’sive
727 2451 1010 2522 capiatur.
1065 2451 1164 2504 Est
1200 2449 1357 2504 enim
1404 2449 1656 2522 Θεότιμος
1709 2449 1820 2522 Deo
1852 2454 1950 2508 ho-

304 2521 764 2595 norat’uyvalde
791 2521 1162 2595 honorandus,
1195 2521 1348 2595 sicut
1370 2521 1676 2595 περίτιμος,
1712 2521 1952 2594 μελαλό-

307 2613 478 2665 τιμος
513 2593 780 2667 ἰσότιμος,
821 2599 876 2647 et
924 2592 1038 2647 alia
1077 2594 1341 2662 ejusdem
1390 2592 1584 2667 sortis,
1627 2592 1746 2650 sive
1802 2614 1951 2667 quo-

306 2669 662 2736 tiescunque
693 2665 836 2721 581
892 2681 1027 2734 pars
1074 2683 1232 2735 τιμος
1283 2667 1372 2719 est
1420 2666 1555 2721 finis
1604 2665 1952 2736 compositi;

309 2743 434 2792 tum
467 2738 619 2792 enim
643 2736 791 2790 tales
821 2751 987 2791 voces
1019 2742 1165 2809 sunt
1189 2738 1446 2809 passive
1485 2738 1947 2809 significationis.

311 2809 494 2863 Aliter
520 2813 711 2863 autem
745 2811 803 2861 et
833 2824 862 2861 e
892 2807 1206 2862 contratrio
1240 2824 1331 2862 res
1355 2807 1696 2877 habet,'cum
1729 2817 1813 2865 est
1838 2810 1953 2865 ini-

309 2881 461 2960 tium
494 2879 800 2960 compositi
828 2895 841 2932 :
877 2880 1200 2960 tunc'enim
1233 2879 1611 2960 activumh‘ut
1635 2881 1796 2960 _d_ix_i,
1850 2882 1955 2960 ha-

304 2952 450 3006 bent
484 2948 991 3022 signiﬁcationem.
1027 2948 1492 3020 Undeupénoli;
1514 2952 1770 3022 Euripidi
1794 2959 1882 3008 est
1905 2954 1953 3007 is

307 3023 412 3093 qui
449 3024 695 3077 honorat
724 3022 1036 3084 civitatem,
1065 3039 1186 3089 seu,
1223 3023 1318 3093 qui
1345 3030 1686 3078 ornamento
1710 3025 1952 3079 estcivi-

307 3095 443 3162 tati,
480 3112 590 3148 non
630 3097 818 3147 autem
875 3093 973 3162 qui
1021 3093 1090 3148 ab
1135 3111 1202 3148 ea
1252 3093 1591 3149 honoratur.
1648 3094 1738 3148 Sic
1787 3093 1952 3148 σωσί-

304 3163 476 3224 πολις
508 3164 907 3241 Aristophani,
939 3164 1478 3241 servator_c_z7vitatis.
1514 3167 1608 3222 Sic
1640 3165 1956 3241 cadmia;

305 3245 531 3308 amator
555 3237 817 3290 civitatis.
852 3236 919 3308 Et
949 3235 1031 3308 ita
1061 3238 1132 3290 de
1163 3235 1313 3308 aliis.
1349 3237 1549 3308 Itaque
1603 3235 1952 3294 alterutrum

308 3307 630 3362 dicendum
679 3312 786 3373 est,
829 3305 914 3360 vel
967 3307 1164 3362 addita
1207 3307 1326 3362 haec
1363 3305 1489 3364 esse
1533 3309 1601 3364 ad
1652 3316 1952 3377 Dextrum,

305 3378 400 3432 vel
455 3378 730 3432 Dextrum
785 3377 1039 3449 nescisse
1086 3378 1352 3434 litteras:
1423 3380 1716 3449 posterius
1765 3384 1957 3438 dicere

310 3467 432 3504 non
462 3449 683 3522 ausim,
712 3449 893 3522 igitur
922 3448 1104 3522 prius.
1140 3450 1289 3517 Alia,
1313 3448 1438 3520 quae
1472 3452 1527 3504 in
1570 3469 1751 3522 supra
1783 3454 1956 3508 dictis

303 3521 506 3595 verbis
531 3522 734 3595 insunt
763 3520 1039 3586 absurda,
1077 3526 1374 3595 praetereo.
1409 3522 1525 3595 Hoc
1577 3520 1769 3578 autem
1821 3543 1955 3595 pas-

302 3594 426 3649 sim
449 3596 569 3648 toto
595 3591 743 3646 libro
773 3596 1021 3663 constat,
1045 3591 1178 3646 eum
1212 3592 1481 3646 Chronici
1514 3591 1956 3663 auctorem,seu

300 3682 335 3720 e
364 3664 536 3738 libris
571 3662 861 3738 Hispanias
885 3661 1300 3738 ecclesiasticis
1321 3664 1790 3738 compilatorem,
1821 3661 1958 3738 plus

222 3801 227 3804 _
305 3733 722 3818 nimiolge'nti
763 3750 889 3818 sum
937 3735 1238 3818 addictum
1280 3733 1696 3818 aliena—multa
1747 3733 1959 3809 in'jus

302 3823 487 3862 suum
520 3805 590 3876 (si
618 3807 720 3876 jus
747 3805 855 3859 dici
881 3810 1096 3930 potest)
1127 3809 1182 3858 et
1211 3806 1271 3858 in
1325 3806 1654 3876 propositas
1704 3825 1820 3862 suae
1859 3805 1961 3865 'ce-

302 3878 614 3930 lebrandae
646 3876 844 3930 patriae
919 3877 1098 3930 audes
1134 3877 1505 3930 nertraxisse.
1562 3879 1856 3930 Hactenus
1891 3882 1960 3930 de

302 3878 614 3934 lebrandae
646 3876 844 3947 patriae
895 3876 1098 3931 laudes
1134 3877 1505 3946 pertraxisse.
1562 3879 1856 3935 Hactenus
1891 3882 1960 3935 de

303 3955 581 4006 Dextro:
626 3949 749 4017 jam
815 3947 883 4002 ad
933 3948 1208 4002 solvenda
1265 3955 1612 4019 argumenta
1667 3951 1960 4008 Francisci

303 4023 448 4091 ejus
479 4019 957 4091 commentatoris
987 4019 1180 4091 (quem
1211 4035 1464 4091 agnosco
1487 4021 1673 4076 virum
1701 4023 1959 4090 doctum,

304 4090 371 4148 et
436 4091 733 4164 proposito
764 4107 867 4144 suo
900 4090 1244 4164 defendendi
1277 4092 1471 4146 Dextri
1500 4093 1752 4164 ingenue
1781 4095 1964 4150 soler—

305 4161 524 4232 terq’ue
556 4161 941 4230 insistentem)
973 4161 1367 4229 accingamur.

393 4234 662 4305 Primum
689 4237 820 4305 erat
850 4234 921 4287 de
1072 4232 1398 4299 Timotheo,
1451 4251 1626 4305 quem
1677 4236 1818 4290 dicit
1853 4237 1964 4291 sub

303 4304 655 4360 Domitiano
685 4304 828 4373 imp.
906 4310 1228 4360 mortuum.
1277 4306 1338 4359 Id
1382 4304 1527 4374 nego
1567 4323 1763 4361 verum
1815 4324 1960 4364 esse.

303 4375 562 4450 Probavi
594 4374 837 4450 enimﬂin
875 4375 1285 4450 N_ota_ti_onibus
1334 4377 1402 4431 ad
1457 4377 1646 4432 Vitam
1693 4384 1747 4432 S.
1802 4379 1938 4450 Poly

305 4448 505 4518 carpi,
567 4462 695 4516 cap.
743 4447 798 4512 7,
843 4446 952 4500 sub
1020 4447 1205 4502 Nerva
1254 4447 1396 4518 imp.
1471 4465 1600 4504 esse
1648 4419 1966 4516 mortuum,
1999 4419 2044 4482 Β

309 4534 533 4589 nempe
564 4518 620 4572 id
651 4520 963 4573 attestante
1001 4519 1063 4574 B.
1119 4519 1433 4588 Polycrate,
1480 4522 1720 4575 secundi
1774 4520 1969 4576 saeculi

307 4589 630 4663 scriptore,
663 4593 719 4663 et
749 4590 1013 4659 ejusdem
1038 4591 1646 4663 ErphesinaiEcclesiaa,
1671 4594 1840 4663 cujus
1865 4594 1976 4647 fuit

303 4660 858 4735 ipse__Timo'tbeus,
894 4661 1166 4735 pontifice
1192 4687 1213 4735 ;_
1240 4663 1340 4732 qui
1378 4664 1528 4718 haud
1550 4665 1723 4718 dubie
1742 4660 1808 4717 ea
1849 4681 1974 4735 ques

305 4732 388 4788 de
421 4732 713 4787 Timothei
745 4748 986 4804 excessu
1011 4733 1338 4802 scripsit,ex
1360 4735 1504 4804 ipsis
1525 4735 1684 4789 illius
1711 4732 1974 4790 Ecclesiae

305 4803 544 4859 tabulis
575 4803 914 4874 exscripsit.
948 4805 1092 4858 Nam
1138 4806 1318 4860 moris
1363 4803 1489 4859 tum
1551 4807 1659 4860 fuit
1702 4807 1978 4862 Ecclesiis

307 4875 446 4957 (qui
473 4874 906 4957 mos-hodieque
924 4877 1277 4957 perseverat)
1296 4877 1640 4957 episcoporu
1655 4894 1707 4930 m
1734 4895 1977 4933 suorum

2059 385 2171 440 non
2211 403 2450 456 prorsus
2468 385 2819 440 consentiat.
2847 385 3052 456 Itaque
3076 385 3222 457 nego
3249 388 3308 441 S.
3330 385 3704 443 Timotheum

2055 463 2194 512 tunc
2219 457 2399 511 luisse
2434 465 2730 511 mortuum
2761 474 2892 510 cum
2928 462 2988 510 B.
3014 459 3328 529 Dionysius
3351 460 3531 516 libros
3563 477 3702 515 suos

2055 532 2243 600 primo
2273 531 2648 602 composuit;
2684 529 2948 602 sedtunc
2997 534 3248 602 tantum,
3283 535 3518 602 quando
3567 531 3698 586 illos

2055 599 2187 672 post
2218 599 2554 674 S.7Joaunis
2586 599 2667 674 ab
2721 600 2892 674 exitio
2941 601 3215 668 reditum,
3267 599 3324 674 et
3382 609 3513 674 post
3557 604 3700 657 scri—

2055 671 2219 754 ptum
2256 673 2326 754 ab
2349 671 2552 754 eodem
2586 671 2964 754 Eyangelium
2992 679 3050 754 et
3074 671 3514 754 .Apocalyp'sim
3546 674 3699 745 (quae

2054 742 2181 815 ipse
2211 743 2486 816 ardenter
2515 742 2910 816 desiderabat,
2945 746 3008 796 ut
3035 743 3177 816 ejus
3212 742 3366 816 data:
3390 746 3461 800 ad
3504 742 3700 816 ipsum

2055 759 2181 815 ipse
2211 759 2486 796 ardenter
2515 759 2910 807 aesmeranat,
2945 759 3008 796 ut
3035 759 3162 867 ejus
3212 759 3348 798 nata
3390 759 3461 800 ad
3504 762 3700 816 ipsum

2055 814 2302 886 epistola
2331 813 2607 886 declarat)
2641 814 2974 886 accuratius
3005 830 3064 868 re
3092 813 3228 885 egit,
3252 819 3307 869 et
3334 815 3493 886 locis
3538 816 3701 872 illius

2057 884 2300 957 apostoli
2334 892 2390 939 et
2423 884 2552 940 novi
2583 884 2977 958 evangelista,
3012 884 3224 958 partim
3259 885 3418 940 velut
3458 888 3705 958 gemmis

2056 956 2411 1030 quibusdam
2443 956 2690 1030 ornavit,
2724 956 2933 1030 pertim
2965 956 3124 1030 velut
3158 956 3494 1030 fortissimis
3535 975 3705 1030 argu-

2055 1029 2291 1100 mentis,
2321 1028 2730 1100 corroboravit.
2782 1027 2939 1100 Nam,
2977 1033 3036 1100 et
3071 1028 3179 1083 hoc
3229 1027 3703 1100 frequentissime

2057 1101 2180 1156 ﬁeri
2214 1099 2461 1165 scimus,
2495 1104 2576 1172 ut,
2610 1099 2659 1172 si
2693 1103 2825 1169 post
2853 1099 3190 1172 editionem,
3216 1099 3466 1171 alicujus
3511 1101 3707 1172 operis

2057 1171 2362 1242 quidpiam
2395 1170 2525 1242 novi
2553 1169 2644 1225 vel
2674 1187 2707 1224 a
2738 1170 3317 1242 pontificetmaximo,
3349 1169 3432 1227 vel
3470 1169 3566 1226 ab_
3593 1171 3703 1226 ali-

2057 1241 2317 1315 quotalio
2340 1241 2644 1315 prmcipuze
2702 1241 3064 1296 auctoritatis
3114 1244 3235 1315 viro
3284 1243 3705 1309 constituatur,

2057 1313 2156 1370 aut
2187 1314 2242 1367 in
2277 1313 2466 1368 lucem
2490 1313 2718 1395 edatur,
2761 1329 2876 1395 quo
2926 1313 3398 1395 nostratirmari
3452 1315 3703 1395 possint,

2055 1404 2123 1442 ea
2153 1401 2432 1456 perquam
2467 1385 2630 1439 avide
2681 1384 3060 1456 arripiamus,
3109 1391 3283 1456 atque
3336 1385 3394 1440 in
3454 1384 3702 1442 alteram

2057 1455 2374 1515 editionem
2410 1455 2822 1511 immittamus.

2127 1535 2326 1599 Neque
2377 1543 2725 1599 magnopere
2793 1527 3162 1599 nobiscurae
3211 1527 3702 1599 est,_supersitne

2061 1597 2325 1656 adhucis
2373 1599 2465 1653 cui
2508 1597 2656 1653 liber
2703 1599 2888 1669 primo
2930 1597 3160 1653 dicatus
3207 1597 3401 1669 fuerit,
3443 1597 3526 1653 ‘an
3570 1600 3696 1669 jam

2057 1672 2286 1727 obierit.
2336 1671 2394 1724 Si
2442 1670 2542 1740 qui
2589 1667 2770 1738 igitur
2843 1667 3244 1739 argumentari
3295 1669 3432 1724 velit
3487 1667 3675 1725 ex'eo

2053 1744 2207 1798 verbi
2245 1741 2453 1813 gratia,
2487 1743 2636 1813 quod
2674 1741 2739 1813 in
2765 1740 2863 1795 illo
2895 1742 3108 1794 citetur
3140 1744 3426 1795 statutum
3461 1741 3658 1812 aliquo

2056 1759 2207 1798 verni
2245 1759 2453 1813 gratia,
2487 1759 2636 1866 (ἲιοο
2674 1759 2731 1795 in
2765 1759 2863 1795 lllO
2895 1759 3108 1794 citetur
3140 1759 3426 1795 suacutum
3461 1759 3702 1812 auquou

2056 1813 2418 1887 pontiﬁcium
2436 1813 2507 1867 ai)
2557 1813 2649 1887 inc
2672 1812 2862 1867 tribus
2885 1813 3167 1887 duntaxat
3187 1812 3703 1887 quatuorveannis

2054 1881 2298 1952 editum,
2335 1901 2449 1938 non
2485 1884 2742 1955 potuisse
2769 1900 2901 1938 eum
2947 1883 3165 1955 librum
3198 1881 3282 1955 vel
3328 1884 3572 1938 Baronio
3616 1883 3708 1938 vel

2057 1959 2276 2027 Toleto,
2300 1954 2548 2026 exempli
2572 1971 2771 2020 causa,
2805 1954 3084 2024 dedicari,
3110 1955 3207 2025 qui
3233 1954 3550 2024 aliquando
3569 1959 3707 2010 ante

2057 2029 2274 2084 fuerint
2307 2027 2544 2093 mortui,
2594 2033 2748 2081 certe
2795 2027 3097 2080 infirmum
3151 2042 3216 2080 ac
3265 2043 3480 2082 vanum
3527 2027 3706 2081 fuerit

2059 2103 2470 2181 argumentum
2500 2115 2512 2153 :
2539 2115 2688 2181 nam
2717 2096 3067 2181 plrimaotilbri
3091 2095 3408 2181 dedicatio,
3440 2114 3564 2181 quae
3595 2097 3707 2151 fuit

2061 2167 2241 2226 multo
2261 2175 2394 2226 ante
2415 2169 2554 2224 illud
2581 2167 2892 2238 statutum,
2920 2167 3020 2222 illo
3039 2169 3376 2222 adveniente
3411 2167 3555 2223 nihil
3579 2185 3707 2222 mu-

2059 2248 2181 2298 tata
2209 2248 2319 2297 est.
2348 2243 2436 2296 Ita
2459 2243 2514 2294 in
2538 2240 2799 2311 Dionysii
2823 2239 3099 2310 operibus
3121 2239 3334 2293 accidit
3362 2255 3374 2292 :
3408 2239 3526 2294 illis
3553 2241 3710 2293 enim

2061 2315 2258 2384 aliqua
2288 2312 2661 2384 postmodum
2694 2311 2922 2384 adjecta
2958 2315 3115 2384 sunt,
3149 2313 3205 2364 et
3238 2311 3486 2384 fortasse
3531 2311 3710 2364 etiam

2063 2381 2303 2452 variata,
2337 2384 2436 2437 sed
2471 2382 2601 2437 libri
2633 2381 2921 2436 dedicatio
2952 2382 3173 2452 eadem
3196 2381 3437 2452 mansit,
3488 2384 3711 2452 etnon

2061 2449 2301 2511 variata.
2335 2455 2474 2520 Quis
2529 2469 2719 2524 porro,
2755 2452 2829 2524 sit
2854 2457 3020 2524 :etate
3063 2449 3606 2524 vixissetDionysii,
3630 2457 3713 2524 et

2063 2528 2246 2583 libros
2277 2533 2409 2580 ante
2436 2521 2773 2595 evulgatum
2802 2523 3046 2595 Joannis
3068 2521 3449 2595 Evangelium
3479 2521 3707 2595 edidis-

2062 2604 2172 2668 set,
2207 2598 2365 2653 aliud
2400 2593 2611 2651 faceret
2639 2611 2815 2666 quam
2851 2595 2983 2648 fecit
3014 2593 3325 2668 Dionysius
3355 2593 3564 2668 ‘I‘quis,
3620 2593 3714 2648 in-

2064 2664 2264 2742 quam,
2301 2677 2427 2740 post
2456 2664 2831 2738 Evangelium
2857 2669 2981 2737 jam
3011 2665 3344 2742 evulgatum
3393 2664 3710 2742 impetrare

2065 2740 2098 2797 οξ
2127 2741 2318 2812 seipso
2352 2745 2567 2812 posset,
2603 2745 2665 2794 ut
2694 2755 2842 2810 opus
2867 2753 3046 2812 suum
3076 2753 3188 2791 non
3217 2740 3575 2812 retractaret,
3602 2753 3708 2812 nec

2063 2806 2232 2879 illud,
2279 2806 2576 2867 advocatis
2620 2828 2650 2866 ο
2701 2806 2846 2864 ηόνο
2905 2809 3048 2863 tanti
3099 2809 3345 2879 apostoli
3399 2806 3710 2878 Evangelia

2065 2885 2321 2952 auxiliis,
2349 2882 2557 2937 melius
2585 2883 2792 2937 faceret
2817 2879 3084 2950 ?Alioqui
3101 2880 3387 2952 insipiens
3405 2883 3712 2952 saneesset

2067 2963 2119 3011 et
2144 2949 2478 3018 haberetur,
2514 2954 2560 3008 si
2595 2955 2649 3008 id
2685 2949 3019 3023 negligereti
3066 2949 3253 3023 Talis:
3278 2950 3460 3023 igitur
3502 2949 3712 3004 fuisset

2067 3034 2123 3083 et
2149 3027 2353 3082 haberi
2383 3025 2685 3080 debuisset
2728 3019 2789 3077 S‘Q
2839 3019 3258 3094 Dionysius,si
3312 3019 3496 3094 aliter,
3532 3037 3712 3094 quam

2069 3100 2224 3161 fecit,
2257 3098 2507 3152 fecisset.
2541 3095 2699 3158 Quod
2727 3112 2861 3150 vero
2877 3100 2933 3148 et
2953 3092 3169 3149 usitata
3187 3092 3360 3146 luerit
3381 3092 3712 3162 antiquitus

2066 3170 2348 3226 librorum
2385 3167 2740 3233 retractatio,
2777 3165 3040 3220 sitetiam
3068 3165 3229 3218 illam
3253 3162 3352 3217 illa
3373 3163 3448 3222 M.
3471 3163 3623 3218 Tulii
3645 3163 3707 3218 in

2065 3241 2328 3311 epistolis
2357 3240 2428 3294 ad
2462 3239 2717 3294 Atticum
2748 3236 3188 3311 testiﬁcatio._ls
3217 3235 3550 3311 enim_cum
3576 3234 3710 3311 uli-

2067 3306 2301 3384 quando
2319 3312 2530 3365 librum
2550 3309 2864 3384 quemdam
2881 3325 3054 3364 suum
3072 3307 3300 3384 placere
3313 3307 3502 3384 eidem
3516 3306 3709 3384 Attico

2066 3378 2468 3450 intellexisset,
2502 3378 2634 3436 eum
2668 3380 2750 3434 illi
2784 3385 2983 3452 postea
3008 3379 3163 3452 misit
3200 3378 3619 3452 retractiorem,
3654 3382 3712 3430 et

2067 3456 2249 3510 dixit:
2285 3478 2310 3504 ‹‹
2345 3447 2504 3518 Ουοά
2542 3458 2596 3507 te
2629 3446 2855 3506 Erotem
2883 3468 2999 3506 non
3034 3451 3160 3503 sine
3211 3446 3566 3503 munusculo
3612 3465 3710 3502 ex-

2068 3531 2329 3598 spectare
2352 3525 2518 3592 dicis,
2549 3524 2772 3598 gaudeo
2803 3539 2930 3598 eam
2965 3535 3237 3598 remuon
3289 3519 3565 3598 fefellisse
3611 3535 3711 3598 e_x-_-

2067 3587 2707 3669 spectationem'tuam.
2733 3594 2852 3669 Sed
2874 3597 3068 3669 tamen
3095 3590 3248 3646 idem
3277 3587 3554 3669 ρύηςεαγμα
3570 3589 3709 3644 misi

2068 3655 2140 3725 ad
2168 3673 2223 3723 te
2253 3667 2644 3732 retractatius,
2675 3669 2730 3718 et
2758 3663 2994 3735 quidem
3027 3663 3222 3732 ipsum
3257 3655 3561 3735 ᾴρχξεςυῆογ
3582 3675 3710 3715 cre-

2069 3741 2190 3796 bris
2213 3738 2353 3793 locis
2383 3737 2741 3792 inculcatum
2774 3732 2830 3790 et
2856 3736 3157 3790 refectum.
3193 3756 3220 3783 ››
3250 3732 3469 3788 Siciille
3493 3732 3591 3785 lib.
3613 3747 3710 3785 xvr

2075 3813 2161 3867 Ad
2192 3812 2456 3876 Atticum,
2484 3807 2735 3876 epistola
2763 3807 2816 3860 3.
2869 3806 2956 3861 Ita
3001 3803 3237 3860 omnino
3294 3809 3349 3858 et
3404 3802 3719 3876 Dionysius

2072 3888 2272 3938 noster
2300 3871 2452 3953 fecit.
2483 3871 2780 3953 opuscula
2809 3895 2917 3953 sua
2959 3877 3179 3953 crebris
3230 3876 3371 3953 locis
3419 3871 3718 3953 Evangelii

2071 3961 2128 4010 et
2155 3945 2595 4024 Apocalypseos
2613 3949 2860 4004 Joannis
2884 3946 3178 4002 inculcata
3191 3947 3472 4024 etrefecta
3493 3945 3712 4024 emisit.

2072 4015 2556 4100 Erat‘enimuante
2583 4021 2876 4100 inventam
2923 4017 3368 4100 typo‘grapbiam
3413 4015 3716 4100 sai-libro-

2075 4113 2204 4152 rum
2239 4095 2592 4160 retractatio,
2643 4097 2707 4147 ut
2737 4093 2907 4163 longe
2942 4088 3186 4155 facilior,
3235 4089 3317 4145 ita
3365 4089 3552 4144 multo
3601 4088 3718 4142 fre-

2075 4193 2082 4214 ί
2112 4168 2356 4222 uentior.

2145 4238 2290 4302 Quin
2325 4251 2429 4306 ego
2460 4235 2606 4306 ipse,
2641 4233 2752 4288 nisi
2784 4232 3182 4306 typographiaa
3217 4248 3351 4306 mea
3382 4231 3531 4306 582
3570 4243 3726 4284 com-

2075 4311 2339 4364 mitterre
2361 4303 2699 4361 statuissem
2728 4303 2830 4360 aut
2852 4303 3048 4376 potius
3072 4305 3117 4358 si
3143 4303 3303 4359 nulla
3331 4303 3724 4376 fuissettypo-

2075 4381 2342 4465 graphio,
2378 4376 2580 4465 multis
2607 4379 2731 4465 jam
2765 4369 2938 4465 anuis
2967 4375 3159 4429 Vitam
3185 4375 3344 4456 hanc
3368 4371 3554 4455 sancti
3589 4369 3726 4426 Dio-

2079 4442 2766 4526 nysiietquasdam'alias
2798 4451 2857 4502 in
2888 4449 3084 4526 lucem
3111 4447 3264 4500 exire
3298 4442 3725 4526 permisissem,

2081 4515 2228 4594 quas
2261 4515 2416 4577 nunc
2449 4521 2554 4594 edo
2585 4519 2754 4591 longe
2789 4536 2849 4575 re
2883 4515 3556 4594 ra_ctati_ores_.-ﬁentque
3600 4515 3728 4583 ipse

2085 4585 2313 4652 Flavius
2335 4592 2550 4648 Lucius
2575 4585 2779 4646 Dexter
2799 4589 3197 4645 omnimodam
3223 4585 3532 4641 Historiam
3558 4598 3728 4636 suam

2084 4669 2172 4732 (ut
2211 4667 2598 4737 ipsemetest
2646 4663 2868 4737 auctor)
2912 4659 3099 4737 primo
3144 4659 3360 4737 emisit,
3413 4660 3481 4737 et.
3521 4657 3724 4737 sancto

2084 4726 2437 4808 Hieronymo
2461 4735 2747 4808 dedicavit
2781 4726 2930 4808 ⁸ηοξ(
2965 4730 3280 4808 admodum
3334 4726 3725 4808 loculpletem,

2088 4815 2287 4882 postea
2307 4796 2511 4882 "autem
2549 4826 2575 4882 ε‹
2612 4804 2830 4882 multis
2879 4803 3042 4869 locis,
3096 4809 3156 4854 ut
3207 4801 3456 4882 ipsemet
3493 4796 3732 4882 scribit,

2089 4867 2318 4935 unctam
2355 4875 2906 4946 loculpletatamque
2939 4867 3652 4946 nrrursum'ediditmtque
3674 4867 3734 4946 in

309 4951 532 5019 notare
562 4951 618 5000 et
648 4948 1055 5002 successiones
1082 4947 1573 5019 singulorumque
1605 4949 1908 5018 ingressus
1925 4954 1982 5005 et

311 5017 549 5083 obitus,
582 5034 685 5072 nec
714 5035 897 5072 annos
925 5017 1305 5084 tantum,’sed
1336 5017 1509 5074 etiam
1536 5017 1978 5076 diesinterdum

308 5090 487 5160 ipsos
522 5089 706 5162 sacris
739 5091 1017 5162 mandare
1053 5089 1290 5146 tabulis.
1318 5090 1499 5146 Miror
1539 5092 1780 5162 proinde
1815 5093 1978 5147 Diva-

307 5162 485 5243 r‘i‘um
521 5160 750 5216 trahere
784 5161 1144 5243 Polycratem
1174 5163 1231 5214 in
1283 5178 1424 5242 suas
1466 5160 1660 5233 partes
1693 5164 1881 5243 timo
1928 5167 1984 5219 et

307 5232 469 5288 illud
496 5248 739 5306 quoque
763 5232 950 5306 magis
974 5233 1256 5306 demiror,
1281 5233 1408 5303 ipsu
1421 5232 1700 5306 mlvocare
1723 5235 1986 5306 Polycra-

303 5311 443 5359 tem
478 5303 838 5375 discipulum
874 5303 932 5358 S.
964 5303 1214 5358 Joannis
1246 5305 1514 5374 apostoli,
1549 5322 1682 5360 cum
1718 5303 1870 5361 inter
1887 5323 1986 5361 eos

307 5391 515 5431 unum
551 5374 669 5430 fere
703 5375 1036 5429 interfuerit
1067 5375 1371 5430 saeculum.

390 5445 603 5516 Neque
627 5448 766 5501 item
802 5447 863 5501 in
894 5462 960 5501 eo
993 5446 1264 5501 assentiri
1288 5448 1514 5501 Bivario
1541 5464 1807 5516 possum,
1830 5451 1985 5516 quod

299 5517 622 5572 Timothei
653 5519 872 5583 Vitam,
905 5534 1032 5588 quae
1065 5523 1256 5573 exstat
1295 5520 1448 5590 apud
1496 5519 1987 5590 ,Metaphrastcm,

303 5594 496 5661 putet
532 5605 658 5645 esse
691 5606 818 5645 eam
843 5606 979 5661 Aquae
1012 5591 1233 5661 scripta
1291 5589 1366 5644 sit
1408 5608 1440 5644 a
1492 5589 1808 5661 Polycrate,
1858 5609 1991 5648 cum

307 5659 499 5716 valde
529 5661 684 5716 inter
714 5678 777 5717 se
798 5659 1070 5716 differant
1103 5659 1221 5716 z'et
1266 5661 1378 5717 ista
1425 5659 1661 5731 quidem
1712 5663 1994 5720 nonnulla

307 5733 659 5805 contineat,
685 5751 811 5806 quae
836 5731 1044 5789 multis
1067 5737 1201 5805 post
1221 5732 1578 5807 Polycratem
1601 5735 1834 5792 saeculis
1856 5752 1992 5792 con-

2089 4969 2156 5007 ea
2186 4957 2420 5017 tempus
2452 4938 2659 5002 mortis
2689 4938 2878 5017 ipsius
2931 4944 3263 5014 Hieronymi
3314 4938 3646 5017 descripsit,
3681 4943 3738 5017 et

2091 5012 2355 5092 quaedam
2391 5019 2675 5092 alia,qu.fe
2716 5012 2850 5088 post
2901 5012 3342 5092 ejusnmortem‘
3368 5012 3729 5092 acciderunt.

2091 5083 2186 5148 Sic
2218 5097 2413 5147 autem
2455 5083 2872 5163 locupletatam
2929 5083 3229 5163 dedicavit
3273 5083 3467 5163 alteri_1
3517 5094 3728 5163 nempe

2099 5165 2270 5219 Paulo
2303 5161 2527 5224 Oresio,
2559 5154 2895 5232 presbytero
2930 5154 3399 5232 Tarraconensi.
3429 5154 3734 5232 Faciamus

2093 5234 2470 5308 igitur(quod
2507 5225 2627 5308 ﬁeri
2661 5225 2872 5308 potuit,
2904 5234 2960 5308 et
2992 5230 3141 5308 forte
3186 5226 3407 5308 debuit)
3461 5225 3735 5279 Dextrum

2097 5299 2209 5363 non
2246 5299 2508 5360 mutasse
2540 5299 2850 5374 epistolam
2901 5299 3487 5374 dedicatoriam_;__a_n
3535 5311 3605 5350 ex
3651 5309 3741 5374 eu,

2098 5379 2252 5450 quod
2287 5379 2344 5431 in
2379 5377 2486 5430 isto
2521 5368 2693 5450 opere
2725 5375 2888 5428 fieret
2921 5368 3744 5450 mortisrsanctiHieronymi,

2098 5439 2154 5505 et
2181 5449 2430 5504 aliorum
2465 5439 2576 5516 qui.
2599 5452 2729 5516 post
2761 5461 2892 5499 eum
2927 5439 3636 5516 fuerunt,tmentio‘,__ben.e
3662 5449 3748 5516 se-

2101 5527 2399 5592 queretur,
2437 5507 2611 5572 illum.
2639 5517 3082 5586 Hieronymum,
3117 5507 3208 5592 cui
3243 5512 3391 5592 liber
3432 5509 3530 5565 ille
3581 5507 3746 5562 dedi-

2101 5583 2271 5648 catus
2302 5583 2612 5662 legeretur,
2655 5605 2778 5662 _no_n
2830 5583 2960 5641 esse
3008 5589 3276 5662 sanctum
3328 5583 3745 5662 Hieronymum

2105 5654 2536 5736 presbyterum,
2561 5654 2689 5736 sed
2708 5659 2966 5736 aliquem
2998 5657 3180 5736 alium
3211 5672 3295 5736 _eo
3347 5654 3579 5736 nomipe
3615 5663 3746 5733 esse

2105 5724 2532 5809 requirendum
2557 5732 2584 5788 ?
2615 5724 2856 5788 Minime
2884 5730 3168 5805 gentium.
3202 5731 3317 5783 Cur
3344 5742 3480 5798 ergo
3509 5724 3666 5779 idem
3689 5724 3750 5776 in

660 5863 924 5925 PATROL.
974 5862 1084 5922 Gn.
1132 5861 1235 5923 ιν.

3347 5854 3426 5914 30
