3994 6214
386 287 493 343 941

1367 295 1430 346 Ρ.
1471 292 1789 348 HALLOIX
1824 293 1975 349 80C.
2016 295 2188 349 JESU
2225 297 2692 360 QUEBTIONES
2730 299 2826 351 IV.

3694 305 3803 362 942

380 412 734 501 omnibusin
763 415 902 501 eaet
930 413 1080 501 firca
1109 430 1236 470 eum
1265 415 1635 501 existentibus
1655 422 1707 471 et
1724 417 2026 501 subsistet};
2057 422 2111 487 Α
2155 422 2310 501 tuam
2337 420 2765 501 cout‘e‘mnatls')
2793 435 2806 472 :
2841 423 2968 476 tum
2999 424 3195 501 autem
3227 421 3539 498 Dionysius
3561 427 3802 501 duplam

382 484 552 551 tibus,
577 486 692 555 ipse
720 499 894 554 neque
920 487 1050 554 fuit,
1083 503 1256 557 neque
1285 487 1412 554 erit,
1446 505 1622 558 neque
1651 492 1868 555 genitus
1898 493 2028 555 fuit,

378 571 555 628 neque
573 558 850 628 gignitur,
864 573 1040 627 neque
1058 558 1319 626 gignetur
1337 576 1357 619 ;
1382 562 1478 613 sed
1497 562 1649 614 unde
1666 562 1930 629 habetur,
1948 563 2028 614 in-

385 629 574 698 quies,
591 632 862 682 vocatum
876 644 1003 683 esse
1021 629 1218 700 Regem
1231 629 1586 697 amatorum,
1603 631 1712 685 nisi
1731 647 1798 686 ex
1818 632 2031 687 Paulo?

385 699 754 773 Despondeo,
785 700 986 773 haberi
1019 699 1267 773 ex'libro
1299 702 1489 755 Tobiae
1523 719 1648 773 cap.
1683 719 1804 771 xm,
1824 706 1879 767 6,
1927 703 2027 758 ubi

383 771 599 844 Tobias
631 770 829 824 senior
859 774 942 826 sic
978 772 1274 841 loquitur:
1325 773 1558 840 Aspicite
1588 770 1711 843 ergo
1742 770 1866 844 qua:
1896 775 2030 842 fecit

380 842 686 907 nobiscum,
719 858 843 896 cum
890 845 1085 897 timore
1129 847 1177 896 et
1209 851 1445 898 tremore
1494 842 1835 914 conﬁtemini
1889 846 2022 901 illi:

382 914 686 985 [legemque
715 915 1049 969 saeculorum
1079 915 1334 969 exaltare
1366 917 1420 969 in
1453 915 1703 985 operibus
1734 916 1940 971 vestris.
1959 918 2028 971 Et

380 983 724 1038 ex'Joannis
755 985 1098 1056 Apocalypsi
1134 987 1321 1056 capite
1351 1003 1440 1054 xv,
1481 983 1574 1042 l3:
1605 990 1778 1043 Iusta:
1807 996 1859 1042 et
1882 1003 2026 1043 verae

375 1059 506 1130 sunt
534 1057 807 1130 vietum,
852 1057 964 1130 Rea;
1001 1058 1344 1130 seculorum.
1412 1059 1606 1128 Neque
1651 1061 1786 1112 item
1841 1060 2027 1130 magis

379 1129 599 1181 citatur
631 1127 845 1182 Paulus
895 1128 964 1181 ad
998 1128 1371 1183 Timotheum
1430 1131 1486 1182 in
1520 1127 1668 1183 libro
1723 1132 1796 1184 De
1822 1127 2027 1186 caelesti

376 1197 705 1270 heirarchia
729 1198 918 1269 capite
949 1200 1229 1267 secundo,
1262 1200 1417 1270 quod
1449 1206 1644 1255 tamen
1677 1202 1906 1257 dicebat
1932 1203 2022 1255 Bi-

376 1271 597 1324 varius.
633 1269 894 1340 Denique
926 1271 974 1323 si
999 1271 1142 1392 guis
1189 1269 1409 1325 attente
1467 1272 1812 1342 Dionysium
1872 1274 2027 1344 legat

376 1341 579 1392 {quem
610 1355 716 1392 ego
742 1346 809 1392 all
842 1342 969 1392 eius
1051 1343 1192 1392 itam
1247 1343 1753 1392 conscribendam.
1788 1349 1844 1392 et
1900 1350 2023 1392 tra-

373 1341 579 1412 (quem
610 1355 716 1412 ego
742 1346 809 1395 all
842 1342 969 1408 ejus
999 1341 1192 1396 Vitam
1247 1341 1753 1403 conscribendam.
1788 1349 1844 1398 et
1900 1341 2023 1399 tra-

375 1413 1084 1497 hendaiude‘decumeuta
1102 1429 1231 1497 non
1253 1416 1440 1497 solum
1462 1419 1664 1496 terque
1683 1421 2023 1497 quaterque,

373 1484 533 1554 quod
568 1484 752 1558 aiunt,
783 1483 935 1558 volvi
968 1490 1024 1558 et
1056 1484 1288 1558 revolvi,
1323 1485 1422 1540 sed
1457 1501 1523 1540 eo
1555 1483 1730 1540 etiam
1758 1483 2019 1558 saepius)

374 1571 684 1625 nunquam
714 1555 968 1627 inveniet
1000 1555 1056 1608 in
1081 1555 1154 1610 iis
1180 1558 1342 1620 locis,
1368 1571 1493 1626 quae
1526 1555 2021 1627 proferthvarius

372 1627 650 1698 debuisse
680 1626 1018 1698 Dionysium
1051 1627 1356 1682 Timotheo
1386 1626 1604 1698 dicere,
1636 1635 1698 1682 ut
1724 1636 1866 1683 recte
1919 1629 2022 1684 tibi

373 1697 591 1751 Paulus
620 1697 843 1770 scripsit
865 1715 896 1770 ;_
915 1700 1194 1770 necenim
1218 1698 1315 1753 ubi
1341 1697 1634 1753 ullatenus
1657 1708 2023 1770 congrueret,

376 1767 941 1856 quandoquidemin
966 1767 1427 1856 illis-locisltotus
1452 1771 1528 1856 sit
1547 1771 1626 1825 vel
1657 1773 1712 1825 in
1734 1767 2023 1856 doctrina,
2055 1790 2102 1856 B

373 1842 464 1894 vel
499 1841 553 1894 in
587 1841 1023 1910 disputatione;
1060 1847 1114 1894 et
1149 1840 1317 1894 nulla:
1350 1840 1428 1895 ibi
1456 1845 1555 1896 liat
1587 1844 1806 1898 mentio
1835 1840 2024 1898 Timo-

373 1912 520 1966 thei.
553 1912 848 1974 Quomodo
879 1912 1059 1980 igitur
1107 1913 1430 1980 induceret,
1461 1918 1521 1966 ut
1575 1919 1721 1968 recte
1753 1917 1856 1968 tibi
1883 1917 2021 1969 scri-

373 1982 691 2052 psit?tales
723 1983 878 2054 enim
912 1982 1294 2054 allocutiones
1330 1988 1459 2037 tum
1495 1984 1778 2039 haberent
1808 1985 2021 2054 locum,

371 2055 424 2110 si
461 2054 768 2125 Dionysius
801 2053 976 2107 allato
1015 2053 1170 2107 Pauli
1201 2057 1268 2108 ad
1306 2055 1676 2109 Timotheum
1709 2056 1854 2116 loco,
1888 2053 2023 2111 eum

370 2132 636 2180 moneret
667 2126 1068 2196 hortareturve
1093 2127 1162 2178 ad
1189 2125 1492 2195 quidpiam
1521 2130 1937 2196 praestandum,
1962 2134 2026 2182 ut

374 2198 498 2251 fieri
535 2197 680 2250 solet
710 2197 767 2250 in
799 2195 1088 2269 epistolis,
1123 2204 1230 2269 aut
1255 2195 1797 2269 cohortationibus;
1829 2215 2027 2269 quem-

371 2269 691 2342 admodum
725 2273 781 2322 et
812 2267 1019 2342 iecisse
1052 2267 1337 2342 reperitur
1369 2268 1522 2342 584
1555 2270 1764 2324 beatus
1808 2267 2026 2342 martyr

372 2339 714 2412 Ignatiusin
747 2338 991 2410 epistola
1021 2354 1130 2412 sua
1160 2340 1230 2394 ad
1293 2339 1592 2409 Ephesios,
1633 2357 1770 2394 cum
1822 2338 2026 2396 citaret

377 2410 540 2483 Pauli
571 2413 641 2465 ad
676 2412 910 2465 eosdem
939 2410 1151 2483 verba:
1188 2412 1247 2483 Et
1269 2413 1409 2483 sitis,
1466 2412 1800 2481 inquiebat,
1833 2429 2026 2483 quem-

373 2482 666 2537 admodum
701 2483 908 2536 Paulus
938 2480 1088 2553 vobis
1128 2481 1356 2548 scripsit
1380 2483 1472 2552 (s),
1503 2480 1678 2537 unum
1720 2480 1941 2553 corpus,
1971 2488 2026 2538 et

367 2570 516 2607 unus
541 2553 812 2624 spiritus;
835 2552 1094 2623 quoniam
1117 2561 1167 2606 et
1194 2555 1368 2607 vocati
1388 2554 1516 2607 estis
1535 2556 1594 2607 in
1611 2571 1724 2608 una
1740 2570 1831 2622 spe
1874 2555 2023 2623 ﬁdei.

280 2667 286 2671 .
371 2625 430 2678 Si
465 2633 661 2680 autem
694 2625 1007 2695 Dionysius
1037 2625 1096 2678 in
1130 2624 1374 2693 epistola
1391 2625 1459 2678 ad
1490 2625 1904 2695 Demophilum
1925 2632 2027 2682 aut

370 2696 442 2750 ad
477 2696 623 2751 alios
653 2697 790 2750 citet
821 2695 983 2750 Pauli
1014 2696 1189 2749 verba
1218 2697 1286 2750 ad
1316 2696 1708 2759 Timotheum,
1743 2713 1884 2750 sane
1917 2698 2024 2753 hoc

370 2767 520 2821 nihil
552 2769 622 2822 ad
665 2784 807 2821 rem.
840 2767 956 2821 Nec
985 2769 1140 2820 enim
1175 2771 1364 2837 potest
1389 2767 1580 2822 dicere
1625 2769 1884 2822 scribens
1914 2775 2022 2823 De-

379 2839 665 2909 mnphilo,
701 2846 766 2892 ut
795 2839 924 2910 tibi,
946 2838 1263 2904 Timothee,
1297 2843 1451 2894 recte
1479 2839 1716 2910 scripsit
1767 2839 2018 2907 Paulus;

379 2915 536 2964 esset
606 2910 759 2964 enim
816 2909 1015 2979 inepta
1082 2910 1452 2979 apostropha.
1526 2909 1626 2964 Sin
1698 2911 2019 2977 scriberet,

381 2986 444 3034 ut
469 2985 628 3035 recte
683 2982 752 3036 ad
814 2981 1186 3036 Timotheum
1238 2981 1472 3051 scripsit
1523 2981 1759 3048 Paulus,
1792 2987 1918 3035 tum
1966 2983 2019 3036 id

381 3052 690 3133 pronobis
723 3053 957 3122 faceret,
990 3068 1107 3106 non
1140 3067 1242 3124 pro
1296 3055 1519 3120 Dextro,
1553 3068 1742 3123 neque
1791 3069 1892 3123 pro
1925 3053 2022 3107 Bi-

387 3141 569 3179 VBPIO.

441 3194 778 3249 Secundum
813 3197 1224 3263 argumentum
1257 3197 1365 3258 est,
1401 3193 1554 3262 quod
1586 3193 1898 3263 Dionysius
1921 3195 2016 3249 Ti-

376 3266 684 3321 motheum
711 3281 944 3330 semper
971 3268 1134 3319 vocet
1163 3265 1372 3331 tilium,
1409 3266 1508 3318 lib.
1545 3266 1618 3319 De
1652 3266 2019 3322 ecclesiastica

370 3339 712 3400 hierarchio,
748 3353 874 3407 cap.
910 3338 934 3391 1
965 3352 976 3388 :
1019 3357 1044 3385 «
1068 3335 1449 3407 Sanctissime
1503 3336 1583 3388 ﬁli
1632 3336 1952 3403 'l‘imotbee,
1987 3359 2014 3387 ››

369 3416 431 3463 et
461 3411 532 3463 ad
567 3410 784 3463 calcem
809 3406 1070 3477 ejusdem
1087 3406 1218 3460 libri
1243 3422 1257 3460 :
1283 3429 1302 3454 ι
1328 3409 1466 3474 Ista,
1493 3407 1594 3469 ﬁli,
1619 3414 1739 3461 tam
1761 3408 1965 3476 multa,
1988 3427 2013 3459 υ

369 3487 428 3535 et
460 3481 561 3535 lib.
599 3481 669 3534 De
697 3479 899 3534 caelesti
931 3477 1247 3532 hierarchia
1286 3492 1336 3530 c.
1395 3478 1460 3530 2:
1529 3496 1550 3525 ι
1583 3478 1666 3531 'l‘u
1729 3485 1946 3543 autem,
1983 3496 2015 3533 ο

367 3551 475 3618 ﬁli,
519 3576 537 3599 ι
576 3558 709 3615 etc.,
735 3557 790 3605 et
819 3550 919 3604 lib.
953 3566 993 3603 11
1018 3550 1087 3603 De
1112 3549 1680 3620 divinisnomim'bus,
1704 3566 1752 3603 c.
1776 3554 1829 3615 2,
1852 3555 2014 3620 parte

368 3640 387 3676 I
423 3639 437 3679 :
485 3646 513 3672 ‹‹
549 3627 726 3678 Nemo
785 3629 998 3680 autem,
1035 3621 1226 3690 inquit
1283 3619 1558 3682 Bivarius,
1588 3636 1742 3673 sana
1801 3619 2013 3675 mentis

366 3695 484 3749 sibi
519 3693 914 3764 persuadebit,
950 3692 1293 3764 Dionysium
1327 3690 1454 3764 filii
1479 3691 1713 3764 nomine
1753 3708 2011 3762 unquam

369 3761 543 3820 illum
572 3765 937 3820 Timotheum
970 3761 1406 3834 vocitasse,rqui
1442 3761 1568 3832 ipso
1604 3761 1874 3834 Dionysio
1906 3781 2013 3817 an-

365 3837 593 3907 tiquior
622 3837 974 3908 discipulus,
999 3839 1063 3908 et
1094 3833 1419 3908 Ephesinus
1472 3833 1786 3904 episcopus
1843 3842 2008 3908 erat;

367 3905 545 3977 quem
570 3910 650 3962 ita
689 3905 966 3963 nimirum
997 3907 1231 3969 Paulus,
1255 3905 1660 3969 bonoraverat,
1684 3912 1746 3958 ut
1771 3921 1867 3960 sex
1889 3906 2010 3975 epi-

365 3980 556 4035 stolas
589 3984 698 4034 sub
727 3996 834 4032 suo
865 3984 922 4033 et
953 3978 1142 4048 ipsius
1163 3977 1334 4031 simul
1371 3977 1602 4030 nomine
1623 3978 2009 4048 inscripserit,

366 4057 480 4106 etc.
521 4073 550 4099 »
585 4052 665 4104 lta
687 4047 1189 4114 BivariusﬁQuem
1224 4049 1458 4116 quidem
1504 4048 1610 4101 hoc
1658 4047 1782 4101 loco
1812 4047 2014 4102 miror

365 4123 670 4177 modestia:
695 4123 890 4193 (quam
923 4121 1067 4175 alias
1099 4121 1246 4193 satis
1276 4120 1507 4193 videtur
1536 4119 1828 4193 adamare)
1865 4123 2011 4193 lines

364 4189 712 4248 excessisse.
733 4189 907 4247 'Itane
935 4208 1070 4247 vero
1092 4189 1120 4244 ‘l
1141 4197 1260 4245 tam
1288 4191 1456 4245 multi
1485 4195 1540 4243 et
1560 4195 1720 4243 tanta
1745 4192 2011 4244 doctrina

361 4266 497 4329 viri,
524 4266 620 4335 qui
654 4280 815 4332 sane,
851 4268 914 4318 ut
939 4262 1074 4335 plus
1103 4262 1444 4335 nondicam,
1471 4261 1693 4314 Bivario
1717 4263 1774 4335 in
1800 4261 2009 4316 litteris

363 4353 470 4390 seu
503 4332 686 4390 sacris
720 4352 820 4389 seu
856 4332 1114 4404 profanis
1146 4333 1288 4387 nihil
1323 4339 1424 4387 aut
1456 4349 1568 4404 non
1592 4332 1862 4404 multum
1911 4350 2006 4387 ce-

361 4409 540 4472 dunt,
575 4414 693 4462 tam
726 4403 1198 4476 multi,inquam,
1231 4409 1288 4458 et
1347 4403 1494 4476 tanti
1551 4403 1678 4476 viri,
1735 4406 1829 4472 qui
1892 4405 2005 4457 sibi

360 4484 785 4548 persuaserunt
813 4484 868 4532 et
898 4477 1372 4548 comprobarunt,
1395 4475 1751 4548 Timotheum
1797 4478 1851 4528 in
1885 4475 2006 4530 illis

361 4546 509 4605 locis
541 4551 728 4606 vocari
766 4550 974 4614 ﬁlium,
1009 4546 1162 4603 sanas
1195 4547 1410 4601 mentis
1441 4562 1554 4600 non
1583 4546 1861 4600 fuerunt?
1886 4548 2004 4602 Imo

356 4638 501 4676 vero
533 4621 698 4676 valde
731 4621 1112 4675 metuendum
1144 4623 1252 4684 est,
1285 4633 1356 4672 ne
1405 4618 1460 4671 id
1495 4617 1717 4671 dictum
1752 4618 2008 4686 (tametsi

359 4712 395 4747 a
430 4694 600 4747 docto
621 4698 678 4746 et
697 4693 873 4762 probo
895 4692 1015 4744 viro
1036 4692 1280 4759 dictum)
1306 4696 1499 4762 tamen
1523 4690 1660 4758 quia
1683 4706 1794 4762 non
1819 4689 2009 4762 omni-

366 4766 481 4819 bus
513 4760 793 4828 horis,_ut
819 4763 991 4833 vulgo
1023 4763 1254 4828 dicitur,
1289 4761 1576 4833 sapimus,
1600 4777 1713 4814 non
1747 4760 2012 4833 videatur

357 4852 393 4890 a
419 4851 567 4890 sana
599 4840 791 4890 mente
820 4831 1080 4889 dictum:
1116 4832 1488 4903 Ecquomodo
1505 4836 1700 4885 autem
1731 4849 1844 4886 non
1865 4831 2011 4903 vidit

355 4906 450 4960 vir
480 4907 758 4977 prudens,
794 4923 823 4958 τι
855 4905 1058 4959 multis
1085 4902 1226 4958 viris
1270 4903 1639 4977 sapientibus
1685 4907 1742 4977 et
1791 4902 2009 4977 sanctis

357 4978 458 5033 isti
485 4974 848 5048 'argumunto
878 4992 1007 5048 esse
1040 4990 1388 5046 responsum
1412 4974 1440 5028 ?
1475 4975 1792 5048 Quomodo
1827 4976 2007 5048 etiam

356 5044 592 5104 morem
621 5049 785 5103 illum
813 5044 1264 5102 usitatissimum
1291 5062 1405 5118 prie
1428 5044 1614 5118 oculis
1636 5063 1744 5100 non
1780 5044 2005 5118 habuit,

353 5121 462 5191 qui
501 5122 789 5191 hodieque
819 5123 1170 5191 perseverat,
1204 5122 1270 5191 ut
1294 5115 1616 5191 admodum
1650 5115 2009 5191 senes‘ltalis

352 5187 521 5246 enim
550 5198 674 5246 erat
697 5187 920 5261 judicio
955 5190 1158 5261 Bivsrii
1186 5189 1522 5260 Dionysius,
1555 5189 1694 5242 dum
1728 5187 2010 5261 scriberet

351 5264 432 5318 de
461 5263 676 5318 divinis
704 5259 1071 5324 nominibus,
1103 5260 1212 5315 hoc
1263 5259 1354 5313 est
1383 5264 1618 5314 centum
1650 5264 1708 5314 et
1753 5259 2006 5313 duorum

347 5336 669 5404 annorum)
687 5334 956 5405 juniores
983 5337 1147 5388 aetate
1171 5331 1468 5405 appellent
1492 5330 1736 5405 ﬁlios,et
1766 5330 1824 5384 hi
1853 5330 2008 5405 simi-

344 5407 492 5461 liter
515 5402 659 5461 illos‘
681 5402 975 5476 appellent
1008 5402 1222 5475 patres.
1253 5403 1381 5476 Jam
1415 5406 1609 5456 autem
1662 5402 2006 5476 Timotheus

347 5484 624 5549 respectu
657 5475 919 5548 Dienysii
951 5481 1076 5530 erat
1126 5475 1739 5549 admodumjuvenis,
1789 5475 2009 5549 quippe

345 5545 470 5620 qui
491 5550 738 5624 Neronis
788 5545 1049 5624 tempore
1103 5545 1758 5624 vo_cetur__adolescen_s,
1820 5546 2002 5624 etlad

345 5617 530 5694 quem
561 5621 827 5677 scribens
857 5617 1076 5676 Paulus
1123 5619 1320 5673 dicat:
1352 5619 1520 5672 Nemo
1578 5617 2006 5672 adolescentiam

2035 4519 2082 4584 D

2147 489 2381 544 circiter
2410 491 2569 546 illius
2601 489 2833 545 aetatem
2867 499 3139 563 exegerat

2208 564 2496 642 Secundo,
2515 563 2770 642 liliorum
2785 567 3186 642 appellatione
3201 571 3477 623 censetur
3497 569 3795 642 discipuli,

2139 637 2196 714 et
2225 640 2459 714 patrum
2497 635 2740 688 nomine
2773 634 3056 714 magistri.
3089 637 3181 714 με
3210 634 3796 714 sanctusDionysius

2136 706 2604 785 alexandrinum
2650 721 2784 785 cum
2831 706 3026 785 libros
3078 709 3151 762 De
3204 713 3412 785 natura
3459 706 3794 785 inscriptos,

2137 775 2443 830 Timotheo
2474 778 2708 831 cuidam
2737 777 3058 843 dedicaret,
3082 794 3215 833 eum
3242 780 3345 834 lilii
3375 784 3605 839 nomine
3630 775 3792 841 com;

2138 847 2394 918 pallavit,
2427 849 2510 902 uti
2569 849 2723 918 apud
2787 849 3105 907 Eusebium
3154 853 3574 910 Caesariensem
3629 860 3789 914 cerni

2138 916 2448 992 licet‘libro
2477 935 2532 973 v1
2564 916 2812 992 Historiae
2839 919 3238 985 ecclesiasticze,
3271 939 3399 992 cap.
3454 925 3545 990 26,
3577 927 3788 983 editio-

2136 989 2863 1066 nis_G_ra3ca3,_Timotbeus
2897 992 3076 1066 Igitur
3105 992 3161 1045 in
3200 989 3572 1066 philosophia
3602 1002 3660 1052 et
3679 1016 3786 1054 saa-

2135 1060 2249 1135 culi
2281 1061 2614 1135 disciplina,
2644 1063 2822 1135 cujus
2858 1063 3062 1135 rudior
3107 1060 3250 1130 erat,
3285 1060 3458 1135 atque
3505 1067 3682 1124 etiam
3726 1072 3785 1125 in

2136 1132 2440 1211 subtiliore
2464 1133 2755 1203 theologia
2786 1131 2902 1202 (his
2920 1135 3078 1188 enim
3098 1131 3386 1211 adversus
3404 1137 3786 1211 philosophos

2135 1203 2308 1286 tidem
2335 1211 2592 1258 nostram
2624 1211 3034 1286 Oppuguantes
3067 1222 3215 1286 opus
3246 1203 3420 1278 erat)'
3441 1203 3784 1286 Dionysium

2135 1271 2388 1352 habebat
2407 1291 2510 1344 pro
2527 1271 2812 1352 magistro
2833 1290 2846 1339 ;
2872 1271 3349 1352 omnum-absens
3373 1271 3473 1350 per
3503 1271 3784 1352 epistolas

2134 1346 2492 1425 consulebat.
2527 1345 2641 1425 Nec
2663 1347 2822 1425 enim
2842 1363 3048 1425 purum
3081 1350 3324 1425 periculi
3342 1345 3775 1425 a'philosophis

2135 1422 2194 1486 et
2223 1418 2418 1470 saeculi
2451 1416 2734 1486 sophistis
2783 1416 3050 1473 Ecclesia!
3081 1416 3466 1476 imminebat.
3519 1416 3665 1480 Hinc
3720 1431 3781 1482 et

2135 1485 2349 1560 Paulus
2381 1485 2615 1543 cautum
2668 1488 3112 1545 Colossensibus
3161 1492 3397 1548 volens:
3436 1495 3646 1560 Videte,
3687 1497 3781 1552 in-

2133 1559 2369 1636 quiebat
2399 1561 2493 1636 (t)_._
2518 1575 2587 1636 ne
2616 1563 2742 1630 quis
2763 1576 2853 1614 vos
2883 1560 3129 1631 decipiat
3157 1580 3259 1636 per
3298 1559 3701 1636 philosophiam
3728 1573 3782 1623 et

2132 1629 2357 1707 inanem
2385 1629 2686 1707 fallaciam
2724 1629 3024 1707 secundum
3054 1629 3409 1689 traditionem
3461 1629 3777 1707 hominum,

2131 1702 2429 1755 secundum
2459 1703 2728 1756 elementa
2755 1703 2976 1769 mundi,
3005 1713 3056 1758 et
3111 1721 3222 1759 non
3266 1705 3567 1762 secundum
3623 1702 3779 1766 (Νινιὲ

2130 1780 2297 1825 stum.
2330 1772 2546 1834 Tertio,
2606 1788 2740 1826 cum
2781 1774 3124 1830 Timotheus
3182 1775 3328 1831 satis
3358 1793 3513 1833 esset
3568 1787 3780 1836 natura

2131 1843 2378 1915 timidus
2407 1849 2464 1897 et
2494 1843 2892 1913 pusillanimis
2923 1847 3105 1915 (quod
3140 1847 3198 1900 in
3257 1848 3657 1906 notationibus
3702 1855 3774 1907 ad

2132 1929 2260 1992 cap:
2291 1915 2324 1965 7
2349 1913 2486 1992 Vitas
2519 1916 2702 1968 sancti
2735 1913 3038 1992 Polycarpi
3071 1933 3138 1972 ex
3161 1918 3414 1992 ipsomet
3442 1919 3618 1976 Paulo
3643 1939 3776 1992 pro-

2130 1985 2422 2055 bavimus)
2456 2002 2570 2040 non
2602 1985 3099 2042 tantum’doctore
3129 1985 3408 2056 scientias,
3462 1992 3563 2046 sed
3597 1985 3774 2049 etiam

2134 2056 2671 2130 magistrovirtutis
2721 2064 2778 2112 et
2828 2060 3174 2113 constantiae
3232 2061 3552 2130 indigebat.
3601 2067 3779 2121 Miror

2131 2135 2352 2205 autem,
2379 2128 2816 2205 Bivariumnon
2866 2130 3142 2205 didicisse
3173 2148 3240 2185 ex
3266 2128 3426 2205 Pauli
3475 2134 3775 2205 Epistolis,

2131 2204 2188 2272 et
2216 2215 2246 2252 e
2277 2199 2465 2272 sancti
2487 2199 2734 2254 Joannis
2757 2201 3123 2272 Apocalypsi,
3142 2203 3334 2271 qualis
3348 2199 3776 2263 fuerit-sanctus

2131 2270 2510 2346 Timotheus;
2540 2280 2604 2324 ut
2633 2289 2665 2324 a
2695 2270 3199 2346 pueritiaquidem
3233 2290 3335 2344 pro
3360 2275 3577 2346 ingenii
3601 2279 3776 2333 modo

2132 2289 2510 2336 umomeus;
2540 2289 2604 2324 υι
2633 2289 2665 2324 a
2695 2289 2945 2340 pueritia
3007 2289 3199 2326 umem
3233 2290 3335 2344 pro
3360 2291 3577 2346 ingenii
3601 2289 3776 2333 modo

2131 2340 2189 2393 in
2226 2357 2406 2395 sacris
2435 2349 2702 2396 versatus
2735 2341 2944 2396 litteris
2963 2289 3216 2413 ίξιμιὶρρεῑ)
3239 2351 3424 2400 matre
3446 2346 3780 2405 Christiana

2132 2417 2329 2478 natus)
2360 2418 2536 2481 atque
2568 2413 2742 2467 etiam
2770 2413 2986 2483 insigni
3021 2414 3232 2483 pietate
3279 2423 3337 2469 et
3383 2419 3778 2476 sanctimonia

2132 2483 2449 2552 praeditus:
2483 2485 2562 2537 ita
2594 2484 2661 2538 ad
2690 2500 2780 2537 res
2806 2500 3047 2550 magnas
3070 2483 3251 2539 animi
3273 2488 3567 2542 interdum
3597 2490 3778 2547 nimis

2130 2554 2354 2630 pusilli,
2379 2560 2435 2630 et
2464 2555 2610 2608 duce
2639 2560 2818 2630 atque
2861 2555 3169 2630 incitatore
3229 2557 3566 2630 indigentis.
3626 2561 3774 2618 Nam

2130 2629 2287 2701 quod
2321 2626 2628 2701 utriusque
2659 2626 2896 2701 nomine
2922 2632 3006 2682 tot
3037 2627 3323 2697 Epistolas
3354 2626 3594 2701 scripsit
3627 2631 3776 2688 Pau-

2129 2695 2551 2769 lus,_quodque
2582 2713 2716 2750 eum
2747 2698 2960 2768 saepius
2991 2703 3048 2752 et
3077 2695 3342 2769 impense
3399 2695 3776 2760 commenda-

2127 2768 2227 2835 vit,
2263 2767 2368 2844 hoc
2400 2784 2513 2821 non
2533 2774 2670 2844 Erat
2717 2770 2868 2844 quod
2921 2786 3136 2844 magna
3166 2767 3406 2827 ivaleret
3465 2790 3580 2844 prae
3639 2774 3774 2831 aliis

2129 2838 2474 2893 auctoritate
2533 2839 2900 2904 Timotheus,
2949 2838 3049 2895 sed
3111 2845 3177 2895 ut
3225 2838 3482 2898 valeret:
3515 2844 3662 2900 Nam
3715 2851 3774 2902 et

2129 2915 2371 2985 sanctus
2401 2909 2874 2985 Chrysostomus,
2920 2912 2985 2985 in
3047 2911 3210 2985 Pauli
3267 2913 3544 2983 Epistolis
3601 2914 3773 2985 longe

2129 2983 2397 3056 omnium
2428 2981 2888 3056 oculatissimus,
2917 2982 3045 3056 ideo
3079 2983 3244 3037 illum
3264 2981 3636 3056 conjunxisse
3657 2981 3770 3043 sibi

2131 3053 2190 3106 in
2223 3052 2710 3123 inscriptionibus
2740 3053 3113 3109 Timotheum
3145 3052 3464 3117 scribitfut
3492 3059 3544 3112 ei
3569 3063 3769 3114 aucto-

2133 3124 2362 3178 ritatem
2396 3123 2750 3191 conciliaret,
2787 3125 3286 3193 quemadmodum
3342 3126 3536 3183 videre
3593 3135 3682 3185 est
3711 3129 3772 3186 in

2134 3197 2401 3251 secundae
2435 3194 2703 3265 Epistolas
2735 3195 2804 3248 ad
2835 3195 3167 3250 Corinthios
3201 3199 3660 3254 commentariis.

2201 3266 2461 3341 Tertium
2494 3266 3153 3341 argumentum_B_ivarii
3183 3274 3386 3341 contra
3434 3286 3540 3326 nos
3595 3272 3768 3341 (quod

2124 3342 2320 3413 tamen
2353 3339 2412 3391 in
2435 3338 2816 3413 adversarios
2844 3337 3068 3413 valide”
3092 3339 3415 3413 repulsum,
3475 3337 3768 3413 integram

2124 3409 2297 3462 nobis
2325 3409 2509 3478 pariet
2541 3407 2864 3478 victoriam)
2898 3414 2955 3464 et
3008 3407 3178 3477 illud,
3209 3407 3468 3481 inempe,
3524 3407 3767 3480 majoris

2123 3495 2354 3550 semper
2382 3481 2563 3534 fuisse
2593 3481 2958 3551 auctoritatis
3007 3483 3157 3549 apud
3190 3480 3515 3551 discipulos
3565 3483 3767 3539 Timo-

2121 3551 2346 3615 theum,
2370 3567 2556 3623 quam
2591 3550 2785 3623 Titum
2815 3557 3045 3620 ;utpote
3068 3566 3244 3623 quem
3269 3550 3487 3607 Paulus
3509 3553 3644 3623 plus
3658 3554 3761 3610 ho-

2120 3622 2429 3676 noraverit.
2462 3621 2640 3691 Atqui
2672 3621 2987 3691 Dionysius
3020 3622 3283 3676 scribens
3314 3623 3386 3677 ad
3415 3621 3612 3679 Titum
3645 3643 3761 3680 non

2118 3697 2281 3746 vocat
2312 3707 2444 3745 eum
2481 3692 2689 3757 ﬁlium,
2722 3692 2905 3746 multo
2953 3692 3136 3763 igitur
3193 3693 3390 3749 minus
3441 3694 3526 3751 sic
3556 3696 3760 3752 debuit

2116 3779 2322 3818 vocare
2351 3763 2741 3817 Timotheum.

2189 3837 2551 3903 Respondeo,
2584 3832 2988 3888 auctoritatem
3021 3833 3208 3887 tribus
3243 3834 3419 3889 rebus
3449 3835 3759 3904 potissimo

2116 3911 2174 3960 et
2205 3904 2588 3960 usitatissime
2619 3905 2983 3974 comparari:
3018 3904 3206 3974 primo
3238 3904 3310 3959 ab
3334 3909 3533 3970 etate;
3567 3911 3622 3962 et
3647 3906 3756 3962 hoc

2117 3978 2289 4032 modo
2321 3991 2489 4030 senes
2522 3977 2760 4046 majoris
2791 3980 2933 4047 sunt
2981 3977 3349 4047 auctoritatis
3378 3993 3552 4045 quam
3592 3979 3759 4047 juve-

2117 4059 2256 4103 ne’s:
2291 4047 2568 4112 secundo,
2605 4045 2799 4101 rerum
2822 4045 2882 4099 in
2915 4046 3085 4101 nobis
3113 4048 3361 4102 sitarum
3387 4045 3754 4115 excellentia,

2117 4127 2181 4172 ut
2205 4119 2460 4173 scientias
2493 4124 2550 4173 et
2592 4118 2822 4172 virtutis
2853 4123 2911 4171 et
2966 4119 3335 4188 egregiorum
3390 4121 3713 4175 facinorum
3742 4139 3754 4177 :

2115 4191 2285 4245 tertio
2304 4205 2369 4244 ex
2393 4190 2612 4244 honore
2631 4197 2687 4243 et
2707 4189 2991 4259 dignitate
3012 4189 3375 4245 extrinsecus
3397 4192 3756 4247 adveniente.

2114 4263 2218 4316 Hic
2250 4267 2446 4316 autem
2482 4262 2666 4316 honos
2700 4262 2784 4315 vel
2818 4262 3168 4329 expenditur
3197 4279 3388 4317 rerum
3417 4280 3759 4331 magnarum

2113 4333 2263 4388 585
2299 4333 2737 4396 commissione,
2770 4337 2836 4385 ut
2865 4332 3344 4397 gubernationem
3372 4335 3628 4393 urbium.
3663 4337 3759 4388 ad-

2113 4405 2544 4458 ministratione
2602 4404 3051 4474 provinciarum,
3085 4405 3330 4473 ejusque
3394 4405 3551 4458 modi
3585 4405 3756 4460 aliis:

2112 4475 2200 4528 vel
2239 4475 2633 4529 familiaritate
2665 4475 2914 4543 alicujus
2946 4481 3003 4528 et
3060 4475 3250 4543 gratia
3280 4475 3431 4542 apud
3494 4491 3757 4545 magnos.

2117 4548 2234 4616 Ego
2265 4553 2459 4600 autem
2493 4562 2698 4600 censeo
2730 4551 2786 4600 et
2814 4562 3033 4611 assero,
3087 4545 3245 4599 hisce
3303 4545 3488 4599 tribus
3548 4547 3758 4616 primis

2121 4619 2307 4672 modis
2341 4619 2517 4672 fuisse
2548 4616 2740 4672 Titum
2777 4616 3016 4684 majoris
3047 4616 3412 4670 auctoritatis
3459 4632 3636 4685 quam
3665 4618 3758 4672 Ti-

2120 4691 2444 4752 motheum,
2480 4688 2731 4757 plusque
2759 4687 2950 4754 illum,
3000 4687 3320 4756 praesertim
3379 4686 3758 4754 intrinsecus,

2121 4760 2436 4815 momentis
2468 4761 2536 4812 ad
2569 4759 2972 4813 auctoritatem
3007 4757 3304 4823 habuisse,
3339 4775 3518 4828 quam
3577 4760 3759 4827 hunc,

2119 4832 2315 4886 Primo
2349 4831 2526 4898 igitur
2557 4829 2690 4897 plus
2711 4830 2838 4884 Tito
2884 4828 3245 4884 auctoritatis
3288 4835 3410 4884 erat
3439 4830 3510 4884 ab
3554 4837 3758 4896 artato;

2121 4904 2272 4972 quod
2308 4901 2452 4957 satis
2476 4907 2664 4969 potest
2694 4917 2724 4955 e
2754 4899 2916 4955 Pauli
2956 4899 3234 4970 Epistolis
3276 4904 3335 4956 et
3373 4917 3443 4956 ex
3473 4901 3626 4957 infra
3672 4902 3763 4956 di-

2121 4974 2319 5024 cendis
2351 4971 2564 5024 colligi.

2119 4971 2319 5027 cendia
2351 4971 2564 5040 colligi.

2187 5045 2454 5098 Secundo
2478 5061 2510 5097 a
2531 5041 2796 5104 scientia,
2819 5040 3145 5110 prudentia,
3173 5040 3421 5110 aliisque
3441 5042 3762 5099 virtutibus

2117 5118 2187 5170 ad
2223 5115 2486 5170 Ecclesiae
2517 5114 3000 5183 gubernationem
3049 5114 3452 5183 spectantibus
3483 5132 3494 5169 :
3530 5120 3597 5168 ut
3644 5130 3760 5168 non

2119 5203 2470 5257 magnOpere
2500 5187 2726 5255 eguerit
2757 5184 3019 5252 magistri
3045 5200 3168 5257 com
3182 5187 3550 5257 mendatione
3575 5203 3588 5252 ;
3611 5186 3762 5240 Pau-

2119 5254 2434 5338 malum
2471 5254 2954 5338 t'requenteuejus
2988 5254 3222 5338 auxilio.
3245 5256 3381 5338 cum
3401 5257 3637 5338 uenisset
3653 5273 3762 5338 au-

2118 5333 2225 5384 tem
2262 5332 2540 5390 Troadem.
2573 5325 2768 5397 inquit
2789 5325 3006 5381 Paulus
3028 5326 3110 5394 (ιι)
3125 5368 3138 5390 ,
3157 5331 3381 5396 propter
3397 5329 3763 5394 Evangelium

2119 5401 2346 5458 Christi.
2380 5411 2431 5455 et
2463 5401 2668 5454 ostium
2724 5397 2862 5451 mihi
2892 5401 3141 5468 apertum
3194 5408 3328 5452 esset
3385 5401 3443 5452 in
3509 5403 3762 5466 Domino,

2115 5490 2227 5526 non
2260 5472 2429 5526 habui
2457 5470 2703 5540 requiem
2732 5467 3119 5540 spirituimeo,
3151 5483 3210 5523 eo
3230 5468 3379 5540 quod
3400 5487 3509 5525 non
3540 5470 3762 5526 invene-

2116 5545 2224 5597 rim
2239 5545 2264 5597 Ἰ
2277 5543 2412 5597 itum
2425 5539 2660 5611 fratrem
2670 5557 2850 5595 meum
2861 5580 2873 5600 ,
2887 5539 2977 5612 sed
2995 5539 3332 5608 vale/ueiens
3345 5544 3442 5604 eis,
3487 5546 3766 5612 profectus

2114 5631 2240 5670 sum
2269 5615 2328 5669 in
2357 5612 2748 5669 Macedoniam.
2775 5612 2917 5667 Ecce
2947 5611 3131 5682 igitur
3163 5616 3385 5682 quanto
3417 5613 3530 5668 Titi
3555 5611 3766 5670 absen-

429 5835 490 5909 (ε)
523 5836 661 5908 Cap.
689 5851 768 5903 1v,
800 5850 852 5890 v.
883 5833 937 5889 4.
969 5831 1069 5905 (3*)
1103 5830 1125 5888 Ι
1153 5830 1302 5888 Tim.
1337 5847 1415 5900 1v,
1453 5831 1534 5902 12,
1558 5826 1623 5902 (t)
1654 5827 1790 5902 Cap.
1814 5844 1890 5901 ιν,
1921 5845 1980 5886 v.
2009 5832 2017 5881 ε

2130 5828 2186 5900 u)
2223 5828 2272 5886 ll
2295 5827 2424 5885 Cor.
2459 5843 2523 5897 ιι,
2557 5825 2643 5884 12.
