3994 6214
337 240 450 295 945

1330 238 1393 291 Ρ.
1434 237 1748 294 HALLOIX
1788 236 1937 292 SOC.
1980 239 2153 295 JESU
2191 240 2658 304 QUESTIONES
2693 241 2788 294 IV.

3662 239 3770 297 946

337 362 436 451 hic
488 359 707 451 dicere)
737 373 891 414 sanae
925 357 1164 451 mentis:
1196 359 1437 440 Quando
1462 357 1667 451 1igitur
1713 360 1950 451 tlendem
1978 361 2005 416 ?
2036 363 2089 428 Α
2118 362 2394 451 Quamvis
2427 363 2583 418 enim
2618 378 2829 443 negare
2860 361 3064 451 nolim,
3095 363 3286 448 Graece
3307 379 3451 448 eum
3483 365 3770 451 scire_po-

340 435 472 491 Uno
503 429 701 498 verbo,
734 445 1062 501 nunquam.
1099 435 1184 484 lta
1227 430 1383 484 enim
1420 429 1591 501 plane
1622 432 2000 487 sentiendum

338 512 455 586 est,
489 521 594 560 nec
625 504 999 586 Timotheum
1032 508 1760 586 un‘quamsecutum‘esse
1792 504 2006 586 Diony-

339 579 525 644 sium,
561 591 665 631 nec
696 575 896 630 Titum
933 574 1070 628 item
1109 572 1430 644 Eugenium
1461 591 1473 639 ;
1523 574 1800 630 indecens
1847 572 2004 631 enim

342 654 690 719 utrumque,
717 646 816 701 sed
835 650 1031 719 tanien
1055 645 1162 719 hoc
1182 647 1475 719 posterius
1497 646 1686 719 magis
1703 645 2002 719 indecens.

337 719 492 786 Quid
524 716 707 791 igitur
738 719 807 791 de
842 721 902 772 S.
927 716 1561 791 Timotheodicimus‘?
1591 718 1746 771 Nihil
1779 718 2007 774 scilicet
2107 721 2297 790 jorem
2326 723 2395 774 ad

339 791 527 860 aliud,
551 787 742 862 quam
763 789 834 862 in
868 789 1042 862 rebus
1074 787 1525 862 difﬁcilioribus,
1568 791 1875 862 magisque
1907 807 2004 844 ar-

341 859 1459 945 duis.COn.suluisselDionysium,virum
1477 859 2001 945 maximoingenio,

344 934 684 1006 prudentia,
716 931 980 997 scientia,
1012 931 1080 1006 ac
1132 932 1454 1006 praesertim
1502 931 1907 1004 philosophica
1944 939 2003 989 et

341 1003 704 1078 theologica,
729 1008 903 1075 atque
933 1003 1088 1078 enim
1121 1003 1194 1057 ob
1225 1008 1451 1078 aetatem
1491 1009 1546 1058 et
1576 1003 1858 1078 Areopagi
1893 1021 2000 1060 no-

339 1095 479 1134 men
513 1075 806 1149 przecipua
839 1075 1563 1149 auctoritatepraaditum;
1619 1075 1772 1149 hunc
1793 1083 1998 1149 autem

339 1145 592 1205 illius—et
623 1145 869 1204 aliorum
911 1149 1098 1217 gratia
1147 1145 1328 1200 libros
1377 1162 1497 1211 eos,
1531 1163 1680 1216 quos
1713 1148 2000 1203 habemus

335 1224 400 1278 in
436 1220 736 1286 manibus,
773 1234 1063 1273 exarasse.
1099 1217 1269 1289 Aliud
1321 1223 1408 1272 est
1457 1220 1636 1285 enim,
1671 1219 1893 1289 aliquid
1926 1222 1998 1275 ab

337 1295 502 1350 alero
554 1309 656 1364 per
716 1289 994 1364 epistolas
1051 1293 1153 1342 aut
1209 1288 1389 1364 libros
1428 1289 1692 1364 scriptos
1752 1288 1994 1364 discere,

338 1360 699 1426 aliudfeum
745 1360 908 1430 aequi
958 1366 1241 1429 tanquam
1291 1360 1673 1430 discipulum.
1709 1362 1879 1417 Prius
1927 1360 1998 1419 de

339 1435 655 1492 Timotheo
704 1438 760 1486 et
807 1433 876 1487 de
919 1433 1044 1486 Tito
1077 1432 1331 1504 dicimus
1363 1432 1456 1502 (ad
1490 1441 1805 1504 utrumque
1837 1436 1993 1490 enim

340 1509 584 1579 scripsit
615 1505 950 1579 Dionysius)
984 1503 1287 1579 posteriue
1318 1504 1389 1557 de
1438 1509 1686 1579 utroque
1715 1503 1994 1577 pernega-

342 1575 502 1634 mus.
526 1579 600 1632 De
629 1577 762 1631 Tito
793 1580 986 1629 tamen
1021 1579 1218 1647 secuto
1250 1575 1568 1645 Eugenium
1598 1575 1878 1647 tanquam
1901 1575 1994 1632 “di-

333 1649 659 1732 scipu‘lum,
702 1647 976 1732 videntur
1023 1646 1215 1732 Dextri
1263 1648 1440 1732 verba
1488 1646 1826 1732 necesserio‘
1865 1665 1993 1732 esse

2124 436 2326 499 tuisse,
2354 440 2546 490 tamen
2601 451 2673 490 an
2725 435 2978 499 sciverit,
3008 439 3066 489 et
3110 435 3190 489 ita
3239 436 3493 503 sciverit,
3531 442 3595 492 ut
3639 435 3771 494 libri

2119 507 2321 580 Graece
2343 507 2544 578 scripti
2579 507 2877 580 potuerint
2904 506 2952 561 ei
2986 506 3277 580 dedicari,
3301 507 3456 562 haud
3499 509 3772 580 equidem

2118 578 2260 632 scio.
2293 578 2420 632 Jam
2470 577 2666 632 autem
2700 577 2747 631 si
2781 577 2916 647 quis
2950 580 3096 632 torte
3128 578 3380 649 cuipiam
3419 577 3596 637 restet
3623 581 3678 635 in
3714 599 3776 638 re

2116 653 2235 703 tam
2269 649 2649 774 comprobata
2679 649 3015 719 scrupulus,
3042 654 3097 703 et
3128 657 3292 705 stans
3317 667 3347 704 a
3372 652 3621 721 Bivario,
3650 669 3772 708 ma-

2116 721 2297 774 iorem
2326 723 2395 774 ad
2448 737 2516 774 uc
2561 722 2689 774 Tito
2739 726 2970 774 reputet
3020 721 3418 774 Timotheum-
3454 728 3630 774 atoue
3679 725 3769 774 id-

2448 737 2516 775 uc
2561 722 2983 794 'I‘ito_reputet_
3020 721 3418 794 Timotheum,
3454 728 3630 794 atque
3679 725 3769 778 id-

2116 791 2269 847 circo
2310 808 2426 867 n_o_n
2476 792 2665 864 magis
2708 791 2866 846 hunc
2899 791 3171 867 debuisse
3223 791 3768 867 filium__appellari,

2114 879 2290 933 quam
2325 864 2522 918 Titum
2549 862 2822 931 {auctor
2853 880 2958 935 ego
2990 862 3073 916 illi
3107 879 3260 928 sum,
3295 869 3357 919 ut
3389 862 3553 920 illam
3582 862 3767 923 totius

2111 935 2421 989 vetustatis
2454 935 2823 1006 apothecam,
2857 937 2928 990 de
2959 951 3075 1005 qua
3102 935 3375 1006 superius
3405 942 3600 992 actum
3654 942 3763 1004 est,

2112 1007 2254 1081 etin
2287 1022 2404 1076 qua
2436 1006 2792 1081 immensqm
2827 1007 2940 1081 sibi
2973 1007 3316 1081 thesaurum
3352 1023 3586 1081 semper
3603 1010 3769 1064 sein-

2109 1077 2308 1132 venire
2361 1079 2666 1152 profitetur
2712 1079 2995 1152 Bivarius,
3033 1079 3425 1152 ingrediatur,
3458 1077 3768 1152 videatque

2111 1165 2183 1203 an
2217 1166 2337 1222 non
2364 1149 2534 1204 talem
2568 1154 2919 1222 tantumque
2967 1149 3047 1204 ibi
3094 1149 3268 1204 faciat
3309 1151 3504 1206 Titum
3543 1149 3768 1222 Equili-

2111 1237 2219 1292 nus
2250 1221 2581 1292 episcopus,
2616 1227 2680 1275 ut
2713 1221 2806 1275 vix
2845 1221 2895 1275 ei
2946 1222 3273 1292 comparari
3326 1224 3514 1292 possit
3566 1221 3767 1280 Timo-

2108 1291 2300 1348 thcus.
2333 1291 2476 1346 Nam
2509 1309 2643 1346 eum
2678 1293 2914 1362 quidem
2967 1291 3104 1347 sane
3156 1291 3364 1348 scribit
3413 1294 3764 1351 clarissimis

2108 1369 2379 1419 ornatum
2413 1379 2540 1419 esse
2572 1364 2936 1435 parentibus,
2969 1369 3025 1418 et
3056 1369 3208 1420 retro
3240 1382 3430 1436 usque
3464 1367 3533 1420 ad
3571 1367 3767 1422 Minoa

2108 1450 2300 1508 regem
2332 1439 2531 1503 Cretae,
2565 1437 2754 1506 ipsius
2793 1436 2968 1490 refert
3015 1452 3221 1507 genus,
3258 1438 3516 1508 itemque
3569 1439 3764 1493 admi-

2107 1506 2278 1580 rabili
2311 1522 2552 1577 prorsus
2585 1524 2650 1562 ac
2682 1507 2880 1561 divina
2901 1506 3299 1563 vocatione'ad
3336 1506 3552 1563 Christi
3585 1510 3756 1580 agni-

2103 1579 2326 1632 tionem
2350 1580 2669 1634 accessisse
2704 1582 3026 1644 memorat;
3061 1581 3232 1648 cujus
3264 1581 3438 1634 etiam
3472 1579 3758 1650 passioni,

2106 1650 2542 1716 resurrectioni,
2577 1651 2906 1705 ascensioni
2947 1651 3005 1703 in
3058 1651 3263 1706 malum
3297 1651 3574 1715 adfuerit,
3610 1669 3758 1707 una-

335 1718 710 1792 accipienda;
737 1718 1214 1844 quandoquidem
1245 1719 1447 1772 eodem
1480 1720 1654 1773 modo
1677 1721 1747 1775 de
1769 1721 1990 1775 utrius-
2024 1729 2069 1793 Β
2101 1737 2215 1791 que
2244 1736 2374 1774 cum
2410 1722 2718 1788 discipulis
2747 1721 3030 1793 Spiritum
3066 1727 3334 1778 sanctum
3370 1723 3434 1778 in’
3463 1739 3526 1778 se
3555 1739 3757 1794 corpo-

336 1809 454 1844 aue
484 1798 605 1844 tam
639 1791 756 1844 Pau
787 1791 800 1842 i
834 1805 1010 1844 uuam
1039 1789 1282 1844 Eugenii
1313 1789 1547 1844 seuuela
1577 1791 1764 1844 solent
1783 1797 1840 1844 et
1858 1809 1984 1844 nro-
2102 1792 2303 1844 raliter
2333 1793 2780 1844 descendentem
2818 1793 3122 1844 receperit.

721 1807 756 1844 ι]

336 1789 605 1872 que—tam
628 1789 800 1872 Pauli
834 1805 1010 1872 quam
1039 1789 1282 1872 Eugenii
1313 1789 1764 1872 sequelaﬁsolent
1783 1797 1840 1848 et
1858 1809 1984 1864 pro-

337 1861 578 1931 cedant;
613 1862 754 1918 dicit
782 1861 968 1916 enim:
1009 1880 1031 1906 ιι
1055 1861 1302 1932 Secutus
1333 1863 1521 1932 primo
1556 1863 1818 1929 Paulum,
1853 1861 1987 1919 mox

333 1930 687 2007 Eugenium.
720 1952 746 1983 ι
791 1933 966 2007 Atqui
997 1930 1264 1996 Paulum,
1298 1930 1362 1986 ut
1393 1933 1718 2007 discipulus
1750 1940 1808 1990 et
1837 1935 1985 1990 infe-

330 2004 472 2074 rior,
510 2007 887 2078 sequebatur,
922 2004 1006 2058 sic
1036 2019 1172 2074 ergo
1203 2009 1259 2078 et
1292 2005 1635 2078 Eugenium.

405 2080 568 2143 Quod
599 2075 670 2132 'si
720 2078 865 2132 forte
906 2080 1136 2130 tantum
1168 2075 1357 2129 virum
1393 2076 1571 2131 fuisse
1603 2076 1739 2130 velit
1771 2076 1986 2146 aliquis

328 2150 684 2221 Eugenium,
718 2153 784 2203 ut
812 2148 983 2221 sequi
1010 2147 1263 2221 potuerit
1295 2163 1426 2205 eum
1461 2148 1629 2221 Titus
1655 2168 1678 2221 ;7
1711 2163 1776 2201 eo
1807 2149 1984 2203 etiam

331 2163 684 2221 Eugenium,
718 2163 784 2203 ut
812 2163 978 2271 sequi
1010 2163 1263 2217 pctuerit
1295 2163 1426 2205 eum
1461 2163 1667 2215 'l'ltus;
1711 2163 1776 2201 eo
1807 2163 1984 2203 etiam

328 2223 508 2277 modo
534 2224 814 2292 sequetur
843 2219 883 2272 il
913 2219 988 2274 ud
1022 2219 1370 2285 absurdum,
1391 2220 1557 2292 quod,
1579 2220 1789 2292 cadere
1820 2236 1986 2289 posse

325 2293 387 2347 in
418 2291 718 2348 hominem
752 2308 906 2346 sanas
940 2292 1156 2344 mentis
1189 2307 1303 2344 non
1336 2291 1520 2345 credit
1543 2291 1983 2346 liivarius.Nam

328 2364 381 2420 si
414 2364 715 2436 Eugenius
746 2362 921 2418 fuerit
949 2363 1137 2436 majer
1165 2362 1315 2436 Tito,
1347 2362 1524 2436 fuerit
1555 2363 1735 2436 etiam
1783 2363 1983 2436 procul

329 2433 755 2491 dubio'saltem
788 2433 1031 2504 aequalis
1061 2433 1383 2488 Timotheo.
1411 2433 1570 2497 Quod
1607 2435 1653 2487 si
1688 2434 1983 2503 Eugenius

331 2506 580 2578 aequalis
627 2506 805 2561 fuerit
838 2505 1179 2578 Timotheo,
1213 2520 1338 2578 non_
1358 2505 1568 2573 poterit
1597 2505 1983 2578 saneiDiony-

326 2574 454 2636 sius
487 2579 808 2649 Eugenium
832 2575 1134 2631 Timotheo
1157 2574 1441 2649 gqualem
1461 2576 1650 2646 magis
1678 2577 1860 2630 filium
1886 2574 1983 2649 ap-

327 2647 778 2722 pellare,‘quam_
800 2650 1124 2722 ipsummet
1152 2647 1550 2722 Timotheum.
1577 2649 1798 2702 Addam
1831 2653 1887 2703 et
1909 2647 1982 2702 il-

324 2719 453 2784 lud,
493 2719 644 2793 quod
681 2719 837 2774 mihi
859 2720 916 2773 in
946 2719 1257 2793 priesentia
1288 2719 1604 2793 succurrit1
1634 2735 1736 2786 pro
1783 2723 1984 2793 nostra

330 2790 625 2849 sententia
656 2796 1088 2859 argumentum,
1112 2790 1483 2844 Timotheum
1517 2791 1664 2847 587
1701 2795 1757 2845 et
1786 2791 1982 2846 Titum

330 2866 520 2920 fuisse
551 2863 876 2935 discipulos
905 2863 963 2916 S.
998 2861 1184 2931 Pauli,
1206 2863 1374 2935 cujus
1409 2863 1517 2935 fuit
1546 2867 1603 2935 et
1631 2862 1978 2935 Dionysius;

331 2937 664 3008 Eugenium
699 2933 892 2991 autem
929 2950 1040 2988 non
1069 2933 1255 3008 sancti
1290 2933 1472 3008 Pauli,
1495 2934 1592 2988 sed
1618 2933 1985 3008 Petgi_l‘uiss_e

336 3004 700 3079 discipulum
745 3011 802 3061 et
839 3010 1209 3070 sectatorem,
1242 3004 1429 3073 ipsius
1480 3010 1673 3060 autem
1725 3005 1982 3079 Dionysii

335 3078 549 3151 exiguo
597 3083 854 3151 tantumk
874 3081 1173 3151 _tempor_e_:
1216 3092 1396 3151 quare
1448 3093 1579 3151 cum
1631 3082 1854 3151 certum
1887 3078 1983 3151 sit,

337 3147 466 3222 ipso
487 3152 798 3222 confitente
821 3147 1069 3222 Bivario,
1095 3147 1437 3222 Dionysium
1462 3148 1766 3222 scripsisse
1789 3149 1857 3222 ad
1882 3149 1984 3202 Ti-

333 3219 466 3278 tum
497 3222 658 3304 Pauli
691 3219 1070 3304 disgipulurp,
1103 3219 1255 3304 credi
1289 3234 1533 3304 ‘qucque
1561 3220 1987 3304 pronissimum

337 3299 452 3360 est,
483 3294 756 3348 eumdem
790 3291 1132 3362 Dionysium
1159 3291 1228 3344 ad
1253 3291 1501 3346 alterum
1536 3293 1799 3361 ejusdem
1826 3291 1988 3346 Pauli

330 3365 693 3436 discipulum
727 3361 1099 3436 Timotheum
1150 3361 1294 3436 iiloe
1334 3362 1854 3436 scripsisseiiibros
1886 3363 1988 3436 qui

333 3433 588 3501 exstant,
637 3433 974 3507 praesertim,
1005 3449 1138 3488 cum
1174 3433 1513 3507 iriEpistola
1543 3435 1610 3488 ad
1645 3434 1840 3507 Titum
1891 3435 1985 3487 Ti-

338 3509 558 3563 mothei
593 3504 768 3562 faciat
798 3506 1179 3560 mentionem.
1209 3504 1400 3559 Graece
1433 3507 1568 3559 item
1602 3505 1837 3576 scripsit
1865 3507 1989 3559 Dio-

336 3580 568 3650 nysius,
603 3596 714 3634 non
752 3579 983 3650 Latine:
1035 3594 1103 3632 ex
1151 3592 1266 3646 quo
1301 3575 1486 3650 Algnge
1528 3575 1889 3650 probabilius
1923 3578 1988 3631 fit

337 3647 410 3706 ad
437 3652 662 3706 Graecos
687 3649 1016 3732 scripsisse,
1043 3664 1218 3732 quam
1245 3647 1314 3703 ad
1335 3649 1657 3732 Eugenium
1685 3648 1985 3732 hominem

332 3727 690 3786 Romanum,
724 3719 823 3793 qui
856 3725 912 3775 et
938 3737 1010 3776 an
1042 3719 1234 3774 Graece
1266 3719 1520 3793 sciverit,
1548 3720 1839 3793 incertum
1875 3725 1983 3775 est.

326 3798 478 3850 Nam
510 3799 689 3849 totam
721 3789 952 3848 aetatem
995 3807 1163 3847 suam
1212 3789 1298 3845 vel
1348 3792 1406 3846 in
1460 3790 1623 3845 Italia
1665 3789 1824 3845 trivit
1865 3794 1986 3860 (ut-

322 3870 464 3936 pote
515 3863 1287 3936 RomanuquuodHDexter
1333 3870 1388 3936 et
1437 3863 1702 3936 Bivarius
1750 3863 1986 3936 docent)

312 3934 408 3992 {rel
445 3937 506 3991 in
540 3936 747 4001 Gallia,
778 3934 867 3991 vel
890 3934 959 3990 in
992 3934 1306 4006 Hispania:
1347 3935 1417 3988 de
1450 3934 1540 4006 his
1567 3935 1724 3990 enim
1756 3935 1983 4006 liquet;

314 4008 604 4065 Graeciam
658 4012 855 4064 autem
905 4006 956 4062 si
1006 4005 1324 4078 aliquando
1355 4005 1592 4072 viderit,
1618 4022 1734 4062 non
1775 4005 1984 4077 liquet.

2102 1792 2303 1847 raliter
2333 1792 2800 1848 descendentem
2818 1793 3122 1861 receperit.

2169 1867 2306 1930 Quae
2336 1865 2384 1917 si
2415 1882 2548 1920 vera
2593 1871 2752 1927 sunt,
2790 1870 2852 1919 ut
2901 1865 3134 1918 credere
3181 1863 3413 1919 videtur
3464 1864 3752 1928 Bivarius,

2097 1941 2248 1990 certe
2279 1937 2337 1989 in
2371 1937 2549 1992 dubio
2575 1937 2826 2006 relinqui
2880 1953 2991 1990 non
3044 1940 3254 2006 potest,
3287 1937 3428 2005 quin
3478 1936 3645 1990 Titus
3697 1943 3756 1992 et

2100 2006 2268 2077 longe
2304 2009 2498 2063 senior
2540 2007 2617 2063 sit
2662 2007 2990 2074 Timotheo,
3022 2011 3078 2061 et
3127 2006 3345 2075 aliquot
3396 2008 3533 2062 item
3579 2008 3752 2064 annis

2098 2079 2375 2148 grandior
2403 2079 2530 2160 ipso
2565 2079 2835 2162 Dionysio
2868 2081 3021 2148 (cum
3057 2078 3571 2162 enimnDionysius
3601 2085 3752 2133 tem-

2098 2166 2234 2220 pore
2266 2151 2558 2221 passionis
2591 2150 2765 2204 fuerit
2792 2155 3020 2205 tantum
3054 2150 3258 2220 viginti
3279 2151 3540 2220 quinque
3566 2167 3750 2205 anuo-

2097 2237 2255 2292 rum,
2303 2222 2470 2277 Titus
2519 2222 2829 2276 minimum
2880 2222 3088 2292 viginti
3144 2236 3373 2286 novem,
3420 2237 3488 2274 ex
3540 2222 3750 2277 eodem

2097 2291 2368 2362 Equilino
2409 2293 2590 2347 fuisse
2630 2291 2965 2362 colligitur)’
2994 2297 3057 2344 ut
3103 2292 3346 2361 proinde
3390 2310 3422 2346 a
3469 2292 3748 2362 Dionysio

2097 2379 2211 2417 non
2263 2363 2505 2433 perinde
2552 2364 2740 2418 vocari
2794 2363 2953 2417 filius
3001 2363 3274 2433 potuerit,
3323 2379 3494 2433 quem
3546 2363 3749 2417 Timo-

2095 2436 2287 2488 theus.
2311 2434 2434 2497 Qua
2455 2435 2525 2488 de
2552 2449 2612 2489 re
2641 2435 2769 2488 vide
2801 2433 3135 2506 Equilinum
3171 2433 3319 2506 libro
3352 2451 3427 2487 νιι
3461 2434 3742 2504 Catalcgi,

2095 2506 2282 2575 capite
2307 2507 2428 2572 108,
2454 2507 2553 2560 ubi
2581 2505 2721 2561 dicit
2751 2505 2949 2559 Titum
2983 2505 3187 2575 viginti
3223 2521 3410 2560 annos
3439 2509 3740 2570 natum,et

2096 2577 2327 2631 Homeri
2373 2577 2757 2638 carminibus,
2790 2576 3394 2646 philosophorumque
3429 2575 3598 2630 libris
3631 2593 3737 2646 ap-

2096 2649 2282 2718 prime
2331 2649 2618 2712 deditum,
2674 2649 2972 2718 excepisse
3030 2649 3115 2718 de,
3153 2646 3294 2701 caelo
3345 2663 3565 2716 vocem,
3612 2665 3738 2717 quae

2094 2717 2523 2784 commonebat,
2548 2720 2661 2774 ista
2693 2717 2932 2787 profana
2965 2717 3284 2790 studiuipsi
3307 2718 3580 2790 deinceps
3613 2735 3743 2774 esse

2093 2792 2495 2860 relinquenda,
2529 2796 2585 2845 et
2615 2792 2826 2846 animae
2869 2789 3043 2844 saluti
3099 2789 3525 2859 providendum
3559 2806 3572 2844 :
3632 2807 3737 2846 no-

2091 2879 2217 2918 vem
2251 2879 2384 2917 vero
2435 2867 2567 2934 post
2615 2863 2786 2917 annis
2833 2863 3126 2934 eumdem.
3162 2861 3308 2934 lecto
3361 2860 3739 2934 lsaimilibro,

2093 2939 2211 2988 tam
2261 2951 2381 2988 suae
2436 2932 2611 3006 quam
2659 2935 2907 3006 aliorum
2950 2932 3160 3006 salutis
3183 2933 3308 3001 jam
3351 2933 3743 3006 cupidiorem,

2095 3006 2343 3062 missum
2377 3003 2767 3060 ab'avunculo
2800 3021 2906 3058 suo
2937 3005 3112 3060 Cretae
3146 3003 3495 3074 proconsule
3544 3004 3743 3058 Hiero-

2100 3081 2410 3148 solymam,
2446 3077 2642 3146 ibique
2684 3076 2742 3131 in
2791 3076 3003 3130 Christi
3056 3077 3288 3148 venisse
3335 3075 3627 3148 notitiam.
3664 3077 3748 3130 En

2098 3146 2278 3219 igitur
2307 3165 2493 3203 annos
2525 3149 2729 3218 viginti
2758 3162 2980 3219 novem,
3003 3146 3116 3201 Titi
3171 3153 3312 3219 ante
3351 3147 3565 3200 Christi
3618 3163 3751 3217 pas-

2098 3217 2321 3275 sionem
2351 3239 2364 3284 ;
2399 3236 2546 3291 quos
2597 3233 2702 3276 nec
2751 3218 3064 3291 Dionysius
3095 3217 3366 3290 aequavit,
3401 3219 3616 3274 nedum
3654 3219 3752 3274 Ti-

2099 3292 2393 3348 motheus.

2173 3365 2248 3417 Ex
2295 3363 2408 3440 his,
2443 3367 2536 3440 ι]ῐᾶ
2554 3362 2796 3440 opinor_,_
2825 3361 2970 3416 satis
3018 3359 3201 3440 fuisse
3224 3376 3438 3440 causa:
3489 3363 3754 3440 apparet,

2099 3436 2477 3504 quamobrem
2504 3433 2562 3487 S.
2587 3433 2930 3487 Timotheus
2951 3433 3283 3504 vocarieB.
3311 3431 3586 3504 Dionysio
3613 3447 3756 3504 puer

2099 3502 2198 3559 aut
2233 3506 2388 3559 ﬁlius
2421 3504 2697 3575 potuerit,
2732 3508 2788 3558 et
2826 3519 2938 3557 non
2974 3503 3353 3575 item_Titu_s_:
3409 3503 3626 3575 quippe
3656 3502 3754 3570 qui

2101 3585 2348 3646 utroque
2381 3573 2554 3629 fuerit
2587 3581 2724 3628 natu
2754 3575 2960 3641 major,
2981 3578 3098 3627 tam
3126 3573 3253 3642 ipso
3276 3573 3751 3646 Dionysio.quam

2096 3644 2413 3702 Timotheo.
2446 3651 2633 3710 Quare
2664 3661 2794 3700 cum
2820 3649 2942 3714 jam
2980 3644 3345 3710 argumentis
3397 3649 3598 3697 contra
3649 3659 3751 3696 no-

2099 3725 2279 3774 stram
2314 3732 2805 3787 communemque
2851 3715 3201 3770 sententiam
3238 3715 3490 3787 objectis
3517 3714 3750 3787 abunde

2097 3806 2465 3861 responsum,
2493 3789 2588 3852 sit,
2625 3794 2691 3861 et
2715 3783 2852 3861 thaec
2883 3783 3331 3861 tertiaquaestio
3363 3783 3748 3861 sufﬁcienter,

2097 3868 2161 3918 ut
2193 3855 2336 3916 mihi
2371 3859 2607 3931 quidem
2639 3859 2894 3926 videtur,
2926 3855 3253 3931 explicata;
3298 3871 3454 3911 nunc
3483 3855 3748 3912 transibo

2098 3935 2167 3988 ad
2202 3937 2469 4005 quartam
2505 3937 2562 3987 et
2590 3940 2967 4004 postremam.

1779 4368 2136 4440 QUIESTIO
2198 4369 2294 4430 IV.

396 4553 494 4614 De
520 4572 774 4634 corpore
802 4552 998 4613 sancti
1024 4553 1310 4632 Dionysii
1335 4553 1719 4634 Areopagitae
1754 4571 1768 4624 ;
1819 4560 2033 4634 utrum?
2056 4550 2211 4612 illud
2223 4557 2327 4634 esi!
2366 4550 2425 4610 in
2455 4549 2602 4610 urbe
2631 4555 2702 4612 S.
2739 4547 3021 4626 Dionysii
3040 4539 3556 4625 propeLutetiam
3585 4557 3664 4599 an

1644 4631 1978 4692 Ratz'sbonae
2009 4633 2072 4692 in
2107 4632 2432 4711 Bajoarz'a.

388 4874 552 4929 Haud
587 4890 835 4946 parvum
865 4871 1004 4928 facit
1034 4873 1352 4946 adenomen
1376 4877 1432 4929 et
1447 4873 1694 4946 gloriam
1715 4873 1967 4944 alicujus
1997 4876 2044 4941 D
2075 4873 2445 4928 tisbonenses
2496 4869 2653 4946 enim
2705 4863 3169 4946 translatumhad
3216 4879 3277 4918 se
3329 4860 3552 4946 dicunt,
3587 4860 3736 4946 tem:

315 4947 549 5018 sancti,
580 4944 734 5001 inter
791 4945 980 5000 claros
1035 4944 1380 5018 nobilesque
1424 4944 1672 5018 pepulos
1721 4947 1792 5000 de
1839 4946 1968 5014 ejus

315 5017 461 5074 olim
523 5017 879 5073 decertatum
914 5033 1039 5089 esse
1069 5016 1360 5088 hodieq'ue
1389 5016 1673 5073 decertari
1708 5034 1967 5089 corpore.

311 5091 361 5145 A
393 5089 604 5158 pietate
635 5089 789 5144 enim
823 5088 1196 5160 populorum,
1231 5089 1382 5144 etab
1415 5088 1968 5144 zestimatione’snn-

314 5165 545 5216 ctarum
607 5159 1014 5231 reliquiarum,
1055 5161 1346 5230 ejusmodi
1399 5162 1552 5217 inter
1607 5161 1973 5215 Christianos

319 5233 530 5287 exoriri
566 5232 757 5288 solent
788 5231 1129 5286 certamina.
1163 5232 1254 5287 Sic
1299 5232 1478 5301 igitur
1521 5233 1674 5288 inter
1723 5233 1973 5286 Francos

321 5308 381 5359 et
411 5303 754 5364 Germanos.
789 5304 909 5358 sive
939 5302 1157 5375 potius,
1188 5305 1344 5358 inter
1373 5305 1621 5359 duorum
1665 5303 1973 5358 celeberri-

319 5392 552 5431 morum
587 5374 986 5432 coenobiorum
1013 5374 1166 5430 viros
1188 5375 1506 5441 religiosos,
1531 5375 1707 5430 unius
1740 5375 1797 5430 in
1832 5375 1975 5429 urbe

320 5447 382 5502 S.
421 5447 676 5519 Dionysii
735 5447 890 5502 haud
945 5446 1145 5519 procul
1185 5447 1452 5519 Parisiis,
1491 5447 1750 5519 alterius
1779 5447 1973 5519 Ratis-

309 5519 481 5573 bonae
530 5517 588 5572 in
641 5517 1095 5586 Bajoaria,’olim
1144 5518 1328 5589 viguit
1383 5524 1440 5574 ct
1495 5536 1649 5573 nunc
1700 5517 1854 5587 viget
1904 5518 1975 5572 de

313 5590 508 5662 sancti
541 5590 794 5662 Dionysii
842 5589 1195 5662 Areopagitre
1229 5608 1393 5645 sacro
1428 5607 1670 5662 corpore
1702 5607 1813 5644 non
1850 5605 1971 5643 me-

315 5661 534 5735 diocris
561 5660 878 5735 contentio.
913 5662 1056 5735 Nam
1084 5660 1167 5715 illi
1199 5679 1259 5735 se
1291 5660 1884 5735 semper—possedisse
1920 5664 1976 5715 ct

321 5733 658 5819 possidere;
709 5733 768 5788 hi
815 5749 953 5819 vere
996 5732 1586 5819 istesolim'qu'idem
1617 5732 1975 5819 possediese,

327 5805 430 5861 sed
463 5821 621 5864 nunc
651 5821 714 5862 se
742 5804 1061 5878 possidere,
1099 5804 1238 5863 totis
1278 5804 1500 5864 viribus
1548 5804 1831 5880 pugnant.
1866 5807 1979 5859 Ra-

2087 4959 2314 5016 pusque
2345 4948 2400 4998 et
2431 4943 2666 4996 modum
2701 4945 2757 4994 et
2787 4937 3261 5016 commoditatem
3288 4932 3738 5016 oetendunt,aut

2091 5006 2246 5072 certe
2277 5019 2585 5079 conantur,
2621 5012 2804 5082 quoad
2842 5013 3110 5082 possunt,
3139 5006 3468 5082 ostendere.

2151 5087 2296 5142 Nam
2329 5086 2493 5151 aiunt
2523 5071 2787 5151 tem-pore
2819 5071 3107 5149 anulphi
3135 5079 3346 5149 imper.
3374 5075 3602 5151 hoc_est
3625 5071 3735 5125 sub

2083 5175 2303 5214 annum
2336 5148 2550 5210 Christi
2585 5143 2710 5218 890,
2744 5171 2776 5226 a
2822 5143 3146 5226 Gisalherto
3192 5143 3316 5226 uno
3369 5163 3436 5200 ex
3478 5143 3738 5226 impera-

2083 5231 2224 5286 toris
2255 5228 2592 5300 proceribus
2624 5215 2751 5300 Δ((ιίξὶ
2802 5223 2994 5300 spceie
3048 5221 3289 5277 admissi
3338 5215 3738 5300 sacrilegii‘in

2083 5285 2409 5358 ccenchium
2442 5285 2647 5352 Sancti
2675 5285 2928 5366 Dionysii
2972 5311 3038 5349 ex
3088 5291 3415 5366 composito
3447 5285 3740 5366 relegatus

2087 5375 2281 5442 fuerit)
2309 5370 2590 5426 devinctis
2623 5369 2732 5422 sihi
2761 5361 3039 5442 cx'amica
3073 5372 3129 5442 et
3160 5361 3386 5442 liberali
3422 5362 3738 5442 consuetu-

2084 5447 2220 5500 dine
2251 5431 2573 5504 monachis,
2624 5457 2688 5494 ac
2738 5438 2914 5492 semel
2960 5437 3129 5490 hilari
3166 5434 3424 5504 convivio
3456 5431 3738 5504 exceptis,

2080 5517 2333 5584 vinoque
2387 5520 2440 5568 et
2489 5503 2692 5566 somno
2744 5509 3011 5580 sepultis.
3046 5503 3490 5584 sanctnm_illud
3524 5515 3740 5584 corpus

2085 5577 2442 5644 clandestine
2470 5577 2822 5654 subreptum
2849 5585 3200 5655 csse,_atq_ue
3223 5579 3290 5632 ad
3316 5577 3739 5655 imperatorem

2086 5661 2486 5730 deportatum;
2515 5649 2962 5730 quiimperator
2981 5649 3133 5730 illud
3170 5649 3498 5730 Ptastibonae
3531 5649 3736 5730 incae-

2087 5719 2260 5788 nobio
2293 5729 2443 5788 588
2478 5719 2629 5783 beati
2663 5719 2996 5780 Emmerani
3027 5723 3203 5794 (quod
3251 5735 3378 5778 esse
3402 5719 3736 5794 _ornatissi-

2089 5820 2253 5862 mum
2287 5800 2580 5876 cupiebat)
2611 5796 2967 5871 deposuerit.
3001 5791 3151 5859 Quin
3182 5799 3239 5850 et
3267 5791 3554 5866 quadrata
3585 5801 3736 5859 quae-
