  <div class='ocr_page' id='page_1' title='image "/cluster/home/n/w/nwhite01/storage/ocr_20150623/4/hvd.32044073426538/486.png"; bbox 0 0 3994 6214; ppageno 0'>
   <div class='ocr_carea' id='block_1_1' title="bbox 215 305 329 362">
    <p class='ocr_par' dir='ltr' id='par_1_1' title="bbox 215 305 329 362">
     <span class='ocr_line' id='line_1_1' title="bbox 215 305 329 362; baseline 0.018 -2"><span class='ocrx_word' id='word_1_1' title='bbox 215 305 329 362; x_wconf 86' lang='grc'><strong><em>953</em></strong></span> 
     </span>
    </p>
   </div>
   <div class='ocr_carea' id='block_1_2' title="bbox 1125 295 2725 355">
    <p class='ocr_par' dir='ltr' id='par_1_2' title="bbox 1125 295 2725 355">
     <span class='ocr_line' id='line_1_2' title="bbox 1125 295 2725 355; baseline 0.001 -5"><span class='ocrx_word' id='word_1_2' title='bbox 1125 297 1430 352; x_wconf 78' lang='lat' dir='ltr'><strong><em>MARTINI</em></strong></span> <span class='ocrx_word' id='word_1_3' title='bbox 1466 296 1736 351; x_wconf 83' lang='lat' dir='ltr'><strong><em>DELRIO</em></strong></span> <span class='ocrx_word' id='word_1_4' title='bbox 1774 295 2116 351; x_wconf 72' lang='lat' dir='ltr'><strong><em>VINDICUE</em></strong></span> <span class='ocrx_word' id='word_1_5' title='bbox 2156 297 2725 355; x_wconf 74' lang='lat' dir='ltr'><strong><em>AREOPAGITICE.</em></strong></span> 
     </span>
    </p>
   </div>
   <div class='ocr_carea' id='block_1_3' title="bbox 3526 303 3632 361">
    <p class='ocr_par' dir='ltr' id='par_1_3' title="bbox 3526 303 3632 361">
     <span class='ocr_line' id='line_1_3' title="bbox 3526 303 3632 361; baseline 0.019 -3"><span class='ocrx_word' id='word_1_6' title='bbox 3526 303 3632 361; x_wconf 83' lang='grc'><strong><em>954</em></strong></span> 
     </span>
    </p>
   </div>
   <div class='ocr_carea' id='block_1_4' title="bbox 216 418 3632 509">
    <p class='ocr_par' dir='ltr' id='par_1_4' title="bbox 216 418 3632 509">
     <span class='ocr_line' id='line_1_4' title="bbox 216 418 3632 509; baseline -0.001 -21"><span class='ocrx_word' id='word_1_7' title='bbox 216 437 277 509; x_wconf 81' lang='lat' dir='ltr'><strong><em>et</em></strong></span> <span class='ocrx_word' id='word_1_8' title='bbox 304 429 532 509; x_wconf 81' lang='lat' dir='ltr'><strong><em>haberi.</em></strong></span> <span class='ocrx_word' id='word_1_9' title='bbox 567 428 626 484; x_wconf 92' lang='lat' dir='ltr'>Si</span> <span class='ocrx_word' id='word_1_10' title='bbox 673 443 809 509; x_wconf 83' lang='lat' dir='ltr'><strong><em>ergo</em></strong></span> <span class='ocrx_word' id='word_1_11' title='bbox 858 425 1012 497; x_wconf 90' lang='lat' dir='ltr'><strong><em>apud</em></strong></span> <span class='ocrx_word' id='word_1_12' title='bbox 1058 424 1309 479; x_wconf 80' lang='lat' dir='ltr'><strong><em>Francos</em></strong></span> <span class='ocrx_word' id='word_1_13' title='bbox 1340 425 1463 509; x_wconf 72' lang='lat' dir='ltr'><strong><em>erat</em></strong></span> <span class='ocrx_word' id='word_1_14' title='bbox 1494 437 1648 509; x_wconf 51' lang='lat' dir='ltr'><strong><em>a‘nno</em></strong></span> <span class='ocrx_word' id='word_1_15' title='bbox 1679 418 1872 509; x_wconf 83' lang='lat' dir='ltr'><strong><em>mille—</em></strong></span> <span class='ocrx_word' id='word_1_16' title='bbox 1905 423 1956 488; x_wconf 83' lang='grc' dir='ltr'><strong>Α</strong></span> <span class='ocrx_word' id='word_1_17' title='bbox 1989 435 2117 509; x_wconf 66' lang='lat' dir='ltr'><strong><em>esse</em></strong></span> <span class='ocrx_word' id='word_1_18' title='bbox 2149 419 2529 509; x_wconf 51' lang='lat' dir='ltr'><strong><em>Ratisponaer?</em></strong></span> <span class='ocrx_word' id='word_1_19' title='bbox 2554 423 3083 509; x_wconf 48' lang='lat' dir='ltr'><strong><em>lt‘I‘aneatproinde,</em></strong></span> <span class='ocrx_word' id='word_1_20' title='bbox 3128 432 3192 509; x_wconf 76' lang='lat' dir='ltr'><strong><em>ut</em></strong></span> <span class='ocrx_word' id='word_1_21' title='bbox 3221 427 3390 509; x_wconf 62' lang='lat' dir='ltr'><strong><em>longe</em></strong></span> <span class='ocrx_word' id='word_1_22' title='bbox 3416 430 3632 509; x_wconf 81' lang='lat' dir='ltr'><strong><em>proba-</em></strong></span> 
     </span>
    </p>
   </div>
   <div class='ocr_carea' id='block_1_5' title="bbox 219 493 1875 574">
    <p class='ocr_par' dir='ltr' id='par_1_5' title="bbox 219 493 1875 574">
     <span class='ocr_line' id='line_1_5' title="bbox 219 493 1875 574; baseline -0.01 -13"><span class='ocrx_word' id='word_1_23' title='bbox 219 507 377 561; x_wconf 87' lang='lat' dir='ltr'><strong><em>simo</em></strong></span> <span class='ocrx_word' id='word_1_24' title='bbox 409 493 911 574; x_wconf 57' lang='lat' dir='ltr'><strong><em>quinquagesimo</em></strong></span> <span class='ocrx_word' id='word_1_25' title='bbox 956 513 1128 574; x_wconf 83' lang='lat' dir='ltr'><strong><em>nono,</em></strong></span> <span class='ocrx_word' id='word_1_26' title='bbox 1164 494 1457 574; x_wconf 83' lang='lat' dir='ltr'><strong><em>quomodo</em></strong></span> <span class='ocrx_word' id='word_1_27' title='bbox 1506 493 1875 574; x_wconf 73' lang='lat' dir='ltr'><strong><em>decernipo-</em></strong></span> 
     </span>
    </p>
   </div>
   <div class='ocr_carea' id='block_1_6' title="bbox 219 565 1875 639">
    <p class='ocr_par' dir='ltr' id='par_1_6' title="bbox 219 565 1875 639">
     <span class='ocr_line' id='line_1_6' title="bbox 219 565 1875 639; baseline -0.008 -8"><span class='ocrx_word' id='word_1_28' title='bbox 219 576 358 638; x_wconf 89' lang='lat' dir='ltr'><strong><em>tuit,</em></strong></span> <span class='ocrx_word' id='word_1_29' title='bbox 382 565 536 629; x_wconf 81' lang='lat' dir='ltr'><strong><em>anno</em></strong></span> <span class='ocrx_word' id='word_1_30' title='bbox 560 565 871 627; x_wconf 63' lang='lat' dir='ltr'><strong><em>miliasimo</em></strong></span> <span class='ocrx_word' id='word_1_31' title='bbox 897 566 1388 639; x_wconf 83' lang='lat' dir='ltr'><strong><em>quinquagesimo</em></strong></span> <span class='ocrx_word' id='word_1_32' title='bbox 1411 565 1668 639; x_wconf 82' lang='lat' dir='ltr'><strong><em>secundo</em></strong></span> <span class='ocrx_word' id='word_1_33' title='bbox 1696 565 1875 618; x_wconf 77' lang='lat' dir='ltr'><strong><em>fuisse</em></strong></span> 
     </span>
    </p>
   </div>
   <div class='ocr_carea' id='block_1_7' title="bbox 215 636 1872 707">
    <p class='ocr_par' dir='ltr' id='par_1_7' title="bbox 215 636 1872 707">
     <span class='ocr_line' id='line_1_7' title="bbox 215 636 1872 707; baseline -0.008 -4"><span class='ocrx_word' id='word_1_34' title='bbox 215 636 361 704; x_wconf 87' lang='lat' dir='ltr'><strong><em>olim</em></strong></span> <span class='ocrx_word' id='word_1_35' title='bbox 394 647 452 700; x_wconf 90' lang='lat' dir='ltr'><strong><em>in</em></strong></span> <span class='ocrx_word' id='word_1_36' title='bbox 485 643 860 701; x_wconf 84' lang='lat' dir='ltr'><strong><em>Germaniam</em></strong></span> <span class='ocrx_word' id='word_1_37' title='bbox 912 636 1287 706; x_wconf 82' lang='lat' dir='ltr'><strong><em>translatum,</em></strong></span> <span class='ocrx_word' id='word_1_38' title='bbox 1326 643 1496 707; x_wconf 89' lang='lat' dir='ltr'><strong><em>atque</em></strong></span> <span class='ocrx_word' id='word_1_39' title='bbox 1547 636 1872 691; x_wconf 87' lang='lat' dir='ltr'><strong><em>etiamnum</em></strong></span> 
     </span>
    </p>
   </div>
   <div class='ocr_carea' id='block_1_8' title="bbox 219 810 420 818">
    <p class='ocr_par' dir='ltr' id='par_1_8' title="bbox 219 810 420 818">
     <span class='ocr_line' id='line_1_8' title="bbox 219 810 420 818; baseline 0.005 -1"><span class='ocrx_word' id='word_1_40' title='bbox 219 810 420 818; x_wconf 72' lang='lat'><strong><em>-—.———</em></strong></span> 
     </span>
    </p>
   </div>
   <div class='ocr_carea' id='block_1_9' title="bbox 423 809 682 818">
    <p class='ocr_par' dir='ltr' id='par_1_9' title="bbox 423 809 682 818">
     <span class='ocr_line' id='line_1_9' title="bbox 423 809 682 818; baseline -0.008 -1"><span class='ocrx_word' id='word_1_41' title='bbox 423 809 682 818; x_wconf 73' lang='lat'><strong><em>_—_———-</em></strong></span> 
     </span>
    </p>
   </div>
   <div class='ocr_carea' id='block_1_10' title="bbox 1988 491 3624 574">
    <p class='ocr_par' dir='ltr' id='par_1_10' title="bbox 1988 491 3624 574">
     <span class='ocr_line' id='line_1_10' title="bbox 1988 491 3624 574; baseline 0.009 -29"><span class='ocrx_word' id='word_1_42' title='bbox 1988 491 2186 574; x_wconf 71' lang='lat' dir='ltr'><strong><em>bilius,</em></strong></span> <span class='ocrx_word' id='word_1_43' title='bbox 2233 491 2452 548; x_wconf 85' lang='lat' dir='ltr'><strong><em>dictum</em></strong></span> <span class='ocrx_word' id='word_1_44' title='bbox 2487 495 2545 549; x_wconf 91' lang='lat' dir='ltr'><strong><em>S.</em></strong></span> <span class='ocrx_word' id='word_1_45' title='bbox 2578 491 3132 574; x_wconf 73' lang='lat' dir='ltr'><strong><em>Dionysii__corpus</em></strong></span> <span class='ocrx_word' id='word_1_46' title='bbox 3156 499 3215 574; x_wconf 88' lang='lat' dir='ltr'><strong><em>in</em></strong></span> <span class='ocrx_word' id='word_1_47' title='bbox 3247 491 3487 574; x_wconf 70' lang='lat' dir='ltr'><strong><em>Francia</em></strong></span> <span class='ocrx_word' id='word_1_48' title='bbox 3515 519 3624 574; x_wconf 88' lang='lat' dir='ltr'><strong><em>po-</em></strong></span> 
     </span>
    </p>
   </div>
   <div class='ocr_carea' id='block_1_11' title="bbox 1985 566 3628 691">
    <p class='ocr_par' dir='ltr' id='par_1_11' title="bbox 1985 566 3628 691">
     <span class='ocr_line' id='line_1_11' title="bbox 1985 566 3628 690; baseline 0.008 -73"><span class='ocrx_word' id='word_1_49' title='bbox 1985 566 2104 618; x_wconf 83' lang='lat' dir='ltr'><strong><em>tius</em></strong></span> <span class='ocrx_word' id='word_1_50' title='bbox 2151 580 2303 690; x_wconf 56' lang='lat' dir='ltr'><strong><em>usse,</em></strong></span> <span class='ocrx_word' id='word_1_51' title='bbox 2335 582 2512 636; x_wconf 90' lang='lat' dir='ltr'><strong><em>quam</em></strong></span> <span class='ocrx_word' id='word_1_52' title='bbox 2547 566 2777 638; x_wconf 82' lang='lat' dir='ltr'><strong><em>uspiam</em></strong></span> <span class='ocrx_word' id='word_1_53' title='bbox 2809 567 2948 622; x_wconf 82' lang='lat' dir='ltr'><strong>alibi</strong></span> <span class='ocrx_word' id='word_1_54' title='bbox 2984 566 3013 624; x_wconf 69' lang='grc' dir='ltr'><strong><em>ε’</em></strong></span> <span class='ocrx_word' id='word_1_55' title='bbox 3031 575 3088 625; x_wconf 87' lang='lat' dir='ltr'><strong><em>et</em></strong></span> <span class='ocrx_word' id='word_1_56' title='bbox 3119 569 3213 626; x_wconf 89' lang='lat' dir='ltr'><strong><em>hic</em></strong></span> <span class='ocrx_word' id='word_1_57' title='bbox 3246 571 3322 626; x_wconf 87' lang='lat' dir='ltr'><strong><em>sit</em></strong></span> <span class='ocrx_word' id='word_1_58' title='bbox 3351 566 3628 645; x_wconf 65' lang='lat' dir='ltr'><strong><em>quaestio-</em></strong></span> 
     </span>
     <span class='ocr_line' id='line_1_12' title="bbox 1985 651 2316 691; baseline 0.003 -2"><span class='ocrx_word' id='word_1_59' title='bbox 1985 651 2128 690; x_wconf 90' lang='lat' dir='ltr'><strong><em>num</em></strong></span> <span class='ocrx_word' id='word_1_60' title='bbox 2182 653 2316 691; x_wconf 78' lang='lat' dir='ltr'><strong><em>mis.</em></strong></span> 
     </span>
    </p>
   </div>
   <div class='ocr_carea' id='block_1_12' title="bbox 2179 802 3014 814">
    <p class='ocr_par' dir='ltr' id='par_1_12' title="bbox 2179 802 3014 814">
     <span class='ocr_line' id='line_1_13' title="bbox 2179 802 3014 814; baseline 0.006 -6"><span class='ocrx_word' id='word_1_61' title='bbox 2179 802 2345 812; x_wconf 77' lang='lat'><strong><em>——...</em></strong></span> <span class='ocrx_word' id='word_1_62' title='bbox 2361 802 2411 809; x_wconf 77' lang='lat'><strong>——</strong></span> <span class='ocrx_word' id='word_1_63' title='bbox 2421 803 3014 814; x_wconf 60' lang='grc' dir='ltr'><strong><em>-σ-ο-...ς--οο-σ-..ρ</em></strong></span> 
     </span>
    </p>
   </div>
   <div class='ocr_carea' id='block_1_13' title="bbox 1388 955 2443 1122">
    <p class='ocr_par' dir='ltr' id='par_1_13' title="bbox 1388 955 2443 1122">
     <span class='ocr_line' id='line_1_14' title="bbox 1388 955 2443 1122; baseline -0.002 -2"><span class='ocrx_word' id='word_1_64' title='bbox 1388 955 2443 1122; x_wconf 81' lang='lat' dir='ltr'><strong><em>EXCERPTA</em></strong></span> 
     </span>
    </p>
   </div>
   <div class='ocr_carea' id='block_1_14' title="bbox 927 1392 2927 1563">
    <p class='ocr_par' dir='ltr' id='par_1_14' title="bbox 927 1392 2927 1563">
     <span class='ocr_line' id='line_1_15' title="bbox 927 1392 2927 1563; baseline 0.001 -49"><span class='ocrx_word' id='word_1_65' title='bbox 927 1393 1930 1515; x_wconf 71' lang='lat' dir='ltr'><strong><em>man-rm!</em></strong></span> <span class='ocrx_word' id='word_1_66' title='bbox 2087 1392 2927 1515; x_wconf 72' lang='lat' dir='ltr'><strong><em>onmno</em></strong></span> 
     </span>
    </p>
   </div>
   <div class='ocr_carea' id='block_1_15' title="bbox 1147 1613 2676 1733">
    <p class='ocr_par' dir='ltr' id='par_1_15' title="bbox 1147 1613 2676 1733">
     <span class='ocr_line' id='line_1_16' title="bbox 1147 1613 2676 1733; baseline 0.007 -10"><span class='ocrx_word' id='word_1_67' title='bbox 1147 1618 1340 1726; x_wconf 56' lang='lat' dir='ltr'><strong><em>VINT</em></strong></span> <span class='ocrx_word' id='word_1_68' title='bbox 1361 1613 1730 1728; x_wconf 49' lang='lat' dir='ltr'><strong>DICIIS‘</strong></span> <span class='ocrx_word' id='word_1_69' title='bbox 1771 1613 2676 1733; x_wconf 81' lang='lat' dir='ltr'><strong>AREOPAGITICIS.</strong></span> 
     </span>
    </p>
   </div>
   <div class='ocr_carea' id='block_1_16' title="bbox 203 1813 3617 1888">
    <p class='ocr_par' dir='ltr' id='par_1_16' title="bbox 203 1813 3617 1888">
     <span class='ocr_line' id='line_1_17' title="bbox 203 1813 3617 1888; baseline 0.001 -17"><span class='ocrx_word' id='word_1_70' title='bbox 203 1815 360 1871; x_wconf 74' lang='lat'><strong><em>594</em></strong></span> <span class='ocrx_word' id='word_1_71' title='bbox 393 1814 533 1888; x_wconf 13' lang='lat' dir='ltr'><strong><em>Cum,</em></strong></span> <span class='ocrx_word' id='word_1_72' title='bbox 557 1817 820 1887; x_wconf 75' lang='lat' dir='ltr'><strong><em>pleraque</em></strong></span> <span class='ocrx_word' id='word_1_73' title='bbox 849 1816 1297 1888; x_wconf 75' lang='lat' dir='ltr'><strong><em>adversariorum</em></strong></span> <span class='ocrx_word' id='word_1_74' title='bbox 1329 1822 1670 1883; x_wconf 84' lang='lat' dir='ltr'><strong><em>argumenta,</em></strong></span> <span class='ocrx_word' id='word_1_75' title='bbox 1703 1830 1822 1888; x_wconf 75' lang='lat' dir='ltr'><strong><em>quae</em></strong></span> <span class='ocrx_word' id='word_1_76' title='bbox 1853 1813 1928 1870; x_wconf 83' lang='lat' dir='ltr'><strong><em>ad</em></strong></span> <span class='ocrx_word' id='word_1_77' title='bbox 1959 1813 2190 1888; x_wconf 73' lang='lat' dir='ltr'><strong><em>Operam</em></strong></span> <span class='ocrx_word' id='word_1_78' title='bbox 2217 1813 2533 1885; x_wconf 77' lang='lat' dir='ltr'><strong><em>S.Dionysii</em></strong></span> <span class='ocrx_word' id='word_1_79' title='bbox 2563 1818 2946 1888; x_wconf 79' lang='lat' dir='ltr'><strong><em>auctoritatem</em></strong></span> <span class='ocrx_word' id='word_1_80' title='bbox 2976 1817 3294 1873; x_wconf 77' lang='lat' dir='ltr'><strong><em>elevandum</em></strong></span> <span class='ocrx_word' id='word_1_81' title='bbox 3321 1817 3617 1888; x_wconf 75' lang='lat' dir='ltr'><strong><em>obiiciunt,</em></strong></span> 
     </span>
    </p>
   </div>
   <div class='ocr_carea' id='block_1_17' title="bbox 273 1886 3618 1961">
    <p class='ocr_par' dir='ltr' id='par_1_17' title="bbox 273 1886 3618 1961">
     <span class='ocr_line' id='line_1_18' title="bbox 273 1886 3618 1961; baseline 0.001 -21"><span class='ocrx_word' id='word_1_82' title='bbox 273 1889 396 1954; x_wconf 82' lang='lat' dir='ltr'><strong><em>fuse</em></strong></span> <span class='ocrx_word' id='word_1_83' title='bbox 423 1887 560 1941; x_wconf 79' lang='lat' dir='ltr'><strong><em>satis</em></strong></span> <span class='ocrx_word' id='word_1_84' title='bbox 593 1893 644 1961; x_wconf 85' lang='lat' dir='ltr'><strong><em>et</em></strong></span> <span class='ocrx_word' id='word_1_85' title='bbox 673 1886 928 1961; x_wconf 72' lang='lat' dir='ltr'><strong><em>accurate</em></strong></span> <span class='ocrx_word' id='word_1_86' title='bbox 955 1905 987 1942; x_wconf 91' lang='lat' dir='ltr'><strong><em>a</em></strong></span> <span class='ocrx_word' id='word_1_87' title='bbox 1018 1887 1398 1961; x_wconf 69' lang='lat' dir='ltr'><strong><em>reverendoP.</em></strong></span> <span class='ocrx_word' id='word_1_88' title='bbox 1431 1889 1594 1961; x_wconf 83' lang='lat' dir='ltr'><strong><em>Petro</em></strong></span> <span class='ocrx_word' id='word_1_89' title='bbox 1625 1887 1876 1953; x_wconf 76' lang='lat' dir='ltr'><strong><em>Haltoz&#39;x,</em></strong></span> <span class='ocrx_word' id='word_1_90' title='bbox 1909 1886 2207 1956; x_wconf 68' lang='lat' dir='ltr'><strong><em>quaestione</em></strong></span> <span class='ocrx_word' id='word_1_91' title='bbox 2235 1888 2301 1955; x_wconf 89' lang='lat' dir='ltr'><strong><em>II,</em></strong></span> <span class='ocrx_word' id='word_1_92' title='bbox 2345 1902 2471 1961; x_wconf 65' lang='lat' dir='ltr'><strong><em>quae</em></strong></span> <span class='ocrx_word' id='word_1_93' title='bbox 2499 1895 2579 1961; x_wconf 74' lang='lat' dir='ltr'><strong><em>est</em></strong></span> <span class='ocrx_word' id='word_1_94' title='bbox 2604 1887 2666 1961; x_wconf 73' lang='lat' dir='ltr'><strong><em>de</em></strong></span> <span class='ocrx_word' id='word_1_95' title='bbox 2693 1888 2914 1958; x_wconf 81' lang='lat' dir='ltr'><strong><em>scriptis</em></strong></span> <span class='ocrx_word' id='word_1_96' title='bbox 2943 1890 2998 1945; x_wconf 93' lang='lat' dir='ltr'><strong><em>S.</em></strong></span> <span class='ocrx_word' id='word_1_97' title='bbox 3032 1888 3302 1961; x_wconf 77' lang='lat' dir='ltr'><strong><em>Dionysii,</em></strong></span> <span class='ocrx_word' id='word_1_98' title='bbox 3352 1886 3536 1961; x_wconf 77' lang='lat' dir='ltr'><strong><em>soluta</em></strong></span> <span class='ocrx_word' id='word_1_99' title='bbox 3568 1893 3618 1944; x_wconf 89' lang='lat' dir='ltr'><strong><em>et</em></strong></span> 
     </span>
    </p>
   </div>
   <div class='ocr_carea' id='block_1_18' title="bbox 274 1959 3624 2040">
    <p class='ocr_par' dir='ltr' id='par_1_18' title="bbox 274 1959 3624 2040">
     <span class='ocr_line' id='line_1_19' title="bbox 274 1959 3624 2040; baseline 0.001 -28"><span class='ocrx_word' id='word_1_100' title='bbox 274 1961 522 2040; x_wconf 43' lang='lat' dir='ltr'><strong><em>ile/piata</em></strong></span> <span class='ocrx_word' id='word_1_101' title='bbox 552 1960 688 2040; x_wconf 62' lang='lat' dir='ltr'><strong><em>sint,</em></strong></span> <span class='ocrx_word' id='word_1_102' title='bbox 719 1975 790 2014; x_wconf 77' lang='lat' dir='ltr'><strong><em>ne</em></strong></span> <span class='ocrx_word' id='word_1_103' title='bbox 818 1959 1016 2040; x_wconf 64' lang='lat' dir='ltr'><strong><em>iisdem</em></strong></span> <span class='ocrx_word' id='word_1_104' title='bbox 1045 1959 1350 2040; x_wconf 74' lang='lat' dir='ltr'><strong><em>repetendis</em></strong></span> <span class='ocrx_word' id='word_1_105' title='bbox 1380 1959 1572 2040; x_wconf 74' lang='lat' dir='ltr'><strong><em>lectori</em></strong></span> <span class='ocrx_word' id='word_1_106' title='bbox 1600 1973 1869 2040; x_wconf 37' lang='lat' dir='ltr'><strong><em>nausea-ru</em></strong></span> <span class='ocrx_word' id='word_1_107' title='bbox 1899 1973 2231 2040; x_wconf 66' lang='lat' dir='ltr'><strong><em>moeeumus.</em></strong></span> <span class='ocrx_word' id='word_1_108' title='bbox 2283 1973 2354 2012; x_wconf 74' lang='lat' dir='ltr'><strong><em>ex</em></strong></span> <span class='ocrx_word' id='word_1_109' title='bbox 2402 1959 2687 2040; x_wconf 84' lang='lat' dir='ltr'><strong><em>Vindiciis</em></strong></span> <span class='ocrx_word' id='word_1_110' title='bbox 2727 1959 3364 2040; x_wconf 31' lang='lat' dir='ltr'><strong><em>areopagiticis&#39;lf..P.</em></strong></span> <span class='ocrx_word' id='word_1_111' title='bbox 3399 1960 3624 2040; x_wconf 69' lang='lat' dir='ltr'><strong><em>Martini</em></strong></span> 
     </span>
    </p>
   </div>
   <div class='ocr_carea' id='block_1_19' title="bbox 274 2028 3619 2102">
    <p class='ocr_par' dir='ltr' id='par_1_19' title="bbox 274 2028 3619 2102">
     <span class='ocr_line' id='line_1_20' title="bbox 274 2028 3619 2102; baseline 0.001 -19"><span class='ocrx_word' id='word_1_112' title='bbox 274 2028 461 2084; x_wconf 77' lang='lat' dir='ltr'><strong><em>Delrio</em></strong></span> <span class='ocrx_word' id='word_1_113' title='bbox 491 2045 556 2084; x_wconf 87' lang='lat' dir='ltr'><strong><em>ea</em></strong></span> <span class='ocrx_word' id='word_1_114' title='bbox 585 2033 856 2102; x_wconf 73' lang='lat' dir='ltr'><strong><em>duntaxat</em></strong></span> <span class='ocrx_word' id='word_1_115' title='bbox 884 2040 1214 2098; x_wconf 83' lang='lat' dir='ltr'><strong><em>argumenta</em></strong></span> <span class='ocrx_word' id='word_1_116' title='bbox 1244 2035 1296 2086; x_wconf 87' lang='lat' dir='ltr'><strong><em>et</em></strong></span> <span class='ocrx_word' id='word_1_117' title='bbox 1325 2031 1688 2102; x_wconf 74' lang='lat' dir='ltr'><strong><em>antiquorum</em></strong></span> <span class='ocrx_word' id='word_1_118' title='bbox 1720 2029 2043 2102; x_wconf 75' lang='lat' dir='ltr'><strong><em>testimonia</em></strong></span> <span class='ocrx_word' id='word_1_119' title='bbox 2071 2031 2436 2102; x_wconf 77' lang='lat' dir='ltr'><strong><em>proferemus,</em></strong></span> <span class='ocrx_word' id='word_1_120' title='bbox 2463 2030 2536 2084; x_wconf 86' lang='lat' dir='ltr'><strong><em>ad</em></strong></span> <span class='ocrx_word' id='word_1_121' title='bbox 2564 2046 2690 2102; x_wconf 52' lang='lat' dir='ltr'><strong><em>qua</em></strong></span> <span class='ocrx_word' id='word_1_122' title='bbox 2719 2028 2944 2087; x_wconf 73' lang='lat' dir='ltr'><strong><em>Hattoia:</em></strong></span> <span class='ocrx_word' id='word_1_123' title='bbox 2968 2028 3285 2102; x_wconf 70' lang='lat' dir='ltr'><strong><em>Eompendz&#39;i</em></strong></span> <span class='ocrx_word' id='word_1_124' title='bbox 3312 2048 3478 2087; x_wconf 84' lang='lat' dir='ltr'><strong><em>causa</em></strong></span> <span class='ocrx_word' id='word_1_125' title='bbox 3509 2033 3619 2087; x_wconf 59' lang='lat' dir='ltr'><strong><em>leco</em></strong></span> 
     </span>
    </p>
   </div>
   <div class='ocr_carea' id='block_1_20' title="bbox 277 2099 3620 2174">
    <p class='ocr_par' dir='ltr' id='par_1_20' title="bbox 277 2099 3620 2174">
     <span class='ocr_line' id='line_1_21' title="bbox 277 2099 3620 2174; baseline 0.001 -18"><span class='ocrx_word' id='word_1_126' title='bbox 277 2105 455 2174; x_wconf 63' lang='lat' dir='ltr'><strong><em>torem</em></strong></span> <span class='ocrx_word' id='word_1_127' title='bbox 483 2101 719 2174; x_wconf 70' lang='lat' dir='ltr'><strong><em>remittit</em></strong></span> <span class='ocrx_word' id='word_1_128' title='bbox 748 2120 766 2156; x_wconf 88' lang='lat'><strong><em>:</em></strong></span> <span class='ocrx_word' id='word_1_129' title='bbox 797 2108 850 2156; x_wconf 88' lang='lat' dir='ltr'><strong><em>et</em></strong></span> <span class='ocrx_word' id='word_1_130' title='bbox 879 2118 1009 2156; x_wconf 84' lang='lat' dir='ltr'><strong><em>sane</em></strong></span> <span class='ocrx_word' id='word_1_131' title='bbox 1039 2105 1257 2157; x_wconf 84' lang='lat' dir='ltr'><strong><em>tantum</em></strong></span> <span class='ocrx_word' id='word_1_132' title='bbox 1287 2099 1545 2174; x_wconf 80' lang='lat' dir='ltr'><strong><em>ponderis</em></strong></span> <span class='ocrx_word' id='word_1_133' title='bbox 1575 2099 1774 2156; x_wconf 81' lang='lat' dir='ltr'><strong><em>habent</em></strong></span> <span class='ocrx_word' id='word_1_134' title='bbox 1803 2101 1888 2157; x_wconf 89' lang='lat' dir='ltr'><strong><em>ad</em></strong></span> <span class='ocrx_word' id='word_1_135' title='bbox 1919 2101 2036 2157; x_wconf 74' lang='lat' dir='ltr'><strong><em>haec</em></strong></span> <span class='ocrx_word' id='word_1_136' title='bbox 2063 2099 2240 2171; x_wconf 84' lang='lat' dir='ltr'><strong><em>Opera</em></strong></span> <span class='ocrx_word' id='word_1_137' title='bbox 2268 2105 2327 2157; x_wconf 91' lang='lat' dir='ltr'><strong><em>S.</em></strong></span> <span class='ocrx_word' id='word_1_138' title='bbox 2367 2099 2628 2174; x_wconf 64' lang='lat' dir='ltr'><strong><em>Dionysii</em></strong></span> <span class='ocrx_word' id='word_1_139' title='bbox 2654 2102 3023 2171; x_wconf 75' lang='lat' dir='ltr'><strong><em>vindicanda,</em></strong></span> <span class='ocrx_word' id='word_1_140' title='bbox 3065 2099 3125 2159; x_wconf 76' lang='lat' dir='ltr'><strong><em>ut</em></strong></span> <span class='ocrx_word' id='word_1_141' title='bbox 3173 2119 3331 2158; x_wconf 84' lang='lat' dir='ltr'><strong><em>nemo</em></strong></span> <span class='ocrx_word' id='word_1_142' title='bbox 3376 2104 3620 2174; x_wconf 77' lang='lat' dir='ltr'><strong><em>prudens</em></strong></span> 
     </span>
    </p>
   </div>
   <div class='ocr_carea' id='block_1_21' title="bbox 276 2171 1504 2244">
    <p class='ocr_par' dir='ltr' id='par_1_21' title="bbox 276 2171 1504 2244">
     <span class='ocr_line' id='line_1_22' title="bbox 276 2171 1504 2244; baseline -0.001 -18"><span class='ocrx_word' id='word_1_143' title='bbox 276 2171 522 2242; x_wconf 76' lang='lat' dir='ltr'><strong><em>amplius</em></strong></span> <span class='ocrx_word' id='word_1_144' title='bbox 551 2172 618 2227; x_wconf 87' lang='lat' dir='ltr'><strong><em>de</em></strong></span> <span class='ocrx_word' id='word_1_145' title='bbox 647 2171 722 2229; x_wconf 78' lang='lat' dir='ltr'><strong><em>iis</em></strong></span> <span class='ocrx_word' id='word_1_146' title='bbox 754 2174 1020 2229; x_wconf 79' lang='lat' dir='ltr'><strong><em>dubitare</em></strong></span> <span class='ocrx_word' id='word_1_147' title='bbox 1042 2188 1203 2244; x_wconf 78' lang='lat' dir='ltr'><strong><em>posse</em></strong></span> <span class='ocrx_word' id='word_1_148' title='bbox 1230 2171 1504 2228; x_wconf 70' lang='lat' dir='ltr'><strong><em>videatur.</em></strong></span> 
     </span>
    </p>
   </div>
   <div class='ocr_carea' id='block_1_22' title="bbox 752 2432 1321 2489">
    <p class='ocr_par' dir='ltr' id='par_1_22' title="bbox 752 2432 1321 2489">
     <span class='ocr_line' id='line_1_23' title="bbox 752 2432 1321 2489; baseline -0.004 -1"><span class='ocrx_word' id='word_1_149' title='bbox 752 2433 847 2488; x_wconf 87' lang='lat' dir='ltr'><strong><em>EX</em></strong></span> <span class='ocrx_word' id='word_1_150' title='bbox 886 2432 1136 2489; x_wconf 86' lang='lat' dir='ltr'><strong><em>CAPITE</em></strong></span> <span class='ocrx_word' id='word_1_151' title='bbox 1174 2433 1321 2487; x_wconf 91' lang='lat' dir='ltr'><strong>VIII.</strong></span> 
     </span>
    </p>
   </div>
   <div class='ocr_carea' id='block_1_23' title="bbox 202 2520 1855 2648">
    <p class='ocr_par' dir='ltr' id='par_1_23' title="bbox 202 2520 1855 2648">
     <span class='ocr_line' id='line_1_24' title="bbox 202 2520 1855 2648; baseline 0 -73"><span class='ocrx_word' id='word_1_152' title='bbox 202 2522 320 2588; x_wconf 81' lang='lat' dir='ltr'><strong><em>Qui</em></strong></span> <span class='ocrx_word' id='word_1_153' title='bbox 347 2523 582 2592; x_wconf 81' lang='lat' dir='ltr'><strong><em>factum,</em></strong></span> <span class='ocrx_word' id='word_1_154' title='bbox 616 2531 675 2577; x_wconf 90' lang='lat' dir='ltr'><strong><em>ut</em></strong></span> <span class='ocrx_word' id='word_1_155' title='bbox 707 2526 782 2578; x_wconf 84' lang='lat' dir='ltr'><strong><em>tot</em></strong></span> <span class='ocrx_word' id='word_1_156' title='bbox 810 2523 975 2577; x_wconf 76' lang='lat' dir='ltr'><strong><em>armis</em></strong></span> <span class='ocrx_word' id='word_1_157' title='bbox 1000 2521 1118 2648; x_wconf 54' lang='lat' dir='ltr'><strong><em>(lateo</em></strong></span> <span class='ocrx_word' id='word_1_158' title='bbox 1156 2523 1327 2595; x_wconf 84' lang='lat' dir='ltr'><strong><em>Opera</em></strong></span> <span class='ocrx_word' id='word_1_159' title='bbox 1383 2520 1635 2592; x_wconf 77' lang='lat' dir='ltr'><strong><em>Dionysii</em></strong></span> <span class='ocrx_word' id='word_1_160' title='bbox 1682 2522 1855 2576; x_wconf 85' lang='lat' dir='ltr'><strong><em>latue-</em></strong></span> 
     </span>
     <span class='ocr_line' id='line_1_25' title="bbox 961 2610 1096 2648; baseline 0 -1"><span class='ocrx_word' id='word_1_161' title='bbox 961 2610 1050 2648; x_wconf 85' lang='lat' dir='ltr'><strong><em>rm</em></strong></span> <span class='ocrx_word' id='word_1_162' title='bbox 1083 2635 1096 2647; x_wconf 92' lang='lat'><strong><em>.</em></strong></span> 
     </span>
    </p>
   </div>
   <div class='ocr_carea' id='block_1_24' title="bbox 961 2610 1096 2648">
    <p class='ocr_par' dir='ltr' id='par_1_24' title="bbox 961 2610 1096 2648">
     <span class='ocr_line' id='line_1_26' title="bbox 961 2610 1096 2648; baseline 0.007 -1"><span class='ocrx_word' id='word_1_163' title='bbox 961 2610 1096 2648; x_wconf 76' lang='grc' dir='ltr'><strong><em>νιηι.</em></strong></span> 
     </span>
    </p>
   </div>
   <div class='ocr_carea' id='block_1_25' title="bbox 277 2715 1853 2798">
    <p class='ocr_par' dir='ltr' id='par_1_25' title="bbox 277 2715 1853 2798">
     <span class='ocr_line' id='line_1_27' title="bbox 277 2715 1853 2798; baseline -0.001 -29"><span class='ocrx_word' id='word_1_164' title='bbox 277 2715 531 2798; x_wconf 40' lang='grc' dir='ltr'><strong><em>Ιάμιυῐιο</em></strong></span> <span class='ocrx_word' id='word_1_165' title='bbox 580 2721 849 2798; x_wconf 74' lang='lat' dir='ltr'><strong><em>superest</em></strong></span> <span class='ocrx_word' id='word_1_166' title='bbox 877 2715 1298 2798; x_wconf 70' lang='lat' dir='ltr'><strong><em>ambiguitatis</em></strong></span> <span class='ocrx_word' id='word_1_167' title='bbox 1332 2733 1344 2772; x_wconf 91' lang='lat'>:</span> <span class='ocrx_word' id='word_1_168' title='bbox 1376 2715 1467 2798; x_wconf 76' lang='lat' dir='ltr'><strong><em>yix</em></strong></span> <span class='ocrx_word' id='word_1_169' title='bbox 1497 2715 1674 2798; x_wconf 49' lang='lat' dir='ltr'><strong><em>“enim</em></strong></span> <span class='ocrx_word' id='word_1_170' title='bbox 1726 2715 1853 2798; x_wconf 59' lang='lat' dir='ltr'><strong><em>qui:</em></strong></span> 
     </span>
    </p>
   </div>
   <div class='ocr_carea' id='block_1_26' title="bbox 201 2786 1854 2858">
    <p class='ocr_par' dir='ltr' id='par_1_26' title="bbox 201 2786 1854 2858">
     <span class='ocr_line' id='line_1_28' title="bbox 201 2786 1854 2858; baseline -0.001 -15"><span class='ocrx_word' id='word_1_171' title='bbox 201 2787 458 2843; x_wconf 84' lang='lat' dir='ltr'><strong><em>busdam</em></strong></span> <span class='ocrx_word' id='word_1_172' title='bbox 511 2786 792 2844; x_wconf 86' lang='lat' dir='ltr'><strong><em>credibile</em></strong></span> <span class='ocrx_word' id='word_1_173' title='bbox 835 2786 1170 2856; x_wconf 49' lang='lat' dir='ltr'><strong><em>visumftot</em></strong></span> <span class='ocrx_word' id='word_1_174' title='bbox 1218 2787 1446 2843; x_wconf 73' lang='lat' dir='ltr'><strong><em>saeculis</em></strong></span> <span class='ocrx_word' id='word_1_175' title='bbox 1497 2789 1554 2842; x_wconf 92' lang='lat' dir='ltr'><strong><em>B.</em></strong></span> <span class='ocrx_word' id='word_1_176' title='bbox 1589 2786 1854 2858; x_wconf 83' lang='lat' dir='ltr'><strong><em>Dionysii</em></strong></span> 
     </span>
    </p>
   </div>
   <div class='ocr_carea' id='block_1_27' title="bbox 202 2858 1852 2931">
    <p class='ocr_par' dir='ltr' id='par_1_27' title="bbox 202 2858 1852 2931">
     <span class='ocr_line' id='line_1_29' title="bbox 202 2858 1852 2931; baseline 0.001 -20"><span class='ocrx_word' id='word_1_177' title='bbox 202 2859 590 2931; x_wconf 74' lang='lat' dir='ltr'><strong><em>Areopagitae,</em></strong></span> <span class='ocrx_word' id='word_1_178' title='bbox 620 2864 738 2914; x_wconf 89' lang='lat' dir='ltr'><strong><em>tam</em></strong></span> <span class='ocrx_word' id='word_1_179' title='bbox 774 2858 913 2914; x_wconf 89' lang='lat' dir='ltr'><strong><em>clari</em></strong></span> <span class='ocrx_word' id='word_1_180' title='bbox 948 2867 1005 2915; x_wconf 92' lang='lat' dir='ltr'><strong><em>et</em></strong></span> <span class='ocrx_word' id='word_1_181' title='bbox 1034 2859 1336 2930; x_wconf 82' lang='lat' dir='ltr'><strong><em>apostolici</em></strong></span> <span class='ocrx_word' id='word_1_182' title='bbox 1370 2859 1478 2914; x_wconf 89' lang='lat' dir='ltr'><strong><em>viri</em></strong></span> <span class='ocrx_word' id='word_1_183' title='bbox 1526 2858 1706 2914; x_wconf 91' lang='lat' dir='ltr'><strong><em>libros</em></strong></span> <span class='ocrx_word' id='word_1_184' title='bbox 1754 2875 1852 2914; x_wconf 89' lang='lat' dir='ltr'><strong><em>oc-</em></strong></span> 
     </span>
    </p>
   </div>
   <div class='ocr_carea' id='block_1_28' title="bbox 200 2930 1847 3003">
    <p class='ocr_par' dir='ltr' id='par_1_28' title="bbox 200 2930 1847 3003">
     <span class='ocr_line' id='line_1_30' title="bbox 200 2930 1847 3003; baseline -0.002 -17"><span class='ocrx_word' id='word_1_185' title='bbox 200 2930 415 3003; x_wconf 84' lang='lat' dir='ltr'><strong><em>cultari</em></strong></span> <span class='ocrx_word' id='word_1_186' title='bbox 446 2930 780 3003; x_wconf 57' lang='lat' dir='ltr'><strong><em>potuisse;</em></strong></span> <span class='ocrx_word' id='word_1_187' title='bbox 807 2937 981 3002; x_wconf 88' lang='lat' dir='ltr'><strong><em>atque</em></strong></span> <span class='ocrx_word' id='word_1_188' title='bbox 1031 2936 1372 3003; x_wconf 90' lang='lat' dir='ltr'><strong><em>suspectum</em></strong></span> <span class='ocrx_word' id='word_1_189' title='bbox 1420 2934 1677 3003; x_wconf 27' lang='lat' dir='ltr'><strong><em>estteos</em></strong></span> <span class='ocrx_word' id='word_1_190' title='bbox 1715 2937 1847 3003; x_wconf 78' lang='lat' dir='ltr'><strong><em>tam</em></strong></span> 
     </span>
    </p>
   </div>
   <div class='ocr_carea' id='block_1_29' title="bbox 202 3000 1852 3058">
    <p class='ocr_par' dir='ltr' id='par_1_29' title="bbox 202 3000 1852 3058">
     <span class='ocr_line' id='line_1_31' title="bbox 202 3000 1852 3058; baseline -0.001 -1"><span class='ocrx_word' id='word_1_191' title='bbox 202 3001 404 3057; x_wconf 86' lang='lat' dir='ltr'><strong><em>subito</em></strong></span> <span class='ocrx_word' id='word_1_192' title='bbox 436 3018 504 3056; x_wconf 87' lang='lat' dir='ltr'><strong><em>ex</em></strong></span> <span class='ocrx_word' id='word_1_193' title='bbox 536 3002 677 3057; x_wconf 90' lang='lat' dir='ltr'><strong><em>adeo</em></strong></span> <span class='ocrx_word' id='word_1_194' title='bbox 728 3000 1026 3057; x_wconf 77' lang='lat' dir='ltr'><strong><em>diuturnis</em></strong></span> <span class='ocrx_word' id='word_1_195' title='bbox 1073 3000 1326 3058; x_wconf 83' lang='lat' dir='ltr'><strong><em>tenebris</em></strong></span> <span class='ocrx_word' id='word_1_196' title='bbox 1358 3007 1413 3057; x_wconf 90' lang='lat' dir='ltr'><strong><em>et</em></strong></span> <span class='ocrx_word' id='word_1_197' title='bbox 1462 3001 1679 3057; x_wconf 91' lang='lat' dir='ltr'><strong><em>abditis</em></strong></span> <span class='ocrx_word' id='word_1_198' title='bbox 1711 3000 1852 3056; x_wconf 89' lang='lat' dir='ltr'><strong><em>late-</em></strong></span> 
     </span>
    </p>
   </div>
   <div class='ocr_carea' id='block_1_30' title="bbox 203 3073 1855 3145">
    <p class='ocr_par' dir='ltr' id='par_1_30' title="bbox 203 3073 1855 3145">
     <span class='ocr_line' id='line_1_32' title="bbox 203 3073 1855 3145; baseline -0.001 -17"><span class='ocrx_word' id='word_1_199' title='bbox 203 3073 694 3145; x_wconf 9' lang='lat' dir='ltr'><strong><em>brisremersisse.</em></strong></span> <span class='ocrx_word' id='word_1_200' title='bbox 727 3073 840 3128; x_wconf 90' lang='lat' dir='ltr'><strong><em>Nec</em></strong></span> <span class='ocrx_word' id='word_1_201' title='bbox 873 3091 1019 3130; x_wconf 91' lang='lat' dir='ltr'><strong><em>nova</em></strong></span> <span class='ocrx_word' id='word_1_202' title='bbox 1051 3074 1298 3145; x_wconf 69' lang='lat' dir='ltr'><strong><em>quaestio</em></strong></span> <span class='ocrx_word' id='word_1_203' title='bbox 1339 3077 1447 3140; x_wconf 88' lang='lat' dir='ltr'><strong><em>est,</em></strong></span> <span class='ocrx_word' id='word_1_204' title='bbox 1483 3089 1586 3128; x_wconf 87' lang='lat' dir='ltr'><strong><em>nec</em></strong></span> <span class='ocrx_word' id='word_1_205' title='bbox 1635 3074 1855 3128; x_wconf 86' lang='lat' dir='ltr'><strong><em>intacta</em></strong></span> 
     </span>
    </p>
   </div>
   <div class='ocr_carea' id='block_1_31' title="bbox 198 3144 1853 3217">
    <p class='ocr_par' dir='ltr' id='par_1_31' title="bbox 198 3144 1853 3217">
     <span class='ocr_line' id='line_1_33' title="bbox 198 3144 1853 3217; baseline -0.001 -18"><span class='ocrx_word' id='word_1_206' title='bbox 198 3144 550 3217; x_wconf 88' lang='lat' dir='ltr'><strong><em>D.Dionysii</em></strong></span> <span class='ocrx_word' id='word_1_207' title='bbox 581 3145 934 3212; x_wconf 84' lang='lat' dir='ltr'><strong><em>vindicibus,</em></strong></span> <span class='ocrx_word' id='word_1_208' title='bbox 970 3144 1177 3201; x_wconf 33' lang='lat' dir='ltr'><strong><em>cau&#39;sas</em></strong></span> <span class='ocrx_word' id='word_1_209' title='bbox 1209 3147 1554 3217; x_wconf 86' lang='lat' dir='ltr'><strong><em>peridoneas</em></strong></span> <span class='ocrx_word' id='word_1_210' title='bbox 1586 3145 1853 3217; x_wconf 83' lang='lat' dir='ltr'><strong><em>reddide-</em></strong></span> 
     </span>
    </p>
   </div>
   <div class='ocr_carea' id='block_1_32' title="bbox 200 3215 1850 3280">
    <p class='ocr_par' dir='ltr' id='par_1_32' title="bbox 200 3215 1850 3280">
     <span class='ocr_line' id='line_1_34' title="bbox 200 3215 1850 3280; baseline -0.001 -10"><span class='ocrx_word' id='word_1_211' title='bbox 200 3221 367 3272; x_wconf 89' lang='lat' dir='ltr'><strong><em>runt.</em></strong></span> <span class='ocrx_word' id='word_1_212' title='bbox 401 3215 592 3272; x_wconf 88' lang='lat' dir='ltr'><strong><em>Prima</em></strong></span> <span class='ocrx_word' id='word_1_213' title='bbox 619 3221 707 3272; x_wconf 90' lang='lat' dir='ltr'><strong><em>est</em></strong></span> <span class='ocrx_word' id='word_1_214' title='bbox 737 3217 928 3271; x_wconf 66' lang='lat' dir='ltr'><strong><em>Suidaz</em></strong></span> <span class='ocrx_word' id='word_1_215' title='bbox 961 3222 1018 3273; x_wconf 91' lang='lat' dir='ltr'><strong><em>et</em></strong></span> <span class='ocrx_word' id='word_1_216' title='bbox 1047 3215 1340 3272; x_wconf 82' lang='lat' dir='ltr'><strong><em>Anastasii</em></strong></span> <span class='ocrx_word' id='word_1_217' title='bbox 1395 3215 1850 3280; x_wconf 89' lang='lat' dir='ltr'><strong><em>Bibliothecarii,</em></strong></span> 
     </span>
    </p>
   </div>
   <div class='ocr_carea' id='block_1_33' title="bbox 201 3287 1851 3360">
    <p class='ocr_par' dir='ltr' id='par_1_33' title="bbox 201 3287 1851 3360">
     <span class='ocr_line' id='line_1_35' title="bbox 201 3287 1851 3360; baseline -0.001 -18"><span class='ocrx_word' id='word_1_218' title='bbox 201 3304 383 3360; x_wconf 82' lang='lat' dir='ltr'><strong><em>quam</em></strong></span> <span class='ocrx_word' id='word_1_219' title='bbox 407 3287 502 3342; x_wconf 90' lang='lat' dir='ltr'><strong><em>his</em></strong></span> <span class='ocrx_word' id='word_1_220' title='bbox 527 3289 718 3343; x_wconf 81' lang='lat' dir='ltr'><strong><em>verbis</em></strong></span> <span class='ocrx_word' id='word_1_221' title='bbox 735 3288 989 3344; x_wconf 86' lang='lat' dir='ltr'><strong><em>Joannes</em></strong></span> <span class='ocrx_word' id='word_1_222' title='bbox 1010 3289 1336 3344; x_wconf 89' lang='lat' dir='ltr'><strong><em>Saracenus</em></strong></span> <span class='ocrx_word' id='word_1_223' title='bbox 1363 3289 1851 3360; x_wconf 71' lang='lat' dir='ltr'><strong><em>proposuitepist.</em></strong></span> 
     </span>
    </p>
   </div>
   <div class='ocr_carea' id='block_1_34' title="bbox 197 3358 1855 3430">
    <p class='ocr_par' dir='ltr' id='par_1_34' title="bbox 197 3358 1855 3430">
     <span class='ocr_line' id='line_1_36' title="bbox 197 3358 1855 3430; baseline -0.001 -16"><span class='ocrx_word' id='word_1_224' title='bbox 197 3358 274 3414; x_wconf 89' lang='lat' dir='ltr'><strong><em>ad</em></strong></span> <span class='ocrx_word' id='word_1_225' title='bbox 305 3359 566 3414; x_wconf 88' lang='lat' dir='ltr'><strong><em>Odonem</em></strong></span> <span class='ocrx_word' id='word_1_226' title='bbox 599 3360 657 3415; x_wconf 92' lang='lat' dir='ltr'><strong><em>S.</em></strong></span> <span class='ocrx_word' id='word_1_227' title='bbox 696 3360 947 3430; x_wconf 88' lang='lat' dir='ltr'><strong><em>Dionysii</em></strong></span> <span class='ocrx_word' id='word_1_228' title='bbox 985 3361 1256 3416; x_wconf 82' lang='lat' dir='ltr'><strong><em>abbatem</em></strong></span> <span class='ocrx_word' id='word_1_229' title='bbox 1297 3377 1308 3414; x_wconf 94' lang='lat'>:</span> <span class='ocrx_word' id='word_1_230' title='bbox 1346 3358 1374 3408; x_wconf 69' lang='grc' dir='ltr'><strong><em>‹ἑ</em></strong></span> <span class='ocrx_word' id='word_1_231' title='bbox 1407 3360 1552 3423; x_wconf 86' lang='lat' dir='ltr'><strong><em>Quia</em></strong></span> <span class='ocrx_word' id='word_1_232' title='bbox 1582 3358 1855 3414; x_wconf 47' lang='lat' dir='ltr'><strong><em>citholici</em></strong></span> 
     </span>
    </p>
   </div>
   <div class='ocr_carea' id='block_1_35' title="bbox 192 3430 1854 3502">
    <p class='ocr_par' dir='ltr' id='par_1_35' title="bbox 192 3430 1854 3502">
     <span class='ocr_line' id='line_1_37' title="bbox 192 3430 1854 3502; baseline -0.002 -15"><span class='ocrx_word' id='word_1_233' title='bbox 192 3431 598 3487; x_wconf 81' lang='lat' dir='ltr'><strong><em>obtestatione</em></strong></span> <span class='ocrx_word' id='word_1_234' title='bbox 645 3431 703 3486; x_wconf 93' lang='lat' dir='ltr'><strong><em>S.</em></strong></span> <span class='ocrx_word' id='word_1_235' title='bbox 735 3431 997 3502; x_wconf 85' lang='lat' dir='ltr'><strong><em>Dionysii</em></strong></span> <span class='ocrx_word' id='word_1_236' title='bbox 1047 3437 1215 3486; x_wconf 88' lang='lat' dir='ltr'><strong><em>erant</em></strong></span> <span class='ocrx_word' id='word_1_237' title='bbox 1255 3430 1539 3502; x_wconf 72' lang='lat' dir='ltr'><strong><em>obstricti,</em></strong></span> <span class='ocrx_word' id='word_1_238' title='bbox 1575 3446 1645 3484; x_wconf 89' lang='lat' dir='ltr'><strong><em>ne</em></strong></span> <span class='ocrx_word' id='word_1_239' title='bbox 1675 3430 1854 3502; x_wconf 52' lang='lat' dir='ltr'><strong><em>impeg</em></strong></span> 
     </span>
    </p>
   </div>
   <div class='ocr_carea' id='block_1_36' title="bbox 193 3501 1852 3572">
    <p class='ocr_par' dir='ltr' id='par_1_36' title="bbox 193 3501 1852 3572">
     <span class='ocr_line' id='line_1_38' title="bbox 193 3501 1852 3572; baseline -0.002 -15"><span class='ocrx_word' id='word_1_240' title='bbox 193 3503 335 3557; x_wconf 63' lang='lat' dir='ltr'><strong><em>rita;</em></strong></span> <span class='ocrx_word' id='word_1_241' title='bbox 366 3502 859 3567; x_wconf 89' lang='lat' dir='ltr'><strong><em>multitudini,sed</em></strong></span> <span class='ocrx_word' id='word_1_242' title='bbox 895 3501 1037 3558; x_wconf 70' lang='lat' dir='ltr'><strong><em>Solis</em></strong></span> <span class='ocrx_word' id='word_1_243' title='bbox 1068 3503 1257 3558; x_wconf 90' lang='lat' dir='ltr'><strong><em>doctis</em></strong></span> <span class='ocrx_word' id='word_1_244' title='bbox 1289 3519 1395 3556; x_wconf 86' lang='lat' dir='ltr'><strong><em>sua</em></strong></span> <span class='ocrx_word' id='word_1_245' title='bbox 1428 3501 1852 3572; x_wconf 80' lang='lat' dir='ltr'><strong><em>scripta,quasi</em></strong></span> 
     </span>
    </p>
   </div>
   <div class='ocr_carea' id='block_1_37' title="bbox 193 3572 1850 3644">
    <p class='ocr_par' dir='ltr' id='par_1_37' title="bbox 193 3572 1850 3644">
     <span class='ocr_line' id='line_1_39' title="bbox 193 3572 1850 3644; baseline -0.002 -16"><span class='ocrx_word' id='word_1_246' title='bbox 193 3574 531 3629; x_wconf 88' lang='lat' dir='ltr'><strong><em>multorum</em></strong></span> <span class='ocrx_word' id='word_1_247' title='bbox 599 3575 980 3644; x_wconf 84' lang='lat' dir='ltr'><strong><em>capacitatem</em></strong></span> <span class='ocrx_word' id='word_1_248' title='bbox 1050 3575 1409 3640; x_wconf 81' lang='lat' dir='ltr'><strong><em>excedentia,</em></strong></span> <span class='ocrx_word' id='word_1_249' title='bbox 1479 3572 1850 3644; x_wconf 87' lang='lat' dir='ltr'><strong><em>revelarent:</em></strong></span> 
     </span>
    </p>
   </div>
   <div class='ocr_carea' id='block_1_38' title="bbox 189 3643 1853 3714">
    <p class='ocr_par' dir='ltr' id='par_1_38' title="bbox 189 3643 1853 3714">
     <span class='ocr_line' id='line_1_40' title="bbox 189 3643 1853 3714; baseline -0.002 -15"><span class='ocrx_word' id='word_1_250' title='bbox 189 3647 396 3700; x_wconf 85' lang='lat' dir='ltr'><strong><em>doctis</em></strong></span> <span class='ocrx_word' id='word_1_251' title='bbox 429 3649 623 3700; x_wconf 89' lang='lat' dir='ltr'><strong><em>autem</em></strong></span> <span class='ocrx_word' id='word_1_252' title='bbox 659 3643 936 3714; x_wconf 78' lang='lat' dir='ltr'><strong><em>paulatim</em></strong></span> <span class='ocrx_word' id='word_1_253' title='bbox 971 3646 1382 3701; x_wconf 78' lang='lat' dir='ltr'><strong><em>deﬁcientibus</em></strong></span> <span class='ocrx_word' id='word_1_254' title='bbox 1415 3643 1606 3714; x_wconf 86' lang='lat' dir='ltr'><strong><em>(culpa</em></strong></span> <span class='ocrx_word' id='word_1_255' title='bbox 1651 3659 1853 3698; x_wconf 85' lang='lat' dir='ltr'><strong><em>eorum</em></strong></span> 
     </span>
    </p>
   </div>
   <div class='ocr_carea' id='block_1_39' title="bbox 190 3715 1854 3788">
    <p class='ocr_par' dir='ltr' id='par_1_39' title="bbox 190 3715 1854 3788">
     <span class='ocr_line' id='line_1_41' title="bbox 190 3715 1854 3788; baseline -0.002 -17"><span class='ocrx_word' id='word_1_256' title='bbox 190 3717 483 3780; x_wconf 84' lang='lat' dir='ltr'><strong><em>maxime,</em></strong></span> <span class='ocrx_word' id='word_1_257' title='bbox 516 3721 579 3771; x_wconf 89' lang='lat' dir='ltr'><strong><em>ut</em></strong></span> <span class='ocrx_word' id='word_1_258' title='bbox 611 3717 874 3788; x_wconf 82' lang='lat' dir='ltr'><strong><em>reor,qui</em></strong></span> <span class='ocrx_word' id='word_1_259' title='bbox 912 3716 1280 3787; x_wconf 53' lang='lat' dir='ltr'><strong><em>pralationes</em></strong></span> <span class='ocrx_word' id='word_1_260' title='bbox 1312 3715 1693 3771; x_wconf 88' lang='lat' dir='ltr'><strong><em>ecclesiarum</em></strong></span> <span class='ocrx_word' id='word_1_261' title='bbox 1728 3715 1854 3788; x_wconf 89' lang='lat' dir='ltr'><strong><em>suis</em></strong></span> 
     </span>
    </p>
   </div>
   <div class='ocr_carea' id='block_1_40' title="bbox 1887 2432 3607 2507">
    <p class='ocr_par' dir='ltr' id='par_1_40' title="bbox 1887 2432 3607 2507">
     <span class='ocr_line' id='line_1_42' title="bbox 1887 2432 3607 2507; baseline 0.002 -20"><span class='ocrx_word' id='word_1_262' title='bbox 1887 2432 1933 2497; x_wconf 90' lang='lat' dir='ltr'>B</span> <span class='ocrx_word' id='word_1_263' title='bbox 1961 2440 2112 2507; x_wconf 81' lang='lat' dir='ltr'><strong><em>eant,</em></strong></span> <span class='ocrx_word' id='word_1_264' title='bbox 2147 2449 2217 2488; x_wconf 90' lang='lat' dir='ltr'><strong><em>ne</em></strong></span> <span class='ocrx_word' id='word_1_265' title='bbox 2249 2439 2474 2505; x_wconf 88' lang='lat' dir='ltr'><strong><em>pateret</em></strong></span> <span class='ocrx_word' id='word_1_266' title='bbox 2505 2441 2774 2492; x_wconf 87' lang='lat' dir='ltr'><strong><em>sanctum</em></strong></span> <span class='ocrx_word' id='word_1_267' title='bbox 2825 2437 3091 2504; x_wconf 86' lang='lat' dir='ltr'><strong><em>canibus,</em></strong></span> <span class='ocrx_word' id='word_1_268' title='bbox 3139 2441 3242 2492; x_wconf 90' lang='lat' dir='ltr'><strong><em>aut</em></strong></span> <span class='ocrx_word' id='word_1_269' title='bbox 3271 2436 3464 2507; x_wconf 90' lang='lat' dir='ltr'><strong><em>porcis</em></strong></span> <span class='ocrx_word' id='word_1_270' title='bbox 3487 2433 3607 2507; x_wconf 91' lang='lat' dir='ltr'><strong><em>spi-</em></strong></span> 
     </span>
    </p>
   </div>
   <div class='ocr_carea' id='block_1_41' title="bbox 1964 2505 3610 2580">
    <p class='ocr_par' dir='ltr' id='par_1_41' title="bbox 1964 2505 3610 2580">
     <span class='ocr_line' id='line_1_43' title="bbox 1964 2505 3610 2580; baseline 0.002 -22"><span class='ocrx_word' id='word_1_271' title='bbox 1964 2505 2508 2580; x_wconf 59' lang='lat' dir='ltr'><strong><em>ritaleamargaritaa</em></strong></span> <span class='ocrx_word' id='word_1_272' title='bbox 2524 2510 2945 2580; x_wconf 87' lang='lat' dir='ltr'><strong><em>projicerentur</em></strong></span> <span class='ocrx_word' id='word_1_273' title='bbox 2957 2508 3246 2579; x_wconf 87' lang='lat' dir='ltr'><strong><em>(a).Quare</em></strong></span> <span class='ocrx_word' id='word_1_274' title='bbox 3259 2505 3392 2563; x_wconf 84' lang='lat' dir='ltr'><strong><em>cum</em></strong></span> <span class='ocrx_word' id='word_1_275' title='bbox 3407 2505 3610 2579; x_wconf 72' lang='lat' dir='ltr'><strong><em>Orige-</em></strong></span> 
     </span>
    </p>
   </div>
   <div class='ocr_carea' id='block_1_42' title="bbox 1966 2577 3604 2652">
    <p class='ocr_par' dir='ltr' id='par_1_42' title="bbox 1966 2577 3604 2652">
     <span class='ocr_line' id='line_1_44' title="bbox 1966 2577 3604 2652; baseline 0.003 -23"><span class='ocrx_word' id='word_1_276' title='bbox 1966 2591 2090 2652; x_wconf 89' lang='lat' dir='ltr'><strong><em>nes_,</em></strong></span> <span class='ocrx_word' id='word_1_277' title='bbox 2141 2577 2429 2652; x_wconf 75' lang='lat' dir='ltr'><strong><em>Eusebius</em></strong></span> <span class='ocrx_word' id='word_1_278' title='bbox 2478 2577 2665 2652; x_wconf 78' lang='lat' dir='ltr'><strong><em>atque</em></strong></span> <span class='ocrx_word' id='word_1_279' title='bbox 2700 2584 2756 2637; x_wconf 85' lang='lat' dir='ltr'><strong><em>S.</em></strong></span> <span class='ocrx_word' id='word_1_280' title='bbox 2797 2577 3199 2652; x_wconf 72' lang='lat' dir='ltr'><strong><em>Hieronymus,</em></strong></span> <span class='ocrx_word' id='word_1_281' title='bbox 3249 2577 3604 2652; x_wconf 74' lang='lat' dir='ltr'><strong><em>scriptorum</em></strong></span> 
     </span>
    </p>
   </div>
   <div class='ocr_carea' id='block_1_43' title="bbox 1964 2647 3605 2724">
    <p class='ocr_par' dir='ltr' id='par_1_43' title="bbox 1964 2647 3605 2724">
     <span class='ocr_line' id='line_1_45' title="bbox 1964 2647 3605 2724; baseline 0.004 -24"><span class='ocrx_word' id='word_1_282' title='bbox 1964 2647 2494 2724; x_wconf 68' lang='lat' dir='ltr'><strong><em>ecclesiasticarum</em></strong></span> <span class='ocrx_word' id='word_1_283' title='bbox 2524 2647 2853 2724; x_wconf 69' lang='lat' dir='ltr'><strong><em>catalogum</em></strong></span> <span class='ocrx_word' id='word_1_284' title='bbox 2886 2647 3163 2724; x_wconf 77' lang='lat' dir='ltr'><strong><em>texentes,</em></strong></span> <span class='ocrx_word' id='word_1_285' title='bbox 3186 2647 3420 2706; x_wconf 83' lang='lat' dir='ltr'><strong><em>nullam</em></strong></span> <span class='ocrx_word' id='word_1_286' title='bbox 3452 2649 3605 2724; x_wconf 77' lang='lat' dir='ltr'><strong><em>Ope-</em></strong></span> 
     </span>
    </p>
   </div>
   <div class='ocr_carea' id='block_1_44' title="bbox 1965 2721 3603 2794">
    <p class='ocr_par' dir='ltr' id='par_1_44' title="bbox 1965 2721 3603 2794">
     <span class='ocr_line' id='line_1_46' title="bbox 1965 2721 3603 2794; baseline 0.004 -23"><span class='ocrx_word' id='word_1_287' title='bbox 1965 2735 2096 2772; x_wconf 90' lang='lat' dir='ltr'><strong><em>rum</em></strong></span> <span class='ocrx_word' id='word_1_288' title='bbox 2119 2721 2318 2794; x_wconf 79' lang='lat' dir='ltr'><strong><em>sancti</em></strong></span> <span class='ocrx_word' id='word_1_289' title='bbox 2354 2721 2607 2794; x_wconf 81' lang='lat' dir='ltr'><strong><em>Dionysii</em></strong></span> <span class='ocrx_word' id='word_1_290' title='bbox 2643 2721 2999 2779; x_wconf 73' lang='lat' dir='ltr'><strong><em>mentionem</em></strong></span> <span class='ocrx_word' id='word_1_291' title='bbox 3034 2723 3270 2790; x_wconf 80' lang='lat' dir='ltr'><strong><em>faciant,</em></strong></span> <span class='ocrx_word' id='word_1_292' title='bbox 3302 2739 3417 2778; x_wconf 91' lang='lat' dir='ltr'><strong><em>non</em></strong></span> <span class='ocrx_word' id='word_1_293' title='bbox 3469 2721 3603 2777; x_wconf 84' lang='lat' dir='ltr'><strong><em>inde</em></strong></span> 
     </span>
    </p>
   </div>
   <div class='ocr_carea' id='block_1_45' title="bbox 1966 2790 3610 2859">
    <p class='ocr_par' dir='ltr' id='par_1_45' title="bbox 1966 2790 3610 2859">
     <span class='ocr_line' id='line_1_47' title="bbox 1966 2790 3610 2859; baseline 0.003 -16"><span class='ocrx_word' id='word_1_294' title='bbox 1966 2790 2252 2859; x_wconf 83' lang='lat' dir='ltr'><strong><em>sequitur,</em></strong></span> <span class='ocrx_word' id='word_1_295' title='bbox 2289 2791 2410 2848; x_wconf 67' lang='lat' dir='ltr'><strong><em>haec</em></strong></span> <span class='ocrx_word' id='word_1_296' title='bbox 2439 2790 2628 2859; x_wconf 80' lang='lat' dir='ltr'><strong><em>opera</em></strong></span> <span class='ocrx_word' id='word_1_297' title='bbox 2673 2800 2814 2849; x_wconf 91' lang='lat' dir='ltr'><strong><em>tunc</em></strong></span> <span class='ocrx_word' id='word_1_298' title='bbox 2869 2794 3130 2849; x_wconf 90' lang='lat' dir='ltr'><strong><em>nondum</em></strong></span> <span class='ocrx_word' id='word_1_299' title='bbox 3162 2795 3475 2858; x_wconf 80' lang='lat' dir='ltr'><strong><em>exstitisse,</em></strong></span> <span class='ocrx_word' id='word_1_300' title='bbox 3506 2799 3610 2848; x_wconf 88' lang='lat' dir='ltr'><strong><em>aut</em></strong></span> 
     </span>
    </p>
   </div>
   <div class='ocr_carea' id='block_1_46' title="bbox 1964 2862 3607 2937">
    <p class='ocr_par' dir='ltr' id='par_1_46' title="bbox 1964 2862 3607 2937">
     <span class='ocr_line' id='line_1_48' title="bbox 1964 2862 3607 2937; baseline 0.003 -22"><span class='ocrx_word' id='word_1_301' title='bbox 1964 2877 2033 2916; x_wconf 82' lang='lat' dir='ltr'><strong><em>ex</em></strong></span> <span class='ocrx_word' id='word_1_302' title='bbox 2054 2862 2426 2937; x_wconf 75' lang='lat' dir='ltr'><strong><em>ignoratione</em></strong></span> <span class='ocrx_word' id='word_1_303' title='bbox 2455 2862 2527 2920; x_wconf 88' lang='lat' dir='ltr'><strong><em>ab</em></strong></span> <span class='ocrx_word' id='word_1_304' title='bbox 2559 2866 2706 2937; x_wconf 87' lang='lat' dir='ltr'><strong><em>ipsis</em></strong></span> <span class='ocrx_word' id='word_1_305' title='bbox 2734 2865 2956 2937; x_wconf 88' lang='lat' dir='ltr'><strong><em>omissa</em></strong></span> <span class='ocrx_word' id='word_1_306' title='bbox 2985 2865 3203 2934; x_wconf 85' lang='lat' dir='ltr'><strong><em>fuisse;</em></strong></span> <span class='ocrx_word' id='word_1_307' title='bbox 3235 2865 3376 2936; x_wconf 91' lang='lat' dir='ltr'><strong><em>quin</em></strong></span> <span class='ocrx_word' id='word_1_308' title='bbox 3410 2866 3607 2935; x_wconf 86' lang='lat' dir='ltr'><strong><em>potius</em></strong></span> 
     </span>
    </p>
   </div>
   <div class='ocr_carea' id='block_1_47' title="bbox 1965 2933 3606 3007">
    <p class='ocr_par' dir='ltr' id='par_1_47' title="bbox 1965 2933 3606 3007">
     <span class='ocr_line' id='line_1_49' title="bbox 1965 2933 3606 3007; baseline 0.002 -21"><span class='ocrx_word' id='word_1_309' title='bbox 1965 2933 2166 3007; x_wconf 81' lang='lat' dir='ltr'><strong><em>eadem</em></strong></span> <span class='ocrx_word' id='word_1_310' title='bbox 2220 2933 2517 3004; x_wconf 80' lang='lat' dir='ltr'><strong><em>religionis</em></strong></span> <span class='ocrx_word' id='word_1_311' title='bbox 2565 2933 2764 2992; x_wconf 80' lang='lat' dir='ltr'><strong><em>studio</em></strong></span> <span class='ocrx_word' id='word_1_312' title='bbox 2796 2936 3031 2992; x_wconf 89' lang='lat' dir='ltr'><strong><em>siluisse</em></strong></span> <span class='ocrx_word' id='word_1_313' title='bbox 3064 2933 3308 3007; x_wconf 76' lang='lat' dir='ltr'><strong><em>putandi</em></strong></span> <span class='ocrx_word' id='word_1_314' title='bbox 3340 2933 3500 3002; x_wconf 84' lang='lat' dir='ltr'><strong><em>sunt,</em></strong></span> <span class='ocrx_word' id='word_1_315' title='bbox 3535 2952 3606 2990; x_wconf 91' lang='lat' dir='ltr'><strong><em>ne</em></strong></span> 
     </span>
    </p>
   </div>
   <div class='ocr_carea' id='block_1_48' title="bbox 1966 3004 3606 3078">
    <p class='ocr_par' dir='ltr' id='par_1_48' title="bbox 1966 3004 3606 3078">
     <span class='ocr_line' id='line_1_50' title="bbox 1966 3004 3606 3078; baseline 0.002 -21"><span class='ocrx_word' id='word_1_316' title='bbox 1966 3004 2106 3078; x_wconf 80' lang='lat' dir='ltr'><strong><em>dum</em></strong></span> <span class='ocrx_word' id='word_1_317' title='bbox 2138 3004 2403 3074; x_wconf 88' lang='lat' dir='ltr'><strong><em>ipsorum</em></strong></span> <span class='ocrx_word' id='word_1_318' title='bbox 2454 3007 2703 3078; x_wconf 81' lang='lat' dir='ltr'><strong><em>catalogi</em></strong></span> <span class='ocrx_word' id='word_1_319' title='bbox 2735 3009 2804 3063; x_wconf 91' lang='lat' dir='ltr'><strong><em>ad</em></strong></span> <span class='ocrx_word' id='word_1_320' title='bbox 2838 3004 3100 3063; x_wconf 84' lang='lat' dir='ltr'><strong><em>omnium</em></strong></span> <span class='ocrx_word' id='word_1_321' title='bbox 3146 3007 3366 3078; x_wconf 90' lang='lat' dir='ltr'><strong><em>passim</em></strong></span> <span class='ocrx_word' id='word_1_322' title='bbox 3401 3023 3606 3061; x_wconf 88' lang='lat' dir='ltr'><strong><em>manus</em></strong></span> 
     </span>
    </p>
   </div>
   <div class='ocr_carea' id='block_1_49' title="bbox 1965 3075 3609 3150">
    <p class='ocr_par' dir='ltr' id='par_1_49' title="bbox 1965 3075 3609 3150">
     <span class='ocr_line' id='line_1_51' title="bbox 1965 3075 3609 3150; baseline 0.003 -21"><span class='ocrx_word' id='word_1_323' title='bbox 1965 3075 2323 3150; x_wconf 83' lang='lat' dir='ltr'><strong><em>devenirent,</em></strong></span> <span class='ocrx_word' id='word_1_324' title='bbox 2356 3079 2403 3133; x_wconf 90' lang='lat' dir='ltr'><strong><em>si</em></strong></span> <span class='ocrx_word' id='word_1_325' title='bbox 2437 3080 2493 3133; x_wconf 90' lang='lat' dir='ltr'><strong><em>in</em></strong></span> <span class='ocrx_word' id='word_1_326' title='bbox 2529 3079 2601 3134; x_wconf 88' lang='lat' dir='ltr'><strong><em>iis</em></strong></span> <span class='ocrx_word' id='word_1_327' title='bbox 2633 3075 2843 3134; x_wconf 75' lang='lat' dir='ltr'><strong><em>Horum</em></strong></span> <span class='ocrx_word' id='word_1_328' title='bbox 2876 3080 3048 3150; x_wconf 85' lang='lat' dir='ltr'><strong><em>(quos</em></strong></span> <span class='ocrx_word' id='word_1_329' title='bbox 3077 3075 3344 3150; x_wconf 82' lang='lat' dir='ltr'><strong><em>Ecclesia</em></strong></span> <span class='ocrx_word' id='word_1_330' title='bbox 3365 3079 3609 3148; x_wconf 88' lang='lat' dir='ltr'><strong><em>ipseque</em></strong></span> 
     </span>
    </p>
   </div>
   <div class='ocr_carea' id='block_1_50' title="bbox 1963 3148 3608 3221">
    <p class='ocr_par' dir='ltr' id='par_1_50' title="bbox 1963 3148 3608 3221">
     <span class='ocr_line' id='line_1_52' title="bbox 1963 3148 3608 3221; baseline 0.001 -19"><span class='ocrx_word' id='word_1_331' title='bbox 1963 3148 2276 3221; x_wconf 87' lang='lat' dir='ltr'><strong><em>Dionysius</em></strong></span> <span class='ocrx_word' id='word_1_332' title='bbox 2308 3167 2423 3205; x_wconf 92' lang='lat' dir='ltr'><strong><em>non</em></strong></span> <span class='ocrx_word' id='word_1_333' title='bbox 2457 3167 2625 3206; x_wconf 89' lang='lat' dir='ltr'><strong><em>secus</em></strong></span> <span class='ocrx_word' id='word_1_334' title='bbox 2656 3168 2722 3206; x_wconf 90' lang='lat' dir='ltr'><strong><em>ac</em></strong></span> <span class='ocrx_word' id='word_1_335' title='bbox 2769 3148 3050 3219; x_wconf 80' lang='lat' dir='ltr'><strong><em>mysteria</em></strong></span> <span class='ocrx_word' id='word_1_336' title='bbox 3080 3167 3207 3221; x_wconf 61' lang='lat' dir='ltr'><strong><em>quas</em></strong></span> <span class='ocrx_word' id='word_1_337' title='bbox 3239 3152 3298 3206; x_wconf 89' lang='lat' dir='ltr'><strong><em>in</em></strong></span> <span class='ocrx_word' id='word_1_338' title='bbox 3333 3148 3477 3220; x_wconf 86' lang='lat' dir='ltr'><strong><em>ipsis</em></strong></span> <span class='ocrx_word' id='word_1_339' title='bbox 3507 3166 3608 3204; x_wconf 89' lang='lat' dir='ltr'><strong><em>ac-</em></strong></span> 
     </span>
    </p>
   </div>
   <div class='ocr_carea' id='block_1_51' title="bbox 1965 3219 3606 3292">
    <p class='ocr_par' dir='ltr' id='par_1_51' title="bbox 1965 3219 3606 3292">
     <span class='ocr_line' id='line_1_53' title="bbox 1965 3219 3606 3292; baseline 0.002 -19"><span class='ocrx_word' id='word_1_340' title='bbox 1965 3219 2336 3292; x_wconf 84' lang='lat' dir='ltr'><strong><em>curatissime</em></strong></span> <span class='ocrx_word' id='word_1_341' title='bbox 2383 3221 2770 3292; x_wconf 88' lang='lat' dir='ltr'><strong><em>explicantur,</em></strong></span> <span class='ocrx_word' id='word_1_342' title='bbox 2803 3219 3135 3277; x_wconf 65' lang='lat' dir='ltr'><strong><em>rudici-ibus</em></strong></span> <span class='ocrx_word' id='word_1_343' title='bbox 3187 3219 3465 3277; x_wconf 84' lang='lat' dir='ltr'><strong><em>abscondi</em></strong></span> <span class='ocrx_word' id='word_1_344' title='bbox 3506 3236 3606 3276; x_wconf 91' lang='lat' dir='ltr'><strong><em>cu-</em></strong></span> 
     </span>
    </p>
   </div>
   <div class='ocr_carea' id='block_1_52' title="bbox 1966 3290 3610 3372">
    <p class='ocr_par' dir='ltr' id='par_1_52' title="bbox 1966 3290 3610 3372">
     <span class='ocr_line' id='line_1_54' title="bbox 1966 3290 3610 3372; baseline 0 -27"><span class='ocrx_word' id='word_1_345' title='bbox 1966 3290 2182 3372; x_wconf 87' lang='lat' dir='ltr'><strong><em>piebat)</em></strong></span> <span class='ocrx_word' id='word_1_346' title='bbox 2230 3290 2471 3372; x_wconf 76' lang='lat' dir='ltr'><strong><em>mentio</em></strong></span> <span class='ocrx_word' id='word_1_347' title='bbox 2492 3294 2683 3372; x_wconf 75' lang='lat' dir='ltr'><strong><em>iieret,</em></strong></span> <span class='ocrx_word' id='word_1_348' title='bbox 2732 3293 3170 3372; x_wconf 37' lang='lat' dir='ltr'><strong><em>curiosis-ansa</em></strong></span> <span class='ocrx_word' id='word_1_349' title='bbox 3234 3293 3610 3372; x_wconf 69' lang='lat' dir='ltr'><strong><em>praeberetur,</em></strong></span> 
     </span>
    </p>
   </div>
   <div class='ocr_carea' id='block_1_53' title="bbox 1966 3363 3609 3435">
    <p class='ocr_par' dir='ltr' id='par_1_53' title="bbox 1966 3363 3609 3435">
     <span class='ocr_line' id='line_1_55' title="bbox 1966 3363 3609 3435; baseline 0.002 -19"><span class='ocrx_word' id='word_1_350' title='bbox 1966 3363 2266 3435; x_wconf 14' lang='lat' dir='ltr'><strong><em>ipsos,ruti</em></strong></span> <span class='ocrx_word' id='word_1_351' title='bbox 2298 3365 2358 3418; x_wconf 91' lang='lat' dir='ltr'><strong><em>in</em></strong></span> <span class='ocrx_word' id='word_1_352' title='bbox 2408 3366 2657 3420; x_wconf 89' lang='lat' dir='ltr'><strong><em>vetitum</em></strong></span> <span class='ocrx_word' id='word_1_353' title='bbox 2693 3381 2926 3435; x_wconf 84' lang='lat' dir='ltr'><strong><em>semper</em></strong></span> <span class='ocrx_word' id='word_1_354' title='bbox 2963 3363 3247 3431; x_wconf 57' lang='lat' dir='ltr'><strong><em>nitimur,</em></strong></span> <span class='ocrx_word' id='word_1_355' title='bbox 3279 3364 3609 3419; x_wconf 88' lang='lat' dir='ltr'><strong><em>studiosius</em></strong></span> 
     </span>
    </p>
   </div>
   <div class='ocr_carea' id='block_1_54' title="bbox 1965 3433 3611 3506">
    <p class='ocr_par' dir='ltr' id='par_1_54' title="bbox 1965 3433 3611 3506">
     <span class='ocr_line' id='line_1_56' title="bbox 1965 3433 3611 3506; baseline 0.002 -20"><span class='ocrx_word' id='word_1_356' title='bbox 1965 3433 2379 3506; x_wconf 80' lang='lat' dir='ltr'><strong><em>investigandi,</em></strong></span> <span class='ocrx_word' id='word_1_357' title='bbox 2411 3441 2468 3490; x_wconf 89' lang='lat' dir='ltr'><strong><em>et</em></strong></span> <span class='ocrx_word' id='word_1_358' title='bbox 2497 3433 2921 3506; x_wconf 77' lang='lat' dir='ltr'><strong><em>consequenter</em></strong></span> <span class='ocrx_word' id='word_1_359' title='bbox 2952 3442 3073 3491; x_wconf 90' lang='lat' dir='ltr'><strong><em>tam</em></strong></span> <span class='ocrx_word' id='word_1_360' title='bbox 3107 3452 3204 3489; x_wconf 87' lang='lat' dir='ltr'><strong><em>eos</em></strong></span> <span class='ocrx_word' id='word_1_361' title='bbox 3235 3451 3412 3505; x_wconf 90' lang='lat' dir='ltr'><strong><em>quam</em></strong></span> <span class='ocrx_word' id='word_1_362' title='bbox 3446 3451 3611 3490; x_wconf 86' lang='lat' dir='ltr'><strong><em>sacra</em></strong></span> 
     </span>
    </p>
   </div>
   <div class='ocr_carea' id='block_1_55' title="bbox 1966 3503 3608 3578">
    <p class='ocr_par' dir='ltr' id='par_1_55' title="bbox 1966 3503 3608 3578">
     <span class='ocr_line' id='line_1_57' title="bbox 1966 3503 3608 3578; baseline 0.001 -20"><span class='ocrx_word' id='word_1_363' title='bbox 1966 3503 2244 3578; x_wconf 78' lang='lat' dir='ltr'><strong><em>mysteria</em></strong></span> <span class='ocrx_word' id='word_1_364' title='bbox 2273 3508 2422 3562; x_wconf 70' lang='lat'><strong><em>595</em></strong></span> <span class='ocrx_word' id='word_1_365' title='bbox 2460 3509 2519 3562; x_wconf 91' lang='lat' dir='ltr'><strong><em>in</em></strong></span> <span class='ocrx_word' id='word_1_366' title='bbox 2551 3507 2623 3562; x_wconf 87' lang='lat' dir='ltr'><strong><em>iis</em></strong></span> <span class='ocrx_word' id='word_1_367' title='bbox 2653 3503 2948 3574; x_wconf 84' lang='lat' dir='ltr'><strong><em>contenta,</em></strong></span> <span class='ocrx_word' id='word_1_368' title='bbox 2998 3510 3201 3578; x_wconf 86' lang='lat' dir='ltr'><strong><em>contra</em></strong></span> <span class='ocrx_word' id='word_1_369' title='bbox 3254 3503 3608 3578; x_wconf 65' lang='lat' dir='ltr'><strong><em>praeceptum</em></strong></span> 
     </span>
    </p>
   </div>
   <div class='ocr_carea' id='block_1_56' title="bbox 1970 3574 3610 3649">
    <p class='ocr_par' dir='ltr' id='par_1_56' title="bbox 1970 3574 3610 3649">
     <span class='ocr_line' id='line_1_58' title="bbox 1970 3574 3610 3649; baseline 0.001 -19"><span class='ocrx_word' id='word_1_370' title='bbox 1970 3574 2285 3649; x_wconf 79' lang='lat' dir='ltr'><strong><em>Deminiet</em></strong></span> <span class='ocrx_word' id='word_1_371' title='bbox 2324 3582 2577 3633; x_wconf 90' lang='lat' dir='ltr'><strong><em>mentem</em></strong></span> <span class='ocrx_word' id='word_1_372' title='bbox 2627 3581 2920 3644; x_wconf 64' lang='lat' dir='ltr'><strong><em>Ecclesiae,</em></strong></span> <span class='ocrx_word' id='word_1_373' title='bbox 2969 3577 3228 3647; x_wconf 76' lang='lat' dir='ltr'><strong><em>profanis</em></strong></span> <span class='ocrx_word' id='word_1_374' title='bbox 3256 3574 3316 3632; x_wconf 81' lang='lat' dir='ltr'><strong><em>et</em></strong></span> <span class='ocrx_word' id='word_1_375' title='bbox 3359 3574 3610 3649; x_wconf 82' lang='lat' dir='ltr'><strong><em>impuris</em></strong></span> 
     </span>
    </p>
   </div>
   <div class='ocr_carea' id='block_1_57' title="bbox 1966 3646 2705 3720">
    <p class='ocr_par' dir='ltr' id='par_1_57' title="bbox 1966 3646 2705 3720">
     <span class='ocr_line' id='line_1_59' title="bbox 1966 3646 2705 3720; baseline 0.003 -20"><span class='ocrx_word' id='word_1_376' title='bbox 1966 3646 2306 3702; x_wconf 89' lang='lat' dir='ltr'><strong><em>hominibus</em></strong></span> <span class='ocrx_word' id='word_1_377' title='bbox 2341 3649 2705 3720; x_wconf 90' lang='lat' dir='ltr'><strong><em>propalandi.</em></strong></span> 
     </span>
    </p>
   </div>
   <div class='ocr_carea' id='block_1_58' title="bbox 2034 3717 3610 3774">
    <p class='ocr_par' dir='ltr' id='par_1_58' title="bbox 2034 3717 3610 3774">
     <span class='ocr_line' id='line_1_60' title="bbox 2034 3717 3610 3774; baseline 0.003 -4"><span class='ocrx_word' id='word_1_378' title='bbox 2034 3721 2165 3771; x_wconf 70' lang='lat' dir='ltr'><strong><em>Haec</em></strong></span> <span class='ocrx_word' id='word_1_379' title='bbox 2196 3717 2391 3774; x_wconf 84' lang='lat' dir='ltr'><strong><em>autem</em></strong></span> <span class='ocrx_word' id='word_1_380' title='bbox 2414 3717 2644 3774; x_wconf 84' lang='lat' dir='ltr'><strong><em>videtur</em></strong></span> <span class='ocrx_word' id='word_1_381' title='bbox 2674 3717 2814 3774; x_wconf 89' lang='lat' dir='ltr'><strong><em>mihi</em></strong></span> <span class='ocrx_word' id='word_1_382' title='bbox 2842 3719 3021 3774; x_wconf 80' lang='lat' dir='ltr'><strong><em>fuisse</em></strong></span> <span class='ocrx_word' id='word_1_383' title='bbox 3053 3717 3197 3774; x_wconf 89' lang='lat' dir='ltr'><strong><em>ratio</em></strong></span> <span class='ocrx_word' id='word_1_384' title='bbox 3229 3717 3533 3772; x_wconf 90' lang='lat' dir='ltr'><strong><em>verissima</em></strong></span> <span class='ocrx_word' id='word_1_385' title='bbox 3555 3721 3610 3774; x_wconf 87' lang='lat' dir='ltr'><strong><em>et</em></strong></span> 
     </span>
    </p>
   </div>
   <div class='ocr_carea' id='block_1_59' title="bbox 190 3784 3607 3870">
    <p class='ocr_par' dir='ltr' id='par_1_59' title="bbox 190 3784 3607 3870">
     <span class='ocr_line' id='line_1_61' title="bbox 190 3784 3607 3870; baseline 0 -28"><span class='ocrx_word' id='word_1_386' title='bbox 190 3788 660 3870; x_wconf 65' lang='lat' dir='ltr'><strong><em>quibuscumque</em></strong></span> <span class='ocrx_word' id='word_1_387' title='bbox 709 3784 1041 3870; x_wconf 76' lang='lat' dir='ltr'><strong><em>conferunt,</em></strong></span> <span class='ocrx_word' id='word_1_388' title='bbox 1070 3789 1359 3870; x_wconf 74' lang='lat' dir='ltr'><strong><em>litteratos</em></strong></span> <span class='ocrx_word' id='word_1_389' title='bbox 1380 3784 1854 3870; x_wconf 46' lang='lat' dir='ltr'><strong><em>ﬂespuuntiqui-</em></strong></span> <span class='ocrx_word' id='word_1_390' title='bbox 1887 3804 1933 3870; x_wconf 71' lang='grc' dir='ltr'>ο</span> <span class='ocrx_word' id='word_1_391' title='bbox 1975 3789 2468 3870; x_wconf 71' lang='lat' dir='ltr'><strong><em>prpbabilissima.</em></strong></span> <span class='ocrx_word' id='word_1_392' title='bbox 2502 3809 2606 3846; x_wconf 91' lang='lat' dir='ltr'><strong><em>cur</em></strong></span> <span class='ocrx_word' id='word_1_393' title='bbox 2633 3792 2692 3870; x_wconf 81' lang='lat' dir='ltr'><strong><em>in</em></strong></span> <span class='ocrx_word' id='word_1_394' title='bbox 2725 3805 3096 3870; x_wconf 73' lang='lat' dir='ltr'><strong><em>communem</em></strong></span> <span class='ocrx_word' id='word_1_395' title='bbox 3131 3788 3478 3870; x_wconf 89' lang='lat' dir='ltr'><strong><em>scriptorum</em></strong></span> <span class='ocrx_word' id='word_1_396' title='bbox 3513 3805 3607 3870; x_wconf 45' lang='lat' dir='ltr'><strong><em>ea:</em></strong></span> 
     </span>
    </p>
   </div>
   <div class='ocr_carea' id='block_1_60' title="bbox 187 3858 1854 3925">
    <p class='ocr_par' dir='ltr' id='par_1_60' title="bbox 187 3858 1854 3925">
     <span class='ocr_line' id='line_1_62' title="bbox 187 3858 1854 3925; baseline 0 -11"><span class='ocrx_word' id='word_1_397' title='bbox 187 3858 314 3914; x_wconf 79' lang='lat' dir='ltr'><strong><em>bus</em></strong></span> <span class='ocrx_word' id='word_1_398' title='bbox 347 3859 806 3925; x_wconf 85' lang='lat' dir='ltr'><strong><em>committerent,</em></strong></span> <span class='ocrx_word' id='word_1_399' title='bbox 845 3875 958 3914; x_wconf 94' lang='lat' dir='ltr'><strong><em>non</em></strong></span> <span class='ocrx_word' id='word_1_400' title='bbox 993 3859 1345 3914; x_wconf 88' lang='lat' dir='ltr'><strong><em>habuerunt.</em></strong></span> <span class='ocrx_word' id='word_1_401' title='bbox 1379 3858 1643 3913; x_wconf 83' lang='lat' dir='ltr'><strong><em>Forsitan</em></strong></span> <span class='ocrx_word' id='word_1_402' title='bbox 1677 3859 1854 3914; x_wconf 90' lang='lat' dir='ltr'><strong><em>etiam</em></strong></span> 
     </span>
    </p>
   </div>
   <div class='ocr_carea' id='block_1_61' title="bbox 189 3929 1855 4013">
    <p class='ocr_par' dir='ltr' id='par_1_61' title="bbox 189 3929 1855 4013">
     <span class='ocr_line' id='line_1_63' title="bbox 189 3929 1855 4013; baseline -0.001 -29"><span class='ocrx_word' id='word_1_403' title='bbox 189 3932 342 4013; x_wconf 76' lang='lat' dir='ltr'><strong><em>inde</em></strong></span> <span class='ocrx_word' id='word_1_404' title='bbox 378 3931 764 4013; x_wconf 79' lang='lat' dir='ltr'><strong><em>l-lierpnymus</em></strong></span> <span class='ocrx_word' id='word_1_405' title='bbox 812 3929 1378 4013; x_wconf 63' lang='lat' dir='ltr'><strong><em>excellentissimum</em></strong></span> <span class='ocrx_word' id='word_1_406' title='bbox 1420 3929 1855 4013; x_wconf 78' lang='lat' dir='ltr'><strong><em>Areopagitam,</em></strong></span> 
     </span>
    </p>
   </div>
   <div class='ocr_carea' id='block_1_62' title="bbox 188 4001 1855 4073">
    <p class='ocr_par' dir='ltr' id='par_1_62' title="bbox 188 4001 1855 4073">
     <span class='ocr_line' id='line_1_64' title="bbox 188 4001 1855 4073; baseline -0.001 -17"><span class='ocrx_word' id='word_1_407' title='bbox 188 4003 362 4057; x_wconf 85' lang='lat' dir='ltr'><strong><em>inter</em></strong></span> <span class='ocrx_word' id='word_1_408' title='bbox 408 4001 837 4058; x_wconf 89' lang='lat' dir='ltr'><strong><em>ecclesiasticos</em></strong></span> <span class='ocrx_word' id='word_1_409' title='bbox 884 4003 1196 4073; x_wconf 84' lang='lat' dir='ltr'><strong><em>scriptores</em></strong></span> <span class='ocrx_word' id='word_1_410' title='bbox 1228 4019 1343 4058; x_wconf 91' lang='lat' dir='ltr'><strong><em>non</em></strong></span> <span class='ocrx_word' id='word_1_411' title='bbox 1391 4002 1855 4073; x_wconf 82' lang='lat' dir='ltr'><strong><em>connumeravit,</em></strong></span> 
     </span>
    </p>
   </div>
   <div class='ocr_carea' id='block_1_63' title="bbox 189 4071 1860 4145">
    <p class='ocr_par' dir='ltr' id='par_1_63' title="bbox 189 4071 1860 4145">
     <span class='ocr_line' id='line_1_65' title="bbox 189 4071 1860 4145; baseline -0.001 -17"><span class='ocrx_word' id='word_1_412' title='bbox 189 4075 347 4145; x_wconf 89' lang='lat' dir='ltr'><strong><em>quia</em></strong></span> <span class='ocrx_word' id='word_1_413' title='bbox 377 4075 508 4143; x_wconf 90' lang='lat' dir='ltr'><strong><em>ejus</em></strong></span> <span class='ocrx_word' id='word_1_414' title='bbox 541 4073 744 4140; x_wconf 89' lang='lat' dir='ltr'><strong><em>libros,</em></strong></span> <span class='ocrx_word' id='word_1_415' title='bbox 781 4071 1065 4142; x_wconf 76' lang='lat' dir='ltr'><strong><em>tanquam</em></strong></span> <span class='ocrx_word' id='word_1_416' title='bbox 1099 4075 1446 4140; x_wconf 88' lang='lat' dir='ltr'><strong><em>eminentes,</em></strong></span> <span class='ocrx_word' id='word_1_417' title='bbox 1469 4089 1596 4145; x_wconf 83' lang='lat' dir='ltr'><strong><em>non</em></strong></span> <span class='ocrx_word' id='word_1_418' title='bbox 1636 4071 1860 4145; x_wconf 82' lang='lat' dir='ltr'><strong><em>putavit</em></strong></span> 
     </span>
    </p>
   </div>
   <div class='ocr_carea' id='block_1_64' title="bbox 189 4143 1858 4216">
    <p class='ocr_par' dir='ltr' id='par_1_64' title="bbox 189 4143 1858 4216">
     <span class='ocr_line' id='line_1_66' title="bbox 189 4143 1858 4216; baseline -0.001 -17"><span class='ocrx_word' id='word_1_419' title='bbox 189 4143 271 4200; x_wconf 77' lang='lat' dir='ltr'><strong><em>ad</em></strong></span> <span class='ocrx_word' id='word_1_420' title='bbox 310 4161 688 4199; x_wconf 88' lang='lat' dir='ltr'><strong><em>communem</em></strong></span> <span class='ocrx_word' id='word_1_421' title='bbox 723 4146 993 4200; x_wconf 89' lang='lat' dir='ltr'><strong><em>notitiam</em></strong></span> <span class='ocrx_word' id='word_1_422' title='bbox 1028 4147 1359 4216; x_wconf 88' lang='lat' dir='ltr'><strong><em>deputatos.</em></strong></span> <span class='ocrx_word' id='word_1_423' title='bbox 1398 4166 1424 4216; x_wconf 61' lang='grc' dir='ltr'><strong>ν</strong></span> <span class='ocrx_word' id='word_1_424' title='bbox 1456 4144 1546 4199; x_wconf 91' lang='lat' dir='ltr'><strong><em>Sic</em></strong></span> <span class='ocrx_word' id='word_1_425' title='bbox 1577 4143 1710 4214; x_wconf 73' lang='lat' dir='ltr'><strong><em>ergo</em></strong></span> <span class='ocrx_word' id='word_1_426' title='bbox 1738 4143 1858 4198; x_wconf 78' lang='lat' dir='ltr'><strong><em>haec</em></strong></span> 
     </span>
    </p>
   </div>
   <div class='ocr_carea' id='block_1_65' title="bbox 185 4215 1856 4288">
    <p class='ocr_par' dir='ltr' id='par_1_65' title="bbox 185 4215 1856 4288">
     <span class='ocr_line' id='line_1_67' title="bbox 185 4215 1856 4288; baseline 0 -18"><span class='ocrx_word' id='word_1_427' title='bbox 185 4218 397 4288; x_wconf 88' lang='lat' dir='ltr'><strong><em>prima</em></strong></span> <span class='ocrx_word' id='word_1_428' title='bbox 429 4217 825 4286; x_wconf 78' lang='lat' dir='ltr'><strong><em>causa,caligo</em></strong></span> <span class='ocrx_word' id='word_1_429' title='bbox 861 4222 916 4272; x_wconf 86' lang='lat' dir='ltr'><strong><em>et</em></strong></span> <span class='ocrx_word' id='word_1_430' title='bbox 946 4215 1276 4272; x_wconf 81' lang='lat' dir='ltr'><strong><em>obseuritas</em></strong></span> <span class='ocrx_word' id='word_1_431' title='bbox 1310 4215 1856 4288; x_wconf 86' lang='lat' dir='ltr'><strong><em>scriptionis,quam</em></strong></span> 
     </span>
    </p>
   </div>
   <div class='ocr_carea' id='block_1_66' title="bbox 186 4287 1856 4359">
    <p class='ocr_par' dir='ltr' id='par_1_66' title="bbox 186 4287 1856 4359">
     <span class='ocr_line' id='line_1_68' title="bbox 186 4287 1856 4359; baseline -0.001 -17"><span class='ocrx_word' id='word_1_432' title='bbox 186 4287 375 4359; x_wconf 85' lang='lat' dir='ltr'><strong><em>pauci</em></strong></span> <span class='ocrx_word' id='word_1_433' title='bbox 431 4292 698 4357; x_wconf 88' lang='lat' dir='ltr'><strong><em>poterant</em></strong></span> <span class='ocrx_word' id='word_1_434' title='bbox 757 4288 1086 4359; x_wconf 78' lang='lat' dir='ltr'><strong><em>dispellere,</em></strong></span> <span class='ocrx_word' id='word_1_435' title='bbox 1122 4298 1174 4344; x_wconf 89' lang='lat' dir='ltr'><strong><em>et</em></strong></span> <span class='ocrx_word' id='word_1_436' title='bbox 1234 4287 1619 4357; x_wconf 76' lang='lat' dir='ltr'><strong><em>intelligentia</em></strong></span> <span class='ocrx_word' id='word_1_437' title='bbox 1681 4303 1856 4356; x_wconf 88' lang='lat' dir='ltr'><strong><em>pene-</em></strong></span> 
     </span>
    </p>
   </div>
   <div class='ocr_carea' id='block_1_67' title="bbox 184 4359 1860 4430">
    <p class='ocr_par' dir='ltr' id='par_1_67' title="bbox 184 4359 1860 4430">
     <span class='ocr_line' id='line_1_69' title="bbox 184 4359 1860 4430; baseline -0.001 -17"><span class='ocrx_word' id='word_1_438' title='bbox 184 4365 380 4413; x_wconf 85' lang='lat' dir='ltr'><strong><em>trare.</em></strong></span> <span class='ocrx_word' id='word_1_439' title='bbox 412 4359 556 4414; x_wconf 87' lang='lat' dir='ltr'><strong><em>Hinc</em></strong></span> <span class='ocrx_word' id='word_1_440' title='bbox 614 4360 767 4414; x_wconf 90' lang='lat' dir='ltr'><strong><em>enim</em></strong></span> <span class='ocrx_word' id='word_1_441' title='bbox 821 4366 957 4414; x_wconf 86' lang='lat' dir='ltr'><strong><em>nata</em></strong></span> <span class='ocrx_word' id='word_1_442' title='bbox 1011 4360 1276 4430; x_wconf 87' lang='lat' dir='ltr'><strong><em>paucitas</em></strong></span> <span class='ocrx_word' id='word_1_443' title='bbox 1308 4359 1860 4430; x_wconf 15' lang='lat' dir='ltr'><strong><em>describentiumiet</em></strong></span> 
     </span>
    </p>
   </div>
   <div class='ocr_carea' id='block_1_68' title="bbox 187 4429 1854 4500">
    <p class='ocr_par' dir='ltr' id='par_1_68' title="bbox 187 4429 1854 4500">
     <span class='ocr_line' id='line_1_70' title="bbox 187 4429 1854 4500; baseline -0.002 -15"><span class='ocrx_word' id='word_1_444' title='bbox 187 4432 524 4499; x_wconf 82' lang='lat' dir='ltr'><strong><em>legentium</em></strong></span> <span class='ocrx_word' id='word_1_445' title='bbox 561 4432 774 4486; x_wconf 87' lang='lat' dir='ltr'><strong><em>raritas</em></strong></span> <span class='ocrx_word' id='word_1_446' title='bbox 799 4449 812 4495; x_wconf 88' lang='lat'><strong>;</strong></span> <span class='ocrx_word' id='word_1_447' title='bbox 847 4429 1023 4500; x_wconf 85' lang='lat' dir='ltr'><strong><em>quam</em></strong></span> <span class='ocrx_word' id='word_1_448' title='bbox 1053 4437 1256 4486; x_wconf 85' lang='lat' dir='ltr'><strong><em>secuta</em></strong></span> <span class='ocrx_word' id='word_1_449' title='bbox 1287 4430 1553 4485; x_wconf 85' lang='lat' dir='ltr'><strong><em>socordia</em></strong></span> <span class='ocrx_word' id='word_1_450' title='bbox 1583 4435 1638 4485; x_wconf 91' lang='lat' dir='ltr'><strong><em>et</em></strong></span> <span class='ocrx_word' id='word_1_451' title='bbox 1660 4429 1854 4500; x_wconf 84' lang='lat' dir='ltr'><strong><em>negle-</em></strong></span> 
     </span>
    </p>
   </div>
   <div class='ocr_carea' id='block_1_69' title="bbox 187 4501 1855 4566">
    <p class='ocr_par' dir='ltr' id='par_1_69' title="bbox 187 4501 1855 4566">
     <span class='ocr_line' id='line_1_71' title="bbox 187 4501 1855 4566; baseline -0.002 -8"><span class='ocrx_word' id='word_1_452' title='bbox 187 4503 318 4558; x_wconf 87' lang='lat' dir='ltr'><strong><em>ctio</em></strong></span> <span class='ocrx_word' id='word_1_453' title='bbox 349 4503 854 4557; x_wconf 87' lang='lat' dir='ltr'><strong><em>contemnentium</em></strong></span> <span class='ocrx_word' id='word_1_454' title='bbox 909 4519 1024 4557; x_wconf 92' lang='lat' dir='ltr'><strong><em>non</em></strong></span> <span class='ocrx_word' id='word_1_455' title='bbox 1076 4502 1392 4566; x_wconf 86' lang='lat' dir='ltr'><strong><em>intellecta,</em></strong></span> <span class='ocrx_word' id='word_1_456' title='bbox 1427 4507 1492 4555; x_wconf 91' lang='lat' dir='ltr'><strong><em>ut</em></strong></span> <span class='ocrx_word' id='word_1_457' title='bbox 1540 4501 1662 4556; x_wconf 75' lang='lat' dir='ltr'><strong><em>ﬁeri</em></strong></span> <span class='ocrx_word' id='word_1_458' title='bbox 1693 4502 1855 4556; x_wconf 87' lang='lat' dir='ltr'><strong><em>vide-</em></strong></span> 
     </span>
    </p>
   </div>
   <div class='ocr_carea' id='block_1_70' title="bbox 186 4572 1858 4645">
    <p class='ocr_par' dir='ltr' id='par_1_70' title="bbox 186 4572 1858 4645">
     <span class='ocr_line' id='line_1_72' title="bbox 186 4572 1858 4645; baseline -0.001 -17"><span class='ocrx_word' id='word_1_459' title='bbox 186 4590 357 4637; x_wconf 86' lang='lat' dir='ltr'><strong><em>mus,</em></strong></span> <span class='ocrx_word' id='word_1_460' title='bbox 391 4572 712 4645; x_wconf 9' lang='lat' dir='ltr'><strong><em>etrJuliano</em></strong></span> <span class='ocrx_word' id='word_1_461' title='bbox 759 4576 1051 4645; x_wconf 72' lang='lat' dir='ltr'><strong><em>Apostatze</em></strong></span> <span class='ocrx_word' id='word_1_462' title='bbox 1087 4575 1295 4629; x_wconf 87' lang='lat' dir='ltr'><strong><em>beatus</em></strong></span> <span class='ocrx_word' id='word_1_463' title='bbox 1335 4574 1736 4645; x_wconf 82' lang='lat' dir='ltr'><strong><em>Nazianzenus</em></strong></span> <span class='ocrx_word' id='word_1_464' title='bbox 1765 4589 1858 4626; x_wconf 84' lang='lat' dir='ltr'><strong><em>ex-</em></strong></span> 
     </span>
    </p>
   </div>
   <div class='ocr_carea' id='block_1_71' title="bbox 184 4643 1855 4717">
    <p class='ocr_par' dir='ltr' id='par_1_71' title="bbox 184 4643 1855 4717">
     <span class='ocr_line' id='line_1_73' title="bbox 184 4643 1855 4717; baseline -0.001 -18"><span class='ocrx_word' id='word_1_465' title='bbox 184 4644 518 4717; x_wconf 87' lang='lat' dir='ltr'><strong><em>probravit.</em></strong></span> <span class='ocrx_word' id='word_1_466' title='bbox 553 4643 1072 4717; x_wconf 30' lang='lat' dir='ltr'><strong><em>Semper’aliquos</em></strong></span> <span class='ocrx_word' id='word_1_467' title='bbox 1127 4646 1309 4701; x_wconf 75' lang='lat' dir='ltr'><strong><em>fuisse</em></strong></span> <span class='ocrx_word' id='word_1_468' title='bbox 1341 4645 1443 4716; x_wconf 91' lang='lat' dir='ltr'><strong><em>qui</em></strong></span> <span class='ocrx_word' id='word_1_469' title='bbox 1474 4643 1653 4699; x_wconf 87' lang='lat' dir='ltr'><strong><em>libros</em></strong></span> <span class='ocrx_word' id='word_1_470' title='bbox 1687 4660 1855 4698; x_wconf 90' lang='lat' dir='ltr'><strong><em>nove-</em></strong></span> 
     </span>
    </p>
   </div>
   <div class='ocr_carea' id='block_1_72' title="bbox 184 4717 1853 4788">
    <p class='ocr_par' dir='ltr' id='par_1_72' title="bbox 184 4717 1853 4788">
     <span class='ocr_line' id='line_1_74' title="bbox 184 4717 1853 4788; baseline -0.001 -16"><span class='ocrx_word' id='word_1_471' title='bbox 184 4717 1161 4788; x_wconf 79' lang='lat' dir='ltr'><strong><em>rant,exsequentibuspatebit;</em></strong></span> <span class='ocrx_word' id='word_1_472' title='bbox 1197 4733 1378 4788; x_wconf 86' lang='lat' dir='ltr'><strong><em>quare</em></strong></span> <span class='ocrx_word' id='word_1_473' title='bbox 1408 4733 1521 4770; x_wconf 90' lang='lat' dir='ltr'><strong><em>non</em></strong></span> <span class='ocrx_word' id='word_1_474' title='bbox 1556 4717 1853 4783; x_wconf 89' lang='lat' dir='ltr'><strong><em>omnibus,</em></strong></span> 
     </span>
    </p>
   </div>
   <div class='ocr_carea' id='block_1_73' title="bbox 184 4786 1855 4860">
    <p class='ocr_par' dir='ltr' id='par_1_73' title="bbox 184 4786 1855 4860">
     <span class='ocr_line' id='line_1_75' title="bbox 184 4786 1855 4860; baseline -0.002 -16"><span class='ocrx_word' id='word_1_475' title='bbox 184 4787 300 4844; x_wconf 83' lang='lat' dir='ltr'><strong><em>sed</em></strong></span> <span class='ocrx_word' id='word_1_476' title='bbox 338 4786 632 4860; x_wconf 85' lang='lat' dir='ltr'><strong><em>plerisque</em></strong></span> <span class='ocrx_word' id='word_1_477' title='bbox 661 4788 841 4860; x_wconf 80' lang='lat' dir='ltr'><strong><em>ignoti</em></strong></span> <span class='ocrx_word' id='word_1_478' title='bbox 878 4786 1372 4860; x_wconf 80' lang='lat' dir='ltr'><strong><em>lat_uerunt,quod</em></strong></span> <span class='ocrx_word' id='word_1_479' title='bbox 1411 4788 1606 4841; x_wconf 85' lang='lat' dir='ltr'><strong><em>minus</em></strong></span> <span class='ocrx_word' id='word_1_480' title='bbox 1639 4787 1855 4860; x_wconf 87' lang='lat' dir='ltr'><strong><em>miran-</em></strong></span> 
     </span>
    </p>
   </div>
   <div class='ocr_carea' id='block_1_74' title="bbox 183 4858 1852 4930">
    <p class='ocr_par' dir='ltr' id='par_1_74' title="bbox 183 4858 1852 4930">
     <span class='ocr_line' id='line_1_76' title="bbox 183 4858 1852 4930; baseline -0.001 -16"><span class='ocrx_word' id='word_1_481' title='bbox 183 4861 505 4923; x_wconf 86' lang='lat' dir='ltr'><strong><em>dum,cum</em></strong></span> <span class='ocrx_word' id='word_1_482' title='bbox 541 4859 837 4930; x_wconf 87' lang='lat' dir='ltr'><strong><em>plerisque</em></strong></span> <span class='ocrx_word' id='word_1_483' title='bbox 855 4858 1250 4930; x_wconf 82' lang='lat' dir='ltr'><strong><em>scriptoribus</em></strong></span> <span class='ocrx_word' id='word_1_484' title='bbox 1265 4860 1523 4915; x_wconf 88' lang='lat' dir='ltr'><strong><em>sciamus</em></strong></span> <span class='ocrx_word' id='word_1_485' title='bbox 1551 4859 1852 4913; x_wconf 84' lang='lat' dir='ltr'><strong><em>accidisse.</em></strong></span> 
     </span>
    </p>
   </div>
   <div class='ocr_carea' id='block_1_75' title="bbox 183 4930 1855 5003">
    <p class='ocr_par' dir='ltr' id='par_1_75' title="bbox 183 4930 1855 5003">
     <span class='ocr_line' id='line_1_77' title="bbox 183 4930 1855 5003; baseline -0.003 -16"><span class='ocrx_word' id='word_1_486' title='bbox 183 4932 376 4987; x_wconf 91' lang='lat' dir='ltr'><strong><em>Porro</em></strong></span> <span class='ocrx_word' id='word_1_487' title='bbox 411 4930 471 5003; x_wconf 89' lang='lat' dir='ltr'><strong><em>D.</em></strong></span> <span class='ocrx_word' id='word_1_488' title='bbox 511 4930 771 5003; x_wconf 79' lang='lat' dir='ltr'><strong><em>Dionysii</em></strong></span> <span class='ocrx_word' id='word_1_489' title='bbox 797 4931 1117 5003; x_wconf 12' lang='lat' dir='ltr'><strong><em>iobtestatio</em></strong></span> <span class='ocrx_word' id='word_1_490' title='bbox 1166 4931 1267 4986; x_wconf 91' lang='lat' dir='ltr'><strong><em>illa</em></strong></span> <span class='ocrx_word' id='word_1_491' title='bbox 1299 4931 1634 5003; x_wconf 85' lang='lat' dir='ltr'><strong><em>continetur</em></strong></span> <span class='ocrx_word' id='word_1_492' title='bbox 1666 4935 1743 5003; x_wconf 75' lang='lat' dir='ltr'><strong><em>De</em></strong></span> <span class='ocrx_word' id='word_1_493' title='bbox 1766 4946 1855 4985; x_wconf 81' lang='lat' dir='ltr'><strong><em>ec-</em></strong></span> 
     </span>
    </p>
   </div>
   <div class='ocr_carea' id='block_1_76' title="bbox 180 5001 1854 5073">
    <p class='ocr_par' dir='ltr' id='par_1_76' title="bbox 180 5001 1854 5073">
     <span class='ocr_line' id='line_1_78' title="bbox 180 5001 1854 5073; baseline -0.002 -15"><span class='ocrx_word' id='word_1_494' title='bbox 180 5001 506 5058; x_wconf 77' lang='lat' dir='ltr'><strong><em>clesiastica</em></strong></span> <span class='ocrx_word' id='word_1_495' title='bbox 555 5001 901 5066; x_wconf 68' lang='lat' dir='ltr'><strong><em>hieran-hia,</em></strong></span> <span class='ocrx_word' id='word_1_496' title='bbox 950 5019 1076 5072; x_wconf 88' lang='lat' dir='ltr'><strong><em>cap.</em></strong></span> <span class='ocrx_word' id='word_1_497' title='bbox 1118 5004 1168 5066; x_wconf 82' lang='lat'><strong><em>1,</em></strong></span> <span class='ocrx_word' id='word_1_498' title='bbox 1203 5003 1261 5058; x_wconf 89' lang='lat' dir='ltr'><strong><em>in</em></strong></span> <span class='ocrx_word' id='word_1_499' title='bbox 1296 5001 1670 5073; x_wconf 84' lang='lat' dir='ltr'><strong><em>principioet</em></strong></span> <span class='ocrx_word' id='word_1_500' title='bbox 1702 5001 1854 5067; x_wconf 81' lang='lat' dir='ltr'><strong><em>ﬁne;</em></strong></span> 
     </span>
    </p>
   </div>
   <div class='ocr_carea' id='block_1_77' title="bbox 183 5072 1853 5198">
    <p class='ocr_par' dir='ltr' id='par_1_77' title="bbox 183 5072 1853 5198">
     <span class='ocr_line' id='line_1_79' title="bbox 183 5072 1853 5198; baseline -0.002 -68"><span class='ocrx_word' id='word_1_501' title='bbox 183 5075 269 5130; x_wconf 84' lang='lat' dir='ltr'><strong><em>De</em></strong></span> <span class='ocrx_word' id='word_1_502' title='bbox 296 5073 506 5198; x_wconf 58' lang='lat' dir='ltr'><strong><em>diuinis</em></strong></span> <span class='ocrx_word' id='word_1_503' title='bbox 544 5075 891 5144; x_wconf 77' lang='lat' dir='ltr'><strong><em>nominibus,</em></strong></span> <span class='ocrx_word' id='word_1_504' title='bbox 925 5090 1049 5145; x_wconf 90' lang='lat' dir='ltr'><strong><em>cap.</em></strong></span> <span class='ocrx_word' id='word_1_505' title='bbox 1083 5074 1106 5128; x_wconf 75' lang='lat' dir='ltr'><strong><em>l</em></strong></span> <span class='ocrx_word' id='word_1_506' title='bbox 1139 5093 1152 5142; x_wconf 88' lang='lat'><strong>;</strong></span> <span class='ocrx_word' id='word_1_507' title='bbox 1189 5075 1259 5130; x_wconf 87' lang='lat' dir='ltr'><strong><em>De</em></strong></span> <span class='ocrx_word' id='word_1_508' title='bbox 1289 5072 1530 5144; x_wconf 59' lang='lat' dir='ltr'><strong><em>inystica</em></strong></span> <span class='ocrx_word' id='word_1_509' title='bbox 1561 5072 1853 5141; x_wconf 80' lang='lat' dir='ltr'><strong><em>theologia,</em></strong></span> 
     </span>
     <span class='ocr_line' id='line_1_80' title="bbox 183 5161 420 5198; baseline -0.004 0"><span class='ocrx_word' id='word_1_510' title='bbox 183 5161 328 5198; x_wconf 83' lang='lat' dir='ltr'><strong><em>can.</em></strong></span> <span class='ocrx_word' id='word_1_511' title='bbox 409 5185 420 5197; x_wconf 95' lang='lat'><strong><em>.</em></strong></span> 
     </span>
    </p>
   </div>
   <div class='ocr_carea' id='block_1_78' title="bbox 180 5161 420 5212">
    <p class='ocr_par' dir='ltr' id='par_1_78' title="bbox 180 5161 420 5212">
     <span class='ocr_line' id='line_1_81' title="bbox 180 5161 420 5212; baseline -0.017 -11"><span class='ocrx_word' id='word_1_512' title='bbox 180 5161 328 5212; x_wconf 84' lang='lat' dir='ltr'><strong><em>cap.</em></strong></span> <span class='ocrx_word' id='word_1_513' title='bbox 366 5161 420 5198; x_wconf 86' lang='lat'><strong><em>1.</em></strong></span> 
     </span>
    </p>
   </div>
   <div class='ocr_carea' id='block_1_79' title="bbox 264 5212 1859 5286">
    <p class='ocr_par' dir='ltr' id='par_1_79' title="bbox 264 5212 1859 5286">
     <span class='ocr_line' id='line_1_82' title="bbox 264 5212 1859 5286; baseline -0.003 -15"><span class='ocrx_word' id='word_1_514' title='bbox 264 5215 379 5271; x_wconf 90' lang='lat' dir='ltr'><strong><em>Ubi</em></strong></span> <span class='ocrx_word' id='word_1_515' title='bbox 411 5219 570 5275; x_wconf 89' lang='lat' dir='ltr'><strong><em>nota.</em></strong></span> <span class='ocrx_word' id='word_1_516' title='bbox 605 5215 662 5271; x_wconf 89' lang='lat' dir='ltr'><strong><em>S.</em></strong></span> <span class='ocrx_word' id='word_1_517' title='bbox 697 5215 1043 5286; x_wconf 89' lang='lat' dir='ltr'><strong><em>Dionysium</em></strong></span> <span class='ocrx_word' id='word_1_518' title='bbox 1076 5215 1294 5285; x_wconf 90' lang='lat' dir='ltr'><strong><em>passim</em></strong></span> <span class='ocrx_word' id='word_1_519' title='bbox 1333 5214 1639 5286; x_wconf 86' lang='lat' dir='ltr'><strong><em>Timotheo</em></strong></span> <span class='ocrx_word' id='word_1_520' title='bbox 1674 5212 1859 5267; x_wconf 91' lang='lat' dir='ltr'><strong><em>incul-</em></strong></span> 
     </span>
    </p>
   </div>
   <div class='ocr_carea' id='block_1_80' title="bbox 177 5285 1856 5357">
    <p class='ocr_par' dir='ltr' id='par_1_80' title="bbox 177 5285 1856 5357">
     <span class='ocr_line' id='line_1_83' title="bbox 177 5285 1856 5357; baseline -0.001 -15"><span class='ocrx_word' id='word_1_521' title='bbox 177 5303 352 5352; x_wconf 88' lang='lat' dir='ltr'><strong><em>care,</em></strong></span> <span class='ocrx_word' id='word_1_522' title='bbox 377 5293 441 5343; x_wconf 90' lang='lat' dir='ltr'><strong><em>ut</em></strong></span> <span class='ocrx_word' id='word_1_523' title='bbox 471 5287 613 5343; x_wconf 91' lang='lat' dir='ltr'><strong><em>solis</em></strong></span> <span class='ocrx_word' id='word_1_524' title='bbox 643 5286 1011 5343; x_wconf 88' lang='lat' dir='ltr'><strong><em>antistitibus</em></strong></span> <span class='ocrx_word' id='word_1_525' title='bbox 1042 5288 1132 5342; x_wconf 89' lang='lat' dir='ltr'><strong><em>sui</em></strong></span> <span class='ocrx_word' id='word_1_526' title='bbox 1168 5286 1460 5343; x_wconf 90' lang='lat' dir='ltr'><strong><em>similibus</em></strong></span> <span class='ocrx_word' id='word_1_527' title='bbox 1492 5285 1612 5340; x_wconf 70' lang='lat' dir='ltr'><strong><em>haec</em></strong></span> <span class='ocrx_word' id='word_1_528' title='bbox 1638 5286 1856 5357; x_wconf 88' lang='lat' dir='ltr'><strong><em>scripta</em></strong></span> 
     </span>
    </p>
   </div>
   <div class='ocr_carea' id='block_1_81' title="bbox 183 5357 1854 5428">
    <p class='ocr_par' dir='ltr' id='par_1_81' title="bbox 183 5357 1854 5428">
     <span class='ocr_line' id='line_1_84' title="bbox 183 5357 1854 5428; baseline -0.002 -13"><span class='ocrx_word' id='word_1_529' title='bbox 183 5358 705 5426; x_wconf 88' lang='lat' dir='ltr'><strong><em>communicaret;</em></strong></span> <span class='ocrx_word' id='word_1_530' title='bbox 738 5362 795 5415; x_wconf 90' lang='lat' dir='ltr'><strong><em>et</em></strong></span> <span class='ocrx_word' id='word_1_531' title='bbox 825 5362 1109 5428; x_wconf 87' lang='lat' dir='ltr'><strong><em>tanquam</em></strong></span> <span class='ocrx_word' id='word_1_532' title='bbox 1144 5375 1358 5412; x_wconf 88' lang='lat' dir='ltr'><strong><em>arcana</em></strong></span> <span class='ocrx_word' id='word_1_533' title='bbox 1388 5357 1652 5428; x_wconf 69' lang='lat' dir='ltr'><strong><em>quaedam</em></strong></span> <span class='ocrx_word' id='word_1_534' title='bbox 1689 5374 1854 5412; x_wconf 83' lang='lat' dir='ltr'><strong><em>sacra</em></strong></span> 
     </span>
    </p>
   </div>
   <div class='ocr_carea' id='block_1_82' title="bbox 176 5429 1852 5501">
    <p class='ocr_par' dir='ltr' id='par_1_82' title="bbox 176 5429 1852 5501">
     <span class='ocr_line' id='line_1_85' title="bbox 176 5429 1852 5501; baseline -0.001 -17"><span class='ocrx_word' id='word_1_535' title='bbox 176 5431 370 5501; x_wconf 82' lang='lat' dir='ltr'><strong><em>vulgo</em></strong></span> <span class='ocrx_word' id='word_1_536' title='bbox 422 5431 724 5486; x_wconf 87' lang='lat' dir='ltr'><strong><em>inaccessa</em></strong></span> <span class='ocrx_word' id='word_1_537' title='bbox 775 5435 952 5501; x_wconf 89' lang='lat' dir='ltr'><strong><em>atque</em></strong></span> <span class='ocrx_word' id='word_1_538' title='bbox 1001 5429 1346 5485; x_wconf 88' lang='lat' dir='ltr'><strong><em>intemerata</em></strong></span> <span class='ocrx_word' id='word_1_539' title='bbox 1378 5437 1652 5485; x_wconf 86' lang='lat' dir='ltr'><strong><em>servaret.</em></strong></span> <span class='ocrx_word' id='word_1_540' title='bbox 1688 5429 1852 5492; x_wconf 91' lang='lat' dir='ltr'><strong><em>Quod</em></strong></span> 
     </span>
    </p>
   </div>
   <div class='ocr_carea' id='block_1_83' title="bbox 177 5501 1853 5582">
    <p class='ocr_par' dir='ltr' id='par_1_83' title="bbox 177 5501 1853 5582">
     <span class='ocr_line' id='line_1_86' title="bbox 177 5501 1853 5582; baseline -0.001 -26"><span class='ocrx_word' id='word_1_541' title='bbox 177 5519 309 5582; x_wconf 74' lang='lat' dir='ltr'><strong><em>non</em></strong></span> <span class='ocrx_word' id='word_1_542' title='bbox 347 5501 964 5582; x_wconf 52' lang='lat' dir='ltr'><strong><em>mirabiturguisquis</em></strong></span> <span class='ocrx_word' id='word_1_543' title='bbox 987 5519 1110 5582; x_wconf 39' lang='lat' dir='ltr'><strong><em>.non</em></strong></span> <span class='ocrx_word' id='word_1_544' title='bbox 1145 5501 1385 5572; x_wconf 84' lang='lat' dir='ltr'><strong><em>ignarus</em></strong></span> <span class='ocrx_word' id='word_1_545' title='bbox 1417 5504 1853 5582; x_wconf 33' lang='lat' dir='ltr'><strong><em>est,quam‘stu-</em></strong></span> 
     </span>
    </p>
   </div>
   <div class='ocr_carea' id='block_1_84' title="bbox 178 5572 1849 5644">
    <p class='ocr_par' dir='ltr' id='par_1_84' title="bbox 178 5572 1849 5644">
     <span class='ocr_line' id='line_1_87' title="bbox 178 5572 1849 5644; baseline -0.001 -16"><span class='ocrx_word' id='word_1_546' title='bbox 178 5573 362 5629; x_wconf 90' lang='lat' dir='ltr'><strong><em>diose</em></strong></span> <span class='ocrx_word' id='word_1_547' title='bbox 393 5572 451 5628; x_wconf 91' lang='lat' dir='ltr'><strong><em>in</em></strong></span> <span class='ocrx_word' id='word_1_548' title='bbox 487 5572 746 5628; x_wconf 87' lang='lat' dir='ltr'><strong><em>Ecclesia</em></strong></span> <span class='ocrx_word' id='word_1_549' title='bbox 778 5572 1074 5644; x_wconf 90' lang='lat' dir='ltr'><strong><em>primitiva</em></strong></span> <span class='ocrx_word' id='word_1_550' title='bbox 1117 5577 1634 5644; x_wconf 9' lang='lat' dir='ltr'><strong><em>sacramentorum,</em></strong></span> <span class='ocrx_word' id='word_1_551' title='bbox 1668 5576 1724 5627; x_wconf 88' lang='lat' dir='ltr'><strong><em>et</em></strong></span> <span class='ocrx_word' id='word_1_552' title='bbox 1753 5589 1849 5626; x_wconf 85' lang='lat' dir='ltr'><strong><em>sa-</em></strong></span> 
     </span>
    </p>
   </div>
   <div class='ocr_carea' id='block_1_85' title="bbox 178 5643 1850 5715">
    <p class='ocr_par' dir='ltr' id='par_1_85' title="bbox 178 5643 1850 5715">
     <span class='ocr_line' id='line_1_88' title="bbox 178 5643 1850 5715; baseline -0.001 -15"><span class='ocrx_word' id='word_1_553' title='bbox 178 5660 428 5700; x_wconf 88' lang='lat' dir='ltr'><strong><em>crarum</em></strong></span> <span class='ocrx_word' id='word_1_554' title='bbox 457 5645 938 5700; x_wconf 67' lang='lat' dir='ltr'><strong><em>casremoniarum</em></strong></span> <span class='ocrx_word' id='word_1_555' title='bbox 964 5644 1385 5715; x_wconf 73' lang='lat' dir='ltr'><strong><em>religionisque</em></strong></span> <span class='ocrx_word' id='word_1_556' title='bbox 1400 5643 1850 5715; x_wconf 85' lang='lat' dir='ltr'><strong><em>mysteria,non-</em></strong></span> 
     </span>
    </p>
   </div>
   <div class='ocr_carea' id='block_1_86' title="bbox 177 5714 1850 5788">
    <p class='ocr_par' dir='ltr' id='par_1_86' title="bbox 177 5714 1850 5788">
     <span class='ocr_line' id='line_1_89' title="bbox 177 5714 1850 5788; baseline -0.002 -16"><span class='ocrx_word' id='word_1_557' title='bbox 177 5718 334 5772; x_wconf 85' lang='lat' dir='ltr'><strong><em>dum</em></strong></span> <span class='ocrx_word' id='word_1_558' title='bbox 369 5715 620 5771; x_wconf 88' lang='lat' dir='ltr'><strong><em>initiatis</em></strong></span> <span class='ocrx_word' id='word_1_559' title='bbox 655 5734 722 5772; x_wconf 91' lang='lat' dir='ltr'><strong><em>ac</em></strong></span> <span class='ocrx_word' id='word_1_560' title='bbox 753 5715 1016 5788; x_wconf 82' lang='lat' dir='ltr'><strong><em>profanis</em></strong></span> <span class='ocrx_word' id='word_1_561' title='bbox 1047 5714 1391 5772; x_wconf 81' lang='lat' dir='ltr'><strong><em>hominibus</em></strong></span> <span class='ocrx_word' id='word_1_562' title='bbox 1423 5714 1706 5772; x_wconf 89' lang='lat' dir='ltr'><strong><em>abscondi</em></strong></span> <span class='ocrx_word' id='word_1_563' title='bbox 1739 5714 1850 5772; x_wconf 89' lang='lat' dir='ltr'><strong><em>sol-</em></strong></span> 
     </span>
    </p>
   </div>
   <div class='ocr_carea' id='block_1_87' title="bbox 261 5838 805 5914">
    <p class='ocr_par' dir='ltr' id='par_1_87' title="bbox 261 5838 805 5914">
     <span class='ocr_line' id='line_1_90' title="bbox 261 5838 805 5914; baseline -0.002 -16"><span class='ocrx_word' id='word_1_564' title='bbox 261 5839 344 5914; x_wconf 87' lang='lat' dir='ltr'><strong><em>(a)</em></strong></span> <span class='ocrx_word' id='word_1_565' title='bbox 377 5838 586 5897; x_wconf 85' lang='lat' dir='ltr'><strong><em>Matth.</em></strong></span> <span class='ocrx_word' id='word_1_566' title='bbox 619 5856 721 5908; x_wconf 85' lang='lat' dir='ltr'><strong><em>vn,</em></strong></span> <span class='ocrx_word' id='word_1_567' title='bbox 751 5841 805 5897; x_wconf 91' lang='lat'><strong><em>6.</em></strong></span> 
     </span>
    </p>
   </div>
   <div class='ocr_carea' id='block_1_88' title="bbox 1974 3859 3612 3934">
    <p class='ocr_par' dir='ltr' id='par_1_88' title="bbox 1974 3859 3612 3934">
     <span class='ocr_line' id='line_1_91' title="bbox 1974 3859 3612 3934; baseline 0 -20"><span class='ocrx_word' id='word_1_568' title='bbox 1974 3859 2233 3934; x_wconf 75' lang='lat' dir='ltr'><strong><em>talogum</em></strong></span> <span class='ocrx_word' id='word_1_569' title='bbox 2277 3861 2413 3916; x_wconf 91' lang='lat' dir='ltr'><strong><em>olim</em></strong></span> <span class='ocrx_word' id='word_1_570' title='bbox 2465 3863 2652 3918; x_wconf 89' lang='lat' dir='ltr'><strong><em>sancti</em></strong></span> <span class='ocrx_word' id='word_1_571' title='bbox 2683 3860 2957 3934; x_wconf 82' lang='lat' dir='ltr'><strong><em>Dionysii</em></strong></span> <span class='ocrx_word' id='word_1_572' title='bbox 3008 3862 3201 3934; x_wconf 71' lang='lat' dir='ltr'><strong><em>Opera</em></strong></span> <span class='ocrx_word' id='word_1_573' title='bbox 3250 3876 3364 3916; x_wconf 91' lang='lat' dir='ltr'><strong><em>non</em></strong></span> <span class='ocrx_word' id='word_1_574' title='bbox 3397 3859 3612 3934; x_wconf 81' lang='lat' dir='ltr'><strong><em>iuerint</em></strong></span> 
     </span>
    </p>
   </div>
   <div class='ocr_carea' id='block_1_89' title="bbox 1971 3930 3611 4004">
    <p class='ocr_par' dir='ltr' id='par_1_89' title="bbox 1971 3930 3611 4004">
     <span class='ocr_line' id='line_1_92' title="bbox 1971 3930 3611 4004; baseline -0.001 -18"><span class='ocrx_word' id='word_1_575' title='bbox 1971 3933 2288 4004; x_wconf 84' lang='lat' dir='ltr'><strong><em>recensita.</em></strong></span> <span class='ocrx_word' id='word_1_576' title='bbox 2311 3935 2632 4004; x_wconf 79' lang='lat' dir='ltr'><strong><em>Conﬁrmat</em></strong></span> <span class='ocrx_word' id='word_1_577' title='bbox 2681 3933 2832 3989; x_wconf 87' lang='lat' dir='ltr'><strong><em>hanc</em></strong></span> <span class='ocrx_word' id='word_1_578' title='bbox 2853 3930 3198 4004; x_wconf 47' lang='lat' dir='ltr'><strong><em>&#39;opinio&#39;nem</em></strong></span> <span class='ocrx_word' id='word_1_579' title='bbox 3235 3947 3423 4004; x_wconf 89' lang='lat' dir='ltr'><strong><em>meam</em></strong></span> <span class='ocrx_word' id='word_1_580' title='bbox 3455 3930 3611 4002; x_wconf 87' lang='lat' dir='ltr'><strong><em>epis-</em></strong></span> 
     </span>
    </p>
   </div>
   <div class='ocr_carea' id='block_1_90' title="bbox 1967 4002 3610 4076">
    <p class='ocr_par' dir='ltr' id='par_1_90' title="bbox 1967 4002 3610 4076">
     <span class='ocr_line' id='line_1_93' title="bbox 1967 4002 3610 4076; baseline 0 -19"><span class='ocrx_word' id='word_1_581' title='bbox 1967 4002 2108 4076; x_wconf 80' lang='lat' dir='ltr'><strong><em>tola</em></strong></span> <span class='ocrx_word' id='word_1_582' title='bbox 2134 4003 2546 4076; x_wconf 66' lang='lat' dir='ltr'><strong><em>Njcolaipapas</em></strong></span> <span class='ocrx_word' id='word_1_583' title='bbox 2579 4005 2647 4076; x_wconf 90' lang='lat' dir='ltr'><strong><em>ad</em></strong></span> <span class='ocrx_word' id='word_1_584' title='bbox 2681 4002 2948 4076; x_wconf 80' lang='lat' dir='ltr'><strong><em>Carolum</em></strong></span> <span class='ocrx_word' id='word_1_585' title='bbox 2988 4004 3252 4076; x_wconf 89' lang='lat' dir='ltr'><strong><em>Calvum,</em></strong></span> <span class='ocrx_word' id='word_1_586' title='bbox 3287 4003 3459 4076; x_wconf 87' lang='lat' dir='ltr'><strong><em>cujus</em></strong></span> <span class='ocrx_word' id='word_1_587' title='bbox 3489 4018 3610 4076; x_wconf 87' lang='lat' dir='ltr'><strong><em>me-</em></strong></span> 
     </span>
    </p>
   </div>
   <div class='ocr_carea' id='block_1_91' title="bbox 1969 4073 3611 4141">
    <p class='ocr_par' dir='ltr' id='par_1_91' title="bbox 1969 4073 3611 4141">
     <span class='ocr_line' id='line_1_94' title="bbox 1969 4073 3611 4141; baseline 0.001 -14"><span class='ocrx_word' id='word_1_588' title='bbox 1969 4073 2141 4128; x_wconf 90' lang='lat' dir='ltr'><strong><em>minit</em></strong></span> <span class='ocrx_word' id='word_1_589' title='bbox 2171 4073 2529 4131; x_wconf 43' lang='lat' dir='ltr'><strong><em>Baronius—t.</em></strong></span> <span class='ocrx_word' id='word_1_590' title='bbox 2563 4075 2630 4141; x_wconf 89' lang='lat' dir='ltr'><strong><em>X,</em></strong></span> <span class='ocrx_word' id='word_1_591' title='bbox 2660 4093 2813 4131; x_wconf 89' lang='lat' dir='ltr'><strong><em>anno</em></strong></span> <span class='ocrx_word' id='word_1_592' title='bbox 2865 4075 3078 4131; x_wconf 86' lang='lat' dir='ltr'><strong><em>Christi</em></strong></span> <span class='ocrx_word' id='word_1_593' title='bbox 3107 4075 3232 4131; x_wconf 90' lang='lat'><strong><em>878.</em></strong></span> <span class='ocrx_word' id='word_1_594' title='bbox 3275 4073 3418 4130; x_wconf 87' lang='lat' dir='ltr'><strong><em>Cum</em></strong></span> <span class='ocrx_word' id='word_1_595' title='bbox 3452 4074 3611 4129; x_wconf 87' lang='lat' dir='ltr'><strong><em>enim</em></strong></span> 
     </span>
    </p>
   </div>
   <div class='ocr_carea' id='block_1_92' title="bbox 1967 4145 3615 4219">
    <p class='ocr_par' dir='ltr' id='par_1_92' title="bbox 1967 4145 3615 4219">
     <span class='ocr_line' id='line_1_95' title="bbox 1967 4145 3615 4219; baseline 0 -20"><span class='ocrx_word' id='word_1_596' title='bbox 1967 4145 2222 4219; x_wconf 84' lang='lat' dir='ltr'><strong><em>Joannes</em></strong></span> <span class='ocrx_word' id='word_1_597' title='bbox 2253 4147 2462 4202; x_wconf 88' lang='lat' dir='ltr'><strong><em>Scotus</em></strong></span> <span class='ocrx_word' id='word_1_598' title='bbox 2493 4148 2739 4219; x_wconf 82' lang='lat' dir='ltr'><strong><em>Erigena</em></strong></span> <span class='ocrx_word' id='word_1_599' title='bbox 2773 4146 3020 4202; x_wconf 84' lang='lat' dir='ltr'><strong><em>Athenis</em></strong></span> <span class='ocrx_word' id='word_1_600' title='bbox 3051 4145 3398 4219; x_wconf 83' lang='lat' dir='ltr'><strong><em>studuisset,</em></strong></span> <span class='ocrx_word' id='word_1_601' title='bbox 3420 4151 3477 4201; x_wconf 91' lang='lat' dir='ltr'><strong><em>et</em></strong></span> <span class='ocrx_word' id='word_1_602' title='bbox 3509 4146 3615 4219; x_wconf 76' lang='lat' dir='ltr'><strong><em>ibi-</em></strong></span> 
     </span>
    </p>
   </div>
   <div class='ocr_carea' id='block_1_93' title="bbox 1969 4216 3610 4301">
    <p class='ocr_par' dir='ltr' id='par_1_93' title="bbox 1969 4216 3610 4301">
     <span class='ocr_line' id='line_1_96' title="bbox 1969 4216 3610 4301; baseline 0 -29"><span class='ocrx_word' id='word_1_603' title='bbox 1969 4218 2126 4301; x_wconf 65' lang='lat' dir='ltr'><strong><em>dem,</em></strong></span> <span class='ocrx_word' id='word_1_604' title='bbox 2179 4219 2524 4301; x_wconf 47' lang='lat' dir='ltr'><strong><em>utincurioso</em></strong></span> <span class='ocrx_word' id='word_1_605' title='bbox 2559 4216 2697 4301; x_wconf 63' lang='lat' dir='ltr'><strong><em>erat</em></strong></span> <span class='ocrx_word' id='word_1_606' title='bbox 2739 4219 2994 4301; x_wconf 70' lang='lat' dir='ltr'><strong><em>ingenio,</em></strong></span> <span class='ocrx_word' id='word_1_607' title='bbox 3026 4216 3325 4290; x_wconf 83' lang='lat' dir='ltr'><strong><em>exemplar</em></strong></span> <span class='ocrx_word' id='word_1_608' title='bbox 3376 4217 3610 4301; x_wconf 88' lang='lat' dir='ltr'><strong><em>aliquod</em></strong></span> 
     </span>
    </p>
   </div>
   <div class='ocr_carea' id='block_1_94' title="bbox 1969 4287 3612 4362">
    <p class='ocr_par' dir='ltr' id='par_1_94' title="bbox 1969 4287 3612 4362">
     <span class='ocr_line' id='line_1_97' title="bbox 1969 4287 3612 4362; baseline 0.001 -19"><span class='ocrx_word' id='word_1_609' title='bbox 1969 4287 2232 4362; x_wconf 72' lang='lat' dir='ltr'><strong><em>Graecum</em></strong></span> <span class='ocrx_word' id='word_1_610' title='bbox 2267 4290 2594 4362; x_wconf 89' lang='lat' dir='ltr'><strong><em>S.Dionysii</em></strong></span> <span class='ocrx_word' id='word_1_611' title='bbox 2625 4287 3033 4360; x_wconf 79' lang='lat' dir='ltr'><strong><em>investigando</em></strong></span> <span class='ocrx_word' id='word_1_612' title='bbox 3065 4287 3277 4362; x_wconf 73' lang='lat' dir='ltr'><strong><em>nactus</em></strong></span> <span class='ocrx_word' id='word_1_613' title='bbox 3308 4293 3612 4362; x_wconf 76' lang='lat' dir='ltr'><strong><em>esset,_sua</em></strong></span> 
     </span>
    </p>
   </div>
   <div class='ocr_carea' id='block_1_95' title="bbox 1969 4359 3616 4432">
    <p class='ocr_par' dir='ltr' id='par_1_95' title="bbox 1969 4359 3616 4432">
     <span class='ocr_line' id='line_1_98' title="bbox 1969 4359 3616 4432; baseline 0 -18"><span class='ocrx_word' id='word_1_614' title='bbox 1969 4377 2146 4414; x_wconf 91' lang='lat' dir='ltr'><strong><em>manu</em></strong></span> <span class='ocrx_word' id='word_1_615' title='bbox 2180 4360 2326 4415; x_wconf 89' lang='lat' dir='ltr'><strong><em>clam</em></strong></span> <span class='ocrx_word' id='word_1_616' title='bbox 2361 4359 2719 4432; x_wconf 80' lang='lat' dir='ltr'><strong><em>descriptum</em></strong></span> <span class='ocrx_word' id='word_1_617' title='bbox 2752 4377 2951 4417; x_wconf 89' lang='lat' dir='ltr'><strong><em>secum</em></strong></span> <span class='ocrx_word' id='word_1_618' title='bbox 2987 4363 3041 4416; x_wconf 91' lang='lat' dir='ltr'><strong><em>in</em></strong></span> <span class='ocrx_word' id='word_1_619' title='bbox 3076 4361 3293 4417; x_wconf 90' lang='lat' dir='ltr'><strong><em>Gallias</em></strong></span> <span class='ocrx_word' id='word_1_620' title='bbox 3324 4359 3616 4432; x_wconf 83' lang='lat' dir='ltr'><strong><em>detulit,et</em></strong></span> 
     </span>
    </p>
   </div>
   <div class='ocr_carea' id='block_1_96' title="bbox 1967 4429 3615 4503">
    <p class='ocr_par' dir='ltr' id='par_1_96' title="bbox 1967 4429 3615 4503">
     <span class='ocr_line' id='line_1_99' title="bbox 1967 4429 3615 4503; baseline -0.002 -17"><span class='ocrx_word' id='word_1_621' title='bbox 1967 4448 2000 4486; x_wconf 92' lang='lat' dir='ltr'><strong><em>a</em></strong></span> <span class='ocrx_word' id='word_1_622' title='bbox 2030 4447 2094 4486; x_wconf 89' lang='lat' dir='ltr'><strong><em>se</em></strong></span> <span class='ocrx_word' id='word_1_623' title='bbox 2126 4433 2326 4487; x_wconf 89' lang='lat' dir='ltr'><strong><em>Latine</em></strong></span> <span class='ocrx_word' id='word_1_624' title='bbox 2375 4429 2825 4503; x_wconf 80' lang='lat' dir='ltr'><strong><em>interpretatum</em></strong></span> <span class='ocrx_word' id='word_1_625' title='bbox 2874 4433 3077 4490; x_wconf 88' lang='lat' dir='ltr'><strong><em>Carolo</em></strong></span> <span class='ocrx_word' id='word_1_626' title='bbox 3126 4432 3294 4487; x_wconf 89' lang='lat' dir='ltr'><strong><em>Calvo</em></strong></span> <span class='ocrx_word' id='word_1_627' title='bbox 3325 4429 3615 4503; x_wconf 79' lang='lat' dir='ltr'><strong><em>dedicavit</em></strong></span> 
     </span>
    </p>
   </div>
   <div class='ocr_carea' id='block_1_97' title="bbox 1967 4501 3613 4585">
    <p class='ocr_par' dir='ltr' id='par_1_97' title="bbox 1967 4501 3613 4585">
     <span class='ocr_line' id='line_1_100' title="bbox 1967 4501 3613 4585; baseline -0.001 -29"><span class='ocrx_word' id='word_1_628' title='bbox 1967 4518 2033 4585; x_wconf 68' lang='lat' dir='ltr'><strong><em>ac</em></strong></span> <span class='ocrx_word' id='word_1_629' title='bbox 2095 4503 2432 4585; x_wconf 45' lang='lat' dir='ltr'><strong><em>publicavit:</em></strong></span> <span class='ocrx_word' id='word_1_630' title='bbox 2490 4501 2607 4585; x_wconf 73' lang='lat' dir='ltr'><strong><em>iloc</em></strong></span> <span class='ocrx_word' id='word_1_631' title='bbox 2664 4504 3304 4585; x_wconf 39' lang='lat' dir='ltr'><strong><em>intellecto,.Nicolaus</em></strong></span> <span class='ocrx_word' id='word_1_632' title='bbox 3357 4501 3613 4585; x_wconf 76' lang='lat' dir='ltr'><strong><em>pontifex</em></strong></span> 
     </span>
    </p>
   </div>
   <div class='ocr_carea' id='block_1_98' title="bbox 1965 4572 3610 4645">
    <p class='ocr_par' dir='ltr' id='par_1_98' title="bbox 1965 4572 3610 4645">
     <span class='ocr_line' id='line_1_101' title="bbox 1965 4572 3610 4645; baseline -0.001 -18"><span class='ocrx_word' id='word_1_633' title='bbox 1965 4572 2432 4645; x_wconf 83' lang='lat' dir='ltr'><strong><em>Maximus,quod</em></strong></span> <span class='ocrx_word' id='word_1_634' title='bbox 2460 4576 2737 4632; x_wconf 89' lang='lat' dir='ltr'><strong><em>nimirum</em></strong></span> <span class='ocrx_word' id='word_1_635' title='bbox 2764 4575 2874 4629; x_wconf 84' lang='lat' dir='ltr'><strong><em>sub</em></strong></span> <span class='ocrx_word' id='word_1_636' title='bbox 2901 4575 3053 4645; x_wconf 86' lang='lat' dir='ltr'><strong><em>regis</em></strong></span> <span class='ocrx_word' id='word_1_637' title='bbox 3072 4573 3266 4628; x_wconf 63' lang='lat' dir='ltr'><strong><em>Gallias</em></strong></span> <span class='ocrx_word' id='word_1_638' title='bbox 3289 4572 3610 4645; x_wconf 85' lang='lat' dir='ltr'><strong><em>patrocinio</em></strong></span> 
     </span>
    </p>
   </div>
   <div class='ocr_carea' id='block_1_99' title="bbox 1968 4643 3608 4718">
    <p class='ocr_par' dir='ltr' id='par_1_99' title="bbox 1968 4643 3608 4718">
     <span class='ocr_line' id='line_1_102' title="bbox 1968 4643 3608 4718; baseline -0.001 -19"><span class='ocrx_word' id='word_1_639' title='bbox 1968 4646 2025 4699; x_wconf 91' lang='lat' dir='ltr'><strong><em>S.</em></strong></span> <span class='ocrx_word' id='word_1_640' title='bbox 2057 4643 2320 4717; x_wconf 87' lang='lat' dir='ltr'><strong><em>Dionysii</em></strong></span> <span class='ocrx_word' id='word_1_641' title='bbox 2353 4647 2562 4718; x_wconf 78' lang='lat' dir='ltr'><strong><em>Opera,</em></strong></span> <span class='ocrx_word' id='word_1_642' title='bbox 2592 4665 2717 4715; x_wconf 70' lang='lat' dir='ltr'><strong><em>quae</em></strong></span> <span class='ocrx_word' id='word_1_643' title='bbox 2751 4643 3035 4718; x_wconf 77' lang='lat' dir='ltr'><strong><em>hactenus</em></strong></span> <span class='ocrx_word' id='word_1_644' title='bbox 3088 4646 3144 4699; x_wconf 94' lang='lat' dir='ltr'><strong><em>in</em></strong></span> <span class='ocrx_word' id='word_1_645' title='bbox 3188 4643 3446 4718; x_wconf 81' lang='lat' dir='ltr'><strong><em>Ecclesia</em></strong></span> <span class='ocrx_word' id='word_1_646' title='bbox 3476 4649 3608 4718; x_wconf 84' lang='lat' dir='ltr'><strong><em>tan-</em></strong></span> 
     </span>
    </p>
   </div>
   <div class='ocr_carea' id='block_1_100' title="bbox 1967 4714 3609 4790">
    <p class='ocr_par' dir='ltr' id='par_1_100' title="bbox 1967 4714 3609 4790">
     <span class='ocr_line' id='line_1_103' title="bbox 1967 4714 3609 4790; baseline -0.003 -18"><span class='ocrx_word' id='word_1_647' title='bbox 1967 4733 2142 4790; x_wconf 85' lang='lat' dir='ltr'><strong><em>quam</em></strong></span> <span class='ocrx_word' id='word_1_648' title='bbox 2175 4714 3038 4790; x_wconf 53' lang='lat' dir='ltr'><strong><em>sacrunfquoddamaszprjltcv</em></strong></span> <span class='ocrx_word' id='word_1_649' title='bbox 3059 4717 3208 4790; x_wconf 82' lang='lat' dir='ltr'><strong><em>apud</em></strong></span> <span class='ocrx_word' id='word_1_650' title='bbox 3235 4731 3431 4771; x_wconf 88' lang='lat' dir='ltr'><strong><em>sacros</em></strong></span> <span class='ocrx_word' id='word_1_651' title='bbox 3461 4715 3609 4768; x_wconf 86' lang='lat' dir='ltr'><strong><em>anti-</em></strong></span> 
     </span>
    </p>
   </div>
   <div class='ocr_carea' id='block_1_101' title="bbox 1966 4788 3608 4860">
    <p class='ocr_par' dir='ltr' id='par_1_101' title="bbox 1966 4788 3608 4860">
     <span class='ocr_line' id='line_1_104' title="bbox 1966 4788 3608 4860; baseline -0.002 -18"><span class='ocrx_word' id='word_1_652' title='bbox 1966 4788 2133 4843; x_wconf 89' lang='lat' dir='ltr'><strong><em>stites</em></strong></span> <span class='ocrx_word' id='word_1_653' title='bbox 2164 4788 2867 4860; x_wconf 87' lang='lat' dir='ltr'><strong><em>asservabantur.publici</em></strong></span> <span class='ocrx_word' id='word_1_654' title='bbox 2886 4789 3038 4854; x_wconf 85' lang='lat' dir='ltr'><strong><em>juris</em></strong></span> <span class='ocrx_word' id='word_1_655' title='bbox 3061 4788 3212 4860; x_wconf 83' lang='lat' dir='ltr'><strong><em>facta</em></strong></span> <span class='ocrx_word' id='word_1_656' title='bbox 3241 4791 3439 4842; x_wconf 90' lang='lat' dir='ltr'><strong><em>essent</em></strong></span> <span class='ocrx_word' id='word_1_657' title='bbox 3458 4800 3608 4860; x_wconf 68' lang='lat' dir='ltr'><strong><em>aegre</em></strong></span> 
     </span>
    </p>
   </div>
   <div class='ocr_carea' id='block_1_102' title="bbox 1967 4858 3606 4930">
    <p class='ocr_par' dir='ltr' id='par_1_102' title="bbox 1967 4858 3606 4930">
     <span class='ocr_line' id='line_1_105' title="bbox 1967 4858 3606 4930; baseline -0.001 -16"><span class='ocrx_word' id='word_1_658' title='bbox 1967 4860 2213 4930; x_wconf 89' lang='lat' dir='ltr'><strong><em>tulit,uti</em></strong></span> <span class='ocrx_word' id='word_1_659' title='bbox 2250 4877 2353 4930; x_wconf 88' lang='lat' dir='ltr'><strong><em>par</em></strong></span> <span class='ocrx_word' id='word_1_660' title='bbox 2381 4867 2488 4929; x_wconf 91' lang='lat' dir='ltr'><strong><em>est,</em></strong></span> <span class='ocrx_word' id='word_1_661' title='bbox 2515 4877 2577 4914; x_wconf 88' lang='lat' dir='ltr'><strong><em>se</em></strong></span> <span class='ocrx_word' id='word_1_662' title='bbox 2608 4858 2937 4914; x_wconf 85' lang='lat' dir='ltr'><strong><em>inconsulto</em></strong></span> <span class='ocrx_word' id='word_1_663' title='bbox 2969 4864 3026 4914; x_wconf 91' lang='lat' dir='ltr'><strong><em>et</em></strong></span> <span class='ocrx_word' id='word_1_664' title='bbox 3055 4859 3298 4914; x_wconf 89' lang='lat' dir='ltr'><strong><em>minime</em></strong></span> <span class='ocrx_word' id='word_1_665' title='bbox 3324 4858 3606 4927; x_wconf 82' lang='lat' dir='ltr'><strong><em>requisito</em></strong></span> 
     </span>
    </p>
   </div>
   <div class='ocr_carea' id='block_1_103' title="bbox 1965 4929 3606 4992">
    <p class='ocr_par' dir='ltr' id='par_1_103' title="bbox 1965 4929 3606 4992">
     <span class='ocr_line' id='line_1_106' title="bbox 1965 4929 3606 4992; baseline -0.001 -9"><span class='ocrx_word' id='word_1_666' title='bbox 1965 4929 2019 4983; x_wconf 88' lang='lat' dir='ltr'><strong><em>id</em></strong></span> <span class='ocrx_word' id='word_1_667' title='bbox 2046 4929 2264 4984; x_wconf 87' lang='lat' dir='ltr'><strong><em>factum</em></strong></span> <span class='ocrx_word' id='word_1_668' title='bbox 2308 4936 2364 4985; x_wconf 91' lang='lat' dir='ltr'><strong><em>et</em></strong></span> <span class='ocrx_word' id='word_1_669' title='bbox 2389 4948 2536 4986; x_wconf 88' lang='lat' dir='ltr'><strong><em>ausu</em></strong></span> <span class='ocrx_word' id='word_1_670' title='bbox 2571 4931 2880 4986; x_wconf 88' lang='lat' dir='ltr'><strong><em>temerario</em></strong></span> <span class='ocrx_word' id='word_1_671' title='bbox 2914 4935 3200 4985; x_wconf 83' lang='lat' dir='ltr'><strong><em>tentatum</em></strong></span> <span class='ocrx_word' id='word_1_672' title='bbox 3233 4945 3386 4992; x_wconf 86' lang='lat' dir='ltr'><strong><em>esse,</em></strong></span> <span class='ocrx_word' id='word_1_673' title='bbox 3416 4934 3472 4983; x_wconf 89' lang='lat' dir='ltr'><strong><em>et</em></strong></span> <span class='ocrx_word' id='word_1_674' title='bbox 3499 4931 3606 4984; x_wconf 88' lang='lat' dir='ltr'><strong><em>Ca-</em></strong></span> 
     </span>
    </p>
   </div>
   <div class='ocr_carea' id='block_1_104' title="bbox 1966 5000 3606 5071">
    <p class='ocr_par' dir='ltr' id='par_1_104' title="bbox 1966 5000 3606 5071">
     <span class='ocr_line' id='line_1_107' title="bbox 1966 5000 3606 5071; baseline 0.001 -17"><span class='ocrx_word' id='word_1_675' title='bbox 1966 5000 2154 5056; x_wconf 86' lang='lat' dir='ltr'><strong><em>rolum</em></strong></span> <span class='ocrx_word' id='word_1_676' title='bbox 2189 5017 2383 5071; x_wconf 83' lang='lat' dir='ltr'><strong><em>regem</em></strong></span> <span class='ocrx_word' id='word_1_677' title='bbox 2414 5001 2509 5055; x_wconf 86' lang='lat' dir='ltr'><strong><em>his</em></strong></span> <span class='ocrx_word' id='word_1_678' title='bbox 2546 5002 2742 5057; x_wconf 86' lang='lat' dir='ltr'><strong><em>verbis</em></strong></span> <span class='ocrx_word' id='word_1_679' title='bbox 2770 5002 3080 5057; x_wconf 88' lang='lat' dir='ltr'><strong><em>admonuit</em></strong></span> <span class='ocrx_word' id='word_1_680' title='bbox 3111 5018 3123 5056; x_wconf 90' lang='lat'>:</span> <span class='ocrx_word' id='word_1_681' title='bbox 3159 5023 3186 5050; x_wconf 88' lang='lat'><strong>«</strong></span> <span class='ocrx_word' id='word_1_682' title='bbox 3216 5000 3484 5055; x_wconf 80' lang='lat' dir='ltr'><strong><em>Relatum</em></strong></span> <span class='ocrx_word' id='word_1_683' title='bbox 3516 5004 3606 5055; x_wconf 90' lang='lat' dir='ltr'><strong><em>est</em></strong></span> 
     </span>
    </p>
   </div>
   <div class='ocr_carea' id='block_1_105' title="bbox 1968 5071 3608 5144">
    <p class='ocr_par' dir='ltr' id='par_1_105' title="bbox 1968 5071 3608 5144">
     <span class='ocr_line' id='line_1_108' title="bbox 1968 5071 3608 5144; baseline -0.001 -17"><span class='ocrx_word' id='word_1_684' title='bbox 1968 5071 2323 5142; x_wconf 88' lang='lat' dir='ltr'><strong><em>apostolatui</em></strong></span> <span class='ocrx_word' id='word_1_685' title='bbox 2357 5078 2581 5133; x_wconf 83' lang='lat' dir='ltr'><strong><em>nostro.</em></strong></span> <span class='ocrx_word' id='word_1_686' title='bbox 2604 5073 2754 5142; x_wconf 87' lang='lat' dir='ltr'><strong><em>quod</em></strong></span> <span class='ocrx_word' id='word_1_687' title='bbox 2787 5073 2946 5144; x_wconf 91' lang='lat' dir='ltr'><strong><em>Opus</em></strong></span> <span class='ocrx_word' id='word_1_688' title='bbox 2977 5073 3128 5128; x_wconf 89' lang='lat' dir='ltr'><strong><em>beati</em></strong></span> <span class='ocrx_word' id='word_1_689' title='bbox 3148 5071 3405 5144; x_wconf 83' lang='lat' dir='ltr'><strong><em>Dionysii</em></strong></span> <span class='ocrx_word' id='word_1_690' title='bbox 3438 5071 3608 5144; x_wconf 83' lang='lat' dir='ltr'><strong><em>Areo-</em></strong></span> 
     </span>
    </p>
   </div>
   <div class='ocr_carea' id='block_1_106' title="bbox 1888 5142 3608 5225">
    <p class='ocr_par' dir='ltr' id='par_1_106' title="bbox 1888 5142 3608 5225">
     <span class='ocr_line' id='line_1_109' title="bbox 1888 5142 3608 5225; baseline -0.001 -27"><span class='ocrx_word' id='word_1_691' title='bbox 1888 5161 1933 5225; x_wconf 73' lang='grc' dir='ltr'><strong><em>Ι)</em></strong></span> <span class='ocrx_word' id='word_1_692' title='bbox 1967 5143 2196 5225; x_wconf 46' lang='lat' dir='ltr'><strong><em>pagina,</em></strong></span> <span class='ocrx_word' id='word_1_693' title='bbox 2227 5145 2378 5225; x_wconf 70' lang='lat' dir='ltr'><strong><em>quod</em></strong></span> <span class='ocrx_word' id='word_1_694' title='bbox 2411 5145 2482 5199; x_wconf 90' lang='lat' dir='ltr'><strong><em>de</em></strong></span> <span class='ocrx_word' id='word_1_695' title='bbox 2513 5144 2727 5225; x_wconf 68' lang='lat' dir='ltr'><strong><em>divinis</em></strong></span> <span class='ocrx_word' id='word_1_696' title='bbox 2755 5142 3240 5225; x_wconf 33' lang='lat' dir='ltr'><strong><em>nominibusavel</em></strong></span> <span class='ocrx_word' id='word_1_697' title='bbox 3273 5142 3608 5225; x_wconf 60' lang='lat' dir='ltr'><strong><em>coalestibus</em></strong></span> 
     </span>
    </p>
   </div>
   <div class='ocr_carea' id='block_1_107' title="bbox 1965 5213 3608 5285">
    <p class='ocr_par' dir='ltr' id='par_1_107' title="bbox 1965 5213 3608 5285">
     <span class='ocr_line' id='line_1_110' title="bbox 1965 5213 3608 5285; baseline -0.001 -17"><span class='ocrx_word' id='word_1_698' title='bbox 1965 5213 2272 5270; x_wconf 62' lang='lat' dir='ltr'><strong><em>ordinibus</em></strong></span> <span class='ocrx_word' id='word_1_699' title='bbox 2328 5219 2523 5271; x_wconf 75' lang='lat' dir='ltr'><strong><em>Graeco</em></strong></span> <span class='ocrx_word' id='word_1_700' title='bbox 2582 5215 2894 5284; x_wconf 87' lang='lat' dir='ltr'><strong><em>descripsit</em></strong></span> <span class='ocrx_word' id='word_1_701' title='bbox 2946 5215 3202 5285; x_wconf 88' lang='lat' dir='ltr'><strong><em>eloquio,</em></strong></span> <span class='ocrx_word' id='word_1_702' title='bbox 3234 5215 3473 5284; x_wconf 90' lang='lat' dir='ltr'><strong><em>quidam</em></strong></span> <span class='ocrx_word' id='word_1_703' title='bbox 3521 5213 3608 5268; x_wconf 91' lang='lat' dir='ltr'><strong><em>vir</em></strong></span> 
     </span>
    </p>
   </div>
   <div class='ocr_carea' id='block_1_108' title="bbox 1962 5286 3604 5358">
    <p class='ocr_par' dir='ltr' id='par_1_108' title="bbox 1962 5286 3604 5358">
     <span class='ocr_line' id='line_1_111' title="bbox 1962 5286 3604 5358; baseline -0.001 -17"><span class='ocrx_word' id='word_1_704' title='bbox 1962 5286 2224 5358; x_wconf 81' lang='lat' dir='ltr'><strong><em>Joannes</em></strong></span> <span class='ocrx_word' id='word_1_705' title='bbox 2249 5287 2458 5343; x_wconf 88' lang='lat' dir='ltr'><strong><em>Scotus</em></strong></span> <span class='ocrx_word' id='word_1_706' title='bbox 2491 5303 2916 5358; x_wconf 86' lang='lat' dir='ltr'><strong><em>genere,nuper</em></strong></span> <span class='ocrx_word' id='word_1_707' title='bbox 2947 5289 3004 5342; x_wconf 92' lang='lat' dir='ltr'><strong><em>in</em></strong></span> <span class='ocrx_word' id='word_1_708' title='bbox 3037 5288 3309 5342; x_wconf 90' lang='lat' dir='ltr'><strong><em>Latinum</em></strong></span> <span class='ocrx_word' id='word_1_709' title='bbox 3341 5289 3604 5358; x_wconf 87' lang='lat' dir='ltr'><strong><em>transtu-</em></strong></span> 
     </span>
    </p>
   </div>
   <div class='ocr_carea' id='block_1_109' title="bbox 1962 5357 3605 5427">
    <p class='ocr_par' dir='ltr' id='par_1_109' title="bbox 1962 5357 3605 5427">
     <span class='ocr_line' id='line_1_112' title="bbox 1962 5357 3605 5427; baseline 0.001 -16"><span class='ocrx_word' id='word_1_710' title='bbox 1962 5357 2112 5412; x_wconf 90' lang='lat' dir='ltr'><strong><em>lerit.</em></strong></span> <span class='ocrx_word' id='word_1_711' title='bbox 2148 5360 2309 5420; x_wconf 81' lang='lat' dir='ltr'><strong><em>Quod</em></strong></span> <span class='ocrx_word' id='word_1_712' title='bbox 2340 5357 2511 5424; x_wconf 82' lang='lat' dir='ltr'><strong><em>juxta</em></strong></span> <span class='ocrx_word' id='word_1_713' title='bbox 2535 5374 2755 5413; x_wconf 88' lang='lat' dir='ltr'><strong><em>morem</em></strong></span> <span class='ocrx_word' id='word_1_714' title='bbox 2793 5359 2961 5414; x_wconf 90' lang='lat' dir='ltr'><strong><em>nobis</em></strong></span> <span class='ocrx_word' id='word_1_715' title='bbox 3001 5358 3175 5426; x_wconf 83' lang='lat' dir='ltr'><strong><em>mitti,</em></strong></span> <span class='ocrx_word' id='word_1_716' title='bbox 3209 5363 3266 5413; x_wconf 90' lang='lat' dir='ltr'><strong><em>et</em></strong></span> <span class='ocrx_word' id='word_1_717' title='bbox 3287 5362 3486 5412; x_wconf 86' lang='lat' dir='ltr'><strong><em>nostro</em></strong></span> <span class='ocrx_word' id='word_1_718' title='bbox 3508 5357 3605 5427; x_wconf 91' lang='lat' dir='ltr'><strong><em>ju-</em></strong></span> 
     </span>
    </p>
   </div>
   <div class='ocr_carea' id='block_1_110' title="bbox 1962 5428 3603 5502">
    <p class='ocr_par' dir='ltr' id='par_1_110' title="bbox 1962 5428 3603 5502">
     <span class='ocr_line' id='line_1_113' title="bbox 1962 5428 3603 5502; baseline -0.001 -18"><span class='ocrx_word' id='word_1_719' title='bbox 1962 5430 2112 5484; x_wconf 90' lang='lat' dir='ltr'><strong><em>dicio</em></strong></span> <span class='ocrx_word' id='word_1_720' title='bbox 2145 5430 2346 5502; x_wconf 77' lang='lat' dir='ltr'><strong><em>debuit</em></strong></span> <span class='ocrx_word' id='word_1_721' title='bbox 2376 5430 2703 5502; x_wconf 88' lang='lat' dir='ltr'><strong><em>approbari,</em></strong></span> <span class='ocrx_word' id='word_1_722' title='bbox 2726 5451 2754 5479; x_wconf 87' lang='lat'>»</span> <span class='ocrx_word' id='word_1_723' title='bbox 2786 5435 2896 5485; x_wconf 89' lang='lat' dir='ltr'><strong><em>etc.</em></strong></span> <span class='ocrx_word' id='word_1_724' title='bbox 2928 5430 3154 5502; x_wconf 85' lang='lat' dir='ltr'><strong><em>Quibus</em></strong></span> <span class='ocrx_word' id='word_1_725' title='bbox 3183 5429 3377 5502; x_wconf 81' lang='lat' dir='ltr'><strong><em>verbis</em></strong></span> <span class='ocrx_word' id='word_1_726' title='bbox 3409 5428 3603 5500; x_wconf 88' lang='lat' dir='ltr'><strong><em>ponti-</em></strong></span> 
     </span>
    </p>
   </div>
   <div class='ocr_carea' id='block_1_111' title="bbox 1963 5500 3600 5573">
    <p class='ocr_par' dir='ltr' id='par_1_111' title="bbox 1963 5500 3600 5573">
     <span class='ocr_line' id='line_1_114' title="bbox 1963 5500 3600 5573; baseline 0 -19"><span class='ocrx_word' id='word_1_727' title='bbox 1963 5501 2052 5556; x_wconf 85' lang='lat' dir='ltr'><strong><em>fex</em></strong></span> <span class='ocrx_word' id='word_1_728' title='bbox 2084 5500 2378 5555; x_wconf 87' lang='lat' dir='ltr'><strong><em>maximus</em></strong></span> <span class='ocrx_word' id='word_1_729' title='bbox 2416 5500 2581 5573; x_wconf 76' lang='lat' dir='ltr'><strong><em>haud</em></strong></span> <span class='ocrx_word' id='word_1_730' title='bbox 2631 5501 2876 5556; x_wconf 90' lang='lat' dir='ltr'><strong><em>obscure</em></strong></span> <span class='ocrx_word' id='word_1_731' title='bbox 2924 5501 3238 5573; x_wconf 81' lang='lat' dir='ltr'><strong><em>signiﬁcat,</em></strong></span> <span class='ocrx_word' id='word_1_732' title='bbox 3273 5501 3385 5556; x_wconf 85' lang='lat' dir='ltr'><strong><em>ista</em></strong></span> <span class='ocrx_word' id='word_1_733' title='bbox 3412 5505 3600 5573; x_wconf 85' lang='lat' dir='ltr'><strong><em>Opera</em></strong></span> 
     </span>
    </p>
   </div>
   <div class='ocr_carea' id='block_1_112' title="bbox 1960 5517 3597 5644">
    <p class='ocr_par' dir='ltr' id='par_1_112' title="bbox 1960 5517 3597 5644">
     <span class='ocr_line' id='line_1_115' title="bbox 1963 5517 3597 5625; baseline 0.001 -71"><span class='ocrx_word' id='word_1_734' title='bbox 1963 5517 2052 5556; x_wconf 68' lang='lat' dir='ltr'><strong><em>rex</em></strong></span> <span class='ocrx_word' id='word_1_735' title='bbox 2084 5517 2378 5555; x_wconf 71' lang='lat' dir='ltr'><strong><em>mammas</em></strong></span> <span class='ocrx_word' id='word_1_736' title='bbox 2428 5517 2581 5556; x_wconf 86' lang='lat' dir='ltr'><strong><em>naua</em></strong></span> <span class='ocrx_word' id='word_1_737' title='bbox 2631 5517 2876 5556; x_wconf 85' lang='lat' dir='ltr'><strong><em>onscure</em></strong></span> <span class='ocrx_word' id='word_1_738' title='bbox 2924 5517 3238 5573; x_wconf 77' lang='lat' dir='ltr'><strong><em>Signiucat,</em></strong></span> <span class='ocrx_word' id='word_1_739' title='bbox 3273 5517 3385 5556; x_wconf 80' lang='lat' dir='ltr'><strong><em>Ista</em></strong></span> <span class='ocrx_word' id='word_1_740' title='bbox 3412 5517 3597 5625; x_wconf 75' lang='lat' dir='ltr'><strong><em>Upera</em></strong></span> 
     </span>
     <span class='ocr_line' id='line_1_116' title="bbox 1960 5571 3597 5644; baseline -0.001 -17"><span class='ocrx_word' id='word_1_741' title='bbox 1960 5588 2088 5627; x_wconf 90' lang='lat' dir='ltr'><strong><em>esse</em></strong></span> <span class='ocrx_word' id='word_1_742' title='bbox 2121 5573 2177 5626; x_wconf 88' lang='lat' dir='ltr'><strong><em>S.</em></strong></span> <span class='ocrx_word' id='word_1_743' title='bbox 2210 5572 2469 5642; x_wconf 86' lang='lat' dir='ltr'><strong><em>Dionysii</em></strong></span> <span class='ocrx_word' id='word_1_744' title='bbox 2522 5573 2876 5644; x_wconf 69' lang='lat' dir='ltr'><strong><em>Areopagitae</em></strong></span> <span class='ocrx_word' id='word_1_745' title='bbox 2924 5587 3110 5642; x_wconf 90' lang='lat' dir='ltr'><strong><em>neque</em></strong></span> <span class='ocrx_word' id='word_1_746' title='bbox 3159 5573 3285 5626; x_wconf 89' lang='lat' dir='ltr'><strong><em>sine</em></strong></span> <span class='ocrx_word' id='word_1_747' title='bbox 3315 5588 3463 5644; x_wconf 88' lang='lat' dir='ltr'><strong><em>pecu</em></strong></span> <span class='ocrx_word' id='word_1_748' title='bbox 3491 5571 3597 5644; x_wconf 86' lang='lat' dir='ltr'><strong><em>iari</em></strong></span> 
     </span>
    </p>
   </div>
   <div class='ocr_carea' id='block_1_113' title="bbox 1959 5642 3600 5716">
    <p class='ocr_par' dir='ltr' id='par_1_113' title="bbox 1959 5642 3600 5716">
     <span class='ocr_line' id='line_1_117' title="bbox 1959 5642 3600 5716; baseline -0.001 -17"><span class='ocrx_word' id='word_1_749' title='bbox 1959 5650 2017 5716; x_wconf 87' lang='lat' dir='ltr'><strong><em>et</em></strong></span> <span class='ocrx_word' id='word_1_750' title='bbox 2030 5660 2301 5716; x_wconf 86' lang='lat' dir='ltr'><strong><em>expressa</em></strong></span> <span class='ocrx_word' id='word_1_751' title='bbox 2317 5643 2613 5714; x_wconf 85' lang='lat' dir='ltr'><strong><em>pontiﬁcis</em></strong></span> <span class='ocrx_word' id='word_1_752' title='bbox 2633 5643 2877 5699; x_wconf 82' lang='lat' dir='ltr'><strong><em>Romani</em></strong></span> <span class='ocrx_word' id='word_1_753' title='bbox 2910 5642 3600 5716; x_wconf 81' lang='lat' dir='ltr'><strong><em>approbationeevulgari</em></strong></span> 
     </span>
    </p>
   </div>
   <div class='ocr_carea' id='block_1_114' title="bbox 1958 5714 3602 5788">
    <p class='ocr_par' dir='ltr' id='par_1_114' title="bbox 1958 5714 3602 5788">
     <span class='ocr_line' id='line_1_118' title="bbox 1958 5714 3602 5788; baseline 0.001 -18"><span class='ocrx_word' id='word_1_754' title='bbox 1958 5714 2725 5787; x_wconf 87' lang='lat' dir='ltr'><strong><em>debuisse.Haudquaquam</em></strong></span> <span class='ocrx_word' id='word_1_755' title='bbox 2746 5731 2884 5772; x_wconf 87' lang='lat' dir='ltr'><strong><em>sane</em></strong></span> <span class='ocrx_word' id='word_1_756' title='bbox 2903 5714 2963 5772; x_wconf 88' lang='lat' dir='ltr'><strong><em>id</em></strong></span> <span class='ocrx_word' id='word_1_757' title='bbox 2990 5714 3110 5788; x_wconf 83' lang='lat' dir='ltr'><strong><em>regi</em></strong></span> <span class='ocrx_word' id='word_1_758' title='bbox 3133 5714 3332 5772; x_wconf 66' lang='lat' dir='ltr'><strong><em>Gallia</em></strong></span> <span class='ocrx_word' id='word_1_759' title='bbox 3354 5714 3602 5788; x_wconf 87' lang='lat' dir='ltr'><strong><em>scriptu-</em></strong></span> 
     </span>
    </p>
   </div>
  </div>
