3994 6214
353 297 466 351 977

1276 304 1577 356 MARTINI
1617 303 1881 356 DELRIO
1919 300 2256 354 VINDICIE
2297 301 2862 354 AREOPAGITICE.

3665 301 3772 354 978

354 423 1114 498 imaginutionesargbitrans,
1140 428 1250 480 etc.
1281 427 1402 491 Quo
1436 429 1603 497 pacto
1627 429 1869 498 possent
1903 425 2015 480 ista
2044 422 2096 489 Α
2129 421 2272 498 lium
2305 424 2432 492 ejus
2478 420 2903 498 Operationum,
2940 438 3103 498 quas
3130 421 3520 498 videlicetper
3540 425 3775 494 prOpria

356 494 596 564 probari
629 495 846 548 nostris
878 495 1300 551 lconoclastis‘?

431 565 689 635 Denique
722 565 994 638 Nicolaus
1051 571 1249 638 papaI
1301 569 1370 622 ad
1407 565 1750 622 Michaelem
1805 566 2013 638 imper.

359 638 652 706 perfidum
699 637 950 706 epistola
999 637 1079 693 ita
1123 641 1286 692 illum
1337 640 1552 694 aﬂ‘atur
1586 656 1604 692 :
1657 661 1677 689 ε
1723 639 1778 693 Si
1823 637 2015 692 adhuc

359 707 553 776 placet
583 708 802 779 aliquid
837 710 907 762 de
940 709 1048 781 hoc
1089 726 1260 764 nosse
1293 712 1446 781 quod
1477 711 1741 778 delectet,
1785 709 2012 778 antiqui

357 781 557 853 Patr_is
589 785 644 833 et
672 780 1025 853 venerabilis
1058 780 1320 836 doctoris
1342 781 1702 853 Areopagita
1754 781 2012 852 Dionysii

355 850 450 925 ad
485 851 899 925 DemOphilum
952 855 1124 925 verba
1178 853 1348 925 vobis
1396 850 1625 908 recitari
1673 850 2009 925 praicipite;

349 921 455 984 qui
489 921 757 976 etiam'in
793 939 970 977 causa
1001 924 1234 994 pietatis
1267 921 1706 994 delinquentem
1741 921 2011 979 sacerdo-

346 997 466 1065 tem
494 995 662 1048 nefas
710 996 954 1049 sancite
1003 995 1332 1050 minoribus
1363 997 1450 1050 vel
1496 997 1870 1052 inferioribus
1912 997 2010 1065 juo

347 1064 533 1119 dicari
561 1081 573 1118 :
611 1081 682 1120 ne
711 1065 810 1120 fiat
833 1067 890 1120 in
921 1066 1175 1122 Ecclesia
1200 1068 1291 1122 Dei
1313 1067 1531 1137 aliquid
1568 1064 1967 1122 inordinatum
1996 1108 2009 1132 ,

346 1139 405 1189 et
429 1140 624 1208 status
654 1137 782 1205 ejus
817 1138 872 1191 in
908 1137 1106 1208 alquot
1137 1140 1567 1193 confundatur.
1605 1161 1633 1188 »
1675 1139 1852 1193 Hodie
1898 1139 2011 1192 ista

345 1207 599 1282 epistola
632 1207 1347 1282 inscribiturDemophilo
1379 1210 1891 1282 therapeutajboc
1923 1216 2012 1282 est

346 1281 624 1333 monacho
672 1280 802 1334 vide
855 1282 1056 1350 supra)
1089 1286 1147 1335 et
1191 1280 1279 1336 est
1311 1280 1691 1352 epistola’rum
1745 1280 2008 1350 Dionysii

344 1366 594 1423 numero
629 1355 870 1423 octava;
902 1351 961 1423 in
1011 1370 1128 1423 qua
1159 1351 1540 1408 continentur
1582 1370 1708 1423 qua
1740 1355 1881 1423 citat
1911 1352 2007 1406 Ni-

343 1421 591 1498 colaus:
623 1421 699 1498 Οῤ
735 1422 952 1498 θεμιτὸν
997 1421 1143 1496 ἱέρὲα
1171 1423 1308 1498 πρὸς
1336 1428 1442 1476 τῶν
1495 1421 1628 1498 ὑπὲρ
1664 1424 1721 1498 ait
1753 1421 2006 1498 leucoin-

341 1495 482 1568 τῷν,
531 1490 566 1559 ἢ
619 1496 728 1545 τῶν
777 1490 1066 1566 spernat
1119 1490 1224 1568 σοιί
1276 1490 1617 1568 Θεραπευτῶιὶ
1671 1490 2005 1557 εὐθύνεσθάι.

342 1565 508 1633 [Ve/as
537 1573 622 1640 est
643 1567 976 1640 sacerdotem
1001 1584 1040 1621 ιι
1069 1565 1371 1635 ministris,
1400 1570 1490 1640 uel
1523 1571 1618 1640 qui
1648 1569 1892 1640 ejusdem
1927 1570 2006 1620 te-

339 1651 469 1689 cum
498 1634 713 1689 ordinis
741 1643 872 1691 sunt
906 1639 1278 1707 therapeutis,
1302 1634 1581 1708 judicent.

418 1748 750 1805 Testimonia
781 1750 1032 1876 Liberag’
1081 1751 1224 1877 Agri,
1256 1755 1305 1832 et
1354 1753 1644 1810 Deusdedit
1689 1757 1931 1826 episcopi

1023 1840 1124 1877 ara
1155 1835 1318 1877 itam.

1023 1835 1318 1879 aralttant.

420 1917 665 1993 Produxi
719 1921 864 1972 teste
912 1934 1000 1993 ex;
1043 1919 1177 1974 Asia
1229 1927 1285 1974 et
1362 1921 1612 1991 Europa,
1679 1923 1998 1993 producam

345 1988 528 2062 etiam
583 2004 767 2042 unum
819 2005 886 2043 ex
935 1991 1130 2062 Alrica
1171 2009 1184 2058 ;
1233 1993 1476 2062 produxi
1519 1988 1596 2046 'ex
1643 1988 1998 2060 continente,

343 2061 665 2131 producam
689 2076 871 2114 unum
897 2075 964 2114 ex
986 2061 1179 2116 insula
1201 2063 1502 2118 Sardinia.
1532 2064 1588 2118 In
1615 2080 1819 2118 omnes
1842 2066 1997 2120 enim

342 2130 507 2186 orbis
542 2136 757 2201 partes,
794 2147 896 2202 per
926 2137 1139 2186 terram
1173 2138 1229 2186 et
1259 2134 1577 2200 Oceanum,
1612 2136 1732 2190 hac
1763 2142 2000 2191 senten-

343 2204 431 2257 tia
463 2203 810 2274 penetravit,
835 2207 892 2257 et
923 2203 1239 2272 praevaluit.

424 2273 736 2328 Liberatus
765 2275 904 2328 Afer
927 2273 981 2327 in
1016 2276 1332 2342 Breviario,
1352 2276 1421 2329 de
1452 2292 1630 2331 causa
1653 2277 2000 2334 Nestoriana

349 2349 408 2400 et
440 2344 796 2420 Eutycbiana
820 2362 966 2420 cap._
987 2347 1069 2410 lO,
1095 2347 1173 2400 ita
1204 2347 1482 2420 scripsit:
1514 2371 1540 2397 ‹‹
1569 2348 1819 2419 Cyrillus
1859 2367 1997 2420 qua-

348 2422 487 2471 tuor
527 2415 708 2470 libros
759 2417 1017 2486 scripsit,
1048 2422 1164 2472 tres
1218 2415 1498 2473 adversus
1547 2415 1909 2474 Theodorum
1944 2428 2000 2477 et

352 2489 666 2561 Diodorum
694 2503 707 2551 ;
743 2489 909 2558 quasi
941 2488 1272 2561 Nestoriani
1308 2491 1601 2561 dogmatis
1633 2496 1920 2553 auctores,
1941 2500 2000 2548 et.

349 2559 532 2614 alium
560 2559 631 2632 de
664 2560 1326 2632 Incarnationelihrum.
1361 2559 1420 2615 In
1447 2562 1661 2632 quibus
1693 2563 1995 2619 continen-

349 2638 450 2704 tur
479 2630 858 2704 antiquorum
891 2632 1121 2704 Patrum
1154 2630 1493 2704 incorrupta
1515 2634 1870 2689 testimonia.
1895 2642 1999 2692 Fe-

350 2703 479 2757 licis
503 2717 664 2783 papa
690 2701 966 2786 Romani;
979 2701 1636 2786 Dionysiiﬂreopagitia
1671 2705 1996 2786 Corinthio:

350 2791 482 2828 rum
530 2773 810 2853 episcopi,
843 2779 900 2828 et
927 2773 1186 2846 Gregorii
1238 2773 1529 2831 Mirabilis
1572 2781 1997 2853 Θαυματουργοῦ

347 2845 744 2916 cognominati
779 2865 804 2892 ››

419 2915 632 2971 Contra
663 2915 770 2969 hoc
795 2915 1199 2970 testimonium
1249 2916 1364 2971 duo
1397 2923 1639 2972 nossent
1686 2919 1759 2972 ab
1791 2917 1994 2971 adver-

419 2933 632 2971 Lontra
664 2933 770 2969 noc
795 2933 1199 2970 testimonium
1249 2933 1364 2971 auo
1397 2933 1639 3041 possent
1686 2933 1759 2972 an
1791 2933 1992 2971 adver-

346 2987 527 3041 sariis
557 2986 750 3058 objici.
788 2987 1005 3053 Primo,
1040 2987 1194 3056 quod
1225 2987 1394 3042 catho
1426 2989 1493 3041 ici
1534 2989 1774 3058 quidam
1809 3003 1992 3056 nega-

351 3059 474 3131 rint
505 3058 614 3131 h‘os
643 3056 868 3131 libros
891 3074 1020 3131 esse
1051 3059 1116 3113 D.
1167 3059 1401 3131 Cyrilli;
1436 3056 1595 3114 ducti
1635 3076 1702 3115 ea
1751 3061 1993 3121 ratione,

351 3129 495 3200 quia
525 3127 779 3202 Cyrillus
819 3128 964 3184 vivis
995 3130 1112 3184 hac
1144 3127 1476 3202 testimonia
1505 3147 1622 3185 non
1671 3133 1994 3202 objecerat;

350 3216 491 3272 ergo
523 3199 720 3274 Cyrilli
767 3200 877 3255 hoc
909 3217 1057 3274 opus
1084 3217 1199 3274 non
1244 3201 1449 3274 videri.
1507 3199 1860 3274 Responderi
1894 3218 1997 3274 ρο·-

347 3277 488 3338 test,
525 3277 665 3325 tunc
687 3272 920 3326 demum
948 3272 1255 3344 objecisse,
1284 3273 1414 3343 quia
1438 3272 1850 3344 priusillorum
1885 3272 2004 3328 non

341 3344 720 3406 recordatus,
745 3349 944 3414 postea
967 3343 1033 3398 in
1060 3350 1311 3398 mentem
1345 3343 1664 3412 venerunt;
1700 3346 1840 3402 item
1885 3345 2006 3399 illis

346 3415 607 3469 mortuis
640 3415 748 3470 hoc
770 3431 916 3485 opus
948 3416 1371 3487 composuisse,
1396 3424 1598 3472 contra
1630 3434 1778 3487 quos
1806 3417 2003 3472 viven-

352 3493 444 3541 tes
477 3502 605 3558 uon
626 3487 944 3558 disputavit
964 3488 1155 3541 adhuc
1181 3486 1382 3556 junior
1411 3505 1423 3542 :
1458 3486 1780 3558 disputavit
1809 3495 2003 3543 autem

357 3563 565 3613 contra
579 3557 904 3628 discipulos
917 3574 1118 3612 eorum
1132 3559 1462 3613 Nestorium
1478 3576 1544 3614 ac
1556 3557 1746 3614 Theod
1757 3565 2002 3614 oretum.

414 3629 683 3709 secundo
711 3633 901 3709 potest
921 3630 1129 3709 objici,_
1152 3632 1350 3709 locum
1379 3647 1512 3709 esse
1535 3633 1909 3709 mendosum,
1947 3637 2007 3709 et

341 3696 407 3752 τό
439 3696 801 3772 Areopagitae
839 3696 1258 3756 inducendum.
1293 3701 1477 3756 Velim
1513 3702 1743 3758 consuli
1773 3696 2004 3757 vetusta

257 3809 259 3811 ι
342 3771 740 3842 exemplaria;
781 3771 903 3826 ﬁeri
935 3774 1090 3826 enim
1126 3777 1340 3843 potest,
1377 3778 1436 3826 ut
1469 3773 1632 3828 locus
1681 3775 2002 3828 mendosus

344 3844 597 3898 minime
628 3843 724 3910 sit,
759 3845 858 3897 sed
893 3843 1194 3899 Liberatus
1226 3845 1285 3898 in
1319 3861 1519 3898 eorum
1576 3861 1772 3900 errore
1804 3847 2002 3914 fuerit,

347 3915 450 3988 qui
474 3914 820 3988 Dionysium
843 3915 1250 3988 Aeropagitam
1266 3922 1644 3988 censuerunt,
1671 3921 1801 3988 post
1823 3916 2002 3972 Athe-

343 3985 1013 4042 niensem’oathedrarn
1073 3985 1144 4041 ad
1196 3987 1556 4042 Corinthiam
1625 3985 2000 4052 translatum,

341 4059 703 4130 priusquam
735 4056 793 4111 in
825 4057 1042 4112 Gallias
1076 4057 1372 4128 migraret.

426 4129 788 4193 Adeodatus,
819 4129 938 4184 sive
960 4129 1276 4184 Deusdedit
1301 4128 1652 4184 venerabilis
1690 4130 2003 4199 episcopus

348 4199 599 4254 Ecclesa
633 4199 975 4254 Caralitana
1017 4200 1222 4255 insula
1253 4201 1532 4255 Sardinia
1566 4202 1622 4255 in
1648 4204 1870 4272 synodo
1895 4202 2002 4257 La-

347 4272 650 4327 teranensi
688 4273 798 4325 sub
847 4272 1096 4328 Martino
1131 4275 1150 4327 Ι
1185 4273 1617 4327 consultatione
1634 4274 1689 4341 5,
1723 4274 1807 4328 sic
1838 4273 2001 4328 locu-

348 4348 454 4397 tus
486 4360 498 4397 :
533 4366 562 4393 «
595 4342 852 4398 Verbum
885 4350 1359 4399 consummatum
1393 4350 1451 4397 ct
1493 4343 1814 4399 breviatum
1850 4349 2000 4400 acci-

343 4413 516 4485 pient
564 4431 596 4468 a
622 4414 868 4470 Domino
915 4424 1108 4470 veslra
1138 4415 1469 4470 veneranda
1509 4417 1804 4471 beatitudo
1837 4433 1998 4472 com-

2129 495 2370 564 scripta.
2415 493 2546 564 qua
2598 495 2655 546 in
2707 497 2980 563 prasenti
3028 493 3238 549 relecta
3289 498 3449 564 sunt,
3483 493 3668 564 Cyrus
3719 502 3774 550 et

2123 566 2362 637 Sergius
2393 569 2768 637 denegantes,
2803 571 2860 619 et
2892 570 3200 636 propterea
3241 571 3578 620 sanctorum
3629 582 3770 636 quo-

2121 636 2502 707 quePatrum
2537 636 2936 690 adulterantes
2967 641 3329 705 testimonia,
3363 638 3572 692 merito
3604 654 3635 691 a
3672 653 3770 693 ve-

2120 716 2239 763 stra
2262 710 2582 778 apostolica
2607 709 2701 778 pia
2721 709 3015 762 sententia
3043 711 3414 763 condemnati
3440 714 3599 776 sunt,
3622 725 3771 779 quos

2118 786 2175 834 et
2215 797 2322 836 nos
2344 796 2642 835 consonan
2678 785 2768 832 ter
2817 795 2950 834 cum
2977 796 3044 834 ea
3075 787 3380 851 propterea
3411 781 3770 836 condemna-

2121 868 2252 906 mus
2280 868 2292 906 :
2320 869 2545 906 necnon
2571 856 2627 923 et
2648 851 2931 921 Pyrrhum
2961 853 3142 922 Sergii
3167 867 3590 923 successorem,
3623 868 3767 923 quo-

2121 925 2274 1005 niam
2311 929 2366 977 et
2395 924 2520 1005 ipse
2552 922 2941 1005 nihilominus
2987 923 3369 1005 cuuiMSergio
3415 922 3654 1005 Cyrum’
3681 940 3766 1005 re-

2118 998 2344 1065 cepisse
2392 995 2782 1066 dignoscitur,
2836 1000 2891 1049 et
2950 994 3179 1066 studuit
3246 994 3297 1048 ei
3352 995 3643 1066 advocare
3708 997 3765 1048 in

2117 1065 2539 1137 pranominato
2597 1066 2848 1136 septimo
2905 1065 3163 1134 capitqu
3233 1071 3290 1120 et
3351 1065 3459 1120 hoc
3517 1081 3649 1120 cum
3709 1067 3767 1119 in

2116 1138 2331 1206 scripto
2363 1142 2615 1192 testatur
2644 1142 2846 1191 contra
2894 1153 3052 1202 eum,
3094 1137 3374 1207 quoniam
3428 1137 3767 1192 immutavit

2115 1208 2636 1280 Blsfdictionem
2671 1207 2826 1262 beati
2861 1207 3142 1280 Dionysii,
3174 1213 3232 1262 et
3280 1208 3558 1277 quoniam
3603 1210 3767 1278 justo

2114 1279 2504 1352 reprehensus
2535 1284 2625 1334 est
2644 1295 2748 1352 pro
2773 1279 3114 1352 hujusm’odi
3132 1280 3551 1352 immutatione
3572 1295 3605 1333 a
3628 1280 3766 1333 bea~

2115 1349 2513 1406 ta'memoria
2545 1351 2906 1420 Sophronio:
2942 1351 3021 1404 ita
3052 1350 3205 1405 enim
3241 1349 3446 1404 scribit
3477 1350 3535 1404 in
3579 1366 3762 1405 unum

2115 1424 2515 1494 dogmaticum
2551 1426 2680 1490 ejus
2710 1422 2980 1494 volumen
3013 1421 3290 1494 Pyrrhus.
3325 1421 3517 1476 Unum
3564 1426 3761 1476 autem

2113 1493 2343 1548 tantum
2371 1494 2693 1566 capitulum
2719 1493 3473 1566 reprehenditiSophronius
3496 1508 3759 1566 reveren-

2111 1566 2413 1633 dissimus,
2441 1564 2642 1636 utpote
2673 1567 3066 1619 testimonium
3095 1565 3271 1619 beata
3305 1565 3602 1636 memoria
3635 1564 3763 1618 Dio-

2113 1638 2261 1709 nysii
2299 1635 2610 1692 falsantem
2642 1637 3070 1707 permutatione
3103 1637 3279 1690 unius
3308 1636 3504 1709 vocis:
3537 1635 3596 1688 in
3628 1637 3758 1709 __hoc

2117 1707 2372 1780 congrua
2407 1710 2608 1763 dicens
2638 1709 2951 1780 praedictus
2980 1709 3097 1780 vir,
3124 1712 3180 1762 et
3209 1713 3401 1772 cauta,
3436 1707 3493 1760 in
3541 1707 3758 1780 quibus

2030 1783 2078 1848 B
2111 1779 2209 1834 ille
2231 1777 2486 1834 asserit:
2521 1777 2876 1834 Sed’homine
2903 1782 3046 1843 facto
3076 1779 3202 1836 Deo.
3234 1794 3432 1834 novam
3462 1777 3757 1848 quamdam

2111 1852 2460 1906 Dei-virttem
2479 1852 2853 1921 operationem
2873 1849 3030 1905 nobis
3050 1853 3331 1921 proferens
3353 1867 3367 1916 ;
3393 1865 3570 1904 unam
3596 1865 3754 1904 nem-

2111 1939 2179 1994 pe
2209 1920 2536 1994 secundum
2567 1920 2871 1977 veritatem
2905 1937 3007 1991 pro
3040 1920 3188 1994 nova
3219 1921 3559 1994 continebat
3580 1924 3754 1975 deno-

2109 1992 2397 2048 minatum
2433 1993 2705 2048 volumen
2733 2013 2747 2061 ;
2773 1994 2872 2047 sed
2909 2008 3023 2046 non
3047 1993 3336 2048 malitiose
3361 1992 3560 2061 (absit)
3585 1994 3754 2060 juxta

2110 2082 2306 2120 meum
2336 2067 2601 2127 verbum,
2626 2066 2725 2119 sed
2749 2064 3028 2135 quoniam
3061 2081 3174 2119 non
3205 2065 3375 2118 aliter
3397 2067 3585 2134 potest
3609 2080 3754 2118 nova

2108 2136 2372 2207 intelligi,
2409 2137 2522 2192 nisi
2554 2153 2692 2204 una,
2723 2153 2756 2190 a
2797 2135 3171 2191 sanctissimo
3212 2140 3358 2207 Cyro
3408 2136 3750 2207 hujusmodi

2104 2224 2214 2262 vox
2247 2205 2439 2279 posita
2468 2211 2588 2263 est:
2622 2208 2895 2276 quoniam
2927 2223 3030 2278 per
3056 2205 3516 2279 abnegationem
3568 2205 3752 2260 subli-

2108 2277 2288 2334 mium
2307 2297 2483 2334 unam
2500 2280 2707 2334 beatus
2721 2280 2923 2333 doctor
2934 2277 3358 2332 confessionem
3381 2281 3751 2338 construens,

2106 2357 2162 2405 et
2211 2351 2360 2405 hanc
2412 2350 2792 2422 singulariter
2838 2349 3192 2422 exprimens,
3225 2349 3392 2422 quid
3426 2347 3596 2403 aliter
3639 2347 3752 2402 nisi

2106 2438 2283 2475 unam
2333 2420 2596 2476 conﬁteri
2647 2421 3076 2490 operationem,
3126 2435 3192 2475 eo
3242 2420 3395 2490 quod
3461 2435 3615 2474 unus
3668 2422 3760 2473 est

2103 2494 2388 2565 Christus,
2422 2509 2525 2565 per
2553 2494 2850 2565 quoddam
2881 2492 3122 2546 verbum
3160 2490 3526 2565 luculentius_
3553 2491 3758 2565 prodi-

2105 2562 2232 2618 dit?
2254 2565 2398 2636 Ecce
2423 2561 2818 2636 'apertissime
2856 2579 2960 2636 per
2987 2579 3128 2636 suos
3159 2577 3466 2636 sermones
3497 2561 3757 2636 Pyrrhus

2106 2641 2164 2689 et
2196 2635 2463 2690 falsatum
2484 2633 2539 2690 _a
2570 2638 2712 2707 Cyro
2745 2633 3060 2688 dictionem
3111 2633 3263 2688 beati
3315 2633 3570 2704 Dionysii
3620 2649 3756 2707 pro-

2105 2708 2298 2762 fessus
2330 2711 2438 2772 est,
2469 2711 2526 2761 et
2556 2703 2972 2778 reprehensum
3007 2709 3312 2778 propterea
3339 2703 3494 2778 eum
3551 2703 3760 2778 merito

2105 2778 2380 2842 ostendit,
2414 2783 2522 2833 etc.
2552 2800 2578 2827 »
2611 2774 2744 2849 Agit
2783 2779 2852 2832 de
2889 2777 2987 2831 illo
3009 2774 3289 2849 Dionysii
3339 2774 3463 2830 loco
3511 2774 3759 2845 epistola

2101 2850 2171 2904 ad
2199 2849 2400 2905 Gaium
2433 2847 2804 2921 quartafquo
2837 2847 3230 2903 Monotbelita
3254 2849 3580 2921 depravata
3609 2864 3651 2921 a_
3672 2862 3755 2910 se,

2102 2925 2159 2975 et
2190 2921 2339 2976 male
2371 2917 2568 2988 citato,
2591 2917 2795 2975 contra
2824 2921 3122 2975 veritatem
3155 2917 3402 2992 gemina
3433 2917 3492 2972 in
3525 2919 3752 2974 Christo

2100 2992 2426 3048 voluntatis
2459 2993 2869 3048 abutebantur.

2030 3130 2072 3197 c
2114 3109 2446 3197 τειιίπξιῑηίε
2502 3123 2570 3162 επ
2603 3104 3301 3197 .f'itc‘"f."e__'iir°aerez-
3325 3104 3612 3197 4,1395%?in
3663 3105 3757 3158 Βί-

2289 3178 2663 3244 bliothecario,
2691 3182 2741 3233 et
2771 3181 3002 3248 Hugone
3016 3176 3080 3231 de
3109 3177 3304 3232 Sancto
3331 3176 3561 3231 Victore.

2181 3275 2498 3331 Hilduinus
2545 3275 2724 3330 abbas
2773 3273 3113 3330 monasterii
3160 3272 3223 3327 B.
3266 3272 3543 3344 Dionysii
3576 3288 3754 3344 prope

2111 3347 2394 3403 Lutetiam
2431 3347 2806 3411 Parisiorum,
2843 3347 2941 3400 ubi
2977 3361 3189 3416 corpus
3223 3343 3550 3399 beatisSimi
3582 3343 3755 3398 ’mar-

2109 3419 2254 3491 tyris
2303 3420 2558 3474 creditur
2587 3418 2872 3473 asservari
2913 3416 3076 3491 (licet
3116 3417 3570 3491 Ratisponeuses
3618 3431 3756 3468 con-

2109 3487 2357 3544 tendant
2389 3490 2445 3544 in
2481 3506 2649 3544 suam
2699 3491 2997 3543 civitatem
3047 3488 3198 3541 dono
3250 3487 3502 3541 Francia
3553 3501 3754 3557 regum

2108 3562 2485 3625 translatum,
2514 3561 2685 3614 hodie
2720 3561 2776 3614 in
2810 3559 3010 3615 Sancti
3041 3559 3378 3612 Emmerani
3414 3557 3596 3612 nobili
3633 3574 3754 3612 mo-

2111 3633 2364 3687 nasterio
2397 3632 2624 3699 haberi)
2643 3631 2983 3693 Hilduinus,
3009 3628 3280 3699 inquam,
3304 3629 3372 3683 ad
3400 3627 3755 3683 Ludovicum

2111 3703 2275 3757 Pium
2302 3706 2507 3772 imper.
2535 3701 2722 3756 Caroli
2743 3699 2934 3773 Magni
2956 3699 3140 3754 tilium
3166 3699 3751 3773 scribens_,testatur,

2112 3775 2318 3830 horum
2352 3769 2635 3828 librorum
2668 3769 3010 3844 scriptorem
3047 3787 3256 3844 genere
3294 3769 3754 3844 nobilissimum,

2109 3851 2165 3901 et
2196 3845 2583 3917 phi1080pbia
2617 3841 2956 3916 magisterio
3005 3842 3319 3917 insignem,
3354 3841 3594 3917 Athenis
3637 3841 3755 3895 cla-

2110 3912 2303 3972 ruisse
2332 3933 2344 3972 :
2379 3912 2449 3971 a6
2476 3917 2683 3988 probat
2714 3912 2782 3970 ex
2813 3913 3378 3988 apost_o|ic_is_Act_is_;
3411 3912 3753 3988 et_A‘ristar-

2109 3990 2198 4043 chi
2235 3989 2413 4043 Graci
2449 3983 2873 4058 cbronograpbi
2900 3985 3204 4057 epistolola
3226 3985 3296 4040 ad
3320 3983 3752 4058 Onesiphorum

2110 4061 2532 4131 primicerium,
2564 4061 2635 4114 de
2667 4055 2795 4114 situ
2815 4055 3174 4131 Athenarum
3198 4080 3218 4131 _;
3239 4073 3270 4110 a
3303 4072 3417 4126 quo
3438 4055 3591 4131 dicit
3627 4072 3757 4110 nar.

2111 4127 2223 4186 rari
2278 4153 2305 4182 «
2364 4141 2547 4186 ortum
2592 4133 2874 4202 prosapia
2927 4133 2979 4184 et
3032 4127 3340 4184 doctrinam
3395 4128 3537 4197 ejus,
3594 4136 3759 4197 atque

2105 4205 2536 4258 conversationis
2565 4202 2832 4269 ordinem,
2882 4217 2978 4256 seu
3020 4202 3201 4257 aetatis
3247 4204 3478 4270 tempus,
3524 4214 3623 4254 nec
3651 4215 3756 4253 non

2105 4284 2157 4330 et
2221 4274 2625 4330 ordinationem
2677 4276 2868 4345 ipsius,
2918 4282 2974 4328 et
3030 4271 3504 4344 praedicationem,
3563 4271 3755 4345 subro-

2106 4348 2383 4417 gationem
2429 4346 2596 4401 etiam
2655 4341 3042 4417 episcopiiin’
3071 4345 3247 4398 locum
3305 4359 3491 4417 suum,
3543 4349 3602 4417 _et_
3652 4341 3757 4417 ad-

2108 4412 2338 4473 uentum
2369 4419 2526 4472 illius
2559 4412 2800 4473 Romam.
2829 4412 2855 4466 ›’›
2890 4415 2973 4470 Ibi
2999 4415 3151 4470 inter
3181 4419 3386 4469 catera
3423 4415 3494 4467 de
3543 4412 3639 4466 his
3685 4413 3757 4465 li-

344 4483 632 4568 pend‘io‘se
665 4485 990 4557 pariterque
1013 4487 1343 4568 diligenter,
1375 4487 1928 4568 tam_fal_siloq_uium
1948 4494 2004 4544 et
2036 4498 2082 4562 υ
2114 4489 2237 4568 bris
2285 4489 2368 4544 ita
2416 4489 2658 4568 scribit:
2713 4512 2739 4539 ‹‹
2772 4489 3053 4544 Caeterum
3101 4487 3171 4539 de
3220 4485 3427 4568 notitia
3472 4483 3757 4568 librorum

352 4556 1148 4632 novitatem,quam'operati
1174 4559 1709 4632 suntapertissime
1738 4556 1922 4632 Cyrus
1949 4567 2006 4616 et

353 4628 601 4699 Sergius
633 4628 911 4684 adversus
935 4628 1168 4685 sanctos
1201 4628 1466 4684 Ecclesia
1488 4628 2010 4689 catholica'Patres

365 4707 544 4774 atque
574 4701 869 4774 dogmata,
903 4718 1003 4772 per
1031 4717 1099 4756 ea
1120 4717 1247 4770 qua
1280 4701 1737 4773 prudentissime
1768 4703 1825 4756 in
1860 4721 2007 4774 pra-

349 4771 508 4826 senti
538 4771 832 4828 allocutus
863 4771 973 4842 est,
997 4774 1167 4827 nobis
1197 4771 1638 4840 demonstravit,
1691 4771 2008 4832 ostendens

346 4859 452 4898 eos
482 4842 892 4900 haereticorum
917 4844 1170 4917 irretitos
1191 4843 1577 4917 confessione,
1603 4861 1704 4916 per
1722 4847 1828 4900 hoc
1851 4850 2005 4917 quod

351 4931 524 4968 unam
554 4917 749 4983 juxtra
782 4915 1166 4971 exsecrabiles
1197 4915 1584 4970 Thcmistium
1608 4915 1677 4971 et
1706 4915 2004 4985 Severum,

350 4985 718 5058 Dei-virilem
770 4987 1166 5058 operationem
1220 5003 1347 5041 esse
1378 4988 1752 5058 denuntiant.
1802 4995 1857 5042 et
1891 5007 2004 5044 non

349 5057 656 5113 miriﬁcam
709 5059 766 5112 in
812 5057 926 5114 hoc
969 5064 1146 5129 atque
1205 5057 1556 5122 mirabilem,
1611 5060 1887 5129 quoniam
1946 5063 2004 5116 in

357 5129 580 5184 unione
611 5131 886 5196 indivisa,
918 5131 1065 5184 duas
1100 5129 1272 5184 unius
1321 5131 1586 5198 ejusdem
1629 5131 1846 5186 Christi
1905 5133 2004 5188 Dei

356 5201 661 5258 naturales
687 5203 1054 5273 operationes
1076 5201 1380 5256 inconfuse
1413 5203 1690 5269 ostendit,
1724 5203 1778 5256 id
1812 5209 1896 5258 est
1919 5206 2006 5258 di-

347 5274 550 5328 vinam
586 5280 641 5329 et
691 5274 1034 5341 humanam,
1070 5273 1125 5327 in
1181 5273 1622 5341 approbatione,
1675 5276 2002 5337 verissima,

349 5345 541 5417 Deum
567 5347 838 5402 eumdem
858 5362 986 5401 esse
1011 5345 1357 5417 naturaliter
1377 5349 1432 5417 et
1472 5345 1808 5412 hominem;
1849 5349 2004 5417 quod

351 5416 586 5487 utique,
620 5417 772 5472 sicut
800 5419 1005 5473 beatus
1028 5416 1343 5487 Dionysius
1375 5416 1476 5483 ait,
1501 5417 1763 5472 omnium
1790 5416 1880 5472 est
1906 5436 2006 5474 no-

350 5488 608 5543 vitatum
635 5490 1080 5559 supereminens
1123 5505 1358 5560 novum.
1381 5487 1494 5543 Nec
1518 5489 1672 5543 enim
1701 5491 2007 5560 utriusque

350 5561 896 5628 interemptionem,
929 5565 1026 5615 sed
1053 5559 1362 5614 indivisam
1398 5560 1702 5627 unitatem,
1732 5578 1836 5632 per
1856 5559 2007 5617 hanc

352 5632 745 5704 compositam
779 5635 909 5703 eius
938 5648 1132 5686 vocem
1170 5638 1530 5686 memoratus
1557 5637 1724 5687 Pater
1753 5633 2002 5688 edocuit.

351 5703 568 5776 Veram
590 5721 845 5776 namque
872 5704 1192 5776 unitionem
1217 5705 1524 5759 ostendere
1547 5704 1863 5771 voluit,sed
1889 5722 2005 5760 non

354 5775 814 5848 diminutionem
848 5775 1172 5848 quamlibet
1213 5779 1584 5848 naturarum,
1641 5792 1768 5846 qua
1802 5777 1858 5831 in
1892 5792 2006 5832 uno

355 5844 596 5903 Christo
626 5845 741 5904 Deo
776 5843 1244 5904 substantialiter
1271 5843 1593 5915 salvantur,
1628 5843 1729 5902 aut
1769 5851 2005 5903 natura-

2116 4562 2266 4643 ejus,
2300 4577 2446 4643 quos
2477 4561 2664 4643 patrio
2714 4556 3400 4643 sermon‘e‘conscripsit,
3433 4560 3490 4609 et
3507 4554 3756 4643 “quibus

2113 4626 2449 4713 petentibus
2475 4626 2608 4713 illos
2639 4632 2982 4713 composuit,
3003 4628 3169 4682 lectio
3193 4627 3488 4713 nobisper
3506 4626 3614 4713 Dei.
3631 4643 3761 4708 gra-

2111 4699 2276 4770 tiam,
2307 4712 2630 4760 etvestram
2663 4699 3289 4768 ordinationem,cujus
3321 4699 3760 4769 dispensatione

2111 4777 2526 4842 interpretatos
2573 4775 2788 4830 scrinia
2838 4777 3040 4828 nostra
3089 4770 3423 4842 petentibus
3472 4775 3756 4834 reserent,

2111 4841 2418 4902 satisfecit.
2449 4846 2830 4902 Authenticos
2861 4849 3054 4899 autem
3087 4841 3318 4897 eosdem
3351 4841 3530 4897 libros
3561 4841 3756 4896 Graca

2112 4918 2314 4988 lingua
2371 4920 2756 4989 conscriptos,
2816 4915 3050 4987 quando
3090 4930 3459 4989 ‘(nconoruus
3492 4913 3756 4989 Ecclesia

2111 4984 2798 5059 Constantinopolitanae,
2830 4984 2887 5042 et
2915 4986 3101 5041 cateri
3133 4986 3297 5059 missi
3332 4984 3653 5049 Michaelis,
3680 4984 3758 5059 le-

2108 5060 2343 5126 gatione
2391 5056 2628 5132 publica
2685 5062 2755 5115 ad
2817 5064 3069 5132 vestram
3130 5056 3376 5132 gloriam
3411 5056 3757 5132 compendio

2111 5133 2294 5204 functi
2346 5128 2505 5200 sunt,
2557 5133 2613 5186 in
2665 5133 2795 5204 ipsa
2837 5129 3037 5202 vigilia
3083 5128 3578 5204 solemnitatis_S_.
3620 5128 3758 5184 Dio-

2110 5203 2281 5276 nysii,
2310 5221 2411 5275 pro
2444 5200 2920 5276 munere'magno
2945 5201 3337 5276 suscepimus.
3357 5200 3515 5264 Quod
3540 5201 3758 5276 donum

2111 5271 2400 5330 devotioni
2434 5281 2667 5339 nostrae,
2703 5293 2766 5331 ac
2799 5271 2846 5328 si
2899 5272 3128 5328 caelitus
3175 5271 3449 5338 allatum,
3485 5273 3632 5326 adeo
3669 5271 3759 5324 di-

2109 5347 2243 5401 vina
2275 5352 2358 5402 est
2379 5350 2564 5419 gratia
2614 5350 2941 5419 prosecuta.
2966 5344 3122 5419 utin
3148 5345 3349 5419 eadem
3376 5348 3542 5399 nocte
3564 5345 3760 5398 decem

2109 5423 2166 5473 et
2197 5415 2405 5474 novem
2444 5415 2950 5475 nominatissimas
3001 5415 3249 5470 virtutes
3300 5416 3357 5469 in
3409 5421 3758 5486 agrotorum

2111 5492 2414 5545 sanatione
2440 5492 2734 5546 variarum
2769 5488 3206 5552 inlirmitatum,
3235 5503 3304 5541 ex
3336 5487 3760 5551 notissimis,et

2109 5561 2393 5633 vicinitati
2427 5568 2636 5618 nostra
2671 5560 2966 5633 personisg
2996 5559 3294 5633 contiguis
3325 5560 3396 5613 ad
3429 5558 3661 5633 laudem
3705 5563 3758 5633 et

2130 5632 2355 5704 gloriam
2389 5635 2478 5690 sui
2513 5629 3186 5704 nominis,rorat_ionibus
3219 5635 3276 5685 et
3309 5629 3530 5704 meritis
3556 5629 3758 5704 excel-

2135 5705 2423 5760 entissimi
2456 5707 2545 5760 sui
2581 5703 2874 5776 martyris,
2907 5702 3174 5776 Christus
3202 5701 3488 5776 Dominus
3520 5701 3598 5756 sit
3625 5719 3761 5776 ope-

2112 5775 2227 5832 rari
2247 5776 2560 5848 dignatus.
2593 5799 2621 5828 »
2655 5773 2796 5848 Post
2825 5773 2955 5848 hac
2976 5773 3310 5848 Hilduinus
3335 5773 3498 5848 Beda
3543 5777 3600 5828 et
3621 5773 3761 5828 Gre-

2109 5841 2628 5919 goriiTﬁronensis
2655 5848 2727 5904 de
2757 5845 2864 5902 hoc
2891 5843 3166 5918 Dionysio
3186 5846 3386 5901 nostro
3406 5841 3638 5916 lapsum
3661 5859 3759 5899 os-
