3994 6214
144 290 237 345 9‘39

1126 289 1190 340 P.
1232 285 1613 343 LANSSELII
1652 283 2077 337 DISPUTATIO
2112 285 2509 342 APOLOGET.

3414 284 3524 337 990

147 415 442 472 ordinatus.
477 409 684 463 Petrus
715 406 776 463 in
810 409 1080 481 Catalogo
1123 407 1225 464 lib.
1269 424 1394 473 vni,
1439 423 1568 476 cap.
1621 405 1763 461 108:
1796 416 1846 479 Α
1881 406 2029 461 roris
2056 406 2123 481 S.
2149 409 2408 479 Gregorii
2439 408 2820 475 Turonensis,
2853 413 2912 464 et
2940 395 3187 463 aliorum
3257 407 3532 481 posteriO‘

148 485 452 543 Antoninus
481 481 627 536 621
686 485 846 550 parte
904 497 944 544 ι,
995 483 1085 535 tit.
1135 483 1190 546 6,
1251 496 1378 551 cap.
1426 481 1480 543 8,
1526 485 1582 533 et
1631 486 1766 533 ante

150 572 333 614 omnes
365 552 625 609 homines
656 551 764 605 hos
794 551 1142 607 Hincmarus
1171 567 1302 606 cum
1330 552 1451 621 agit
1470 551 1542 605 de
1563 556 1764 606 sancto

152 627 398 698 Dionysio
427 623 792 698 Areopagita.

205 691 437 756 Sanctus
467 691 743 766 Nigasius
776 698 877 747 aut
904 691 1196 766 Nicasius,
1215 693 1527 766 episcopus
1548 692 1763 766 Rheto-

146 768 438 841 magensis,
473 763 861 841 lt'Octobris,
894 781 927 818 a
962 765 1125 841 beato
1171 769 1465 841 Clemente
1513 764 1574 841 in
1624 763 1761 841 Gal:-

145 834 476 897 liasvmissus
506 852 641 891 cum
677 842 719 890 Β
770 837 1065 907 Dionysio,
1099 841 1154 889 et
1174 836 1412 899 caeteris,
1455 836 1627 904 cujus
1681 834 1761 889 rei

143 915 294 969 tidem
319 912 539 964 faciunt
568 910 782 975 adhuc,
817 906 1009 976 inquit
1048 908 1463 973 Demochares,
1513 914 1572 960 et
1602 906 1761 962 locus

142 982 381 1050 martyrii
430 980 611 1050 hujus
664 978 1014 1050 percelebris
1057 984 1121 1050 et
1167 994 1346 1040 sacer.
1397 977 1659 1049 reliquiae
1706 983 1763 1033 et

140 1049 333 1125 templa
359 1051 467 1125 sub
499 1049 677 1125 hujus
731 1050 967 1125 nomine
1018 1049 1175 1125 clara
1223 1066 1257 1104 a
1303 1050 1598 1120 RUpelurti
1647 1067 1761 1105 non

141 1121 371 1182 multum
404 1123 710 1177 distantia.
745 1121 886 1177 Vide
918 1121 1255 1176 Baronium.

196 1198 430 1252 Sanctus
486 1194 767 1249 Crescens
841 1197 945 1247 aut
1016 1194 1388 1248 Crescentius
1449 1192 1761 1263 episcopus

134 1265 484 1335 Viennensis,
515 1266 583 1319 27
643 1263 828 1328 Junii,
886 1264 1035 1335 beati
1099 1263 1262 1318 Pauli
1323 1264 1652 1335 discipulus
1706 1269 1763 1319 et

134 1344 350 1410 martyr.
377 1333 523 1410 Vide
553 1336 871 1410 Baronium
905 1339 975 1390 ad
1004 1333 1161 1410 hunc
1189 1336 1364 1410 diem.

195 1405 434 1466 Sanctus
475 1408 767 1463 Maximus
837 1409 941 1461 aut
1006 1405 1378 1474 Maximinus,
1444 1407 1759 1476 episcopus

133 1481 444 1552 Aquiensis,
476 1482 511 1533 8
537 1479 720 1552 Junii,
749 1478 849 1549 qui
884 1494 1015 1533 cum
1047 1478 1272 1532 sanctis
1307 1479 1542 1552 Lazaro,
1577 1477 1761 1531 Maria

135 1549 503 1624 Magdalena,
539 1550 766 1624 Martha
830 1551 1153 1624 sororibus,
1205 1554 1263 1604 et
1325 1549 1579 1624 Ceddnio
1633 1555 1761 1619 post

132 1619 414 1681 ascensum
444 1622 660 1676 Christi
680 1622 740 1676 in
772 1620 1009 1688 ccelum,
1060 1619 1247 1675 classe
1290 1620 1609 1675 Massiliam
1663 1635 1759 1689 ap-

136 1694 282 1769 pulit.
335 1699 539 1749 Petrus
597 1693 655 1748 in
714 1692 987 1761 Catalogo
1041 1691 1189 1747 libro
1239 1708 1292 1761 ν,
1350 1707 1478 1762 cap.
1544 1691 1641 1745 101
1703 1696 1761 1746 et

190 1840 419 1892 Sanctus
450 1834 702 1890 Ursinus
722 1837 824 1889 aut
857 1831 1183 1893 Ursinicus,
1236 1833 1548 1903 episcopus
1599 1830 1761 1886 Bitu-

132 1908 372 1974 ricensis,
401 1908 436 1959 9
470 1905 851 1961 Novembris:
886 1904 1045 1959 hunc
1077 1903 1758 1974 quidaleicuntNatlia-

131 1980 352 2035 naelem.
387 1978 602 2033 Petrus
631 1977 692 2031 in
717 1975 986 2047 Catalogo
1009 1991 1135 2046 cap.
1168 1979 1224 2043 ti,
1258 1975 1294 2031 l.
1326 1993 1371 2047 ι,
1404 1982 1458 2031 et
1491 1992 1621 2046 cap.
1673 1975 1762 2042 41,

128 2050 257 2105 libro
286 2068 338 2104 x.
370 2050 540 2106 Δάοι
568 2051 768 2105 «Item
795 2046 997 2102 eodem
1031 2047 1124 2102 die
1148 2048 1303 2118 apud
1320 2046 1608 2102 Bituricas
1633 2063 1763 2100 san-

128 2121 191 2175 cti
219 2121 424 2190 Ursini,
486 2121 583 2190 qui
638 2117 1200 2190 Romaaordinatus
1245 2136 1277 2172 a
1321 2117 1762 2173 successoribus

127 2189 545 2264 apostolorum,
565 2192 794 2262 primus
822 2189 1010 2264 eidem
1036 2190 1167 2244 urbi
1191 2190 1762 2264 destinatureiﬂsco-

126 2260 221 2335 pus
252 2280 265 2317 :
302 2285 331 2314 ››
360 2268 509 2318 sunt
536 2260 839 2332 ipsissima
871 2262 1048 2316 verba
1078 2262 1266 2316 sancti
1297 2260 1562 2335 Gregorii
1586 2262 1764 2316 Turo-

126 2333 303 2390 nensis
331 2339 403 2390 De
425 2335 617 2403 gloria
647 2335 1081 2400 cont’essorum,
1106 2349 1233 2403 cap.
1264 2333 1353 2387 80.

182 2401 442 2461 Sanctus
485 2405 806 2473 Eutropius
875 2401 1194 2474 episcopus
1235 2401 1639 2470 Santonensis,
1693 2402 1763 2474 30

123 2476 339 2547 Aprilis.
372 2501 397 2526 α
423 2494 465 2532 a
492 2476 555 2547 B.
587 2472 1211 2547 Clemente-spissum,
1248 2475 1437 2544 inquit
1460 2474 1629 2547 _Ado,
1680 2472 1763 2526 di-

123 2545 295 2604 rectus
326 2548 380 2603 in
413 2546 665 2611 Gallias,
692 2568 721 2595 ››
748 2551 858 2601 etc.
884 2545 1099 2601 Beatus
1117 2547 1436 2618 Gregorius
1458 2545 1764 2618 Turonen-

123 2618 197 2674 sis
215 2621 282 2675 De
306 2620 497 2690 gloria
528 2623 839 2689 martyrum
871 2634 1002 2690 cap,
1047 2619 1138 2672 56.
1173 2639 1218 2690 ιε
1241 2615 1572 2690 Ἐιιιι-ορίυε
1618 2631 1760 2690 quu-

124 2705 223 2760 quc
252 2687 476 2762 martyr
502 2687 830 2762 Sentonicat
878 2687 1062 2762 urbis,
1112 2705 1146 2743 a
1193 2688 1254 2742 Β.
1301 2687 1760 2762 Οιρωθηιθλερί-

124 2758 283 2832 scopo
310 2758 455 2817 fertu
476 2778 505 2815 r
527 2761 787 2816 directus
815 2759 875 2815 in
908 2760 1146 2832 Gallias,
1175 2783 1196 2811 ι
1235 2765 1326 2815 etc
1359 2764 1575 2832 Petrus
1600 2758 1762 2832 Cata-

130 2830 246 2902 logo
274 2834 368 2889 lib.
392 2850 475 2899 1v,
510 2849 644 2904 cap.
680 2833 800 2887 105.
837 2830 1189 2904 Breviarium
1243 2830 1569 2904 Parisiense
1619 2830 1762 2904 dicit

132 2901 362 2960 missum
408 2901 604 2960 fuisse
655 2919 788 2960 cum
857 2908 1057 2958 sancto
1109 2902 1385 2973 Dionysio
1433 2920 1463 2957 a
1511 2902 1573 2957 Β.
1634 2901 1757 2957 Cle-

132 2981 326 3030 mente.

192 3050 266 3101 Ne
294 3045 393 3117 ibi,
430 3046 654 3114 Lector,
690 3044 975 3117 metestus
1008 3044 1155 3117 sim,
1200 3044 1251 3099 si
1290 3042 1511 3117 diutius
1559 3043 1619 3097 in
1671 3060 1760 3117 re-

129 3115 162 3170 li
207 3117 292 3172 uis
320 3115 736 3184 te'detineam,
779 3116 951 3170 ﬁnem
1002 3116 1079 3170 im
1130 3132 1326 3179 onam,
1377 3115 1473 3170 ubi
1524 3115 1762 3169 nomina

129 3132 464 3242 reliquorum
504 3194 841 3242 sanctorum
875 3187 973 3242 aui
1007 3132 1225 3242 Gallias
1257 3191 1391 3242 ante
1420 3187 1579 3242 Decii
1614 3192 1760 3241 tem-

128 3204 179 3243 re

204 3190 464 3260 iquorum
504 3161 841 3260 sanctoi‘urn
875 3187 973 3258 qui
1007 3161 1225 3260 Gallias
1257 3161 1391 3242 arite
1420 3187 1587 3260 D_ecii
1614 3192 1760 3260 tem-
1793 3161 1836 3229 (ἶ

129 3258 257 3325 pora
283 3260 508 3316 lumine
544 3259 679 3314 ﬁdei
709 3258 1108 3325 illustrarunt,
1135 3258 1419 3313 indicare.
1448 3258 1533 3312 Tu
1559 3259 1629 3314 de
1652 3258 1772 3313 illis

129 3330 428 3388 Baronium
460 3336 522 3388 et
550 3330 697 3387 alios
724 3331 1020 3385 consules.

192 3403 431 3459 Sanctus
462 3403 766 3459 Taurinus
800 3398 1166 3457 Ebroicensis
1192 3399 1526 3470 episcopus,
1566 3404 1622 3453 11
1653 3405 1771 3454 Au—

130 3475 290 3543 gusti.
321 3476 583 3530 Sanctus
616 3474 909 3528 Lucianus
946 3471 1247 3539 Bellovaci,
1269 3471 1303 3524 8
1326 3470 1609 3543 Januarii.
1631 3471 1769 3527 San-

133 3542 536 3604 ctusNalerius
597 3545 990 3608 Treverensis,
1041 3544 1113 3596 29
1179 3542 1466 3597 Januarii.
1515 3546 1769 3598 Sanctus

133 3613 387 3675 Julianus
418 3615 908 3679 Cenomanensis,
936 3615 1005 3669 27
1033 3613 1322 3669 Januarii.
1368 3616 1617 3668 Sanctus
1661 3614 1765 3669 Za-

131 3686 342 3744 charias
387 3688 768 3753 Viennensis,
835 3687 905 3741 26
967 3685 1120 3740 Maii.
1163 3685 1416 3740 Sanctus
1480 3684 1767 3739 Martinus

138 3756 493 3829 Yiennensis,
570 3760 637 3814 10
682 3757 845 3814 Julii.
894 3762 1141 3829 genetus
1202 3756 1395 3829 Verus
1455 3755 1766 3829 episcopus

138 3826 490 3901 Viennensis,
530 3831 554 3883 1
588 3829 860 3901 Augusti.
885 3828 969 3901 De
998 3828 1105 3901 his,
1139 3831 1204 3882 ut
1253 3826 1543 3895 dicebam,
1575 3828 1766 3883 omni-

133 3897 232 3955 bus
255 3903 398 3958 nihil
429 3897 837 3974 penitus'dixit
870 3898 1207 3974 Gregorius,
1265 3914 1517 3974 quorum
1567 3903 1765 3955 tamen

133 3985 346 4046 resnec
377 3971 574 4046 parvae
604 3989 711 4046 nec
739 3974 1003 4046 obscurae
1038 3971 1292 4039 fuerunt,
1314 3972 1766 4046 _utqui_sanctos

128 4041 597 4102 Ecclesia-cretus
618 4044 1001 4115 publicasque
1021 4042 1398 4115 caeremonias
1421 4041 1637 4115 multos
1667 4059 1766 4115 an-

128 4129 225 4169 nos
254 4118 370 4172 sint
401 4112 715 4173 moderati.
745 4112 970 4185 Ergone
999 4114 1070 4168 de
1104 4118 1163 4167 Β.
1204 4113 1473 4185 Dionysio
1519 4129 1645 4184 quae
1666 4112 1764 4185 di-

126 4185 220 4257 xit,
250 4188 399 4244 'docti
435 4187 712 4244 homines
762 4183 1042 4257 tanquam
1094 4183 1315 4257 sibylla;
1350 4183 1562 4257 lolium
1611 4184 1763 4241 exci-

127 4256 292 4327 pient,
324 4265 381 4315 et
425 4257 743 4315 verissima
780 4256 908 4313 esse
973 4256 1368 4312 contendent?
1416 4256 1563 4321 Quid
1606 4258 1759 4327 quod

124 4328 296 4384 multa
323 4335 466 4387 sunt
492 4331 572 4386 ab
603 4344 669 4384 eo
702 4328 1059 4400 praascripta,
1111 4344 1238 4399 quas
1267 4344 1299 4382 a
1319 4328 1496 4383 choro
1544 4327 1761 4383 intelli-

120 4401 366 4470 gentiam
398 4400 677 4458 omnium
710 4400 1103 4470 repudiantur
1127 4400 1155 4455 Ἰ
1188 4400 1355 4455 Libro
1381 4416 1400 4454 ι
1420 4400 1607 4454 Μίνασ.
1634 4415 1759 4470 cap.

120 4469 201 4544 28,
231 4473 301 4527 de
331 4472 665 4544 apostolatu
701 4469 897 4544 magni
935 4470 1104 4544 Petri,
1125 4487 1308 4544 quem,
1329 4475 1526 4544 noster
1547 4469 1760 4543 Diony-

118 4540 645 4618 sius_coryphasum_
704 4552 755 4599 et
801 4540 1097 4618 Eubljmem
1143 4540 1450 4618 theologia;
1504 4540 1761 4618 verticem

119 4612 519 4688 nominat;'sic
556 4615 730 4688 habet
766 4630 784 4688 :_
831 4637 859 4664 ‹‹
912 4614 1483 4688 Petrusapostolus,
1535 4612 1636 4685 qui
1687 4614 1758 4668 ab

114 4684 386 4757 apostolis
418 4687 649 4745 cmteris
695 4686 1007 4757 cpiscopus
1053 4684 1381 4749 ordinatus,
1432 4684 1625 4741 Romae
1668 4702 1759 4739 ca-

117 4753 373 4814 thedram
404 4759 641 4816 locavit.
674 4779 702 4809 »
729 4753 1007 4822 Quod-itii
1036 4758 1249 4812 durum
1281 4762 1390 4822 est,
1422 4761 1485 4811 ut
1517 4758 1574 4811 ni
1607 4772 1758 4813 com-

114 4830 675 4903 modaAeXpositione
698 4828 1013 4903 molliatur,
1040 4829 1175 4903 ferri
1206 4832 1476 4900 nequeat,
1502 4844 1627 4903 cap.
1646 4827 1715 4881 29
1741 4844 1753 4882 :

117 4917 142 4948 «ι
172 4899 568 4968 Paulus-vero,
620 4900 830 4971 inquit.
886 4901 1205 4971 apostolus,
1250 4904 1381 4971 post
1427 4899 1753 4955 revolutum

113 4973 243 5026 anni
276 4974 592 5042 circulum,
628 4973 753 5042 ipsa
790 4972 883 5026 die
912 4988 1025 5041 qua
1063 4973 1263 5027 Petrus
1294 4971 1595 5043 apostolus
1627 4988 1758 5043 pas-

110 5055 222 5097 sus.
258 5066 286 5093 »
314 5053 400 5100 An
438 5049 762 5102 sectatores
792 5043 913 5099 hinc
943 5043 1003 5099 in
1037 5060 1096 5099 re
1146 5042 1606 5107 habet’multos,
1659 5042 1755 5108 qui

110 5116 457 5172 contrariam
516 5115 795 5171 omnibus
837 5131 1013 5185 prope
1061 5113 1355 5169 historicis
1401 5111 1752 5169 sententiam

107 5186 422 5243 tueantur?
455 5187 583 5251 Qua
614 5188 683 5242 de
718 5203 776 5241 re
808 5184 1037 5241 videndi
1070 5185 1458 5241 eruditissimi
1522 5184 1629 5240 viri
1652 5186 1751 5240 Ba-

108 5257 300 5328 ronius
330 5264 389 5315 et
425 5264 629 5314 noster
664 5257 995 5313 Deekerius.
1033 5257 1203 5313 Libro
1238 5275 1255 5312 ι
1307 5257 1586 5323 Historiae,
1622 5273 1749 5328 cap.

105 5324 187 5389 30,
219 5329 387 5385 docet
417 5331 649 5386 Sixtum
703 5330 1035 5400 pontiﬁcem
1088 5329 1442 5392 Romanum,
1492 5334 1549 5384 et
1602 5324 1753 5384 Lau-

104 5399 884 5477 rcntium‘archidiaconum
927 5401 1055 5477 sub
1087 5400 1255 5477 Decio
1300 5416 1527 5477 passos.
1556 5399 1751 5477 ⁸Αίίιυί

104 5467 181 5543 illi
209 5471 479 5541 signiferi
518 5472 754 5543 pietatis
797 5472 906 5528 sub
956 5471 1263 5526 Valeriano
1304 5467 1500 5527 Romae
1554 5470 1610 5527 in
1663 5467 1751 5527 ex-

100 5540 243 5596 celso
266 5540 335 5598 et
364 5540 593 5600 illustri
618 5543 743 5599 loco
779 5560 1078 5615 purpurea
1114 5543 1372 5613 trophaea
1405 5548 1749 5614 posuerunt,

104 5616 245 5680 quod
271 5615 571 5673 Baronius
602 5615 756 5671 clare
783 5631 814 5671 e
860 5619 917 5671 S.
961 5616 1244 5686 Cypriane
1286 5616 1670 5686 demonstrat,
1696 5619 1753 5670 et

100 5690 290 5809 11:3er
338 5687 616 5745 Mariana
672 5685 774 5744 lib.
825 5703 884 5743 ιν
933 5684 1022 5741 Πὸ
1056 5686 1217 5742 rebus
1265 5684 1570 5758 Hispania},
1620 5702 1747 5758 cap.

156 5825 313 5884 Nulli
332 5826 530 5901 igitur
562 5828 777 5887 mirum
806 5825 1093 5900 videatur,
1121 5824 1639 5887 Hilduinumhano
1658 5842 1748 5887 er-

1881 495 2011 531 rum
2045 480 2327 549 originem
2364 482 2588 534 alierre.
2623 501 2651 527 ››
2688 481 2829 534 Fieri
2861 481 3017 534 enim
3054 485 3246 550 potest
3272 485 3336 533 ut
3379 480 3527 533 dixi-

1876 567 2031 615 mus,
2067 553 2220 620 quod
2253 558 2472 606 textum
2512 552 2804 621 passionis
2830 553 3016 622 ipsius
3040 552 3229 606 sancti
3265 550 3530 606 Domnini

1875 638 1943 693 ex
1973 623 2329 677 authenticis
2378 623 2662 693 scriptum
2710 639 2824 677 non
2868 623 3141 687 habeant,
3187 627 3244 677 et
3294 624 3421 677 ideo
3470 623 3528 677 in

1876 691 1983 746 hoc
2015 698 2233 760 errent,
2266 694 2403 763 quia
2448 691 2515 748 et“
2563 710 2669 748 nos
2720 694 2918 764 plures
2969 694 3265 748 codicillos
3325 694 3530 749 exinde

1875 765 2151 833 vidimus,
2186 766 2286 836 qui
2322 767 2379 819 in
2414 764 2774 836 quibusdam
2813 782 2989 819 sensu
3012 765 3357 819 videbantur
3387 782 3527 819 con-

1875 838 2134 905 cordare,
2189 839 2288 891 sed
2341 838 2669 891 litteratura
2712 837 3028 891 admodum
3091 838 3417 902 dissonare,
3470 838 3523 891 in

1872 907 2226 977 quibusdam
2257 914 2451 963 autem
2481 924 2586 963 nec
2617 924 2793 962 sensu
2830 924 2935 964 nec
2988 907 3272 963 orationis
3327 914 3527 962 tenore

1874 984 2147 1049 poterant
2177 980 2427 1045 sociari;
2462 979 2616 1050 quod
2652 981 3031 1035 manifestum
3063 984 3174 1045 est,
3229 980 3406 1049 hujus
3437 995 3525 1033 ve«

1874 1051 2157 1106 nerabilis
2189 1056 2246 1105 et
2277 1049 2680 1121 antiquissimi
2715 1050 2898 1106 Petris
2921 1056 3151 1106 vetusta
3182 1049 3523 1121 longinqui-

1873 1127 2014 1194 tate,
2045 1127 2102 1176 et
2132 1122 2347 1190 ignotae
2378 1128 2553 1193 atque
2584 1121 2900 1193 peregrinas
2924 1122 3156 1194 linguae,
3183 1123 3282 1177 ubi
3305 1125 3375 1178 de
3397 1123 3524 1191 ejus

1872 1192 2084 1248 notitia
2115 1194 2367 1248 maxime
2400 1192 2684 1263 scriptum
2717 1192 2861 1261 erat,
2892 1192 3145 1261 inscitia,
3199 1210 3301 1248 seu
3355 1195 3527 1248 devo-

1870 1265 2029 1320 tione
2049 1264 2307 1320 ﬁdelium
2324 1265 2631 1331 accidisse,
2661 1266 2758 1334 qui
2777 1282 2891 1321 non
2907 1266 3185 1321 studuere
3207 1267 3275 1319 ad
3305 1265 3528 1335 priscas

1869 1335 2147 1391 historias
2180 1353 2282 1408 pro
2313 1337 2650 1408 cognitione
2681 1338 2810 1405 ejus
2834 1353 3153 1404 recurrere,
3178 1337 3367 1408 sedgea
3398 1352 3529 1407 quae

1870 1408 2077 1462 auditu
2111 1406 2492 1479 collegerunt,
2528 1415 2592 1462 ut
2621 1409 2933 1478 Gregorius
2970 1406 3352 1476 Turonensis,
3406 1406 3522 1463 non

1868 1479 2060 1534 votivo
2083 1494 2277 1533 errore
2311 1479 2537 1541 fallens.
2597 1480 2860 1534 videntes
2908 1480 3163 1550 insignia
3208 1480 3526 1550 magniﬁca

1871 1556 2047 1620 atque
2072 1549 2527 1606 innumerabilia
2559 1567 2662 1620 per
2682 1567 2814 1605 eum
2838 1551 2982 1616 fieri,
3009 1549 3179 1623 prout
3202 1549 3525 1621 unicuique
3596 1576 3605 1579 -

1870 1637 2047 1676 sensu
2080 1623 2422 1694 abundavit,
2454 1631 2804 1677 curaverunt
2836 1622 3072 1694 scriptis
3114 1622 3478 1678 committere
3505 1639 3519 1690 ;

1870 1694 1954 1766 sic
1989 1700 2046 1747 et
2074 1692 2145 1746 de
2177 1698 2513 1766 sanctorum
2546 1692 3163 1766 apostolorum—gestis
3194 1710 3261 1750 ac
3302 1693 3522 1764 passio-

1794 1788 1838 1853 Β
1873 1764 2048 1853 nibus
2081 1766 2299 1853 factum
2331 1764 2694 1853 legimus,_et
2725 1767 2795 1820 de
2820 1765 2959 1853 aliis
2984 1764 3321 1849 quibusque
3342 1766 3521 1821 histo-

1873 1836 1975 1908 riis
2010 1834 2276 1908 Ecclesiae
2310 1837 2663 1908 necessariis
2692 1834 3017 1892 manifeste
3044 1834 3525 1908 comperimus.»

1869 1906 1938 1961 Et
1970 1906 2141 1977 paulo
2174 1911 2347 1978 post:
2388 1927 2409 1956 ι
2441 1907 2722 1978 Caeterum
2761 1910 3118 1978 parcendum
3156 1906 3242 1964 est
3293 1906 3522 1978 simpli-

1870 1976 2036 2032 citati
2066 1976 2490 2050 virireligiosi,
2521 1976 2783 2049 Gregorii
2833 1980 3203 2036 Turonensis
3240 1976 3524 2050 episcopi,

1871 2050 1971 2119 qui
2005 2050 2194 2104 multa
2214 2049 2386 2105 aliter
2416 2065 2593 2119 quam
2618 2066 2680 2104 se
2703 2051 2917 2107 veritas
2938 2052 3167 2115 habeat,
3197 2049 3518 2118 aestimans,

1871 2137 1987 2175 non
2018 2120 2365 2192 calliditatis
2390 2126 2545 2190 astu,
2580 2122 2680 2176 sed
2715 2122 3095 2192 benignitatis
3125 2128 3256 2178 voto
3309 2121 3520 2177 litteris

1869 2192 2322 2247 commendavit.
2360 2191 2626 2247 Patentcr
2654 2198 2712 2248 et
2741 2191 2980 2263 quidem
3014 2210 3254 2250 noscere
3304 2210 3518 2264 possu-

1872 2279 2028 2336 mus,
2062 2280 2174 2336 non
2207 2264 2350 2319 adeo
2383 2264 2649 2336 quaedam
2675 2263 2919 2319 solerter
2940 2282 3073 2320 eum
3100 2263 3513 2336 investi’gasse,

1869 2333 2010 2405 quin
2042 2335 2094 2387 ei
2125 2334 2577 2405 contemporalis
2608 2335 2762 2391 622
2796 2336 3090 2392 exsistens
3123 2337 3208 2390 vir
3239 2333 3519 2405 prudens,

1869 2411 1926 2459 et
1954 2405 2512 2478 scholasticissimus
2546 2409 2920 2478 Fortunatus,
2954 2409 3053 2478 qui
3097 2410 3264 2478 plura
3296 2412 3353 2462 et
3406 2407 3520 2461 l're-

1870 2477 2202 2551 quenterad
2223 2477 2496 2551 eumdem
2516 2476 2850 2551 scripserat,
2876 2476 3159 2551 hymnum
3178 2478 3519 2551 rhythmicaz

1869 2548 2309 2618 compositionis
2341 2548 2804 2621 Pulcherrimum
2832 2552 2902 2605 de
2924 2548 3044 2605 isto
3091 2548 3519 2621 gloriosissimo

1869 2626 2123 2691 martyre
2149 2620 2542 2690 composuerit
2573 2637 2584 2675 :
2617 2621 2675 2675 in
2707 2637 2825 2691 quo
2856 2620 3300 2688 commemorat,
3322 2638 3456 2677 eum
3479 2638 3513 2675 a

1867 2690 1930 2763 Β,
1964 2690 2260 2763 Clemente
2288 2692 2671 2759 destinatum,
2707 2690 2864 2748 sicut
2894 2694 2954 2747 in
2991 2694 3324 2749 Latinorum
3355 2691 3521 2763 pagi-

1869 2762 1963 2835 nis
1993 2761 2198 2817 didicit
2227 2781 2241 2829 ;
2274 2763 2346 2819 de
2370 2763 2603 2835 natione
2636 2769 2833 2819 autem
2865 2766 3018 2835 ejus,
3047 2771 3104 2819 et
3155 2761 3520 2820 ordinatione

1867 2833 2239 2908 episcopatus
2285 2834 2642 2908 mentionem
2673 2906 2680 2908 _
2712 2852 2826 2891 non
2896 2833 3065 2903 ‘facit,
3118 2836 3256 2908 quia
3309 2835 3522 2907 lingua)

1866 2909 2074 2988 Graecas
2100 2906 2334 2988 penitus
2364 2922 2572 2988 expers
2603 2906 2797 2988 fuit?»

1940 2975 2215 3049 Longius
2233 2978 2344 3032 fuit
2368 2975 2476 3033 hoc
2497 2994 2629 3032 eum
2655 2978 2713 3033 S.
2739 2975 3021 3049 Gregorio
3054 2976 3381 3033 Turonensi
3405 2993 3523 3032 cer-

1868 3050 2089 3115 tamen,
2122 3048 2337 3119 quippe
2358 3049 2613 3104 Achilles
2641 3049 3115 3104 adversariorum
3142 3049 3523 3115 habitusfuit,

1876 3119 2177 3191 turrisque
2209 3119 2344 3174 belli
2377 3140 2391 3188 ;
2432 3120 2623 3176 caeteri
2658 3126 2721 3175 ut
2750 3120 2951 3176 velites
2998 3127 3175 3190 atque
3228 3121 3391 3187 nudi,
3447 3120 3526 3174 le-

1876 3191 2019 3245 viori
2053 3191 2429 3264 contentione
2463 3192 2786 3264 fundentur
2812 3191 3213 3264 Aiuntprimo
3244 3191 3527 3264 Nicepho-

1875 3278 2029 3334 rum,
2065 3262 2164 3333 qui
2190 3264 2431 3319 nomina
2459 3263 2891 3334 episeOporum,
2923 3262 3187 3333 quisuas
3215 3262 3401 3320 sedes
3432 3279 3525 3318 re-

1872 3332 2206 3403 liquissent,
2274 3351 2408 3389 cum
2459 3332 2732 3390 accurate
2795 3332 3140 3400 recenseret,
3203 3338 3274 3391 de
3321 3338 3522 3390 sancto

1874 3404 2149 3475 Dionysio
2184 3407 2475 3472 tacuisse;
2513 3411 2737 3461 certum
2788 3405 2985 3475 igitur,
3040 3407 3219 3460 videri
3274 3405 3520 3461 Athenis

1873 3473 2040 3530 illam
2074 3477 2187 3529 vita
2221 3477 2510 3531 functum.
2568 3477 2675 3530 Sed
2739 3473 3033 3546 perfacilis
3092 3476 3232 3531 huic
3291 3482 3380 3533 est
3434 3494 3525 3532 re-

1872 3547 2113 3627 sponsio
2148 3564 2161 3614 ;
2194 3547 2347 3603 clare
2377 3546 2592 3602 etenim
2627 3548 2751 3616 ipse
2781 3547 2923 3602 dicit
2955 3546 3246 3617 plurimos
3274 3564 3337 3603 se
3368 3548 3523 3603 omi~

1872 3634 2042 3672 81886.
2573 3639 2580 3645 '

1940 3688 2226 3759 Secundo,
2257 3687 2511 3741 Severus
2540 3685 2830 3759 Sulpitius
2870 3688 2930 3742 B.
2969 3686 3223 3759 Martini
3262 3688 3519 3759 discipu-

1869 3757 1987 3826 lus,
2018 3759 2117 3829 qui
2152 3758 2307 3813 circa
2329 3774 2549 3813 annum
2578 3757 2801 3813 Domini
2827 3759 2929 3812 400
2954 3758 3167 3824 floruit,
3192 3760 3363 3814 testis
3389 3757 3513 3827 est;

1869 3851 1897 3879 ‹‹
1933 3831 2339 3902 persecutione
2362 3830 2597 3902 demum
2633 3830 2838 3902 quinta
2869 3830 3149 3902 martyris
3197 3831 3255 3885 in
3304 3830 3512 3887 Galliis

1868 3899 1995 3957 visa
2026 3902 2227 3965 fuisse,
2252 3901 2449 3973 serius
2474 3899 2850 3972 trans'Alpes
2883 3900 2986 3956 Dei
3019 3899 3298 3973 religione
3326 3920 3521 3958 susce-

1871 3977 1986 4044 pta.
2023 3994 2051 4023 ››
2083 3971 2263 4044 Atqui
2295 3973 2365 4027 ad
2400 3971 2506 4044 hoc
2536 3971 2795 4044 tempus,
2827 3974 2997 4044 utvir
3037 3971 3402 4029 clarissimus
3426 3973 3520 4030 Ni-

1868 4043 2070 4101 eolaus
2101 4044 2285 4099 Faber
2315 4043 2622 4118 scribebat,
2654 4043 2968 4118 Dionysius
2997 4045 3344 4118 Areopagita
3383 4061 3516 4118 per-

1866 4117 2062 4171 venire
2095 4132 2209 4170 non
2239 4114 2448 4187 potuit,
2472 4131 2584 4187 nec
2649 4115 2780 4187 ejus
2812 4114 3172 4187 martyrium
3224 4114 3518 4172 stare'sub

1866 4187 2198 4260 Domitiano
2222 4184 2315 4260 vel
2347 4186 2621 4260 Trajauo,
2645 4184 2704 4260 in
2729 4186 2882 4260 quod
2910 4184 3142 4259 tempus
3164 4188 3220 4260 id
3247 4189 3519 4260 rejiciunt

1910 4259 1968 4332 ui
1999 4257 2336 4332 diutissime
2364 4257 2581 4332 vixisse
2610 4256 2816 4332 volunt
2845 4257 2904 4313 in
2936 4256 3141 4316 Galliis
3174 4259 3221 4316 si
3248 4256 3508 4332 primum
3535 4285 3546 4297 -

1867 4327 1948 4403 ibi
1978 4330 2184 4401 quinta
2216 4329 2619 4403 persecutione
2656 4327 2767 4384 visi
2826 4339 3107 4403 martyres
3131 4327 3312 4388 fuere.
3364 4334 3515 4388 Sane

1867 4398 2378 4475 hocitelum'quod
2415 4398 2764 4475 acerrimum
2799 4398 3043 4471 quidam
3071 4408 3300 4475 putant.
3326 4404 3517 4459 erudi-

1868 4472 2084 4528 tissimi
2122 4472 2287 4527 li‘abri
2319 4471 2489 4542 quasi
2520 4478 2887 4527 armamento
2918 4479 2974 4528 et
3003 4471 3345 4530 auctoritate
3384 4491 3519 4529 con-

1794 4527 1836 4591 D
1870 4548 2114 4609 tortum,
2146 4545 2225 4598 ita
2260 4527 2377 4598 leve
2411 4543 2718 4614 debileque
2743 4527 2971 4613 judico,
3006 4527 3515 4601 ut'n'ihilqvidea-

1871 4620 1967 4670 tur
1988 4615 2279 4671 hebetius.
2312 4615 2455 4669 Nam
2491 4614 2687 4670 Severi
2719 4615 2953 4684 quidem
2987 4615 3217 4686 Sulpitii
3265 4616 3513 4682 dictum,

1870 4688 2023 4758 quod
2056 4704 2183 4742 meo
2204 4686 2429 4758 judicio
2463 4687 2641 4740 Faber
2672 4702 2784 4758 non
2804 4688 3166 4758 comprobat,
3190 4704 3301 4743 non
3328 4693 3520 4757 potest

1870 4756 1986 4831 non
2008 4758 2253 4831 indoctae
2296 4757 2539 4829 plenum
2592 4756 2865 4831 vanitatis
2921 4756 3382 4831 temeritatisque
3439 4761 3520 4814 vi-

1868 4828 2015 4895 deri,
2049 4829 2159 4884 nisi
2185 4827 2516 4899 opportuna
2545 4827 2929 4898 explicatione
2977 4827 3305 4886 condiaturl
3364 4832 3514 4896 Quid

1868 4900 2025 4974 enim
2047 4900 2074 4955 ?
2105 4917 2303 4974 verum
2340 4899 2483 4954 illud
2510 4916 2638 4954 esse
2656 4905 2849 4970 queat,
2876 4905 3008 4955 ante
3040 4901 3301 4971 quintam
3328 4920 3517 4974 perse-

1868 4972 2186 5046 cutionem,
2216 4971 2273 5025 id
2307 4976 2397 5046 est
2426 4975 2799 5046 ante‘annum
2860 4973 3245 5029 centesimum
3279 4971 3519 5046 septua-

1868 5042 2184 5127 gesimum,
2219 5042 2415 5098 nullos
2448 5042 2507 5097 in
2540 5041 2733 5126 Gal-lia.
2774 5049 3060 5127 martyres
3112 5046 3317 5127 visus?
3349 5041 3513 5127 'Quid

1866 5112 2047 5185 igitur
2077 5112 2358 5189 faciemus
2382 5112 2854 5189 generosissimis
2877 5112 2995 5189 illis
3022 5116 3286 5172 Ecclesiae
3315 5112 3513 5189 primae

1871 5184 2233 5258 proceribus,
2261 5184 2411 5258 quos
2432 5189 2691 5258 veterum
2725 5185 3103 5258 historiarum
3139 5189 3284 5243 ﬁdes
3316 5184 3513 5245 'disci-

1871 5203 2233 5258 proceribus,
2261 5203 2411 5312 quos
2432 5203 2691 5241 veterum
2725 5203 3103 5242 nisionarum
3139 5203 3284 5243 nues
3332 5203 3511 5245 disci-

1869 5258 2040 5329 pulos
2068 5263 2271 5327 aposto
2299 5273 2467 5314 orum
2502 5256 2659 5329 facit,
2694 5256 2793 5327 qui
2823 5260 3002 5314 variis
3031 5259 3088 5315 in
3123 5259 3265 5315 locis
3314 5261 3511 5316 Gallia:

1865 5328 1937 5385 de
1974 5330 2261 5403 perfidia,
2282 5328 2670 5403 immanitate,
2691 5331 3151 5403 supersititione,
3167 5331 3516 5403 gloriosissi-

1864 5399 1991 5476 mos
2020 5399 2356 5476 triumphos
2386 5400 2715 5455 retulerunt
2743 5399 2781 5454 ?'
2818 5402 2903 5476 An
2946 5402 3090 5476 forte
3142 5399 3449 5476 martyres
3473 5405 3511 5458 ii

1865 5474 1979 5528 dici
2015 5472 2257 5527 minime
2290 5476 2552 5541 possunt.
2587 5488 2837 5544 quorum
2868 5472 2927 5526 in
2973 5474 3247 5544 patiendo
3300 5472 3513 5532 nobili-

1862 5549 1985 5600 tata
2015 5546 2374 5609 constantia,
2425 5544 2566 5617 ferri
2616 5542 2822 5606 aciem,
2873 5542 3077 5617 uncos,
3125 5546 3424 5617 equuleos,
3456 5552 3512 5603 et

1863 5632 2036 5689 omne
2061 5631 2257 5689 genus
2281 5613 2633 5689 carniﬁcina)
2653 5617 3000 5689 superavit?
3028 5613 3332 5689 Cum-ergo
3364 5620 3508 5676 scri-

1863 5683 2077 5769 bitﬂsul
2087 5683 2286 5769 pitius,
2318 5683 2981 5769 pprsecutionedemum
3004 5689 3210 5758 quinta
3226 5683 3511 5769 martyris.

1860 5757 1921 5831 in
1954 5756 2157 5831 Galliis
2187 5756 2548 5823 visa'fuisse,
2579 5771 2696 5813 non
2726 5756 2851 5831 vult
2900 5756 3119 5831 dicere,
3160 5762 3356 5820 nullos
3383 5756 3505 5831 'pe-

1859 5826 2024 5888 nitus
2070 5827 2254 5888 fuisse
2302 5832 2608 5902 martyres,
2667 5827 2771 5887 sed
2833 5830 2962 5887 tum
3034 5826 3291 5904 primum
3348 5826 3509 5892 velut
