3994 6214
172 218 269 276 993

1168 220 1231 272 P.
1270 218 1641 274 LANSSELII
1677 216 2112 272 DISPUTATIO
2150 217 2547 273 APOLOGBT.

3459 221 3566 278 994

172 351 404 402 veterem
440 343 716 417 pietatem
739 341 1155 417 illustrandum
1178 342 1406 410 idonea,
1433 342 1794 415 pr0pediem,
1826 355 1878 417 Α
1910 339 2096 417 «_Ni_si
2125 355 2282 417 vero,
2307 340 2465 417 quo_d
2499 341 2569 417 ad
2586 339 2763 417 prius
2780 345 3026 417 spectat,
3052 344 3208 414 quod
3230 345 3388 417 apud
3415 347 3564 402 Ana-

172 419 381 490 Opinor,
407 417 605 490 iucem
628 414 871 469 videbit.

235 490 378 544 624
406 487 542 540 Post
571 490 918 557 argumenta
947 489 1066 539 tam
1089 556 1098 557 η
1119 484 1324 552 multa,
1359 489 1598 554 tamque
1653 483 1792 557 illu-

167 562 318 630 stria,
350 559 568 627 quibus
599 556 742 612 cmlo
777 556 1427 630 terraquefaventibus,
1477 556 1791 627 Areopagi-

164 627 781 698 tam'ﬂierophantem
839 628 898 682 in
967 627 1214 683 Galliam
1285 629 1658 696 deduximus,
1721 645 1792 682 an

165 711 553 773 exspectemus
577 701 719 754 dum
752 699 945 754 solum
981 701 1198 769 ipsum,
1248 701 1389 754 dum
1425 701 1673 773 parietes
1706 705 1792 752 at-

166 772 274 846 que
300 779 449 827 tecta
475 787 671 846 vocem
705 773 949 846 mittant
970 779 1024 826 et
1040 774 1385 846 exclamant,
1411 772 1792 846 ethominuin

163 843 245 916 (ut
276 844 712 916 modestissime
743 844 957 912 dicam)
979 844 1126 916 ‘plus
1156 843 1336 916 nimio
1379 843 1490 897 sibi
1526 845 1793 916 tribuen-

162 913 302 970 tium
333 915 664 985 opinionem
705 913 999 968 refutent?
1055 915 1277 969 nihilne
1331 915 1792 985 vetustissimum

161 984 478 1043 Graecorum
539 985 827 1056 templum
889 990 1249 1040 exstructum
1309 985 1588 1049 Parisiis,
1648 984 1795 1039 nihil

160 1064 212 1113 Β.
242 1057 498 1130 Dionysii
530 1063 808 1130 carceret
840 1057 1072 1130 defossa
1101 1073 1334 1128 specus,
1366 1057 1510 1111 nihil
1561 1061 1645 1130 tot
1672 1057 1797 1111 loca

161 1130 271 1185 late
300 1128 526 1200 sparsa,
555 1137 680 1183 tum
713 1128 970 1199 Dionysii
1005 1130 1184 1183 nostri
1218 1135 1342 1182 tum
1374 1129 1794 1200 discipulorum

158 1219 284 1271 ejus
310 1199 508 1256 notata
539 1200 820 1267 vestigiis,
857 1199 1086 1270 pietate,
1111 1200 1419 1271 sanguine,
1462 1199 1796 1271 laureisque

157 1270 382 1337 ornata,
425 1273 496 1326 ad
556 1272 729 1325 {idem
778 1271 1104 1326 faciendam
1164 1270 1481 1326 valebunt?
1540 1270 1796 1326 lllustris

157 1346 299 1399 mihi
334 1346 391 1398 in
422 1344 533 1397 hoc
565 1359 776 1414 genere
819 1343 942 1396 visa
966 1413 971 1414 ί
996 1344 1102 1396 fuit
1162 1346 1348 1398 oratio
1384 1346 1443 1398 D.
1472 1413 1475 1414 ν
1507 1342 1793 1410 Bocherii,

154 1417 408 1471 doctoris
437 1413 694 1484 theologi
730 1413 1032 1486 Sorbonici
1054 1416 1214 1468 omni
1238 1431 1447 1486 genere
1468 1413 1794 1469 litterarum

153 1487 386 1554 exculti,
418 1502 594 1555 quam
628 1486 914 1556 integram
946 1485 1039 1540 hic
1068 1486 1190 1552 tibi,
1227 1485 1451 1553 Lector,
1477 1503 1796 1556 repraesen-

155 1560 392 1614 tandam
423 1557 642 1628 putavi,
676 1573 746 1611 ne
777 1558 826 1611 si
863 1557 944 1610 vel
980 1558 1294 1612 minimum
1330 1574 1435 1626 ego
1467 1564 1798 1612 commuta-

150 1648 304 1696 vero,
337 1628 560 1699 aliquid
593 1629 664 1682 de
695 1630 838 1682 tanti
863 1628 975 1700 viri
991 1629 1276 1698 sapientia
1302 1636 1358 1683 et.
1387 1629 1676 1700 elegantia
1697 1635 1796 1684 de-

153 1707 353 1786 matur
380 1715 604 1786 :Ieoque
633 1700 844 1786 faciam
876 1700 930 1780 id
966 1699 1271 1786 libentius,
1301 1699 1795 1786 quod4clariﬂviri
1830 1722 1874 1786 Β

153 1771 620 1843 disputationem
639 1772 842 1826 doctor
857 1771 1174 1841 singularis
1193 1772 1452 1827 Andreas
1469 1771 1793 1838 Duvallius,

153 1846 436 1901 Sorbonaa
466 1843 689 1916 lumen,
721 1860 826 1898 suo
853 1844 1081 1911 judicio
1113 1843 1532 1914 comprobavit.
1568 1845 1666 1899 llle
1699 1847 1807 1916 igi-

154 1922 252 1970 tur
280 1933 314 1969 a
349 1930 441 1968 me
473 1931 648 1984 super
679 1914 787 1970 hac
821 1918 1139 1985 quaestione
1171 1921 1431 1985 rogatus,
1466 1916 1544 1969 ita
1578 1932 1680 1987 per
1712 1914 1806 1972 lit-

154 1993 315 2042 teras
349 1987 656 2055 respondit
679 2003 692 2041 :

233 2081 255 2107 ι
293 2058 460 2122 Quod
494 2074 528 2112 a
559 2073 648 2112 me
682 2057 852 2127 petis,
880 2055 996 2110 imo
1020 2055 1276 2126 ﬂagitas,
1308 2055 1387 2110 mi
1419 2056 1704 2122 Lansseli,
1737 2059 1808 2113 de

154 2133 416 2200 utroque
447 2129 601 2183 circa
630 2128 1042 2200 Areopagitam
1069 2128 1407 2198 Dionysium
1433 2130 1698 2199 (tuumne
1719 2130 1807 2183 di-

151 2215 287 2254 cam
317 2198 398 2254 an
429 2207 694 2254 nostrum
714 2200 742 2253 Τ
773 2201 874 2272 sed
909 2215 990 2253 ve.
1011 2198 1102 2253 ius
1135 2207 1401 2272 nostrum
1421 2205 1592 2268 atque
1619 2201 1807 2272 tuum)

149 2272 526 2343 problemata
553 2272 689 2341 quid
725 2270 998 2343 sentiam,
1031 2271 1234 2343 altero,
1265 2271 1418 2325 sitne
1449 2272 1545 2326 hic
1586 2270 1808 2338 noster,

148 2342 204 2396 id
244 2348 339 2397 est
373 2343 750 2409 Parisiorum,
785 2342 937 2396 idem
969 2343 1068 2412 qui
1093 2342 1254 2412 prius
1288 2344 1650 2396 Athenarum
1682 2343 1805 2414 epi-

145 2431 397 2484 scopus,
429 2413 631 2479 altero,
665 2430 738 2466 an
768 2414 983 2484 γνήσια,
1029 2430 1156 2484 qua:
1206 2416 1440 2468 nomine
1492 2415 1620 2483 ejus
1673 2431 1808 2468 cen-

143 2494 368 2540 sentur
401 2502 577 2556 opera
608 2491 782 2554 atque
809 2486 1025 2552 scripta
1070 2491 1340 2555 (quorum
1392 2485 1639 2540 alterum
1674 2491 1807 2541 ante

143 2573 341 2612 annos
377 2557 782 2627 septingentos
830 2559 1114 2627 agitatum
1160 2572 1226 2609 ac
1275 2557 1558 2620 decisum,
1610 2557 1805 2612 seculi

142 2629 342 2682 nostri
378 2629 794 2682 nonnullorum
820 2631 890 2682 de
916 2628 1087 2681 rebus
1109 2629 1491 2696 quantumvis
1512 2628 1805 2682 clarisdu-

141 2700 385 2781 bita'ndi
422 2700 733 2778 nodumve,
762 2705 827 2754 ut
869 2699 1105 2781 dicitur,
1165 2699 1222 2781 in
1256 2700 1450 2781 scirpo
1508 2701 1804 2781 quaerendi

143 2769 429 2836 κακόηθες
461 2771 798 2837 renovavit;
844 2770 1092 2824 alterum
1156 2771 1376 2825 dudum
1412 2769 1668 2841 sopitum
1703 2788 1808 2826 no-

145 2849 432 2896 vatorum
465 2841 574 2895 sibi
608 2859 639 2895 a
662 2841 762 2896 tali
785 2843 1169 2911 auctorejure
1194 2843 1580 2896 metuentium
1605 2845 1689 2898 sie
1711 2859 1805 2898 re-

147 2915 315 2968 coxit
349 2913 642 2985 impietas,
679 2920 756 2985 uti
773 2913 1065 2985 peperisse
1095 2914 1384 2983 videatur)
1418 2914 1560 2968 facis
1581 2920 1642 2969 tu
1675 2915 1804 2985 qui-

141 2987 283 3039 dem
319 2984 407 3038 sic
431 2985 614 3038 amice
648 2989 705 3038 et
735 2983 1118 3048 familiariter,
1145 2989 1206 3038 ut
1243 2985 1502 3040 vicissim
1526 3002 1618 3039 me
1642 2983 1806 3040 fateri

136 3054 529 3148 familiaritas
553 3055 781 3148 jubeat,
800 3055 1152 3138 sijudicium
1179 3073 1368 3136 meum
1393 3060 1622 3148 tantulm
1642 3074 1798 3128 qute-
1831 3082 1873 3148 ρ

137 3129 248 3196 ris,
286 3127 528 3196 perinde
561 3128 615 3180 id
652 3143 743 3180 me
773 3128 1059 3198 accipere,
1101 3143 1168 3181 ac
1197 3128 1245 3180 si
1279 3134 1480 3198 aperto
1526 3127 1801 3198 clareque

135 3199 266 3253 sole
302 3214 560 3268 queras,
592 3204 898 3253 noctemne
924 3214 1075 3252 anne
1106 3198 1259 3252 diem
1292 3216 1421 3254 esse
1453 3206 1668 3267 putem.
1704 3198 1806 3256 Sin

138 3278 205 3324 ut
239 3270 404 3323 lucis
437 3268 656 3343 aliquid
693 3270 925 3343 addam,
971 3269 1208 3342 perinde
1236 3286 1300 3324 ac
1324 3271 1618 3339 sijubeas,
1646 3271 1804 3343 lych-

139 3357 296 3395 num
339 3355 433 3394 me
479 3341 586 3394 soli
644 3341 985 3395 admovere.
1034 3342 1256 3412 Quippe
1310 3343 1408 3412 qui
1471 3344 1529 3396 in
1565 3360 1624 3396 re
1671 3341 1805 3398 tam

132 3413 332 3483 longa
369 3413 716 3465 saeculorum
742 3413 1023 3467 memoria
1052 3420 1170 3466 tam
1205 3413 1690 3482 acribusjudiciis
1717 3414 1804 3468 in-

137 3485 394 3552 dagata,
429 3488 514 3536 tot
543 3485 907 3537 eruditorum
943 3501 1008 3538 ac
1041 3490 1379 3538 sanctorum
1413 3487 1802 3552 confessione,

137 3556 611 3624 Graecorumque
640 3571 703 3608 ac
737 3555 1076 3609 Latinorum
1129 3572 1413 3610 consensu
1473 3557 1692 3610 credita
1747 3562 1805 3611 et

139 3629 426 3695 probata,
452 3642 554 3680 nec
587 3626 758 3680 modo
791 3627 1120 3697 principum
1157 3632 1331 3697 atque
1373 3627 1516 3681 adeo
1549 3629 1804 3697 impera-

138 3705 360 3751 torum
391 3703 447 3751 et
479 3713 701 3768 regum,
735 3701 792 3751 et
823 3697 922 3768 qui
953 3698 1009 3752 in
1042 3699 1272 3753 Oriente
1303 3703 1360 3751 et
1385 3698 1483 3768 qui
1541 3698 1598 3752 in
1641 3699 1804 3752 Occi-

139 3770 336 3822 dente
371 3785 558 3822 rerum
595 3769 756 3838 potiti
791 3774 948 3830 sunt,
985 3771 1079 3824 sed
1104 3775 1160 3824 et
1191 3769 1532 3840 pontificum
1589 3770 1802 3824 Roma-

139 3857 372 3893 norum
429 3840 772 3894 auctoritate
825 3840 1064 3895 suﬁ'ulta
1091 3847 1146 3896 et
1179 3843 1468 3907 roborata,
1501 3841 1803 3896 miraculis

135 3911 414 3980 denique
444 3911 806 3973 confirmata,
843 3911 983 3982 quid
1018 3911 1249 3966 multa?
1306 3911 1462 3966 nullo
1496 3928 1608 3966 non
1661 3930 1802 3983 pra»

135 3983 500 4052 scriptionis
514 3999 724 4052 genere
738 3983 1018 4054 stabilita,
1035 4001 1100 4038 ac
1117 3983 1361 4054 munita,
1383 3983 1801 4054 Pyrrhonicum

133 4055 305 4108 istud
345 4055 537 4127 denuo
568 4071 669 4108 seu
704 4053 932 4127 ἀπορίᾳς
964 4072 1065 4109 seu
1099 4053 1338 4125 σκέψεως
1383 4053 1640 4109 aemulari
1699 4071 1798 4127 ge-

131 4142 262 4180 nus
297 4125 540 4195 (nedum
575 4141 784 4194 negare
815 4123 1024 4192 ἁπλῶς,
1049 4132 1106 4180 et
1129 4123 1452 4193 cornicum,
1479 4132 1542 4180 ut
1567 4123 1802 4193 dicitur,

128 4197 701 4269 oculosrconﬁgere)
723 4203 842 4269 tam
870 4199 1184 4269 pervicacis
1205 4198 1380 4252 animi
1417 4213 1543 4252 esse
1577 4204 1800 4268 putem,

127 4285 324 4339 quam
363 4268 417 4320 id
457 4270 700 4334 probare
730 4268 880 4323 velle
926 4271 1202 4339 amplius,
1260 4269 1487 4324 inutilis
1518 4285 1704 4338 operae
1737 4287 1802 4324 ac

127 4338 395 4412 laboris.
428 4340 675 4412 Maxime
706 4357 859 4406 vero,
894 4357 959 4395 ex
989 4338 1104 4411 quo
1160 4346 1289 4412 post
1318 4340 1475 4394 clara
1537 4341 1798 4410 priorum

129 4409 1340 4505 graculorum-'Ecelesielu‘mi‘n'alet'quos
1390 4412 1596 4505 Oriens
1635 4413 1796 4505 rt‘ulit,
1833 4443 1876 4505 Ι)

127 4481 460 4555 Syngelos,
498 4483 839 4555 Methodios,
875 4481 1322 4554 Metaphrastas,
1355 4490 1410 4538 et
1457 4500 1603 4555 quos
1634 4481 1795 4539 Occié

124 4554 292 4607 dens
331 4553 639 4608 Hilduinos
665 4559 721 4609 et
747 4553 1108 4618 llincmards,
1134 4573 1165 4609 a
1189 4556 1404 4626 quibus
1430 4553 1548 4609 hinc
1576 4556 1798 4611 dudum

122 4631 271 4698 tam
297 4631 572 4698 accurate
606 4627 948 4698 disceptata,
974 4627 1263 4690 discussa,
1285 4627 1481 4682 decisa
1503 4633 1662 4692 sunt,
1698 4628 1799 4698 qui

121 4695 471 4768 novissime
501 4696 714 4751 saaculo
749 4695 948 4753 nostro
993 4699 1353 4768 prodierunt,
1418 4695 1797 4764 Genebrardi,

119 4766 379 4840 Galeni,
413 4767 662 4840 Baronii,
689 4766 1057 4840 amplissime
1109 4785 1242 4824 vero
1300 4769 1499 4835 Delrii,
1559 4786 1799 4826 causam

119 4838 298 4892 hanc
332 4838 419 4891 sic
453 4838 844 4904 illustrarunt,
876 4841 994 4894 imo
1017 4841 1402 4910 pervicerunt,
1428 4847 1490 4894 ut
1512 4841 1796 4911 quid-[uid

117 4911 300 4964 istud
333 4911 594 4984 amplius
628 4912 683 4964 in
709 4918 959 4984 utroque
991 4912 1349 4983 problemate
1374 4913 1797 4981 controversiae,

115 4998 236 5057 sei)
277 4981 482 5052 potius
514 4980 879 5057 φιλονεικίας⁷
907 4980 1345 5057 et_'ambitiosa3
1378 4980 1798 5057 contentionis

114 5053 270 5126 erit,
307 5068 424 5106 non
458 5053 576 5108 tam
611 5055 681 5109 ad
717 5056 773 5108 id
807 5054 1247 5109 dissolvendum
1284 5055 1505 5110 ratione
1527 5057 1802 5126 autjudi-

111 5125 241 5190 cio,
279 5140 466 5194 quam
501 5143 679 5181 sensu
711 5143 862 5196 opus
884 5143 1012 5181 esse
1044 5128 1326 5181 videatur.
1359 5128 1550 5189 Plane,
1574 5130 1700 5182 utsi
1731 5128 1800 5181 iis

109 5196 226 5266 qui
271 5202 497 5264 negant
529 5197 614 5252 vel
647 5198 922 5252 dubitant
949 5215 1040 5252 me
1063 5201 1408 5268 adjungam,
1434 5205 1553 5254 tam
1578 5199 1635 5253 in
1660 5200 1800 5253 vitio

106 5272 380 5341 futurus
403 5268 538 5341 sim,
575 5286 750 5340 quam
784 5271 832 5323 si
868 5271 937 5325 iis
971 5271 1068 5340 qui
1133 5274 1298 5325 aiunt
1356 5271 1796 5341 afﬁrmantque,

104 5339 296 5394 aliud
367 5339 513 5393 nihil
573 5339 830 5411 amplius
891 5339 1082 5413 egero,
1144 5360 1320 5412 quam
1383 5349 1446 5396 ut
1503 5339 1694 5413 poeta!
1741 5345 1796 5396 id

106 5425 468 5481 usurpem:

593 5482 777 5537 Vitavi
807 5483 1044 5554 denique
1075 5485 1318 5555 culpam,

393 5557 516 5610 Non
548 5555 774 5625 tandem
806 5555 1128 5612 merui......

935 5632 1108 5699 Hom,
1143 5628 1214 5682 De
1242 5632 1360 5683 arte
1388 5636 1554 5699 poet.,
1584 5643 1638 5684 v.
1667 5626 1794 5681 267.

182 5769 317 5840 ('18)
357 5767 602 5841 Niceph.
641 5769 679 5825 l.
716 5788 776 5839 ii,
813 5787 866 5828 c.
905 5772 997 5825 21.

1909 411 2158 466 stasium
2192 411 2249 466 S.
2305 411 2372 467 lt.
2415 413 2475 466 E.
2539 411 3163 470 bibliothecarium's.
3229 411 3559 473 Methodius

1902 484 2352 556 Constantinop.
2377 484 2715 556 episcopus,
2745 489 2896 556 apud
2927 486 3315 556 Lipomanum
3347 489 3408 542 B.
3455 490 3556 542 Mi-

1905 554 2068 608 chael
2089 555 2399 630 Syngelus,
2417 556 2567 624 apud
2584 555 2826 630 VSurium
2851 554 3084 612 Simeon
3106 558 3559 630 Metapbrastes,

1908 627 2104 700 magni
2128 629 2289 681 illius
2310 629 2672 700 Areopagitas
2695 626 2836 680 Vitae
2863 630 3199 700 scriptores,
3225 626 3437 686 etcum
3488 626 3561 689 iis

1905 697 2301 769 Nicephorum
2323 699 2458 767 (48),
2487 698 2666 753 Graeci
2692 715 2917 767 omnes,
2941 697 3206 770 ejusdem
3232 702 3290 756 in
3339 702 3559 760 Galiias

1906 769 2221 843 adven_tum
2258 786 2373 843 uno
2405 775 2804 843 oreastruunt
2835 786 2848 823 :
2881 779 2937 824 et
2968 773 3121 842 quod
3146 775 3299 843 apud
3335 776 3557 830 Hildui-

1907 857 2049 914 num
2072 840 2348 914 Tarasius
2372 840 2703 914 patriarcha
2732 840 3036 898 Constant.
3061 848 3118 898 et
3148 840 3273 914 ipse
3299 845 3555 910 Graecus,

1907 911 2161 966 sollicita
2192 911 2458 986 adhibita
2490 913 2896 986 inquisitione,
2930 915 2987 968 id
3023 931 3125 986 pro
3149 911 3306 970 certo
3321 923 3558 973 tandem

1907 999 1973 1037 ac
1995 991 2296 1054 comperto
2323 984 2499 1038 habet
2529 1004 2544 1046 ς
2576 985 2815 1055 etquod
2845 986 2998 1055 apud
3026 984 3415 1043 ’Hincmarum
3443 989 3556 1044 Hil-

1906 1056 2156 1142 domum
2189 1056 2575 1142 disci/pulum,
2610 1072 2674 1138 ac
2716 1057 3108 1142 Rhemensem
3165 1060 3556 1142 archiepisco-

1909 1142 2071 1196 pum,
2095 1125 2298 1182 Carolo
2323 1125 2500 1181 Calvo
2534 1126 2652 1198 regi
2685 1129 3037 1183 scribentem
3061 1137 3300 1186 sanctus
3323 1125 3554 1187 Sancti-

1908 1214 2020 1280 nus
2040 1198 2354 1280 meldensis
2375 1200 2710 1280 episcopus,
2743 1200 2800 1254 S.
2835 1200 3096 1280 Dionysii
3111 1201 3468 1280 discipulus,
3498 1209 3556 1258 et

1908 1269 2165 1323 historiae
2195 1269 2454 1342 martyrii
2485 1269 2736 1340 scriptor
2764 1287 2940 1342 quam
2976 1269 3038 1327 se
3069 1273 3224 1327 idem
3271 1269 3554 1330 Hincma-

1910 1357 2011 1395 rus
2040 1342 2573 1415 exyvetustissimis
2631 1345 2990 1415 membranis
3045 1344 3450 1415 descripsisse,
3501 1351 3561 1401 et

1909 1413 2206 1482 exemplar
2234 1415 2364 1482 ejus
2397 1414 2467 1467 ad
2501 1413 2770 1468 Carolum
2803 1416 3042 1470 Calvum
3077 1413 3307 1472 mittere
3337 1418 3556 1472 ibidem

1909 1484 2143 1558 scribit,
2169 1485 2325 1537 hunc
2354 1486 2764 1558 Areopagitam
2797 1486 2854 1540 S.
2889 1487 3050 1542 Pauli
3079 1487 3439 1558 discipulum
3460 1505 3561 1558 per

1911 1554 2322 1609 revelationem
2356 1554 2625 1610 ordinata
2657 1557 2767 1610 sibi
2800 1559 3119 1612 commissa
3151 1554 3407 1615 Ecclesia
3446 1554 3559 1615 Ro-

1911 1643 2069 1681 mam
2100 1628 2348 1700 venisse,
2382 1633 2438 1682 et
2469 1632 2595 1700 ali.
2633 1627 2924 1683 Clemente
2957 1646 3105 1700 papa
3127 1630 3182 1684 in
3208 1631 3426 1687 Gallias
3469 1632 3557 1684 di-

1909 1703 2132 1752 rectum
2167 1699 2369 1763 fuisse,
2405 1699 2776 1769 Parisiosque
2806 1699 2967 1754 adeo
3005 1699 3256 1770 venisse,
3317 1704 3558 1757 disertis

1910 1771 2100 1844 verbis
2133 1771 2212 1823 ait
2230 1786 2248 1844 _:
2277 1771 2549 1844 quodque
2570 1770 2643 1824 iis
2665 1773 2921 1840 amplius
2938 1779 3046 1838 est,
3072 1779 3129 1827 et
3150 1775 3556 1844 superioribus

1913 1841 2062 1918 belle
2092 1842 2365 1918 quadrat,
2397 1842 2551 1918 quod
2585 1844 3076 1918 apud_Eusebium
3116 1841 3558 1918 (49)'Dionysius

1910 1913 2346 1987 Corinthiorum
2380 1916 2693 1987 episcopus
2724 1914 3005 1987 Dionysio
3033 1913 3414 1987 Areopagitae
3446 1917 3558 1971 Pu~

1911 1984 2120 2058 blium,
2148 1985 2350 2058 Publio
2382 1985 2761 2051 Quadratum,
2796 1984 2895 2056 qui
2929 1986 3131 2058 utique
3181 1984 3284 2041 ad'
3326 1988 3562 2042 Adriani

1911 2056 2282 2130 imperatoris
2301 2062 2566 2126 tempora
2591 2058 2906 2130 pertinent,
2933 2059 2990 2111 in
3016 2056 3358 2130 episcopatu
3386 2062 3561 2114 Athe-

1911 2126 2099 2182 niensi
2131 2132 2380 2203 testatur
2410 2126 2766 2203 successisse
2793 2147 2804 2183 :
2839 2147 2954 2203 non
2986 2126 3305 2203 commisso
3355 2133 3559 2203 utique

1912 2214 2126 2270 magno
2155 2198 2254 2253 illo
2287 2200 2534 2268 apostoli
2567 2199 2728 2253 Pauli
2754 2205 2817 2254 ut
2847 2202 3124 2255 doctrinis
3156 2203 3239 2256 sic
3277 2198 3562 2257 sanctita-

1913 2271 1988 2324 tis
2020 2270 2333 2340 discipulo,
2368 2277 2431 2324 ut
2463 2271 2534 2324 de
2564 2271 2819 2324 statione
2851 2273 3174 2337 decederet,
3210 2273 3319 2326 nisi
3363 2275 3560 2328 divina

1911 2347 2147 2413 urgeret
2178 2341 2422 2410 vocatio,
2453 2342 2743 2395 uberioris
2769 2343 2824 2395 in
2850 2359 2919 2397 ea
2951 2343 3186 2413 regione
3210 2345 3552 2400 messiscol-

1912 2411 2159 2486 ligendi?
2194 2428 2387 2486 causa,
2437 2413 2508 2486 ad
2559 2429 2736 2486 quam
2781 2411 3043 2486 Graecini
3079 2415 3437 2486 orientisque
3499 2422 3562 2469 ut

1911 2483 2284 2557 eruditionis,
2317 2485 2400 2537 sic
2425 2485 2658 2557 pietatis
2681 2483 2912 2557 divitias
2936 2486 3184 2540 conferri
3209 2483 3561 2557 praeordina-

1913 2560 2038 2608 tum
2072 2555 2354 2610 divinitus
2381 2561 2524 2610 erat.
2549 2555 2697 2621 Haec,
2731 2556 2991 2625 inquam,
3025 2555 3222 2612 omnia
3267 2565 3388 2613 tam
3439 2559 3563 2613 exi-

1913 2627 2010 2697 gui
2049 2626 2322 2699 ponderis
2353 2632 2510 2695 sunt,
2547 2633 2608 2681 ut
2642 2644 2755 2699 prae
2791 2629 2964 2683 unius
3014 2629 3392 2685 dormitantis
3451 2631 3564 2684 ali-

1915 2698 2175 2768 quando,
2209 2701 2361 2772 quod
2393 2699 2482 2753 vel
2519 2700 2687 2767 bono,
2718 2700 2773 2772 id
2807 2706 2905 2772 est,
2930 2702 3306 2769 quantumvis
3363 2701 3560 2772 sagaci

1917 2775 1973 2842 et
2015 2776 2255 2836 attento,
2298 2771 2540 2842 Homero
2573 2771 2820 2842 accidat,
2879 2771 3140 2842 Gregorii
3195 2771 3558 2828 Turonensis

1911 2841 2064 2894 dicto
2097 2842 2260 2914 (pace
2285 2841 2434 2894 tanti
2461 2842 2566 2896 viri
2599 2841 2867 2911 dixerim)
2912 2841 3019 2914 qui
3063 2845 3132 2898 ad
3185 2844 3335 2900 625
3399 2845 3556 2899 Decii

1910 2916 2172 2982 tempora
2199 2913 2536 2982 Dionysium
2571 2918 2836 2967 nostrum
2871 2917 3063 2980 refert,
3108 2915 3252 2969 nihil
3311 2915 3560 2970 debeant

1910 2983 2210 3056 aestimari.
2244 2983 2316 3039 Ut
2345 2985 2396 3038 ei
2435 2984 2678 3048 scilicet,
2740 3002 2912 3055 quem
2969 2986 3114 3056 viro,
3175 2988 3560 3056 quantumvis

1911 3055 2230 3129 eruditoget
2260 3060 2482 3120 sancto,
2517 3057 2574 3110 in
2608 3071 2778 3129 opere
2807 3073 2920 3129 non
2969 3063 3088 3110 tam
3151 3055 3324 3128 longo
3379 3075 3558 3129 quam

1917 3127 2224 3196 multiplici
2263 3133 2324 3201 et
2375 3129 2556 3201 vario,
2617 3128 2702 3201 fas
2759 3127 2867 3181 fuit
2920 3145 3194 3201 somnum
3254 3127 3560 3201 obrepere,

1917 3213 2211 3267 quemque
2261 3199 2403 3252 adeo
2457 3200 2786 3269 Obrepsisse
2843 3215 2976 3254 cum
3025 3199 3140 3254 alia
3191 3199 3414 3267 multa,
3436 3199 3558 3256 tum

1914 3269 2214 3343 Trophimi
2237 3269 2615 3343 Arelatensis,
2651 3271 2750 3340 qui
2781 3270 2940 3324 Pauli
2962 3271 3206 3340 apostoli
3233 3273 3562 3343 discipulus

1914 3340 2042 3412 fuit,
2070 3343 2127 3412 in
2151 3343 2310 3395 Actis
2333 3342 2728 3412 apostolorum
2750 3347 2805 3395 et
2819 3344 3074 3397 secunda
3097 3344 3166 3397 ad
3185 3340 3561 3399 Timotheum

1917 3411 2172 3481 Epistola
2223 3411 2598 3473 memoratus,
2627 3413 2887 3482 itemque
2939 3414 3100 3467 Pauli
3140 3414 3559 3480 Narbonensis,

1913 3483 2015 3552 qui
2049 3483 2156 3534 fuit
2185 3484 2422 3554 Sergius
2458 3484 2673 3536 Paulus
2704 3483 3013 3552 proconsul
3047 3501 3078 3536 a
3137 3495 3339 3539 sancto
3381 3488 3562 3541 Paulo

1912 3554 2264 3623 baptizatus,
2290 3561 2347 3606 et
2372 3555 2652 3608 Martialis
2682 3555 3124 3626 Lemovicensis.
3150 3556 3249 3626 qui
3278 3557 3558 3626 Stephani

1913 3627 2361 3695 protomartyris
2420 3625 2895 3688 consanguineus
2949 3625 3206 3696 puerque
3238 3627 3335 3681 ille
3381 3628 3562 3682 fuisse

1913 3697 2165 3768 traditur
2178 3696 2277 3766 qui
2294 3695 2555 3767 quinque
2575 3712 2752 3767 panes
2769 3695 3116 3751 hordeaceos
3131 3703 3188 3752 et
3202 3698 3349 3752 duos
3374 3699 3562 3768 pisces

1911 3767 1969 3820 in
1998 3768 2228 3822 deserto
2252 3769 2496 3822 habuit:
2529 3769 2734 3821 missio
2768 3769 2838 3823 ad
2885 3769 3006 3823 haec
3036 3769 3164 3837 ipsa
3220 3767 3562 3824 Decii’tem-

1913 3855 2053 3910 pora
2081 3840 2153 3894 ab
2187 3839 2312 3908 ipso
2346 3839 2523 3893 relata
2553 3840 2787 3906 clamat,
2813 3857 2987 3909 quam
3015 3841 3124 3894 sub
3148 3840 3414 3908 ejusdem
3439 3841 3563 3894 Cle-

1913 3911 2128 3964 mentis
2163 3911 2500 3979 pontilicatu
2539 3911 2741 3983 fuisse,
2777 3927 2908 3965 cum
2953 3913 3238 3980 temporis
3271 3929 3387 3983 quo
3438 3914 3560 3966 vix-

1910 3988 2083 4036 erunt
2114 3983 2278 4047 ratio,
2315 3986 2444 4054 tum,
2472 3981 2891 4054 Martyrologia
2923 3984 3122 4037 omnia
3163 3981 3392 4052 docent,
3429 3984 3562 4054 plus

1910 4069 2085 4124 quam
2119 4058 2203 4107 tot
2234 4053 2657 4107 oculatissimis
2690 4070 2754 4107 ac
2785 4053 3254 4124 Vigilantissimis
3305 4053 3563 4111 Orientis

1911 4123 1967 4179 et
1988 4123 2320 4179 Occidentis
2356 4123 2680 4180 luminibus
2710 4123 2943 4180 credere
2971 4127 3267 4196 sapientes
3289 4127 3562 4183 homines

1909 4201 2193 4250 onorteat.

1989 4213 2193 4250 orieat.

1948 4213 2006 4316 Ρα
2041 4269 2224 4331 Ouum
2257 4267 2410 4320 enim
2443 4283 2649 4321 verum
2675 4266 2774 4332 sit,
2806 4267 3036 4323 divinas
3067 4267 3212 4323 istas
3237 4271 3308 4325 de
3338 4271 3564 4325 oriente

1910 4337 1968 4413 in
2001 4338 2359 4413 occidentem
2395 4339 2639 4392 convehi
2673 4339 2949 4413 debuisse
2984 4357 3227 4405 merces,
3264 4358 3564 4413 quamque

1908 4410 1978 4464 de
2009 4410 2253 4482 orientis
2284 4410 2559 4482 pharetra
2585 4412 2771 4480 promi
2797 4429 2923 4482 qua:
2953 4413 3249 4466 mittendae
3271 4410 3342 4466 de
3386 4410 3558 4466 manu

1908 4481 2164 4552 potentis
2190 4481 2246 4535 in
2272 4483 2447 4535 corda
2469 4481 2771 4538 Gallorum
2792 4481 3043 4553 sagittae,
3068 4485 3120 4537 id
3149 4489 3237 4536 est.
3259 4481 3561 4552 Evangeli-

1906 4553 1954 4625 ei
1999 4554 2154 4606 verbi
2193 4553 2601 4622 praedicatores
2651 4561 2838 4618 erant,
2871 4555 2942 4608 ob
2999 4556 3176 4625 idque
3206 4553 3261 4607 id
3299 4555 3380 4608 ita
3438 4554 3562 4607 ﬁeri

1906 4624 2020 4678 Deo
2057 4625 2361 4694 placuerit,
2396 4632 2780 4696 praeterquam
2817 4626 2967 4695 quod
3006 4627 3060 4678 id
3089 4624 3211 4679 veri
3246 4626 3388 4680 solis
3419 4642 3560 4696 pen-

1905 4697 2097 4750 dentis
2158 4699 2216 4750 in
2267 4713 2437 4751 cruce
2495 4697 2732 4762 Christi,
2765 4699 3148 4763 occidentem,
3209 4704 3383 4765 atque
3416 4697 3560 4751 adeo

1905 4766 2153 4821 Galliam
2188 4769 2493 4832 intuentis,
2526 4768 2584 4821 in
2612 4783 2860 4839 eamque
2883 4767 3049 4822 oculo
3073 4769 3230 4839 (nam
3255 4777 3310 4823 et
3354 4769 3560 4838 praadi-

1907 4845 2132 4892 calores
2163 4840 2317 4892 oculi
2342 4841 2500 4908 sunt)
2535 4840 2607 4893 ab
2667 4837 2885 4893 oriente
2915 4837 3223 4910 dirigentis
3282 4837 3362 4893 ac?
3404 4839 3562 4894 velut

1908 4910 2102 4982 radios
2127 4910 2436 4970 vibrantis.
2473 4926 2662 4981 neque
2692 4911 2748 4964 id
2779 4916 3037 4974 tantum,
3081 4912 3179 4965 sed
3213 4916 3268 4964 et
3300 4915 3427 4982 ejus
3459 4911 3558 4982 qui

1907 4981 2204 5034 Christum
2244 4983 2500 5049 proxime
2527 4983 2810 5037 referebat
2834 4982 2979 5035 Petri
3009 4983 3080 5036 de
3121 4981 3344 5037 oriente
3381 4983 3435 5036 in
3462 4981 3558 5037 Oc-

1907 5054 2196 5106 cidentem
2232 5054 2426 5105 venire
2460 5070 2486 5105 a
2525 5053 2637 5107 Deo
2673 5053 3020 5108 nominatim
3049 5053 3252 5122 jussit,
3292 5059 3353 5108 ut
3386 5055 3559 5108 refert

1905 5125 2354 5192 Metaphrastes,
2388 5123 2756 5194 Galliamque
2783 5124 3021 5195 speciali
3051 5125 3254 5179 aifectu
3305 5125 3560 5196 comple-

1906 5196 2122 5249 ctentis
2148 5195 2491 5267 mysterium
2524 5197 2810 5265 exigebat,
2845 5198 3057 5250 docent
3081 5197 3259 5250 variis
3282 5195 3563 5267 tempori-

1908 5269 2038 5339 bus,
2073 5267 2232 5321 varia
2281 5266 2478 5322 Galliae
2526 5268 2648 5321 loca
2679 5272 2907 5339 printer
2954 5268 3299 5339 Dionysium
3353 5270 3557 5329 istum,

1903 5337 2248 5393 Christianae
2284 5340 2566 5392 sementis
2599 5356 2628 5394 ο
2660 5338 2880 5394 Graecia
2911 5347 2966 5393 et
3011 5337 3246 5394 Oriente
3305 5341 3560 5395 cultores

1906 5409 2094 5482 missi,
2134 5411 2319 5476 utqui
2388 5422 2459 5465 de
2511 5410 2814 5482 Polycarpi
2871 5412 3245 5481 Smyrnensis
3303 5412 3560 5482 episcopi

1905 5481 2107 5536 schola
2133 5482 2486 5553 Lugdunum
2511 5481 3244 5550 Irenaei,Augustodunum
3275 5481 3561 5539 Andochii

1904 5557 1961 5626 et
1992 5554 2194 5623 Thyrsi
2225 5553 2490 5626 :AquiAex
2518 5554 2709 5608 Attica
2746 5554 3049 5626 Arelatem
3081 5554 3311 5625 1Egidii,
3372 5560 3430 5610 et
3459 5556 3560 5626 qui

1908 5623 1962 5678 in
1998 5623 2362 5678 Hannoniam
2385 5624 2627 5697 Belgicae
2659 5624 2855 5680 Gallia:
2873 5623 3232 5696 provinciam
3248 5623 3564 5700 deepisco-

1985 5768 2097 5844 (46)
2128 5767 2341 5824 Euseb.
2378 5767 2417 5824 l.
2452 5785 2528 5839 Iv,
2553 5785 2604 5824 c.
2636 5770 2726 5824 23.
