4032 6214
293 253 406 310 1001

1264 263 1325 314 Ρ.
1364 261 1731 318 LANSSELII
1770 261 2195 318 DISPUTATIO
2233 262 2628 318 APOLOGET.

3530 264 3669 318 1002

284 379 570 466 paginae
596 377 1061 466 nqmjnibuslcap.
1092 381 1146 435 8.
1173 382 1474 466 Item_cap.
1508 386 1542 440 3
1573 387 1654 444 ait
1693 404 1777 466 _se
1825 387 1912 441 in-
1941 398 1996 461 Α
2025 384 2207 466 fuisse
2235 384 3051 466 eminentissimissapientiae
3081 389 3137 440 et
3161 400 3392 466 magna)
3424 387 3662 466 sancti-

281 451 534 531 terl‘uisse
564 451 736 531 σεβιυί
766 452 1161 531 apostolorum
1209 459 1265 509 et
1315 451 1552 531 frat'um,
1607 458 1707 531 qui
1775 475 1912 531 cen-

281 528 540 596 venerant
561 523 633 596 ad
660 523 1053 596 contuendum
1108 540 1321 596 corpus
1380 523 1732 584 beatissime
1786 530 1913 583 Vir-

281 595 420 666 ginis
447 593 712 671 :_ibidem
739 595 1005 671 adfuisse
1037 593 1271 671 Petrum
1313 603 1368 652 et
1415 600 1722 668 Jacobum,
1755 603 1914 671 ejus-

271 663 380 737 que
413 665 495 720 rei
543 663 914 721 Timotheum
946 681 1074 721 esse
1105 668 1283 737 probe
1339 686 1640 728 conscum.
1704 663 1910 727 Hiero-

281 741 914 810 theumgprzeceptorem
948 738 1026 792 ibi
1057 746 1188 809 post
1218 742 1532 810 apostolosi
1570 743 1914 799 excelluisse

279 810 332 862 in
364 807 659 886 laudanda
689 807 994 886 divinita_t_e
1018 825 1030 861 :
1059 807 1273 886 Scribit
1295 814 1607 882 epistoalm
1631 816 1702 870 ad
1745 818 1911 886 Poly-

277 896 533 950 carpum,
565 879 742 934 aliam
775 881 846 934 ad
905 881 1128 944 Titum,
1172 879 1348 936 aliam
1401 887 1471 940 ad
1523 888 1581 940 S.
1624 879 1911 942 Joannem

274 950 688 1024 evangelistam
721 951 778 1004 in
812 950 1015 1024 Patmo
1037 953 1422 1024 exsulantem,
1457 961 1514 1011 et
1543 957 1600 1011 in
1625 974 1689 1013 ea
1715 964 1913 1012 narrat

273 1022 379 1076 sibi
409 1022 719 1076 revelatam
777 1022 904 1090 ejus
962 1023 1362 1080 liberationem
1410 1022 1480 1082 et
1539 1029 1791 1084 reditum
1850 1028 1909 1084 in

270 1092 732 1166 Asiam.r_Sc_ribit
763 1093 834 1147 ad
870 1094 1354 1166 Ap0110pbanem,
1393 1097 1656 1154 hortatur
1677 1116 1813 1155 eum
1837 1100 1909 1155 ad

271 1165 445 1241 fidem
473 1163 711 1241 Christi,
761 1163 1179 1241 etcommonet
1205 1168 1439 1241 eclipsis
1495 1187 1670 1241 quam
1734 1171 1908 1226 simul

267 1235 520 1309 viderint
549 1235 606 1288 in
639 1235 881 1306 iEgypto
919 1240 1180 1306 tempore
1231 1235 1528 1309 passionis
1553 1242 1905 1309 Dominicis;

265 1307 553 1378 quomodo
583 1321 712 1380 eam
757 1310 1184 1380 conspexerint,
1218 1307 1346 1380 quas
1397 1314 1577 1367 verba
1635 1314 1789 1368 inter
1847 1307 1909 1368 se

265 1377 706 1455 commutarint.
736 1381 867 1455 Hazc
897 1383 954 1433 et
974 1379 1088 1434 alia
1135 1377 1338 1455 scribit
1369 1382 1467 1437 ille
1500 1390 1707 1439 auctor
1733 1403 1747 1441 :
1780 1401 1906 1455 qua:

264 1450 465 1505 omnia
494 1448 642 1504 falsa
667 1453 863 1524 essent
889 1455 946 1504 et
969 1467 1135 1524 meras
1165 1451 1525 1524 imposturaa,
1559 1456 1607 1510 si
1650 1457 1760 1510 iste
1791 1448 1905 1510 non

261 1527 417 1599 esset
449 1521 1057 1599 magnuspionysius
1114 1521 1771 1599 apostoliscsyxpovoc,
1807 1529 1904 1582 sed

261 1591 667 1666 junioralius.
703 1592 870 1666 Atqui
901 1591 1161 1666 prorsus
1196 1591 1674 1666 incredibile'e'st,
1705 1604 1903 1653 aucto-

262 1680 384 1718 rem
419 1663 577 1716 illius
607 1663 802 1732 oporis
824 1664 1076 1718 voluisse
1109 1671 1227 1719 tam
1261 1666 1410 1722 fmde
1441 1663 1696 1733 mentiri,
1717 1678 1770 1722 et
1800 1670 1902 1723 ho-

263 1734 526 1836 miqibus
557 1733 886 1836 imponere:
920 1734 1026 1789 hoc
1057 1737 1210 1815 enim
1244 1740 1547 1836 nonmcadit
1596 1741 1653 1794 in
1711 1741 1902 1795 virum
1937 1773 1984 1836 Β

263 1823 365 1836 nun
416 1821 509 1836 nm
536 1821 563 1836 Λ
612 1821 809 1836 οηηιΔη
845 1821 892 1836 In
917 1823 1298 1836 ηΑηαηιηιςιιυ-νι
1410 1827 1497 1836 ΑΜ
1529 1815 1750 1836 ΑΑ-,ιηι
1805 1830 1872 1836 --.-

262 1807 594 1880 probumst
611 1805 897 1880 sapientia
916 1807 1327 1880 conspicuum.
1359 1810 1501 1865 Nam
1527 1815 1774 1880 constat,
1802 1830 1905 1867 au-

263 1875 481 1931 ctorem
516 1875 675 1931 illius
705 1879 892 1944 operis
921 1875 1082 1932 tanta
1112 1878 1296 1935 fuisse
1323 1882 1608 1944 sapientia
1637 1887 1695 1937 et
1715 1875 1909 1938 rerum

263 1950 599 2025 divinarum
633 1948 987 2025 cognitipne,
1018 1954 1083 2003 ut
1100 1952 1356 2025 summis
1373 1948 1678 2025 theologis,
1703 1970 1771 2008 ex
1795 1972 1910 2025 quo

263 2019 321 2073 in
359 2017 549 2096 lucem
585 2019 818 2096 prodiit,
845 2020 1018 2074 fuerit
1047 2021 1531 2096 admirationi,_et
1561 2017 1730 2079 nemo
1782 2017 1914 2096 post

260 2087 558 2165 apostolos
588 2087 639 2144 ei
672 2095 908 2165 putetur
939 2093 1356 2165 praeferendus,
1381 2087 1464 2149 vel
1483 2095 1658 2150 etiam
1682 2087 1913 2165 aequan-

264 2162 418 2238 dus;
454 2177 624 2238 nemo
655 2163 977 2238 denatura
1033 2163 1248 2238 divina,
1306 2167 1549 2238 ejusque
1607 2162 1910 2238 perfectio-

261 2232 444 2305 nibus
464 2236 521 2287 et
549 2233 984 2305 operationibus
1014 2235 1253 2305 scripsit
1292 2232 1623 2292 sublimius
1659 2244 1760 2292 aut
1815 2255 1911 2294 co-

263 2303 533 2378 piosiu_s_;
594 2319 763 2378 nemo
821 2303 1161 2376 angelorum
1219 2308 1474 2378 ordines,
1533 2309 1912 2374 hierarcbias,

263 2374 441 2452 actus
469 2374 880 2452 bierarchicos,
905 2374 1270 2452 omnemque
1289 2374 1754 2448 dispositionem,
1783 2397 1913 2452 pra-

262 2451 355 2502 ter
385 2445 550 2500 illum
586 2446 754 2501 nobis
810 2447 1121 2518 descripsit
1148 2445 1188 2512 ;“
1218 2445 1400 2503 nemo
1434 2452 1759 2522 Scripturas
1783 2445 1797 2452 ’
1817 2469 1910 2506 εει

265 2534 421 2581 cras,
453 2533 773 2588 earumque
804 2534 1014 2573 sensus
1066 2536 1332 2587 arcanos,
1365 2522 1681 2577 sublimius
1736 2523 1914 2577 inter-

263 2594 548 2665 pretatur.
577 2589 674 2644 Ille
708 2589 1504 2665 nobis__pri§iustheologiam
1529 2593 1913 2665 symbolicam

263 2660 324 2715 et
355 2660 659 2734 mysticam
693 2661 957 2734 tradidit.
993 2661 1217 2734 Excidit
1251 2660 1441 2718 tamen
1466 2660 1612 2734 opus
1647 2664 1789 2718 illud
1841 2667 1912 2718 De

264 2732 881 2805 δμτηὺρζίεαίῄεοιορξα,
939 2737 995 2786 et
1041 2732 1230 2787 solum
1291 2732 1535 2790 diversis
1591 2736 1736 2789 locis
1786 2736 1915 2805 ejus

268 2803 370 2857 dat
404 2801 635 2872 aliquod
665 2802 958 2875 specimen
986 2819 999 2869 ;
1032 2819 1100 2858 ex
1124 2821 1239 2872 quo
1273 2821 1586 2875 possumus
1631 2801 1921 2875 conjicere

277 2890 460 2946 quam
493 2873 924 2946 admirabile‘et
954 2875 1205 2946 sublime
1237 2873 1383 2946 opus
1415 2877 1558 2932 illud
1593 2873 1782 2932 fuerit.
1820 2878 1922 2931 Ex-

275 2940 422 3019 cidit
460 2949 517 3019 et
546 2945 702 2999 aliud
753 2940 1060 3019 O§0?\OYLXG_?.
1122 2940 1494 3019 ᾧποτύπώσεις
1551 2949 1921 3019 inscriptum,

276 3016 453 3090 cujus
475 3015 600 3086 ipse
623 3016 890 3090 meminit
916 3015 1092 3072 variis
1131 3017 1293 3074 locis.
1327 3019 1507 3074 Nemo
1533 3015 1751 3074 eorum'
1795 3015 1921 3090 quas

270 3087 332 3142 in
369 3087 749 3142 sacramentis
780 3093 1064 3158 geruntur
1093 3090 1386 3159 mysteria,
1415 3095 1472 3145 et
1528 3090 1787 3145 occultas
1814 3087 1917 3144 _si-

267 3159 705 3286 gniﬁcationes,
738 3159 1088 3229 profundius
1135 3167 1237 3216 aut
1292 3161 1588 3232 copiosius
1620 3163 1910 3232 patefecit.

308 3246 407 3284 am
438 3247 572 3284 vero
603 3246 779 3286 quam
805 3247 947 3284 sana
979 3232 1196 3286 ubiaue
1244 3231 1302 3286 in
1347 3236 1508 3286 tanta
1556 3234 1910 3286 sublimitate

308 3246 407 3284 am
438 3247 572 3284 vero
603 3246 779 3300 quam
805 3247 947 3284 sana
979 3232 1196 3300 ubique
1244 3231 1302 3286 in
1347 3231 1508 3286 tanta
1556 3231 1917 3288 sublimitate

267 3301 600 3375 theorizede
633 3301 1278 3375 maximisChristianae
1326 3303 1626 3374 religionis
1675 3306 1916 3375 dogma-

269 3373 455 3435 tibus,
489 3373 782 3445 doctrina,
808 3378 872 3427 ut
901 3374 970 3427 de
1002 3375 1192 3429 tribus
1213 3375 1271 3428 in
1296 3374 1738 3445 simplicissima
1760 3373 1917 3428 divi-

273 3446 459 3499 nitate
489 3443 904 3517 hypostasibus
935 3460 1037 3517 seu
1090 3447 1375 3517 personis,
1416 3443 1507 3501 _de
1547 3463 1746 3500 earum
1788 3463 1917 3516 pro-

271 3515 545 3570 cessione
582 3521 640 3570 et
691 3515 1083 3580 distinctione,
1117 3516 1188 3571 de
1247 3517 1470 3571 unitate
1527 3515 1816 3584 essentia,
1850 3518 1921 3570 de

269 3586 527 3642 indivisa
573 3587 927 3658 operatione,
960 3588 1030 3643 de
1054 3587 1388 3642 admirabili
1437 3588 1650 3643 unione
1698 3592 1922 3642 natura).

274 3659 492 3713 divina
523 3663 579 3712 et
616 3657 911 3730 ’Ahumante
971 3659 1036 3730 in
1095 3675 1213 3713 una
1262 3659 1574 3730 bypostasi,
1631 3658 1801 3713 Verbi
1851 3659 1921 3712 de

273 3735 492 3802 natura
523 3728 683 3793 mali,
717 3729 802 3802 de
828 3729 1022 3802 ,efiicia
1059 3728 1589 3802 sacramentorum,
1637 3731 1706 3784 de
1736 3746 1922 3802 augu-

271 3801 546 3857 stissimo
605 3800 938 3855 eucharitiaa
998 3805 1387 3862 sacramento,
1446 3801 1597 3870 quod
1656 3817 1724 3855 ex
1795 3800 1924 3856 sen-

273 3874 468 3927 tentia
497 3871 589 3926 sui
623 3871 818 3942 inclyti
854 3872 1223 3942 praeceptoris
1254 3872 1518 3942 (Paulum
1549 3871 1665 3942 _vel
1725 3871 1924 3926 Hiero—

273 3944 484 4000 theum
513 3939 870 4013 intelligens)
901 3939 1196 3998 dicit—esse
1224 3939 1455 3997 τὲλετῶν
1488 3939 1733 4011 τελετήν,
1757 3942 1928 4014 quasi

270 4017 445 4070 dicas
476 4018 970 4069 sacramentorum
1003 4015 1266 4069 omnium
1300 4015 1731 4085 perfectionem.
1766 4014 1928 4077 Quod

272 4090 352 4142 ad
385 4086 772 4141 elocutionem
805 4086 1030 4156 attinet.
1058 4101 1182 4140 eam
1215 4102 1444 4156 quoque
1476 4085 1794 4151 angelicam
1829 4102 1929 4156 po-

273 4160 405 4213 tius
437 4157 651 4212 dixeris
680 4173 857 4227 quam
908 4155 1254 4225 humanam,
1295 4155 1439 4212 adeo
1489 4155 1761 4211 sublimis
1810 4155 1928 4221 est;

273 4228 566 4284 nimirum
600 4233 663 4282 ut
693 4228 1135 4298 conceptionum
1171 4228 1596 4283 sublimitatem
1651 4228 1933 4283 orationis

270 4299 620 4356 sublimitas
640 4299 1068 4370 exaequetQuis
1093 4304 1219 4370 post
1239 4299 1532 4370 apostolos
1557 4315 1812 4370 unquam
1837 4300 1934 4354 de-

268 4371 611 4442 divinisita
641 4368 871 4442 locutus
901 4376 1026 4426 est:
1082 4368 1242 4442 Tp_t&;
1279 4368 1585 4442 ὗπερούᾳιε
1641 4368 1730 4422 καὶ
1772 4370 1936 4442 ὑπὲρτ

269 4445 390 4514 Θεετ,
437 4439 537 4514 καὶ,
574 4441 893 4514 ὑπεράγαβε,
944 4461 995 4495 κ.
1033 4460 1095 4514 ξς.
1124 4439 1200 4496 ’λ.
1254 4445 1402 4514 ilium
1451 4439 1564 4503 θεία
1601 4441 1800 4512 πατριά
1845 4439 1936 4514 κάξ

269 4512 476 4586 υἱότης
522 4510 593 4586 ἐκ⁸
623 4509 722 4586 τῆς
760 4509 988 4586 ᾖάντων-
1030 4509 1371 4586 ἐξῃρημένης
1420 4509 1783 4586 πατριαρχίας
1849 4511 1934 4586 xei

270 4581 541 4656 υἱαρχὶας
573 4581 896 4655 δεδώρηται.
926 4583 1002 4638 Τὸ
1054 4581 1340 4656 οὲὰρέχικὸν
1393 4581 1631 4652 Πνεῦμα.⁷
1660 4581 1813 4654 ῙΙρος
1849 4582 1938 4656 τλὸν

269 4651 628 4730 ἀρχίὶρωτονγ
678 4651 908 4730 Παῒέρᾳ.
982 4655 1122 4730 Πρὸς
1150 4651 1157 4656 ’
1187 4651 1284 4722 ἔτήὴν
1365 4651 1695 4730 ὑᾲπεράρχιον
1724 4651 1942 4730 ἀρχήν.

269 4723 400 4795 Τίὴῖ
441 4723 674 4800 ᾇρχικὴν
722 4723 832 4800 Ϋκᾳῖ
865 4723 1191 4800 ὑπιράξφχιφν
1237 4730 1332 4800 τοῦ
1381 4723 1675 4800 Beat-pitius
1720 4723 1945 4800 ΔΠᾴἑρὸῗς

269 4791 643 4876 ςριιιὶέτοδίιὲίσιν⁷
707 4799 894 4858 mm;
967 4791 1381 4876 ΞςρίὶΝὰἙριμέσι
1460 4791 1597 4876 voci
1641 4791 1947 4876 ὀωῆαλμξφῖς

268 4864 648 4940 ἑῖσδεξάμενοι
733 4869 1089 4942 Ὑπερουσίως
1141 4864 1401 4936 οὖσιώθη.
1434 4865 1749 4942 Θεανδρικαὶ
1804 4864 1946 4942 ἐνέρ-

266 4939 467 5019 γειαιξ-
488 4939 640 4998 630
673 4945 736 5019 Et
765 4939 924 4996 mille
955 4943 1070 4996 alia
1103 4958 1227 5019 non_
1273 4946 1473 5019 coacta
1501 4939 1615 5019 non
1661 4939 1948 5019 laboriose

327 5015 556 5078 nassita,
604 5015 701 5068 sed
762 5019 967 5085 sponte
1023 5029 1090 5085 ex_
1131 5010 1949 5085 altissimacpntemplatione

332 5086 556 5141 uentia.
582 5085 709 5154 Legi
757 5079 812 5140 S'.
851 5083 1240 5151 Augustinum
1275 5084 1344 5138 de
1375 5079 1733 5154 trinitate,et
1768 5079 1952 5154 multa

267 5165 343 5212 Β.
382 5151 1058 5228 Gregoriibognomento
1092 5154 1342 5225 theologi
1375 5152 1679 5223 opuscula,
1726 5157 1783 5206 et
1805 5151 1948 5205 alio-

271 5245 426 5284 rum
462 5226 698 5282 Patrum
730 5226 1100 5281 doctissimos
1135 5230 1436 5291 tractatus,
1465 5240 1635 5278 nemo
1659 5228 1851 5277 tamen
1883 5237 1953 5275 ex

269 5301 413 5356 illis
446 5300 607 5354 visus
636 5303 724 5353 est
756 5297 894 5352 mihi
927 5296 1266 5367 Dionysium
1329 5295 1412 5350 vel
1445 5295 1721 5350 doctrinae
1768 5291 1952 5367 subli-

270 5372 522 5435 mitate,
575 5370 662 5424 vel
712 5369 941 5423 dicendi
1008 5364 1311 5437 majestate
1359 5383 1611 5436 aequare.
1653 5367 1836 5429 Quam
1881 5364 1952 5417 ob

271 5459 534 5498 causam
571 5441 862 5495 mirantur
892 5439 1059 5493 illum
1094 5456 1208 5494 non
1238 5438 1426 5494 solum
1463 5453 1666 5492 omnes
1689 5437 1955 5490 doctores

267 5512 629 5570 scholastici
683 5517 950 5581 (quorum
1009 5510 1232 5580 aliquot
1287 5511 1462 5564 etiam
1517 5506 1954 5581 commentariis

269 5585 463 5642 illum
495 5575 912 5640 illustrarunt).
938 5583 1035 5635 sed
1071 5575 1128 5636 et
1158 5581 1258 5636 SS.
1295 5581 1490 5635 Patres
1523 5580 1620 5648 qui
1665 5578 1829 5632 illum
1873 5575 1957 5630 le-

271 5662 616 5726 gerunt,ut
648 5655 706 5710 S.
767 5654 1496 5726 Joannespamascenus,
1546 5651 1602 5704 S.
1648 5650 1954 5726 Maximus,

273 5718 545 5786 Michael
577 5726 890 5799 Syngelus,
922 5730 978 5779 et
1007 5722 1104 5778 alii
1129 5723 1295 5777 multi
1354 5738 1501 5792 quos
1533 5727 1794 5799 recenset
1840 5718 1960 5799 Del-

272 5802 406 5858 rio.
474 5799 555 5855 Ex
613 5793 829 5868 quibus
876 5793 1116 5859 constat
1173 5800 1470 5850 auctorem
1538 5793 1711 5848 istius
1769 5793 1959 5863 operis

629 5926 893 5985 mmet.
943 5923 1053 5984 Gn.
1098 5921 1200 5986 IV.

2026 456 2163 538 tatis
2195 457 2405 538 virum,
2439 462 2500 538 ut
2522 457 2629 538 qui
2650 459 2818 538 _t_otus
2941 458 3112 511 rebus
3145 456 3354 538 divinis
3385 461 3442 512 et
3467 474 3663 538 ange-

2023 527 2154 582 licis
2183 527 2778 598 contemplationibus
2812 529 3026 598 ubique
3056 533 3334 594 versetur,
3377 534 3434 584 et
3467 527 3664 584 Timo-

2023 599 2221 654 theum
2254 599 2477 670 passim
2510 601 2581 652 ad
2609 615 2801 652 rerum
2826 600 3156 654 divinarum
3179 601 3478 656 assiduam
3502 601 3666 656 theo-

2024 673 2193 742 riam,
2229 670 2446 724 relictis
2491 671 2767 725 omnibus
2815 687 2940 740 quas
2990 672 3096 725 sub
3145 687 3384 726 sensum
3429 676 3666 742 cadunt,

2022 741 2308 797 hortetur.
2345 742 2484 806 Quis
2519 742 2694 796 talem
2728 757 2794 794 ac
2814 746 3046 796 tantum
3081 741 3269 796 virum
3304 743 3502 798 credat
3544 741 3663 798 tam

2022 813 2222 894 putide
2253 811 2517 894 voluisse
2539 812 2888 894 me'ntirihet
2918 819 3036 894 tam
3066 813 3339 894 absurda.
3368 814 3663 894 hypocrisi

2020 885 2168 938 falsa
2198 885 2455 1008 quadam
2484 885 2675 954 specie
2705 883 3072 953 antiquitatis
3103 889 3159 938 et
3182 883 3508 955 apostolica
3529 902 3667 940 con-

2020 961 2190 1008 suetu
2239 955 2374 1008 inis.
2401 955 2622 1008 mundo
2643 955 3023 1008 imposturam
3046 957 3232 1008 facere
3251 956 3278 1008 ?
3295 955 3419 1008 Non
3443 957 3663 1008 cadunt

2019 955 2374 1022 suetudinis,
2401 955 2622 1009 mundo
2643 955 3023 1025 imposturam
3046 957 3232 1009 facere
3251 956 3278 1010 ?
3295 955 3419 1010 Non
3443 957 3663 1012 cadunt

2018 1026 2132 1081 ista
2160 1025 2218 1080 in
2253 1027 2439 1081 virum
2475 1026 2722 1096 probum
2756 1031 2814 1080 et
2835 1042 2989 1080 sanas
3009 1027 3243 1092 mentis,
3263 1027 3445 1082 multo
3464 1028 3660 1084 minus

2017 1097 2074 1171 in
2109 1097 2700 1171 sapientissimumet
2734 1098 3512 1171 sanctissimum.7[)enique,
3544 1117 3660 1171 quo

2018 1169 2132 1223 fine
2164 1169 2284 1223 haec
2314 1168 2511 1223 omnia
2544 1168 2800 1241 fecisset,
2816 1173 2872 1222 et
2901 1185 2964 1223 se
2993 1169 3172 1223 alium
3199 1168 3464 1225 tinxisset
3483 1168 3665 1241 quam

2018 1255 2214 1294 revera
2270 1241 2419 1293 fuit?
2483 1256 2554 1293 an
2621 1245 2684 1293 ut
2732 1238 2962 1294 labores
2991 1257 3148 1305 suos,
3183 1247 3240 1294 et
3268 1238 3519 1310 gloriam
3549 1242 3667 1297 illis

2016 1311 2294 1377 debitam,
2329 1327 2430 1381 per
2460 1309 2652 1365 scelus
2680 1315 2737 1364 et
2765 1312 3079 1382 ementiam
3104 1309 3372 1382 perderet
3392 1316 3662 1369 ?Poterat

2015 1383 2172 1436 enim
2205 1398 2416 1436 nomen
2445 1397 2615 1453 suum
2650 1387 2705 1436 et
2727 1381 3026 1436 veritatem
3070 1381 3488 1453 patefacienda,
3537 1400 3662 1440 ma-

2014 1455 2234 1507 ximam
2265 1453 2375 1507 sibi
2410 1452 2652 1522 gloriam
2679 1458 2799 1507 toto
2855 1455 2993 1507 orbe
3053 1460 3109 1508 et
3147 1455 3423 1509 omnibus
3473 1452 3660 1511 Saeclis

2015 1527 2354 1578 duraturam
2388 1539 2748 1594 comparare,
2779 1530 2836 1578 et
2864 1525 3133 1579 maximis
3165 1525 3502 1580 doctoribus
3553 1527 3665 1581 Ec-

2015 1596 2200 1650 clesize
2233 1596 2472 1665 aequari,
2507 1595 2589 1648 vel
2623 1594 2796 1649 etiam
2831 1595 3101 1665 praeferri.
3143 1597 3367 1651 Poterat
3395 1597 3662 1652 omnium

2013 1665 2415 1737 theologorum
2448 1667 2546 1736 qui
2579 1682 2839 1736 unquam
2893 1667 3074 1720 futuri
3124 1673 3282 1733 sunt,
3319 1668 3658 1723 admiratio-

2015 1753 2170 1803 nem,
2204 1754 2462 1791 amorem
2513 1743 2570 1791 et
2602 1738 3066 1792 benedictionem
3099 1739 3209 1792 sibi
3244 1739 3574 1805 conciliare,
3608 1743 3666 1793 et

2017 1809 2423 1882 illustrissima
2477 1808 2731 1877 ingenia,
2793 1810 2863 1882 ad
2910 1809 3008 1882 sui
3045 1811 3428 1882 imitationem
3452 1827 3660 1882 provo-

2018 1896 2168 1952 care.
2202 1880 2489 1942 Quorsum
2525 1895 2626 1949 per
2655 1879 2967 1952 mendacia
2991 1886 3047 1933 et
3076 1880 3343 1952 improba
3366 1879 3536 1948 facta,
3562 1898 3665 1952 per

2018 1951 2372 2033 hypocrisin]
2404 1951 2845 2033 etimposturas
2878 1951 3327 2033 indignissimae
3373 1959 3436 2033 et
3492 1951 3660 2006 inau-

2019 2022 2169 2076 ditas
2199 2022 2482 2076 voluisset
2505 2026 2666 2076 tanto
2701 2037 2762 2076 se
2823 2024 2970 2076 bono
3029 2022 3274 2093 privare,
3334 2028 3390 2078 et
3446 2039 3660 2079 nomen

2019 2109 2192 2149 suum
2217 2094 2444 2148 aeternis
2475 2093 2732 2147 tenebris
2763 2092 3051 2148 involvere
3071 2092 3098 2146 7

2089 2186 2116 2213 ‹‹
2148 2164 2276 2218 Haec
2307 2165 2454 2219 ratio
2486 2180 2571 2217 me
2603 2164 2678 2218 ita
2712 2165 3024 2228 convincit,
3059 2169 3121 2217 ut
3152 2162 3298 2218 nihil
3331 2165 3400 2218 de
3429 2168 3666 2220 auctore

2020 2233 2198 2304 hujus
2229 2238 2420 2306 operis
2453 2236 2672 2304 possim
2704 2236 3009 2289 dubitare:
3047 2251 3152 2288 nec
3181 2235 3515 2306 quisquam,
3539 2235 3663 2306 opi-

2021 2323 2148 2370 nor,
2181 2305 2491 2371 dubitabit,
2520 2307 2621 2376 qui
2653 2306 2798 2360 lecto
2827 2306 3135 2375 diligenter
3177 2321 3348 2375 Opere
3401 2305 3516 2361 ista
3572 2305 3664 2377 ex;

2023 2377 2482 2458 penderit.._L_egi‘
2511 2378 2827 2458 saepius,e_t
2859 2383 3130 2458 accurate
3161 2377 3655 2458 omniaexpendi:

2022 2447 2220 2517 itaque
2253 2447 2396 2502 mihi
2432 2447 2670 2518 placuit,
2703 2454 2764 2501 ut
2792 2448 2946 2502 hunc
2978 2447 3317 2519 Dionysium
3339 2447 3463 2518 jam
3497 2466 3530 2502 a
3557 2447 3663 2502 tri-

2023 2522 2186 2601 ginta
2215 2536 2316 2601 ses
2348 2519 2518 2600 annis
2548 2519 2608 2572 in
2643 2525 2954 2601 patronum
2986 2518 3322 2600 delegerim,
3355 2526 3410 2574 et
3432 2535 3665 2601 semper

2025 2590 2082 2644 in
2116 2590 2400 2644 sacrificio
2435 2591 2626 2644 missa:
2658 2591 3515 2656 nominatiminvocarim,mibi
3538 2591 3664 2660 ejus

2026 2662 2375 2730 sapientiam
2410 2666 2467 2714 et
2497 2661 2772 2731 spiritum
2807 2663 3155 2731 imprecans.
3198 2660 3360 2716 Uolui
3390 2661 3667 2729 subinde,

2027 2733 2180 2802 quod
2217 2749 2328 2786 non
2363 2731 2574 2786 melius
2596 2738 2749 2786 esset
2765 2749 3106 2796 conversus,
3125 2748 3226 2786 nec
3251 2734 3334 2786 vis
3355 2736 3668 2787 verborum

2027 2805 2154 2873 ejus
2187 2803 2380 2856 multis
2411 2803 2554 2857 locis
2585 2819 2876 2873 expressa,
2903 2805 3000 2858 sed
3027 2803 3142 2858 alia
3162 2804 3507 2868 substitute,
3540 2820 3668 2874 quas

2029 2877 2301 2930 lectorem
2333 2879 2572 2944 possent
2602 2874 2659 2929 in
2691 2891 2947 2929 errorem
2981 2875 3288 2943 conjicere,
3313 2879 3378 2928 ut
3401 2875 3670 2945 plurimis

2029 2945 2315 3016 exemplis
2345 2961 2573 3015 possem
2603 2947 2929 3001 ostendere.
2964 2951 3148 3011 Quam
3179 2946 3252 3000 ob
3282 2963 3520 3000 causam
3555 2951 3672 3000 sta-

2031 3017 2112 3071 tui
2137 3032 2241 3086 ego
2271 3015 2586 3086 aliquando
2618 3016 2782 3070 illum
2815 3021 3150 3082 transferre,
3183 3017 3318 3071 etin
3340 3033 3474 3071 eum
3496 3017 3672 3071 ﬁnem

2033 3087 2219 3142 multa
2249 3088 2540 3141 adnotavi.
2579 3088 2782 3142 Verum
2804 3105 2906 3158 per
2925 3088 3071 3142 alias
3092 3088 3505 3158 occupationes
3528 3105 3674 3142 nun-

1947 3135 1989 3200 C
2028 3135 2219 3228 ἑίῐλῖιὲῖ
2237 3135 2576 3213 ξεῖῐόίίῖἐυ
2590 3135 3269 3230 ῥῖ)ἐῖ1’ἧεῗιῖίὶ.”’ᾱεῖυ’ᾱὲἇῖ
3279 3135 3676 3229 Ὲῖξῖνῐιῶῑὸν

2025 3231 2154 3297 tibi,
2189 3232 2340 3301 quod
2376 3230 2530 3284 hunc
2563 3231 2821 3285 laborem
2847 3231 3198 3300 susceperis,
3231 3247 3416 3299 eoque
3438 3231 3678 3286 nomine

2026 3318 2230 3356 omnes
2262 3301 2538 3372 theologi,
2571 3301 2891 3371 praesertim
2927 3303 3026 3371 qui
3070 3306 3275 3355 Graecae
3309 3301 3522 3372 linguae
3557 3318 3674 3356 non

2028 3373 2170 3427 satis
2203 3379 2342 3426 sunt
2373 3372 2562 3442 periti,
2597 3374 2698 3426 tibi
2735 3372 2988 3427 multum
3023 3373 3339 3439 debebunt,
3363 3375 3410 3427 si
3449 3373 3677 3426 facilem

2027 3443 2143 3497 illis
2176 3444 2399 3496 aditum
2432 3444 2501 3497 ad
2536 3444 2679 3497 tanti
2713 3444 2970 3497 auctoris
3020 3445 3331 3497 lectionem
3384 3449 3440 3497 et
3463 3443 3677 3498 intelli-

2028 3513 2284 3584 gentiam
2320 3515 2676 3583 patefeceris.
2711 3513 2868 3579 Vale,
2900 3514 2978 3569 mi
3012 3515 3199 3582 Pater,
3262 3513 3375 3568 mei
3434 3530 3677 3570 memor.

2029 3583 2286 3652 Lovanii,
2308 3585 2378 3638 25
2408 3583 2622 3655 Aprilis
2653 3585 2811 3639 1615.
2847 3607 2875 3633 ››

2893 3671 2959 3726 R.
2993 3675 3060 3725 V.
3098 3672 3310 3726 Servus
3343 3671 3401 3725 in
3424 3671 3678 3726 Christo.

2960 3760 3306 3814 Lsomanus
3341 3759 3609 3814 Lsssws.

2108 3867 2520 3922 Potentissima
2551 3867 2786 3937 quidem
2821 3875 2932 3933 est,
2975 3873 3038 3920 ut
3096 3867 3347 3933 aiebam,
3381 3866 3501 3920 haec
3552 3881 3685 3920 eru-

2037 3938 2312 3994 ditissimi
2348 3938 2455 3991 viri
2487 3939 2943 4007 argumentatio,
2974 3955 3162 4009 neque
3192 3939 3406 3991 desunt
3434 3937 3561 3992 alia:
3592 3954 3683 3992 ra-

2037 4013 2225 4066 tiones
2258 4027 2383 4080 qum
2413 4010 2615 4064 eodem
2650 4010 2930 4064 orationis
2961 4025 3136 4063 cursu
3172 4009 3265 4063 hic
3294 4026 3327 4063 a
3359 4025 3461 4080 me
3501 4025 3685 4079 pone-

2038 4087 2260 4145 rentur,
2278 4079 2338 4135 isi
2373 4086 2663 4135 certorum
2689 4080 2993 4134 hominum
3016 4080 3342 4136 voluntates
3361 4079 3686 4136 rationibus

2040 4154 2172 4208 duci
2218 4169 2387 4223 posse
2416 4157 2730 4206 constaret.
2765 4152 2873 4206 Sed
2908 4151 3128 4207 haerent
3160 4153 3216 4204 in
3253 4152 3541 4207 sententia
3588 4152 3685 4205 fir-

2045 4226 2236 4288 miter,
2269 4229 2324 4277 et
2354 4224 2721 4294 tanquamrin
2756 4240 2886 4277 arce
2917 4239 3107 4278 causae
3142 4225 3343 4277 multis
3396 4223 3686 4294 praesidiis

2045 4296 2190 4366 septi
2227 4300 2283 4348 et
2315 4293 2761 4366 circumvallati,
2798 4295 2906 4348 nisi
2939 4300 3128 4349 turres
3165 4304 3211 4348 el
3251 4293 3689 4366 propugnacula

2047 4367 2408 4437 quatiantur,
2445 4366 2557 4419 nisi
2586 4365 2888 4420 diluantur
2918 4367 3274 4434 obiectiones
3306 4371 3363 4420 et
3415 4365 3686 4420 relellan-

2047 4445 2160 4497 tur,
2193 4437 2404 4490 abduci
2436 4453 2468 4489 a
2531 4437 2780 4506 pristina
2821 4437 3095 4508 opinione
3148 4454 3285 4508 non_
3317 4441 3584 4508 possunt,
3625 4439 3689 4489 ut

2048 4508 2325 4564 obstinati
2364 4513 2419 4561 et
2469 4507 2786 4562 multarum
2850 4506 3173 4578 palmarum
3235 4506 3584 4578 gladiatores
3630 4521 3694 4560 se

2054 4580 2334 4635 dimoveri
2368 4580 2437 4632 de
2468 4596 2574 4632 suo
2634 4581 2816 4647 gradu
2854 4577 2991 4631 non
3051 4579 3272 4632 sinunt.
3326 4583 3444 4648 Age
3491 4577 3693 4647 igitur,

2053 4652 2356 4706 videamus
2388 4668 2514 4721 quae
2545 4651 2852 4716 objiciunt,
2888 4656 2942 4702 et
2973 4649 3020 4702 si
3074 4666 3184 4702 non
3217 4664 3384 4721 aqua
3431 4665 3563 4702 cum
3596 4664 3696 4721 su-

2059 4719 2741 4788 perioribus—felicitate,
2805 4721 2924 4790 pari
2979 4737 3120 4774 sane
3198 4719 3470 4775 felicitate
3538 4719 3699 4774 refu-

2056 4800 2168 4849 tem
2181 4811 2267 4847 us.

2129 4864 2356 4934 Stylum
2390 4860 2661 4932 inprimis
2688 4859 2942 4931 Dionysii
2987 4859 3170 4934 nostri
3228 4864 3484 4930 arguunt
3527 4863 3703 4934 atque

2058 4931 2334 5000 lacerant,
2368 4949 2542 5001 quem
2566 4933 2878 4986 obscurum
2912 4936 2968 4986 et
2997 4933 3318 4985 involutum
3353 4947 3480 4986 esse
3511 4931 3701 4999 aiunt,

2058 5011 2182 5060 tum
2207 5005 2380 5059 etiam
2405 5003 2765 5057 tumentibus
2786 5002 3062 5071 ampullis
3083 5002 3374 5069 inflatum,
3405 5019 3573 5072 quem
3598 5020 3700 5057 ne-

2059 5081 2200 5146 gant
2227 5074 2530 5129 convenire
2557 5075 2614 5146 in
2658 5073 2818 5127 illud.
2851 5080 3104 5146 tempus,
3149 5074 3203 5127 in
3250 5072 3702 5146 quoireligionis

2059 5143 2134 5203 Ch
2148 5147 2400 5200 ristianae
2420 5145 2767 5215 simplicitas
2791 5145 3228 5215 moderatioque
3252 5145 3500 5212 lucebat,
3521 5149 3576 5198 et
3595 5144 3703 5198 mi-

2062 5221 2218 5274 nime
2243 5217 2509 5270 omnium
2544 5215 2829 5286 quadrare
2867 5216 2924 5269 in
2967 5231 3101 5269 eum
3143 5216 3354 5281 virum,
3390 5215 3702 5285 quidictus

2061 5295 2150 5344 est
2194 5285 2573 5357 Areopagita.’
2605 5287 2863 5340 Primum
2916 5285 3122 5340 lubens
3155 5289 3226 5340 ab
3256 5287 3330 5340 iis
3371 5287 3705 5341 doctoribus

2063 5376 2406 5432 quaererem.
2440 5375 2750 5429 quemnam
2769 5373 2911 5432 esse
2942 5357 3239 5432 heminam
3265 5357 3546 5432 velint,_et
3567 5375 3707 5432 qua:

2063 5427 2174 5486 lem
2209 5432 2442 5485 tandem
2461 5427 2903 5501 '7Areopagitam
2941 5427 3303 5501 Dionysium.
3338 5429 3526 5484 Audio
3568 5427 3707 5501 quid

2073 5503 2412 5557 Laurentius
2440 5500 2604 5554 Valla
2638 5500 2812 5562 dicat,
2855 5500 3006 5570 quid
3056 5505 3355 5566 Erasmus,
3415 5501 3554 5570 quid
3587 5499 3712 5554 'alii

2069 5573 2304 5644 quidam
2340 5589 2405 5626 ex
2437 5573 2632 5644 eadem
2669 5571 2902 5644 ofﬁcina
2935 5569 3255 5640 fuliginosi.
3289 5569 3506 5644 Volunt
3553 5572 3709 5644 enim

2067 5641 2156 5700 vel
2191 5645 2369 5698 vicem
2408 5642 3030 5715 luisseAtheniensem
3069 5660 3249 5695 unum
3287 5643 3355 5697 de
3387 5659 3576 5713 grege,
3614 5641 3714 5715 qui

2072 5734 2105 5770 a
2135 5721 2288 5770 certo
2323 5715 2446 5768 loco
2481 5712 2661 5775 urbis,
2712 5713 3062 5782 AreOpagitze
3106 5730 3313 5768 nomen
3374 5712 3601 5782 tulerit,
3628 5712 3715 5768 vel

2072 5791 2228 5844 certe
2252 5788 2322 5842 dc
2354 5800 2597 5841 numero
2620 5783 2889 5855 ,judicum
2911 5785 3089 5840 fuisse
3107 5803 3314 5855 unum,
3338 5787 3507 5856 quasi
3529 5801 3717 5841 unum

3304 5914 3389 5973 3?.
