4032 6214
322 267 466 324 1005

315 391 487 448 aiunt
514 406 644 465 esse
672 386 888 465 ὀγκώδη
924 391 1209 465 inﬂatam,

313 470 576 541 p‘antem,
600 462 973 541 insolentem,
998 464 1108 535 vel,
1133 471 1197 520 ut
1217 462 1472 539 o‘bjec't'at
1491 469 1779 541 Illyricus,
1800 474 1965 527 Asia-

315 539 588 613 ticamet
616 536 1153 613 redundantiorem,
1180 536 1373 613 quam
1398 541 1538 613 utin
1566 536 1698 596 eam
1738 548 1964 599 atatem

313 612 375 663 et
404 606 700 661 scribendi
720 606 1007 678 rationem
1040 606 1311 678 quadret.
1345 612 1447 665 Cui
1493 612 1764 669 hzeretico
1796 630 1827 669 e
1857 620 1963 671 No-

312 682 585 757 yatorum
616 679 825 757 gastris
854 677 1153 735 hominem
1172 698 1372 757 unum
1403 690 1649 757 possunt
1674 701 1966 757 opponere

317 751 586 829 Isaaeum
616 747 1062 829 Qasa‘ubonum,
1084 753 1182 822 qui
1219 747 1452 829 tametsi
1476 757 1535 829 in
1564 747 1963 828 oppugnanda

309 820 557 875 veritate
579 820 659 873 sit
688 820 906 894 inlelici
937 826 995 876 et
1026 820 1281 881 timendo
1313 825 1429 881 fato
1480 820 1860 894 immortuus,
1900 835 1963 885 ut

312 897 442 946 erat
470 896 671 967 tamen
702 908 817 967 non
850 892 1163 949 derelictus
1195 898 1267 951 ab
1288 896 1548 967 ingenio,
1571 915 1677 954 nec
1700 892 1962 955 lectiunis

315 963 716 1043 cemplnrium
738 965 992 1043 Auctore
1019 982 1303 1043 mexpers,
1325 963 1668 1043 Dionysium
1694 977 1958 1026 nostrum

309 1034 459 1113 vidit
488 1034 752 1113 div-ieum
774 1037 1090 1113 quemdam
1118 1034 1245 1093 esse
1270 1034 1566 1095 hominem
1599 1048 1655 1096 et
1676 1042 1961 1113 antiquis-

310 1106 558 1187 simum,
580 1105 756 1187 idque
785 1106 983 1187 ipsum
1016 1124 1167 1187 saepe
1196 1116 1287 1187 est
1308 1127 1423 1166 non
1456 1112 1584 1187 sine
1625 1105 1959 1184 prisfatione

313 1176 561 1233 honoris
595 1176 916 1247 professus,
948 1178 1019 1233 de
1050 1176 1219 1249 cuius
1261 1182 1318 1236 in
1372 1176 1678 1239 scribendo
1737 1186 1959 1240 ratione

308 1248 685 1328 italaudans,
708 1254 766 1303 et
783 1250 1057 1328 micantis
1079 1248 1341 1328 undique
1362 1257 1717 1328 excellentiae
1738 1257 1960 1328 magni-

308 1321 522 1397 tudine
552 1319 993 1397 obstupefactus
1025 1319 1297 1397 praedicat
1328 1342 1341 1379 :
1377 1327 1629 1397 «Fingit
1657 1319 1959 1384 vocesvno-

307 1407 446 1482 fee,
459 1391 1258 1482 (etcompositiebeeformat
1281 1391 1615 1482 nusitata's,
1637 1398 1954 1482 inauditas,

310 1462 595 1546 miriﬁcas
621 1478 633 1516 :
656 1478 790 1546 ’Ἧι-ιθ
820 1463 1168 1546 simpliciter
1187 1467 1361 1522 verbo
1385 1462 1821 1546 uno_aut_sllero
1842 1462 1955 1525 diei

310 1538 606 1605 poterant,
638 1533 917 1607 diﬂ‘nndit
942 1533 1007 1589 in
1041 1536 1238 1607 plures
1259 1555 1425 1595 voces
1442 1542 1759 1596 admodum
1790 1558 1958 1597 sono-

312 1621 413 1678 ras
442 1611 704 1678 et_magn
712 1605 899 1678 ilices,
916 1605 1106 1678 atque
1124 1614 1188 1664 ut
1206 1625 1338 1667 vere
1357 1611 1627 1669 observat
1644 1614 1951 1678 Maximus,

311 1671 819 1756 διὰ-πολυπξηθίαις
846 1671 1040 1745 λέξιωῖο
1086 1685 1276 1733 σκοτοῖ
1319 1681 1411 1736 τὸν
1457 1680 1645 1756 λόγον,
1691 1671 1955 1755 congestis

1339 277 1403 329 P.
1444 277 1814 333 LANSSELII
1850 280 2282 336 DISPUTATIO
2320 282 2717 339 APOLOGET.

1244 397 1554 482 peregrine
1588 401 1827 482 tumore
1848 416 1963 482 ere-
1992 406 2046 474 Α
2080 401 2179 474 qui
2211 401 2546 482 apostolicis
2574 405 2943 477 temporibus
2982 422 3083 464 eas
3130 407 3410 480 epistolas
3452 409 3726 482 scriptas,

3590 285 3731 344 1006

2076 491 2110 528 n
2129 474 2298 545 eget?

2152 547 2333 600 Nemo
2366 546 2786 622 miraturcum
2842 550 3140 604 Platonem
3193 551 3351 607 videt
3398 553 3719 622 Socratem,

2077 616 2670 696 aliosqueinconvio
2717 635 2855 696 cum
2906 623 3155 696 probum
3207 623 3453 679 laudant
3492 616 3721 696 specie;

2078 691 2162 742 sis
2194 689 2412 742 amoris
2446 689 2763 744 involucris
2828 689 3195 759 redimitum,
3240 696 3466 751 incitari
3526 689 3723 753 mente

2077 758 2226 841 ston
2263 775 2573 850 fassurgre,
2624 759 3011 850 ξνϐουσιαεξμόν
3061 766 3221 850 pati,
3252 767 3462 835 furere,
3516 769 3721 823 vatici-

2076 830 2227 910 nari,
2262 830 2597 910 βακχεύᾳινέ
2629 834 2777 910 hanc
2809 830 3078 910 animam
3109 836 3288 891 divini
3322 830 3539 893 amoris
3587 840 3721 910 igne

2073 902 2616 985 colliquescentem,
2676 904 3091 985 Deo‘plenam,
3147 924 3327 985 supra
3374 926 3465 964 res
3515 902 3721 967 omnes

2074 974 2495 1046 adspectabiles
2527 975 2746 1029 amoris
2777 974 2886 1030 alis
2910 974 3189 1046 avectam,
3212 974 3418 1033 divinas
3439 982 3721 1038 bonitatis

2074 1045 2211 1130 vim,
2243 1046 2607 1130 varietatem,
2641 1047 3011 1129 mirabiles'ei
3035 1045 3476 1130 inexplicabiles
3498 1052 3718 1130 machi-

2071 1117 2339 1193 nationes
2371 1123 2699 1193 canentem,
2734 1117 3190 1193 novosingulari
3230 1138 3441 1193 genere
3488 1123 3717 1179 dicendi

2072 1187 2459 1261 attollentem,
2475 1205 2586 1261 nen
2609 1190 2865 1261 feramus
2881 1188 2908 1242 ‘I
2932 1191 2990 1244 ld
3008 1187 3117 1261 qui
3140 1187 3313 1257 volét,
3339 1194 3715 1250 tribunatex-

2069 1258 2475 1314 eellentissimi
2506 1260 2761 1330 Dionysii
2794 1261 2965 1334 genio
3016 1258 3072 1317 et
3119 1266 3386 1332 consilio,
3437 1266 3535 1334 qui
3579 1284 3714 1323 cum

2067 1336 2222 1386 esset
2253 1348 2285 1385 a
2316 1337 2526 1386 natura
2557 1347 2671 1403 non
2696 1333 2869 1387 modo
2892 1333 2964 1387 ad
2984 1334 3353 1403 singularem
3380 1333 3562 1391 animi
3581 1355 3713 1393 con-

2067 1402 2435 1480 stantiam__et
2463 1402 3280 1480 gravitatem,.verum_’etiam
3313 1408 3385 1461 ad
3438 1410 3712 1480 magnifi-

2066 1488 2205 1553 cam
2232 1479 2289 1527 et
2320 1473 2548 1553 illustre
2577 1488 2762 1553 genus
2792 1473 3420 1553 dicendi__ius_truc_tus,
3472 1473 3569 1553 inv
3584 1498 3711 1553 my-

2066 1545 2383 1618 steriorum
2418 1547 2531 1599 ista
2560 1545 2963 1618 explicatione,
2993 1545 3211 1618 aliquid
3237 1549 3416 1604 etiam
3448 1550 3519 1604 ad
3570 1545 3709 1606 con-

2064 1616 2454 1694 suetudinem
2475 1617 2806 1694 adjunxerit
2835 1616 3107 1694 orna-tus
3126 1625 3184 1694 et
3233 1620 3709 1694 magniﬁcentia),

2064 1704 2201 1763 ne}
2232 1687 2491 1763 profanis
2523 1687 2866 1763 hominibus
2880 1687 3046 1763 facile
3083 1687 3532 1763 attingeréntur.

305 1748 1356 1847 generiem.
1393 1776 1420 1803 ››
1454 1756 1521 1809 Et
1540 1748 1682 1847 "Lalio
1715 1748 1949 1847 ierloco
1977 1782 2025 1847 Β
2132 1748 2250 1847 ἒξεὸ
2279 1774 2411 1847 vero
2442 1759 2736 1847 sicLsentie
2770 1830 2778 1839 ι
2811 1759 2993 1814 divini
3043 1748 3313 1847 Nemnis
3352 1763 3601 1847 imperib
3650 1766 3710 1847 et

306 1820 396 1897 ait
426 1817 641 1897 multos
670 1821 888 1897 Patres,
919 1821 1128 1897 eximie
1157 1839 1291 1881 vero
1324 1842 1440 1896 prae
1472 1827 1693 1881 ceteris
1736 1827 1950 1897 Diony-

309 1890 927 1971 eiumAreopagita-m,
950 1894 1020 1947 de
1038 1890 1424 1971 sacramentis
1447 1913 1590 1952 novo
1606 1899 1869 1971 quodam
1892 1890 1951 1952 et

307 1962 595 2039 inusitato
627 1962 1082 2039 dicendigenere
1101 1966 1434 2039 scripsisse,
1468 1962 1678 2039 quod'a
1719 1968 1950 2039 cothur-

308 2049 389 2088 no
422 2033 664 2109 tragico,
699 2033 1263 2109 vel__dithyrambicis
1296 2033 1595 2109 ampullis,
1631 2056 1745 2094 non
1797 2038 1949 2093 mul-

310 2109 443 2159 tum
470 2105 737 2185 videatur
764 2105 1000 2163 distare.
1033 2106 1223 2185 Hujus
1251 2111 1323 2164 ob
1352 2105 1439 2185 es,
1465 2111 1948 2185 lllyrieuscredo,

310 2191 383 2230 os
408 2180 638 2256 aperire
668 2192 842 2256 suum
868 2193 1026 2256 Anon‘
1054 2180 1286 2256 audeat.
1338 2180 1684 2256 Quanquam
1740 2182 1952 2256 lllyrici

314 2247 573 2323 quidem,
591 2247 979 2323 temeritatem
1003 2250 1314 2323 jejunique
1361 2247 1542 2308 animi
1549 2247 1951 2323 jactationem,

306 2318 674 2400 jempridem
707 2318 1008 2400 Matthaeus
1041 2318 1317 2400 Galen—us,
1348 2325 1437 2378 vir
1478 2318 1805 2400 praestantis
1830 2340 1957 2379 eru-

318 2390 586 2455 ditionis,
605 2392 1003 2460 compescuit:
1027 2392 1194 2448 docet
1212 2396 1367 2448 enim
1400 2390 1520 2450 una
1534 2396 1711 2450 etiam
1735 2399 1792 2450 in
1816 2402 1953 2449 aeta-

313 2466 402 2537 te,
430 2460 928 2537 sty1i_va_rietatem
954 2462 1011 2537 in
1034 2463 1280 2520 diversis
1303 2466 1688 2537 scriptoribus
1712 2483 1841 2521 esse
1863 2482 1957 2536 po-

314 2533 505 2606 tuisse
528 2550 544 2599 ;
564 2532 864 2588 Philonem
886 2534 1175 2601 Judaeum,
1197 2552 1367 2606 quem
1392 2532 1643 2593 Atticum
1662 2558 1674 2605 ;
1691 2544 1747 2593 et
1772 2532 1955 2592 unum

316 2603 584 2677 omnium
608 2605 1113 2677 elegantissimum
1138 2603 1341 2663 omnes
1362 2611 1576 2675 sciunt,
1591 2603 1724 2664 cum
1743 2614 1959 2677 tempo-

317 2674 489 2750 ribus
520 2673 729 2730 iisdem
762 2676 1012 2750 ﬂoreret,
1042 2677 1123 2750 ita
1153 2673 1573 2750 nonnunquam
1606 2673 1960 2735 dicendoin—

315 2746 527 2823 cita_ri,_
544 2752 607 2801 ut
638 2746 907 2823 proprius
938 2747 1091 2823 abeit
1119 2766 1387 2823 aemagno
1414 2746 1750 2823 :Dionysio,
1785 2767 1957 2822 quem

314 2817 566 2943 proinde
599 2817 974 2874 meritissima
1007 2817 1390 2891 Eusebius—eq:
1414 2818 1567 2893 λόγῳ
1588 2817 1817 2889 ἷπλατὲικξ
1837 2824 1956 2881 ταῖς

358 2886 584 2943 ιανοίαις
608 2886 820 2943 ὑψηλὸν
844 2887 933 2941 καὶ
982 2888 1253 2943 uerti-nov
1303 2894 1559 2943 annellat
1590 2914 1602 2943 ε
1652 2896 1709 2943 id
1765 2895 1956 2943 insum

358 2886 933 2976 ιανςξίᾳιςοὺξξίηλᾲνὶκαὶ
982 2888 1274 2976 μετέφρονι
1303 2886 1559 2976 appellat
1590 2896 1721 2976 ;-_id.
1765 2886 1958 2976 ipsu‘m

318 2960 479 3032 quod
511 2959 675 3014 scioli
696 2962 934 3032 quidam
958 2959 1434 3032 reprehendente
1451 2959 1843 3021 sanctissimis
1865 2965 1962 3025 Pa-

314 3031 533 3106 tribus,
564 3032 663 3101 qui
693 3035 874 3106 totius
893 3031 1122 3106 Greeiae
1150 3034 1315 3106 facile
1342 3036 1633 3106 principes
1679 3036 1817 3090 olim
1850 3052 1959 3090 au-

320 3102 1082 3189 dierint,exquisitela‘ude
1111 3102 1391 3189 celebrari
1415 3102 1639 3189 quippe
1660 3125 1692 3162 a
1732 3106 1959 3189 .Grego-

322 3174 412 3230 rio
450 3173 807 3248 Nazianzeno
839 3174 981 3229 dicit
1007 3176 1137 3248 viro
1162 3173 1664 3248 eloquentissimo,
1694 3184 1751 3233 et
1782 3180 1840 3233 in
1856 3173 1956 3233 re-

320 3261 459 3320 rum
491 3245 987 3320 gregissimarum
1007 3245 1392 3320 intelligentia
1443 3256 1692 3315 versato,
1743 3250 1964 3319 scripta

323 3313 519 3394 fuisse
537 3316 871 3394 a_Dionysio
900 3313 1169 3394 κάλλιστᾴ
1197 3313 1256 3394 υἷε
1305 3319 1396 3394 καὶ
1441 3313 1780 3394 ὐφηλότάτα.
1828 3313 1964 3394 Hae

324 3392 387 3463 et
411 3386 531 3463 _alia
550 3387 639 3441 vir
668 3386 769 3463 ille
798 3389 1008 3463 doctus
1021 3391 1427 3461 copiosissime
1456 3386 1799 3463 exponebat.
1830 3392 1961 3457 Sed,

325 3459 379 3514 si
410 3458 573 3513 lubet
594 3458 795 3535 pedem
830 3458 1235 3535 propius—jam
1268 3458 1552 3530 conferre,
1577 3464 1713 3535 quid
1737 3466 1964 3535 estmao

324 3545 592 3604 gnopere
614 3530 1427 3604 mirandumjesse'videalur,
1461 3536 1507 3591 si
1537 3530 1731 3589 noster
1762 3534 1967 3604 Diony-

327 3602 458 3657 sius
485 3616 553 3656 ea
582 3601 794 3670 ingenii
812 3602 1155 3675 subtilitate,
1182 3606 1360 3675 quod,
1393 3611 1458 3661 ut
1477 3607 1718 3661 verbum
1744 3622 1775 3659 a
1800 3601 1969 3675 poeta

326 3676 584 3740 mutuer,
617 3677 823 3728 tenues
859 3673 1139 3730 limarant
1185 3673 1445 3739 Athenae,
1474 3694 1542 3731 ea
1599 3673 1970 3731 institutione

324 3748 507 3817 atque
538 3744 802 3800 doctrina
822 3762 950 3817 qua:
981 3745 1376 3803 clarissimum
1410 3748 1553 3803 illud
1607 3746 1970 3802 domicilium

323 3815 658 3891 litterarum
684 3815 937 3891 saperet,
963 3817 1036 3872 iis
1066 3818 1400 3891 doctoribus
1421 3836 1590 3885 usus,
1616 3819 1715 3891 qui
1741 3837 1771 3871 a
1802 3817 1971 3891 tertio

325 3902 521 3961 usque
551 3885 691 3961 coelo
724 3885 1058 3961 devocatam
1088 3889 1409 3961 ccelestium
1444 3885 1649 3946 rerum
1687 3890 1975 3961 cognitio-

328 3974 465 4030 nem
496 3958 552 4011 in
577 3958 704 4030 ejus
726 3959 992 4015 animum
1014 3960 1421 4030 instillassent,
1446 3978 1579 4017 cum
1604 3958 1854 4017 maxime
1882 3976 1975 4014 re-

326 4029 474 4100 ligio
503 4033 561 4101 et
589 4029 820 4085 divinus
850 4048 1017 4086 amor
1043 4033 1171 4101 ejus
1209 4032 1393 4088 animi
1450 4033 1975 4089 inﬂammationem

327 4100 744 4175 exsuscitant;
797 4100 1243 4175 si_Dionysius,
1309 4104 1577 4175 inquam,
1642 4104 1977 4175 sapientum

323 4171 773 4246 Atheniensium
804 4171 1093 4246 primitias,
1126 4176 1183 4229 in
1206 4171 1273 4230 eo
1294 4171 1500 4232 ardore
1548 4171 1803 4246 pietatis,
1842 4173 1981 4228 deli-

330 4244 517 4317 butus
547 4241 772 4313 liquido
792 4241 1020 4317 gaudio
1036 4252 1093 4301 et
1114 4247 1433 4317 voluptate,
1455 4241 1568 4317 qua
1589 4246 1794 4301 divina:
1816 4262 1977 4300 men-

330 4315 413 4369 tis
429 4313 644 4383 illapsu
676 4315 1105 4385 perfruebatur,
1135 4313 1383 4373 bumum
1398 4313 1679 4384 deseruit,
1695 4318 1980 4373 extulitse

329 4401 517 4455 supra
539 4401 620 4454 se,
650 4386 825 4441 verba
851 4387 922 4441 ad
956 4388 1137 4443 animi
1165 4389 1565 4445 dominantem
1615 4388 1980 4443 affectionem

328 4456 822 4521 accommodavit,
856 4474 1002 4514 nova
1049 4465 1109 4514 et
1154 4459 1436 4516 inusitata
1487 4461 1716 4515 dicendi
1753 4459 1977 4515 ratione

2060 1837 2313 1884 motione
2344 1829 2461 1904 haec
2493 1831 2564 1883 ab
2602 1845 2669 1904 eo
2690 1830 2882 1904 fuisse
2905 1832 3245 1904 perscripta.
3273 1834 3424 1889 Deus
3443 1829 3707 1904 profecto

2057 1915 2252 1976 rerum
2276 1901 2543 1976 omnium
2578 1901 2771 1976 0pi_fex
2797 1902 3027 1976 quiillo
3056 1901 3174 1958 aevo
3207 1921 3339 1959 rara
3361 1901 3628 1976 quaedam
3653 1910 3711 1959 et

2056 1970 2339 2047 inusitata
2358 1970 2645 2047 patrabat,
2667 1970 2925 2047 Dionysii
2950 1980 3206 2047 mentem
3232 1970 3407 2047 atque
3447 1976 3707 2047 linguam

2058 2041 2264 2097 habuit
2297 2060 2397 2113 pro
2430 2042 2654 2098 calamo
2686 2041 2889 2098 scribas
2922 2044 3196 2100 velociter
3236 2041 3591 2103 scribentis:
3623 2046 3693 2100 il-

2060 2114 2375 2186 liusduetu
2398 2120 2571 2186 atque
2593 2114 2816 2186 lumine
2839 2132 2952 2170 non
2978 2116 3237 2186 politiam
3271 2119 3442 2173 modo
3465 2134 3699 2172 omnem

2059 2184 2403 2240 Christianae
2452 2184 2775 2255 religionis,
2850 2184 3046 2241 verum
3117 2190 3290 2243 etiam
3376 2188 3698 2243 caelestium

2062 2258 2348 2337 mentium
2380 2256 2634 2341 ordines,
2666 2258 3010 2341 peragravit.
3046 2257 3146 2341 Ille
3178 2258 3429 2341 Spiritus
3451 2260 3551 2341 qui
3574 2258 3705 2314 Dio-

2064 2329 2229 2398 nysio
2288 2328 2598 2391 concessit,
2652 2332 2715 2399 ut
2768 2327 2987 2399 indicta
3050 2327 3273 2385 caeteris
3325 2327 3704 2399 inauditaque

2062 2404 2359 2470 pangeret,
2392 2398 2769 2470 verbaetiam
2791 2402 2849 2452 et
2882 2398 3197 2455 mirificum
3240 2400 3522 2456 orationis
3562 2398 3708 2456 con-

2061 2468 2309 2543 textum,
2382 2486 2498 2543 quo
2554 2468 2653 2543 illi
2719 2470 2849 2543 ipsa
2900 2476 3232 2543 exponeret,
3293 2470 3706 2543 suppeditavit.

2064 2542 2248 2605 Quare
2278 2546 2341 2595 ut
2370 2539 2627 2596 Graccho
2680 2540 2819 2595 olim
2870 2539 3096 2607 orandi,
3148 2543 3348 2597 fistula
3369 2539 3712 2598 eburneola

2066 2628 2210 2683 puer
2239 2612 2530 2666 litteratus
2551 2612 2705 2666 vocis
2736 2614 3169 2667 contentionem
3202 2619 3259 2667 et
3278 2618 3481 2670 tonum
3507 2614 3713 2669 mode-

2065 2682 2324 2750 rabatur,
2357 2684 2441 2737 sic
2472 2682 2666 2736 divina
2712 2698 2901 2752 mens,
2956 2683 3124 2753 periti
3177 2683 3363 2739 instar
3408 2685 3709 2753 pbonasci,

2067 2755 2447 2809 sanctissimo
2477 2753 2749 2824 Dionysio
2783 2760 2982 2808 nostro
3014 2756 3197 2822 dedit,
3231 2759 3296 2809 ut
3335 2753 3567 2811 inﬂaret
3622 2754 3713 2810 al-

2064 2826 2204 2890 tius,
2236 2831 2447 2879 etcum
2492 2824 2860 2880 divinissimo
2922 2825 3095 2879 Paulo
3149 2833 3343 2882 mente
3390 2826 3709 2882 excederet.

2065 2896 2231 2977 Certe
2260 2895 2629 2977 elarissimus
2648 2895 2935 2977 idemque
2968 2896 3452 2977 religiosissimue
3481 2898 3711 2977 Billius,

2067 2968 2239 3048 cujus
2269 2967 2576 3048 industria
2609 2972 2688 3048 et_
2719 2967 3213 3048 fructuosissimis
3254 2968 3575 3048 laboribus,
3623 2971 3712 3048 tot

2066 3038 2311 3093 eximios
2341 3054 2371 3093 e
2401 3038 2618 3093 Graecia
2652 3042 2850 3093 Patres
2880 3038 3197 3109 explicatos
3240 3044 3297 3094 et
3341 3039 3711 3094 illuminates

2067 3109 2394 3183 babemns,_
2430 3109 2620 3164 dicere
2656 3108 2922 3183 solebat,
2956 3108 3086 3164 ’hoc
3141 3127 3290 3183 opus
3353 3110 3713 3183 Areopagitae

2069 3180 2349 3252 Dionysii,
2385 3181 2540 3252 hunc
2562 3179 2777 3251 stylum
2803 3180 2946 3252 adeo
2977 3196 3105 3235 esse
3137 3179 3485 3242 θέόπνευστον
3505 3179 3714 3252 ἀῐῳιθ
3750 3222 3759 3231 .

2072 3250 2358 3317 divinum,
2392 3257 2455 3305 ut
2485 3250 2533 3306 si
2562 3250 2922 3324 quotquotin
2967 3252 3193 3324 Europa
3240 3260 3377 3308 sunt
3433 3250 3715 3309 acerrimo

2072 3324 2309 3395 ingenio
2341 3328 2398 3376 et
2426 3322 2797 3395 gravioribus
2829 3321 3092 3395 scientiis
3124 3321 3366 3395 imbuti,
3417 3326 3475 3379 in
3528 3339 3715 3395 unum

2074 3392 2300 3458 coeant,
2332 3398 2388 3448 et
2418 3392 2612 3447 simile
2643 3392 2946 3463 quidpiam
2982 3394 3359 3460 meditantur,
3408 3395 3500 3449 vix
3556 3393 3718 3450 omni

2076 3465 2253 3521 animi
2279 3464 2648 3519 contentione
2677 3469 2853 3533 atque
2881 3464 3125 3525 viribus,
3157 3465 3278 3519 sint
3318 3471 3545 3520 tantam
3587 3464 3718 3519 alti-

2077 3537 2341 3591 tudinem
2377 3543 2552 3604 atque
2585 3534 2976 3604 praestantiam
3001 3535 3284 3606 imitando
3328 3535 3718 3606 consecuturi,

2078 3606 2239 3669 Quod
2290 3621 2560 3678 acroama
2586 3622 2653 3659 ex
2684 3622 2781 3659 ore
2814 3606 2960 3678 tanti
2984 3605 3087 3659 viri
3121 3607 3344 3678 excepit
3392 3607 3456 3661 D.
3493 3606 3723 3661 Richar-

2078 3679 2191 3731 dus
2214 3677 2545 3747 Stephanus
2575 3678 2777 3729 doctor
2806 3674 3103 3747 thologus,
3138 3679 3222 3730 vir
3252 3674 3487 3731 summa
3508 3678 3722 3731 buma-

2084 3749 2280 3813 nitate,
2311 3746 2377 3801 iit
2406 3747 2550 3800 mihi
2585 3748 2847 3817 nuperin
2883 3746 3151 3801 familiari
3186 3764 3455 3803 sermone
3500 3763 3719 3802 memo-

2082 3820 2268 3874 rabat.
2306 3821 2363 3872 In
2396 3819 2594 3873 eadem
2628 3818 2917 3873 sententia
2976 3818 3087 3871 fuit
3135 3817 3430 3873 Mar-silius
3464 3818 3717 3885 Fieinus,

2082 3890 2274 3945 lumen
2302 3890 2401 3943 aevi
2433 3890 2546 3957 sui,
2578 3890 2739 3943 varia
2769 3889 3213 3958 abundantique
3243 3891 3509 3945 doctrina
3547 3890 3718 3959 cujus

2085 3978 2326 4016 aureum
2374 3960 2773 4031 prountiatum
2823 3977 2935 4015 non
2988 3977 3231 4031 possum
3281 3962 3420 4029 quin
3475 3959 3718 4015 totidem

2084 4033 2276 4087 verbis
2297 4032 2390 4086 hic
2426 4048 2659 4101 ponam,
2694 4037 2757 4085 ut
2782 4031 3167 4087 honorificum
3201 4038 3413 4087 nostra:
3453 4033 3719 4101 disputa-

2085 4104 2264 4159 tionis
2293 4101 2603 4175 emblema.
2636 4103 2729 4158 Sic
2756 4101 2940 4173 igitur
2983 4104 3191 4175 habet:
3231 4128 3267 4175 «ν
3306 4104 3559 4175 Dionysii
3620 4102 3724 4159 Dei

2088 4192 2329 4247 numen,
2361 4174 2636 4243 Theologi
2667 4180 2888 4229 veteres
2917 4178 2972 4229 et
2993 4174 3299 4243 Platonici,
3323 4174 3724 4247 sepa’raturum

2090 4246 2371 4301 mentium
2393 4247 2745 4318 exstasimret
2761 4262 3061 4300 excessum
3085 4261 3215 4318 esse
3238 4246 3465 4316 putant,
3493 4247 3726 4318 quando

2090 4318 2304 4389 partim
2339 4334 2535 4389 amore
2565 4317 2780 4389 nativo,
2809 4318 3028 4389 partim
3061 4317 3383 4388 instigante
3402 4317 3537 4384 Deo,
3564 4322 3731 4371 natu-

2091 4387 2242 4443 rales
2275 4387 2663 4455 intelligentiae
2694 4388 2913 4442 limites
2944 4387 3358 4459 supergressa,
3382 4388 3438 4442 in
3469 4394 3729 4442 amatum

2092 4460 2275 4515 Deum
2294 4459 3171 4525 mirabilitertransformantur,
3188 4461 3282 4514 ubi
3304 4476 3449 4514 novo
3480 4459 3731 4528 quodam

329 4520 815 4603 evolavit‘altius,
848 4544 1024 4601 quam
1055 4547 1161 4587 nos
1184 4531 1349 4587 humi
1378 4532 1547 4588 strati
1572 4548 1861 4603 queamus
1884 4548 1976 4586 su-
2011 4520 2052 4583 D
2086 4530 2335 4603 nectaris
2361 4530 2573 4603 haustu
2608 4537 2664 4603 et
2690 4530 3091 4603 inaestimabili
3118 4520 3332 4601 gaudio
3373 4520 3731 4603 velu'tebriae

331 4599 562 4672 spicere
582 4599 610 4653 ?

407 4671 465 4745 _Si
498 4671 614 4740 iam
649 4670 941 4745 Hierotbei
966 4673 1438 4745 sacroshymnos
1458 4674 1981 4745 videremus,quos

334 4740 507 4816 olim,
536 4746 679 4816 aestu
701 4744 955 4816 quodam
988 4743 1205 4816 ingenii
1232 4740 1436 4816 raptus
1467 4750 1524 4799 et
1574 4744 1829 4815 pietatis,
1852 4740 1982 4797 Vad-

334 4813 693 4887 mirabiliter
716 4814 953 4887 cecinit,
978 4813 1158 4871 sic'ut
1188 4815 1270 4870 illi
1303 4813 1403 4887 qui
1428 4813 1689 4881 aderant,
1713 4816 1801 4869 vix
1818 4830 1985 4869 arca-

336 4900 449 4940 nos
480 4884 759 4958 orationis
789 4901 1000 4941 sensus
1031 4884 1419 4958 intelligentia
1450 4891 1978 4958 consequerentur;

332 4956 807 5030 repudiaremus,
840 4957 1014 5030 credo
1045 4963 1101 5029 et
1116 4956 1587 5030 aspernaremur,
1613 4956 1764 5028 quod
1792 4957 1981 5012 subli-

334 5027 463 5101 mia
484 5027 586 5082 illa
615 5032 789 5098 atque
816 5028 1130 5099 magniﬁca
1162 5027 1218 5085 in
1251 5046 1378 5087 eam
1412 5027 1821 5101 tempestatem
1866 5045 1981 5084 non

330 5100 820 5173 caderentrquod
853 5117 969 5156 non
1000 5102 1138 5173 trito
1168 5107 1225 5157 et
1263 5100 1555 5158 consueto
1596 5117 1807 5173 genere
1853 5117 1982 5156 ora-

334 5171 523 5227 tionis
580 5170 788 5226 fuisset
837 5171 1028 5226 usus?

412 5242 472 5297 S.
526 5241 785 5307 Ignatius
835 5259 1023 5313 neque
1092 5243 1337 5299 Athenis
1406 5244 1741 5311 disputans,
1794 5258 1982 5313 neque

336 5313 595 5384 hymnos
627 5319 954 5381 pertexens,
988 5317 1090 5369 aut
1119 5314 1177 5368 in
1210 5316 1423 5370 mediis
1454 5316 1608 5370 633
1658 5314 1980 5370 ccelestium

335 5386 678 5440 animarum
710 5385 906 5441 choris
932 5385 1103 5440 beato
1146 5384 1364 5442 lumine
1410 5387 1829 5447 circumfusus,
1881 5385 1983 5439 sed

336 5456 626 5526 epistolas
651 5458 1373 5528 scribens,nonnunquam
1393 5462 1589 5513 tamen
1617 5458 1835 5528 impetu
1864 5474 1988 5511 ora-

339 5528 523 5583 tionis
573 5529 917 5595 eﬁervescit,
957 5528 1415 5598 compositiones
1461 5530 1771 5585 verborum
1809 5528 1985 5582 habet

336 5598 674 5669 granditate
723 5604 1024 5659 sonantes.
1058 5601 1312 5665 novitate
1356 5600 1677 5665 mirabiles,
1720 5605 1987 5654 stuctura

340 5672 663 5742 speciosae,
695 5676 758 5725 ut
787 5670 874 5726 vel
907 5670 1143 5726 initium
1166 5673 1424 5743 epistolae
1455 5673 1523 5726 ad
1578 5672 1870 5727 Romanos
1918 5671 1988 5723 fi-

340 5743 479 5800 dem
505 5743 659 5798 facit.
694 5743 835 5807 Quis
856 5743 1152 5798 enimvero
1182 5742 1414 5800 esttam
1450 5759 1719 5799 morosus
1757 5742 1816 5797 in
1851 5758 1983 5813 pro-

341 5815 565 5883 bando,
598 5818 717 5870 tam
752 5814 810 5870 in
850 5815 1173 5886 judicando
1221 5816 1474 5873 stolidus
1523 5820 1701 5888 atque
1751 5830 1985 5887 procax,

2092 4603 2180 4673 (ut
2210 4602 2289 4657 ita
2313 4601 2581 4666 dixerim)
2613 4601 3066 4656 debacchentur.
3094 4606 3234 4673 ,Hoc
3284 4617 3467 4673 genus
3516 4601 3730 4672 Diony-

2091 4670 2249 4755 siaco
2282 4673 3004 4755 mero‘Dionysiusposter
3038 4671 3268 4755 .ehri‘u‘s.
3290 4670 3531 4755 wexultat
3597 4670 3729 4755 p'a's-

2090 4747 2225 4814 sim,
2258 4745 2506 4799 ell‘undit
2528 4741 2858 4813 aenigmata,
2892 4741 3145 4815 concinit
3167 4741 3730 4815 dithyrambosflta-

2092 4833 2206 4898 que
2235 4833 2409 4898 quam
2444 4816 2692 4898 arduum
2722 4818 2809 4898 est
2832 4814 3152 4898 pretendes
3174 4814 3533 4898 ejus’sensus
3556 4814 3727 4868 intel-

2090 4884 2340 4956 ligentias
2374 4892 2696 4951 penetrare,
2728 4890 2847 4956 tam
2895 4884 3132 4940 difﬁcile
3176 4886 3356 4940 miras
3416 4886 3726 4940 verborum

2092 4955 2569 5027 cumpositiones,
2600 4963 2657 5011 et
2688 4955 2852 5023 quasi
2884 4955 3195 5026 Orphicum
3228 4956 3459 5011 dicendi
3518 4956 3728 5010 chara-

2092 5026 2302 5083 cterem
2327 5028 2567 5091 imitari,
2602 5044 2667 5080 ac
2697 5027 2918 5081 Latinis
2951 5028 3271 5097 prmsertim
3317 5028 3509 5081 verbis
3539 5026 3727 5097 expri-

2092 5116 2268 5155 mere.
2304 5099 2458 5154 Idem
2486 5100 2739 5169 profeclo
2763 5099 2833 5151 ad
2864 5098 2929 5169 id
2948 5097 3114 5152 facile
3136 5098 3614 5169 consequendum
3638 5114 3733 5152 ne~

2091 5170 2383 5227 cessarius
2414 5168 2649 5225 omnino
2679 5170 2849 5223 nobis
2880 5168 3116 5224 divinus
3144 5175 3235 5225 est
3265 5168 3444 5231 furor,
3479 5175 3587 5224 etc.
3620 5190 3648 5219 η

2166 5242 2281 5297 Hac
2313 5244 2382 5295 de
2413 5242 2564 5311 style
2596 5240 2776 5295 satis:
2809 5241 2950 5310 quid
2977 5240 3135 5295 aliud
3189 5242 3468 5295 adversus
3516 5241 3730 5311 Diony-

2095 5314 2165 5368 sii
2202 5314 2386 5367 nostri
2436 5318 2811 5368 monumenta
2849 5311 3157 5380 objiciatur
3211 5313 3530 5367 videamus.
3596 5311 3735 5366 Ecce

2092 5384 2197 5439 tibi
2233 5384 2486 5453 Scaliger
2517 5401 2657 5438 sane
2688 5383 2903 5436 infesto
2935 5382 3128 5438 animo
3161 5383 3411 5438 incurrit
3441 5384 3495 5435 in
3528 5383 3737 5453 Diony-

2094 5455 2282 5511 sium:
2320 5455 2425 5509 hos
2461 5456 2638 5510 libros
2669 5454 3083 5526 supposititios
3115 5471 3183 5509 ex
3208 5472 3274 5510 eo
3308 5455 3534 5526 probat,
3580 5454 3734 5526 quod

2094 5528 2165 5580 de
2192 5526 2497 5581 monachis
2546 5524 2761 5596 agant,
2796 5524 2903 5594 qui
2945 5542 3236 5595 nusquam
3300 5524 3551 5596 fuerint;
3599 5524 3733 5580 inon

2094 5598 2273 5661 enim,
2292 5604 2355 5651 ut
2374 5595 2767 5652 Tertullianus
2791 5596 3005 5665 aiebat,
3030 5597 3356 5652 Christiano
3383 5618 3403 5646 ι
3455 5595 3735 5651 silvicola:

2094 5685 2211 5725 esse
2238 5676 2333 5723 aut
2360 5670 2575 5723 exsules
2608 5669 2772 5722 vitae:
2803 5690 2829 5716 ‹‹
2874 5668 2927 5721 id
2954 5682 3139 5738 genps
3162 5670 3291 5722 vitae
3322 5685 3353 5722 a
3378 5666 3557 5722 Paulo
3616 5668 3736 5738 pri-

2096 5757 2253 5796 mum
2275 5740 2519 5795 eremita
2539 5740 2877 5794 institutum
2906 5756 2919 5801 ;
2945 5733 3344 5809 ὑᾶτοϐολιμαῖον
3377 5740 3531 5794 hunc
3560 5733 3739 5810 sc'ripe

2095 5817 2277 5869 torem
2309 5810 2369 5867 in
2406 5812 2667 5868 fraudem
2701 5810 3208 5868 fuisseinductum
3240 5811 3312 5869 ab
3330 5811 3599 5881 Eusebio,
3637 5809 3739 5883 qui
