4032 6214
197 288 307 344 1025

1142 291 1480 348 νΙΝΒΙΟιλΕ
1517 289 1816 346 OPERUM
1851 291 2569 348 AREOPAGITICORUM.

3417 288 3568 348 1026'

194 410 318 479 λετη,
351 409 516 482 quasi
540 387 734 487 dicat:
786 414 1232 487 Sacramentum
1283 415 1439 470 enim
1505 413 1667 469 illius
1711 417 1814 469 aut
1851 414 2339 486 Aperfectionem
2369 432 2547 487 quam
2579 415 2799 486 recepit
2835 414 3102 472 Christus
3147 419 3213 470 ut
3257 415 3456 486 homo,
3505 422 3566 473 et

193 489 366 540 sancta
393 484 739 556 caeremonia
771 485 1082 554 perfectiva
1103 491 1160 540 et
1195 487 1461 556 ejusdem
1497 502 1806 542 consecra—

193 556 274 610 tio.
304 555 652 628 Quaa‘verba
705 557 906 628 omnia
961 555 1237 610 nonnisi’
1275 559 1346 611 ad
1408 559 1807 628 operationem

192 627 352 697 ipsam
379 622 604 692 τελετῆς
635 626 818 681 veluti
847 643 1026 682 sacrae
1059 628 1413 683 caeremoniae
1449 622 1802 683 referuntur.

188 697 408 754 Utenim
442 697 843 752 sanctiﬁcatur
871 698 1052 753 altare
1087 715 1189 770 per
1241 701 1647 755 caeremoniam
1699 700 1807 754 ali-

188 784 340 840 quam
372 785 623 836 sacram,
659 784 760 838 per
775 771 1043 824 eamdem
1061 771 1428 838 sanctificat;
1460 771 1543 826 sic
1561 778 1617 825 et
1637 772 1774 826 Chri
1793 799 1805 810 η

187 845 256 895 sto
301 845 421 894 tam
477 842 801 912 secundum
849 841 1134 896 rationem
1201 843 1426 904 altaris,
1481 859 1655 912 quam
1710 842 1808 896 Dei

190 915 424 983 spectato
446 911 752 966 convenire
783 912 883 980 ait,
909 919 971 966 ut
995 918 1238 983 utroque
1261 930 1436 969 sensu
1461 911 1810 968 cieremonia

191 982 266 1055 Dei
302 987 503 1055 sancta
529 983 762 1055 dicatur
792 1002 806 1049 ;
840 986 959 1038 sive
1005 982 1294 1054 quatenus
1344 984 1548 1055 recipit
1597 986 1807 1038 sancti-

181 1054 488 1126 ficationem
521 1058 586 1108 ut
617 1054 812 1126 homo,
834 1055 966 1126 sive
997 1060 1288 1126 quatenus
1320 1070 1447 1110 eam
1469 1054 1710 1110 confert
1745 1060 1810 1112 ut

187 1125 362 1197 Deus:
395 1139 585 1195 neque
632 1124 752 1178 illic
771 1122 1119 1193 τελετή,ᾗὶεἰ
1185 1143 1289 1197 pro
1329 1127 1584 1197 quodam
1631 1143 1809 1182 ciere-

181 1196 374 1270 monia:
405 1212 581 1270 sacra:
613 1212 824 1267 genere
855 1196 1657 1270 usurpatur,quo’Christusr
1684 1215 1810 1270 per-

182 1268 394 1321 ﬁciatur
421 1274 487 1321 ut
534 1268 728 1331 homo,
778 1277 831 1322 et
881 1285 986 1324 nos
1030 1269 1267 1324 vicissin
1319 1274 1595 1339 tanquam
1633 1268 1808 1335 Deus,

178 1339 415 1408 quadam
447 1339 1085 1395 suicommunicatione
1103 1340 1399 1412 perficiat:
1434 1341 1663 1396 scilicet
1681 1356 1809 1396 eam

1924 503 2100 556 quam
2126 487 2293 541 nobis
2323 489 2567 556 confert,
2595 493 2770 558 atque
2799 489 3198 543 communicat
3220 493 3285 542 ut
3310 490 3480 556 Deus,
3506 489 3567 545 id

1917 563 2007 612 est
2038 574 2214 632 quam
2245 559 2304 612 in
2328 575 2436 613 sua
2464 557 2640 614 simul
2671 557 2727 613 et
2751 565 2949 632 nostra
2977 559 3343 632 humanitate
3366 576 3570 632 opera-

1918 635 2034 696 tur,
2058 629 2258 699 utique
2279 634 2556 701 tanquam
2571 631 2976 685 caeremoniam
2997 630 3311 701 quamdam
3337 629 3564 688 sacram

1919 706 2140 774 spectat
2173 702 2929 774 etcontemplatursanctus
2945 708 3170 766 noster,
3189 719 3302 774 non
3337 704 3570 774 proprie

1918 773 2158 840 quidem
2192 772 2433 838 dictam,
2467 775 2568 827 sed
2600 789 2666 827 ea
2691 773 2934 841 ratione,
2986 790 3102 843 qua
3146 772 3459 828 Christum
3500 781 3568 830 ut

1919 843 2120 907 altare,
2155 859 2259 897 nos
2289 859 2424 914 vero
2458 848 2521 897 ut
2550 845 2816 898 victimas
2838 843 3054 897 intulit.
3081 850 3161 898 Ac
3195 846 3436 914 proinde
3477 862 3568 901 vo-

1919 916 2196 987 cabulum
2226 911 2444 987 τελετή,
2479 915 2819 980 neutiquam
2850 915 2968 969 illic
2996 917 3065 968 ad
3112 911 3568 987 _signiﬁcandam

1918 984 2355 1072 perfectionem,
2389 985 2790 1072 sive‘passive,
2843 984 3199 1072 sive‘activé
3249 992 3567 1072 sumptam,

1920 1061 2271 1130 usurpatum
2295 1057 2411 1110 dici
2445 1057 2640 1124 debet,
2674 1064 2734 1130 ut
2756 1057 3058 1130 contendit
3089 1056 3397 1113 haereticus
3430 1077 3442 1114 :
3469 1056 3569 1130 qui

1923 1127 2183 1198 profecto
2236 1143 2350 1182 non
2402 1131 2523 1182 tam
2570 1128 2780 1182 acriter
2817 1129 2886 1182 ad
2947 1129 3354 1199 abrogandam
3413 1127 3570 1187 hunc

1921 1204 2123 1253 sancto
2159 1199 2429 1270 Dionysio
2462 1200 2819 1270 Areopagitae
2851 1199 3084 1262 librum,
3112 1215 3216 1254 nec
3246 1205 3410 1256 tanta
3438 1219 3570 1258 con-

1917 1270 2176 1345 tentione
2208 1286 2272 1324 ac
2291 1270 2655 1345 pertinancia
2687 1270 3063 1345 depugnaret,
3087 1272 3362 1344 utreipsa
3392 1273 3570 1345 depu-

1918 1347 2083 1413 gnat,
2117 1342 2169 1396 si
2191 1341 2651 1396 consentientem
2684 1341 2793 1396 sibi
2823 1345 2880 1396 et
2910 1343 3217 1397 faventem.

225 1464 474 1540 (Amicus
500 1466 772 1540 ille_quie
803 1465 1014 1520 Gallico
1039 1466 1300 1522 idiomate
1332 1469 1400 1521 in
1430 1468 1716 1540 Latinum
1773 1469 2080 1536 transtulit,
2143 1477 2369 1522 vocatur
2424 1467 2755 1540 reverendus
2784 1473 2972 1540 rl‘ater
3026 1470 3268 1524 Joannes
3325 1471 3562 1540 Nicolai,

176 1538 311 1610 sacri
354 1535 565 1590 ordinis
593 1537 850 1610 Fratrum
882 1540 1347 1610 Paeedicatorum,
1406 1539 1595 1594 doctor
1627 1540 1902 1610 theologus
1929 1540 2230 1610 facultatis
2255 1539 2590 1594 Parisiensis
2629 1557 2642 1606 ;

2698 1539 2855 1608 cuius
2905 1548 3184 1596 nomenut
3238 1541 3416 1595 omnis
3471 1542 3567 1597 do-

172 1609 367 1664 ctrina?
394 1610 543 1678 fama
567 1609 775 1663 celebre
802 1615 901 1673 est,
934 1609 1015 1664 ita
1043 1615 1208 1665 ethoc
1229 1626 1362 1680 Opus
1394 1625 1504 1665 non
1533 1609 1889 1666 mediocriter
1918 1609 2268 1682 illustrabit.)

337 1919 526 2079 Β.
621 1919 795 2079 Ρ.
892 1919 1812 2082 ΒΕΒΝΑΒΕ

1927 1921 1932 2082 ξ
2005 1921 2216 2084 Μ.
2307 1922 2571 2083 DE
2653 1921 3393 2085 RUBEIS

1127 2187 1601 2275 OliDINIS
1670 2191 2616 2278 PllIEDICATOltUM

167 2364 245 2420 De
309 2357 626 2435 operibus,
695 2376 837 2437 quae
884 2358 1074 2435 vulgo
1158 2358 1598 2437 Areopagitica
1655 2361 1992 2422 dicuntur:

2082 2361 2281 2438 deque
2337 2365 2613 2432 auctore,
2676 2358 2933 2437 ejusque
2992 2360 3134 2433 fide,
3200 2381 3279 2422 an
3334 2363 3554 2425 ortho-

323 2439 522 2499 doxus
552 2436 757 2510 fuerit,
797 2456 878 2498 an
913 2437 1265 2511 haereticus,
1299 2439 1396 2500 vel
1421 2436 1898 2517 ’Apollinarista,
1934 2441 2033 2502 vel
2065 2436 2526 2520 Monophysita,
2561 2458 2669 2500 seu
2708 2436 3183 2519 Eutychianus?

1307 2620 2423 2744 DISSERTATIO

1020 2832 1391 2890 ADVERSUS
1432 2833 1850 2890 MICHAELEM
1889 2831 2306 2897 LEQUIENUM
2347 2831 2718 2900 ALIOSQUE.

971 3121 1015 3173 Ι.

159 3215 470 3277 Orthodoxi
510 3216 751 3285 quinque
781 3215 1017 3286 episcOpi
1054 3217 1115 3270 in
1160 3215 1451 3272 collatione
1500 3217 1808 3272 Constanti-

235 3287 558 3359 nopolitano
595 3301 760 3359 anno
800 3288 926 3350 532,
960 3287 1207 3359 videntur
1241 3304 1408 3359 opera
1450 3290 1614 3359 vulgo
1641 3289 1812 3343 Areo-

231 3358 488 3432 pagitica
519 3358 788 3428 refecisse,
823 3358 998 3412 veluti
1015 3358 1736 3430 fletusApellinariit’arum.

236 3477 383 3530 641
422 3474 607 3545 Opera
637 3490 759 3543 quae
790 3473 961 3543 vulgo
982 3475 1389 3545 Areopagitica
1405 3474 1674 3540 audiunt,
1696 3474 1815 3528 sive

155 3546 499 3602 testimonia
529 3546 798 3617 quaedam
831 3562 899 3599 ex
930 3546 1046 3600 illis
1069 3547 1437 3617 dapro'npta,
1474 3547 1663 3617 prima
1691 3545 1814 3617 vice

156 3634 366 3673 coram
393 3617 700 3688 palamque
729 3616 979 3687 allegata
997 3634 1030 3670 a
1052 3616 1382 3688 Severianis
1410 3616 1699 3672 haereticis
1721 3616 1813 3669 in-

153 3691 454 3754 venimus,
479 3688 578 3758 qui
598 3689 1099 3758 Constantinopoli
1149 3687 1519 3743 collationem
1551 3705 1682 3742 cum
1724 3703 1816 3742 or-

151 3760 437 3815 thodoxis
467 3757 754 3829 episcopis
776 3775 928 3813 anno
959 3757 1065 3813 532
1096 3759 1446 3814 habuerunt.
1521 3757 1815 3814 Severiani

154 3835 336 3886 erant
364 3831 550 3901 impia
582 3845 833 3901 propago
866 3831 1337 3901 Eutychanorum
1372 3847 1472 3885 seu
1503 3831 1818 3901 Monophy-

157 3904 442 3966 sitarum,
476 3903 768 3971 quiunam
797 3902 855 3955 in
871 3901 1100 3956 Christo
1119 3909 1388 3956 naturam
1423 3909 1626 3956 contra
1644 3902 1816 3955 ﬁdem

156 3973 525 4029 catholicam
556 3989 621 4027 ac
652 3973 856 4029 svnodi
889 3974 1377 4029 Chalcedonensis
1417 3973 1816 4028 definitionem

152 4044 643 4118 propugnabant.
677 4043 897 4118 Nomen
931 4045 1236 4118 obtinuere
1259 4051 1534 4118 agitavere,
1569 4045 1668 4114 qui
1708 4043 1820 4113 pri-

155 4115 332 4171 mum
369 4116 518 4170 Petri
551 4115 741 4185 Mongi
775 4119 935 4184 parte
983 4116 1264 4170 adversus
1296 4116 1668 4170 Timotheum
1710 4119 1816 4169 So-

155 4185 510 4242 lofaoiolum
534 4186 888 4240 catholicum
911 4187 1269 4242 Alexandriae
1293 4188 1616 4242 antistitem
1639 4192 1816 4241 secta-

151 4266 261 4314 tus
288 4264 384 4313 est
407 4270 569 4325 ;tum
602 4258 672 4311 ab
695 4258 824 4327 ejus
854 4263 1056 4328 postea
1076 4259 1488 4313 communione
1509 4257 1816 4326 abstinuit,

154 4331 423 4385 Zenonis
454 4329 825 4399 imperatoris
857 4330 1042 4384 edicto
1076 4331 1368 4384 Heneticon
1421 4334 1645 4393 vocant,
1677 4330 1818 4383 sub-

152 4402 431 4457 scribere
453 4401 676 4464 nolens,
701 4404 900 4464 utpote
927 4418 1039 4470 qun
1063 4417 1175 4455 non
1199 4403 1340 4455 satis
1362 4399 1816 4455 Cha'cedonensi

149 4473 418 4553 concilio
449 4472 715 4553 derogari
749 4473 1060 4553 censebat:
1113 4472 1441 4553 ducemque
1489 4472 1721 4525 illorum
1752 4487 1815 4553 se
1848 4491 1889 4553 ρ

149 4544 439 4616 praebuit,
473 4542 573 4613 qui
605 4546 676 4596 ab
707 4543 908 4616 eodem
942 4544 1149 4616 Mongo
1177 4545 1537 4616 secedentes,
1563 4541 1813 4616 acgnulli

149 4613 644 4684 obtemperantes
667 4615 962 4683 episcopo,
997 4613 1139 4669 dicti
1164 4631 1228 4668 su
1243 4623 1301 4668 nt
1322 4613 1621 4683 Acephali.
1637 4614 1816 4684 Thro-

149 4703 310 4741 num
343 4683 600 4754 denique
629 4684 1057 4738 Antiochenum
1100 4702 1251 4739 anno
1281 4687 1387 4738 512
1437 4684 1670 4751 invasit,
1716 4683 1814 4738 ubi

146 4759 435 4828 quinque
460 4771 645 4810 annos
668 4761 724 4828 et
751 4755 976 4825 aliquot
1004 4772 1233 4810 menses
1251 4756 1616 4826 tyrannidem
1642 4771 1815 4828 exer-

146 4826 305 4883 cuit.
339 4826 579 4882 'Ftedam
629 4826 818 4880 adhuc
868 4828 1047 4881 vitam
1095 4828 1302 4897 agebat
1342 4844 1494 4882 anno
1551 4827 1658 4880 536
1701 4841 1814 4896 quo

145 4901 434 4971 synodus
460 4897 1238 4971 Constantinopol[praeside
1268 4903 1492 4971 Manna,
1523 4899 1816 4971 celebrata

139 4968 266 5026 est.
305 4969 561 5026 Consule
599 4968 933 5023 Michaelem
969 4969 1329 5038 Lequienum
1355 4969 1580 5024 ordinis
1605 4969 1816 5022 Praedi-

139 5051 433 5097 catorum
468 5044 523 5094 in
551 5040 773 5095 Oriente
795 5040 1132 5102 Christiano,
1155 5048 1213 5094 et
1237 5042 1469 5095 Petrum
1499 5040 1810 5094 Boschium

138 5113 464 5169 societatis
492 5113 520 5166 J
532 5128 633 5165 esu
660 5111 717 5164 in
752 5111 999 5166 Historia
1035 5113 1420 5181 chronologica
1469 5111 1812 5182 patriarcha-

138 5202 280 5240 rum
298 5182 795 5247 Antiochiazdnter
815 5183 943 5236 Acta
971 5189 1305 5249 sanctorum,
1345 5181 1612 5237 tonnolV
1652 5181 1812 5235 Julii.

219 5262 456 5311 Nomen
486 5256 659 5309 etiam
694 5254 1315 5325 Semieutychanorum
1368 5253 1692 5308 Severianis
1723 5253 1814 5305 in-

135 5329 353 5384 haesit.
393 5329 541 5382 Istos
575 5327 729 5397 inter
759 5341 825 5379 ac
859 5325 1250 5397 Eutychianos
1282 5325 1595 5378 discrimen
1643 5328 1812 5397 Peta-

134 5402 289 5455 vius
347 5403 585 5454 enarrat
623 5396 770 5450 libro
821 5412 836 5451 ι
893 5396 982 5450 de
1019 5398 1432 5458 Incarnation‘e,
1482 5396 1667 5466 capite
1727 5396 1810 5459 17,

136 5487 326 5526 num.
351 5471 412 5534 9,
445 5486 514 5524 ex
547 5469 819 5523 Facundo
851 5467 1280 5530 Hermianensi.
1325 5469 1422 5538 qui
1476 5467 1700 5537 primus
1727 5467 1813 5519 vi-

132 5544 333 5597 detur
363 5539 1017 5609 Semieutychianorum
1050 5539 1398 5595 vocabulum
1453 5555 1770 5608 usurpasse
1797 5553 1810 5590 :

133 5615 312 5685 quod
353 5612 502 5685 meri
535 5610 879 5685 Eutychiani
913 5628 1086 5666 unam
1113 5611 1476 5685 _tantumodo
1521 5615 1813 5685 naturam,

130 5681 409 5754 eamque
444 5683 795 5754 simplicem,
845 5688 976 5754 post
1027 5683 1348 5754 unitionem
1415 5682 1705 5754 mansisse
1753 5681 1810 5732 in

127 5752 392 5812 Christo
414 5755 714 5821 dicebant,
754 5753 874 5808 sive
917 5753 976 5807 in
1026 5753 1456 5807 humanitatem
1505 5752 1810 5806 divinitate

124 5842 443 5886 conversa
486 5826 608 5882 sive
647 5824 840 5896 potius
905 5823 1276 5880 humanitate
1331 5823 1392 5878 in
1442 5822 1808 5878 divinitatem

1836 3123 1884 3187 B
1917 3120 2212 3189 absorpta,
2245 3125 2343 3174 aut
2373 3133 2479 3191 per
2517 3133 2645 3172 eam
2679 3122 3063 3189 consumpta;
3098 3120 3251 3189 quod
3304 3118 3570 3191 plerique

1916 3207 1985 3246 ex
2017 3191 2132 3245 ista
2179 3190 2383 3262 hieresi
2449 3191 2864 3258 sequebantur.
2919 3193 2990 3244 At
3028 3190 3566 3262 rSemieutyehiani

1921 3278 2099 3316 unam
2123 3277 2192 3315 ex
2221 3261 2452 3315 duabus
2484 3266 2756 3315 naturain
2779 3261 3162 3331 compositam
3187 3260 3271 3316 sic
3292 3260 3574 3318 essecon-

1923 3333 2268 3399 stituebant,
2303 3332 2807 3402 quemadmodum
2823 3349 2891 3387 ex
2905 3332 3102 3387 anima
3123 3338 3182 3387 et
3204 3349 3443 3403 corpore
3457 3351 3577 3388 una

1925 3404 2226 3473 consurgit
2249 3404 2478 3476 integra
2511 3408 2721 3476 natura
2763 3403 3056 3476 humana;
3109 3409 3173 3457 ut
3202 3405 3404 3476 eadem
3435 3421 3573 3476 pro-

1965 3481 2123 3530 terea
2152 3481 2260 3528 Deo
2285 3473 2438 3528 Patri
2479 3479 2535 3527 et
2565 3473 2789 3528 homini
2828 3473 3346 3529 consubstantialis
3377 3473 3570 3543 esset;

1955 3546 2176 3618 inpium
2199 3547 2372 3599 hocce
2401 3546 2618 3618 dogma
2641 3544 2787 3618 satis
2809 3546 3139 3618 _obscurum
3171 3549 3227 3599 et
3250 3544 3327 3599 im
3340 3545 3574 3618 plexum

1929 3615 2332 3688 ita’declarant
2362 3615 2482 3688 alii,
2519 3619 2582 3688 ut
2614 3615 2739 3688 sine
2771 3615 3117 3670 alterutrius
3169 3615 3392 3688 naturai
3442 3634 3571 3688 per-

1927 3687 2271 3753 mutatione,
2304 3687 2390 3741 vel
2423 3686 2788 3752 confusione,
2833 3703 2951 3741 una
3000 3690 3192 3741 tamen
3231 3687 3331 3741 illa
3379 3686 3574 3756 esset;

1926 3776 2043 3814 una
2074 3757 2342 3812 videlicet
2393 3761 2602 3830 natura
2643 3757 2851 3830 divina
2890 3759 3078 3830 prima
3124 3763 3332 3828 agente
3363 3765 3578 3830 partes,

1926 3831 2019 3885 cui
2065 3830 2374 3901 accesserit
2423 3828 2704 3901 humana,
2769 3827 2927 3901 velut
2975 3827 3404 3901 intrumcntum
3475 3827 3579 3901 per

1928 3901 2082 3972 quod
2110 3899 2212 3972 illa
2229 3901 2490 3972 actiones
2512 3900 2733 3972 ederet2
2759 3898 2860 3972 vel,
2878 3900 3032 3970 quod
3068 3900 3372 3972 passiones
3407 3898 3582 3972 forin-

1929 3969 2097 4028 secus
2128 3971 2324 4026 illatas
2357 3971 2656 4042 reciperet.
2691 3969 2808 4025 Hac
2835 3969 2905 4026 de
2936 3987 2997 4027 re
3022 3969 3214 4026 adhuc
3269 3971 3420 4026 infra
3442 3971 3580 4026 dili-

1927 4044 2190 4116 gentiore
2221 4059 2396 4116 opera
2426 4043 2742 4116 agendum.
2793 4061 2795 4064 ‘

1999 4115 2140 4169 Cum
2177 4111 2274 4169 his
2302 4111 2584 4169 haereticis
2615 4111 3122 4184 Constantinopoli
3155 4129 3308 4167 anno
3328 4113 3436 4166 532
3458 4112 3578 4169 col-

1927 4185 2206 4240 lationem
2241 4186 2494 4240 habuere
2544 4185 2849 4238 orthodoxi
2909 4184 3170 4255 quinque
3253 4184 3576 4254 antistites,

1930 4273 2179 4326 quorum
2215 4258 2438 4326 primus
2461 4260 2586 4311 erat
2608 4255 3203 4327 Hypatiusepicopus
3228 4255 3580 4327 Ephesinus.

1932 4325 2130 4382 Patres
2158 4327 2472 4382 nonnu'los
2501 4325 2783 4394 vetustos,
2836 4325 3014 4381 veluti
3065 4325 3241 4382 unam
3265 4325 3577 4383 -'naturam

1931 4399 2031 4454 Dei
2060 4398 2235 4452 Verbi
2266 4400 2641 4453 decernentes
2673 4403 2805 4469 post
2853 4398 3202 4470 unitionem,
3246 4397 3581 4470 allegabant

1933 4470 2268 4524 heterodoxi
2300 4471 2592 4534 homines,
2626 4468 2864 4524 beatum
2913 4468 3216 4540 Cyrillum,
3249 4474 3306 4523 et
3338 4468 3576 4524 beatum

1925 4542 2314 4596 Athanasium
2348 4541 2747 4596 Alexandrini:
2781 4541 3032 4593 civitatis
3073 4541 3404 4610 episcopos,
3435 4539 3581 4595 Feli-

1927 4629 2071 4672 cem.
2104 4619 2160 4667 et
2190 4612 2417 4667 Juliurn
2453 4613 2724 4667 Romanae
2758 4610 3043 4672 Ecclesiae,
3081 4612 3424 4680 Gregorium
3460 4611 3578 4666 mi-

1926 4685 2201 4738 rabilium
2261 4685 2570 4746 factorum,
2631 4687 2687 4754 et
2744 4681 3085 4754 Dionysium
3143 4683 3576 4754 Areopagitam.

1926 4700 2201 4738 raniiium
2261 4700 2570 4746 tantorum,
2631 4700 2687 4736 ei.
2745 4700 3085 4751 Dionysium
3143 4700 3288 4737 areo
3334 4700 3576 4754 agitam.

1923 4756 2164 4824 Spurias
2196 4756 2390 4808 invehi
2425 4771 2490 4808 ac
2522 4751 2809 4806 venditari
2844 4768 3066 4824 merces
3101 4753 3245 4807 nihil
3297 4700 3578 4809 haesitans

1926 4823 2156 4906 reponit
2178 4827 2462 4906 Hypatius
2489 4826 2629 4906 iihln
2653 4823 3068 4906 tantumullalsae
3093 4825 3582 4906 sunthinquiens,

1925 4893 2203 4966 epistola}.
2233 4893 2351 4950 sive
2394 4893 2838 4966 testificationes
2882 4893 2995 4966 illis
3051 4911 3200 4966 quas
3245 4893 3465 4964 dicitis,
3519 4893 3585 4951 ut

1924 4965 2115 5038 neque
2150 4985 2330 5020 unum
2349 4983 2416 5021 ex
2441 4965 2556 5019 illis
2588 4966 2798 5038 beatus
2827 4965 3077 5038 Cyrillus
3094 4965 3343 5021 voluerit
3389 4984 3578 5022 recor-

1925 5036 2071 5093 dari.
2111 5060 2135 5086 η
2169 5038 2579 5108 Suspicionem
2617 5036 2743 5090 falsi
2772 5036 3000 5108 amoliri
3025 5037 3584 5093 studentSeveriani

1924 5116 1982 5164 et
2015 5110 2214 5163 aiunt:
2254 5106 2457 5172 «(Quid
2489 5123 2626 5178 ergo
2678 5106 3089 5179 suspicamini,
3145 5108 3284 5179 quia
3328 5126 3436 5164 nos
3481 5125 3584 5164 eas

1925 5179 2354 5235 falsavimus?»
2413 5177 2756 5251 Non’ipsis,
2792 5177 2907 5232 sed
2969 5177 3226 5251 antiquis
3279 5180 3585 5251 Apollina-

1927 5252 2086 5307 ristis
2121 5252 2268 5305 hanc
2283 5266 2411 5305 esse
2433 5249 2799 5304 tribuendam
2820 5251 3084 5303 fraudem
3098 5255 3156 5305 et
3187 5249 3583 5321 imposturam

1927 5323 2008 5376 ait
2041 5323 2324 5392 Hypatius
2357 5339 2431 5394 τίει
2469 5321 2577 5394 Vos
2611 5337 2726 5374 non
2752 5322 3152 5391 suspicamur,
3180 5322 3279 5394 sed
3303 5324 3580 5394 antiquos

1924 5391 2224 5448 haereticos
2261 5391 2725 5464 Apollinaristas.
2761 5415 2783 5464 ρ
2821 5396 2964 5445 Tum
2999 5393 3368 5449 contentione
3421 5391 3581 5450 mota

1925 5466 1997 5520 ob
2031 5466 2238 5520 citatos
2263 5461 2460 5534 Cyrilli
2491 5463 2671 5517 libros
2696 5461 2967 5517 Adversus
3002 5464 3302 5519 Diodorum
3331 5470 3384 5520 et
3412 5466 3579 5521 Theo-

1924 5537 2146 5598 dorum,
2197 5538 2266 5590 de
2309 5535 2524 5605 quibus
2591 5550 2836 5607 numero
2907 5540 3201 5607 sequente
3254 5537 3577 5607 expendere

1926 5609 2117 5678 pergit
2149 5608 2473 5680 ljlphesinus
2505 5605 2750 5680 antistes
2780 5605 3418 5680 testimonial’atrum,
3452 5625 3579 5680 quia

1966 5676 2114 5732 rimo
2165 5677 2286 5731 loco
2330 5677 2621 5732 Severiani
2690 5676 3061 5732 attulerunt:
3128 5677 3268 5733 Nam
3305 5685 3364 5734 et
3421 5676 3582 5734 beati

1966 5696 2114 5732 PImO
2165 5696 2286 5731 lOCO
2330 5696 2621 5732 bCVDI‘laDl
2690 5696 3061 5732 munierunt:
3129 5696 3268 5733 nam
3305 5696 3364 5734 ει
3425 5696 3582 5734 ῡθειιι

1921 5696 2089 5818 ἓυιὶἱ,
2125 5748 2416 5819 inquiens,
2441 5749 2728 5819 famosam
2753 5747 2911 5802 illam
2935 5747 3244 5819 epistolam
3270 5752 3585 5807 manifeste

1920 5817 2275 5895 Apollinaris
2308 5819 2677 5876 ostendimus
2708 5817 2911 5885 fuisse,
2944 5817 3227 5892 scriptam
3259 5823 3331 5878 ad
3364 5822 3582 5896 Diony-
