4032 6214
307 348 327 397 1
340 344 454 398 045

1300 347 1421 398 VIN
1433 348 1638 399 ΒΙΟῙιΕ
1678 345 1859 400 OPER
1871 348 1973 400 UM
2015 346 2643 401 AREOPAGITICORU
2655 349 2723 398 M.

3578 347 3717 400 1046

310 485 474 534 men,
499 466 797 538 inquiens,
825 467 1104 536 quoniam
1130 466 1304 522 istam
1331 470 1721 540 proponentes
1745 469 1951 522 adver-
1984 470 2032 535 Α
2067 466 2248 522 tentia
2278 468 2596 523 sanissima
2627 475 2710 522 est
2747 485 2759 522 :
2793 468 2990 523 minus
3019 472 3142 523 tute
3167 470 3308 540 (aevo
3337 469 3712 540 potissimum

309 557 419 594 sus
453 556 559 594 nos
589 554 849 604 causam,
873 555 939 592 ex
961 556 1026 592 eo
1049 542 1200 608 quod
1227 539 1501 594 videntur
1524 539 1642 594 tale
1664 541 1950 609 flagitium

307 613 689 681 impugnare,
725 626 866 663 suas
919 609 1222 679 Opiniones
1261 613 1675 680 corroborant;
1735 614 1953 666 bonum

305 690 421 749 est,
458 690 522 735 ut
554 688 654 735 tua
687 681 740 733 in
775 681 1005 734 Christo
1028 682 1324 751 perfectio,
1358 689 1529 752 prout
1567 681 1670 736 tibi
1699 682 1755 736 in
1793 700 1954 737 men-

305 760 427 806 tem
464 752 730 821 injecerit
763 752 1016 821 Spiritus
1065 759 1323 821 sanctus,
1373 770 1573 808 eorum
1626 757 1956 810 occasiones

301 830 593 895 amputet,
629 823 728 894 qui
760 829 1031 892 quaerunt
1062 827 1343 878 adversus
1375 841 1481 880 nos
1513 827 1867 890 occasiones;
1900 832 1956 880 et

301 901 656 967 persuadeat
689 897 794 964 eis,
827 895 924 964 qui
961 896 1464 967 percalumniam
1520 899 1636 951 haec
1687 897 1954 951 Ecclesiae

302 965 405 1021 Dei
437 967 670 1022 crimini
692 965 1209 1030 vertunt,nullum
1241 966 1580 1036 hujusmodi
1612 969 1762 1037 apud
1789 970 1951 1023 Chri-

305 1039 534 1093 stianos
563 1054 694 1092 esse
725 1039 954 1107 dogma,
982 1054 1169 1108 neque
1210 1039 1532 1108 praedicari.
1559 1063 1578 1091 ι
1613 1041 1760 1094 Tum
1797 1040 1852 1093 in
1887 1057 1952 1094 eo

302 1111 564 1180 denique
599 1114 757 1164 totus
787 1115 896 1176 est,
931 1114 994 1162 ut
1023 1111 1314 1174 ostendat,
1348 1111 1642 1168 binarium
1696 1110 1950 1166 filiorum

299 1197 620 1236 numerum
656 1181 897 1252 minime
927 1180 1118 1252 colligi
1145 1197 1212 1236 ex
1236 1204 1264 1228 ‹‹
1294 1183 1704 1252 conjunctione
1732 1189 1950 1236 naturae

299 1253 574 1307 humanis
632 1267 765 1306 cum
824 1251 1112 1324 Verboﬁ»
1161 1254 1259 1307 sed
1321 1276 1341 1299 ι
1399 1251 1634 1324 propter
1687 1260 1946 1308 exactam

299 1324 580 1378 unionem
599 1327 913 1394 assumpta:
927 1323 1186 1378 carniset
1199 1340 1334 1379 assu
1345 1323 1554 1380 mentis
1569 1325 1950 1394 divinitatis,»

294 1396 401 1449 uni
432 1396 553 1449 Flio
577 1395 809 1449 Christo
834 1414 858 1445 ι
884 1396 1308 1450 communicari
1351 1402 1408 1449 et
1447 1402 1646 1450 mutuo
1689 1396 1811 1449 dari
1847 1413 1951 1451 no-

301 1466 489 1536 mina,
514 1468 596 1520 ita
627 1471 691 1519 ut
721 1471 778 1520 et
808 1465 1134 1520 humanum
1168 1485 1236 1521 ex
1259 1466 1474 1530 divino,
1505 1473 1562 1522 et
1592 1467 1852 1522 divinum
1884 1484 1952 1522 ex

300 1538 570 1592 humano
592 1537 1024 1592 deoominetur.
1053 1559 1073 1585 ιι
1096 1537 1412 1592 Verbulum
1430 1539 1681 1592 occurrit
1699 1539 1949 1608 nullum,

299 1610 457 1680 quod
485 1609 837 1673 subindicet,
863 1608 1184 1680 Thsophilo
1220 1610 1611 1664 Alexandrino
1661 1610 1951 1680 placuisse

296 1678 694 1750 temperatum
748 1678 1294 1752 Apollinaristarum
1321 1751 1325 1752 ί
1349 1682 1599 1751 dogma;
1637 1678 1952 1752 ipsumque

301 1768 565 1816 curasse,
601 1756 664 1804 ut
693 1757 911 1804 naturae
954 1751 1150 1806 unitas
1185 1752 1242 1805 in
1301 1751 1528 1806 Christo
1559 1754 1734 1807 editis
1782 1751 1951 1808 libris

298 1824 732 1910 vindicaretur‘;
783 1838 1010 1902 eosque.-
1045 1822 1254 1910 invecti
1294 1824 1517 1910 bin‘arii-
1553 1823 1806 1910 ﬁliorum
1843 1841 1951 1910 nu-
1983 1848 2026 1910 Β

298 1894 450 1948 meri
482 1892 876 1958 insimulasse,
913 1894 1013 1962 qui
1046 1895 1193 1949 duas
1242 1895 1301 1947 in
1333 1895 1561 1949 Christo
1586 1901 1826 1950 naturas
1858 1901 1950 1949 tu-

299 1967 604 2019 tabantur.
667 1964 788 2037 lmio
834 1964 1310 2037 Apollinaristas,
1371 1965 1549 2020 veluti
1610 1968 1946 2037 imposturaa

300 2037 523 2102 fabros,
546 2036 698 2106 apud
720 2035 1109 2106 Theophilum
1135 2040 1372 2091 accusat
1392 2035 1712 2108 Nyssenusi
1728 2039 1949 2108 ipsum-

305 2125 429 2179 que
470 2122 806 2179 permovere
863 2108 1083 2173 studet,
1147 2114 1211 2161 ut
1269 2108 1572 2162 hominum
1635 2110 1943 2164 audaciam

303 2177 612 2302 pohébitaat,
686 2195 1041 2248 causamque
1117 2179 1384 2234 Ecclesiae
1460 2195 1562 2250 pro
1627 2180 1778 2234 virili
1845 2183 1943 2236 de-

327 2267 395 2302 en
448 2267 479 2302 a
512 2291 524 2302 .

304 2251 395 2305 fen
407 2251 524 2304 dat.

371 2320 507 2375 Vita
535 2319 759 2376 mortali
812 2320 1012 2374 functo
1050 2319 1393 2390 Theophilo,
1443 2321 1639 2375 sedem
1695 2321 1940 2376 Alexan-

298 2392 532 2446 drinam
569 2408 721 2446 anno
754 2391 880 2457 412,
912 2391 1168 2445 obtinuit
1199 2391 1471 2463 Cyrillus.
1506 2393 1585 2446 Ex
1628 2393 1938 2462 AreOpagi-

293 2463 434 2518 ticis
460 2465 578 2532 iam
610 2463 876 2518 confictis
907 2463 1071 2517 libris
1098 2464 1442 2532 deprompta
1473 2464 1545 2517 ab
1571 2480 1637 2518 eo
1663 2463 1942 2519 nonnulla

293 2534 660 2596 testimonia,
686 2535 1005 2604 eademque
1035 2533 1297 2588 adhibita
1319 2535 1377 2588 in
1402 2551 1572 2604 opere
1586 2541 1790 2589 contra
1813 2536 1938 2590 Dio-

296 2608 514 2662 dorum
543 2611 599 2660 et
627 2605 982 2669 Thedorum,
1044 2606 1220 2659 nimia
1279 2608 1630 2660 conﬁdentia
1677 2623 1936 2674 pronun-

294 2678 408 2733 tiat
459 2679 724 2733 Crozeus.
758 2675 1085 2731 Severianis
1124 2676 1179 2731 id
1213 2676 1508 2732 aientibus
1546 2677 1603 2732 in
1653 2680 1935 2733 Constan-

289 2748 682 2819 tinopolitana
722 2747 1204 2820 collatione,tam
1236 2749 1401 2803 facile
1450 2750 1619 2804 tidem
1655 2754 1936 2820 praestan-

295 2822 434 2876 dam
468 2837 582 2875 non
615 2819 1214 2893 esse,_ad_monui_mus
1257 2837 1419 2874 num.
1470 2821 1520 2874 2
1553 2819 1936 2893 _Lequienum

292 2909 455 2957 vero,
492 2907 664 2963 quem
698 2890 878 2963 veluti
907 2891 1033 2963 sibi
1069 2890 1353 2946 faventem
1397 2890 1683 2963 appellat,
1721 2893 1936 2947 diserte

295 2961 610 3018 adversum
647 2963 818 3016 habet
867 2962 924 3015 in
972 2961 1391 3017 Dissertatione
1423 2961 1838 3018 Damascenica
1877 2965 1933 3030 2,

294 3052 464 3089 num.
504 3037 587 3102 17,
611 3035 708 3088 ubi
744 3034 861 3087 haec
893 3033 1068 3105 habet
1101 3050 1112 3086 :
1148 3056 1174 3082 «
1211 3035 1289 3088 Ex
1321 3034 1437 3088 illis
1468 3036 1682 3104 itaque,
1704 3036 1774 3090 de
1805 3035 1938 3105 qui-

291 3108 412 3161 bus
444 3111 579 3160 ante
610 3104 925 3177 disputavi,
960 3105 1472 3177 lucubrationibus
1502 3107 1700 3171 variis,
1733 3123 1796 3160 ac
1821 3104 1936 3160 non

292 3195 362 3233 ex
413 3176 1353 3275 DiopysiijAreopagit‘sE)libris,
1415 3177 1662 3275 Cyrillps
1712 3177 1934 3243 intulit,
1968 3209 2011 3275 Ο

295 3265 481 3304 unam
516 3247 821 3303 dicendam
855 3263 984 3302 esse
1027 3247 1237 3301 Christi
1264 3247 1777 3303 Domininaturam
1805 3266 1934 3319 pro-

295 3327 430 3393 pter
457 3319 1513 3393 arctissimamiunioyemjivinitatis
1543 3337 1679 3393 cum
1729 3322 1941 3375 huma-

301 3390 492 3447 nitate
525 3409 536 3446 :
574 3408 751 3445 unam
783 3391 983 3445 itidem
1017 3390 1113 3444 Dei
1161 3390 1331 3445 Verbi
1366 3396 1634 3445 naturam
1669 3392 1940 3446 incarna-

295 3469 508 3517 tam.»
559 3463 840 3517 nimirum
899 3462 1021 3516 haec
1080 3462 1399 3533 posteriora
1448 3465 1617 3516 verba
1668 3463 1944 3533 leguntur

296 3533 450 3589 libro
483 3551 524 3588 ιι
555 3544 746 3589 contra
777 3536 1106 3596 Nestorium,
1165 3539 1222 3587 et
1277 3534 1332 3587 in
1389 3536 1630 3604 Epislota
1678 3535 1758 3588 ad
1804 3535 1942 3588 Aca-

298 3604 453 3660 cium
499 3605 920 3669 Melitinensem,
969 3610 1025 3658 et
1075 3605 1131 3658 in
1193 3605 1616 3660 Commonitorm
1669 3605 1739 3658 ad
1771 3605 1934 3659 Eulo-

306 3677 834 3748 gium:eademque
869 3675 939 3748 ab
973 3675 1128 3748 omni
1150 3675 1582 3748 Apollinarismi
1608 3677 1945 3746 suspicione

296 3749 569 3820 purgavit
600 3749 656 3802 in
690 3746 942 3820 Epistolis
971 3746 1041 3820 ad
1069 3747 1410 3820 Successum.
1465 3747 1942 3820 Habenturpvero

295 3817 499 3892 priora
525 3821 701 3875 verba
734 3817 808 3892 in
867 3818 1113 3892 laudato
1135 3817 1584 3892 Commonitorio,
1618 3821 1712 3874 ubi
1750 3818 1832 3874 sic
1865 3819 1946 3892 ait

299 3889 723 3947 sanctissimus
757 3891 925 3945 Pater
957 3906 970 3942 :
1009 3912 1034 3936 α
1071 3889 1342 3945 Unitiene
1375 3907 1669 3954 concessa,
1707 3907 1818 3944 non
1855 3890 1947 3942 di-

296 3968 459 4018 stant
480 3962 731 4032 amplius
753 3962 824 4018 ab
847 3961 1119 4024 invicem,
1139 3977 1266 4032 quae
1291 3963 1454 4017 unita
1476 3968 1634 4028 sunt;
1660 3964 1760 4016 sed
1775 3962 1944 4016 dein-

293 4051 437 4105 ceps
471 4034 651 4089 Filius
673 4039 761 4090 est
787 4051 903 4088 una
923 4033 1112 4103 ipsius
1145 4035 1570 4103 natura,Verbo
1593 4035 1794 4105 utique
1816 4050 1942 4088 ear-

293 4122 372 4162 ne
408 4106 577 4161 facto.
616 4128 642 4154 ι)

371 4179 510 4243 Quis
567 4193 700 4232 cum
760 4176 885 4247 ipse
941 4178 1000 4229 et
1054 4175 1373 4247 scripserit,
1436 4179 1493 4229 et
1542 4175 1945 4244 vindicaverit,

295 4253 593 4319 quantum
627 4250 699 4303 ab
726 4245 919 4304 errore
949 4245 1496 4319 Apollinaristarum
1548 4247 1956 4318 Eutycbiano--

296 4317 554 4392 rumque
587 4320 930 4392 longissime
983 4317 1246 4392 distaret,
1307 4318 1532 4392 egregie
1583 4317 1945 4392 prebant_ac

295 4389 579 4448 evincunt
608 4389 934 4463 Lequienus
989 4389 1114 4445 loco
1165 4391 1359 4463 citato,
1415 4390 1746 4463 Ludovicus
1779 4389 1944 4463 ,Tho-

298 4465 608 4519 massinus
639 4461 713 4518 De
741 4463 1147 4533 Incamatione,
1197 4461 1370 4533 libro
1397 4479 1481 4526 ιιι,
1531 4462 1720 4533 capite
1767 4462 1852 4527 13,
1887 4466 1944 4516 et

295 4535 619 4607 Dionysius
651 4535 918 4607 Petavius
944 4532 1092 4607 libro
1122 4550 1195 4600 ιν,
1249 4532 1438 4607 capite
1479 4534 1534 4601 7,
1569 4532 1620 4588 et
1673 4533 1818 4587 libro
1851 4549 1940 4607 vi,

2065 540 2333 594 illoduas
2360 541 2471 593 dici
2505 540 2561 592 in
2595 540 2826 594 Christo
2878 545 3119 596 naturas
3159 543 3273 596 nisi
3326 558 3436 595 una
3487 542 3719 597 dicatur

2063 611 2235 665 Verbi
2270 620 2476 664 natura
2509 612 2833 664 incarnata.
2871 611 3148 682 Proptera
3167 614 3319 683 quod
3345 612 3590 668 ubiduae
3626 615 3712 667 di-

2063 683 3005 756 cuntuiChristipaturze,duarum
3024 686 3220 737 statim
3239 685 3715 756 ebullitsuspicio

2065 771 2468 823 personarum.
2491 754 2715 808 Etenim
2743 771 2852 808 non
2883 755 3037 808 aliud
3056 763 3144 809 est
3167 754 3710 827 natura,aliud‘per-

2063 843 2230 888 sena;
2263 827 2362 878 sed
2400 841 2518 878 una
2547 832 2603 879 et
2631 827 2832 880 eadem
2871 842 2960 880 res
2984 843 3115 879 cum
3143 827 3215 880 sit
3237 829 3411 881 aliter
3455 834 3511 881 et
3543 831 3715 883 aliter

2063 898 2605 969 signiticaturmure
2647 898 2944 952 distinctio
2978 897 3033 950 in
3068 899 3290 952 scholis
3315 899 3582 954 virtualis
3612 917 3712 969 ap-

2064 969 2356 1039 pellatur),
2391 967 2663 1038 quocirca
2713 969 3035 1042 plurimum
3072 969 3315 1039 periculi
3366 969 3608 1042 ingruit,
3643 967 3713 1025 ne

2060 1042 2357 1110 geminata
2400 1045 2630 1104 natura,
2683 1041 3017 1109 geminatur
3075 1046 3132 1094 et
3189 1041 3460 1110 persona.
3498 1043 3713 1096 Deinde

2061 1128 2193 1164 cum
2227 1113 2354 1164 duae
2386 1111 2661 1164 dicuntur
2693 1118 2936 1184 naturai,
2978 1111 3145 1181 quasi
3180 1127 3249 1165 ex
3287 1128 3451 1184 aaquo
3507 1129 3710 1168 nume-

2061 1191 2267 1237 rantur
2296 1198 2481 1252 eoque
2534 1181 3196 1263 seorsim-lunaquzeque
3246 1181 3536 1263 cogitatur
3568 1203 3581 1240 :
3615 1187 3709 1238 vix

2062 1260 2279 1322 autem,
2312 1270 2378 1308 ac
2411 1268 2516 1308 nec
2545 1253 2637 1306 vix
2670 1253 2913 1325 cogitari
2945 1253 3186 1308 seorsim
3221 1253 3493 1324 quaelibet
3517 1261 3712 1326 potest

2060 1331 2270 1379 natura
2302 1326 2442 1396 quin
2478 1341 2736 1395 personae
2771 1326 3123 1396 proprietate
3176 1327 3480 1380 vestiatur.
3540 1327 3711 1381 Deni-

2060 1413 2173 1468 que
2209 1395 2329 1450 non
2356 1396 2469 1451 alia
2484 1397 2672 1466 magis
2706 1395 2973 1450 machina
2992 1395 3294 1468 Nestorius
3316 1399 3462 1450 duas
3482 1399 3710 1452 scinde-

2062 1467 2155 1522 bat
2188 1484 2492 1537 personas,
2517 1483 2690 1536 quam
2726 1473 2942 1521 naturae
2967 1467 3221 1538 duplicis
3248 1470 3702 1537 'pradieatione:

2062 1545 2233 1607 atque
2265 1540 2344 1594 ita
2373 1541 2445 1592 ab
2479 1539 2605 1608 ipsa
2652 1540 2893 1591 veritate
2953 1539 3188 1593 falsitati
3239 1539 3510 1610 praesidia
3542 1557 3668 1595 com
3689 1571 3705 1579 -

2061 1613 2324 1681 parabat.
2361 1611 2419 1664 Si
2453 1611 2577 1662 duas
2611 1616 2802 1665 autem
2839 1617 3056 1663 natura;
3101 1627 3217 1664 non
3257 1613 3334 1664 ita
3367 1616 3706 1665 statuantur

2061 1683 2132 1735 ob
2163 1681 2383 1745 oculos,
2421 1687 2483 1734 ut
2515 1682 2663 1735 binae
2697 1682 2871 1735 simul
2903 1698 2971 1735 ex
3001 1698 3166 1751 teque
3218 1683 3553 1751 procedant,
3604 1685 3702 1737 sed

2063 1757 2128 1806 ut
2160 1753 2342 1806 altera
2372 1753 2992 1825 subjungaturalteri;
3027 1759 3092 1806 ut
3142 1770 3258 1806 una
3304 1754 3705 1825 principaliter

2059 1826 2330 1890 emineat,
2361 1823 2540 1877 altera
2571 1823 2828 1878 accessio
2858 1827 2983 1892 ejus
3016 1825 3091 1877 sit
3126 1841 3137 1877 :
3172 1841 3289 1878 una
3339 1823 3511 1878 fuerit
3552 1842 3705 1880 sem-

2061 1913 2162 1967 per
2191 1901 2248 1949 et
2281 1902 2481 1967 pergat
2527 1910 2677 1967 esse,
2723 1894 2918 1967 altera
2978 1909 3164 1965 nuper
3213 1895 3294 1948 illi
3341 1897 3700 1950 accreverit:

2057 1965 2174 2022 una
2204 1983 2308 2021 sua
2340 1965 2448 2020 sibi
2493 1966 2592 2028 sit,
2642 1966 2731 2019 sui
2779 1967 2933 2034 juris
2995 1982 3187 2036 Sicque
3244 1969 3548 2036 potestatis
3605 1968 3700 2030 sit,

2057 2055 2160 2108 per
2187 2055 2248 2092 se
2279 2035 2728 2092 immutabiliter
2755 2042 2813 2090 et
2836 2035 3190 2106 sempiterna
3222 2035 3330 2102 sit;
3387 2037 3566 2092 altera
3617 2039 3699 2092 illi

2057 2119 2118 2164 ut
2147 2110 2408 2177 subjecto
2450 2108 2720 2162 accidens
2751 2109 3076 2176 incumbat,
3128 2109 3209 2162 illi
3256 2115 3701 2179 superstruatur

2057 2186 2120 2235 ut
2151 2181 2555 2243 fundamento,
2587 2179 2748 2234 illius
2772 2181 2894 2249 juri
2929 2180 3248 2251 censuique
3301 2182 3557 2251 ascripta
3602 2182 3698 2246 sit,

2053 2253 2210 2306 illius
2243 2253 2476 2322 propria
2506 2255 2562 2305 et
2592 2252 2761 2321 quasi
2794 2250 3168 2321 portiuncula
3198 2251 3295 2320 sit,
3326 2268 3428 2322 per
3458 2269 3515 2306 se
3543 2268 3699 2306 seor-

2053 2324 2163 2378 sim
2201 2339 2304 2378 nec
2338 2323 2433 2386 sit,
2469 2337 2572 2376 nec
2608 2338 2865 2393 unquam
2899 2323 3113 2389 fuerit;
3146 2327 3272 2393 tum
3325 2338 3458 2377 vero
3504 2323 3699 2378 omnis

2052 2395 2281 2448 eluetur
2311 2393 2366 2447 in
2396 2393 2641 2464 geminas
2674 2399 2893 2448 natura:
2920 2392 3281 2466 professione
3311 2393 3568 2464 suspicio
3601 2411 3697 2467 ge-

2051 2467 2280 2520 minata:
2311 2481 2588 2532 personis.

2119 2560 2146 2585 ‹‹
2183 2540 2252 2590 At
2286 2537 2341 2590 id
2370 2536 2620 2607 Cyrillus
2653 2534 2916 2591 molitus.
2948 2535 3004 2588 id
3057 2540 3408 2589 consecutus
3456 2539 3544 2590 est
3594 2535 3694 2590 ubi

2052 2625 2221 2662 unam
2256 2608 2399 2661 dixit
2430 2612 2697 2661 naturam
2711 2607 2882 2660 Verbi
2901 2607 3515 2662 incarnatamEminel
3535 2607 3690 2661 enim

2049 2685 2104 2732 et
2137 2679 2353 2750 primas
2382 2683 2563 2740 tenet,
2595 2677 2858 2750 imosola
2890 2678 2945 2750 in
2979 2683 3357 2750 conspectum
3401 2677 3694 2750 statimrse

2047 2749 2148 2804 dat
2178 2750 2577 2822 principaliter
2601 2749 2884 2822 divinitas
2904 2749 3104 2822 Verbi;
3141 2765 3245 2822 nec
3278 2749 3418 2802 latet
3449 2749 3683 2822 interim

2048 2820 2194 2876 card
2230 2838 2331 2876 seu
2372 2820 2734 2878 humanitas.
2765 2837 2834 2874 ex
2859 2837 2970 2890 quo
2993 2821 3547 2874 diciturincarnata.
3577 2820 3686 2876 Oc-

2048 2899 2246 2947 cursat
2273 2894 2469 2960 itaque
2511 2908 2624 2946 non
2669 2892 2855 2947 deitas
2885 2898 2941 2946 et
2970 2908 3124 2954 caro,
3170 2892 3269 2945 sed
3318 2892 3504 2947 deitas
3554 2908 3685 2946 cum

2048 2980 2220 3018 carne
2254 2979 2266 3016 :
2302 2981 2414 3018 non
2447 2965 2601 3018 Deus
2631 2969 2688 3017 et
2717 2964 2918 3026 homo,
2953 2963 3051 3016 sed
3103 2962 3257 3017 Deus
3287 2962 3688 3026 humanatus;

2049 3053 2163 3089 non
2179 3037 2389 3106 duplex
2405 3037 2830 3100 natura,deitas
2848 3040 2904 3088 et
2927 3033 3284 3106 humanitas,
3302 3035 3423 3099 sed,
3441 3035 3691 3106 simplex

2049 3104 2541 3171 natura'deitatis,
2580 3122 2713 3160 cum
2757 3107 3057 3160 accesione
3107 3104 3515 3160 humanitatis.
3563 3104 3690 3160 Ete-

2053 3179 2175 3232 nim
2209 3178 2308 3232 ubi
2341 3179 2469 3232 duae
2499 3184 2718 3231 naturae
2749 3177 3027 3231 dicuntur
3059 3180 3206 3232 Deus
3235 3183 3292 3230 et
3314 3177 3511 3243 homo,
3545 3184 3698 3231 utra-

2053 3265 2165 3320 que
2195 3256 2407 3303 natura
2437 3265 2538 3320 per
2568 3265 2629 3303 se
2663 3248 3160 3320 nominatur,iper
3188 3264 3250 3302 se
3281 3249 3610 3319 cogitatur;
3645 3253 3700 3302 et

2053 3319 2154 3393 per
2185 3338 2286 3375 seu
2311 3319 2602 3393 nominari
2654 3320 2966 3393 cogitarive
2995 3319 3087 3372 vix
3118 3325 3327 3393 potest,
3379 3321 3519 3393 quin
3571 3337 3698 3391 per-

2053 3391 2206 3447 sonae
2229 3392 2439 3458 cuique
2472 3408 2591 3446 suae
2621 3391 2879 3462 suspicio
2910 3392 3173 3461 obrepat.
3226 3391 3303 3445 At
3356 3391 3451 3444 ubi
3487 3398 3700 3444 natura

2050 3469 2274 3518 tantum
2307 3462 2478 3516 Verbi
2526 3461 2826 3516 incarnata
2856 3463 3092 3526 dicitur,
3152 3478 3269 3515 una
3318 3461 3596 3532 primario
3645 3468 3702 3515 et

2052 3550 2156 3606 per
2185 3550 2246 3588 se
2295 3534 2637 3606 subsistens,
2669 3538 2890 3606 natura
2939 3534 3283 3587 obversatur
3314 3533 3533 3598 animo,
3566 3549 3696 3587 cum

2053 3603 2273 3660 paturze
2306 3604 2545 3658 alterius
2574 3603 2991 3659 additamento.

2124 3700 2150 3724 (‹
2186 3678 2570 3740 Quamobrem
2615 3675 2850 3746 singula
2892 3675 3019 3744 ejus
3072 3671 3693 3746 confessionisverba

2053 3748 2333 3802 momenti
2369 3747 2684 3818 plurimum
2716 3743 3061 3818 afferre’non
3085 3745 3380 3818 immerito
3401 3743 3694 3818 videntur,

2052 3820 2121 3872 ad
2158 3819 2290 3873 ﬁdei
2320 3814 2600 3872 adversus
2633 3818 3010 3874 Nestorianas
3045 3814 3292 3870 insidias
3324 3814 3693 3868 stabilimen-

2052 3895 2200 3944 tum.
2233 3890 2376 3944 Nam
2413 3893 2432 3945 Ι
2466 3891 2686 3944 Natura
2719 3907 2836 3944 una
2866 3889 3084 3942 dicitur
3113 3885 3325 3940 Verbi:
3357 3901 3421 3939 ac
3454 3886 3694 3956 proinde

2055 3962 2296 4033 perinde
2329 3962 2497 4016 nobis
2515 3965 2622 4027 est,
2649 3977 2750 4015 seu
2787 3966 3057 4033 naturam
3091 3958 3166 4012 ibi
3194 3974 3294 4028 pro
3327 3961 3536 4033 natura
3567 3957 3698 4033 stri-

2054 4028 2226 4098 ctius,
2265 4050 2365 4087 seu
2403 4050 2503 4102 pro
2534 4048 2826 4102 personna
2853 4032 3043 4086 laxius
3075 4034 3368 4102 sumptam
3403 4028 3699 4102 arbitretis

2053 4105 2340 4176 (Namque
2390 4099 2667 4176 Cyrillum
2723 4104 2817 4176 alii
2876 4103 3042 4158 aliter
3087 4099 3451 4176 interpretati
3513 4101 3696 4176 sunt).

2053 4171 2208 4231 Nihil
2243 4171 2360 4229 aut
2402 4171 2709 4246 perparum
2764 4175 3033 4246 interest,
3056 4171 3702 4246 putrislibetaccedas;

2053 4263 2186 4300 nam
2233 4242 2478 4317 persona
2508 4242 2565 4300 et
2597 4252 2802 4301 natura
2834 4242 3702 4317 nondifferuntmisip‘oneeptu

2055 4314 2300 4384 mentis;
2326 4324 2382 4373 et
2411 4335 2509 4373 seu
2545 4335 2857 4389 personam
2889 4316 2977 4372 vel
3017 4315 3382 4389 hypostasim
3409 4314 3582 4370 Verbi
3615 4316 3701 4369 in-

2054 4394 2350 4445 carnatam
2367 4407 2466 4444 seu
2493 4385 2763 4446 naturam
2784 4389 2959 4445 Verbi
2977 4393 3042 4443 ut
3063 4385 3445 4459 principalem
3469 4390 3526 4440 et
3547 4402 3704 4459 sum-

2055 4478 2208 4534 mam
2235 4466 2313 4534 et_
2347 4461 2632 4516 totalitate
2690 4479 2798 4518 sua
2856 4478 2954 4534 per
2984 4456 3461 4534 se:fretam_‘cum
3507 4456 3701 4534 carnis

2058 4532 2433 4606 adjunctione
2457 4534 2579 4603 jam
2615 4527 3248 4606 cogites,'perinde_est_.
3285 4527 3698 4606 Personaenini

298 4608 404 4662 ubi
438 4594 796 4678 anonymum
821 4594 1221 4661 Calvinianum
1262 4594 1556 4678 hominem
1584 4621 1696 4678 pro
1719 4594 1943 4678 meritis
1980 4594 2026 4658 D
2059 4594 2173 4659 non
2207 4604 2366 4659 aliud
2401 4594 2490 4660 est
2519 4594 2940 4678 quam‘inatura
2969 4608 3033 4656 ut
3059 4598 3449 4678 principatum
3483 4599 3574 4678 sui
3606 4603 3696 4678 te-

295 4679 573 4751 castigat,
599 4676 705 4751 qui
734 4677 840 4751 hoc
872 4677 1395 4751 demonstrandum
1439 4676 1705 4751 suscipit,
1737 4676 1941 4751 Nesto-

297 4747 964 4832 r-ium'impurissi‘mum
995 4747 1464 4832 hmresiarcham,
1489 4749 1728 4832 pium‘et
1750 4747 1944 4832 catho-

295 4821 481 4877 licum
516 4819 697 4877 fuisse
730 4839 743 4876 :
777 4821 910 4876 illos
940 4824 1159 4883 autem,
1191 4836 1224 4874 a
1257 4819 1474 4889 quibus
1516 4821 1943 4874 condemnatus

298 4898 417 4962 est,
453 4893 730 4964 Cyrillum
762 4897 816 4947 et
860 4890 1226 4964 Ephesinam
1275 4891 1588 4961 synodum,
1641 4890 1944 4964 haereticos

298 4969 357 5020 et
386 4962 620 5036 impios.
657 4963 908 5021 Consule
939 4966 1113 5036 caput
1133 4962 1186 5024 8,
1210 4962 1265 5036 in
1293 4979 1406 5034 quo
1429 4963 1942 5036 sententia,_qu_am

299 5041 360 5092 et
408 5032 658 5092 Cr'ozeus
700 5035 965 5107 opponit,
1011 5032 1261 5107 innoxia
1281 5032 1630 5107 et_apprime
1660 5032 1946 5107 catholica

299 5108 658 5164 ostenditur.
693 5103 942 5162 Mentem
967 5103 1180 5176 Cyrilli.
1198 5103 1654 5175 conciliumque,
1677 5105 1944 5176 omnium

304 5179 673 5236 lucidissime
709 5179 982 5250 patefacit
1014 5175 1306 5231 laudatus
1353 5177 1786 5250 Thomassinus
1834 5175 1942 5250 loc,

298 5251 400 5306 cit.
433 5250 624 5307 Verba
653 5247 781 5320 ejus
813 5247 1188 5320 refero,rqu:e
1229 5248 1574 5320 maximast
1607 5247 1774 5320 infra
1811 5247 1944 5301 usui

301 5323 477 5378 nobis
508 5318 699 5378 erunt.
736 5323 888 5378 66‘!
923 5345 952 5373 «
999 5318 1282 5382 Nestorio,
1337 5319 1548 5389 inquit,
1601 5318 1947 5373 insidiosius

300 5395 455 5449 duas
479 5395 740 5462 jactante
774 5395 830 5448 in
861 5393 1092 5451 Christo
1117 5397 1376 5455 naturas,
1398 5397 1454 5444 et
1487 5392 1664 5462 (quod
1701 5391 1945 5462 nequis:

301 5465 521 5522 simum
558 5468 779 5522 fraudis
812 5483 995 5533 genus
1026 5463 1136 5531 est)
1187 5463 1257 5516 de
1288 5461 1686 5532 veritate'ipsa
1714 5461 1946 5516 veritati

303 5537 591 5595 invidiam
628 5538 938 5603 conflante;
962 5551 1032 5590 ne
1065 5535 1313 5588 duarum
1333 5539 1675 5588 naturarum
1703 5535 1944 5589 obtentu

301 5611 434 5665 duae
468 5627 701 5683 quoque
733 5611 1176 5683 inpegerentur_
1197 5622 1456 5683 personat
1512 5607 1659 5661 hanc
1705 5612 1823 5683 aut_
1848 5623 1948 5683 ea-

301 5676 1098 5754 cogitavit,'autinstauravit
1138 5676 1387 5749 Cyrillus
1429 5679 1550 5804 ijam
1587 5695 1732 5749 pene
1774 5677 1946 5732 oblit-

302 5759 554 5804 teratam
587 5754 920 5804 elnnuendaa
953 5748 1376 5804 lncarnationis
1449 5749 1736 5804 ormulam
1789 5750 1945 5804 (cum

302 5748 555 5825 tefatam
587 5748 1376 5825 eloquendaaAlncarpationis
1429 5748 1736 5825 formulam
1789 5750 1945 5825 (cum

307 5819 743 5894 diceret,unam
773 5840 901 5881 esse
922 5819 1216 5894 Verbi‘Dei
1238 5825 1503 5894 naturam
1535 5821 1945 5894 incarnatam).

306 5898 490 5969 Cujus
514 5889 736 5955 oraculi
779 5896 902 5953 hac
951 5889 1203 5952 maxime
1244 5891 1620 5965 significatio,
1653 5889 1774 5947 hac
1806 5906 1943 5947 sen-

2054 4691 2226 4758 nens,
2257 4681 2318 4730 ut
2348 4693 2451 4758 per
2480 4670 2916 4758 se-consistens,
2945 4678 3008 4727 ut
3033 4670 3441 4758 acc‘i'dentibp's
3483 4675 3548 4758 ‘et
3570 4671 3696 4758 ’βεξ-

2055 4740 2400 4802 ditamentis
2417 4749 2691 4803 omnibus
2711 4747 3003 4801 suirslans.
3033 4743 3099 4797 ll.
3124 4743 3347 4797 Natura
3365 4740 3696 4796 Verbidiei-

2055 4824 2170 4886 tur,
2207 4837 2278 4874 ne
2310 4821 2378 4873 ad
2413 4823 2590 4873 totam
2637 4817 2985 4872 Trinitatem
3025 4819 3283 4886 spectare
3332 4813 3699 4868 existimetur

2056 4885 2250 4945 carnis
2281 4891 2629 4960 assumptio.
2657 4890 2745 4942 Ill.
2787 4891 3093 4942 Incarnata
3125 4885 3357 4951 dicitur,
3405 4901 3520 4955 quo
3565 4901 3696 4960 caro

2055 4963 2420 5032 designatur,
2451 4956 2547 5015 sed
2583 4960 2846 5031 oblique;
2871 4964 2928 5013 et
2953 4963 3016 5011 ut
3049 4973 3161 5032 non
3198 4972 3412 5032 perse,
3467 4972 3568 5010 nec
3602 4956 3696 5010 sui

2057 5027 2248 5094 causa,
2286 5048 2391 5085 nec
2423 5033 2510 5086 sui
2539 5027 2894 5101 jurisfadeo
2938 5032 3001 5081 ut
3058 5027 3266 5101 unitati
3315 5027 3700 5101 hypostaseos

2055 5103 2416 5158 vindicanda:
2448 5099 2943 5158 accommodatius
2967 5101 3044 5153 sit
3065 5100 3198 5165 dici,
3225 5105 3496 5154 naturam
3521 5099 3699 5153 Verbi

2057 5175 2520 5244 incarnatam,qu
2532 5191 2618 5229 am
2640 5180 2907 5229 naturam
2925 5171 3095 5226 Verbi
3120 5177 3177 5225 et
3198 5187 3454 5226 carnem.
3475 5171 3703 5244 IV.»Una

2059 5246 2275 5301 dicitur
2303 5242 2477 5301 Verbi
2509 5252 2739 5308 natura,
2771 5262 2904 5299 nam
2938 5243 3134 5298 unitas
3173 5243 3326 5297 sicut
3356 5249 3411 5298 et
3440 5242 3702 5297 totalitas

2060 5333 2236 5390 penes
2260 5323 2528 5390 naturam
2556 5317 3145 5390 principaliorem‘est
3169 5313 3704 5390 attendepdaLDna

2059 5385 2151 5444 est
2180 5389 2334 5444 enim
2364 5385 2611 5460 persona
2634 5385 2926 5449 Christus,
2947 5386 3086 5460 quia
3109 5403 3262 5460 unus
3284 5392 3374 5441 est
3403 5387 3502 5460 Dei
3522 5385 3701 5460 Filius

2059 5457 2455 5530 sempiternus
2488 5469 2541 5516 et
2577 5458 3097 5530 incorruptibiliter
3125 5457 3277 5512 idem
3306 5478 3319 5525 ;
3379 5459 3544 5530 prius
3578 5458 3705 5513 sine

2059 5549 2251 5596 carne,
2283 5550 2437 5587 nunc
2492 5551 2624 5589 cum
2669 5547 2859 5595 carne,
2916 5545 3149 5600 semper
3193 5530 3372 5592 idem,
3430 5546 3702 5600 unusque

2060 5621 2292 5674 semper
2323 5607 2508 5673 idem;
2548 5622 2649 5659 nec
2685 5605 2881 5658 minus
2922 5607 3108 5656 totum
3146 5600 3466 5674 prius‘sine
3497 5617 3698 5668 carne,

2060 5693 2166 5730 nec
2187 5669 2568 5748 magistotum
2590 5693 2722 5730 cum
2753 5669 3299 5748 carne;auctussine
3318 5669 3703 5748 incremento.

2058 5764 2164 5802 nec
2215 5743 2404 5818 major
2451 5750 2640 5818 factus
2693 5745 2882 5801 carnis
2936 5743 3285 5818 accessione.
3327 5743 3532 5800 Unitas
3561 5761 3699 5816 ergo

2059 5816 2324 5892 personis
2348 5824 2471 5892 tota
2503 5817 2739 5892 aAVerbi
2771 5821 2977 5892 natura
3004 5816 3322 5892 repetenda
3351 5821 3506 5892 est...

2129 5911 2157 5938 ‹‹
2191 5889 2338 5946 Hine
2360 5889 2518 5947 litem
2541 5889 2718 5962 (inter
2736 5905 2858 5955 eos,
2879 5887 2980 5959 qui
3001 5885 3060 5941 in
3078 5885 3482 5959 propositione
3502 5885 3704 5960 Cyrilli
