4032 6214
275 257 417 312 1065

270 379 589 453 ipsumque
601 379 856 436 Verbum
874 381 1126 453 gessisse
1141 377 1580 453 vicemmentis,
1597 375 1921 453 effutiebat.

271 448 570 524 Haereser
602 467 835 523 quoque
857 448 976 508 s'uaa
1000 452 1305 524 principiis
1326 451 1616 524 inhaerens
1635 448 1925 524 Eutyches

268 539 480 593 corpus
515 521 926 595 Christi—fateri
958 521 1171 595 corpus
1201 521 1459 578 hominis
1500 521 1797 595 renuebat,
1831 524 1922 595 ta-

265 590 446 649 metsi
477 601 710 649 vocaret
731 594 878 671 illud
905 617 929 648 ‹‹
954 590 1166 671 corpus
1194 595 1540 671 humanum.
1569 613 1596 640 ››
1621 590 1923 671 Quomodo

265 681 528 736 namque
560 682 776 737 corpus
809 663 1087 734 hominis,
1111 671 1214 721 aut
1245 682 1380 720 vera
1413 664 1750 737 humanitas
1772 663 1921 716 dice-

265 734 452 810 retur',
487 754 614 808 quae
648 734 729 791 ita
759 739 1088 810 absorptaa
1119 737 1421 810 divinitate
1446 734 1835 810 a_sser_eba_t_ur,
1859 738 1922 810 ut

264 805 522 881 spoliata
549 815 704 863 esset
727 805 1178 881 proprietatibus
1207 808 1352 873 suis,
1378 822 1442 861 ac
1464 805 1843 881 facultatibus
1864 809 1922 859 et

263 877 882 951 operationibus,'qua3
916 880 1048 936 illas
1079 882 1564 951 consequuntur;
1597 877 1922 951 eademque

265 947 691 1006 admittebatur
717 947 790 1006 in
829 952 1057 1008 Christo
1104 947 1294 1006 veluti
1323 949 1582 1005 inanimo
1625 947 1918 1018 quoddam

262 1021 758 1091 instrumentum,
792 1040 896 1094 per
927 1024 1081 1094 quod
1138 1022 1371 1077 nonnisi
1403 1021 1609 1094 divinae
1659 1019 1919 1074 actiones

259 1091 844 1166 transfunderentur,
877 1091 1002 1166 quas
1055 1094 1423 1166 operationes
1455 1091 1746 1166 humanas
1779 1107 1919 1160 sup-

258 1165 536 1237 plerent?
569 1165 764 1237 Longe
796 1168 866 1221 ab
893 1163 1059 1221 hisce
1089 1163 1437 1220 commentis
1484 1163 1709 1237 distant
1740 1166 1918 1237 A_reo-

262 1234 523 1309 pagitica
549 1234 730 1309 dicta:
752 1237 926 1309 Plura
944 1237 1350 1309 superioribus
1373 1234 1667 1309 capitibus
1689 1234 1919 1309 eadem-

257 1305 374 1379 qua
402 1307 953 1364 luculentissimain
975 1305 1236 1364 medium
1263 1305 1616 1379 protulimus
1649 1305 1914 1360 testimo-

258 1378 381 1451 nia,
415 1379 583 1451 queis
607 1380 840 1451 egregie
868 1380 1023 1434 idem
1052 1378 1452 1451 auctor’docet
1483 1381 1851 1451 assumptam
1884 1393 1916 1430 a

260 1449 407 1504 Filio
434 1448 535 1504 'Dei
569 1448 789 1506 ab_una
837 1449 1150 1506 Trinitatis
1198 1466 1445 1520 persona
1486 1448 1912 1520 humanitatem

261 1535 406 1592 vere,
441 1523 666 1590 integre,
711 1524 972 1592 perfecte,
1002 1518 1262 1586 totaliter,
1314 1519 1642 1592 omnimodo.
1679 1522 1761 1572 An
1796 1518 1914 1592 haec

258 1590 456 1664 toties,
490 1609 557 1647 ac
588 1590 817 1663 passim
863 1592 1210 1660 inculcaret,
1244 1593 1345 1664 qui
1389 1591 1817 1664 humanitatem
1851 1590 1910 1644 in

259 1662 495 1743 Christo
531 1662 778 1743 Domino
808 1664 1119 1743 spoliatam
1170 1662 1557 1743 arbitraretur
1589 1663 1910 1743 proprieta-

1269 256 1607 312 VINDICUE
1645 255 1945 310 OP‘ERUM
1984 257 2698 316 AREOPAGITICORUM.

3547 269 3687 325 1066

1955 383 2010 450 Α
2038 377 2192 452 citur
2221 379 2608 452 hypostatica,
2649 384 3011 442 transcendit
3058 401 3292 444 omnem
3340 397 3559 446 natura
3588 409 3680 447 or-

2036 448 2690 534 dinem.'Sed.attamen
2738 472 2932 534 revera
2981 463 3190 520 homo;
3240 477 3344 534 nec
3393 463 3549 520 enim
3581 480 3685 534 per

2035 522 2762 614 eamdemunionemaut
2802 533 3201 614 mutataaaut
3247 533 3545 614 deperdita
3573 522 3684 590 fuit

2035 597 2246 674 natura
2280 594 2556 674 humana,
2591 604 2688 651 aut
2721 594 3218 674 mutilataaliqua
3249 594 3339 657 sui
3369 609 3554 674 parte,
3582 614 3683 662 aut

2033 664 2271 717 demum
2351 667 2597 743 spoliata
2653 664 3136 743 proprietatibus;
3191 690 3318 743 qua:
3369 664 3679 735 .veritatetn

2031 742 2476 816 consequuntur
2505 742 2724 816 naturae
2751 740 3037 796 humanm.
3063 740 3548 816 Quandoquidem
3579 753 3678 804 Fi-

2034 806 2140 888 lius
2171 807 2267 888 Dei
2312 823 2491 888 supra
2522 811 2786 888 homines,
2838 822 2890 866 et
2939 806 3236 888 secundum
3285 806 3555 888 homines,
3607 837 3679 874 ea:

2031 880 2315 933 hominum
2343 880 2672 949 substantia,
2708 898 2829 936 cum
2859 899 3028 949 supra
3049 887 3414 941 substantiam
3445 880 3677 944 exsiste-

2029 955 2135 1028 ret,
2168 951 2532 1005 substantiam
2560 957 2878 1028 assumpsit.
2908 951 3088 1010 Filius
3120 974 3327 1028 nempe
3357 958 3458 1014 Dei
3487 960 3677 1016 incar-

2028 1024 2225 1097 natus,
2258 1030 2308 1075 et
2339 1030 2428 1077 est
2455 1039 2630 1093 supra
2655 1025 2922 1097 homines,
2956 1028 3091 1097 quia
3141 1024 3322 1083 Filius
3354 1029 3452 1083 Dei
3486 1048 3551 1086 ac
3579 1050 3680 1087 ve-

2028 1107 2129 1145 rus
2165 1094 2313 1170 Deus
2347 1110 2359 1148 :
2395 1098 2452 1147 et
2483 1099 2572 1148 est
2599 1096 2893 1170 secundum
2924 1094 3192 1166 homines,
3217 1100 3353 1170 quia
3375 1117 3545 1156 verus
3579 1103 3680 1158 ho-

2028 1178 2141 1216 mo.
2178 1164 2441 1235 Ipseque,
2475 1182 2607 1220 cum
2641 1166 2700 1220 in
2734 1173 2944 1223 natura
2975 1164 3562 1240 divinas-ubsistens,
3593 1175 3673 1229 sit

2027 1249 2205 1312 supra
2237 1243 2526 1312 naturam,
2563 1243 2620 1292 et
2649 1255 2817 1307 supra
2845 1243 3238 1307 substantiam,
3264 1258 3333 1312 ex
3361 1244 3676 1301 hominibus

2025 1309 2217 1380 tamen
2247 1307 2625 1380 substantiam,
2645 1313 2965 1380 assumpsit.
3009 1312 3253 1367 Nonnisi
3286 1310 3503 1371 lividus
3532 1333 3672 1372 ocu-

2024 1375 2128 1454 lus_
2147 1377 2498 1454 heterodoxa
2527 1379 2585 1434 in
2615 1379 2706 1434 his
2736 1375 2924 1454 verbis
2954 1383 3146 1438 videat
3172 1389 3455 1454 portenta.

2095 1449 2206 1528 Sed
2253 1450 2537 1521 ampliora
2587 1452 2918 1528 pergitille
2949 1449 3241 1510 enarrare.
3293 1458 3536 1528 Inquit:
3576 1459 3670 1513 Ve-

2022 1525 2331 1598 rumtamen
2366 1523 2998 1592 supersubstantialitate
3027 1543 3190 1597 supra
3223 1523 3445 1581 modum
3471 1529 3670 1598 plenus

2022 1594 2120 1669 est.
2152 1594 2576 1669 Jesu_namque
2607 1609 2877 1664 persona,
2903 1594 3102 1667 utpote
3120 1598 3339 1665 divina,
3371 1594 3667 1669 est-supra

2021 1661 2414 1740 substantiam
2441 1683 2454 1731 ;
2481 1661 2551 1719 ac
2589 1661 3061 1740 supernaturalis
3111 1674 3186 1740 et,
3208 1661 3667 1740 supersubstan-

257 1734 420 1790 tibus
463 1734 588 1789 suis
614 1750 704 1814 ac
729 1731 1138 1814 facultatibus
1190 1741 1243 1790 et
1293 1731 1728 1806 operationibus
1781 1748 1911 1803 quae
1941 1750 1988 1814 Β
2018 1731 2174 1814 tialis
2206 1731 2779 1814 estnaturaaudijinm
2817 1743 2873 1792 et
2922 1743 3142 1814 natura:
3176 1731 3446 1796 humanae
3479 1741 3667 1798 unitio

261 1807 751 1875 consequuntur?

332 1874 545 1931 Favent
573 1880 630 1931 et
658 1877 788 1947 ipsa
821 1876 1160 1932 testimonia
1207 1875 1276 1930 ab
1332 1874 1625 1947 Lequieno
1657 1875 1901 1943 objecta.

257 1946 940 2018 Grandioribus’quidem
966 1949 1156 2002 verbis
1181 1946 1687 2018 mirabilissimam
1711 1948 1904 2018 lucar-

259 2019 518 2073 nationis
570 2016 909 2090 mysterium
956 2023 1187 2075 enarrat
1232 2024 1478 2073 auctor:
1514 2023 1573 2072 at
1612 2016 1671 2070 in
1723 2017 1778 2090 id
1813 2033 1905 2090 re-

260 2090 404 2143 cidit
433 2088 646 2161 tamen'
675 2106 925 2160 semper,
959 2095 1023 2144 ut
1070 2091 1194 2161 ipse
1243 2089 1509 2161 Christus
1560 2104 1691 2143 vere
1733 2088 1907 2161 fuerit

259 2161 456 2215 homo.
477 2164 548 2233 At
569 2160 666 2233 ille
690 2159 907 2233 {Neque
936 2159 1272 2222 homo‘erat;
1295 2161 1395 2216 sed
1428 2159 1606 2233 veluti
1636 2175 1694 2213 se
1725 2160 1904 2213 corri-

265 2249 411 2304 gens
446 2232 609 2285 addit
635 2249 648 2285 :
684 2231 821 2300 Non,
852 2241 911 2286 ut
939 2249 1163 2302 prorsus
1209 2249 1316 2287 non
1346 2233 1516 2304 fuerit
1545 2231 1703 2304 homo
1733 2248 1752 2284 :
1783 2234 1907 2284 erat

264 2302 402 2373 ergo
426 2318 666 2373 prorsus
688 2308 744 2358 et
767 2305 1005 2358 omnino
1037 2304 1230 2358 homo.
1257 2305 1351 2357 Ait
1371 2302 1544 2357 etiam
1580 2320 1592 2356 :
1635 2303 1759 2373 Vere
1783 2304 1906 2372 fac-

262 2371 382 2428 etus
409 2371 577 2444 supra
613 2374 887 2430 hominem
913 2374 1069 2430 homo
1089 2392 1110 2436 ;
1136 2375 1218 2429 ita
1265 2379 1330 2429 ut
1372 2373 1607 2444 tametsi
1639 2371 1905 2427 Christus

262 2445 380 2499 dici
411 2443 618 2499 debeat
645 2461 812 2513 supra
839 2447 1134 2510 hominem,
1164 2450 1228 2500 ut
1266 2444 1416 2499 intra
1447 2443 1862 2499 declarandum
1891 2461 1906 2512 ;

264 2532 394 2588 pere
419 2521 612 2570 tamen
644 2517 829 2588 factus
859 2517 1013 2571 homo
1041 2525 1137 2571 est.
1171 2517 1329 2582 Quod
1361 2514 1478 2570 illis
1507 2515 1743 2570 demum
1776 2531 1907 2569 ver-

259 2586 355 2642 bis
386 2586 769 2641 confirmatur
799 2605 811 2642 :
847 2588 922 2641 Ad
943 2588 1308 2643 substantiam
1332 2599 1452 2642 vere
1475 2588 1716 2654 veniens,
1739 2602 1908 2656 supra

259 2659 630 2713 substantiam
659 2659 1068 2713 substantiatus
1091 2667 1184 2713 est.
1213 2659 1312 2714 Dei
1338 2658 1514 2712 Filius
1536 2673 1905 2728 nempe,cum

261 2745 367 2784 nec
400 2733 612 2784 natura
641 2745 746 2784 nec
797 2731 1125 2802 substantia
1160 2731 1405 2802 proprie
1452 2730 1548 2796 sit,
1581 2730 1682 2783 sed
1731 2745 1909 2797 supra

262 2806 534 2856 naturam
566 2805 622 2854 et
661 2817 838 2872 supra
878 2801 1268 2856 substantiam
1290 2801 1308 2868 7;
1341 2802 1413 2856 ad
1447 2804 1705 2855 nostram
1740 2805 1908 2853 natu-

261 2887 387 2926 ram
421 2878 796 2942 nostramque
818 2873 1210 2927 substantiam
1237 2889 1364 2927 vere
1385 2873 1550 2935 venit,
1572 2879 1626 2926 et
1653 2873 1908 2924 substan-

264 2946 431 2998 tiatus
459 2945 558 3012 est,
592 2959 694 3014 per
743 2944 1006 3013 eiusdem
1034 2949 1280 3014 naturae
1329 2959 1394 2998 ac
1445 2942 1785 3014 substantia
1817 2958 1906 2996 as-

264 3012 684 3086 sumptionem,
717 3012 787 3068 et
818 3031 947 3069 cum
975 3012 1263 3086 eiusdem
1316 3013 1790 3086 proprietatibus,
1828 3015 1908 3067 ta-

268 3084 610 3151 cultatibus,
644 3085 1105 3155 operationibus.

335 3131 1330 3225 famvcalhciiicaf‘ei'hommentis
1376 3154 1754 3226 Eutychianis
1803 3154 1908 3209 ad-
1940 3131 1983 3197 ί)

263 3244 436 3282 versa
468 3229 741 3298 dogmata
773 3227 1018 3282 clariora
1051 3229 1218 3295 ﬁunt,
1251 3226 1299 3280 si
1334 3226 1524 3280 brevis
1548 3225 1806 3298 epistolae
1839 3225 1909 3280 ad

266 3299 470 3370 Caium
505 3297 792 3370 integrum
813 3303 1144 3353 contextum
1165 3298 1584 3368 expendamus.
1612 3297 1913 3368 Inquiren-

263 3373 382 3423 tem
438 3369 640 3424 Caium
693 3369 964 3424 inducit:
1000 3371 1292 3437 Quomodo,
1341 3370 1543 3438 inquis,
1590 3370 1741 3423 Jesus
1788 3384 1914 3421 eum

264 3443 338 3494 sit
368 3441 632 3511 omnibus
657 3443 934 3511 superior,
984 3442 1190 3495 caeteris
1221 3439 1535 3511 hominibus
1581 3439 1914 3493 substantia-

263 3512 410 3576 liter,
443 3508 744 3580 οὐσιωδῶςς
767 3519 1100 3582 aggregatus
1126 3519 1202 3566 est
1224 3509 1524 3582 ?__Planum
1552 3525 1616 3564 ac
1649 3511 1912 3582 pervium

267 3599 505 3637 sensum
559 3579 752 3652 accipe
787 3600 799 3637 :
834 3579 1136 3646 Quomodo
1185 3579 1368 3652 Filius
1421 3581 1537 3644 Dei,
1591 3581 1686 3649 qui
1739 3581 1912 3652 rebus

265 3653 544 3708 omnibus
572 3659 628 3709 et
675 3650 1037 3724 hominibus,
1066 3651 1333 3724 superior
1381 3656 1488 3724 est,
1526 3652 1710 3706 factus
1741 3650 1914 3705 fuerit

263 3725 608 3779 hominibus
640 3723 1205 3779 consubstantialiS?
1239 3723 1482 3794 Reponit
1513 3727 1715 3776 auctor
1747 3738 1757 3775 :
1792 3727 1912 3778 Non

263 3797 474 3866 utique,
509 3805 566 3850 ut
593 3801 806 3863 Tauctor
855 3795 1166 3863 hominum,
1214 3799 1312 3848 hoc
1343 3795 1454 3848 loco
1487 3794 1660 3866 homo
1689 3793 1908 3866 dicitur.

265 3867 324 3921 Id
355 3865 444 3920 est
477 3882 547 3921 ne
597 3872 766 3947 putes
806 3881 884 3947 ea
917 3867 1143 3947 ratione
1169 3866 1388 3947 desum
1440 3865 1551 3919 dici
1595 3865 1911 3947 hominem,

266 3953 388 4009 qua
414 3936 623 3992 nomen
657 3939 896 3993 effectus
926 3937 1490 4009 eminentiquodam
1529 3936 1699 4009 modo
1731 3936 1911 3989 tribui

267 4007 417 4064 solet
448 4025 658 4076 causai,
693 4026 758 4063 ac
790 4008 1088 4064 hominem
1121 4008 1234 4063 dici
1283 4008 1510 4076 Jesum,
1543 4007 1682 4076 quia
1713 4012 1915 4061 auctor

266 4086 359 4136 est
381 4081 686 4135 hominum
715 4105 728 4140 ς
760 4081 1257 4151 quemadmodum
1288 4078 1460 4151 et_sol
1481 4082 1536 4133 et
1556 4078 1654 4132 lux
1674 4083 1915 4151 vocatur

269 4153 441 4217 Deus,
476 4152 573 4221 qui
608 4148 881 4221 suprema
912 4154 1002 4206 est
1041 4167 1218 4206 causa
1264 4153 1321 4204 et
1350 4149 1498 4204 lucis
1530 4153 1585 4203 et
1615 4148 1774 4204 solis.
1810 4149 1914 4203 Sed

266 4225 328 4278 in
359 4231 628 4284 quantum
652 4224 951 4277 secundum
1001 4223 1360 4277 substantiam
1407 4225 1578 4276 totam
1607 4236 1730 4275 vere
1759 4221 1914 4274 homo

265 4302 345 4349 est
368 4310 387 4353 ,'
417 4293 532 4346 κατ’
581 4292 761 4346 οὐσίαν
811 4291 948 4358 ὅλην
999 4291 1221 4361 ἀληθῶς
1270 4288 1552 4363 ἄνθρωπος
1602 4286 1695 4344 ὥν.
1734 4292 1915 4346 Verba

265 4369 427 4432 sunt,
459 4381 586 4432 quae
606 4387 633 4413 «
656 4369 858 4420 contra
879 4381 1114 4420 omnem
1139 4364 1561 4428 haeresim,tam
1587 4364 1912 4434 antiquam,

266 4452 442 4507 quam
479 4453 685 4490 novam
724 4459 745 4484 ι
780 4437 1057 4502 militant,
1093 4441 1155 4489 ut
1185 4436 1269 4490 ait
1294 4434 1667 4490 Scholiastes.
1701 4435 1912 4488 Adver-

265 4511 475 4578 santur
504 4523 570 4561 ea
601 4507 1046 4578 Pbantasiastis.
1071 4507 1170 4578 qui
1203 4522 1403 4560 verum
1428 4522 1660 4576 corpus,
1683 4522 1910 4578 veram-

265 4595 381 4650 que
412 4577 835 4650 humanitatem
867 4576 1104 4650 Christo
1119 4579 1452 4650 negabant;
1487 4583 1542 4632 et
1570 4576 1909 4650 Apollinari-

264 4647 396 4718 stis,
439 4648 538 4719 qui
581 4654 764 4704 totam
816 4649 1073 4704 hominis
1128 4647 1521 4704 substantiam
1574 4648 1631 4701 in
1684 4649 1910 4702 Christo

263 4738 380 4775 non
413 4721 825 4791 agnoscebant,
877 4725 1077 4792 utpote
1129 4724 1324 4792 mente
1353 4736 1480 4774 eam
1530 4719 1909 4792 mutilantes;

265 4797 322 4874 et
352 4790 657 4874 Ace’pohalis
688 4809 753 4848 ac
803 4790 1227 4874 Monophxsitis
1272 4792 1371 4873 qui
1401 4791 1678 4874 eamdem.
1701 4790 1910 4874 Ch‘risti

265 4863 694 4917 humanitatem
739 4861 1194 4934 proprietatibus
1245 4861 1388 4930 suis,
1420 4866 1476 4916 et
1508 4861 1909 4934 facultatibus,

267 4951 334 4990 ac
365 4933 802 5018 operationibus
853 4951 990 5018 quae.
1031 4938 1490 5018 consequuntur,
1530 4933 1907 5018 spotiabant:

267 5005 425 5060 unde
458 5021 560 5060 nec
595 5004 678 5059 illi
732 5004 1138 5074 admittebant,
1187 5009 1370 5060 totam
1419 5005 1477 5059 in
1527 5004 1751 5059 Christo
1781 5021 1912 5060 vere

265 5075 545 5131 exsistere
576 5075 998 5132 humanitatem
1011 5118 1023 5130 .

341 5147 618 5218 Sequitur
648 5165 660 5202 :
697 5149 800 5203 Nos
828 5152 1011 5203 autem
1039 5148 1221 5202 Jesum
1268 5162 1378 5200 non
1423 5146 1745 5200 humanitus
1772 5146 1911 5218 deﬁ-

263 5217 469 5274 nimus.
504 5220 804 5283 Quomodo
848 5221 1000 5274 enim
1046 5218 1368 5272 humanitus
1416 5221 1646 5271 tantum
1682 5217 1910 5272 deﬁniri

265 5293 454 5361 potest
486 5290 778 5358 Christus,
809 5292 910 5361 qui
943 5308 974 5344 a
1005 5291 1226 5344 caateris
1261 5288 1609 5361 hominibus
1630 5287 1796 5361 longe
1828 5288 1912 5341 di-

264 5359 419 5414 stat:
457 5377 561 5416 nec
591 5366 678 5415 est
737 5359 898 5417 solus
932 5361 1128 5427 homo,
1160 5361 1260 5414 sed
1293 5360 1466 5414 homo
1496 5364 1554 5414 et
1583 5359 1732 5413 Deus
1758 5359 1780 5411 Ρ
1811 5365 1910 5415 Ne-

262 5447 366 5501 que
392 5434 543 5486 enim
570 5431 674 5486 ille
700 5432 863 5488 homo
897 5437 1111 5485 tantum
1139 5441 1236 5495 est,
1270 5433 1402 5500 quia
1439 5446 1784 5500 nequaquam
1815 5447 1910 5484 su-

261 5503 740 5572 persubstantialis
770 5504 1066 5568 exsisteret,
1099 5503 1147 5554 si
1172 5503 1319 5556 solus
1369 5502 1525 5556 homo
1555 5507 1707 5570 foret.
1742 5501 1910 5556 Solus

265 5590 524 5655 namque
555 5574 728 5655 homo
759 5579 970 5655 natura
1021 5576 1248 5655 constat
1300 5573 1588 5655 humana,
1632 5577 1687 5626 et
1717 5574 1910 5655 subsi-

264 5644 481 5699 stentia
513 5649 706 5700 creata
738 5663 750 5700 :
786 5644 1133 5701 atJesusita
1164 5644 1336 5698 homo
1355 5647 1461 5706 est,
1484 5648 1548 5697 ut
1576 5644 1912 5699 humanitas

267 5716 475 5770 affecta
535 5717 821 5772 subsistat
869 5713 1160 5787 personali
1210 5714 1338 5787 Filii
1389 5714 1487 5769 Dei
1539 5715 1911 5786 proprietate,

267 5802 398 5858 quas
429 5785 1014 5859 supersubstantialis
1043 5791 1166 5856 est;
1221 5791 1277 5842 et
1326 5785 1444 5841 haec
1476 5785 1794 5857 unio,’qum
1826 5787 1912 5841 di-

552 5915 820 5975 Pnaoc.
869 5915 978 5975 Gn.
1020 5913 1123 5975 IV.

2018 1805 2226 1883 in_una
2257 1805 2595 1883 divina‘Eilii
2623 1808 2719 1883 Dei
2746 1825 3014 1878 persona.
3039 1813 3108 1883 Ut
3134 1814 3228 1883 qui
3251 1829 3468 1883 semper
3495 1829 3668 1882 supra

2013 1877 2383 1952 substantiam
2409 1879 2498 1946 sit,
2528 1877 2876 1952 abundantia
2903 1877 3661 1952 quadam"supersubstantia-

2014 1947 2226 2024 litatis;
2273 1950 2440 2024 etiam
2483 1949 2552 2024 ad
2601 1947 2966 2006 substantiam
3023 1969 3145 2008 vere
3191 1947 3432 2020 veniens,
3493 1971 3665 2024 supra

2012 2019 2382 2096 substantiam
2407 2021 2804 2096 substantiatus
2833 2028 2930 2096 est.
2959 2025 3187 2096 Divina
3219 2026 3379 2080 Verbi
3412 2019 3662 2096 persona

2012 2089 2094 2143 ita
2123 2105 2302 2159 supra
2331 2091 2718 2145 substantiam
2745 2094 2856 2147 dici
2884 2095 3072 2161 debet,
3107 2100 3170 2150 ut
3192 2096 3365 2151 etiam
3391 2089 3459 2151 ea
3480 2097 3658 2152 abun-

2014 2161 2215 2232 dantia
2236 2163 2472 2232 quadam
2495 2165 3145 2232 supersubstantialitatis
3168 2167 3365 2222 fecerit
3385 2174 3655 2223 naturam

2012 2231 2334 2308 humanam
2357 2235 3654 2308 supemubstantialitersubsistere,personali

2014 2303 2235 2376 scilicet
2266 2303 2462 2358 divina
2513 2305 2637 2358 Filii
2689 2306 3040 2376 pr0prietate
3089 2303 3402 2364 aﬂ'ectam':
3435 2315 3492 2366 et
3523 2311 3658 2364 licet

2012 2389 2139 2448 vere
2169 2374 2240 2448 ad
2274 2380 2532 2430 nostram
2562 2374 2781 2431 venerit
2801 2374 2958 2432 ‘671
3013 2379 3426 2448 substantiam,
3459 2385 3658 2436 manet

2015 2445 2191 2500 simul
2223 2450 2419 2500 tamen
2450 2463 2618 2516 supra
2645 2449 3035 2504 substantiam.
3064 2450 3182 2504 lmo
3215 2445 3451 2506 domum
3485 2461 3534 2508 et
3563 2467 3658 2507 su-

2013 2533 2113 2586 per
2141 2518 2432 2594 hominem
2448 2520 2610 2587 gessit
2637 2534 2720 2582 ea,
2749 2536 2870 2590 quae
2889 2525 3016 2594 sunt
3045 2523 3288 2576 hominis
3312 2539 3330 2582 ,ο
3358 2530 3664 2594 propterea

2019 2605 2245 2662 nempe
2274 2589 2437 2662 quod
2459 2594 2727 2662 humanae
2745 2589 3111 2659 operationes
3135 2609 3248 2647 non
3274 2589 3665 2662 procedebant

2018 2677 2052 2713 a
2083 2658 2494 2734 solo_homine,
2521 2661 2621 2714 sed
2655 2662 2725 2714 ab
2751 2658 2994 2734 homine
3024 2663 3161 2728 Deo,
3199 2658 3298 2734 qui
3331 2665 3458 2720 sine
3485 2667 3662 2721 dubio

2015 2747 2179 2806 super
2208 2731 2485 2806 hominem
2515 2740 2614 2785 est.
2651 2734 2717 2785 Et
2750 2733 2868 2806 hanc
2899 2731 3662 2806 etiamsupernaturalitas,

2017 2802 2490 2877 e_t__abundantia
2545 2802 3259 2877 supersubstuntialitatis,
3322 2824 3496 2877 quam
3561 2802 3666 2863 Dei

2019 2870 2198 2950 Filius
2245 2872 2301 2925 in
2354 2870 3070 2950 humanitateas‘sumpta
3117 2870 3406 2950 integram
3452 2885 3663 2950 servat,

2019 2946 2270 3006 maxime
2301 2949 2541 3013 apparet
2573 2944 2938 3021 intmiriﬁc‘is
2975 2944 3284 3021 'operibus,
3320 2951 3469 3019 quod
3511 2944 3664 3021 Virgo

2016 3031 2188 3092 supra
2217 3021 2475 3068 naturam
2509 3018 2660 3092 parit
2691 3035 2708 3070 :
2741 3019 2893 3086 quod
2924 3035 3070 3090 aqua
3089 3018 3394 3092 pro/luens,
3424 3036 3551 3091 quae
3576 3018 3664 3092 pe-

2021 3085 2159 3162 dum
2205 3102 2274 3162 ea:
2319 3089 2561 3140 materia
2588 3085 2860 3162 terraque
2886 3085 3286 3162 ico'ncretor'um
3335 3085 3661 3162 gravitatem

2020 3158 2270 3233 sustinet,
2302 3156 2686 3233 nequeeedit;
2714 3156 2807 3213 sed
2837 3161 3040 3216 virtute
3081 3156 3500 3233 supernat'urali
3546 3166 3666 3218 sine

2020 3228 2318 3298 cli/fusione
2347 3229 2613 3283 subsistit.

2094 3299 2644 3375 Hinc-verosponte
2678 3317 2744 3355 ac
2793 3302 3122 3358 necessario
3155 3303 3320 3358 fluit:
3355 3320 3421 3359 ea
3450 3320 3568 3375 quae
3599 3305 3668 3360 de

2021 3371 2365 3446 humanitate
2395 3371 2520 3424 Iesu
2545 3373 2932 3446 afﬁrmantar,
2966 3375 3285 3430 excellentis
3333 3371 3540 3446 quoque
3571 3392 3666 3431 ne-

2019 3442 2264 3510 gationis
2297 3443 2404 3514 vim
2433 3443 2729 3514 continere.
2767 3449 2850 3497 Ita
2879 3461 3132 3514 namque
3180 3442 3544 3501 affirmamus
3573 3447 3669 3502 Je-

2021 3527 2151 3565 sum
2178 3527 2305 3588 esse
2326 3511 2648 3588 hominem,
2668 3519 2730 3588 ut
2751 3513 2930 3568 simul
2960 3511 3157 3588 negari
3178 3518 3666 3588 oporteat,ipsum

2021 3597 2147 3636 esse
2170 3580 2498 3651 simplicem
2523 3582 2818 3656 hominem
2844 3603 2857 3651 ;
2883 3602 3013 3639 cum
3035 3580 3125 3640 'sit
3147 3580 3326 3656 supra
3347 3580 3668 3656 hominem,

2021 3657 2222 3723 utpote
2249 3668 2494 3723 persona
2514 3653 2781 3708 divinain
2809 3653 3292 3712 naturahumana
3315 3653 3666 3723 subsistens,

2021 3722 2130 3800 et'a
2152 3722 2387 3800 Virgine
2418 3729 2735 3795 conceptus
2764 3727 2963 3800 fuerit,
2994 3727 3182 3798 deque
3214 3729 3453 3800 Virgine
3485 3722 3670 3785 matre

2021 3798 2214 3848 natus.
2253 3797 2388 3847 Nam
2417 3799 2831 3870 uisummatim
2855 3797 3133 3870 dicamus,
3161 3815 3230 3854 ne
3259 3797 3414 3854 homo
3447 3801 3667 3870 quidem

2020 3874 2138 3920 erat
2166 3883 2184 3917 :
2215 3881 2326 3918 non
2356 3866 2497 3990 quod
2523 3883 2629 3920 non
2661 3873 2797 3921 esset
2817 3869 2977 3923 homo
2995 3887 3019 3932 ;
3047 3869 3138 3924 sed
3167 3871 3312 3941 quod
3332 3887 3401 3925 ere
3429 3866 3668 3927 homini-

2023 3938 2118 3990 bus
2147 3945 2327 3990 natus.
2396 3939 2602 3990 omines
2626 3939 2783 3990 lonoe
2803 3957 2865 3990 su
2876 3948 3106 3990 neraret.
3132 3945 3180 3990 et
3200 3958 3366 3990 suum
3390 3943 3664 3990 hominem

2023 3938 2118 3991 bus
2147 3945 2327 4010 natus,
2360 3938 2602 3992 homines
2626 3939 2783 4006 longe
2803 3948 3107 4010 superaret,
3132 3938 3187 3996 et
3200 3958 3366 4010 supra
3390 3943 3664 3998 hominem

2021 4023 2143 4062 vere
2173 4008 2326 4062 homo
2357 4013 2535 4078 [actus
2565 4013 2654 4065 sit.
2680 4011 2803 4065 Non
2836 4008 2960 4066 erat
2988 4012 3163 4068 homo
3194 4008 3374 4079 solus,
3407 4014 3506 4069 sed
3533 4032 3663 4070 vere

2021 4084 2215 4135 tamen
2240 4079 2434 4154 iactus
2468 4085 2555 4135 est
2585 4081 2759 4154 homo
2793 4100 2810 4135 :
2841 4083 3137 4154 simulque
3160 4101 3362 4140 omnes
3393 4085 3663 4141 homines

2022 4151 2355 4229 superabat,
2386 4155 2442 4206 et
2474 4169 2653 4223 supra
2699 4153 2993 4229 hominem
3027 4151 3189 4224 erat;
3222 4157 3497 4226 quoniam
3529 4174 3663 4229 per-

2023 4239 2163 4300 sona
2193 4221 2408 4300 divina,
2440 4221 2566 4292 qua—
2599 4241 2777 4300 supra
2807 4225 3099 4300 hominem
3135 4221 3329 4300 esu-ct
3359 4221 3666 4300 supra-na-

2022 4298 2239 4359 turam,
2273 4299 2330 4346 et
2360 4310 2536 4364 supra
2579 4296 2972 4351 substantiam
3025 4314 3155 4352 vere
3203 4296 3567 4355 subsistebat
3606 4301 3666 4355 in

2025 4369 2232 4418 natura
2266 4370 2484 4432 nostra,
2519 4366 2575 4420 in
2630 4367 2991 4421 humanitate
3040 4373 3242 4424 nostra
3274 4387 3286 4423 :
3324 4376 3380 4426 et
3410 4372 3494 4427 sic
3527 4373 3670 4427 sub-

2025 4436 2239 4491 sistens
2272 4435 2368 4489 Dei
2407 4436 2580 4492 Filius
2615 4454 2731 4492 vere
2763 4441 2918 4494 homo
2946 4441 3126 4508 factus
3155 4447 3290 4496 erat.

2092 4508 2497 4581 Commentum
2543 4526 2722 4581 omne
2765 4511 3328 4581 Monophysitarum,
3373 4516 3437 4566 ut
3480 4511 3666 4580 video,

2019 4577 2188 4651 longe
2211 4578 2436 4634 exsulat
2451 4581 2521 4633 ab
2539 4580 2645 4635 hac
2659 4581 2904 4650 epistola
2930 4577 3114 4651 {quod
3134 4577 3670 4640 etiam’viditSchoé

2017 4647 2217 4703 liastes
2252 4669 2262 4703 :
2299 4672 2325 4700 «
2362 4651 2633 4718 Observa,
2664 4647 3183 4721 inquiensftotum
3233 4653 3492 4723 epistolae
3525 4672 3669 4710 con-

2019 4724 2264 4786 textum,
2298 4723 2572 4792 quoniam
2609 4727 2696 4775 est
2727 4727 2928 4777 contra
2955 4739 3187 4778 omnem
3222 4723 3510 4792 haeresim,
3545 4731 3667 4782 tam

2020 4792 2355 4866 antiquam,
2378 4809 2810 4866 quam_novam.
2846 4817 2870 4840 η
2904 4793 3102 4866 Neque
3128 4802 3372 4866 reponat
3401 4798 3669 4852 doctissi-

2022 4879 2152 4916 mus
2182 4865 2523 4937 _l.equienus_
2563 4863 2681 4937 has
2717 4870 2946 4919 nostras
2999 4863 3508 4937 interpretationes
3539 4885 3668 4923 esse

2020 4950 2146 5004 quae
2182 4933 2481 5008 haereticas
2511 4932 2828 5008 locutiones
2856 4932 3190 4992 obscuriore
3215 4939 3465 5008 quodam
3492 4942 3665 4995 modo

2021 5004 2350 5086 propositas
2380 5005 2450 5059 ad
2485 5005 2832 5086 catholicum
2858 5004 3669 5086 sensum_detorq_uent._Sunt

2019 5074 2134 5130 imo
2157 5074 2889 5154 simplicessententiarum
2908 5079 3214 5154 grandiore
3237 5074 3385 5151 stilo
3412 5081 3660 5154 scripta-

2019 5162 2150 5220 rum
2199 5146 2634 5220 explicationes,
2667 5165 2799 5220 quae
2839 5146 3190 5204 catholicum
3241 5146 3503 5217 sensum,
3535 5146 3667 5207 'non

2021 5217 2191 5294 longe
2224 5219 2490 5294 petitum,
2517 5219 2615 5294 sed
2649 5217 3000 5294 perviumac
3026 5221 3264 5292 planum
3290 5223 3667 5294 patefaciunt.

2018 5287 2188 5365 Hisce
2220 5289 2392 5344 dictis
2416 5287 2809 5365 abutebantur
2829 5287 3062 5360 quidem
3087 5287 3527 5365 Monop'hysitae,
3555 5296 3670 5350 hae-

2020 5359 2333 5436 reticorum
2373 5376 2532 5436 more
2588 5359 2860 5432 proprios
2897 5379 3126 5436 errores
3176 5359 3560 5436 ut'po'terant
3590 5374 3673 5421 tc-

2021 5435 2226 5504 gentes
2261 5448 2272 5484 :
2307 5437 2365 5485 at
2396 5433 2597 5504 eadem
2633 5433 3032 5504 Areopagitica
3078 5436 3235 5490 dicta
3261 5433 3366 5491 nec
3400 5436 3672 5493 bieresim

2021 5501 2289 5567 efferunt,
2324 5519 2426 5557 nec
2459 5503 2725 5558 haeresim
2774 5501 3072 5560 inv'olucro
3122 5507 3426 5562 verborum
3461 5513 3672 5564 tectam

2023 5573 2516 5642 complectuntur,
2552 5581 2615 5629 ut
2662 5575 2821 5630 illius
2863 5577 2966 5630 aevi
3019 5577 3214 5633 Patres
3265 5581 3670 5635 ostendebant.

2023 5644 2180 5719 _Opus
2211 5645 2375 5719 foret,
2410 5650 2474 5699 ut
2512 5646 3046 5719 Areopagitricorum
3097 5654 3300 5704 auctor
3331 5653 3674 5719 probaretur

2024 5715 2333 5771 haereticus
2366 5715 3013 5792 argumentis'aliunde
3063 5721 3285 5791 petitis,
3319 5715 3383 5775 ut
3413 5739 3537 5792 quae
3569 5725 3670 5778 rie-

2025 5805 2184 5844 mum
2215 5789 2524 5860 grandiore
2555 5790 2810 5861 quodam
2844 5790 2991 5863 stylo
3041 5789 3106 5847 ac
3139 5792 3367 5848 insueto
3401 5789 3665 5866 protulit,

3310 5921 3388 5978 34
