4032 6214
269 258 401 313 1081

1081 222 1400 309 .NOTITIA
1436 255 1511 308 IN
1549 256 1606 308 S.
1648 254 2049 308 DIONYSIUM
2088 254 2572 309 PARISIENSEM
2611 253 2836 307 EPISC.

3541 251 3677 308 1082

269 381 400 436 dem
435 395 469 434 a
518 377 786 448 praefecto
836 374 1194 448 Fescennino
1243 379 1375 447 post
1422 373 1770 447 gravissima
1798 378 1916 429 tor-
1948 378 2001 444 Α
2031 374 2408 448 Gundemari.
2445 375 2592 430 Pene
2621 373 2935 448 omiseram
2967 371 3372 448 doctissimum
3403 373 3676 448 cardina-

270 447 599 507 mentorum
634 464 847 519 genera
876 447 1068 519 gladio
1090 464 1424 518 percussus,
1446 447 1788 519 martyrium
1815 462 1918 516 pro

269 525 500 578 Christo
553 518 757 575 subiit.
809 521 894 573 Ita
941 518 1042 589 qui
1092 535 1194 589 pro
1247 537 1359 574 uno
1409 523 1566 574 stant
1621 518 1917 588 Dionysio.

269 595 452 664 Cujus
484 593 741 664 primum
769 589 1066 664 opinionis
1098 607 1215 644 suae
1249 598 1450 661 petunt
1482 595 1918 664 argumentum,

268 660 432 721 ex'eo
474 660 652 734 quod,
685 669 751 717 ut
801 660 859 715 in
913 660 1536 734 przet'atione’generali
1574 660 1922 734 auctoritate

270 731 528 792 veterum
553 740 791 788 Patrum
816 731 1023 787 demon
1035 731 1576 802 stravimus,religio
1589 731 1923 802 Christiana

269 809 327 885 in
353 806 559 862 Galliis
589 806 764 885 fuerit
796 805 1110 885 praedicata
1138 801 1534 885 apostolorum
1562 801 1657 885 vel
1688 807 1920 885 aponsto-

266 879 512 934 licorum
538 877 744 932 saltem
765 873 1024 930 virorum
1047 873 1511 945 temporibus,ab
1525 873 1774 944 aliisque
1791 875 1921 945 fun-_

267 951 420 1005 datae
443 949 564 1004 sint
587 949 740 1020 apud
767 965 874 1020 nos
904 943 1185 1018 quaedam
1207 945 1471 1020 Ecclesia:
1493 943 1696 1020 contra
1727 943 1923 1020 severi

270 1020 508 1092 Sulpitii
538 1025 596 1075 et
619 1017 875 1092 Gregorii
906 1017 1266 1092 Turonensis
1304 1017 1662 1092 testimonia,
1695 1019 1795 1088 qui
1827 1031 1921 1070 se-

272 1089 397 1146 rius
420 1092 591 1146 ﬁdem
627 1091 695 1145 ad
721 1107 827 1145 nos
848 1089 1253 1143 transmissam
1279 1089 1590 1142 affirmant.
1615 1089 1763 1143 Tum
1788 1105 1922 1143 vero

267 1162 712 1233 Areopagitistaa
743 1163 1042 1233 nituntur“
1067 1161 1306 1233 antiqua
1349 1160 1664 1233 traditione
1696 1165 1753 1214 et
1775 1175 1922 1233 con-

269 1230 447 1289 sensu
479 1230 871 1288 Ecclesiarum
899 1230 1120 1298 Galliae,
1154 1232 1496 1295 Germanias,
1546 1231 1837 1301 Hispaniae
1869 1234 1925 1285 et

270 1304 468 1371 Italiae,
504 1321 631 1374 quae
666 1307 723 1359 in
770 1301 1218 1374 Martyrologiis,
1275 1301 1578 1356 Hreviariis
1616 1309 1674 1357 et
1709 1301 1921 1357 Missa-

273 1376 426 1431 libus
484 1372 668 1429 unum
723 1372 934 1429 colunt,
982 1372 1347 1444 Dionysium.
1410 1378 1569 1426 Hanc
1618 1374 1821 1428 civitas
1868 1379 1924 1428 et

271 1446 522 1501 Ecclesia
553 1446 731 1500 Paris.
784 1462 818 1499 a
869 1446 1194 1513 majoribus
1243 1445 1312 1498 ad
1348 1444 1521 1498 ﬁnem
1574 1445 1771 1498 saeculi
1803 1461 1922 1498 xvn

271 1533 459 1588 usque
490 1516 657 1588 quasi
705 1532 1050 1588 perimanus
1103 1517 1376 1588 traditam
1430 1517 1810 1570 conservavit.
1844 1517 1924 1588 Ea

269 1587 562 1658 imprimis
587 1587 925 1657 Dionysiani
961 1587 1300 1641 monasterii
1345 1593 1510 1640 vetus
1541 1593 1628 1641 est
1657 1587 1920 1658 traditio,

270 1657 445 1728 quam
478 1659 852 1730 antiquarum
881 1674 1130 1728 praxeon
1155 1663 1388 1712 tenaces
1421 1657 1691 1730 monachi
1714 1658 1918 1730 etiam-

2029 450 2143 501 Iem
2179 447 2516 516 Baronium,
2548 445 2646 517 qui
2695 450 2821 498 tum
2867 445 2926 498 in
2978 444 3407 516 Martyrologio,
3457 449 3581 498 tum
3615 446 3673 500 in

2029 517 2360 572 Annalibus
2391 520 2461 572 ad
2495 516 2682 572 annos
2709 517 2778 569 98
2808 519 2862 570 et
2895 516 2997 570 409
3026 517 3293 570 eamdem
3325 517 3673 571 sententiam

2031 589 2234 644 multis
2265 589 2626 659 argumentis
2663 588 3072 658 propugnavit.
3128 588 3287 659 Hanc
3317 594 3556 642 secutus
3587 591 3677 643 est

2029 658 2395 730 Spondanus.
2430 662 2507 714 Ad
2559 660 2828 714 eumdem
2881 674 3114 730 quoque
3143 658 3519 714 collimarunt
3548 675 3674 714 sco-

2073 749 2170 786 um
2193 731 2414 788 Natalis
2433 731 2776 798 Alexander,
2806 733 2964 800 Hugo
2989 731 3322 797 Menardus,
3349 733 3675 786 Germanus

2073 749 2170 786 um
2193 749 2414 788 natans
2433 749 2776 798 Alexander,
2807 749 2964 800 nugo
2989 749 3322 797 inenaruus,
3349 749 3673 786 uermanus

2029 749 2309 870 Riilletus,
2344 804 2560 875 quibus
2593 802 2816 875 multos
2858 802 3516 875 adjungerepossemus
3546 807 3673 856 tum

2029 879 2311 942 recentes,
2345 871 2470 930 tum
2502 872 2852 945 antiquioris
2885 871 3067 942 nota},
3089 871 3506 945 nisi’hrevitati
3538 890 3676 929 con-

2030 945 2222 1002 sulere
2253 944 2800 1002 studeremusillaac
2829 949 3024 998 autem
3055 947 3142 999 tot
3163 959 3228 999 ac
3259 944 3439 999 tantis
3464 949 3521 998 et
3553 961 3676 1000 mo-

2031 1018 2247 1073 mentis
2295 1022 2352 1073 et
2402 1017 2756 1072 testimoniis
2807 1031 2974 1070 sacra
3021 1013 3258 1070 traditio
3303 1032 3418 1070 non
3463 1019 3681 1070 temere

2031 1088 2362 1213 abjicienda
2387 1089 2758 1160 (quibusdam
2806 1086 2942 1168 visa.
2962 1087 3208 1170 eruditis
3246 1103 3258 1140 :
3300 1106 3320 1133 ι
3354 1086 3516 1168 Unde
3547 1103 3682 1143 cum

2031 1177 2094 1213 se
2121 1166 2229 1213 ecti
2263 1177 2294 1213 θ
2324 1177 2490 1213 sacra
2515 1159 2786 1213 facultate
2821 1158 3132 1213 Parisiensi
3162 1156 3414 1213 theologi
3447 1158 3516 1212 ad
3553 1158 3682 1213 Bre-

2031 1156 2229 1215 selecti
2263 1177 2294 1215 e
2324 1156 2490 1215 sacra
2515 1159 2786 1214 facultate
2821 1157 3132 1213 Parisiensi
3162 1156 3414 1228 theologi
3447 1158 3516 1212 ad
3553 1158 3684 1214 Bre-

2033 1232 2196 1286 viarii
2245 1231 2595 1287 Parisiensis
2646 1230 3138 1297 emendationem,
3187 1229 3569 1300 quaestionem
3615 1230 3687 1284 de

2030 1307 2085 1357 S.
2122 1303 2398 1375 Dionysio
2431 1302 2780 1374 Areopagita
2806 1305 2864 1375 et
2893 1299 3217 1355 Parisiensi
3245 1299 3518 1372 episcopo
3551 1301 3687 1375 dili-

2071 1379 2236 1429 enter
2278 1372 2727 1446 expendissent,
2745 1377 2800 1427 et
2849 1372 2908 1426 in
2943 1377 3252 1441 utramque
3297 1379 3518 1446 partem
3562 1373 3688 1446 suis

2057 1442 2304 1500 ibratam
2340 1442 2651 1500 momentis
2701 1445 3132 1515 disceptassent
3180 1459 3372 1498 coram
3405 1442 3687 1515 illustris-

2033 1517 2183 1572 simo
2215 1516 2654 1588 archiepiscOpo
2707 1514 3016 1570 Francisco
3057 1514 3569 1588 Harlaeo,_cens_uit
3597 1532 3687 1588 ar-

2032 1586 2808 1670 chiprazsulsagacissimus,
2833 1590 2888 1669 et
2919 1588 3003 1670 ad.
3018 1592 3173 1641 recte
3196 1586 3583 1670 judicandum
3619 1587 3688 1639 de

2033 1657 2212 1715 reb-us
2243 1657 2656 1730 antiquitatem
2682 1657 3140 1713 ecclesiasticam
3161 1658 3565 1728 spectantibus
3588 1673 3690 1728 per

269 1748 417 1807 num
447 1729 718 1807 retinent,
751 1737 818 1807 ut
847 1734 1162 1807 constatex
1195 1731 1376 1807 missa
1399 1729 1521 1807 diei
1543 1729 1676 1783 festi
1707 1729 1766 1784 S.
1793 1730 1924 1807 Dio-
1957 1740 2005 1807 Β
2035 1733 2276 1807 eximias
2335 1729 2554 1807 ingenii
2614 1729 3012 1807 dectrinaeque
3066 1731 3261 1807 dotes.
3289 1733 3686 1807 c_ompara_tus,

271 1803 444 1873 nysii,
474 1803 534 1856 in
568 1818 683 1873 qua
714 1801 959 1872 epistola
990 1817 1116 1873 quae
1141 1800 1208 1854 ad
1244 1801 1649 1873 Areopagitam
1676 1805 1922 1872 spectat,

273 1871 552 1928 recitatur
580 1871 612 1927 a
633 1871 899 1943 pluribus
923 1872 1172 1926 saeculis.
1201 1875 1359 1926 Hanc
1381 1871 1927 1943 EcclesiaRomana

275 1942 651 1999 traditionem
683 1943 857 1998 etiam
891 1944 1276 2013 postiteratas
1308 1943 1522 2011 ssepius
1545 1942 1925 1998 ecclesiastici

275 2015 454 2070 ofticii
503 2015 928 2086 recognitiones
977 2014 1265 2086 integram
1313 2013 1716 2083 illibatamque
1789 2015 1927 2068 reti-

278 2086 428 2140 nuit.
461 2086 604 2148 Quid
642 2085 791 2155 quod
824 2085 1232 2156 Martyrologia
1255 2088 1517 2139 eamdem
1552 2088 1927 2151 confirmant,

286 2157 734 2226 Romanumque
762 2157 1076 2227 imprimis,
1105 2157 1201 2210 ubi
1227 2156 1296 2211 ad
1329 2173 1406 2210 vn
1443 2157 1522 2210 Id.
1557 2157 1757 2212 Octob.
1781 2156 1930 2226 legi-

282 2230 382 2281 tur
425 2227 737 2298 Dionysius
783 2229 1135 2298 Areopagita
1179 2228 1436 2297 primum
1489 2229 1726 2299 quidem
1758 2228 1929 2282 Athe-

285 2299 508 2352 niensis
558 2299 894 2368 episcopus,
928 2305 1130 2368 postea
1175 2316 1205 2351 a
1249 2299 1544 2352 Clemente
1592 2299 1648 2354 in
1684 2299 1931 2353 Galliam

286 2368 529 2433 missus,
581 2368 930 2424 Parisiensis
979 2371 1291 2440 episcopus
1343 2370 1542 2423 fuisse.
1594 2375 1702 2424 Nec
1737 2371 1932 2424 minus

284 2445 592 2510 recensent
616 2441 873 2510 Eusebii,
905 2441 1091 2502 Bedes,
1123 2441 1344 2494 Rabani
1378 2440 1620 2509 antiqua
1656 2443 1930 2510 Martyro-

283 2509 459 2580 logia,
492 2511 818 2566 recentiora
858 2509 998 2566 vero
1048 2510 1324 2566 Galesinii
1373 2517 1429 2566 et
1459 2511 1742 2577 Sausseii,
1775 2509 1831 2566 et
1860 2527 1934 2566 ne

285 2581 420 2652 quid
454 2581 610 2637 desit
638 2582 814 2637 etiam
845 2596 914 2635 ex
945 2587 1108 2651 parte
1138 2582 1490 2646 Graecorum,
1541 2587 1721 2637 testes
1748 2583 1932 2637 addu-

284 2664 426 2708 cunt
446 2653 830 2719 Methodium,
852 2652 1194 2708 Michaelem
1217 2652 1569 2724 Syncellum.
1596 2654 1932 2724 Metaphra-

281 2729 523 2796 stenet
553 2724 946 2796 Nicephorum
998 2724 1133 2778 huic
1184 2725 1614 2796 consentientes
1636 2725 1931 2796 opinioni,

289 2813 356 2851 ac
387 2794 561 2850 claris
590 2794 783 2867 verbis
811 2795 1224 2851 Atheniensem
1257 2795 1598 2867 Dionysium
1631 2794 1698 2849 in
1722 2796 1935 2851 Gallias

290 2867 539 2923 missum
598 2866 1005 2938 praedicantes,
1060 2871 1118 2922 et
1173 2866 1450 2938 martyrio
1507 2872 1933 2923 consecratum.

290 2938 474 3008 Hujus
506 2937 795 3008 opinionis
828 2938 1091 3009 quaedam
1121 2937 1300 2992 veluti
1337 2937 1687 3009 ’preejudieia
1717 2955 1932 2994 eruun-

292 3015 404 3079 tur,
441 3011 627 3080 primo
657 3027 725 3064 ex
755 3026 821 3064 eo
852 3010 1006 3078 quod
1031 3009 1391 3080 Stephanus
1435 3026 1584 3080 papa
1615 3012 1933 3077 secundus,

2037 1803 2293 1873 antiqua:
2325 1798 2638 1856 Gallicanis
2663 1798 2933 1873 Ecclesia;
2961 1798 3264 1873 traditioni
3297 1801 3368 1853 de
3399 1798 3514 1873 uno
3540 1799 3687 1873 Dio-

2037 1869 2202 1944 nysio
2231 1875 2581 1944 Areopagita
2626 1877 2684 1927 et
2733 1872 3047 1927 Parisiensi
3097 1872 3371 1944 episeopo
3402 1871 3460 1924 in
3494 1869 3686 1925 officio

2037 1891 2202 1944 nysm
2231 1891 2453 1944 [πεορᾶ
2499 1891 2581 1928 ita
2626 1891 2684 1927 et
2734 1891 3047 1927 rarlsmnsi
3097 1891 3371 1943 episcopo
3402 1891 3460 1924 in
3494 1891 3686 1925 omcio

2037 1945 2433 2001 ecclesiastico
2459 1891 2752 1999 imuorem
2799 1960 2973 1998 suum
3006 1942 3355 1998 servandum
3387 1957 3537 2012 esse,
3571 1957 3687 1996 non

2037 2034 2172 2071 vero
2204 2017 2640 2072 convellendam
2675 2015 2830 2086 piam
2874 2015 3163 2084 majorum
3197 2017 3529 2086 nostrorum
3563 2013 3687 2082 opi-

2042 2089 2298 2155 nionem,
2331 2089 2420 2143 cui
2456 2084 2693 2142 saltem_
2716 2087 3032 2157 probabilis
3080 2084 3541 2157 sententiaajura
3566 2099 3686 2157 non

2039 2161 2370 2231 spernenda
2401 2162 2698 2214 momenta
2719 2155 3095 2231 conﬁrmant.
3131 2179 3159 2207 ››
3201 2157 3284 2211 lta
3316 2155 3687 2212 Bollandistm

2041 2229 2185 2286 tom.
2213 2231 2287 2285 VI
2320 2230 2484 2295 Julii,
2518 2244 2648 2300 pag.
2681 2229 2771 2282 76.

2109 2304 2164 2357 2.
2196 2303 2479 2380 Sed_esto,
2505 2296 2786 2380 inq'uiunt
2829 2297 3069 2380 alterius
3107 2297 3406 2380 opinionis
3434 2296 3687 2378 patroni,

2042 2372 2386 2444 Areopagita
2416 2368 2533 2444 nun
2565 2368 2643 2425 sit
2671 2385 2846 2442 quem
2892 2368 3506 2444 colimus’Dionysius,
3540 2369 3689 2423 mis-

2042 2440 2248 2515 sioque
2277 2440 2334 2498 _a
2383 2440 3161 2515 Clemente'Areopagitistls
3208 2440 3442 2515 errandi
3481 2456 3687 2515 ansam

2043 2511 2374 2587 praebuerit.
2406 2517 2484 2587 At
2509 2519 2664 2587 certe
2702 2511 3050 2587 antiquitaie
3096 2512 3365 2583 pravalet
3395 2511 3517 2566 haec
3546 2512 3689 2587 mis-

2043 2581 2150 2651 sio,
2179 2591 2380 2657 totque
2407 2584 2647 2641 fulcitur
2666 2581 3136 2657 probationibus,
3160 2589 3225 2638 ut
3244 2602 3275 2640 a
3297 2600 3452 2657 sanas
3475 2581 3690 2657 mentis

2041 2654 2384 2713 hominibus
2415 2657 2472 2712 in
2505 2657 2752 2712 dubium
2799 2655 3053 2712 revocari
3086 2671 3200 2710 non
3234 2656 3437 2726 possit.
3476 2654 3694 2726 Fassus

2043 2730 2198 2785 enim
2232 2733 2318 2784 est
2345 2729 2470 2799 ipse
2499 2727 3012 2799 Tillemontiusde
3042 2725 3247 2782 sancto
3269 2725 3592 2799 Saturnino
3614 2725 3694 2799 lo-

2044 2817 2231 2882 quens
2263 2795 2410 2882 duas
2445 2804 2611 2882 sexto
2660 2798 2874 2854 saeculo
2922 2798 2982 2854 in
3032 2798 3386 2882 quihusdam
3420 2795 3694 2878 Ecclesiis

2041 2867 2301 2956 viguisse
2334 2870 2702 2956 traditiones,
2747 2886 2996 2956 quarum
3041 2867 3483 2956 ju‘stamlt‘eram
3515 2867 3691 2956 primi

2044 2939 2301 3016 episcopi
2320 2941 2728 3016 apostolorum
2754 2939 2842 2996 vel
2864 2956 3065 2996 eorum
3085 2939 3690 3016 discipulorum_tem-

2045 3010 2286 3086 p'orihus
2315 3010 2385 3068 in'
2406 3013 2622 3069 Gallias
2655 3018 3052 3086 accesserunt,
3085 3010 3493 3086 alteramgvero
3514 3010 3695 3086 impe-

289 3081 504 3167 allatis‘
534 3080 800 3164 e'Gallia
851 3079 1039 3167 sancti
1089 3080 1347 3167 Dignysii
1394 3079 1680 3151 reliquiis,
1725 3082 1936 3167 ‘Romaa
1967 3098 2010 3164 ρ
2047 3079 2216 3167 fante
2245 3086 2450 3167 D_ecio,_
2470 3090 2536 3139 ut
2566 3084 2948 3167 ipsehscrﬁipsit
2969 3079 3284 3166 Gregorius
3309 3079 3692 3167 Turonensis.

287 3154 701 3206 monasterium
735 3167 836 3206 seu
869 3151 1130 3206 scholam
1155 3151 1484 3206 Grecorum
1513 3153 1931 3208 monachorum

290 3223 613 3295 instituerit
666 3223 737 3295 ob
788 3221 1132 3295 memoriam
1184 3224 1530 3295 receptain
1583 3223 1938 3295 Dionysiana

288 3293 534 3349 basilica
565 3293 852 3349 sanitatis.
880 3293 1100 3348 Deinde
1131 3295 1282 3362 quod
1315 3293 1610 3364 Adrianus
1643 3293 1790 3364 papa
1813 3296 1935 3349 vul-

286 3370 452 3434 gatos
484 3365 664 3436 libros
694 3364 956 3436 Dionysii
979 3364 1172 3419 Graace
1194 3364 1444 3436 scriptos
1467 3363 1934 3436 Fulrado’ahbati

285 3439 438 3491 dono
465 3435 707 3507 dederit.
742 3436 826 3507 Ad
861 3435 980 3507 haec
1011 3436 1168 3505 quod
1209 3435 1442 3490 eosdem
1479 3435 1713 3490 Michael
1748 3437 1932 3507 impe-

283 3513 442 3561 rator
461 3505 713 3578 Orientis
743 3506 1290 3578 miseritLudovico
1323 3511 1613 3578 Augusto,
1641 3507 1738 3576 qui
1772 3505 1932 3578 ipsos

286 3579 641 3633 monasterio
660 3577 717 3631 S.
738 3577 993 3649 Dionysii
1012 3577 1395 3649 consignavit.
1420 3575 1578 3649 ﬂlnde
1594 3575 1933 3649 Hilduinus,

284 3649 485 3704 Sancti
523 3648 773 3719 Dionysii
817 3648 1016 3716 abbas,
1042 3648 1252 3718 jussus
1284 3666 1318 3704 a
1364 3648 1656 3704 Ludovico
1690 3648 1788 3704 Pio
1820 3651 1931 3704 im-

284 3725 551 3791 peratore
584 3719 819 3790 scripsit
851 3721 1266 3790 Areopagitica,
1311 3720 1527 3791 quibus
1559 3725 1762 3775 contra
1791 3721 1932 3776 Gre-

283 3790 533 3864 gorium,
566 3791 962 3864 Turonensem
1012 3793 1264 3864 maxime
1316 3790 1374 3846 et
1420 3790 1660 3864 Bedam,
1693 3797 1932 3848 senten-

282 3862 426 3946 tiam
459 3862 903 3946 «jam-pridem
955 3878 1056 3946 per
1085 3862 1624 3946 supplantationem
1671 3864 1930 3946 postulat

283 3936 473 3990 tiones
501 3934 812 4006 inclitam}:
851 3934 921 3988 de
954 3934 1210 4006 Dionysii
1243 3935 1706 4006 Areopagitismo
1728 3937 1935 4006 probat

282 4023 350 4062 ex
379 4007 536 4077 Actis
568 4004 967 4077 apostolorum
993 4004 1515 4077 etantiquissimis
1545 4004 1747 4062 Gallici
1781 4007 1932 4063 ritus

279 4076 641 4145 Missalibus,
673 4092 742 4131 ex
777 4076 1111 4132 testimonio
1151 4077 1335 4132 Visbii
1370 4077 1754 4133 vetustissimi
1785 4078 1930 4134 scri-

283 4149 496 4221 ptoris,
519 4148 674 4220 quod
698 4147 853 4221 apud
875 4147 1167 4221 Morinum
1187 4148 1382 4221 videre
1413 4149 1566 4221 licet,
1590 4150 1934 4221 auctoritate

281 4219 519 4292 quoque
535 4219 856 4274 Aristarchi
882 4219 1209 4292 Graecorum
1242 4220 1672 4292 chronohraphi
1699 4225 1756 4275 et
1786 4221 1934 4276 alio-

277 4289 435 4348 rum:
470 4290 668 4347 Plures
701 4295 901 4361 postea
931 4289 1193 4346 Hilduini
1241 4289 1614 4359 sententiam,
1648 4292 1784 4347 dato
1815 4292 1934 4347 cal-

281 4364 411 4418 culo
444 4361 1185 4434 comprobarunt.7/Eneas,
1220 4362 1566 4418 Parisiensis
1598 4362 1932 4434 episcopus,

281 4433 566 4500 doctrina,
600 4433 816 4505 pietate
846 4437 902 4488 et
931 4433 1228 4490 industria
1251 4434 1600 4500 celebratus,
1630 4433 1689 4488 in
1723 4433 1933 4490 inecri-

281 4507 483 4577 ptione
512 4504 645 4578 libri
694 4504 970 4578 Aduersus
1016 4509 1255 4578 Graecos,
1286 4506 1363 4578 de
1405 4505 1598 4578 seipso
1628 4505 1712 4561 sic
1740 4505 1933 4578 loqui-

280 4575 424 4649 tur:
463 4597 489 4626 «
520 4576 727 4631 [Encas
771 4575 1192 4649 Parisiaeensis
1237 4577 1401 4633 urbis
1450 4575 1782 4649 episcopus,
1817 4575 1932 4648 quo

282 4648 510 4722 primus
567 4647 840 4722 praesedit
884 4652 941 4701 S.
993 4647 1316 4722 Dionysius
1350 4665 1389 4722 _a
1435 4647 1611 4722 Paulo
1653 4647 1929 4722 apostolo

279 4718 725 4791 Atheniensium
779 4718 1164 4791 consecratus,
1203 4718 1723 4791 archiepiscopus,’
1748 4721 1849 4776 sed
1899 4737 1932 4776 a

281 4796 485 4848 sancto
517 4789 809 4846 Clemente
837 4789 1017 4845 totius
1047 4790 1244 4846 Galliae
1277 4789 1652 4847 consecrat—us
1699 4795 1931 4862 aposto-

281 4863 398 4928 lus,
419 4887 440 4915 ι
466 4866 575 4918 etc.
612 4863 768 4916 Hanc
797 4877 1031 4932 quoque
1053 4861 1110 4916 in
1145 4861 1477 4933 Opinionem
1501 4863 1933 4919 descenderunt

281 4933 653 4996 Paschasius.
703 4933 886 4988 abbas
934 4933 1321 5000 Corbeiensis,
1367 4934 1521 4989 inter
1567 4934 1758 4989 etatis
1813 4951 1930 4989 suis

279 5005 680 5089 doctissiszz
733 5004 1416 5089 Hincmarus‘R‘eme‘nsis
1464 5005 1522 5060 in
1570 5004 1929 5089 epistolanad

281 5077 548 5133 Carolum
584 5076 847 5141 Calvum,
883 5077 980 5132 ubi
1035 5077 1173 5131 citat
1219 5078 1398 5131 vitam
1431 5076 1618 5132 sancti
1648 5077 1930 5146 Sanctini,

282 5147 600 5204 Meldensis
641 5147 922 5219 episcopi,
953 5147 1299 5203 Anastasius
1330 5147 1844 5214 Bibliothecarius,
1876 5153 1934 5203 et

280 5220 769 5289 Rothomagensis
827 5219 1302 5289 archiepiscopus
1347 5219 1590 5285 Franco,
1647 5223 1713 5275 ut
1759 5219 1934 5274 refert

281 5291 449 5347 Dudo
494 5291 642 5346 libro
675 5306 716 5345 Il
767 5290 840 5344 De
887 5293 1128 5345 moribus
1157 5295 1209 5347 et
1253 5292 1392 5346 actis
1440 5291 1881 5346 Normannorum
1908 5308 1930 5345 .·

280 5363 707 5435 posterioribus
737 5359 894 5435 item
928 5362 1158 5435 seculis
1188 5362 1262 5435 S._
1279 5363 1536 5435 Thomas
1566 5363 1625 5417 in
1661 5378 1931 5435 sermone

280 5432 452 5507 quem
488 5436 545 5507 ὃ.
572 5432 1520 5507 Dionysioinscripsit,Bobertus
1564 5433 1929 5507 Antissiodo-

275 5503 755 5578 r'ensis,Raphael
771 5503 1188 5578 Volaterranus
1209 5503 1356 5562 libro
1373 5523 1443 5561 xv
1461 5504 1926 5578 Anthropotegiae,

277 5579 463 5636 Faber
483 5576 868 5650 Stapulensis,
889 5578 1294 5650 Genebrardus
1316 5577 1376 5633 in
1399 5595 1506 5634 sua
1528 5576 1925 5650 Chronoldgia,

273 5647 878 5722 Mattheus'ﬁalenus
924 5649 985 5722 in
1035 5649 1372 5722 praefatione
1421 5650 1492 5705 ad
1523 5647 1926 5722 greppagiliea,

273 5721 534 5778 Jacnhus
591 5719 884 5775 Pamelius
940 5721 998 5774 in
1038 5719 1478 5787 ’Tertullianum,
1530 5719 1800 5778 Molanus
1857 5721 1929 5776 ad

283 5793 603 5852 Usuardum
648 5797 706 5849 et
749 5790 951 5848 Lcaisa
995 5789 1056 5846 in
1104 5791 1260 5848 notis
1306 5791 1378 5848 ad
1428 5791 1726 5850 decretum
1771 5790 1926 5864 regis

2048 3158 2178 3213 Haec
2209 3161 2415 3227 autem,
2436 3159 2558 3227 tam
2581 3156 2660 3227 de
2693 3155 3060 3227 S.»Dionysio
3091 3171 3270 3226 quam
3305 3155 3377 3209 de
3401 3159 3457 3208 Β.
3482 3155 3697 3227 δίψῃ-τ

2044 3229 2183 3283 nino
2209 3243 2379 3299 posse
2402 3226 2653 3298 intelligi
2681 3225 2815 3299 quis
2839 3222 3153 3299 nonividet,
3176 3231 3375 3297 utpote
3396 3225 3493 3299 qui
3513 3222 3696 3299 simul

2044 3297 2368 3369 eodemque
2397 3297 2660 3370 tempore
2693 3297 2868 3352 ﬁdem
2917 3298 3312 3353 Christianam
3345 3297 3694 3370 praedicave-

2042 3367 2314 3450 runt.__At
2345 3367 2561 3450 printer
2601 3373 3028 3450 argumentum.
3067 3385 3096 3423 e
3139 3367 3459 3450 propagata
3491 3367 3698 3450 primis

2043 3440 2270 3497 saeculis
2301 3437 2361 3494 in
2393 3437 2739 3512 Galliisfide
2761 3437 3266 3512 desumptum'uni
3296 3437 3354 3494 et
3382 3437 3545 3512 alteri
3569 3437 3696 3510 opi-

2043 3513 2200 3568 nioni
2235 3526 2567 3574 commune,
2600 3509 2738 3564 huic
2777 3509 2993 3582 adhuc'
3019 3511 3173 3564 favet
3199 3509 3690 3582 GregorioiTuro-

2043 3583 2211 3639 nensi
2243 3582 2542 3652 antiquior
2572 3587 2774 3652 auctor
2800 3581 2948 3636 Vitas
2993 3585 3210 3637 sanctaa
3239 3581 3535 3636 Genovefa
3565 3581 3689 3635 vir-

2042 3655 2220 3726 ginis,
2252 3651 2481 3726 quippe
2497 3651 2594 3723 qui
2631 3651 2936 3726 profitetur
2966 3669 3037 3726 se
3059 3669 3185 3726 eam
3219 3652 3529 3726 scripsisse
3559 3655 3694 3723 post

2045 3722 2131 3806 ter
2170 3722 2424 3782 senios‘a
2469 3722 2672 3806 beatas.
2699 3722 2946 3806 virginis
2993 3724 3152 3806 obitu
3204 3722 3412 3806 annos,
3447 3722 3695 3806 ideoque

2043 3797 2197 3853 circa
2227 3812 2448 3852 annum
2475 3795 2582 3849 520
2611 3811 2624 3848 :
2658 3795 2802 3848 inibi
2831 3800 3026 3850 autem
3048 3795 3263 3852 diserte
3294 3799 3542 3851 testatur
3563 3811 3696 3850 san-

2044 3873 2204 3925 ctum
2232 3865 2572 3939 Dionysium
2601 3870 2658 3922 et
2679 3883 2712 3921 a
2732 3867 3027 3939 Clemente
3045 3867 3267 3939 papain
3303 3865 3522 3923 Gallias
3546 3866 3694 3939 mis-

2044 3956 2195 4006 sum,
2230 3944 2288 3995 et
2318 3937 2395 3994 ab’
2419 3938 2624 3993 eodem
2674 3937 3016 4009 episcopum
3046 3937 3494 3994 consecratum.
3530 3938 3694 4009 Idem

2041 4011 2219 4068 habet
2250 4012 2606 4066 Fortunatus
2637 4008 2950 4081 episcopus
3000 4009 3398 4078 Pictaviensis,
3429 4008 3694 4080 Gregorii

2039 4081 2407 4155 Turonensis
2429 4097 2653 4155 suppar
2675 4080 2738 4155 et
2769 4080 3016 4155 amicus,
3040 4082 3141 4153 qui
3174 4082 3232 4138 in
3264 4082 3482 4155 hymno
3513 4097 3690 4151 quem

2043 4155 2113 4226 de
2143 4158 2348 4210 sancto
2377 4151 2652 4226 Dionysio
2691 4152 3003 4226 Parisiensi
3053 4151 3400 4226 composuit,
3428 4157 3485 4210 et
3513 4167 3689 4226 quem

2041 4225 2350 4299 D_uhietius
2380 4225 2437 4299 in
2458 4224 2905 4299 Antiquitatibus
2935 4224 3410 4299 Sandionysianis
3440 4224 3693 4298 publica-

2041 4297 2145 4369 vit,
2177 4298 2261 4354 sic
2290 4296 2502 4355 cecinit
2535 4312 2549 4352 :

2395 4439 2630 4507 Fortem,
2661 4439 2881 4508 ﬁdelem
2907 4439 3145 4495 militem

2399 4510 2603 4565 Christi
2627 4518 2870 4566 secutum
2893 4511 3203 4582 principem

2397 4581 2724 4654 Dionysium
2752 4589 3053 4651 martyrem

2391 4651 2559 4709 Plebs
2584 4651 2770 4721 corde,
2804 4667 2931 4707 voce
2956 4658 3228 4723 personet.

2396 4795 2668 4850 Clemente
2696 4795 2867 4864 Roma
2891 4794 3131 4864 praesule

2394 4865 2469 4919 Ab
2503 4864 2641 4919 urbe
2669 4863 2875 4920 missus
2893 4863 3108 4935 adfuit,

2398 4935 2555 4991 Verbi
2581 4939 2808 4999 superni
2831 4937 3061 4992 seminis

2400 5008 2463 5065 Ut
2489 5007 2710 5081 fructus
2738 5012 2874 5064 esset
2897 5008 3119 5065 Galliae.

2114 5153 2226 5204 Nec
2258 5147 2422 5204 dicas
2450 5147 2738 5220 hymnum
2785 5148 2954 5204 illum
3005 5147 3157 5204 male
3187 5164 3221 5202 a
3250 5146 3522 5203 Dubletio
3558 5147 3688 5220 For:

2041 5223 2246 5292 tunato
2277 5217 2626 5292 attributum
2660 5219 2842 5292 fuisse
2874 5239 2891 5274 :
2923 5237 3057 5275 nam
3113 5217 3688 5292 praeterquamguod

2040 5291 2184 5364 illud
2219 5292 2347 5348 sine
2375 5291 2556 5364 dubio
2572 5291 2821 5364 asseruit
2841 5287 3180 5364 Hilduinu's.
3210 5287 3584 5364 hym-nusille
3605 5289 3690 5344 sic

2039 5362 2256 5435 legitur
2285 5364 2344 5418 in
2378 5362 2676 5418 codicibus
2701 5380 2844 5435 mss.
2876 5363 2933 5418 S.
2960 5363 3112 5418 688
3143 5362 3417 5435 Germani
3447 5362 3687 5435 Prate‘n-

2040 5431 2143 5500 sis,
2177 5439 2234 5490 S.
2269 5435 2416 5490 Petri
2446 5434 2839 5502 Carnotensis,
2863 5438 2919 5490 et
2939 5435 2998 5490 S.
3023 5434 3262 5504 Benigni
3295 5431 3685 5490 Divionensis.

2038 5507 2320 5562 Praeterea
2351 5505 2401 5562 si
2430 5510 2596 5562 vetus
2627 5505 2725 5561 ille
2746 5505 3000 5576 hymnus
3021 5507 3324 5563 Fortunati
3355 5523 3471 5562 non
3493 5508 3605 5576 est,
3627 5506 3687 5560 at

2037 5581 2194 5660 certe
2215 5576 2490 5660 Hilduino
2509 5575 2931 5660 antiquiorest,
2953 5579 3371 5660 qu_od_sufficit.
3395 5575 3685 5660 Antipho:

2036 5649 2188 5722 nalis
2245 5649 2584 5722 Gregoriani
2641 5646 3063 5722 GaroliCalvi,
3117 5651 3177 5706 in
3234 5646 3683 5722 Compendiensi

2033 5717 2392 5808 bibliotheca
2423 5719 2739 5808 asservati,
2777 5719 2969 5808 prima
3016 5722 3086 5806 de
3117 5725 3174 5776 S.
3210 5717 3484 5808 Dionysio
3508 5717 3684 5808 apti:

2039 5790 2237 5866 phona
2265 5808 2371 5866 pro
2419 5791 2632 5867 vigiliis
2681 5790 2987 5852 nocturnis
3035 5793 3162 5866 ejus
3208 5790 3550 5852 missionem
3580 5804 3685 5864 per
