4084 6208
228 222 3580 258 W

1262 488 2555 661 PR/EFATIO

1776 828 1857 883 IN
1914 828 2075 895 QUA

144 1004 149 1008 1
238 1033 457 1120 POST
502 1032 1092 1119 ENUMERATAS
1140 1031 1448 1118 SANCTI
1485 1031 1905 1117 CYPRIANI
1952 1031 2315 1116 OPERUM
2359 1030 2839 1127 EDITIONES,
2883 1032 2993 1114 DE
3037 1031 3106 1118 S.
3147 1032 3597 1118 MARTYRIS

1155 1191 1599 1277 DOCTRINA
1654 1191 2101 1275 PLURIBUS
2161 1190 2691 1275 DISSERJTUR

853 1436 1294 1516 AUCTORE
1362 1438 1453 1516 D.
1522 1437 2068 1516 PRUDENTIO
2137 1438 2515 1536 MARAN,
2591 1437 2677 1514 Ο.
2754 1438 2829 1514 S.
2902 1438 2982 1514 B.

310 1850 362 1922 1
381 1850 472 1922 -9
501 1851 585 1905 Ad
628 1851 776 1905 hanc
803 1851 1195 1921 praefationem
1233 1850 1585 1921 aggredienti
1623 1866 1725 1903 nec
1751 1852 1805 1905 S.
1851 1849 2113 1920 Cypriani
2142 1849 2336 1903 laudes
2366 1849 2632 1919 persequi
2662 1850 3045 1902 necessarium
3087 1849 3330 1915 videtur,
3377 1866 3477 1903 nec
3506 1853 3598 1905 Ba-

233 1940 373 1993 luzii
414 1940 666 1994 laborem
701 1941 1123 1994 commendare.
1162 1941 1501 2009 Conspirans
1538 1940 1796 1993 omnium
1837 1939 1896 1992 in
1930 1938 2189 2009 Cypriani
2224 1939 2596 1993 admiratione
2631 1955 2953 2005 consensus,
2984 1940 3185 1993 favoris
3210 1940 3451 2009 aucupia
3484 1957 3600 1995 non

238 2030 560 2083 desiderat:
593 2030 793 2083 editori
822 2028 1169 2099 suifragatur
1199 2028 1534 2083 eruditionis
1566 2030 1715 2081 fama
1742 2033 1798 2082 et
1824 2027 2073 2098 plurima
2102 2028 2159 2079 in
2190 2027 2438 2097 antiquis
2469 2027 2836 2097 scriptoribus
2867 2026 3102 2081 edendis
3134 2031 3190 2081 et
3221 2028 3600 2082 emendandis

236 2119 541 2173 industria.
582 2120 749 2173 Multa
784 2120 1018 2189 quidem
1054 2125 1277 2173 exstant
1310 2118 1513 2171 Baluzii
1544 2117 1797 2170 laborum
1834 2118 2229 2182 monumenta,
2263 2132 2367 2169 nec
2408 2116 2674 2186 cuiquam
2715 2118 2833 2169 fere
2861 2116 3134 2183 concedit,
3165 2116 3256 2186 qui
3291 2133 3412 2169 rem
3444 2118 3598 2171 litte-

235 2209 452 2261 rariam
484 2208 699 2261 auctius
734 2208 1033 2274 ditaverit;
1074 2208 1193 2277 sed,
1227 2212 1611 2277 praeterquam
1648 2207 1796 2276 quod
1832 2206 1905 2259 ad
1944 2207 2052 2260 hoc
2092 2211 2408 2261 extremum
2439 2224 2583 2277 opus
2619 2209 2788 2276 longe
2826 2224 2930 2260 usu
2971 2208 3310 2261 exercitatus
3346 2210 3597 2276 accessit,

235 2314 535 2367 nunquam
579 2296 701 2350 aliis
746 2297 970 2350 videtur
1016 2313 1200 2367 opera:
1246 2302 1300 2350 et
1341 2296 1522 2349 labori
1575 2296 1762 2348 minus
1803 2295 2117 2366 pepercisse
2165 2296 2221 2349 in
2267 2296 2496 2349 vetustis
2539 2296 2826 2349 codicibus
2874 2296 3126 2367 undique
3176 2299 3597 2366 comportandis

238 2390 295 2440 et
337 2387 681 2441 evolvendis.
720 2389 912 2440 Jussus
944 2388 1049 2440 hac
1086 2387 1223 2440 urbe
1252 2387 1552 2440 abscedere
1593 2402 1742 2439 anno
1786 2388 1940 2450 1710,
1987 2385 2289 2439 consilium
2321 2386 2526 2440 edendi
2565 2386 2828 2455 Cypriani
2870 2403 2982 2439 non
3026 2386 3251 2456 abjecit,
3288 2403 3389 2441 nec
3432 2388 3602 2441 inter-

235 2479 396 2532 misit
428 2478 697 2544 laborem,
740 2496 908 2548 quem
952 2485 1162 2547 tamen,
1206 2480 1381 2532 redux
1413 2478 1515 2531 sub
1552 2479 1722 2531 linem
1768 2476 1901 2529 anui
1946 2480 2100 2545 1713,
2144 2494 2287 2530 novo
2322 2481 2526 2529 conatu
2562 2474 2808 2545 repetiit,
2849 2491 2911 2527 ac
2955 2476 3186 2528 tandem
3227 2476 3373 2546 typis
3434 2478 3600 2547 coepit

236 2568 513 2621 mandare
558 2584 705 2620 anno
748 2571 901 2620 1717.
935 2568 1055 2621 iam
1099 2568 1323 2638 prelum
1359 2568 1681 2622 absolverat
1712 2568 1957 2637 genuina
1987 2567 2254 2638 Cypriani
2293 2583 2463 2636 opera
2504 2582 2568 2619 ac
2600 2565 2904 2618 maximam
2938 2570 3157 2634 partem
3198 2566 3399 2619 Baluzii
3434 2583 3603 2619 anno-

239 2657 555 2723 tationum,
601 2673 732 2711 cum
775 2674 904 2711 eum
942 2657 1159 2711 utiliter
1193 2657 1541 2712 laborantem
1585 2658 1695 2711 vita
1737 2658 1942 2711 defecit
1967 2659 2057 2711 die
2098 2661 2161 2712 28
2204 2656 2413 2710 mensis
2451 2654 2601 2723 Julii,
2643 2670 2795 2707 anno
2834 2655 3010 2707 astatis
3056 2657 3143 2719 88,
3190 2655 3395 2709 Christi
3442 2659 3596 2709 1718.

236 2747 457 2801 Mortuo
500 2748 747 2812 Baluzio,
786 2763 901 2799 non
941 2747 1062 2799 sine
1106 2746 1481 2800 litteratorum
1520 2748 1779 2801 omnium
1821 2747 2121 2811 desiderio,
2170 2762 2329 2799 novre
2371 2744 2538 2813 hujus
2576 2742 2841 2796 editionis
2882 2759 3023 2812 opus
3072 2743 3167 2796 diu
3212 2745 3598 2814 interruptum

239 2836 544 2906 pependit,
586 2835 709 2901 sed,
742 2851 894 2887 anno
927 2835 1083 2902 1724,
1123 2851 1237 2887 rev.
1274 2835 1585 2889 admodum
1616 2839 1776 2890 Pater
1816 2837 2060 2889 domnus
2102 2834 2395 2904 Dionysius
2432 2833 2497 2885 de
2540 2831 2994 2897 Sainte-Marthe,
3030 2834 3288 2901 superior
3319 2834 3603 2901 generalis

242 2925 705 2993 congregationis
744 2923 1150 2989 Sancti-Mauri,
1194 2924 1450 2994 pluribus
1489 2931 1723 2994 rogante
1763 2924 2156 2995 typographize
2197 2923 2370 2992 regite
2401 2921 2689 2991 praefecto,
2733 2936 2859 2973 rem
2908 2920 3004 2973 uni
3045 2938 3110 2973 ex
3146 2922 3260 2975 suis
3293 2922 3600 2989 commisit,

239 3014 341 3083 qui
382 3012 630 3065 libenter
665 3012 822 3065 oneri
869 3012 1154 3079 successit,
1198 3018 1255 3065 et
1300 3012 1369 3065 ab
1408 3014 1520 3067 alio
1558 3014 1784 3083 adjutus
1820 3014 1993 3066 telam
2043 3030 2075 3065 a
2113 3010 2437 3066 doctissimo
2476 3011 2593 3063 viro
2638 3009 2896 3063 nondum
2938 3009 3253 3063 absolutam
3304 3016 3601 3080 pertexere

240 3107 482 3156 conatus
519 3106 622 3169 est,
668 3118 794 3155 cum
837 3102 903 3154 iis
940 3102 1176 3156 edendis
1217 3106 1274 3155 et
1313 3103 1689 3156 emendandis
1719 3118 1846 3172 quae
1895 3102 2145 3155 Baluzius
2187 3101 2396 3153 intacta
2428 3100 2758 3170 reliquerat,
2796 3103 2918 3152 tum
2951 3114 3105 3159 vero,
3149 3103 3211 3152 ut
3252 3099 3309 3153 in
3348 3100 3605 3169 pluribus

240 3192 367 3245 aliis
409 3192 667 3245 Patribus
696 3192 1098 3262 percommode
1129 3194 1337 3245 factum
1367 3196 1469 3257 est,
1505 3192 1735 3245 uberius
1767 3192 1835 3244 de
1868 3191 2035 3244 rebus
2066 3191 2239 3261 gestis
2271 3190 2537 3260 Cypriani
2565 3189 2749 3258 deque
2776 3189 2925 3241 illius
2957 3188 3220 3243 doctrina
3249 3189 3599 3244 disserendo.

240 3281 317 3335 Ut
359 3280 651 3350 promissis
690 3281 944 3347 satisﬁat,
986 3280 1278 3334 nonnullm
1320 3280 1375 3333 S.
1409 3281 1664 3349 Martyris
1691 3282 1985 3334 sententiae
2027 3280 2082 3333 in
2128 3281 2232 3333 hac
2274 3280 2630 3349 praefatione,
2665 3295 2835 3348 quam
2873 3278 2996 3331 Vita
3036 3279 3299 3348 Cypriani
3344 3280 3603 3349 proxime

244 3375 543 3440 sequetur,
582 3370 756 3439 mquis
792 3370 1143 3440 ponderibus
1175 3370 1561 3424 examinandaa
1603 3375 1734 3423 sunt
1765 3388 1775 3422 :
1809 3368 1908 3423 sed
1948 3372 2111 3423 antea
2144 3369 2307 3422 variae
2352 3368 2498 3421 illius
2529 3384 2769 3437 operum
2812 3368 3090 3421 editiones
3117 3370 3477 3423 recensendae
3518 3371 3601 3424 vi-

243 3460 476 3514 dentur.

318 3549 498 3603 Variaa
539 3565 777 3619 operum
820 3549 1083 3620 Cypriani
1131 3550 1407 3604 editiones
1448 3564 1575 3618 quae
1608 3548 1665 3601 in
1698 3547 1831 3617 ipsis
1874 3548 2263 3619 typograpbiae
2300 3546 2658 3600 incunabulis
2690 3546 2977 3599 adornatae
3018 3563 3083 3601 ac
3132 3553 3320 3617 postea
3351 3548 3608 3619 pluribus

243 3640 306 3693 in
354 3640 492 3692 locis
536 3639 795 3709 repetitae
839 3644 988 3703 sunt,
1030 3644 1239 3710 quanta
1279 3639 1492 3693 fuerint
1526 3638 1694 3708 hujus
1721 3637 2010 3707 scriptoris
2050 3636 2278 3707 legendi
2320 3636 2506 3690 studia
2531 3636 2838 3690 declarant.
2869 3637 2999 3690 Tres
3038 3638 3444 3707 antiquissimae
3484 3656 3605 3693 me-

242 3734 587 3783 morantur:
640 3729 920 3797 Romana,
966 3746 1060 3783 an.
1113 3732 1269 3797 1471,
1320 3746 1423 3800 per
1466 3729 1792 3783 Conradum
1840 3727 2179 3781 Sweinheim
2215 3730 2270 3780 et
2314 3725 2625 3779 Arnoldum
2669 3728 2978 3794 Pannartz;
3028 3728 3251 3791 Veneta,
3302 3744 3395 3780 an.
3449 3730 3604 3797 1471,

243 3834 354 3888 per
406 3816 784 3872 Vendelinum
844 3818 1216 3888 Spirensem;
1268 3824 1391 3872 tum
1441 3834 1567 3887 qua:
1607 3816 1811 3870 dicitur
1856 3818 2237 3881 innominata,
2296 3814 2430 3884 quia
2479 3830 2583 3866 nec
2644 3813 2797 3866 urbis
2844 3831 2948 3867 nec
3004 3815 3345 3885 typographi
3397 3832 3607 3871 nomen

247 3908 589 3978 ascriptum.
637 3907 900 3961 Testatur
939 3908 1122 3962 editor
1159 3907 1489 3961 Oxoniensis
1523 3922 1689 3959 usum
1734 3922 1791 3959 se
1833 3922 1954 3959 esse
2004 3905 2182 3957 tribus
2221 3902 2606 3957 editionibus:
2644 3925 2669 3951 ‹‹
2705 3903 2788 3956 Ad
2831 3920 3058 3957 manum
3102 3904 3297 3973 habui,
3335 3927 3361 3952 ››
3403 3905 3607 3976 inquit,

248 4018 277 4045 ‹‹
321 3996 595 4049 editiones
638 3998 1068 4063 vetustissimas,
1120 3998 1447 4066 Spirensem
1484 3995 1614 4048 anni
1666 3997 1829 4059 1671;
1877 3994 2314 4059 innominatam,
2364 3994 2451 4045 cui
2496 4008 2599 4045 nec
2645 3993 2826 4062 patria
2867 4010 2969 4045 nec
3012 4000 3146 4046 mtas
3182 3994 3463 4063 afﬁgitur,
3507 4011 3609 4049 nec

245 4102 367 4139 non
414 4084 564 4138 illam
613 4084 912 4139 Remboldi
956 4086 1089 4138 anni
1144 4089 1297 4139 1512.
1343 4106 1369 4133 ››
1423 4085 1528 4137 Sed
1580 4090 1768 4137 tamen
1811 4083 1983 4138 editio
2028 4084 2113 4135 illa
2156 4100 2280 4152 quae
2321 4082 2593 4152 Spirensis
2642 4084 2810 4159 vulgo
2852 4083 3073 4147 dicitur,
3122 4101 3235 4137 non
3276 4084 3474 4154 Spirae,
3514 4087 3609 4141 sed

246 4174 501 4228 Venetiis
530 4191 751 4237 excusa,
799 4180 861 4227 ut
892 4175 1015 4245 jam
1047 4174 1420 4227 observarunt
1455 4173 1805 4225 eruditorum
1834 4171 2129 4237 nonnulli;
2165 4175 2220 4225 et
2250 4190 2441 4225 eorum
2488 4174 2687 4239 errori,
2722 4172 2819 4242 qui
2853 4171 3008 4224 illam
3050 4174 3227 4241 Spirae
3268 4175 3607 4243 attribuunt,

244 4265 434 4319 locum
479 4263 637 4317 dedit
660 4280 874 4316 nomen
918 4262 1201 4316 Vindelini
1240 4262 1546 4332 Spirensis,
1587 4279 1617 4315 a
1645 4278 1757 4332 quo
1802 4262 2050 4331 perfecta
2082 4261 2189 4314 fuit
2218 4278 2365 4314 anno
2400 4264 2551 4314 1471.
2596 4262 2731 4315 Nam
2768 4262 3010 4313 Joannes
3044 4261 3321 4331 Spirensis
3351 4267 3609 4318 mortuus

244 4359 328 4406 est
361 4352 782 4405 Venetiisanno
815 4354 969 4419 1470,
997 4352 1226 4422 ejusque
1256 4352 1440 4405 ofﬁcio
1468 4354 1524 4404 et
1561 4350 1848 4404 laboribus
1878 4350 1936 4403 in
1961 4350 2158 4403 eadem
2190 4350 2332 4403 urbe
2366 4350 2626 4404 successit
2666 4352 2838 4403 frater
2870 4351 3222 4419 Viudelinus,
3256 4353 3343 4406 cui
3372 4354 3609 4424 proinde

246 4441 491 4495 debetur
517 4440 639 4493 haec
669 4440 862 4495 editio.
898 4442 953 4495 1d
994 4448 1150 4511 patet
1177 4458 1243 4495 ex
1286 4441 1376 4494 his
1402 4440 1677 4509 versibus,
1709 4440 1806 4510 qui
1843 4440 1911 4493 ad
1949 4440 2160 4494 calcem
2195 4440 2457 4494 editionis
2502 4440 2777 4495 librorum
2814 4441 2879 4495 de
2919 4440 3149 4497 Civitote
3174 4445 3273 4497 Dei
3299 4443 3369 4496 ab
3401 4443 3609 4500 eodem

246 4530 546 4584 V’indelino
566 4528 856 4583 adornatae
876 4529 1145 4601 leguntur
1166 4545 1179 4583 :

1185 4637 1296 4700 Qui
1323 4636 1516 4688 docuit
1551 4638 1794 4691 Venetos
1824 4641 2063 4691 exscribi
2098 4652 2259 4704 posse
2287 4640 2532 4689 Joannes

1186 4719 1373 4769 Mense
1408 4720 1521 4770 fere
1558 4722 1698 4771 trino
1723 4726 1960 4772 centena
1989 4722 2277 4771 volumina
2312 4721 2479 4781 Plini,

1190 4801 1260 4852 Et
1285 4802 1514 4852 totidem
1550 4805 1736 4866 magni
1773 4804 2057 4853 Ciceronis
2091 4803 2247 4866 Spira
2284 4802 2522 4863 libellos,

1183 4883 1437 4945 Cmperat
1467 4886 1676 4935 Aurelii
1701 4902 1713 4945 ;
1751 4885 1935 4934 subita
1959 4884 2055 4934 sed
2090 4888 2264 4933 morte
2290 4888 2609 4947 peremptus

1182 4964 1301 5012 Non
1325 4966 1502 5027 potuit
1535 4970 1781 5029 emptum
1813 4966 2040 5015 Venetis
2074 4965 2233 5015 ﬁnire
2262 4964 2524 5014 laborem.

1186 5043 1519 5095 Vindelinus
1549 5046 1703 5098 adest
1734 5047 1981 5111 ejusdem
2017 5048 2185 5097 frater
2219 5051 2273 5097 et
2313 5050 2431 5096 arte

1184 5126 1302 5176 Non
1340 5127 1559 5186 minor;
1594 5128 1985 5193 Hadriacaque
2020 5129 2327 5178 morabitur
2361 5127 2517 5178 urbe.

2306 5231 2365 5266 Μ.
2397 5228 2562 5267 CCCC.
2601 5228 2740 5269 LXX.

239 5335 317 5389 Ex
354 5333 443 5386 his
486 5332 737 5386 maxime
788 5334 1026 5388 dubium
1066 5334 1291 5390 videtur
1328 5334 1480 5407 quod
1521 5338 1617 5406 ait,
1659 5340 1787 5408 post
1818 5338 2123 5393 nonnullos
2164 5338 2320 5401 alios,
2371 5337 2629 5391 eruditus
2668 5344 2866 5392 auctor
2912 5338 3219 5393 Annalium
3270 5337 3616 5413 Typograph.

238 5430 384 5477 tom.
419 5425 461 5487 l,
492 5422 855 5477 Vindelinum
880 5425 938 5477 in
959 5424 1323 5480 Germaniam
1352 5427 1555 5481 abiisse
1578 5431 1636 5481 et
1660 5446 1810 5484 anno
1844 5434 1966 5484 1571
1998 5429 2285 5485 Bartholdi
2312 5446 2483 5500 opera
2506 5429 2585 5482 ibi
2609 5428 2876 5481 edidisse.
2904 5429 3177 5482 Recenset
3198 5429 3346 5483 idem
3376 5432 3618 5503 scriptor

239 5512 421 5566 libros
448 5528 480 5563 a
510 5511 813 5566 Vindelino
845 5514 1095 5567 Venetiis
1122 5532 1259 5568 ann.
1298 5519 1431 5569 1572
1457 5519 1513 5569 et
1551 5521 1681 5571 1577
1705 5520 1905 5573 editos.

321 5600 541 5654 Prodiit
570 5602 816 5668 Parisiis,
857 5620 1007 5657 anno
1046 5607 1201 5666 1512,
1246 5606 1359 5660 alia
1389 5606 1560 5661 editio
1600 5623 1839 5678 operum
1881 5608 2141 5679 Cypriani
2176 5625 2243 5662 ex
2288 5609 2665 5679 typographia
2702 5604 2940 5661 Berteldi
2979 5606 3263 5662 Rembolti
3294 5613 3351 5663 et
3390 5606 3621 5663 Joannis

244 5691 587 5744 Waterloes.
618 5695 984 5746 Accesserunt
1020 5692 1075 5747 in
1114 5694 1220 5748 hac
1254 5695 1507 5750 editione
1550 5696 1874 5752 Cordinuliu
1918 5698 2118 5753 Christi
2154 5713 2336 5766 opera,
2378 5696 2658 5767 Expositio
2699 5696 2755 5749 in
2790 5696 3101 5763 Symbolum
3137 5696 3519 5766 Apostolorum
3564 5705 3620 5751 et

240 5782 436 5838 Passio
472 5781 531 5837 S.
576 5780 876 5850 Cypriani;
907 5781 1056 5837 libro
1103 5785 1217 5838 sive
1260 5785 1498 5856 epistola
1529 5787 1595 5841 de
1636 5789 1999 5851 Aleatoribus,
2039 5794 2095 5842 et
2130 5788 2253 5841 aliis
2286 5788 2574 5842 nonnullis
2612 5801 2740 5858 quae
2793 5785 2865 5839 ad
2897 5786 3210 5840 Robertum
3252 5785 3625 5843 Fortunatum

287 5948 361 6021 Ο
579 5877 853 5945 PATROL.
906 5880 1007 5947 1V.
3270 5887 3303 5951 1

83 6000 283 6131 κδθν
