4084 6208
415 252 469 303 Η
1710 241 1774 296 1).
1817 241 2178 297 PRUDENTll
2219 240 2476 296 unum
3512 225 3517 230 ’
3703 241 3768 296 4-2

412 373 584 427 missa
608 372 851 437 fuerant,
883 366 1171 442 11-12
1199 368 1258 422 in
1292 366 1441 422 aliud
1473 368 1700 436 tempus
1731 365 1976 435 rejectis.
2019 366 2070 418 Is
2097 366 2251 419 enim
2284 364 2563 419 Robertus
2594 364 2936 419 Fortunatus
2965 365 3313 435 provinciam
3354 381 3771 435 recognoscen-

408 462 610 516 dorum
650 459 918 532 Cypriani
947 475 1189 529 operum
1226 456 1510 526 suscepit;
1551 456 1636 509 vel
1673 455 1884 525 potius,
1914 460 1977 507 ut
2007 454 2126 523 ipse
2158 458 2392 507 testatur
2421 455 2476 506 in
2506 451 2743 523 epistola
2773 453 3185 523 nuncupatoria
3212 454 3283 507 ad
3321 454 3615 509 Ruricium
3652 455 3774 507 Ble-

411 566 660 616 sensem,
691 550 876 601 virum
904 546 1270 606 senatorium.
1301 561 1370 598 eo
1403 548 1499 597 aut
1530 542 1868 596 lectionibus
1898 548 1994 596 aut
2022 542 2192 596 rebus
2227 543 2601 596 familiaribus
2631 549 2919 612 occupato,
2953 544 3284 598 Guillelmus
3316 546 3543 599 Potetus
3579 564 3604 591 ‹‹
3638 560 3777 613 opus

413 639 632 708 insigne
660 637 882 706 relegit,
917 635 1277 702 emaculavit,
1307 641 1364 687 et
1394 631 1857 686 annotationibus
1885 631 2226 701 quibusdam
2258 649 2372 686 non
2403 632 2778 702 negligendis,
2813 634 3185 704 locorumque
3219 633 3410 686 Bibliae
3445 638 3501 685 et
3531 633 3773 685 aliorum

411 727 796 792 citationibus,
825 725 932 791 vel,
967 727 1030 778 ut
1062 725 1240 790 aiunt,
1283 722 1710 793 quotationihus
1748 721 1815 773 ad
1846 721 2162 790 marginem
2197 721 2537 792 perpulchre
2571 722 2862 791 multoque
2889 738 3018 774 cum
3047 722 3236 775 labore
3268 721 3500 775 donavit
3534 737 3546 774 :
3592 742 3618 770 ››
3657 725 3780 790 post

414 815 711 888 epistolam
753 813 1249 882 nuncupatoriam,
1293 812 1401 864 alia
1430 810 1499 864 ab
1539 810 1736 864 eodem
1778 811 2080 864 Fortunato
2111 810 2373 880 apposita
2401 817 2503 875 est,
2545 827 2671 880 quai
2702 810 2770 863 de
2813 809 3052 865 utilitate
3084 811 3356 864 librorum
3396 809 3680 880 Cypriani,
3715 825 3780 862 ac

412 906 479 960 de
523 905 647 974 ejus
682 902 1006 973 eloquentia
1046 902 1371 972 pertractat,
1415 915 1545 953 cum
1584 900 1692 952 hac
1722 897 2087 967 inscriptione
2118 913 2131 949 :
2167 901 2227 954 C.
2259 916 2324 953 DE
2363 901 2422 953 P.
2463 901 2671 953 Jacono
2704 899 3064 968 GRASOLARIO,
3099 915 3207 954 cm
3251 900 3488 966 Venere,
3539 913 3778 953 SALUTEM

410 1011 569 1049 DlClT.
610 996 910 1060 Caeterum,
952 992 1073 1044 hinc
1115 989 1287 1044 editio
1331 988 1464 1043 satis
1513 991 1777 1042 accurata
1817 992 1922 1054 est,
1957 1004 2022 1041 ac
2061 989 2118 1042 in
2164 988 2374 1054 multis,
2415 1003 2540 1058 quae
2581 1003 2876 1059 perperam
2915 989 2974 1042 in
3027 988 3397 1058 sequentibus
3431 987 3780 1042 editionibus

411 1084 631 1136 mutata
671 1081 914 1146 fuerant,
953 1095 1083 1132 cum
1120 1077 1418 1132 codocibus
1456 1091 1590 1130 mss.
1623 1076 1918 1130 consentit.
1955 1075 2097 1132 Dicit
2120 1079 2389 1132 Erasmus
2417 1093 2583 1130 usum
2612 1093 2669 1130 se
2701 1093 2819 1130 esse
2853 1097 2880 1124 ‹‹
2925 1076 3192 1146 praesidio
3223 1078 3400 1131 trium
3431 1074 3779 1140 editionum,

411 1173 701 1236 Romanm,
733 1185 848 1239 qua
874 1168 1016 1221 nihil
1047 1166 1183 1232 vidi,
1215 1187 1242 1214 ››
1271 1165 1476 1236 inquit,
1511 1186 1540 1214 «
1571 1165 1953 1235 depravatius,
1993 1170 2052 1220 et
2073 1168 2267 1220 tamen
2304 1166 2425 1219 haec
2454 1165 2658 1219 alicubi
2699 1166 2952 1235 profuit;
2996 1166 3299 1235 cujusdam
3329 1165 3582 1231 alterius,
3617 1163 3779 1233 cujus

408 1259 608 1312 titulus
640 1256 868 1322 excidit,
904 1259 960 1310 et
987 1255 1273 1310 Badianae.
1306 1275 1334 1304 »
1375 1253 1556 1308 Editio
1589 1253 1704 1319 illa,
1746 1269 1919 1323 quam
1948 1255 2216 1308 Erasmus
2249 1254 2624 1308 celeberrimo
2659 1254 2826 1308 Badio
2854 1255 3131 1321 attribuit,
3165 1257 3362 1310 eadem
3405 1255 3627 1308 videtur
3658 1269 3776 1307 esse

411 1366 473 1402 ac
501 1347 779 1403 Rembolti
804 1365 819 1414 ;
853 1347 1117 1401 observat
1143 1346 1298 1399 enim
1339 1346 1602 1398 Erasmus
1641 1344 1850 1399 librum
1881 1347 1946 1401 de
1973 1347 2349 1401 cardinatibus
2378 1346 2579 1401 Christi
2616 1345 2872 1414 Operibus
2908 1367 2934 1393 η
2968 1344 3022 1398 in
3054 1345 3303 1399 editione
3335 1345 3581 1398 Badiana
3613 1359 3773 1412 sepa-

408 1441 598 1492 ratum
629 1437 822 1490 haberi
863 1453 893 1489 a
920 1436 1144 1506 reliquo
1188 1435 1477 1489 volumine
1503 1452 1516 1487 :
1548 1454 1575 1483 »
1610 1434 1662 1487 id
1695 1435 1846 1504 quod
1877 1435 2070 1488 videre
2098 1439 2182 1489 est
2209 1435 2265 1489 in
2294 1433 2572 1490 Rembolti
2614 1433 2882 1498 editione,
2910 1450 3023 1504 qua
3045 1433 3166 1503 jam
3205 1433 3465 1487 absoluta
3497 1433 3604 1486 hoc
3636 1447 3777 1501 Opus

411 1527 721 1597 separatim
751 1524 1009 1579 additum
1040 1524 1164 1578 fuit.
1194 1522 1315 1576 Alia
1342 1521 1540 1590 editio,
1569 1521 1728 1591 cujus
1759 1521 1953 1577 titulus
1980 1523 2283 1589 exciderat,
2315 1524 2455 1578 forte
2486 1522 2687 1576 eadem
2719 1522 2825 1575 fuit
2849 1538 2914 1575 ac
2953 1521 3326 1575 innominata.
3359 1522 3514 1584 Quod
3555 1524 3771 1591 spectat

411 1618 481 1670 ad
525 1617 862 1681 Romanam,
905 1617 1145 1668 testatur
1187 1612 1502 1666 Fridericus
1540 1611 1884 1666 Rheinartus
1917 1627 2079 1664 usum
2109 1627 2167 1666 se
2203 1628 2323 1665 esse
2357 1632 2383 1660 ς(
2425 1609 2701 1665 ambabus
2736 1609 2844 1663 illis
2882 1626 2951 1663 ex
2984 1610 3209 1681 inclyta;
3248 1609 3579 1680 reipublicae.
3602 1608 3767 1662 Nori-

412 1707 704 1775 bergensis
759 1703 1101 1757 bibliotheca
1156 1700 1686 1756 benevolentissime
1741 1700 2175 1754 communicatis
2228 1716 2467 1771 operum
2514 1698 2778 1770 Cypriani
2834 1697 3209 1763 editionibus,
3265 1713 3416 1751 anno
3468 1698 3590 1768 jam
3644 1700 3769 1750 tum

411 1812 471 1851 M.
524 1810 672 1850 cccc.
705 1809 850 1860 LXXI,
890 1797 1010 1845 arte
1039 1789 1450 1862 typographica
1494 1789 1580 1842 vix
1621 1788 1812 1843 adulta
1841 1787 2046 1858 publici
2079 1787 2225 1858 juris
2262 1788 2442 1856 factis,
2475 1791 2752 1856 Romana,
2797 1786 2951 1840 haud
2983 1786 3151 1840 dubie
3180 1786 3401 1840 diversa
3428 1787 3497 1840 ab
3526 1786 3622 1840 illa
3659 1801 3772 1856 qua

413 1887 589 1940 Henr.
619 1883 852 1936 Gravius
883 1881 939 1934 in
986 1880 1122 1934 edit.
1154 1880 1346 1934 Colon.
1379 1895 1529 1933 anno
1568 1880 1720 1945 1544,
1750 1882 1960 1948 praeter
1985 1877 2285 1931 Badianam
2313 1877 2616 1948 quamdam
2646 1880 2703 1931 et
2730 1877 2922 1942 aliam,
2956 1891 3122 1929 usum
3155 1892 3212 1930 se
3240 1891 3381 1942 esse,
3415 1874 3555 1929 nihil
3579 1880 3770 1929 autem

418 1972 780 2044 depravatius
806 1970 1012 2024 vidisse
1043 1969 1254 2036 scribit,
1282 1972 1338 2022 et.
1364 1968 1640 2039 Spirensi,
1677 1967 1838 2038 cujus
1866 1966 2067 2020 artifex
2098 1966 2426 2020 Vindelmus
2453 1965 2686 2036 quidam
2717 1965 2999 2019 laudatur.
3028 1985 3054 2015 ι)
3087 1965 3352 2020 Gravium
3384 1980 3510 2017 cum
3540 1965 3772 2017 Erasmo

415 2060 716 2116 confundit
744 2059 1085 2127 Reinartus;
1115 2073 1219 2111 nec
1249 2056 1512 2128 cuiquam
1540 2056 1701 2110 facile
1725 2055 1986 2126 probabit
2012 2057 2325 2110 Romanam
2355 2056 2666 2111 editionem
2691 2055 2825 2109 anni
2860 2056 3016 2122 1471,
3047 2071 3153 2126 qua
3184 2070 3350 2109 usum
3383 2069 3441 2108 se
3465 2069 3585 2107 esse
3613 2051 3769 2121 dicit,

416 2151 696 2204 diversam
727 2166 845 2204 esse
875 2147 944 2201 ab
974 2164 1039 2201 ea
1065 2163 1235 2218 quam
1266 2149 1532 2201 Erasmus
1564 2151 2002 2200 commemorat.

491 2269 777 2332 Erasmus,
822 2267 917 2337 qui
958 2267 1042 2319 tot
1079 2270 1400 2318 sanctorum
1441 2265 1668 2318 Patrum
1711 2262 2053 2317 editionibus
2083 2263 2351 2334 praeclare
2384 2263 2453 2319 de
2494 2280 2553 2318 re
2591 2263 2964 2318 ecclesiastica
3004 2267 3060 2318 et
3097 2261 3364 2316 litteraria
3405 2259 3643 2314 meritus
3667 2264 3768 2326 est,

416 2373 577 2410 suam
612 2357 666 2409 in
706 2355 987 2425 Cypriano
1017 2370 1252 2424 operam
1282 2370 1395 2407 non
1427 2370 1624 2423 passus
1651 2358 1734 2406 est
1764 2351 2095 2406 desiderari.
2139 2353 2370 2419 Prodiit,
2403 2370 2470 2408 eo
2499 2360 2821 2420 accurante,
2855 2352 3170 2423 Cyprianus
3196 2368 3288 2404 an.
3327 2352 3482 2417 1520,
3518 2349 3769 2415 Basilea3,

411 2447 509 2500 fol.
554 2461 618 2498 ex
669 2445 894 2498 officina
942 2443 1323 2510 Frobeniana,
1373 2443 1468 2496 sed
1515 2443 1692 2496 multo
1742 2458 1913 2512 quam
1965 2441 2022 2495 in
2060 2443 2452 2514 superioribus
2495 2442 2832 2496 editionibus
2874 2440 3228 2511 locupletior.
3272 2438 3490 2494 Primus
3526 2438 3676 2492 enim
3715 2437 3772 2490 in

416 2535 602 2588 lucem
638 2533 811 2586 edidit
855 2533 1117 2585 Erasmus
1158 2531 1372 2584 litteras
1401 2531 1469 2584 de
1513 2530 1792 2584 haereticis
1834 2531 2184 2601 baptizandis
2224 2533 2298 2585 ad
2336 2533 2613 2598 Quintum,
2658 2531 2730 2584 ad
2749 2531 3078 2584 Jubaiunum
3119 2534 3174 2584 et
3208 2529 3285 2583 ad
3320 2530 3646 2598 Pompeium,
3671 2525 3770 2580 lib.

413 2624 646 2675 tertium
697 2622 1154 2684 Testimoniorum,
1197 2636 1270 2672 ac-
1297 2619 1607 2672 sententias
1647 2621 2045 2690 episc0porum
2075 2621 2132 2674 in
2172 2621 2409 2674 concilio
2435 2619 2867 2688 Carthaginensi
2904 2618 3068 2673 tertio
3105 2634 3117 2671 :
3161 2616 3420 2686 ejusdem
3463 2614 3774 2684 diligentiae

416 2712 698 2765 debentur
745 2715 857 2764 tres
899 2713 1192 2776 tractatus,
1245 2709 1310 2763 de
1354 2709 1536 2763 Laude
1579 2711 1856 2777 Martyrii,
1899 2710 1963 2763 de
2008 2711 2307 2779 Disciplina
2348 2715 2397 2764 et
2444 2712 2584 2764 Bono
2625 2708 2930 2772 Pudicitia,
2978 2706 3148 2761 et'ad
3191 2708 3556 2762 Novatianum
3599 2703 3777 2756 haere-

416 2799 610 2864 ticum,
655 2817 793 2870 quos
839 2801 943 2852 etsi
981 2799 1263 2868 Cypriane
1304 2797 1633 2868 adjudicaut
1677 2798 1932 2868 plerique
1975 2798 2174 2864 critici,
2222 2816 2392 2852 nemo
2440 2803 2635 2851 tamen
2690 2795 3115 2866 antiquissimos
3154 2798 3211 2848 et
3253 2792 3534 2863 Cypriane
3577 2791 3778 2862 dignos

418 2889 732 2959 negaverit.
767 2889 856 2942 His
882 2889 1163 2958 adjunctze
1194 2888 1429 2941 fuerunt
1463 2888 1588 2941 duae
1626 2887 1911 2941 orationes
1936 2887 2215 2958 Cypriane
2246 2887 2464 2940 afﬁctae.
2496 2885 2681 2941 Sensit
2711 2886 2991 2950 Erasmus,
3020 2883 3104 2937 vir
3138 2889 3418 2936 emunctae
3457 2881 3625 2947 naris,
3657 2881 3780 2933 haec

420 2993 590 3047 opera
619 2993 735 3031 non
768 2993 888 3030 esse
911 2975 1176 3047 Cypriani
1203 2993 1216 3042 ;
1245 2976 1365 3042 sed,
1394 2976 1543 3047 quod
1577 2977 1714 3029 satis
1745 2977 1940 3029 mirari
1971 2993 2086 3030 non
2125 2993 2378 3046 possum,
2411 2975 2568 3030 aliud
2599 2990 2762 3044 opus,
2791 2975 2949 3044 cujus
2974 2978 3169 3026 auctor
3199 2973 3530 3026 Diocletiani
3558 2978 3615 3027 et
3646 2973 3779 3027 belli

373 3077 378 3083 '
415 3065 684 3119 adversus
724 3066 929 3118 Turcas
974 3065 1262 3133 meminit,
1310 3065 1458 3118 inter
1499 3065 1845 3118 certissimos
1879 3064 2145 3135 Cypriani
2178 3065 2342 3118 foetus
2372 3064 2597 3118 ascribit
2620 3081 2636 3133 ;
2659 3063 2867 3117 librum
2913 3063 3037 3116 dico
3066 3063 3132 3117 de
3163 3064 3381 3132 Duplici
3415 3064 3683 3132 Martyrio
3709 3062 3784 3116 ad

417 3156 777 3208 Fortunatum
804 3171 818 3218 ;
851 3169 963 3223 quo
991 3154 1220 3206 invento
1261 3152 1411 3206 visus
1451 3157 1534 3206 est
1561 3153 1690 3218 sibi,
1721 3154 1766 3206 si
1797 3153 1848 3206 ei
1881 3153 2185 3219 credimus,
2224 3169 2494 3223 magnum
2519 3152 2823 3224 quemdam
2851 3153 3183 3206 thesaurum
3211 3151 3490 3204 invenisse
3517 3168 3529 3205 :
3561 3172 3589 3201 ‹‹
3629 3153 3783 3205 Hunc

418 3242 474 3294 in
507 3242 903 3306 vetustissima,
936 3259 962 3290 ι)
1001 3241 1204 3310 inquit,
1239 3262 1266 3288 «
1307 3241 1645 3294 bibliotheca
1674 3247 1959 3310 repertum
2002 3242 2349 3311 adjecimus;
2383 3242 2604 3296 utinam
2635 3249 2690 3296 et
2717 3242 2879 3296 liceat
2919 3247 3126 3294 caetera
3157 3240 3324 3310 hujus
3353 3239 3455 3292 viri
3494 3239 3786 3294 salutifera

419 3333 625 3401 scripta
655 3329 1076 3401 pervestigarel
1124 3349 1150 3380 »
1183 3329 1286 3384 Sed
1317 3329 1487 3399 hujus
1516 3329 1645 3382 libri
1671 3329 1949 3382 artificem
1979 3346 2104 3384 esse
2133 3332 2449 3398 Erasmum,
2489 3348 2553 3384 ac
2583 3330 2802 3401 ingenii
2830 3329 2916 3382 sui
2954 3346 3095 3399 opus
3122 3329 3404 3399 Cypriane
3461 3327 3782 3383 subdidisse

420 3418 748 3488 pronuntiat.
781 3418 1053 3472 Henricus
1081 3417 1332 3483 Gravius,
1383 3417 1472 3471 cui
1511 3417 1731 3472 videtur
1769 3419 1872 3472 hac
1912 3419 1969 3471 in
2012 3435 2071 3473 re
2101 3419 2382 3472 Pamelius
2419 3419 2701 3473 assentiri.
2742 3419 2908 3474 Certe
2943 3418 3216 3472 hactenus
3261 3434 3366 3471 nec
3419 3416 3783 3484 bibliotheca,

425 3523 488 3560 ex
521 3523 634 3576 qua
659 3507 811 3560 hunc
843 3505 1046 3559 librum
1083 3505 1229 3558 eruit
1261 3506 1547 3569 Erasmus,
1577 3506 1803 3576 cognita
1830 3507 2094 3576 cuiquam
2123 3506 2231 3560 fuit
2256 3523 2268 3571 ;
2304 3524 2404 3561 nec
2429 3508 2600 3561 codex
2628 3524 2742 3578 quo
2770 3524 2827 3561 se
2846 3523 3014 3561 usum
3044 3522 3165 3560 esse
3193 3505 3421 3572 indicat,
3450 3505 3784 3576 cujusquam

422 3595 482 3648 in
523 3611 726 3648 manus
767 3595 1035 3664 pervenit.
1078 3596 1144 3649 Et
1187 3610 1274 3647 res
1317 3597 1374 3647 et
1425 3594 1596 3648 verba
1638 3595 1845 3665 stylum
1890 3595 2109 3649 Erasmi
2153 3596 2443 3663 redolent;
2489 3602 2581 3663 et,
2624 3597 2777 3666 quod
2816 3595 3200 3668 suspicionem
3249 3599 3458 3663 auget,
3502 3593 3783 3648 nonnulla

421 3684 726 3754 Scripturaa
754 3682 1100 3750 testimonia,
1142 3685 1203 3736 ut
1230 3683 1487 3736 observat
1517 3685 1820 3752 Pamelius,
1851 3683 1925 3737 ita
1962 3701 2195 3755 prorsus
2222 3684 2281 3738 in
2310 3685 2417 3739 hoc
2444 3685 2607 3753 libro,
2657 3689 2718 3738 ut
2744 3685 2800 3738 in
2843 3685 2967 3738 aliis
3002 3682 3214 3738 Erasmi
3261 3682 3780 3737 elucubrationibus

424 3774 764 3828 redduntur.
821 3774 946 3826 Haec
986 3771 1158 3826 editio
1203 3788 1353 3842 saepe
1402 3773 1646 3842 repetita
1675 3773 1846 3826 variis
1891 3774 1947 3826 in
1989 3773 2148 3839 locis,
2181 3780 2239 3827 ut
2279 3774 2503 3828 Basileae
2541 3775 2687 3843 apud
2726 3773 2996 3828 eumdem
3044 3772 3388 3827 Frobenium
3418 3787 3571 3826 anno
3623 3773 3777 3838 1525,

424 3864 579 3928 1558,
614 3862 733 3923 fol.,
769 3861 925 3915 addit
955 3860 1236 3914 Fabricius
1268 3862 1422 3930 1540,
1456 3862 1576 3927 fol.,
1608 3863 1672 3915 ut
1700 3862 1945 3916 Coloniae
1981 3866 2136 3929 1525,
2176 3864 2344 3930 15-14;
2387 3867 2446 3916 ut
2483 3863 2744 3933 Lugduni
2775 3863 2930 3928 1528,
2973 3863 3128 3928 1537,
3164 3861 3318 3928 1544,
3354 3861 3508 3928 1554,
3555 3859 3805 3915 Parisiis

419 3952 572 4005 1541.
607 3951 717 4006 Sed
749 3951 818 4004 de
858 3950 944 4003 his
983 3950 1145 4004 rebus
1171 3956 1289 4005 tam
1323 3968 1520 4020 parum
1564 3951 1827 4006 convenit
1861 3951 2010 4006 inter
2037 3967 2134 4005 eos
2162 3951 2260 4021 qui
2305 3951 2604 4022 scriptores
2646 3950 3050 4006 ecclesiasticos
3090 3965 3446 4017 recensuere,
3475 3954 3573 4003 aut
3601 3948 3772 4002 libro-

420 4058 544 4095 rum
590 4046 823 4094 texuere
861 4041 1162 4109 catalogos,
1203 4041 1345 4093 nihil
1393 4044 1453 4094 ut
1487 4047 1642 4096 certo
1689 4044 1931 4096 statuere
1963 4042 2158 4112 possit,
2201 4041 2308 4095 nisi
2356 4041 2452 4112 qui
2494 4041 2595 4094 has
2635 4057 2832 4094 omnes
2872 4039 3154 4094 editiones
3206 4039 3380 4092 oculis
3409 4037 3524 4091 suis
3550 4036 3774 4105 viderit,

421 4128 576 4198 quod
605 4129 742 4181 mihi
789 4129 969 4181 fateor
997 4144 1096 4182 usu
1129 4145 1242 4181 non
1276 4130 1509 4183 venisse.
1553 4131 1704 4183 Inter
1733 4130 1832 4183 has
1873 4135 2065 4184 autem
2107 4130 2387 4184 editiones
2416 4129 2660 4200 insignis
2701 4129 2794 4182 illa
2823 4134 2908 4183 est
2937 4144 3002 4182 ac
3046 4127 3330 4199 praecipue
3375 4126 3775 4194 memoranda,

417 4232 590 4287 quam
651 4215 922 4269 llenricus
978 4216 1208 4270 Gravius
1254 4217 1608 4271 doctissimus
1651 4218 2057 4272 Dominicanus
2106 4235 2256 4272 anno
2310 4220 2444 4272 1544
2489 4220 2738 4274 Coloniae
2795 4218 2998 4273 dicitur
3044 4234 3376 4287 accurasse;
3434 4217 3528 4272 sed
3580 4220 3776 4271 monet

423 4304 678 4358 Baluzius
718 4306 773 4356 in
805 4305 954 4357 notis
982 4311 1056 4374 (p.
1088 4308 1209 4374 281)
1242 4306 1384 4359 hanc
1411 4307 1722 4361 editionem
1761 4323 1872 4360 non
1903 4306 1972 4359 ab
2006 4307 2127 4376 ipso
2156 4307 2352 4362 Gravio
2394 4309 2728 4362 adornatam
2759 4307 2929 4362 fuisse
2965 4349 2978 4375 ,
3011 4307 3112 4362 sed
3141 4306 3211 4360 ab
3241 4306 3371 4373 alio,
3401 4305 3500 4376 qui
3531 4322 3661 4358 usus
3692 4306 3778 4358 est

419 4393 668 4464 quodam
701 4393 1011 4464 exemplari
1039 4394 1213 4460 edito,
1244 4396 1424 4449 Gravii
1453 4396 1659 4465 partim
1687 4396 2058 4465 conjecturas,
2089 4399 2298 4467 partim
2329 4413 2391 4449 ex
2421 4397 2614 4451 codice
2644 4414 2775 4451 mss.
2810 4396 2990 4450 varias
3018 4396 3287 4450 lectiones
3335 4395 3404 4449 ad
3451 4394 3770 4465 marginem

419 4483 766 4538 continente.
793 4483 1070 4535 Hccenset
1096 4482 1380 4537 Fabricius
1401 4483 1683 4538 editiones
1707 4485 1971 4556 Cypriani
1991 4502 2227 4556 operum
2253 4486 2498 4542 Colonia:
2519 4503 2669 4542 anno
2704 4489 2858 4553 1520,
2885 4485 3036 4557 apud
3066 4485 3372 4540 Henricum
3399 4482 3730 4554 Alopecium
3757 4499 3770 4548 ;

416 4572 665 4625 Venetiis
712 4587 860 4625 anno
908 4572 1060 4636 1547,
1106 4572 1432 4642 Αηὶυετρίω
1475 4589 1626 4628 anno
1681 4575 1804 4628 1541
1845 4591 1857 4628 :
1903 4574 2029 4627 addi

2163 4576 2431 4645 potuisset
2483 4579 2634 4643 1542,
2676 4577 2826 4647 apud
2871 4579 3146 4631 Joannem
3178 4574 3481 4630 Crinitum.
3545 4573 3776 4627 Thema:

413 4662 644 4717 Jamesii
681 4661 1024 4732 Cyprianum
1063 4661 1380 4716 redivivum
1420 4663 1677 4731 Londini,
1715 4666 1870 4730 1600,
1914 4669 2176 4718 numerat
2201 4662 2354 4718 idem
2397 4665 2697 4733 Fabricius,
2745 4665 2842 4736 qui
2886 4670 2942 4719 et
2970 4665 3038 4718 de
3075 4664 3161 4717 his
3199 4662 3370 4717 rebus
3409 4665 3468 4716 et
3519 4661 3588 4716 de
3634 4660 3701 4715 iis
3745 4675 3776 4713 a

416 4751 620 4823 quibus
661 4751 974 4822 Cyprianus
1003 4751 1314 4806 vernaculis
1359 4751 1569 4822 linguis
1616 4753 1942 4819 illustratus,
1969 4758 2066 4806 aut
2095 4755 2371 4808 nonnulla.
2401 4754 2547 4809 illius
2591 4771 2771 4826 opera
2812 4753 3113 4824 separatim
3155 4752 3310 4806 edita
3353 4754 3507 4819 sunt,
3551 4748 3774 4805 consuli

416 4845 620 4913 potest.

491 4958 773 5029 Quidquid
807 4975 869 5012 ex
899 4957 1168 5028 Cypriani
1198 4958 1460 5028 operibus
1499 4959 1685 5015 adhuc
1723 4961 1782 5015 in
1810 4960 2166 5017 bibliothecis
2193 4961 2419 5029 latebat,
2466 4961 2526 5015 id
2567 4961 2769 5018 Paulus
2812 4961 3094 5017 Manutius
3141 4962 3199 5013 et
3226 4958 3559 5013 Guillelmus
3587 4957 3773 5013 More-

417 5048 527 5102 ]ius
565 5053 683 5101 tam
723 5054 980 5100 accurate
1020 5046 1396 5117 collegerunt,
1440 5055 1500 5103 ut
1530 5049 1671 5104 nihil
1702 5055 1824 5120 post
1852 5067 1946 5104 eos
1987 5053 2279 5122 repertum
2311 5051 2484 5105 fuerit
2514 5051 2667 5123 quod
2711 5050 2994 5123 Cypriane
3037 5054 3229 5122 posset
3283 5047 3569 5102 adscribi:
3617 5047 3777 5103 Pauli

416 5136 649 5191 Manutii
679 5151 852 5206 Opera
880 5135 1066 5188 lucem
1101 5135 1367 5190 viderunt
1395 5136 1537 5190 liber
1563 5139 1628 5192 de
1649 5141 1978 5208 Spectaculis
2009 5146 2066 5195 et
2093 5143 2349 5211 Epistolas
2375 5141 2433 5195 in
2461 5141 2663 5196 ordine
2691 5140 2950 5208 Pamelii,
2984 5143 3035 5206 5,
3072 5142 3155 5208 17,
3189 5140 3276 5206 19,
3302 5139 3392 5205 23,
3424 5139 3516 5203 26,
3543 5139 3633 5203 27,
3683 5138 3775 5203 29,

420 5227 506 5291 30,
538 5225 625 5289 38,
664 5227 751 5290 39,
787 5226 873 5291 60,
915 5225 1002 5289 78,
1042 5225 1130 5289 80,
1169 5226 1256 5286 82,
1286 5228 1372 5280 83.
1415 5226 1666 5281 Adhibiti
1707 5235 1838 5284 sunt
1870 5229 2092 5284 codices
2122 5229 2488 5286 vetustissimi
2524 5230 2597 5284 ad
2625 5231 2767 5284 hanc
2806 5228 3140 5294 editionem,
3170 5243 3298 5298 quas
3335 5227 3531 5281 Romae
3569 5223 3780 5295 prodiit.

423 5313 571 5382 apud
601 5313 838 5366 Paulum
872 5311 1187 5366 Manutium
1219 5329 1370 5367 anno
1403 5318 1556 5371 1563.
1588 5317 1918 5390 Nuncupata
1955 5324 2038 5374 est
2064 5322 2117 5376 S.
2152 5319 2356 5375 Carolo
2384 5322 2690 5376 Borromeo
2717 5317 2835 5390 qui,
2877 5321 2940 5372 ut
2965 5317 3177 5373 ibidem
3211 5320 3449 5372 testatur
3475 5313 3776 5382 Manutius,

421 5404 572 5455 totus
615 5399 671 5453 in
724 5416 850 5453 eam
895 5416 1093 5454 curam
1143 5401 1495 5471 incubuerat,
1544 5426 1571 5453 ‹‹
1617 5411 1680 5459 ut
1730 5408 1921 5462 omnia
1967 5409 2230 5479 Cypriani
2267 5408 2494 5480 scripta,
2541 5408 2762 5464 mendis
2807 5411 2980 5462 antea
3027 5407 3370 5476 deformata,
3416 5405 3476 5460 in
3523 5406 3777 5460 veterem

419 5489 577 5542 illam
623 5490 1010 5559 integritatem
1050 5505 1113 5542 ac
1156 5491 1419 5560 speciem,
1467 5495 1736 5548 accersito
1777 5497 1946 5551 etiam
1999 5499 2213 5552 Verona
2243 5499 2392 5553 Mira:
2432 5497 2726 5553 vetustatis
2780 5497 3119 5569 exemplari,
3168 5501 3434 5552 accurata
3479 5495 3775 5552 doctorum

414 5580 672 5639 lviiorum
717 5579 994 5632 industria
1037 5580 1487 5636 restituerentur.
1536 5604 1561 5631 »
1603 5585 1907 5639 Transtulit
1938 5586 2194 5641 Morelius
2236 5586 2294 5641 in
2337 5603 2499 5642 suam
2531 5587 2842 5642 editionem
2869 5603 3220 5660 quascunque
3273 5586 3478 5641 Paulus
3503 5585 3780 5640 Manutius

421 5684 452 5721 e
496 5667 744 5722 tenebris
781 5672 1040 5733 eruerat;
1083 5667 1283 5740 hisque
1315 5669 1533 5725 addidit
1569 5674 1832 5742 epistolas
1865 5674 2175 5729 Firmiliani
2217 5677 2286 5731 ad
2315 5678 2686 5748 Cyprianum,
2720 5678 2967 5733 Celerini
3005 5678 3071 5731 ad
3116 5676 3432 5732 Lucianum
3463 5679 3520 5730 et
3549 5673 3779 5730 Luciani

417 5755 864 5832 responsionem,
898 5758 1196 5832 epistolam
1241 5759 1382 5814 Celsi
1407 5760 1479 5814 ad
1511 5761 1800 5834 Vigilium,
1843 5764 2014 5819 libros
2050 5765 2116 5820 de
2155 5767 2499 5823 Aleatoribus
2531 5767 2787 5824 adversus
2819 5768 3032 5824 Judzos
3053 5769 3150 5838 qui
3178 5769 3409 5822 insecuti
3436 5771 3563 5821 sunt
3595 5767 3775 5832 Chris-

3681 5996 3802 6066 κί’
3839 6025 3932 6091 ς.
