  <div class='ocr_page' id='page_1' title='image "/cluster/home/n/w/nwhite01/storage/ocr_20150623/4/hvd.32044073549446/012.png"; bbox 0 0 4084 6208; ppageno 0'>
   <div class='ocr_carea' id='block_1_1' title="bbox 282 261 3631 324">
    <p class='ocr_par' dir='ltr' id='par_1_1' title="bbox 282 261 3631 324">
     <span class='ocr_line' id='line_1_1' title="bbox 282 261 3631 324; baseline 0.003 -10"><span class='ocrx_word' id='word_1_1' title='bbox 282 263 302 314; x_wconf 99' lang='grc'>1</span> <span class='ocrx_word' id='word_1_2' title='bbox 316 261 345 315; x_wconf 88' lang='lat'><strong><em>3</em></strong></span> <span class='ocrx_word' id='word_1_3' title='bbox 1777 262 2130 319; x_wconf 64' lang='lat' dir='ltr'>PREFATIO</span> <span class='ocrx_word' id='word_1_4' title='bbox 2140 304 2153 317; x_wconf 91' lang='lat'>.</span> <span class='ocrx_word' id='word_1_5' title='bbox 3569 273 3585 324; x_wconf 92' lang='lat'>1</span> <span class='ocrx_word' id='word_1_6' title='bbox 3601 268 3631 323; x_wconf 81' lang='grc'>4</span> 
     </span>
    </p>
   </div>
   <div class='ocr_carea' id='block_1_2' title="bbox 267 383 3631 460">
    <p class='ocr_par' dir='ltr' id='par_1_2' title="bbox 267 383 3631 460">
     <span class='ocr_line' id='line_1_2' title="bbox 267 383 3631 460; baseline 0.004 -26"><span class='ocrx_word' id='word_1_7' title='bbox 267 387 407 447; x_wconf 78' lang='lat' dir='ltr'>tum.</span> <span class='ocrx_word' id='word_1_8' title='bbox 447 383 515 437; x_wconf 83' lang='lat' dir='ltr'>de</span> <span class='ocrx_word' id='word_1_9' title='bbox 558 383 835 438; x_wconf 75' lang='lat' dir='ltr'>duodecim</span> <span class='ocrx_word' id='word_1_10' title='bbox 875 384 1239 440; x_wconf 76' lang='lat' dir='ltr'>Abusiom&#39;bus</span> <span class='ocrx_word' id='word_1_11' title='bbox 1280 387 1483 450; x_wconf 66' lang='lat' dir='ltr'>swculi,</span> <span class='ocrx_word' id='word_1_12' title='bbox 1529 385 1747 440; x_wconf 68' lang='lat' dir='ltr'>Coenam</span> <span class='ocrx_word' id='word_1_13' title='bbox 1791 386 2073 456; x_wconf 78' lang='lat' dir='ltr'>Cypriani,</span> <span class='ocrx_word' id='word_1_14' title='bbox 2119 390 2176 439; x_wconf 88' lang='lat' dir='ltr'>et</span> <span class='ocrx_word' id='word_1_15' title='bbox 2218 386 2470 439; x_wconf 80' lang='lat' dir='ltr'>carmina</span> <span class='ocrx_word' id='word_1_16' title='bbox 2520 387 2572 440; x_wconf 92' lang='lat' dir='ltr'>S.</span> <span class='ocrx_word' id='word_1_17' title='bbox 2622 387 2845 459; x_wconf 83' lang='lat' dir='ltr'>Martyri</span> <span class='ocrx_word' id='word_1_18' title='bbox 2895 389 3161 460; x_wconf 83' lang='lat' dir='ltr'>ascripta.</span> <span class='ocrx_word' id='word_1_19' title='bbox 3195 390 3415 445; x_wconf 89' lang='lat' dir='ltr'>Prodiit</span> <span class='ocrx_word' id='word_1_20' title='bbox 3458 392 3631 448; x_wconf 86' lang='lat' dir='ltr'>editio</span> 
     </span>
    </p>
   </div>
   <div class='ocr_carea' id='block_1_3' title="bbox 268 472 3621 550">
    <p class='ocr_par' dir='ltr' id='par_1_3' title="bbox 268 472 3621 550">
     <span class='ocr_line' id='line_1_3' title="bbox 268 472 3621 550; baseline 0.003 -26"><span class='ocrx_word' id='word_1_21' title='bbox 268 488 426 525; x_wconf 89' lang='lat' dir='ltr'>anno</span> <span class='ocrx_word' id='word_1_22' title='bbox 463 475 633 539; x_wconf 62' lang='lat'>1564;</span> <span class='ocrx_word' id='word_1_23' title='bbox 668 472 789 540; x_wconf 86' lang='lat' dir='ltr'>sed,</span> <span class='ocrx_word' id='word_1_24' title='bbox 822 479 1127 544; x_wconf 80' lang='lat' dir='ltr'>antequam</span> <span class='ocrx_word' id='word_1_25' title='bbox 1166 474 1423 528; x_wconf 88' lang='lat' dir='ltr'>absoluta</span> <span class='ocrx_word' id='word_1_26' title='bbox 1450 480 1613 539; x_wconf 80' lang='lat' dir='ltr'>esset,</span> <span class='ocrx_word' id='word_1_27' title='bbox 1646 474 1986 527; x_wconf 79' lang='lat' dir='ltr'>immortuus</span> <span class='ocrx_word' id='word_1_28' title='bbox 2028 480 2113 528; x_wconf 87' lang='lat' dir='ltr'>est</span> <span class='ocrx_word' id='word_1_29' title='bbox 2138 474 2267 527; x_wconf 89' lang='lat' dir='ltr'>huic</span> <span class='ocrx_word' id='word_1_30' title='bbox 2300 474 2472 528; x_wconf 81' lang='lat' dir='ltr'>labori</span> <span class='ocrx_word' id='word_1_31' title='bbox 2501 475 2859 530; x_wconf 86' lang='lat' dir='ltr'>doctissimus</span> <span class='ocrx_word' id='word_1_32' title='bbox 2888 477 3175 550; x_wconf 76' lang='grc'><strong>13-14</strong></span> <span class='ocrx_word' id='word_1_33' title='bbox 3207 481 3621 550; x_wconf 87' lang='lat' dir='ltr'>typographus,</span> 
     </span>
    </p>
   </div>
   <div class='ocr_carea' id='block_1_4' title="bbox 269 560 3631 637">
    <p class='ocr_par' dir='ltr' id='par_1_4' title="bbox 269 560 3631 637">
     <span class='ocr_line' id='line_1_4' title="bbox 269 560 3631 637; baseline 0.003 -23"><span class='ocrx_word' id='word_1_34' title='bbox 269 560 339 614; x_wconf 89' lang='lat' dir='ltr'>de</span> <span class='ocrx_word' id='word_1_35' title='bbox 390 578 451 615; x_wconf 89' lang='lat' dir='ltr'>re</span> <span class='ocrx_word' id='word_1_36' title='bbox 485 562 864 617; x_wconf 81' lang='lat' dir='ltr'>ecclesiastica</span> <span class='ocrx_word' id='word_1_37' title='bbox 905 570 959 616; x_wconf 91' lang='lat' dir='ltr'>et</span> <span class='ocrx_word' id='word_1_38' title='bbox 991 564 1261 618; x_wconf 88' lang='lat' dir='ltr'>litteraria</span> <span class='ocrx_word' id='word_1_39' title='bbox 1302 563 1517 633; x_wconf 89' lang='lat' dir='ltr'>optime</span> <span class='ocrx_word' id='word_1_40' title='bbox 1552 565 1810 617; x_wconf 88' lang='lat' dir='ltr'>meritus.</span> <span class='ocrx_word' id='word_1_41' title='bbox 1841 564 2320 634; x_wconf 79' lang='lat' dir='ltr'>Nuncupatoriam</span> <span class='ocrx_word' id='word_1_42' title='bbox 2368 564 2667 634; x_wconf 81' lang='lat' dir='ltr'>epistolam</span> <span class='ocrx_word' id='word_1_43' title='bbox 2695 566 2891 621; x_wconf 80' lang='lat' dir='ltr'>Carolo</span> <span class='ocrx_word' id='word_1_44' title='bbox 2922 568 2979 619; x_wconf 80' lang='lat' dir='ltr'>IX</span> <span class='ocrx_word' id='word_1_45' title='bbox 3026 568 3309 637; x_wconf 78' lang='lat' dir='ltr'>inscripsit</span> <span class='ocrx_word' id='word_1_46' title='bbox 3352 570 3631 624; x_wconf 80' lang='lat' dir='ltr'>Adrianus</span> 
     </span>
    </p>
   </div>
   <div class='ocr_carea' id='block_1_5' title="bbox 264 652 3628 728">
    <p class='ocr_par' dir='ltr' id='par_1_5' title="bbox 264 652 3628 728">
     <span class='ocr_line' id='line_1_5' title="bbox 264 652 3628 728; baseline 0.003 -25"><span class='ocrx_word' id='word_1_47' title='bbox 264 652 581 705; x_wconf 78' lang='lat' dir='ltr'>Turnebus.</span> <span class='ocrx_word' id='word_1_48' title='bbox 612 652 673 705; x_wconf 91' lang='lat' dir='ltr'>In</span> <span class='ocrx_word' id='word_1_49' title='bbox 714 669 778 706; x_wconf 89' lang='lat' dir='ltr'>ea</span> <span class='ocrx_word' id='word_1_50' title='bbox 818 669 1013 724; x_wconf 83' lang='lat' dir='ltr'>regem</span> <span class='ocrx_word' id='word_1_51' title='bbox 1058 654 1605 708; x_wconf 88' lang='lat' dir='ltr'>Christianissimum</span> <span class='ocrx_word' id='word_1_52' title='bbox 1653 657 1917 723; x_wconf 82' lang='lat' dir='ltr'>precatur</span> <span class='ocrx_word' id='word_1_53' title='bbox 1944 656 2006 707; x_wconf 90' lang='lat' dir='ltr'>ut</span> <span class='ocrx_word' id='word_1_54' title='bbox 2046 653 2254 708; x_wconf 84' lang='lat' dir='ltr'>liberos</span> <span class='ocrx_word' id='word_1_55' title='bbox 2290 659 2344 706; x_wconf 87' lang='lat' dir='ltr'>et</span> <span class='ocrx_word' id='word_1_56' title='bbox 2387 669 2625 707; x_wconf 85' lang='lat' dir='ltr'>uxorem</span> <span class='ocrx_word' id='word_1_57' title='bbox 2672 653 2903 715; x_wconf 83' lang='lat' dir='ltr'>Morelii,</span> <span class='ocrx_word' id='word_1_58' title='bbox 2931 672 3071 724; x_wconf 90' lang='lat' dir='ltr'>quos</span> <span class='ocrx_word' id='word_1_59' title='bbox 3113 657 3205 709; x_wconf 90' lang='lat' dir='ltr'>ille</span> <span class='ocrx_word' id='word_1_60' title='bbox 3246 657 3446 728; x_wconf 85' lang='lat' dir='ltr'>inopes</span> <span class='ocrx_word' id='word_1_61' title='bbox 3495 660 3628 714; x_wconf 91' lang='lat' dir='ltr'>reli-</span> 
     </span>
    </p>
   </div>
   <div class='ocr_carea' id='block_1_6' title="bbox 263 742 3629 817">
    <p class='ocr_par' dir='ltr' id='par_1_6' title="bbox 263 742 3629 817">
     <span class='ocr_line' id='line_1_6' title="bbox 263 742 3629 817; baseline 0.002 -22"><span class='ocrx_word' id='word_1_62' title='bbox 263 747 485 812; x_wconf 87' lang='lat' dir='ltr'>querat,</span> <span class='ocrx_word' id='word_1_63' title='bbox 525 744 896 799; x_wconf 83' lang='lat' dir='ltr'>beneﬁcentia</span> <span class='ocrx_word' id='word_1_64' title='bbox 946 762 1046 799; x_wconf 90' lang='lat' dir='ltr'>sua</span> <span class='ocrx_word' id='word_1_65' title='bbox 1084 745 1265 815; x_wconf 83' lang='lat' dir='ltr'>juvat,</span> <span class='ocrx_word' id='word_1_66' title='bbox 1307 746 1635 817; x_wconf 83' lang='lat' dir='ltr'>aliquidque</span> <span class='ocrx_word' id='word_1_67' title='bbox 1673 746 1987 816; x_wconf 89' lang='lat' dir='ltr'>elargiatur</span> <span class='ocrx_word' id='word_1_68' title='bbox 2022 746 2091 799; x_wconf 89' lang='lat' dir='ltr'>ad</span> <span class='ocrx_word' id='word_1_69' title='bbox 2131 763 2207 799; x_wconf 84' lang='lat' dir='ltr'>aes</span> <span class='ocrx_word' id='word_1_70' title='bbox 2244 744 2518 811; x_wconf 88' lang='lat' dir='ltr'>alienum,</span> <span class='ocrx_word' id='word_1_71' title='bbox 2570 743 2754 797; x_wconf 87' lang='lat' dir='ltr'>studio</span> <span class='ocrx_word' id='word_1_72' title='bbox 2793 742 2861 798; x_wconf 92' lang='lat' dir='ltr'>de</span> <span class='ocrx_word' id='word_1_73' title='bbox 2899 745 3189 814; x_wconf 84' lang='lat' dir='ltr'>republica</span> <span class='ocrx_word' id='word_1_74' title='bbox 3223 746 3629 805; x_wconf 90' lang='lat' dir='ltr'>benemerendi</span> 
     </span>
    </p>
   </div>
   <div class='ocr_carea' id='block_1_7' title="bbox 267 832 3629 908">
    <p class='ocr_par' dir='ltr' id='par_1_7' title="bbox 267 832 3629 908">
     <span class='ocr_line' id='line_1_7' title="bbox 267 832 3629 908; baseline 0.003 -24"><span class='ocrx_word' id='word_1_75' title='bbox 267 837 653 899; x_wconf 87' lang='lat' dir='ltr'>contractum,</span> <span class='ocrx_word' id='word_1_76' title='bbox 695 833 972 888; x_wconf 87' lang='lat' dir='ltr'>luendum</span> <span class='ocrx_word' id='word_1_77' title='bbox 1015 836 1185 904; x_wconf 89' lang='lat' dir='ltr'>atque</span> <span class='ocrx_word' id='word_1_78' title='bbox 1233 834 1681 903; x_wconf 88' lang='lat' dir='ltr'>dissolvendum,</span> <span class='ocrx_word' id='word_1_79' title='bbox 1730 851 1795 888; x_wconf 91' lang='lat' dir='ltr'>ac</span> <span class='ocrx_word' id='word_1_80' title='bbox 1843 851 2032 888; x_wconf 89' lang='lat' dir='ltr'>annua</span> <span class='ocrx_word' id='word_1_81' title='bbox 2074 835 2305 889; x_wconf 83' lang='lat' dir='ltr'>Morelio</span> <span class='ocrx_word' id='word_1_82' title='bbox 2347 832 2417 885; x_wconf 88' lang='lat' dir='ltr'>ab</span> <span class='ocrx_word' id='word_1_83' title='bbox 2464 832 2699 886; x_wconf 83' lang='lat' dir='ltr'>Henrico</span> <span class='ocrx_word' id='word_1_84' title='bbox 2740 849 2871 903; x_wconf 86' lang='lat' dir='ltr'>rege</span> <span class='ocrx_word' id='word_1_85' title='bbox 2917 834 3239 900; x_wconf 88' lang='lat' dir='ltr'>constituta,</span> <span class='ocrx_word' id='word_1_86' title='bbox 3282 837 3377 891; x_wconf 91' lang='lat' dir='ltr'>sed</span> <span class='ocrx_word' id='word_1_87' title='bbox 3423 838 3629 908; x_wconf 87' lang='lat' dir='ltr'>quibus</span> 
     </span>
    </p>
   </div>
   <div class='ocr_carea' id='block_1_8' title="bbox 264 920 3626 999">
    <p class='ocr_par' dir='ltr' id='par_1_8' title="bbox 264 920 3626 999">
     <span class='ocr_line' id='line_1_8' title="bbox 264 920 3626 999; baseline 0.004 -26"><span class='ocrx_word' id='word_1_88' title='bbox 264 920 485 989; x_wconf 79' lang='lat' dir='ltr'>perfrui</span> <span class='ocrx_word' id='word_1_89' title='bbox 533 926 859 991; x_wconf 79' lang='lat' dir='ltr'>temporum</span> <span class='ocrx_word' id='word_1_90' title='bbox 905 923 1175 994; x_wconf 87' lang='lat' dir='ltr'>iniquitas</span> <span class='ocrx_word' id='word_1_91' title='bbox 1209 941 1274 978; x_wconf 89' lang='lat' dir='ltr'>ac</span> <span class='ocrx_word' id='word_1_92' title='bbox 1314 924 1501 978; x_wconf 68' lang='lat' dir='ltr'>aerarii</span> <span class='ocrx_word' id='word_1_93' title='bbox 1533 924 1811 994; x_wconf 70' lang='lat' dir='ltr'>angustiae</span> <span class='ocrx_word' id='word_1_94' title='bbox 1849 939 1966 977; x_wconf 93' lang='lat' dir='ltr'>non</span> <span class='ocrx_word' id='word_1_95' title='bbox 2002 925 2401 994; x_wconf 89' lang='lat' dir='ltr'>permiserant,</span> <span class='ocrx_word' id='word_1_96' title='bbox 2443 923 2752 977; x_wconf 83' lang='lat' dir='ltr'>liberaliter</span> <span class='ocrx_word' id='word_1_97' title='bbox 2793 922 3015 978; x_wconf 86' lang='lat' dir='ltr'>restitui</span> <span class='ocrx_word' id='word_1_98' title='bbox 3048 924 3248 992; x_wconf 85' lang='lat' dir='ltr'>jubeat</span> <span class='ocrx_word' id='word_1_99' title='bbox 3286 932 3453 995; x_wconf 84' lang='lat' dir='ltr'>atque</span> <span class='ocrx_word' id='word_1_100' title='bbox 3496 946 3626 999; x_wconf 88' lang='lat' dir='ltr'>per-</span> 
     </span>
    </p>
   </div>
   <div class='ocr_carea' id='block_1_9' title="bbox 265 1008 424 1062">
    <p class='ocr_par' dir='ltr' id='par_1_9' title="bbox 265 1008 424 1062">
     <span class='ocr_line' id='line_1_9' title="bbox 265 1008 424 1062; baseline 0.006 -1"><span class='ocrx_word' id='word_1_101' title='bbox 265 1008 424 1062; x_wconf 86' lang='lat' dir='ltr'>solvi.</span> 
     </span>
    </p>
   </div>
   <div class='ocr_carea' id='block_1_10' title="bbox 332 1118 3630 1195">
    <p class='ocr_par' dir='ltr' id='par_1_10' title="bbox 332 1118 3630 1195">
     <span class='ocr_line' id='line_1_10' title="bbox 332 1118 3630 1195; baseline 0.002 -22"><span class='ocrx_word' id='word_1_102' title='bbox 332 1118 691 1189; x_wconf 84' lang='lat' dir='ltr'>Cyprianum</span> <span class='ocrx_word' id='word_1_103' title='bbox 732 1137 843 1175; x_wconf 90' lang='lat' dir='ltr'>non</span> <span class='ocrx_word' id='word_1_104' title='bbox 886 1122 1042 1176; x_wconf 84' lang='lat' dir='ltr'>auxit</span> <span class='ocrx_word' id='word_1_105' title='bbox 1075 1123 1378 1191; x_wconf 88' lang='lat' dir='ltr'>Pamelius,</span> <span class='ocrx_word' id='word_1_106' title='bbox 1407 1125 1502 1179; x_wconf 90' lang='lat' dir='ltr'>sed</span> <span class='ocrx_word' id='word_1_107' title='bbox 1540 1124 1795 1195; x_wconf 87' lang='lat' dir='ltr'>pluribus</span> <span class='ocrx_word' id='word_1_108' title='bbox 1836 1123 1974 1179; x_wconf 89' lang='lat' dir='ltr'>locis</span> <span class='ocrx_word' id='word_1_109' title='bbox 2003 1140 2111 1195; x_wconf 90' lang='lat' dir='ltr'>ope</span> <span class='ocrx_word' id='word_1_110' title='bbox 2150 1120 2409 1177; x_wconf 90' lang='lat' dir='ltr'>codicum</span> <span class='ocrx_word' id='word_1_111' title='bbox 2438 1137 2572 1175; x_wconf 90' lang='lat' dir='ltr'>mss.</span> <span class='ocrx_word' id='word_1_112' title='bbox 2603 1120 2949 1189; x_wconf 85' lang='lat' dir='ltr'>emendavit,</span> <span class='ocrx_word' id='word_1_113' title='bbox 2984 1137 3127 1175; x_wconf 91' lang='lat' dir='ltr'>novo</span> <span class='ocrx_word' id='word_1_114' title='bbox 3156 1122 3536 1191; x_wconf 86' lang='lat' dir='ltr'>Epistolarum</span> <span class='ocrx_word' id='word_1_115' title='bbox 3573 1133 3630 1181; x_wconf 92' lang='lat' dir='ltr'>et</span> 
     </span>
    </p>
   </div>
   <div class='ocr_carea' id='block_1_11' title="bbox 259 1207 3625 1285">
    <p class='ocr_par' dir='ltr' id='par_1_11' title="bbox 259 1207 3625 1285">
     <span class='ocr_line' id='line_1_11' title="bbox 259 1207 3625 1285; baseline 0.004 -27"><span class='ocrx_word' id='word_1_116' title='bbox 259 1207 511 1261; x_wconf 88' lang='lat' dir='ltr'>aliorum</span> <span class='ocrx_word' id='word_1_117' title='bbox 555 1224 793 1278; x_wconf 89' lang='lat' dir='ltr'>operum</span> <span class='ocrx_word' id='word_1_118' title='bbox 834 1211 1054 1277; x_wconf 88' lang='lat' dir='ltr'>ordine,</span> <span class='ocrx_word' id='word_1_119' title='bbox 1097 1211 1333 1266; x_wconf 85' lang='lat' dir='ltr'>eruditis</span> <span class='ocrx_word' id='word_1_120' title='bbox 1388 1214 1557 1282; x_wconf 89' lang='lat' dir='ltr'>notis,</span> <span class='ocrx_word' id='word_1_121' title='bbox 1598 1214 1713 1268; x_wconf 86' lang='lat' dir='ltr'>vita</span> <span class='ocrx_word' id='word_1_122' title='bbox 1757 1232 1824 1269; x_wconf 83' lang='lat' dir='ltr'>ex</span> <span class='ocrx_word' id='word_1_123' title='bbox 1867 1214 2044 1285; x_wconf 90' lang='lat' dir='ltr'>ipsius</span> <span class='ocrx_word' id='word_1_124' title='bbox 2088 1213 2359 1284; x_wconf 87' lang='lat' dir='ltr'>operibus</span> <span class='ocrx_word' id='word_1_125' title='bbox 2396 1212 2652 1277; x_wconf 87' lang='lat' dir='ltr'>collecta,</span> <span class='ocrx_word' id='word_1_126' title='bbox 2695 1211 2976 1266; x_wconf 90' lang='lat' dir='ltr'>indicibus</span> <span class='ocrx_word' id='word_1_127' title='bbox 3022 1212 3258 1282; x_wconf 89' lang='lat' dir='ltr'>copiosis</span> <span class='ocrx_word' id='word_1_128' title='bbox 3305 1214 3625 1271; x_wconf 84' lang='lat' dir='ltr'>illustravit.</span> 
     </span>
    </p>
   </div>
   <div class='ocr_carea' id='block_1_12' title="bbox 267 1298 3629 1373">
    <p class='ocr_par' dir='ltr' id='par_1_12' title="bbox 267 1298 3629 1373">
     <span class='ocr_line' id='line_1_12' title="bbox 267 1298 3629 1373; baseline 0.003 -24"><span class='ocrx_word' id='word_1_129' title='bbox 267 1300 599 1366; x_wconf 85' lang='lat' dir='ltr'>Antequam</span> <span class='ocrx_word' id='word_1_130' title='bbox 646 1298 879 1351; x_wconf 83' lang='lat' dir='ltr'>Manutii</span> <span class='ocrx_word' id='word_1_131' title='bbox 925 1303 985 1352; x_wconf 90' lang='lat' dir='ltr'>et</span> <span class='ocrx_word' id='word_1_132' title='bbox 1008 1299 1219 1354; x_wconf 77' lang='lat' dir='ltr'>Morelii</span> <span class='ocrx_word' id='word_1_133' title='bbox 1261 1300 1536 1355; x_wconf 89' lang='lat' dir='ltr'>editiones</span> <span class='ocrx_word' id='word_1_134' title='bbox 1574 1303 1891 1372; x_wconf 86' lang='lat' dir='ltr'>prodirent,</span> <span class='ocrx_word' id='word_1_135' title='bbox 1914 1303 2035 1373; x_wconf 86' lang='lat' dir='ltr'>jam</span> <span class='ocrx_word' id='word_1_136' title='bbox 2086 1301 2363 1356; x_wconf 89' lang='lat' dir='ltr'>Pamelius</span> <span class='ocrx_word' id='word_1_137' title='bbox 2391 1304 2665 1354; x_wconf 88' lang='lat' dir='ltr'>statuerat</span> <span class='ocrx_word' id='word_1_138' title='bbox 2705 1300 2855 1353; x_wconf 91' lang='lat' dir='ltr'>hunc</span> <span class='ocrx_word' id='word_1_139' title='bbox 2884 1300 3138 1354; x_wconf 87' lang='lat' dir='ltr'>laborem</span> <span class='ocrx_word' id='word_1_140' title='bbox 3177 1301 3499 1372; x_wconf 84' lang='lat' dir='ltr'>suscipere;</span> <span class='ocrx_word' id='word_1_141' title='bbox 3533 1306 3629 1359; x_wconf 91' lang='lat' dir='ltr'>sed</span> 
     </span>
    </p>
   </div>
   <div class='ocr_carea' id='block_1_13' title="bbox 261 1387 3624 1463">
    <p class='ocr_par' dir='ltr' id='par_1_13' title="bbox 261 1387 3624 1463">
     <span class='ocr_line' id='line_1_13' title="bbox 261 1387 3624 1463; baseline 0.002 -23"><span class='ocrx_word' id='word_1_142' title='bbox 261 1387 389 1456; x_wconf 87' lang='lat' dir='ltr'>ejus</span> <span class='ocrx_word' id='word_1_143' title='bbox 428 1387 733 1441; x_wconf 88' lang='lat' dir='ltr'>consilium</span> <span class='ocrx_word' id='word_1_144' title='bbox 779 1388 1224 1457; x_wconf 86' lang='lat' dir='ltr'>interpellarunt</span> <span class='ocrx_word' id='word_1_145' title='bbox 1256 1389 1440 1443; x_wconf 85' lang='lat' dir='ltr'>studia</span> <span class='ocrx_word' id='word_1_146' title='bbox 1469 1390 1797 1463; x_wconf 81' lang='lat' dir='ltr'>theologica</span> <span class='ocrx_word' id='word_1_147' title='bbox 1835 1408 1899 1446; x_wconf 89' lang='lat' dir='ltr'>ac</span> <span class='ocrx_word' id='word_1_148' title='bbox 1934 1391 2206 1462; x_wconf 85' lang='lat' dir='ltr'>profectio</span> <span class='ocrx_word' id='word_1_149' title='bbox 2233 1391 2291 1443; x_wconf 90' lang='lat' dir='ltr'>in</span> <span class='ocrx_word' id='word_1_150' title='bbox 2322 1389 2543 1443; x_wconf 88' lang='lat' dir='ltr'>Gallias.</span> <span class='ocrx_word' id='word_1_151' title='bbox 2579 1391 2647 1441; x_wconf 87' lang='lat' dir='ltr'>At</span> <span class='ocrx_word' id='word_1_152' title='bbox 2691 1387 2785 1441; x_wconf 92' lang='lat' dir='ltr'>ubi</span> <span class='ocrx_word' id='word_1_153' title='bbox 2818 1388 2956 1441; x_wconf 87' lang='lat' dir='ltr'>vidit</span> <span class='ocrx_word' id='word_1_154' title='bbox 2985 1388 3125 1442; x_wconf 90' lang='lat' dir='ltr'>duas</span> <span class='ocrx_word' id='word_1_155' title='bbox 3167 1390 3291 1443; x_wconf 91' lang='lat' dir='ltr'>illas</span> <span class='ocrx_word' id='word_1_156' title='bbox 3329 1391 3624 1462; x_wconf 86' lang='lat' dir='ltr'>editiones,</span> 
     </span>
    </p>
   </div>
   <div class='ocr_carea' id='block_1_14' title="bbox 262 1476 3630 1551">
    <p class='ocr_par' dir='ltr' id='par_1_14' title="bbox 262 1476 3630 1551">
     <span class='ocr_line' id='line_1_14' title="bbox 262 1476 3630 1551; baseline 0.002 -23"><span class='ocrx_word' id='word_1_157' title='bbox 262 1491 501 1545; x_wconf 86' lang='lat' dir='ltr'>sperans</span> <span class='ocrx_word' id='word_1_158' title='bbox 542 1492 599 1529; x_wconf 90' lang='lat' dir='ltr'>se</span> <span class='ocrx_word' id='word_1_159' title='bbox 630 1476 857 1530; x_wconf 88' lang='lat' dir='ltr'>illarum</span> <span class='ocrx_word' id='word_1_160' title='bbox 900 1480 957 1529; x_wconf 91' lang='lat' dir='ltr'>et</span> <span class='ocrx_word' id='word_1_161' title='bbox 981 1476 1217 1530; x_wconf 89' lang='lat' dir='ltr'>aliarum</span> <span class='ocrx_word' id='word_1_162' title='bbox 1262 1479 1631 1534; x_wconf 87' lang='lat' dir='ltr'>vetustiorum</span> <span class='ocrx_word' id='word_1_163' title='bbox 1664 1488 1719 1535; x_wconf 91' lang='lat' dir='ltr'>et</span> <span class='ocrx_word' id='word_1_164' title='bbox 1758 1481 2020 1536; x_wconf 90' lang='lat' dir='ltr'>codicum</span> <span class='ocrx_word' id='word_1_165' title='bbox 2062 1497 2194 1535; x_wconf 89' lang='lat' dir='ltr'>mss.</span> <span class='ocrx_word' id='word_1_166' title='bbox 2232 1478 2496 1551; x_wconf 66' lang='lat' dir='ltr'>praesidio</span> <span class='ocrx_word' id='word_1_167' title='bbox 2536 1478 2747 1548; x_wconf 88' lang='lat' dir='ltr'>aliquid</span> <span class='ocrx_word' id='word_1_168' title='bbox 2774 1479 3089 1532; x_wconf 80' lang='lat' dir='ltr'>accuratius</span> <span class='ocrx_word' id='word_1_169' title='bbox 3136 1483 3194 1533; x_wconf 91' lang='lat' dir='ltr'>et</span> <span class='ocrx_word' id='word_1_170' title='bbox 3222 1482 3336 1535; x_wconf 90' lang='lat' dir='ltr'>suis</span> <span class='ocrx_word' id='word_1_171' title='bbox 3375 1482 3630 1536; x_wconf 86' lang='lat' dir='ltr'>numeris</span> 
     </span>
    </p>
   </div>
   <div class='ocr_carea' id='block_1_15' title="bbox 262 1564 3626 1641">
    <p class='ocr_par' dir='ltr' id='par_1_15' title="bbox 262 1564 3626 1641">
     <span class='ocr_line' id='line_1_15' title="bbox 262 1564 3626 1641; baseline 0.003 -25"><span class='ocrx_word' id='word_1_172' title='bbox 262 1564 583 1617; x_wconf 86' lang='lat' dir='ltr'>absolutius</span> <span class='ocrx_word' id='word_1_173' title='bbox 622 1564 913 1618; x_wconf 88' lang='lat' dir='ltr'>elaborare</span> <span class='ocrx_word' id='word_1_174' title='bbox 956 1581 1137 1634; x_wconf 88' lang='lat' dir='ltr'>posse,</span> <span class='ocrx_word' id='word_1_175' title='bbox 1182 1569 1336 1620; x_wconf 86' lang='lat' dir='ltr'>tanto</span> <span class='ocrx_word' id='word_1_176' title='bbox 1372 1568 1551 1622; x_wconf 89' lang='lat' dir='ltr'>animi</span> <span class='ocrx_word' id='word_1_177' title='bbox 1589 1571 1790 1625; x_wconf 89' lang='lat' dir='ltr'>ardore</span> <span class='ocrx_word' id='word_1_178' title='bbox 1832 1571 1891 1624; x_wconf 91' lang='lat' dir='ltr'>in</span> <span class='ocrx_word' id='word_1_179' title='bbox 1945 1587 2087 1641; x_wconf 91' lang='lat' dir='ltr'>opus</span> <span class='ocrx_word' id='word_1_180' title='bbox 2129 1570 2407 1635; x_wconf 88' lang='lat' dir='ltr'>incubuit,</span> <span class='ocrx_word' id='word_1_181' title='bbox 2448 1571 2515 1621; x_wconf 90' lang='lat' dir='ltr'>ut</span> <span class='ocrx_word' id='word_1_182' title='bbox 2558 1567 2747 1621; x_wconf 87' lang='lat' dir='ltr'>omnia</span> <span class='ocrx_word' id='word_1_183' title='bbox 2790 1568 2937 1637; x_wconf 89' lang='lat' dir='ltr'>typis</span> <span class='ocrx_word' id='word_1_184' title='bbox 2975 1574 3197 1622; x_wconf 90' lang='lat' dir='ltr'>matura</span> <span class='ocrx_word' id='word_1_185' title='bbox 3242 1574 3431 1624; x_wconf 88' lang='lat' dir='ltr'>essent</span> <span class='ocrx_word' id='word_1_186' title='bbox 3476 1587 3626 1625; x_wconf 90' lang='lat' dir='ltr'>anno</span> 
     </span>
    </p>
   </div>
   <div class='ocr_carea' id='block_1_16' title="bbox 265 1654 3624 1728">
    <p class='ocr_par' dir='ltr' id='par_1_16' title="bbox 265 1654 3624 1728">
     <span class='ocr_line' id='line_1_16' title="bbox 265 1654 3624 1728; baseline 0.002 -21"><span class='ocrx_word' id='word_1_187' title='bbox 265 1657 447 1721; x_wconf 73' lang='lat'>1566;</span> <span class='ocrx_word' id='word_1_188' title='bbox 480 1654 574 1707; x_wconf 89' lang='lat' dir='ltr'>sed</span> <span class='ocrx_word' id='word_1_189' title='bbox 623 1654 835 1719; x_wconf 76' lang='lat' dir='ltr'>Belgici</span> <span class='ocrx_word' id='word_1_190' title='bbox 880 1660 1070 1709; x_wconf 91' lang='lat' dir='ltr'>motus</span> <span class='ocrx_word' id='word_1_191' title='bbox 1115 1671 1334 1710; x_wconf 90' lang='lat' dir='ltr'>moram</span> <span class='ocrx_word' id='word_1_192' title='bbox 1376 1658 1707 1713; x_wconf 89' lang='lat' dir='ltr'>attulerunt.</span> <span class='ocrx_word' id='word_1_193' title='bbox 1739 1659 1949 1715; x_wconf 88' lang='lat' dir='ltr'>Prodiit</span> <span class='ocrx_word' id='word_1_194' title='bbox 1992 1660 2224 1713; x_wconf 88' lang='lat' dir='ltr'>tandem</span> <span class='ocrx_word' id='word_1_195' title='bbox 2264 1659 2386 1712; x_wconf 66' lang='lat' dir='ltr'>hazc</span> <span class='ocrx_word' id='word_1_196' title='bbox 2429 1657 2601 1711; x_wconf 87' lang='lat' dir='ltr'>editio</span> <span class='ocrx_word' id='word_1_197' title='bbox 2645 1657 2975 1728; x_wconf 67' lang='lat' dir='ltr'>Antuerpiaz</span> <span class='ocrx_word' id='word_1_198' title='bbox 3017 1674 3169 1712; x_wconf 86' lang='lat' dir='ltr'>anno</span> <span class='ocrx_word' id='word_1_199' title='bbox 3215 1662 3380 1725; x_wconf 80' lang='lat'>1568;</span> <span class='ocrx_word' id='word_1_200' title='bbox 3411 1660 3624 1715; x_wconf 90' lang='lat' dir='ltr'>ibidem</span> 
     </span>
    </p>
   </div>
   <div class='ocr_carea' id='block_1_17' title="bbox 262 1744 1875 1813">
    <p class='ocr_par' dir='ltr' id='par_1_17' title="bbox 262 1744 1873 1813">
     <span class='ocr_line' id='line_1_17' title="bbox 262 1744 1873 1813; baseline 0.003 -17"><span class='ocrx_word' id='word_1_201' title='bbox 262 1744 511 1813; x_wconf 86' lang='lat' dir='ltr'>repetita</span> <span class='ocrx_word' id='word_1_202' title='bbox 554 1748 640 1797; x_wconf 89' lang='lat' dir='ltr'>est</span> <span class='ocrx_word' id='word_1_203' title='bbox 671 1759 823 1798; x_wconf 89' lang='lat' dir='ltr'>anno</span> <span class='ocrx_word' id='word_1_204' title='bbox 868 1746 1025 1809; x_wconf 84' lang='lat'>1589,</span> <span class='ocrx_word' id='word_1_205' title='bbox 1063 1744 1308 1799; x_wconf 73' lang='lat' dir='ltr'>Coloniae</span> <span class='ocrx_word' id='word_1_206' title='bbox 1358 1748 1512 1812; x_wconf 89' lang='lat'>1617,</span> <span class='ocrx_word' id='word_1_207' title='bbox 1552 1748 1776 1802; x_wconf 88' lang='lat' dir='ltr'>Parisiis</span> <span class='ocrx_word' id='word_1_208' title='bbox 1804 1766 1873 1803; x_wconf 91' lang='lat' dir='ltr'>au</span> 
     </span>
    </p>
   </div>
   <div class='ocr_carea' id='block_1_18' title="bbox 2007 1744 3620 1813">
    <p class='ocr_par' dir='ltr' id='par_1_18' title="bbox 2042 1745 3620 1813">
     <span class='ocr_line' id='line_1_18' title="bbox 2042 1745 3620 1813; baseline 0.001 -12"><span class='ocrx_word' id='word_1_209' title='bbox 2042 1748 2197 1813; x_wconf 77' lang='grc'><strong>1574,</strong></span> <span class='ocrx_word' id='word_1_210' title='bbox 2240 1749 2396 1813; x_wconf 89' lang='grc'><strong>1603,</strong></span> <span class='ocrx_word' id='word_1_211' title='bbox 2435 1748 2589 1813; x_wconf 90' lang='grc'><strong>1616,</strong></span> <span class='ocrx_word' id='word_1_212' title='bbox 2637 1745 2791 1799; x_wconf 67' lang='grc'><strong>1644.</strong></span> <span class='ocrx_word' id='word_1_213' title='bbox 2831 1745 3000 1799; x_wconf 87' lang='lat' dir='ltr'>Addit</span> <span class='ocrx_word' id='word_1_214' title='bbox 3038 1746 3376 1801; x_wconf 89' lang='lat' dir='ltr'>bibliotheca</span> <span class='ocrx_word' id='word_1_215' title='bbox 3419 1749 3620 1802; x_wconf 86' lang='lat' dir='ltr'>Barbe-</span> 
     </span>
    </p>
   </div>
   <div class='ocr_carea' id='block_1_19' title="bbox 261 1833 3623 1904">
    <p class='ocr_par' dir='ltr' id='par_1_19' title="bbox 261 1833 3623 1904">
     <span class='ocr_line' id='line_1_19' title="bbox 261 1833 3623 1904; baseline 0.002 -18"><span class='ocrx_word' id='word_1_216' title='bbox 261 1833 387 1887; x_wconf 90' lang='lat' dir='ltr'>rina</span> <span class='ocrx_word' id='word_1_217' title='bbox 434 1834 615 1887; x_wconf 88' lang='lat' dir='ltr'>Paris.</span> <span class='ocrx_word' id='word_1_218' title='bbox 646 1837 779 1888; x_wconf 85' lang='lat'>1607</span> <span class='ocrx_word' id='word_1_219' title='bbox 820 1836 877 1887; x_wconf 89' lang='lat' dir='ltr'>et</span> <span class='ocrx_word' id='word_1_220' title='bbox 922 1837 1079 1902; x_wconf 79' lang='lat'>1632,</span> <span class='ocrx_word' id='word_1_221' title='bbox 1111 1834 1394 1889; x_wconf 82' lang='lat' dir='ltr'>Fabricius</span> <span class='ocrx_word' id='word_1_222' title='bbox 1434 1836 1610 1890; x_wconf 90' lang='lat' dir='ltr'>Paris.</span> <span class='ocrx_word' id='word_1_223' title='bbox 1648 1840 1803 1904; x_wconf 88' lang='lat'>1633,</span> <span class='ocrx_word' id='word_1_224' title='bbox 1844 1842 1901 1891; x_wconf 91' lang='lat' dir='ltr'>et</span> <span class='ocrx_word' id='word_1_225' title='bbox 1938 1838 2134 1893; x_wconf 90' lang='lat' dir='ltr'>Colon.</span> <span class='ocrx_word' id='word_1_226' title='bbox 2168 1840 2323 1901; x_wconf 88' lang='lat'>1617,</span> <span class='ocrx_word' id='word_1_227' title='bbox 2370 1838 2504 1889; x_wconf 76' lang='grc'><strong>1632</strong></span> <span class='ocrx_word' id='word_1_228' title='bbox 2532 1851 2544 1900; x_wconf 90' lang='grc'>;</span> <span class='ocrx_word' id='word_1_229' title='bbox 2572 1849 2667 1888; x_wconf 90' lang='lat' dir='ltr'>seu</span> <span class='ocrx_word' id='word_1_230' title='bbox 2706 1834 2847 1900; x_wconf 70' lang='lat' dir='ltr'>haec,</span> <span class='ocrx_word' id='word_1_231' title='bbox 2883 1840 2943 1888; x_wconf 92' lang='lat' dir='ltr'>ut</span> <span class='ocrx_word' id='word_1_232' title='bbox 2972 1835 3093 1904; x_wconf 88' lang='lat' dir='ltr'>jam</span> <span class='ocrx_word' id='word_1_233' title='bbox 3134 1834 3275 1903; x_wconf 90' lang='lat' dir='ltr'>dixi,</span> <span class='ocrx_word' id='word_1_234' title='bbox 3307 1853 3423 1891; x_wconf 91' lang='lat' dir='ltr'>non</span> <span class='ocrx_word' id='word_1_235' title='bbox 3461 1839 3623 1893; x_wconf 89' lang='lat' dir='ltr'>valde</span> 
     </span>
    </p>
   </div>
   <div class='ocr_carea' id='block_1_20' title="bbox 259 1921 3623 1997">
    <p class='ocr_par' dir='ltr' id='par_1_20' title="bbox 259 1921 3623 1997">
     <span class='ocr_line' id='line_1_20' title="bbox 259 1921 3623 1997; baseline 0.002 -22"><span class='ocrx_word' id='word_1_236' title='bbox 259 1929 436 1976; x_wconf 85' lang='lat' dir='ltr'>certa.</span> <span class='ocrx_word' id='word_1_237' title='bbox 468 1925 529 1977; x_wconf 82' lang='lat' dir='ltr'>In</span> <span class='ocrx_word' id='word_1_238' title='bbox 559 1923 822 1993; x_wconf 83' lang='lat' dir='ltr'>catalogo</span> <span class='ocrx_word' id='word_1_239' title='bbox 863 1923 1139 1977; x_wconf 89' lang='lat' dir='ltr'>librorum</span> <span class='ocrx_word' id='word_1_240' title='bbox 1171 1923 1527 1979; x_wconf 72' lang='lat' dir='ltr'>bibliothecae</span> <span class='ocrx_word' id='word_1_241' title='bbox 1556 1928 2181 1997; x_wconf 84' lang='lat' dir='ltr'>Lugduni-Batavorum</span> <span class='ocrx_word' id='word_1_242' title='bbox 2210 1926 2539 1979; x_wconf 87' lang='lat' dir='ltr'>recensetur</span> <span class='ocrx_word' id='word_1_243' title='bbox 2568 1921 2739 1976; x_wconf 87' lang='lat' dir='ltr'>editio</span> <span class='ocrx_word' id='word_1_244' title='bbox 2775 1923 2966 1976; x_wconf 86' lang='lat' dir='ltr'>Colon.</span> <span class='ocrx_word' id='word_1_245' title='bbox 2995 1924 3230 1995; x_wconf 86' lang='lat' dir='ltr'>Agripp.</span> <span class='ocrx_word' id='word_1_246' title='bbox 3268 1928 3422 1979; x_wconf 78' lang='grc'><strong>1575.</strong></span> <span class='ocrx_word' id='word_1_247' title='bbox 3449 1930 3623 1981; x_wconf 83' lang='lat' dir='ltr'>Ante-</span> 
     </span>
    </p>
   </div>
   <div class='ocr_carea' id='block_1_21' title="bbox 259 2011 3624 2085">
    <p class='ocr_par' dir='ltr' id='par_1_21' title="bbox 259 2011 3624 2085">
     <span class='ocr_line' id='line_1_21' title="bbox 259 2011 3624 2085; baseline 0.002 -23"><span class='ocrx_word' id='word_1_248' title='bbox 259 2012 430 2065; x_wconf 85' lang='lat' dir='ltr'>vertit</span> <span class='ocrx_word' id='word_1_249' title='bbox 468 2012 754 2065; x_wconf 86' lang='lat' dir='ltr'>Pamelius</span> <span class='ocrx_word' id='word_1_250' title='bbox 789 2013 1064 2066; x_wconf 84' lang='lat' dir='ltr'>Joannem</span> <span class='ocrx_word' id='word_1_251' title='bbox 1104 2012 1413 2067; x_wconf 85' lang='lat' dir='ltr'>Harrisium</span> <span class='ocrx_word' id='word_1_252' title='bbox 1452 2014 1721 2085; x_wconf 85' lang='lat' dir='ltr'>Anglum,</span> <span class='ocrx_word' id='word_1_253' title='bbox 1751 2016 1983 2070; x_wconf 57' lang='lat' dir='ltr'>Thomas</span> <span class='ocrx_word' id='word_1_254' title='bbox 2026 2017 2175 2070; x_wconf 75' lang='grc' dir='ltr'>Μοτο</span> <span class='ocrx_word' id='word_1_255' title='bbox 2208 2012 2499 2084; x_wconf 90' lang='lat' dir='ltr'>quondam</span> <span class='ocrx_word' id='word_1_256' title='bbox 2539 2028 2572 2065; x_wconf 88' lang='lat' dir='ltr'>a</span> <span class='ocrx_word' id='word_1_257' title='bbox 2603 2011 2850 2077; x_wconf 88' lang='lat' dir='ltr'>secretis,</span> <span class='ocrx_word' id='word_1_258' title='bbox 2878 2011 2975 2082; x_wconf 87' lang='lat' dir='ltr'>qui</span> <span class='ocrx_word' id='word_1_259' title='bbox 3014 2012 3165 2066; x_wconf 89' lang='lat' dir='ltr'>idem</span> <span class='ocrx_word' id='word_1_260' title='bbox 3205 2014 3498 2067; x_wconf 86' lang='lat' dir='ltr'>consilium</span> <span class='ocrx_word' id='word_1_261' title='bbox 3536 2016 3624 2069; x_wconf 90' lang='lat' dir='ltr'>in-</span> 
     </span>
    </p>
   </div>
   <div class='ocr_carea' id='block_1_22' title="bbox 258 2099 3628 2173">
    <p class='ocr_par' dir='ltr' id='par_1_22' title="bbox 258 2099 3628 2173">
     <span class='ocr_line' id='line_1_22' title="bbox 258 2099 3628 2173; baseline 0.001 -20"><span class='ocrx_word' id='word_1_262' title='bbox 258 2100 531 2153; x_wconf 86' lang='lat' dir='ltr'>tendebat</span> <span class='ocrx_word' id='word_1_263' title='bbox 585 2099 939 2154; x_wconf 89' lang='lat' dir='ltr'>edendorum</span> <span class='ocrx_word' id='word_1_264' title='bbox 995 2101 1258 2170; x_wconf 80' lang='lat' dir='ltr'>Cypriani</span> <span class='ocrx_word' id='word_1_265' title='bbox 1312 2119 1572 2173; x_wconf 90' lang='lat' dir='ltr'>operum.</span> <span class='ocrx_word' id='word_1_266' title='bbox 1613 2106 1662 2158; x_wconf 88' lang='lat' dir='ltr'>ls</span> <span class='ocrx_word' id='word_1_267' title='bbox 1711 2104 1955 2159; x_wconf 88' lang='lat' dir='ltr'>libenter</span> <span class='ocrx_word' id='word_1_268' title='bbox 2007 2103 2321 2157; x_wconf 88' lang='lat' dir='ltr'>Pamelium</span> <span class='ocrx_word' id='word_1_269' title='bbox 2356 2101 2505 2172; x_wconf 90' lang='lat' dir='ltr'>juvit</span> <span class='ocrx_word' id='word_1_270' title='bbox 2544 2101 2707 2154; x_wconf 88' lang='lat' dir='ltr'>variis</span> <span class='ocrx_word' id='word_1_271' title='bbox 2758 2100 2845 2154; x_wconf 89' lang='lat' dir='ltr'>sui</span> <span class='ocrx_word' id='word_1_272' title='bbox 2891 2101 3235 2171; x_wconf 84' lang='lat' dir='ltr'>exemplaris</span> <span class='ocrx_word' id='word_1_273' title='bbox 3293 2102 3628 2158; x_wconf 90' lang='lat' dir='ltr'>lectionibus</span> 
     </span>
    </p>
   </div>
   <div class='ocr_carea' id='block_1_23' title="bbox 257 2190 3624 2262">
    <p class='ocr_par' dir='ltr' id='par_1_23' title="bbox 257 2190 3624 2262">
     <span class='ocr_line' id='line_1_23' title="bbox 257 2190 3624 2262; baseline 0.002 -20"><span class='ocrx_word' id='word_1_274' title='bbox 257 2205 503 2259; x_wconf 83' lang='lat' dir='ltr'>Operam</span> <span class='ocrx_word' id='word_1_275' title='bbox 543 2190 730 2244; x_wconf 90' lang='lat' dir='ltr'>eidem</span> <span class='ocrx_word' id='word_1_276' title='bbox 777 2196 1059 2243; x_wconf 87' lang='lat' dir='ltr'>navarunt</span> <span class='ocrx_word' id='word_1_277' title='bbox 1103 2192 1343 2244; x_wconf 83' lang='lat' dir='ltr'>Joannes</span> <span class='ocrx_word' id='word_1_278' title='bbox 1384 2192 1661 2259; x_wconf 79' lang='lat' dir='ltr'>Clemens,</span> <span class='ocrx_word' id='word_1_279' title='bbox 1697 2194 1970 2259; x_wconf 89' lang='lat' dir='ltr'>medicus,</span> <span class='ocrx_word' id='word_1_280' title='bbox 2016 2194 2189 2246; x_wconf 89' lang='lat' dir='ltr'>etiam</span> <span class='ocrx_word' id='word_1_281' title='bbox 2228 2193 2463 2262; x_wconf 83' lang='lat' dir='ltr'>Anglus,</span> <span class='ocrx_word' id='word_1_282' title='bbox 2502 2207 2722 2245; x_wconf 89' lang='lat' dir='ltr'>necnon</span> <span class='ocrx_word' id='word_1_283' title='bbox 2766 2190 3044 2244; x_wconf 88' lang='lat' dir='ltr'>Antonius</span> <span class='ocrx_word' id='word_1_284' title='bbox 3086 2195 3142 2244; x_wconf 92' lang='lat' dir='ltr'>et</span> <span class='ocrx_word' id='word_1_285' title='bbox 3182 2191 3435 2245; x_wconf 88' lang='lat' dir='ltr'>Valerius</span> <span class='ocrx_word' id='word_1_286' title='bbox 3482 2194 3624 2248; x_wconf 82' lang='lat' dir='ltr'>Cau-</span> 
     </span>
    </p>
   </div>
   <div class='ocr_carea' id='block_1_24' title="bbox 255 2279 3623 2351">
    <p class='ocr_par' dir='ltr' id='par_1_24' title="bbox 255 2279 3623 2351">
     <span class='ocr_line' id='line_1_24' title="bbox 255 2279 3623 2351; baseline 0.002 -20"><span class='ocrx_word' id='word_1_287' title='bbox 255 2279 393 2343; x_wconf 89' lang='lat' dir='ltr'>chii,</span> <span class='ocrx_word' id='word_1_288' title='bbox 419 2279 799 2348; x_wconf 89' lang='lat' dir='ltr'>jureconsulti</span> <span class='ocrx_word' id='word_1_289' title='bbox 844 2279 1199 2349; x_wconf 89' lang='lat' dir='ltr'>Ultrajectini</span> <span class='ocrx_word' id='word_1_290' title='bbox 1239 2282 1463 2347; x_wconf 83' lang='lat' dir='ltr'>fratres,</span> <span class='ocrx_word' id='word_1_291' title='bbox 1494 2281 1930 2335; x_wconf 89' lang='lat' dir='ltr'>communicatis</span> <span class='ocrx_word' id='word_1_292' title='bbox 1968 2282 2143 2351; x_wconf 88' lang='lat' dir='ltr'>patris</span> <span class='ocrx_word' id='word_1_293' title='bbox 2172 2281 2259 2334; x_wconf 89' lang='lat' dir='ltr'>sui</span> <span class='ocrx_word' id='word_1_294' title='bbox 2305 2280 2766 2350; x_wconf 86' lang='lat' dir='ltr'>castigationibus</span> <span class='ocrx_word' id='word_1_295' title='bbox 2806 2282 2863 2333; x_wconf 90' lang='lat' dir='ltr'>et</span> <span class='ocrx_word' id='word_1_296' title='bbox 2903 2280 3263 2349; x_wconf 87' lang='lat' dir='ltr'>conjecturis.</span> <span class='ocrx_word' id='word_1_297' title='bbox 3296 2281 3418 2335; x_wconf 64' lang='lat' dir='ltr'>Haec</span> <span class='ocrx_word' id='word_1_298' title='bbox 3462 2282 3623 2337; x_wconf 90' lang='lat' dir='ltr'>disci-</span> 
     </span>
    </p>
   </div>
   <div class='ocr_carea' id='block_1_25' title="bbox 257 2368 3625 2442">
    <p class='ocr_par' dir='ltr' id='par_1_25' title="bbox 257 2368 3625 2442">
     <span class='ocr_line' id='line_1_25' title="bbox 257 2368 3625 2442; baseline 0.001 -21"><span class='ocrx_word' id='word_1_299' title='bbox 257 2384 391 2421; x_wconf 89' lang='lat' dir='ltr'>mus</span> <span class='ocrx_word' id='word_1_300' title='bbox 434 2385 503 2422; x_wconf 87' lang='lat' dir='ltr'>ex</span> <span class='ocrx_word' id='word_1_301' title='bbox 550 2369 801 2422; x_wconf 89' lang='lat' dir='ltr'>Pamelio</span> <span class='ocrx_word' id='word_1_302' title='bbox 844 2368 903 2422; x_wconf 90' lang='lat' dir='ltr'>in</span> <span class='ocrx_word' id='word_1_303' title='bbox 949 2369 1186 2439; x_wconf 89' lang='lat' dir='ltr'>epistola</span> <span class='ocrx_word' id='word_1_304' title='bbox 1231 2370 1666 2441; x_wconf 90' lang='lat' dir='ltr'>nuncupatoria,</span> <span class='ocrx_word' id='word_1_305' title='bbox 1701 2387 1827 2441; x_wconf 62' lang='lat' dir='ltr'>quin</span> <span class='ocrx_word' id='word_1_306' title='bbox 1867 2370 2136 2440; x_wconf 88' lang='lat' dir='ltr'>inscripta</span> <span class='ocrx_word' id='word_1_307' title='bbox 2179 2374 2265 2423; x_wconf 91' lang='lat' dir='ltr'>est</span> <span class='ocrx_word' id='word_1_308' title='bbox 2309 2370 2491 2440; x_wconf 89' lang='lat' dir='ltr'>Viglio</span> <span class='ocrx_word' id='word_1_309' title='bbox 2528 2369 2829 2424; x_wconf 89' lang='lat' dir='ltr'>Zuichemo</span> <span class='ocrx_word' id='word_1_310' title='bbox 2876 2368 3072 2435; x_wconf 88' lang='lat' dir='ltr'>Frisio,</span> <span class='ocrx_word' id='word_1_311' title='bbox 3105 2370 3157 2423; x_wconf 68' lang='grc' dir='ltr'>ὃ.</span> <span class='ocrx_word' id='word_1_312' title='bbox 3193 2370 3431 2425; x_wconf 91' lang='lat' dir='ltr'>Bavonis</span> <span class='ocrx_word' id='word_1_313' title='bbox 3475 2373 3625 2442; x_wconf 90' lang='lat' dir='ltr'>apud</span> 
     </span>
    </p>
   </div>
   <div class='ocr_carea' id='block_1_26' title="bbox 255 2458 1009 2529">
    <p class='ocr_par' dir='ltr' id='par_1_26' title="bbox 255 2458 1009 2529">
     <span class='ocr_line' id='line_1_26' title="bbox 255 2458 1009 2529; baseline 0.003 -18"><span class='ocrx_word' id='word_1_314' title='bbox 255 2458 655 2512; x_wconf 82' lang='lat' dir='ltr'>Gandavenses</span> <span class='ocrx_word' id='word_1_315' title='bbox 682 2459 1009 2529; x_wconf 73' lang='lat' dir='ltr'>praeposito.</span> 
     </span>
    </p>
   </div>
   <div class='ocr_carea' id='block_1_27' title="bbox 330 2566 3621 2638">
    <p class='ocr_par' dir='ltr' id='par_1_27' title="bbox 330 2566 3621 2638">
     <span class='ocr_line' id='line_1_27' title="bbox 330 2566 3621 2638; baseline 0.001 -17"><span class='ocrx_word' id='word_1_316' title='bbox 330 2568 526 2621; x_wconf 78' lang='lat' dir='ltr'>Simon</span> <span class='ocrx_word' id='word_1_317' title='bbox 571 2566 896 2622; x_wconf 86' lang='lat' dir='ltr'>Goulartius</span> <span class='ocrx_word' id='word_1_318' title='bbox 932 2568 1110 2621; x_wconf 90' lang='lat' dir='ltr'>edidit</span> <span class='ocrx_word' id='word_1_319' title='bbox 1144 2569 1404 2636; x_wconf 68' lang='lat' dir='ltr'>Genevaa,</span> <span class='ocrx_word' id='word_1_320' title='bbox 1434 2584 1585 2622; x_wconf 90' lang='lat' dir='ltr'>anno</span> <span class='ocrx_word' id='word_1_321' title='bbox 1634 2571 1785 2635; x_wconf 84' lang='lat' dir='ltr'>l593,</span> <span class='ocrx_word' id='word_1_322' title='bbox 1817 2583 1990 2637; x_wconf 87' lang='lat' dir='ltr'>opera</span> <span class='ocrx_word' id='word_1_323' title='bbox 2020 2566 2306 2638; x_wconf 89' lang='lat' dir='ltr'>Cypriani,</span> <span class='ocrx_word' id='word_1_324' title='bbox 2338 2567 2597 2621; x_wconf 88' lang='lat' dir='ltr'>ordinem</span> <span class='ocrx_word' id='word_1_325' title='bbox 2638 2567 2874 2620; x_wconf 88' lang='lat' dir='ltr'>Pamelii</span> <span class='ocrx_word' id='word_1_326' title='bbox 2912 2572 2970 2621; x_wconf 91' lang='lat' dir='ltr'>et</span> <span class='ocrx_word' id='word_1_327' title='bbox 3011 2572 3337 2623; x_wconf 88' lang='lat' dir='ltr'>contextum</span> <span class='ocrx_word' id='word_1_328' title='bbox 3380 2576 3621 2635; x_wconf 83' lang='lat' dir='ltr'>secutus,</span> 
     </span>
    </p>
   </div>
   <div class='ocr_carea' id='block_1_28' title="bbox 256 2654 3621 2731">
    <p class='ocr_par' dir='ltr' id='par_1_28' title="bbox 256 2654 3621 2731">
     <span class='ocr_line' id='line_1_28' title="bbox 256 2654 3621 2731; baseline 0.002 -24"><span class='ocrx_word' id='word_1_329' title='bbox 256 2654 360 2707; x_wconf 85' lang='lat' dir='ltr'>sed</span> <span class='ocrx_word' id='word_1_330' title='bbox 400 2656 471 2710; x_wconf 90' lang='lat' dir='ltr'>de</span> <span class='ocrx_word' id='word_1_331' title='bbox 502 2673 605 2711; x_wconf 89' lang='lat' dir='ltr'>suo</span> <span class='ocrx_word' id='word_1_332' title='bbox 648 2658 865 2711; x_wconf 84' lang='lat' dir='ltr'>addens</span> <span class='ocrx_word' id='word_1_333' title='bbox 903 2658 1105 2728; x_wconf 83' lang='lat' dir='ltr'>longas</span> <span class='ocrx_word' id='word_1_334' title='bbox 1143 2663 1200 2711; x_wconf 86' lang='lat' dir='ltr'>et</span> <span class='ocrx_word' id='word_1_335' title='bbox 1233 2674 1495 2727; x_wconf 89' lang='lat' dir='ltr'>operosas</span> <span class='ocrx_word' id='word_1_336' title='bbox 1522 2657 1591 2711; x_wconf 88' lang='lat' dir='ltr'>ad</span> <span class='ocrx_word' id='word_1_337' title='bbox 1630 2657 1939 2726; x_wconf 89' lang='lat' dir='ltr'>legendum</span> <span class='ocrx_word' id='word_1_338' title='bbox 1976 2656 2416 2721; x_wconf 86' lang='lat' dir='ltr'>observationes,</span> <span class='ocrx_word' id='word_1_339' title='bbox 2447 2655 2651 2725; x_wconf 90' lang='lat' dir='ltr'>quibus</span> <span class='ocrx_word' id='word_1_340' title='bbox 2688 2656 3000 2709; x_wconf 87' lang='lat' dir='ltr'>Pamelium</span> <span class='ocrx_word' id='word_1_341' title='bbox 3040 2657 3301 2713; x_wconf 82' lang='lat' dir='ltr'>refellere</span> <span class='ocrx_word' id='word_1_342' title='bbox 3331 2665 3386 2713; x_wconf 91' lang='lat' dir='ltr'>et</span> <span class='ocrx_word' id='word_1_343' title='bbox 3424 2660 3477 2713; x_wconf 90' lang='lat' dir='ltr'>S.</span> <span class='ocrx_word' id='word_1_344' title='bbox 3514 2661 3621 2731; x_wconf 86' lang='lat' dir='ltr'>Cy-</span> 
     </span>
    </p>
   </div>
   <div class='ocr_carea' id='block_1_29' title="bbox 258 2743 3627 2815">
    <p class='ocr_par' dir='ltr' id='par_1_29' title="bbox 258 2743 3627 2815">
     <span class='ocr_line' id='line_1_29' title="bbox 258 2743 3627 2815; baseline 0.002 -18"><span class='ocrx_word' id='word_1_345' title='bbox 258 2746 528 2815; x_wconf 87' lang='lat' dir='ltr'>prianum</span> <span class='ocrx_word' id='word_1_346' title='bbox 568 2746 925 2801; x_wconf 88' lang='lat' dir='ltr'>calvinistam</span> <span class='ocrx_word' id='word_1_347' title='bbox 964 2748 1150 2801; x_wconf 84' lang='lat' dir='ltr'>facere</span> <span class='ocrx_word' id='word_1_348' title='bbox 1193 2753 1433 2801; x_wconf 88' lang='lat' dir='ltr'>conatus</span> <span class='ocrx_word' id='word_1_349' title='bbox 1472 2753 1574 2802; x_wconf 87' lang='lat' dir='ltr'>est.</span> <span class='ocrx_word' id='word_1_350' title='bbox 1613 2747 1825 2801; x_wconf 90' lang='lat' dir='ltr'>Prodiit</span> <span class='ocrx_word' id='word_1_351' title='bbox 1862 2746 2102 2812; x_wconf 87' lang='lat' dir='ltr'>Parisiis,</span> <span class='ocrx_word' id='word_1_352' title='bbox 2143 2762 2292 2799; x_wconf 89' lang='lat' dir='ltr'>anno</span> <span class='ocrx_word' id='word_1_353' title='bbox 2334 2746 2486 2809; x_wconf 62' lang='lat'>1668,</span> <span class='ocrx_word' id='word_1_354' title='bbox 2526 2743 2697 2797; x_wconf 87' lang='lat' dir='ltr'>editio</span> <span class='ocrx_word' id='word_1_355' title='bbox 2745 2744 2991 2814; x_wconf 80' lang='lat' dir='ltr'>Rigaltii,</span> <span class='ocrx_word' id='word_1_356' title='bbox 3029 2752 3193 2800; x_wconf 91' lang='lat' dir='ltr'>aucto</span> <span class='ocrx_word' id='word_1_357' title='bbox 3240 2747 3383 2803; x_wconf 90' lang='lat' dir='ltr'>libro</span> <span class='ocrx_word' id='word_1_358' title='bbox 3419 2750 3485 2803; x_wconf 81' lang='lat' dir='ltr'>de</span> <span class='ocrx_word' id='word_1_359' title='bbox 3531 2753 3627 2805; x_wconf 84' lang='lat' dir='ltr'>Re-</span> 
     </span>
    </p>
   </div>
   <div class='ocr_carea' id='block_1_30' title="bbox 256 2832 3626 2907">
    <p class='ocr_par' dir='ltr' id='par_1_30' title="bbox 256 2832 3626 2907">
     <span class='ocr_line' id='line_1_30' title="bbox 256 2832 3626 2907; baseline 0.001 -19"><span class='ocrx_word' id='word_1_360' title='bbox 256 2836 613 2905; x_wconf 73' lang='lat' dir='ltr'>buptz’smate,</span> <span class='ocrx_word' id='word_1_361' title='bbox 647 2853 817 2907; x_wconf 90' lang='lat' dir='ltr'>quam</span> <span class='ocrx_word' id='word_1_362' title='bbox 863 2844 1059 2891; x_wconf 89' lang='lat' dir='ltr'>secuta</span> <span class='ocrx_word' id='word_1_363' title='bbox 1089 2840 1174 2890; x_wconf 91' lang='lat' dir='ltr'>est</span> <span class='ocrx_word' id='word_1_364' title='bbox 1218 2837 1274 2890; x_wconf 92' lang='lat' dir='ltr'>in</span> <span class='ocrx_word' id='word_1_365' title='bbox 1309 2837 1515 2890; x_wconf 83' lang='lat' dir='ltr'>eadem</span> <span class='ocrx_word' id='word_1_366' title='bbox 1566 2836 1724 2902; x_wconf 90' lang='lat' dir='ltr'>urbe,</span> <span class='ocrx_word' id='word_1_367' title='bbox 1761 2851 1853 2888; x_wconf 92' lang='lat' dir='ltr'>an.</span> <span class='ocrx_word' id='word_1_368' title='bbox 1889 2837 2043 2901; x_wconf 88' lang='lat'>1666,</span> <span class='ocrx_word' id='word_1_369' title='bbox 2081 2835 2254 2888; x_wconf 84' lang='lat' dir='ltr'>editio</span> <span class='ocrx_word' id='word_1_370' title='bbox 2295 2832 2497 2886; x_wconf 91' lang='lat' dir='ltr'>Priorii</span> <span class='ocrx_word' id='word_1_371' title='bbox 2525 2848 2655 2885; x_wconf 89' lang='lat' dir='ltr'>cum</span> <span class='ocrx_word' id='word_1_372' title='bbox 2704 2832 2853 2885; x_wconf 91' lang='lat' dir='ltr'>notis</span> <span class='ocrx_word' id='word_1_373' title='bbox 2883 2833 3110 2902; x_wconf 75' lang='lat' dir='ltr'>Higaltii</span> <span class='ocrx_word' id='word_1_374' title='bbox 3149 2841 3204 2887; x_wconf 90' lang='lat' dir='ltr'>et</span> <span class='ocrx_word' id='word_1_375' title='bbox 3247 2835 3492 2890; x_wconf 87' lang='lat' dir='ltr'>aliorum</span> <span class='ocrx_word' id='word_1_376' title='bbox 3532 2839 3626 2891; x_wconf 86' lang='lat' dir='ltr'>ad-</span> 
     </span>
    </p>
   </div>
   <div class='ocr_carea' id='block_1_31' title="bbox 246 2921 3622 2997">
    <p class='ocr_par' dir='ltr' id='par_1_31' title="bbox 246 2921 3622 2997">
     <span class='ocr_line' id='line_1_31' title="bbox 246 2921 3622 2997; baseline 0.001 -19"><span class='ocrx_word' id='word_1_377' title='bbox 246 2927 472 2996; x_wconf 88' lang='lat' dir='ltr'>junctis</span> <span class='ocrx_word' id='word_1_378' title='bbox 514 2927 804 2997; x_wconf 84' lang='lat' dir='ltr'>Cypriano</span> <span class='ocrx_word' id='word_1_379' title='bbox 846 2926 1065 2997; x_wconf 85' lang='lat' dir='ltr'>scriptis</span> <span class='ocrx_word' id='word_1_380' title='bbox 1094 2926 1319 2980; x_wconf 79' lang='lat' dir='ltr'>Minucii</span> <span class='ocrx_word' id='word_1_381' title='bbox 1366 2926 1583 2992; x_wconf 88' lang='lat' dir='ltr'>Felicis,</span> <span class='ocrx_word' id='word_1_382' title='bbox 1615 2924 1871 2991; x_wconf 88' lang='lat' dir='ltr'>Arnobii,</span> <span class='ocrx_word' id='word_1_383' title='bbox 1902 2923 2322 2983; x_wconf 88' lang='lat' dir='ltr'>Commodiani,</span> <span class='ocrx_word' id='word_1_384' title='bbox 2349 2938 2570 2976; x_wconf 86' lang='lat' dir='ltr'>necnon</span> <span class='ocrx_word' id='word_1_385' title='bbox 2597 2921 2731 2975; x_wconf 85' lang='lat' dir='ltr'>Julii</span> <span class='ocrx_word' id='word_1_386' title='bbox 2765 2922 2989 2975; x_wconf 87' lang='lat' dir='ltr'>Firmici</span> <span class='ocrx_word' id='word_1_387' title='bbox 3017 2924 3082 2976; x_wconf 86' lang='lat' dir='ltr'>de</span> <span class='ocrx_word' id='word_1_388' title='bbox 3122 2926 3315 2978; x_wconf 79' lang='lat' dir='ltr'>Errare</span> <span class='ocrx_word' id='word_1_389' title='bbox 3350 2929 3622 2994; x_wconf 79' lang='lat' dir='ltr'>profana-</span> 
     </span>
    </p>
   </div>
   <div class='ocr_carea' id='block_1_32' title="bbox 252 3010 3620 3085">
    <p class='ocr_par' dir='ltr' id='par_1_32' title="bbox 252 3010 3620 3085">
     <span class='ocr_line' id='line_1_32' title="bbox 252 3010 3620 3085; baseline 0.001 -20"><span class='ocrx_word' id='word_1_390' title='bbox 252 3030 379 3067; x_wconf 80' lang='lat' dir='ltr'>rum</span> <span class='ocrx_word' id='word_1_391' title='bbox 418 3016 781 3082; x_wconf 75' lang='lat' dir='ltr'>Religionum.</span> <span class='ocrx_word' id='word_1_392' title='bbox 826 3017 977 3069; x_wconf 86' lang='lat' dir='ltr'>Nova</span> <span class='ocrx_word' id='word_1_393' title='bbox 1023 3015 1193 3069; x_wconf 88' lang='lat' dir='ltr'>editio</span> <span class='ocrx_word' id='word_1_394' title='bbox 1248 3015 1619 3085; x_wconf 89' lang='lat' dir='ltr'>epistolarum</span> <span class='ocrx_word' id='word_1_395' title='bbox 1666 3013 1951 3084; x_wconf 83' lang='lat' dir='ltr'>Cypriani,</span> <span class='ocrx_word' id='word_1_396' title='bbox 1998 3010 2398 3082; x_wconf 85' lang='lat' dir='ltr'>praetermissis</span> <span class='ocrx_word' id='word_1_397' title='bbox 2446 3010 2569 3064; x_wconf 90' lang='lat' dir='ltr'>aliis</span> <span class='ocrx_word' id='word_1_398' title='bbox 2620 3011 3171 3080; x_wconf 86' lang='lat' dir='ltr'>pertractationibus,</span> <span class='ocrx_word' id='word_1_399' title='bbox 3221 3013 3430 3082; x_wconf 90' lang='lat' dir='ltr'>prodiit</span> <span class='ocrx_word' id='word_1_400' title='bbox 3470 3030 3620 3071; x_wconf 83' lang='lat' dir='ltr'>anno</span> 
     </span>
    </p>
   </div>
   <div class='ocr_carea' id='block_1_33' title="bbox 260 3099 3618 3175">
    <p class='ocr_par' dir='ltr' id='par_1_33' title="bbox 260 3099 3618 3175">
     <span class='ocr_line' id='line_1_33' title="bbox 260 3099 3618 3175; baseline -0 -16"><span class='ocrx_word' id='word_1_401' title='bbox 260 3108 437 3173; x_wconf 87' lang='lat'>1681;</span> <span class='ocrx_word' id='word_1_402' title='bbox 471 3106 632 3175; x_wconf 82' lang='lat' dir='ltr'>cujus</span> <span class='ocrx_word' id='word_1_403' title='bbox 677 3107 873 3161; x_wconf 85' lang='lat' dir='ltr'>titulus</span> <span class='ocrx_word' id='word_1_404' title='bbox 919 3108 996 3162; x_wconf 91' lang='lat' dir='ltr'>sic</span> <span class='ocrx_word' id='word_1_405' title='bbox 1040 3107 1257 3161; x_wconf 90' lang='lat' dir='ltr'>habet:</span> <span class='ocrx_word' id='word_1_406' title='bbox 1292 3129 1319 3155; x_wconf 85' lang='grc'><em>‹‹</em></span> <span class='ocrx_word' id='word_1_407' title='bbox 1358 3109 1410 3162; x_wconf 92' lang='lat' dir='ltr'>S.</span> <span class='ocrx_word' id='word_1_408' title='bbox 1444 3106 1651 3162; x_wconf 69' lang='lat' dir='ltr'>Caecilii</span> <span class='ocrx_word' id='word_1_409' title='bbox 1695 3103 1983 3175; x_wconf 77' lang='lat' dir='ltr'>Cypriani,</span> <span class='ocrx_word' id='word_1_410' title='bbox 2022 3100 2484 3172; x_wconf 87' lang='lat' dir='ltr'>Carthaginensis</span> <span class='ocrx_word' id='word_1_411' title='bbox 2532 3099 2782 3170; x_wconf 91' lang='lat' dir='ltr'>episcopi</span> <span class='ocrx_word' id='word_1_412' title='bbox 2830 3116 2893 3154; x_wconf 93' lang='lat' dir='ltr'>ac</span> <span class='ocrx_word' id='word_1_413' title='bbox 2940 3101 3176 3154; x_wconf 91' lang='lat' dir='ltr'>tandem</span> <span class='ocrx_word' id='word_1_414' title='bbox 3226 3104 3511 3174; x_wconf 85' lang='lat' dir='ltr'>martyris,</span> <span class='ocrx_word' id='word_1_415' title='bbox 3553 3120 3618 3159; x_wconf 89' lang='lat' dir='ltr'>ac</span> 
     </span>
    </p>
   </div>
   <div class='ocr_carea' id='block_1_34' title="bbox 259 3189 3625 3266">
    <p class='ocr_par' dir='ltr' id='par_1_34' title="bbox 259 3189 3625 3266">
     <span class='ocr_line' id='line_1_34' title="bbox 259 3189 3625 3266; baseline 0.001 -19"><span class='ocrx_word' id='word_1_416' title='bbox 259 3194 512 3248; x_wconf 84' lang='lat' dir='ltr'>aliorum</span> <span class='ocrx_word' id='word_1_417' title='bbox 561 3196 951 3265; x_wconf 87' lang='lat' dir='ltr'>quorumdam</span> <span class='ocrx_word' id='word_1_418' title='bbox 980 3197 1049 3250; x_wconf 88' lang='lat' dir='ltr'>ad</span> <span class='ocrx_word' id='word_1_419' title='bbox 1080 3196 1263 3266; x_wconf 91' lang='lat' dir='ltr'>ipsum</span> <span class='ocrx_word' id='word_1_420' title='bbox 1310 3196 1395 3249; x_wconf 91' lang='lat' dir='ltr'>vel</span> <span class='ocrx_word' id='word_1_421' title='bbox 1424 3195 1478 3249; x_wconf 92' lang='lat' dir='ltr'>in</span> <span class='ocrx_word' id='word_1_422' title='bbox 1511 3195 1681 3248; x_wconf 74' lang='lat' dir='ltr'>simili</span> <span class='ocrx_word' id='word_1_423' title='bbox 1708 3210 1875 3248; x_wconf 90' lang='lat' dir='ltr'>causa</span> <span class='ocrx_word' id='word_1_424' title='bbox 1921 3192 2141 3263; x_wconf 65' lang='lat' dir='ltr'>scripta:</span> <span class='ocrx_word' id='word_1_425' title='bbox 2178 3190 2429 3261; x_wconf 71' lang='lat' dir='ltr'>epistola:</span> <span class='ocrx_word' id='word_1_426' title='bbox 2475 3202 2691 3257; x_wconf 76' lang='lat' dir='ltr'>LXXXIII,</span> <span class='ocrx_word' id='word_1_427' title='bbox 2721 3189 2921 3242; x_wconf 89' lang='lat' dir='ltr'>ordine</span> <span class='ocrx_word' id='word_1_428' title='bbox 2950 3190 3271 3245; x_wconf 86' lang='lat' dir='ltr'>Pameliano</span> <span class='ocrx_word' id='word_1_429' title='bbox 3309 3191 3526 3262; x_wconf 65' lang='lat' dir='ltr'>locatae,</span> <span class='ocrx_word' id='word_1_430' title='bbox 3557 3210 3625 3249; x_wconf 87' lang='lat' dir='ltr'>ex</span> 
     </span>
    </p>
   </div>
   <div class='ocr_carea' id='block_1_35' title="bbox 256 3278 3622 3352">
    <p class='ocr_par' dir='ltr' id='par_1_35' title="bbox 256 3278 3622 3352">
     <span class='ocr_line' id='line_1_35' title="bbox 256 3278 3622 3352; baseline 0 -15"><span class='ocrx_word' id='word_1_431' title='bbox 256 3284 514 3337; x_wconf 85' lang='lat' dir='ltr'>editione</span> <span class='ocrx_word' id='word_1_432' title='bbox 558 3283 917 3338; x_wconf 88' lang='lat' dir='ltr'>Goulartiana</span> <span class='ocrx_word' id='word_1_433' title='bbox 955 3284 1012 3338; x_wconf 90' lang='lat' dir='ltr'>in</span> <span class='ocrx_word' id='word_1_434' title='bbox 1052 3285 1326 3339; x_wconf 90' lang='lat' dir='ltr'>sectiones</span> <span class='ocrx_word' id='word_1_435' title='bbox 1367 3284 1581 3351; x_wconf 52' lang='lat' dir='ltr'>divisa‘,</span> <span class='ocrx_word' id='word_1_436' title='bbox 1612 3289 1667 3337; x_wconf 92' lang='lat' dir='ltr'>et</span> <span class='ocrx_word' id='word_1_437' title='bbox 1694 3298 1823 3336; x_wconf 92' lang='lat' dir='ltr'>cum</span> <span class='ocrx_word' id='word_1_438' title='bbox 1866 3281 1924 3337; x_wconf 91' lang='lat' dir='ltr'>S.</span> <span class='ocrx_word' id='word_1_439' title='bbox 1954 3279 2252 3352; x_wconf 86' lang='lat' dir='ltr'>Augustini</span> <span class='ocrx_word' id='word_1_440' title='bbox 2294 3279 2363 3333; x_wconf 89' lang='lat' dir='ltr'>ad</span> <span class='ocrx_word' id='word_1_441' title='bbox 2405 3278 2669 3350; x_wconf 83' lang='lat' dir='ltr'>Cypriani</span> <span class='ocrx_word' id='word_1_442' title='bbox 2699 3284 3040 3348; x_wconf 88' lang='lat' dir='ltr'>argumenta</span> <span class='ocrx_word' id='word_1_443' title='bbox 3065 3279 3133 3333; x_wconf 91' lang='lat' dir='ltr'>de</span> <span class='ocrx_word' id='word_1_444' title='bbox 3182 3279 3466 3351; x_wconf 87' lang='lat' dir='ltr'>baptismo</span> <span class='ocrx_word' id='word_1_445' title='bbox 3502 3283 3622 3338; x_wconf 85' lang='lat' dir='ltr'>hae-</span> 
     </span>
    </p>
   </div>
   <div class='ocr_carea' id='block_1_36' title="bbox 255 3366 3626 3445">
    <p class='ocr_par' dir='ltr' id='par_1_36' title="bbox 255 3366 3626 3445">
     <span class='ocr_line' id='line_1_36' title="bbox 255 3366 3626 3445; baseline 0 -18"><span class='ocrx_word' id='word_1_446' title='bbox 255 3374 574 3428; x_wconf 86' lang='lat' dir='ltr'>reticorum</span> <span class='ocrx_word' id='word_1_447' title='bbox 627 3374 1095 3445; x_wconf 87' lang='lat' dir='ltr'>responsionibus</span> <span class='ocrx_word' id='word_1_448' title='bbox 1139 3391 1240 3428; x_wconf 90' lang='lat' dir='ltr'>suo</span> <span class='ocrx_word' id='word_1_449' title='bbox 1280 3374 1403 3427; x_wconf 92' lang='lat' dir='ltr'>loco</span> <span class='ocrx_word' id='word_1_450' title='bbox 1447 3372 1782 3442; x_wconf 88' lang='lat' dir='ltr'>subjunctis,</span> <span class='ocrx_word' id='word_1_451' title='bbox 1810 3370 1976 3424; x_wconf 89' lang='lat' dir='ltr'>variis</span> <span class='ocrx_word' id='word_1_452' title='bbox 2009 3370 2179 3423; x_wconf 88' lang='lat' dir='ltr'>etiam</span> <span class='ocrx_word' id='word_1_453' title='bbox 2223 3367 2500 3434; x_wconf 68' lang='lat' dir='ltr'>Pameliii,</span> <span class='ocrx_word' id='word_1_454' title='bbox 2530 3367 2761 3435; x_wconf 80' lang='lat' dir='ltr'>Rigaltii</span> <span class='ocrx_word' id='word_1_455' title='bbox 2804 3366 3160 3440; x_wconf 88' lang='lat' dir='ltr'>aliorumque</span> <span class='ocrx_word' id='word_1_456' title='bbox 3188 3369 3525 3426; x_wconf 89' lang='lat' dir='ltr'>lectionibus</span> <span class='ocrx_word' id='word_1_457' title='bbox 3569 3380 3626 3429; x_wconf 91' lang='lat' dir='ltr'>et</span> 
     </span>
    </p>
   </div>
   <div class='ocr_carea' id='block_1_37' title="bbox 252 3456 3623 3533">
    <p class='ocr_par' dir='ltr' id='par_1_37' title="bbox 252 3456 3623 3533">
     <span class='ocr_line' id='line_1_37' title="bbox 252 3456 3623 3533; baseline 0 -16"><span class='ocrx_word' id='word_1_458' title='bbox 252 3463 629 3533; x_wconf 86' lang='lat' dir='ltr'>conjecturis,</span> <span class='ocrx_word' id='word_1_459' title='bbox 661 3470 726 3517; x_wconf 90' lang='lat' dir='ltr'>ut</span> <span class='ocrx_word' id='word_1_460' title='bbox 767 3468 821 3517; x_wconf 90' lang='lat' dir='ltr'>et</span> <span class='ocrx_word' id='word_1_461' title='bbox 851 3463 1102 3517; x_wconf 87' lang='lat' dir='ltr'>Gratiani</span> <span class='ocrx_word' id='word_1_462' title='bbox 1145 3463 1203 3517; x_wconf 91' lang='lat' dir='ltr'>in</span> <span class='ocrx_word' id='word_1_463' title='bbox 1236 3463 1460 3517; x_wconf 81' lang='lat' dir='ltr'>decreto</span> <span class='ocrx_word' id='word_1_464' title='bbox 1491 3461 1791 3516; x_wconf 85' lang='lat' dir='ltr'>Lombardi</span> <span class='ocrx_word' id='word_1_465' title='bbox 1820 3460 1874 3514; x_wconf 89' lang='lat' dir='ltr'>in</span> <span class='ocrx_word' id='word_1_466' title='bbox 1907 3458 2064 3512; x_wconf 87' lang='lat' dir='ltr'>libris</span> <span class='ocrx_word' id='word_1_467' title='bbox 2108 3456 2556 3523; x_wconf 87' lang='lat' dir='ltr'>Sententiarum,</span> <span class='ocrx_word' id='word_1_468' title='bbox 2589 3472 2653 3509; x_wconf 91' lang='lat' dir='ltr'>ac</span> <span class='ocrx_word' id='word_1_469' title='bbox 2679 3456 2912 3510; x_wconf 69' lang='lat' dir='ltr'>Thomas</span> <span class='ocrx_word' id='word_1_470' title='bbox 2959 3457 3256 3528; x_wconf 86' lang='lat' dir='ltr'>Aquinatis</span> <span class='ocrx_word' id='word_1_471' title='bbox 3296 3459 3352 3512; x_wconf 91' lang='lat' dir='ltr'>in</span> <span class='ocrx_word' id='word_1_472' title='bbox 3392 3460 3623 3516; x_wconf 91' lang='lat' dir='ltr'>Summa</span> 
     </span>
    </p>
   </div>
   <div class='ocr_carea' id='block_1_38' title="bbox 252 3544 3621 3623">
    <p class='ocr_par' dir='ltr' id='par_1_38' title="bbox 252 3544 3621 3623">
     <span class='ocr_line' id='line_1_38' title="bbox 252 3544 3621 3623; baseline 0.001 -19"><span class='ocrx_word' id='word_1_473' title='bbox 252 3552 593 3622; x_wconf 68' lang='lat' dir='ltr'>theologica,</span> <span class='ocrx_word' id='word_1_474' title='bbox 623 3552 1060 3622; x_wconf 89' lang='lat' dir='ltr'>allegationibus</span> <span class='ocrx_word' id='word_1_475' title='bbox 1098 3553 1155 3606; x_wconf 90' lang='lat' dir='ltr'>in</span> <span class='ocrx_word' id='word_1_476' title='bbox 1183 3552 1445 3623; x_wconf 88' lang='lat' dir='ltr'>margine</span> <span class='ocrx_word' id='word_1_477' title='bbox 1486 3550 1711 3617; x_wconf 85' lang='lat' dir='ltr'>notatis,</span> <span class='ocrx_word' id='word_1_478' title='bbox 1740 3552 1798 3604; x_wconf 90' lang='lat' dir='ltr'>et</span> <span class='ocrx_word' id='word_1_479' title='bbox 1822 3549 2035 3619; x_wconf 89' lang='lat' dir='ltr'>aliquot</span> <span class='ocrx_word' id='word_1_480' title='bbox 2072 3546 2316 3617; x_wconf 89' lang='lat' dir='ltr'>denique</span> <span class='ocrx_word' id='word_1_481' title='bbox 2350 3544 2578 3598; x_wconf 91' lang='lat' dir='ltr'>utilibus</span> <span class='ocrx_word' id='word_1_482' title='bbox 2610 3544 2892 3598; x_wconf 89' lang='lat' dir='ltr'>indicibus</span> <span class='ocrx_word' id='word_1_483' title='bbox 2918 3562 3169 3600; x_wconf 90' lang='lat' dir='ltr'>seorsum</span> <span class='ocrx_word' id='word_1_484' title='bbox 3217 3549 3401 3617; x_wconf 65' lang='lat' dir='ltr'>editae,</span> <span class='ocrx_word' id='word_1_485' title='bbox 3435 3552 3621 3606; x_wconf 90' lang='lat' dir='ltr'>studio</span> 
     </span>
    </p>
   </div>
   <div class='ocr_carea' id='block_1_39' title="bbox 250 3632 3620 3707">
    <p class='ocr_par' dir='ltr' id='par_1_39' title="bbox 250 3632 3620 3707">
     <span class='ocr_line' id='line_1_39' title="bbox 250 3632 3620 3707; baseline 0 -12"><span class='ocrx_word' id='word_1_486' title='bbox 250 3641 568 3695; x_wconf 82' lang='lat' dir='ltr'>Friederici</span> <span class='ocrx_word' id='word_1_487' title='bbox 608 3641 900 3695; x_wconf 81' lang='lat' dir='ltr'>Reinharti</span> <span class='ocrx_word' id='word_1_488' title='bbox 932 3640 1103 3695; x_wconf 91' lang='lat' dir='ltr'>theol.</span> <span class='ocrx_word' id='word_1_489' title='bbox 1136 3640 1193 3694; x_wconf 91' lang='lat' dir='ltr'>in</span> <span class='ocrx_word' id='word_1_490' title='bbox 1236 3640 1535 3695; x_wconf 89' lang='lat' dir='ltr'>Universit.</span> <span class='ocrx_word' id='word_1_491' title='bbox 1570 3639 1885 3694; x_wconf 84' lang='lat' dir='ltr'>Altdortina</span> <span class='ocrx_word' id='word_1_492' title='bbox 1921 3639 1981 3692; x_wconf 91' lang='lat' dir='ltr'>P.</span> <span class='ocrx_word' id='word_1_493' title='bbox 2015 3638 2073 3690; x_wconf 88' lang='lat' dir='ltr'>P.</span> <span class='ocrx_word' id='word_1_494' title='bbox 2106 3641 2162 3690; x_wconf 91' lang='lat' dir='ltr'>et</span> <span class='ocrx_word' id='word_1_495' title='bbox 2201 3634 2455 3690; x_wconf 73' lang='lat' dir='ltr'>ecclesias</span> <span class='ocrx_word' id='word_1_496' title='bbox 2500 3632 2635 3687; x_wconf 91' lang='lat' dir='ltr'>ibid.</span> <span class='ocrx_word' id='word_1_497' title='bbox 2667 3633 2931 3687; x_wconf 89' lang='lat' dir='ltr'>ministri.</span> <span class='ocrx_word' id='word_1_498' title='bbox 2965 3635 3201 3689; x_wconf 84' lang='lat' dir='ltr'>Altdorﬁ</span> <span class='ocrx_word' id='word_1_499' title='bbox 3237 3637 3387 3707; x_wconf 89' lang='lat' dir='ltr'>typis</span> <span class='ocrx_word' id='word_1_500' title='bbox 3426 3646 3481 3694; x_wconf 91' lang='lat' dir='ltr'>et</span> <span class='ocrx_word' id='word_1_501' title='bbox 3512 3639 3620 3695; x_wconf 86' lang='lat' dir='ltr'>im-</span> 
     </span>
    </p>
   </div>
   <div class='ocr_carea' id='block_1_40' title="bbox 246 3729 1769 3803">
    <p class='ocr_par' dir='ltr' id='par_1_40' title="bbox 246 3729 1769 3803">
     <span class='ocr_line' id='line_1_40' title="bbox 246 3729 1769 3803; baseline -0.003 -19"><span class='ocrx_word' id='word_1_502' title='bbox 246 3730 450 3803; x_wconf 85' lang='lat' dir='ltr'>pensis</span> <span class='ocrx_word' id='word_1_503' title='bbox 481 3730 702 3783; x_wconf 83' lang='lat' dir='ltr'>Henrici</span> <span class='ocrx_word' id='word_1_504' title='bbox 725 3729 951 3801; x_wconf 74' lang='lat' dir='ltr'>Meyeri,</span> <span class='ocrx_word' id='word_1_505' title='bbox 984 3729 1320 3784; x_wconf 89' lang='lat' dir='ltr'>universatis</span> <span class='ocrx_word' id='word_1_506' title='bbox 1347 3729 1706 3802; x_wconf 90' lang='lat' dir='ltr'>typographi.</span> <span class='ocrx_word' id='word_1_507' title='bbox 1742 3750 1769 3779; x_wconf 73' lang='grc' dir='ltr'>ι»</span> 
     </span>
    </p>
   </div>
   <div class='ocr_carea' id='block_1_41' title="bbox 323 3830 3617 3906">
    <p class='ocr_par' dir='ltr' id='par_1_41' title="bbox 323 3830 3617 3906">
     <span class='ocr_line' id='line_1_41' title="bbox 323 3830 3617 3906; baseline 0 -14"><span class='ocrx_word' id='word_1_508' title='bbox 323 3837 599 3892; x_wconf 88' lang='lat' dir='ltr'>Proxime</span> <span class='ocrx_word' id='word_1_509' title='bbox 642 3842 834 3891; x_wconf 87' lang='lat' dir='ltr'>secuta</span> <span class='ocrx_word' id='word_1_510' title='bbox 869 3842 974 3905; x_wconf 87' lang='lat' dir='ltr'>est,</span> <span class='ocrx_word' id='word_1_511' title='bbox 1008 3852 1159 3891; x_wconf 84' lang='lat' dir='ltr'>anno</span> <span class='ocrx_word' id='word_1_512' title='bbox 1208 3840 1364 3906; x_wconf 87' lang='lat'>1682,</span> <span class='ocrx_word' id='word_1_513' title='bbox 1401 3837 1736 3892; x_wconf 85' lang='lat' dir='ltr'>Oxoniensis</span> <span class='ocrx_word' id='word_1_514' title='bbox 1774 3838 1947 3892; x_wconf 89' lang='lat' dir='ltr'>editio</span> <span class='ocrx_word' id='word_1_515' title='bbox 1993 3853 2024 3889; x_wconf 94' lang='lat' dir='ltr'>e</span> <span class='ocrx_word' id='word_1_516' title='bbox 2065 3835 2283 3889; x_wconf 90' lang='lat' dir='ltr'>theatro</span> <span class='ocrx_word' id='word_1_517' title='bbox 2326 3830 2688 3897; x_wconf 85' lang='lat' dir='ltr'>Seldoniano,</span> <span class='ocrx_word' id='word_1_518' title='bbox 2727 3847 2855 3885; x_wconf 93' lang='lat' dir='ltr'>cum</span> <span class='ocrx_word' id='word_1_519' title='bbox 2906 3832 3189 3887; x_wconf 88' lang='lat' dir='ltr'>codicibus</span> <span class='ocrx_word' id='word_1_520' title='bbox 3237 3850 3367 3889; x_wconf 88' lang='lat' dir='ltr'>mss.</span> <span class='ocrx_word' id='word_1_521' title='bbox 3398 3837 3617 3906; x_wconf 87' lang='lat' dir='ltr'>collata,</span> 
     </span>
    </p>
   </div>
   <div class='ocr_carea' id='block_1_42' title="bbox 246 3920 3621 3997">
    <p class='ocr_par' dir='ltr' id='par_1_42' title="bbox 246 3920 3621 3997">
     <span class='ocr_line' id='line_1_42' title="bbox 246 3920 3621 3997; baseline -0 -16"><span class='ocrx_word' id='word_1_522' title='bbox 246 3926 403 3981; x_wconf 88' lang='lat' dir='ltr'>notis</span> <span class='ocrx_word' id='word_1_523' title='bbox 475 3925 733 3994; x_wconf 89' lang='lat' dir='ltr'>Pamelii,</span> <span class='ocrx_word' id='word_1_524' title='bbox 787 3926 1015 3996; x_wconf 79' lang='lat' dir='ltr'>Rigaltii</span> <span class='ocrx_word' id='word_1_525' title='bbox 1069 3944 1133 3981; x_wconf 89' lang='lat' dir='ltr'>ac</span> <span class='ocrx_word' id='word_1_526' title='bbox 1184 3927 1359 3997; x_wconf 90' lang='lat' dir='ltr'>ipsius</span> <span class='ocrx_word' id='word_1_527' title='bbox 1409 3927 1577 3981; x_wconf 89' lang='lat' dir='ltr'>etiam</span> <span class='ocrx_word' id='word_1_528' title='bbox 1632 3926 1866 3981; x_wconf 89' lang='lat' dir='ltr'>editoris</span> <span class='ocrx_word' id='word_1_529' title='bbox 1928 3926 2222 3989; x_wconf 88' lang='lat' dir='ltr'>illustrata,</span> <span class='ocrx_word' id='word_1_530' title='bbox 2279 3920 2536 3992; x_wconf 89' lang='lat' dir='ltr'>pluribus</span> <span class='ocrx_word' id='word_1_531' title='bbox 2586 3925 2747 3974; x_wconf 87' lang='lat' dir='ltr'>aucta</span> <span class='ocrx_word' id='word_1_532' title='bbox 2803 3921 3339 3990; x_wconf 89' lang='lat' dir='ltr'>pertractationibus</span> <span class='ocrx_word' id='word_1_533' title='bbox 3386 3925 3621 3980; x_wconf 85' lang='lat' dir='ltr'>Arnoldi</span> 
     </span>
    </p>
   </div>
   <div class='ocr_carea' id='block_1_43' title="bbox 248 4009 3622 4087">
    <p class='ocr_par' dir='ltr' id='par_1_43' title="bbox 248 4009 3622 4087">
     <span class='ocr_line' id='line_1_43' title="bbox 248 4009 3622 4087; baseline -0 -16"><span class='ocrx_word' id='word_1_534' title='bbox 248 4015 635 4071; x_wconf 57' lang='lat' dir='ltr'>Bona-Vallis</span> <span class='ocrx_word' id='word_1_535' title='bbox 681 4015 915 4083; x_wconf 81' lang='lat' dir='ltr'>abbatis,</span> <span class='ocrx_word' id='word_1_536' title='bbox 946 4016 1212 4087; x_wconf 84' lang='lat' dir='ltr'>Cypriani</span> <span class='ocrx_word' id='word_1_537' title='bbox 1254 4017 1592 4071; x_wconf 87' lang='lat' dir='ltr'>Antiocheni</span> <span class='ocrx_word' id='word_1_538' title='bbox 1637 4014 2025 4081; x_wconf 84' lang='lat' dir='ltr'>Confessione,</span> <span class='ocrx_word' id='word_1_539' title='bbox 2054 4016 2112 4067; x_wconf 89' lang='lat' dir='ltr'>et</span> <span class='ocrx_word' id='word_1_540' title='bbox 2145 4012 2380 4082; x_wconf 89' lang='lat' dir='ltr'>antiquo</span> <span class='ocrx_word' id='word_1_541' title='bbox 2424 4009 2675 4080; x_wconf 86' lang='lat' dir='ltr'>paschali</span> <span class='ocrx_word' id='word_1_542' title='bbox 2716 4014 2998 4079; x_wconf 89' lang='lat' dir='ltr'>computo.</span> <span class='ocrx_word' id='word_1_543' title='bbox 3035 4012 3095 4064; x_wconf 88' lang='lat' dir='ltr'>In</span> <span class='ocrx_word' id='word_1_544' title='bbox 3140 4011 3248 4066; x_wconf 89' lang='lat' dir='ltr'>hac</span> <span class='ocrx_word' id='word_1_545' title='bbox 3294 4012 3622 4070; x_wconf 85' lang='lat' dir='ltr'>adornanda</span> 
     </span>
    </p>
   </div>
   <div class='ocr_carea' id='block_1_44' title="bbox 248 4098 3621 4178">
    <p class='ocr_par' dir='ltr' id='par_1_44' title="bbox 248 4098 3621 4178">
     <span class='ocr_line' id='line_1_44' title="bbox 248 4098 3621 4178; baseline -0 -20"><span class='ocrx_word' id='word_1_546' title='bbox 248 4106 519 4159; x_wconf 88' lang='lat' dir='ltr'>editione</span> <span class='ocrx_word' id='word_1_547' title='bbox 572 4105 817 4159; x_wconf 88' lang='lat' dir='ltr'>duorum</span> <span class='ocrx_word' id='word_1_548' title='bbox 875 4107 1312 4176; x_wconf 88' lang='lat' dir='ltr'>protestantium</span> <span class='ocrx_word' id='word_1_549' title='bbox 1365 4106 1759 4178; x_wconf 88' lang='lat' dir='ltr'>episcoporum</span> <span class='ocrx_word' id='word_1_550' title='bbox 1804 4102 2009 4159; x_wconf 87' lang='lat' dir='ltr'>enituit</span> <span class='ocrx_word' id='word_1_551' title='bbox 2049 4101 2325 4155; x_wconf 89' lang='lat' dir='ltr'>industria</span> <span class='ocrx_word' id='word_1_552' title='bbox 2365 4098 2600 4154; x_wconf 89' lang='lat' dir='ltr'>Joannis</span> <span class='ocrx_word' id='word_1_553' title='bbox 2651 4098 2809 4165; x_wconf 89' lang='lat' dir='ltr'>Felli,</span> <span class='ocrx_word' id='word_1_554' title='bbox 2861 4098 3197 4153; x_wconf 85' lang='lat' dir='ltr'>Oxoniensis</span> <span class='ocrx_word' id='word_1_555' title='bbox 3250 4102 3518 4172; x_wconf 86' lang='lat' dir='ltr'>episcopi,</span> <span class='ocrx_word' id='word_1_556' title='bbox 3564 4107 3621 4157; x_wconf 91' lang='lat' dir='ltr'>et</span> 
     </span>
    </p>
   </div>
   <div class='ocr_carea' id='block_1_45' title="bbox 244 4188 3617 4266">
    <p class='ocr_par' dir='ltr' id='par_1_45' title="bbox 244 4188 3617 4266">
     <span class='ocr_line' id='line_1_45' title="bbox 244 4188 3617 4266; baseline -0 -20"><span class='ocrx_word' id='word_1_557' title='bbox 244 4193 491 4248; x_wconf 88' lang='lat' dir='ltr'>Joannis</span> <span class='ocrx_word' id='word_1_558' title='bbox 537 4193 826 4247; x_wconf 86' lang='lat' dir='ltr'>Pearsonii</span> <span class='ocrx_word' id='word_1_559' title='bbox 868 4194 1245 4263; x_wconf 83' lang='lat' dir='ltr'>Cestriensis;</span> <span class='ocrx_word' id='word_1_560' title='bbox 1275 4211 1518 4264; x_wconf 90' lang='lat' dir='ltr'>quorum</span> <span class='ocrx_word' id='word_1_561' title='bbox 1562 4195 1786 4266; x_wconf 90' lang='lat' dir='ltr'>primus</span> <span class='ocrx_word' id='word_1_562' title='bbox 1827 4191 2086 4246; x_wconf 89' lang='lat' dir='ltr'>editionis</span> <span class='ocrx_word' id='word_1_563' title='bbox 2116 4205 2407 4243; x_wconf 90' lang='lat' dir='ltr'>summam</span> <span class='ocrx_word' id='word_1_564' title='bbox 2445 4190 2501 4242; x_wconf 91' lang='lat' dir='ltr'>in</span> <span class='ocrx_word' id='word_1_565' title='bbox 2543 4204 2601 4241; x_wconf 90' lang='lat' dir='ltr'>se</span> <span class='ocrx_word' id='word_1_566' title='bbox 2642 4188 2907 4258; x_wconf 86' lang='lat' dir='ltr'>suscepit,</span> <span class='ocrx_word' id='word_1_567' title='bbox 2937 4190 3081 4242; x_wconf 89' lang='lat' dir='ltr'>alter</span> <span class='ocrx_word' id='word_1_568' title='bbox 3114 4190 3350 4246; x_wconf 86' lang='lat' dir='ltr'>annales</span> <span class='ocrx_word' id='word_1_569' title='bbox 3386 4191 3617 4261; x_wconf 85' lang='lat' dir='ltr'>Cypria-</span> 
     </span>
    </p>
   </div>
   <div class='ocr_carea' id='block_1_46' title="bbox 244 4276 3617 4354">
    <p class='ocr_par' dir='ltr' id='par_1_46' title="bbox 244 4276 3617 4354">
     <span class='ocr_line' id='line_1_46' title="bbox 244 4276 3617 4354; baseline -0.001 -17"><span class='ocrx_word' id='word_1_570' title='bbox 244 4284 433 4351; x_wconf 87' lang='lat' dir='ltr'>nicos,</span> <span class='ocrx_word' id='word_1_571' title='bbox 465 4284 563 4354; x_wconf 90' lang='lat' dir='ltr'>qui</span> <span class='ocrx_word' id='word_1_572' title='bbox 590 4283 771 4337; x_wconf 81' lang='lat' dir='ltr'>sancti</span> <span class='ocrx_word' id='word_1_573' title='bbox 798 4283 1051 4353; x_wconf 83' lang='lat' dir='ltr'>Martyris</span> <span class='ocrx_word' id='word_1_574' title='bbox 1081 4282 1347 4352; x_wconf 85' lang='lat' dir='ltr'>Operibus</span> <span class='ocrx_word' id='word_1_575' title='bbox 1380 4284 1778 4354; x_wconf 48' lang='lat' dir='ltr'>praeﬁguntur,</span> <span class='ocrx_word' id='word_1_576' title='bbox 1806 4298 1924 4336; x_wconf 90' lang='lat' dir='ltr'>non</span> <span class='ocrx_word' id='word_1_577' title='bbox 1955 4279 2075 4333; x_wconf 87' lang='lat' dir='ltr'>sine</span> <span class='ocrx_word' id='word_1_578' title='bbox 2120 4279 2300 4332; x_wconf 89' lang='lat' dir='ltr'>multa</span> <span class='ocrx_word' id='word_1_579' title='bbox 2330 4276 2668 4331; x_wconf 89' lang='lat' dir='ltr'>eruditionis</span> <span class='ocrx_word' id='word_1_580' title='bbox 2696 4276 2861 4330; x_wconf 88' lang='lat' dir='ltr'>laude</span> <span class='ocrx_word' id='word_1_581' title='bbox 2889 4276 3258 4331; x_wconf 87' lang='lat' dir='ltr'>elucubravit.</span> <span class='ocrx_word' id='word_1_582' title='bbox 3293 4280 3418 4332; x_wconf 72' lang='lat' dir='ltr'>Haec</span> <span class='ocrx_word' id='word_1_583' title='bbox 3444 4278 3617 4335; x_wconf 87' lang='lat' dir='ltr'>editio</span> 
     </span>
    </p>
   </div>
   <div class='ocr_carea' id='block_1_47' title="bbox 242 4365 3617 4441">
    <p class='ocr_par' dir='ltr' id='par_1_47' title="bbox 242 4365 3617 4441">
     <span class='ocr_line' id='line_1_47' title="bbox 242 4365 3617 4441; baseline -0.001 -14"><span class='ocrx_word' id='word_1_584' title='bbox 242 4389 453 4427; x_wconf 83' lang='lat' dir='ltr'>recusa</span> <span class='ocrx_word' id='word_1_585' title='bbox 480 4378 567 4426; x_wconf 90' lang='lat' dir='ltr'>est</span> <span class='ocrx_word' id='word_1_586' title='bbox 594 4373 807 4426; x_wconf 77' lang='lat' dir='ltr'>Brema&#39;:</span> <span class='ocrx_word' id='word_1_587' title='bbox 837 4388 986 4426; x_wconf 88' lang='lat' dir='ltr'>anno</span> <span class='ocrx_word' id='word_1_588' title='bbox 1016 4376 1171 4441; x_wconf 89' lang='lat'>1690,</span> <span class='ocrx_word' id='word_1_589' title='bbox 1195 4374 1599 4428; x_wconf 81' lang='lat' dir='ltr'>Amstelodami</span> <span class='ocrx_word' id='word_1_590' title='bbox 1630 4376 1785 4428; x_wconf 89' lang='lat'>1699.</span> <span class='ocrx_word' id='word_1_591' title='bbox 1819 4374 1902 4426; x_wconf 91' lang='lat' dir='ltr'>lta</span> <span class='ocrx_word' id='word_1_592' title='bbox 1926 4369 2208 4425; x_wconf 86' lang='lat' dir='ltr'>Fabricius</span> <span class='ocrx_word' id='word_1_593' title='bbox 2232 4384 2245 4433; x_wconf 90' lang='lat'><strong>;</strong></span> <span class='ocrx_word' id='word_1_594' title='bbox 2276 4366 2371 4421; x_wconf 90' lang='lat' dir='ltr'>sed</span> <span class='ocrx_word' id='word_1_595' title='bbox 2400 4366 2562 4420; x_wconf 87' lang='lat' dir='ltr'>aliter</span> <span class='ocrx_word' id='word_1_596' title='bbox 2596 4366 2776 4420; x_wconf 91' lang='lat' dir='ltr'>visum</span> <span class='ocrx_word' id='word_1_597' title='bbox 2803 4365 3079 4421; x_wconf 89' lang='lat' dir='ltr'>Casimiro</span> <span class='ocrx_word' id='word_1_598' title='bbox 3101 4367 3346 4437; x_wconf 90' lang='lat' dir='ltr'>Oudino,</span> <span class='ocrx_word' id='word_1_599' title='bbox 3371 4369 3470 4439; x_wconf 91' lang='lat' dir='ltr'>qui</span> <span class='ocrx_word' id='word_1_600' title='bbox 3500 4372 3617 4424; x_wconf 90' lang='lat' dir='ltr'>tres</span> 
     </span>
    </p>
   </div>
   <div class='ocr_carea' id='block_1_48' title="bbox 243 4462 1842 4534">
    <p class='ocr_par' dir='ltr' id='par_1_48' title="bbox 243 4462 1842 4534">
     <span class='ocr_line' id='line_1_48' title="bbox 243 4462 1842 4534; baseline -0.001 -17"><span class='ocrx_word' id='word_1_601' title='bbox 243 4463 534 4517; x_wconf 86' lang='lat' dir='ltr'>editiones</span> <span class='ocrx_word' id='word_1_602' title='bbox 570 4468 980 4517; x_wconf 89' lang='lat' dir='ltr'>commemorat</span> <span class='ocrx_word' id='word_1_603' title='bbox 1007 4468 1134 4533; x_wconf 91' lang='lat' dir='ltr'>post</span> <span class='ocrx_word' id='word_1_604' title='bbox 1166 4463 1414 4534; x_wconf 90' lang='lat' dir='ltr'>primam</span> <span class='ocrx_word' id='word_1_605' title='bbox 1441 4462 1842 4517; x_wconf 90' lang='lat' dir='ltr'>Oxoniensem.</span> 
     </span>
    </p>
   </div>
   <div class='ocr_carea' id='block_1_49' title="bbox 316 4562 3621 4641">
    <p class='ocr_par' dir='ltr' id='par_1_49' title="bbox 316 4562 3621 4641">
     <span class='ocr_line' id='line_1_49' title="bbox 316 4562 3621 4641; baseline -0.002 -15"><span class='ocrx_word' id='word_1_606' title='bbox 316 4572 441 4626; x_wconf 81' lang='lat' dir='ltr'>Nec</span> <span class='ocrx_word' id='word_1_607' title='bbox 483 4573 569 4624; x_wconf 90' lang='lat' dir='ltr'>tot</span> <span class='ocrx_word' id='word_1_608' title='bbox 608 4569 871 4641; x_wconf 86' lang='lat' dir='ltr'>Cypriani</span> <span class='ocrx_word' id='word_1_609' title='bbox 916 4587 1157 4641; x_wconf 88' lang='lat' dir='ltr'>operum</span> <span class='ocrx_word' id='word_1_610' title='bbox 1204 4571 1505 4638; x_wconf 87' lang='lat' dir='ltr'>editiones,</span> <span class='ocrx_word' id='word_1_611' title='bbox 1532 4587 1636 4625; x_wconf 90' lang='lat' dir='ltr'>nec</span> <span class='ocrx_word' id='word_1_612' title='bbox 1662 4569 1980 4625; x_wconf 84' lang='lat' dir='ltr'>honoriﬁca</span> <span class='ocrx_word' id='word_1_613' title='bbox 2023 4585 2133 4622; x_wconf 90' lang='lat' dir='ltr'>non</span> <span class='ocrx_word' id='word_1_614' title='bbox 2168 4580 2477 4637; x_wconf 88' lang='lat' dir='ltr'>paucorum</span> <span class='ocrx_word' id='word_1_615' title='bbox 2521 4562 2819 4618; x_wconf 87' lang='lat' dir='ltr'>hominum</span> <span class='ocrx_word' id='word_1_616' title='bbox 2862 4563 2932 4617; x_wconf 92' lang='lat' dir='ltr'>de</span> <span class='ocrx_word' id='word_1_617' title='bbox 2967 4563 3269 4617; x_wconf 89' lang='lat' dir='ltr'>novissima</span> <span class='ocrx_word' id='word_1_618' title='bbox 3309 4564 3621 4620; x_wconf 89' lang='lat' dir='ltr'>Oxoniensi</span> 
     </span>
    </p>
   </div>
   <div class='ocr_carea' id='block_1_50' title="bbox 232 4651 3620 4733">
    <p class='ocr_par' dir='ltr' id='par_1_50' title="bbox 232 4651 3620 4733">
     <span class='ocr_line' id='line_1_50' title="bbox 232 4651 3620 4733; baseline -0.003 -17"><span class='ocrx_word' id='word_1_619' title='bbox 232 4662 467 4733; x_wconf 86' lang='lat' dir='ltr'>judicia</span> <span class='ocrx_word' id='word_1_620' title='bbox 510 4660 803 4715; x_wconf 87' lang='lat' dir='ltr'>Baluzium</span> <span class='ocrx_word' id='word_1_621' title='bbox 843 4660 1266 4728; x_wconf 86' lang='lat' dir='ltr'>deterruerunt,</span> <span class='ocrx_word' id='word_1_622' title='bbox 1300 4661 1607 4732; x_wconf 89' lang='lat' dir='ltr'>quominus</span> <span class='ocrx_word' id='word_1_623' title='bbox 1644 4676 1848 4714; x_wconf 88' lang='lat' dir='ltr'>novam</span> <span class='ocrx_word' id='word_1_624' title='bbox 1885 4657 2215 4728; x_wconf 89' lang='lat' dir='ltr'>susciperet.</span> <span class='ocrx_word' id='word_1_625' title='bbox 2244 4653 2406 4719; x_wconf 84' lang='lat' dir='ltr'>Nam,</span> <span class='ocrx_word' id='word_1_626' title='bbox 2436 4669 2565 4706; x_wconf 92' lang='lat' dir='ltr'>cum</span> <span class='ocrx_word' id='word_1_627' title='bbox 2602 4652 2819 4706; x_wconf 88' lang='lat' dir='ltr'>videret</span> <span class='ocrx_word' id='word_1_628' title='bbox 2857 4651 3097 4722; x_wconf 89' lang='lat' dir='ltr'>singulis</span> <span class='ocrx_word' id='word_1_629' title='bbox 3136 4652 3482 4707; x_wconf 86' lang='lat' dir='ltr'>editionibus</span> <span class='ocrx_word' id='word_1_630' title='bbox 3517 4669 3620 4707; x_wconf 88' lang='lat' dir='ltr'>sua</span> 
     </span>
    </p>
   </div>
   <div class='ocr_carea' id='block_1_51' title="bbox 242 4740 3615 4817">
    <p class='ocr_par' dir='ltr' id='par_1_51' title="bbox 242 4740 3615 4817">
     <span class='ocr_line' id='line_1_51' title="bbox 242 4740 3615 4817; baseline -0.003 -12"><span class='ocrx_word' id='word_1_631' title='bbox 242 4754 441 4805; x_wconf 87' lang='lat' dir='ltr'>inesse</span> <span class='ocrx_word' id='word_1_632' title='bbox 471 4750 628 4815; x_wconf 87' lang='lat' dir='ltr'>vitia,</span> <span class='ocrx_word' id='word_1_633' title='bbox 662 4749 798 4803; x_wconf 89' lang='lat' dir='ltr'>dum</span> <span class='ocrx_word' id='word_1_634' title='bbox 829 4753 928 4804; x_wconf 89' lang='lat' dir='ltr'>aut</span> <span class='ocrx_word' id='word_1_635' title='bbox 954 4750 1141 4805; x_wconf 87' lang='lat' dir='ltr'>vitiosi</span> <span class='ocrx_word' id='word_1_636' title='bbox 1168 4751 1385 4805; x_wconf 91' lang='lat' dir='ltr'>codices</span> <span class='ocrx_word' id='word_1_637' title='bbox 1411 4766 1546 4804; x_wconf 89' lang='lat' dir='ltr'>mss.</span> <span class='ocrx_word' id='word_1_638' title='bbox 1575 4748 1942 4815; x_wconf 86' lang='lat' dir='ltr'>adhibentur,</span> <span class='ocrx_word' id='word_1_639' title='bbox 1978 4751 2079 4801; x_wconf 91' lang='lat' dir='ltr'>aut</span> <span class='ocrx_word' id='word_1_640' title='bbox 2115 4744 2437 4817; x_wconf 85' lang='lat' dir='ltr'>superiores</span> <span class='ocrx_word' id='word_1_641' title='bbox 2468 4740 2768 4806; x_wconf 87' lang='lat' dir='ltr'>editiones,</span> <span class='ocrx_word' id='word_1_642' title='bbox 2807 4740 2899 4794; x_wconf 89' lang='lat' dir='ltr'>ubi</span> <span class='ocrx_word' id='word_1_643' title='bbox 2929 4757 3071 4811; x_wconf 88' lang='lat' dir='ltr'>opus</span> <span class='ocrx_word' id='word_1_644' title='bbox 3097 4756 3212 4794; x_wconf 91' lang='lat' dir='ltr'>non</span> <span class='ocrx_word' id='word_1_645' title='bbox 3246 4747 3385 4807; x_wconf 89' lang='lat' dir='ltr'>erat,</span> <span class='ocrx_word' id='word_1_646' title='bbox 3416 4757 3615 4795; x_wconf 90' lang='lat' dir='ltr'>emen-</span> 
     </span>
    </p>
   </div>
   <div class='ocr_carea' id='block_1_52' title="bbox 240 4828 3618 4911">
    <p class='ocr_par' dir='ltr' id='par_1_52' title="bbox 240 4828 3618 4911">
     <span class='ocr_line' id='line_1_52' title="bbox 240 4828 3618 4911; baseline -0.004 -15"><span class='ocrx_word' id='word_1_647' title='bbox 240 4841 489 4905; x_wconf 83' lang='lat' dir='ltr'>dantur,</span> <span class='ocrx_word' id='word_1_648' title='bbox 538 4839 633 4894; x_wconf 89' lang='lat' dir='ltr'>ubi</span> <span class='ocrx_word' id='word_1_649' title='bbox 678 4855 820 4911; x_wconf 87' lang='lat' dir='ltr'>opus</span> <span class='ocrx_word' id='word_1_650' title='bbox 872 4843 1014 4906; x_wconf 87' lang='lat' dir='ltr'>erat,</span> <span class='ocrx_word' id='word_1_651' title='bbox 1045 4839 1396 4911; x_wconf 77' lang='lat' dir='ltr'>incastigatae</span> <span class='ocrx_word' id='word_1_652' title='bbox 1440 4840 1865 4909; x_wconf 88' lang='lat' dir='ltr'>relinquuntur,</span> <span class='ocrx_word' id='word_1_653' title='bbox 1903 4853 2018 4891; x_wconf 89' lang='lat' dir='ltr'>non</span> <span class='ocrx_word' id='word_1_654' title='bbox 2064 4833 2388 4905; x_wconf 85' lang='lat' dir='ltr'>desperavit</span> <span class='ocrx_word' id='word_1_655' title='bbox 2431 4832 2488 4886; x_wconf 88' lang='lat' dir='ltr'>S.</span> <span class='ocrx_word' id='word_1_656' title='bbox 2522 4830 2780 4899; x_wconf 86' lang='lat' dir='ltr'>Martyris</span> <span class='ocrx_word' id='word_1_657' title='bbox 2827 4832 3155 4883; x_wconf 84' lang='lat' dir='ltr'>contextum</span> <span class='ocrx_word' id='word_1_658' title='bbox 3204 4828 3283 4881; x_wconf 91' lang='lat' dir='ltr'>sic</span> <span class='ocrx_word' id='word_1_659' title='bbox 3326 4828 3618 4884; x_wconf 85' lang='lat' dir='ltr'>emendari</span> 
     </span>
    </p>
   </div>
   <div class='ocr_carea' id='block_1_53' title="bbox 240 4917 3617 5002">
    <p class='ocr_par' dir='ltr' id='par_1_53' title="bbox 240 4917 3617 5002">
     <span class='ocr_line' id='line_1_53' title="bbox 240 4917 3617 5002; baseline -0.003 -18"><span class='ocrx_word' id='word_1_660' title='bbox 240 4945 445 5002; x_wconf 82' lang='lat' dir='ltr'>posse,</span> <span class='ocrx_word' id='word_1_661' title='bbox 478 4932 546 4983; x_wconf 86' lang='lat' dir='ltr'>ut</span> <span class='ocrx_word' id='word_1_662' title='bbox 582 4945 761 4999; x_wconf 87' lang='lat' dir='ltr'>purus</span> <span class='ocrx_word' id='word_1_663' title='bbox 789 4932 847 4983; x_wconf 88' lang='lat' dir='ltr'>et</span> <span class='ocrx_word' id='word_1_664' title='bbox 875 4928 1245 4983; x_wconf 84' lang='lat' dir='ltr'>intaminatus</span> <span class='ocrx_word' id='word_1_665' title='bbox 1277 4930 1504 4983; x_wconf 86' lang='lat' dir='ltr'>tandem</span> <span class='ocrx_word' id='word_1_666' title='bbox 1546 4926 1854 4999; x_wconf 85' lang='lat' dir='ltr'>aliquando</span> <span class='ocrx_word' id='word_1_667' title='bbox 1890 4924 2161 4996; x_wconf 89' lang='lat' dir='ltr'>prodiret.</span> <span class='ocrx_word' id='word_1_668' title='bbox 2194 4925 2253 4977; x_wconf 89' lang='lat' dir='ltr'>ln</span> <span class='ocrx_word' id='word_1_669' title='bbox 2302 4922 2407 4975; x_wconf 90' lang='lat' dir='ltr'>hoc</span> <span class='ocrx_word' id='word_1_670' title='bbox 2448 4920 2798 4991; x_wconf 88' lang='lat' dir='ltr'>potissimum</span> <span class='ocrx_word' id='word_1_671' title='bbox 2831 4934 3007 4989; x_wconf 88' lang='lat' dir='ltr'>penso</span> <span class='ocrx_word' id='word_1_672' title='bbox 3048 4917 3463 4972; x_wconf 89' lang='lat' dir='ltr'>elaborandum</span> <span class='ocrx_word' id='word_1_673' title='bbox 3509 4918 3617 4974; x_wconf 87' lang='lat' dir='ltr'>sibi</span> 
     </span>
    </p>
   </div>
   <div class='ocr_carea' id='block_1_54' title="bbox 242 5006 3617 5090">
    <p class='ocr_par' dir='ltr' id='par_1_54' title="bbox 242 5006 3617 5090">
     <span class='ocr_line' id='line_1_54' title="bbox 242 5006 3617 5090; baseline -0.003 -17"><span class='ocrx_word' id='word_1_674' title='bbox 242 5036 371 5073; x_wconf 80' lang='lat' dir='ltr'>esse</span> <span class='ocrx_word' id='word_1_675' title='bbox 419 5018 774 5089; x_wconf 87' lang='lat' dir='ltr'>intelligens,</span> <span class='ocrx_word' id='word_1_676' title='bbox 805 5023 1014 5089; x_wconf 58' lang='lat' dir='ltr'>preter</span> <span class='ocrx_word' id='word_1_677' title='bbox 1052 5018 1278 5074; x_wconf 79' lang='lat' dir='ltr'>codices</span> <span class='ocrx_word' id='word_1_678' title='bbox 1304 5036 1440 5073; x_wconf 90' lang='lat' dir='ltr'>mss.</span> <span class='ocrx_word' id='word_1_679' title='bbox 1469 5019 1567 5090; x_wconf 91' lang='lat' dir='ltr'>qui</span> <span class='ocrx_word' id='word_1_680' title='bbox 1615 5017 1880 5083; x_wconf 88' lang='lat' dir='ltr'>Pamelio,</span> <span class='ocrx_word' id='word_1_681' title='bbox 1909 5013 2157 5086; x_wconf 80' lang='lat' dir='ltr'>Rigaltio</span> <span class='ocrx_word' id='word_1_682' title='bbox 2190 5016 2245 5067; x_wconf 90' lang='lat' dir='ltr'>et</span> <span class='ocrx_word' id='word_1_683' title='bbox 2274 5010 2466 5082; x_wconf 89' lang='lat' dir='ltr'>Anglis</span> <span class='ocrx_word' id='word_1_684' title='bbox 2499 5008 2622 5062; x_wconf 91' lang='lat' dir='ltr'>usui</span> <span class='ocrx_word' id='word_1_685' title='bbox 2660 5008 2907 5069; x_wconf 82' lang='lat' dir='ltr'>fuerant,</span> <span class='ocrx_word' id='word_1_686' title='bbox 2940 5008 3077 5061; x_wconf 90' lang='lat' dir='ltr'>alios</span> <span class='ocrx_word' id='word_1_687' title='bbox 3114 5006 3340 5062; x_wconf 85' lang='lat' dir='ltr'>circiter</span> <span class='ocrx_word' id='word_1_688' title='bbox 3378 5007 3617 5079; x_wconf 85' lang='lat' dir='ltr'>triginta</span> 
     </span>
    </p>
   </div>
   <div class='ocr_carea' id='block_1_55' title="bbox 240 5097 3614 5174">
    <p class='ocr_par' dir='ltr' id='par_1_55' title="bbox 240 5097 3614 5174">
     <span class='ocr_line' id='line_1_55' title="bbox 240 5097 3614 5174; baseline -0.003 -10"><span class='ocrx_word' id='word_1_689' title='bbox 240 5110 299 5163; x_wconf 89' lang='lat' dir='ltr'>in</span> <span class='ocrx_word' id='word_1_690' title='bbox 325 5107 659 5163; x_wconf 86' lang='lat' dir='ltr'>subsidium</span> <span class='ocrx_word' id='word_1_691' title='bbox 704 5107 808 5161; x_wconf 89' lang='lat' dir='ltr'>sibi</span> <span class='ocrx_word' id='word_1_692' title='bbox 843 5107 1123 5162; x_wconf 87' lang='lat' dir='ltr'>adhibuit.</span> <span class='ocrx_word' id='word_1_693' title='bbox 1154 5109 1367 5163; x_wconf 78' lang='lat' dir='ltr'>Horum</span> <span class='ocrx_word' id='word_1_694' title='bbox 1414 5108 1703 5163; x_wconf 87' lang='lat' dir='ltr'>notititam</span> <span class='ocrx_word' id='word_1_695' title='bbox 1746 5106 1900 5161; x_wconf 83' lang='lat' dir='ltr'>infra</span> <span class='ocrx_word' id='word_1_696' title='bbox 1942 5103 2263 5174; x_wconf 88' lang='lat' dir='ltr'>subjiciam,</span> <span class='ocrx_word' id='word_1_697' title='bbox 2292 5102 2518 5172; x_wconf 87' lang='lat' dir='ltr'>qualem</span> <span class='ocrx_word' id='word_1_698' title='bbox 2564 5116 2627 5153; x_wconf 86' lang='lat' dir='ltr'>ex</span> <span class='ocrx_word' id='word_1_699' title='bbox 2673 5097 2875 5151; x_wconf 87' lang='lat' dir='ltr'>Baluzii</span> <span class='ocrx_word' id='word_1_700' title='bbox 2919 5098 3067 5152; x_wconf 86' lang='lat' dir='ltr'>notis</span> <span class='ocrx_word' id='word_1_701' title='bbox 3111 5097 3375 5168; x_wconf 86' lang='lat' dir='ltr'>colligere</span> <span class='ocrx_word' id='word_1_702' title='bbox 3416 5098 3614 5153; x_wconf 91' lang='lat' dir='ltr'>licuit:</span> 
     </span>
    </p>
   </div>
   <div class='ocr_carea' id='block_1_56' title="bbox 239 5186 3618 5265">
    <p class='ocr_par' dir='ltr' id='par_1_56' title="bbox 239 5186 3618 5265">
     <span class='ocr_line' id='line_1_56' title="bbox 239 5186 3618 5265; baseline -0.003 -12"><span class='ocrx_word' id='word_1_703' title='bbox 239 5215 406 5265; x_wconf 86' lang='lat' dir='ltr'>nam,</span> <span class='ocrx_word' id='word_1_704' title='bbox 437 5213 574 5252; x_wconf 82' lang='lat' dir='ltr'>cum</span> <span class='ocrx_word' id='word_1_705' title='bbox 606 5196 788 5251; x_wconf 85' lang='lat' dir='ltr'>varias</span> <span class='ocrx_word' id='word_1_706' title='bbox 823 5198 1098 5253; x_wconf 83' lang='lat' dir='ltr'>lectiones</span> <span class='ocrx_word' id='word_1_707' title='bbox 1136 5199 1220 5251; x_wconf 91' lang='lat' dir='ltr'>vir</span> <span class='ocrx_word' id='word_1_708' title='bbox 1258 5198 1541 5265; x_wconf 89' lang='lat' dir='ltr'>eruditus,</span> <span class='ocrx_word' id='word_1_709' title='bbox 1569 5216 1599 5251; x_wconf 90' lang='lat' dir='ltr'>e</span> <span class='ocrx_word' id='word_1_710' title='bbox 1646 5194 1929 5251; x_wconf 89' lang='lat' dir='ltr'>codicibus</span> <span class='ocrx_word' id='word_1_711' title='bbox 1970 5209 2105 5247; x_wconf 88' lang='lat' dir='ltr'>mss.</span> <span class='ocrx_word' id='word_1_712' title='bbox 2136 5196 2453 5260; x_wconf 84' lang='lat' dir='ltr'>excerptas,</span> <span class='ocrx_word' id='word_1_713' title='bbox 2496 5188 2554 5241; x_wconf 90' lang='lat' dir='ltr'>in</span> <span class='ocrx_word' id='word_1_714' title='bbox 2598 5187 3017 5257; x_wconf 87' lang='lat' dir='ltr'>exemplaribus</span> <span class='ocrx_word' id='word_1_715' title='bbox 3056 5186 3224 5240; x_wconf 90' lang='lat' dir='ltr'>editis</span> <span class='ocrx_word' id='word_1_716' title='bbox 3265 5186 3618 5256; x_wconf 89' lang='lat' dir='ltr'>inseruisset,</span> 
     </span>
    </p>
   </div>
   <div class='ocr_carea' id='block_1_57' title="bbox 236 5275 3614 5358">
    <p class='ocr_par' dir='ltr' id='par_1_57' title="bbox 236 5275 3614 5358">
     <span class='ocr_line' id='line_1_57' title="bbox 236 5275 3614 5358; baseline -0.003 -16"><span class='ocrx_word' id='word_1_717' title='bbox 236 5288 530 5343; x_wconf 83' lang='lat' dir='ltr'>distracta.</span> <span class='ocrx_word' id='word_1_718' title='bbox 566 5290 701 5340; x_wconf 89' lang='lat' dir='ltr'>sunt</span> <span class='ocrx_word' id='word_1_719' title='bbox 741 5286 859 5341; x_wconf 68' lang='lat' dir='ltr'>hinc</span> <span class='ocrx_word' id='word_1_720' title='bbox 888 5287 1235 5358; x_wconf 86' lang='lat' dir='ltr'>exemplaria</span> <span class='ocrx_word' id='word_1_721' title='bbox 1264 5303 1393 5341; x_wconf 90' lang='lat' dir='ltr'>cum</span> <span class='ocrx_word' id='word_1_722' title='bbox 1434 5286 1561 5340; x_wconf 90' lang='lat' dir='ltr'>aliis</span> <span class='ocrx_word' id='word_1_723' title='bbox 1590 5284 1949 5340; x_wconf 70' lang='lat' dir='ltr'>bibliotheca:</span> <span class='ocrx_word' id='word_1_724' title='bbox 1977 5281 2292 5339; x_wconf 73' lang='lat' dir='ltr'>Baluzianze</span> <span class='ocrx_word' id='word_1_725' title='bbox 2334 5278 2510 5345; x_wconf 90' lang='lat' dir='ltr'>libris,</span> <span class='ocrx_word' id='word_1_726' title='bbox 2539 5294 2722 5349; x_wconf 88' lang='lat' dir='ltr'>neque</span> <span class='ocrx_word' id='word_1_727' title='bbox 2753 5293 2820 5330; x_wconf 87' lang='lat' dir='ltr'>ex</span> <span class='ocrx_word' id='word_1_728' title='bbox 2846 5276 2952 5330; x_wconf 88' lang='lat' dir='ltr'>illis</span> <span class='ocrx_word' id='word_1_729' title='bbox 2980 5275 3092 5330; x_wconf 81' lang='lat' dir='ltr'>nisi</span> <span class='ocrx_word' id='word_1_730' title='bbox 3126 5292 3409 5347; x_wconf 89' lang='lat' dir='ltr'>perpauca</span> <span class='ocrx_word' id='word_1_731' title='bbox 3450 5293 3614 5347; x_wconf 85' lang='lat' dir='ltr'>repe-</span> 
     </span>
    </p>
   </div>
   <div class='ocr_carea' id='block_1_58' title="bbox 237 5364 3611 5447">
    <p class='ocr_par' dir='ltr' id='par_1_58' title="bbox 237 5364 3611 5447">
     <span class='ocr_line' id='line_1_58' title="bbox 237 5364 3611 5447; baseline -0.003 -16"><span class='ocrx_word' id='word_1_732' title='bbox 237 5378 362 5431; x_wconf 82' lang='lat' dir='ltr'>rire</span> <span class='ocrx_word' id='word_1_733' title='bbox 390 5375 580 5447; x_wconf 83' lang='lat' dir='ltr'>potui.</span> <span class='ocrx_word' id='word_1_734' title='bbox 607 5375 840 5431; x_wconf 77' lang='lat' dir='ltr'>Addidit</span> <span class='ocrx_word' id='word_1_735' title='bbox 875 5375 1050 5430; x_wconf 88' lang='lat' dir='ltr'>etiam</span> <span class='ocrx_word' id='word_1_736' title='bbox 1084 5376 1346 5431; x_wconf 84' lang='lat' dir='ltr'>Baluzius</span> <span class='ocrx_word' id='word_1_737' title='bbox 1385 5374 1805 5431; x_wconf 85' lang='lat' dir='ltr'>observationes</span> <span class='ocrx_word' id='word_1_738' title='bbox 1843 5376 1901 5427; x_wconf 91' lang='lat' dir='ltr'>et</span> <span class='ocrx_word' id='word_1_739' title='bbox 1931 5376 2113 5439; x_wconf 88' lang='lat' dir='ltr'>notas,</span> <span class='ocrx_word' id='word_1_740' title='bbox 2141 5371 2198 5424; x_wconf 91' lang='lat' dir='ltr'>in</span> <span class='ocrx_word' id='word_1_741' title='bbox 2240 5368 2448 5440; x_wconf 88' lang='lat' dir='ltr'>quibus</span> <span class='ocrx_word' id='word_1_742' title='bbox 2477 5368 2815 5438; x_wconf 89' lang='lat' dir='ltr'>plerumque</span> <span class='ocrx_word' id='word_1_743' title='bbox 2854 5365 3133 5419; x_wconf 84' lang='lat' dir='ltr'>rationem</span> <span class='ocrx_word' id='word_1_744' title='bbox 3162 5380 3359 5419; x_wconf 89' lang='lat' dir='ltr'>eorum</span> <span class='ocrx_word' id='word_1_745' title='bbox 3403 5364 3611 5433; x_wconf 87' lang='lat' dir='ltr'>reddit,</span> 
     </span>
    </p>
   </div>
   <div class='ocr_carea' id='block_1_59' title="bbox 237 5452 3617 5537">
    <p class='ocr_par' dir='ltr' id='par_1_59' title="bbox 237 5452 3617 5537">
     <span class='ocr_line' id='line_1_59' title="bbox 237 5452 3617 5537; baseline -0.004 -17"><span class='ocrx_word' id='word_1_746' title='bbox 237 5483 379 5537; x_wconf 63' lang='lat' dir='ltr'>quae.</span> <span class='ocrx_word' id='word_1_747' title='bbox 425 5466 485 5519; x_wconf 89' lang='lat' dir='ltr'>in</span> <span class='ocrx_word' id='word_1_748' title='bbox 516 5467 780 5519; x_wconf 84' lang='lat' dir='ltr'>contextu</span> <span class='ocrx_word' id='word_1_749' title='bbox 826 5464 1186 5520; x_wconf 82' lang='lat' dir='ltr'>immutanda</span> <span class='ocrx_word' id='word_1_750' title='bbox 1219 5464 1599 5536; x_wconf 84' lang='lat' dir='ltr'>judicaverat,</span> <span class='ocrx_word' id='word_1_751' title='bbox 1643 5462 1936 5519; x_wconf 90' lang='lat' dir='ltr'>interdum</span> <span class='ocrx_word' id='word_1_752' title='bbox 1980 5461 2177 5527; x_wconf 86' lang='lat' dir='ltr'>etiam,</span> <span class='ocrx_word' id='word_1_753' title='bbox 2220 5464 2280 5513; x_wconf 90' lang='lat' dir='ltr'>ut</span> <span class='ocrx_word' id='word_1_754' title='bbox 2325 5456 2652 5512; x_wconf 87' lang='lat' dir='ltr'>abundabat</span> <span class='ocrx_word' id='word_1_755' title='bbox 2695 5452 3041 5517; x_wconf 89' lang='lat' dir='ltr'>eruditione,</span> <span class='ocrx_word' id='word_1_756' title='bbox 3070 5454 3127 5507; x_wconf 88' lang='lat' dir='ltr'>in</span> <span class='ocrx_word' id='word_1_757' title='bbox 3171 5453 3423 5524; x_wconf 85' lang='lat' dir='ltr'>antiquis</span> <span class='ocrx_word' id='word_1_758' title='bbox 3446 5453 3617 5509; x_wconf 89' lang='lat' dir='ltr'>rebus</span> 
     </span>
    </p>
   </div>
   <div class='ocr_carea' id='block_1_60' title="bbox 238 5541 3617 5626">
    <p class='ocr_par' dir='ltr' id='par_1_60' title="bbox 238 5541 3617 5626">
     <span class='ocr_line' id='line_1_60' title="bbox 238 5541 3617 5626; baseline -0.005 -16"><span class='ocrx_word' id='word_1_759' title='bbox 238 5554 606 5611; x_wconf 82' lang='lat' dir='ltr'>illustrandis</span> <span class='ocrx_word' id='word_1_760' title='bbox 649 5554 862 5625; x_wconf 86' lang='lat' dir='ltr'>stylum</span> <span class='ocrx_word' id='word_1_761' title='bbox 907 5555 1155 5610; x_wconf 86' lang='lat' dir='ltr'>exacuit.</span> <span class='ocrx_word' id='word_1_762' title='bbox 1185 5555 1489 5626; x_wconf 86' lang='lat' dir='ltr'>Perinique</span> <span class='ocrx_word' id='word_1_763' title='bbox 1534 5555 1807 5620; x_wconf 83' lang='lat' dir='ltr'>facerem,</span> <span class='ocrx_word' id='word_1_764' title='bbox 1846 5552 1913 5621; x_wconf 88' lang='lat' dir='ltr'>si,</span> <span class='ocrx_word' id='word_1_765' title='bbox 1957 5567 2085 5605; x_wconf 85' lang='lat' dir='ltr'>cum</span> <span class='ocrx_word' id='word_1_766' title='bbox 2138 5548 2291 5603; x_wconf 88' lang='lat' dir='ltr'>illius</span> <span class='ocrx_word' id='word_1_767' title='bbox 2334 5544 2685 5600; x_wconf 86' lang='lat' dir='ltr'>elucubratio</span> <span class='ocrx_word' id='word_1_768' title='bbox 2729 5548 2937 5613; x_wconf 69' lang='lat' dir='ltr'>prieter</span> <span class='ocrx_word' id='word_1_769' title='bbox 2980 5541 3338 5611; x_wconf 86' lang='lat' dir='ltr'>paucissimas</span> <span class='ocrx_word' id='word_1_770' title='bbox 3382 5543 3617 5612; x_wconf 85' lang='lat' dir='ltr'>paginas</span> 
     </span>
    </p>
   </div>
   <div class='ocr_carea' id='block_1_61' title="bbox 240 5631 3623 5715">
    <p class='ocr_par' dir='ltr' id='par_1_61' title="bbox 240 5631 3623 5715">
     <span class='ocr_line' id='line_1_61' title="bbox 240 5631 3623 5715; baseline -0.004 -16"><span class='ocrx_word' id='word_1_771' title='bbox 240 5645 375 5715; x_wconf 70' lang='lat' dir='ltr'>ipso</span> <span class='ocrx_word' id='word_1_772' title='bbox 415 5643 611 5699; x_wconf 69' lang='lat' dir='ltr'>adhuc</span> <span class='ocrx_word' id='word_1_773' title='bbox 654 5645 879 5699; x_wconf 79' lang='lat' dir='ltr'>vivente</span> <span class='ocrx_word' id='word_1_774' title='bbox 923 5660 1126 5699; x_wconf 84' lang='lat' dir='ltr'>excusa</span> <span class='ocrx_word' id='word_1_775' title='bbox 1169 5645 1363 5712; x_wconf 86' lang='lat' dir='ltr'>fuerit,</span> <span class='ocrx_word' id='word_1_776' title='bbox 1403 5662 1473 5700; x_wconf 87' lang='lat' dir='ltr'>ex</span> <span class='ocrx_word' id='word_1_777' title='bbox 1520 5644 1715 5699; x_wconf 86' lang='lat' dir='ltr'>debita</span> <span class='ocrx_word' id='word_1_778' title='bbox 1752 5642 1901 5696; x_wconf 90' lang='lat' dir='ltr'>illius</span> <span class='ocrx_word' id='word_1_779' title='bbox 1938 5639 2125 5695; x_wconf 87' lang='lat' dir='ltr'>labori</span> <span class='ocrx_word' id='word_1_780' title='bbox 2171 5637 2342 5693; x_wconf 90' lang='lat' dir='ltr'>laude</span> <span class='ocrx_word' id='word_1_781' title='bbox 2388 5633 2608 5706; x_wconf 88' lang='lat' dir='ltr'>aliquid</span> <span class='ocrx_word' id='word_1_782' title='bbox 2650 5634 2709 5688; x_wconf 90' lang='lat' dir='ltr'>in</span> <span class='ocrx_word' id='word_1_783' title='bbox 2745 5648 2836 5687; x_wconf 87' lang='lat' dir='ltr'>me</span> <span class='ocrx_word' id='word_1_784' title='bbox 2875 5632 3195 5686; x_wconf 86' lang='lat' dir='ltr'>derivarem</span> <span class='ocrx_word' id='word_1_785' title='bbox 3223 5648 3237 5698; x_wconf 88' lang='lat'><strong>;</strong></span> <span class='ocrx_word' id='word_1_786' title='bbox 3270 5633 3404 5702; x_wconf 86' lang='lat' dir='ltr'>quin</span> <span class='ocrx_word' id='word_1_787' title='bbox 3451 5631 3623 5685; x_wconf 87' lang='lat' dir='ltr'>etiam</span> 
     </span>
    </p>
   </div>
   <div class='ocr_carea' id='block_1_62' title="bbox 240 5719 3618 5806">
    <p class='ocr_par' dir='ltr' id='par_1_62' title="bbox 240 5719 3618 5806">
     <span class='ocr_line' id='line_1_62' title="bbox 240 5719 3618 5806; baseline -0.005 -17"><span class='ocrx_word' id='word_1_788' title='bbox 240 5751 379 5789; x_wconf 85' lang='lat' dir='ltr'>cum</span> <span class='ocrx_word' id='word_1_789' title='bbox 420 5733 569 5789; x_wconf 84' lang='lat' dir='ltr'>mihi</span> <span class='ocrx_word' id='word_1_790' title='bbox 595 5734 742 5788; x_wconf 87' lang='lat' dir='ltr'>illius</span> <span class='ocrx_word' id='word_1_791' title='bbox 784 5740 952 5789; x_wconf 84' lang='lat' dir='ltr'>notas</span> <span class='ocrx_word' id='word_1_792' title='bbox 982 5734 1330 5806; x_wconf 85' lang='lat' dir='ltr'>expendere,</span> <span class='ocrx_word' id='word_1_793' title='bbox 1360 5737 1417 5789; x_wconf 88' lang='lat' dir='ltr'>et</span> <span class='ocrx_word' id='word_1_794' title='bbox 1446 5750 1577 5789; x_wconf 90' lang='lat' dir='ltr'>cum</span> <span class='ocrx_word' id='word_1_795' title='bbox 1607 5734 1731 5805; x_wconf 91' lang='lat' dir='ltr'>ipso</span> <span class='ocrx_word' id='word_1_796' title='bbox 1776 5732 1832 5787; x_wconf 92' lang='lat' dir='ltr'>S.</span> <span class='ocrx_word' id='word_1_797' title='bbox 1865 5729 2129 5802; x_wconf 87' lang='lat' dir='ltr'>Cypriani</span> <span class='ocrx_word' id='word_1_798' title='bbox 2162 5730 2431 5783; x_wconf 88' lang='lat' dir='ltr'>contextu</span> <span class='ocrx_word' id='word_1_799' title='bbox 2462 5724 2804 5780; x_wconf 88' lang='lat' dir='ltr'>contendere</span> <span class='ocrx_word' id='word_1_800' title='bbox 2849 5738 2948 5791; x_wconf 87' lang='lat' dir='ltr'>per</span> <span class='ocrx_word' id='word_1_801' title='bbox 2979 5727 3209 5791; x_wconf 90' lang='lat' dir='ltr'>tempus</span> <span class='ocrx_word' id='word_1_802' title='bbox 3237 5736 3351 5775; x_wconf 90' lang='lat' dir='ltr'>non</span> <span class='ocrx_word' id='word_1_803' title='bbox 3372 5719 3618 5786; x_wconf 85' lang='lat' dir='ltr'>licuerit,</span> 
     </span>
    </p>
   </div>
   <div class='ocr_carea' id='block_1_63' title="bbox 234 5808 3625 5898">
    <p class='ocr_par' dir='ltr' id='par_1_63' title="bbox 234 5808 3625 5898">
     <span class='ocr_line' id='line_1_63' title="bbox 234 5808 3625 5898; baseline -0.006 -19"><span class='ocrx_word' id='word_1_804' title='bbox 234 5824 531 5898; x_wconf 83' lang='lat' dir='ltr'>judicium</span> <span class='ocrx_word' id='word_1_805' title='bbox 579 5840 775 5879; x_wconf 88' lang='lat' dir='ltr'>meum</span> <span class='ocrx_word' id='word_1_806' title='bbox 832 5840 950 5880; x_wconf 91' lang='lat' dir='ltr'>non</span> <span class='ocrx_word' id='word_1_807' title='bbox 1008 5824 1393 5897; x_wconf 84' lang='lat' dir='ltr'>interponam,</span> <span class='ocrx_word' id='word_1_808' title='bbox 1438 5825 1532 5881; x_wconf 88' lang='lat' dir='ltr'>sed</span> <span class='ocrx_word' id='word_1_809' title='bbox 1588 5822 1816 5896; x_wconf 89' lang='lat' dir='ltr'>publico</span> <span class='ocrx_word' id='word_1_810' title='bbox 1868 5818 2168 5876; x_wconf 86' lang='lat' dir='ltr'>assentiar.</span> <span class='ocrx_word' id='word_1_811' title='bbox 2213 5817 2333 5871; x_wconf 88' lang='lat' dir='ltr'>Non</span> <span class='ocrx_word' id='word_1_812' title='bbox 2393 5819 2586 5869; x_wconf 89' lang='lat' dir='ltr'>tamen</span> <span class='ocrx_word' id='word_1_813' title='bbox 2645 5811 3009 5866; x_wconf 88' lang='lat' dir='ltr'>dissimulare</span> <span class='ocrx_word' id='word_1_814' title='bbox 3066 5808 3273 5880; x_wconf 88' lang='lat' dir='ltr'>possim</span> <span class='ocrx_word' id='word_1_815' title='bbox 3330 5823 3422 5862; x_wconf 89' lang='lat' dir='ltr'>me</span> <span class='ocrx_word' id='word_1_816' title='bbox 3474 5823 3625 5882; x_wconf 56' lang='lat' dir='ltr'>sape</span> 
     </span>
    </p>
   </div>
  </div>
