  <div class='ocr_page' id='page_1' title='image "/cluster/home/n/w/nwhite01/storage/ocr_20150623/4/hvd.32044073549446/013.png"; bbox 0 0 4084 6208; ppageno 0'>
   <div class='ocr_carea' id='block_1_1' title="bbox 456 269 2069 332">
    <p class='ocr_par' dir='ltr' id='par_1_1' title="bbox 456 269 2069 332">
     <span class='ocr_line' id='line_1_1' title="bbox 456 269 2069 332; baseline 0 -2"><span class='ocrx_word' id='word_1_1' title='bbox 456 276 518 332; x_wconf 78' lang='grc'>15</span> <span class='ocrx_word' id='word_1_2' title='bbox 1743 273 1802 329; x_wconf 91' lang='lat' dir='ltr'>D.</span> <span class='ocrx_word' id='word_1_3' title='bbox 1847 269 2069 330; x_wconf 79' lang='lat' dir='ltr'>PRUDE</span> 
     </span>
    </p>
   </div>
   <div class='ocr_carea' id='block_1_2' title="bbox 2202 269 3815 332">
    <p class='ocr_par' dir='ltr' id='par_1_2' title="bbox 2202 272 3815 330">
     <span class='ocr_line' id='line_1_2' title="bbox 2202 272 3815 330; baseline -0.001 -3"><span class='ocrx_word' id='word_1_4' title='bbox 2202 275 2210 327; x_wconf 83' lang='grc' dir='ltr'>Ι</span> <span class='ocrx_word' id='word_1_5' title='bbox 2251 272 2503 330; x_wconf 80' lang='lat' dir='ltr'>MARANI</span> <span class='ocrx_word' id='word_1_6' title='bbox 3753 272 3815 326; x_wconf 77' lang='grc'>16</span> 
     </span>
    </p>
   </div>
   <div class='ocr_carea' id='block_1_3' title="bbox 451 389 3810 469">
    <p class='ocr_par' dir='ltr' id='par_1_3' title="bbox 451 389 3810 469">
     <span class='ocr_line' id='line_1_3' title="bbox 451 389 3810 469; baseline -0.002 -15"><span class='ocrx_word' id='word_1_7' title='bbox 451 397 916 454; x_wconf 81' lang='lat' dir='ltr'>animadvertisse</span> <span class='ocrx_word' id='word_1_8' title='bbox 943 399 1272 454; x_wconf 85' lang='lat' dir='ltr'>contextum</span> <span class='ocrx_word' id='word_1_9' title='bbox 1307 395 1592 469; x_wconf 82' lang='lat' dir='ltr'>Cypriani,</span> <span class='ocrx_word' id='word_1_10' title='bbox 1625 401 1687 466; x_wconf 81' lang='lat' dir='ltr'>ut</span> <span class='ocrx_word' id='word_1_11' title='bbox 1713 389 1784 453; x_wconf 89' lang='lat' dir='ltr'>ab</span> <span class='ocrx_word' id='word_1_12' title='bbox 1813 399 2046 453; x_wconf 89' lang='lat' dir='ltr'>homine</span> <span class='ocrx_word' id='word_1_13' title='bbox 2074 398 2398 453; x_wconf 88' lang='lat' dir='ltr'>doctissimo</span> <span class='ocrx_word' id='word_1_14' title='bbox 2429 399 2487 452; x_wconf 89' lang='lat' dir='ltr'>in</span> <span class='ocrx_word' id='word_1_15' title='bbox 2520 399 2674 452; x_wconf 86' lang='lat' dir='ltr'>tanta</span> <span class='ocrx_word' id='word_1_16' title='bbox 2716 395 2977 451; x_wconf 90' lang='lat' dir='ltr'>codicum</span> <span class='ocrx_word' id='word_1_17' title='bbox 3008 411 3146 450; x_wconf 88' lang='lat' dir='ltr'>mss.</span> <span class='ocrx_word' id='word_1_18' title='bbox 3176 396 3338 467; x_wconf 81' lang='lat' dir='ltr'>capia</span> <span class='ocrx_word' id='word_1_19' title='bbox 3370 394 3492 450; x_wconf 83' lang='lat' dir='ltr'>ﬁeri</span> <span class='ocrx_word' id='word_1_20' title='bbox 3525 411 3631 466; x_wconf 90' lang='lat' dir='ltr'>par</span> <span class='ocrx_word' id='word_1_21' title='bbox 3669 401 3810 461; x_wconf 88' lang='lat' dir='ltr'>erat,</span> 
     </span>
    </p>
   </div>
   <div class='ocr_carea' id='block_1_4' title="bbox 449 488 1204 560">
    <p class='ocr_par' dir='ltr' id='par_1_4' title="bbox 449 488 1204 560">
     <span class='ocr_line' id='line_1_4' title="bbox 449 488 1204 560; baseline -0.001 -16"><span class='ocrx_word' id='word_1_22' title='bbox 449 489 864 560; x_wconf 79' lang='lat' dir='ltr'>percommode</span> <span class='ocrx_word' id='word_1_23' title='bbox 892 488 1204 543; x_wconf 88' lang='lat' dir='ltr'>emendari.</span> 
     </span>
    </p>
   </div>
   <div class='ocr_carea' id='block_1_5' title="bbox 523 571 3813 649">
    <p class='ocr_par' dir='ltr' id='par_1_5' title="bbox 523 571 3813 649">
     <span class='ocr_line' id='line_1_5' title="bbox 523 571 3813 649; baseline -0.002 -17"><span class='ocrx_word' id='word_1_24' title='bbox 523 578 680 642; x_wconf 87' lang='lat' dir='ltr'>Quod</span> <span class='ocrx_word' id='word_1_25' title='bbox 722 583 938 648; x_wconf 85' lang='lat' dir='ltr'>spectat</span> <span class='ocrx_word' id='word_1_26' title='bbox 965 577 1033 632; x_wconf 91' lang='lat' dir='ltr'>ad</span> <span class='ocrx_word' id='word_1_27' title='bbox 1064 594 1238 648; x_wconf 85' lang='lat' dir='ltr'>opera</span> <span class='ocrx_word' id='word_1_28' title='bbox 1264 578 1542 648; x_wconf 86' lang='lat' dir='ltr'>Cypriane</span> <span class='ocrx_word' id='word_1_29' title='bbox 1582 578 1888 649; x_wconf 81' lang='lat' dir='ltr'>adscripta,</span> <span class='ocrx_word' id='word_1_30' title='bbox 1914 577 2034 647; x_wconf 89' lang='lat' dir='ltr'>jam</span> <span class='ocrx_word' id='word_1_31' title='bbox 2081 577 2232 630; x_wconf 90' lang='lat' dir='ltr'>bona</span> <span class='ocrx_word' id='word_1_32' title='bbox 2263 592 2396 647; x_wconf 89' lang='lat' dir='ltr'>pars</span> <span class='ocrx_word' id='word_1_33' title='bbox 2425 575 2573 647; x_wconf 80' lang='lat' dir='ltr'>typis</span> <span class='ocrx_word' id='word_1_34' title='bbox 2620 575 2888 629; x_wconf 89' lang='lat' dir='ltr'>mandata</span> <span class='ocrx_word' id='word_1_35' title='bbox 2918 575 3123 640; x_wconf 89' lang='lat' dir='ltr'>fuerat,</span> <span class='ocrx_word' id='word_1_36' title='bbox 3153 591 3282 628; x_wconf 91' lang='lat' dir='ltr'>cum</span> <span class='ocrx_word' id='word_1_37' title='bbox 3315 573 3601 629; x_wconf 89' lang='lat' dir='ltr'>Baluzium</span> <span class='ocrx_word' id='word_1_38' title='bbox 3646 571 3813 626; x_wconf 91' lang='lat' dir='ltr'>nobis</span> 
     </span>
    </p>
   </div>
   <div class='ocr_carea' id='block_1_6' title="bbox 453 663 3812 740">
    <p class='ocr_par' dir='ltr' id='par_1_6' title="bbox 453 663 3812 740">
     <span class='ocr_line' id='line_1_6' title="bbox 453 663 3812 740; baseline -0.002 -20"><span class='ocrx_word' id='word_1_39' title='bbox 453 668 502 740; x_wconf 76' lang='grc'><strong>1</strong></span> <span class='ocrx_word' id='word_1_40' title='bbox 524 665 751 740; x_wconf 78' lang='grc'>5-16</span> <span class='ocrx_word' id='word_1_41' title='bbox 794 681 946 720; x_wconf 90' lang='lat' dir='ltr'>mors</span> <span class='ocrx_word' id='word_1_42' title='bbox 973 666 1222 720; x_wconf 82' lang='lat' dir='ltr'>abstulit.</span> <span class='ocrx_word' id='word_1_43' title='bbox 1257 668 1468 720; x_wconf 62' lang='lat' dir='ltr'>Praiter</span> <span class='ocrx_word' id='word_1_44' title='bbox 1502 673 1616 720; x_wconf 88' lang='lat' dir='ltr'>tres</span> <span class='ocrx_word' id='word_1_45' title='bbox 1649 666 1768 720; x_wconf 88' lang='lat' dir='ltr'>illas</span> <span class='ocrx_word' id='word_1_46' title='bbox 1797 666 2287 736; x_wconf 86' lang='lat' dir='ltr'>pertractationes,</span> <span class='ocrx_word' id='word_1_47' title='bbox 2321 667 2386 720; x_wconf 87' lang='lat' dir='ltr'>de</span> <span class='ocrx_word' id='word_1_48' title='bbox 2411 665 2758 735; x_wconf 80' lang='lat' dir='ltr'>Spectaculis,</span> <span class='ocrx_word' id='word_1_49' title='bbox 2788 664 2852 717; x_wconf 87' lang='lat' dir='ltr'>de</span> <span class='ocrx_word' id='word_1_50' title='bbox 2883 664 3068 717; x_wconf 85' lang='lat' dir='ltr'>Laude</span> <span class='ocrx_word' id='word_1_51' title='bbox 3103 665 3379 731; x_wconf 79' lang='lat' dir='ltr'>Martyrii,</span> <span class='ocrx_word' id='word_1_52' title='bbox 3417 667 3473 716; x_wconf 93' lang='lat' dir='ltr'>et</span> <span class='ocrx_word' id='word_1_53' title='bbox 3511 663 3576 715; x_wconf 83' lang='lat' dir='ltr'>de</span> <span class='ocrx_word' id='word_1_54' title='bbox 3603 663 3812 730; x_wconf 81' lang='lat' dir='ltr'>Rebup-</span> 
     </span>
    </p>
   </div>
   <div class='ocr_carea' id='block_1_7' title="bbox 457 751 3811 826">
    <p class='ocr_par' dir='ltr' id='par_1_7' title="bbox 457 751 3811 826">
     <span class='ocr_line' id='line_1_7' title="bbox 457 751 3811 826; baseline -0.002 -16"><span class='ocrx_word' id='word_1_55' title='bbox 457 760 685 822; x_wconf 79' lang='lat' dir='ltr'>tismute,</span> <span class='ocrx_word' id='word_1_56' title='bbox 733 771 870 826; x_wconf 88' lang='lat' dir='ltr'>quas</span> <span class='ocrx_word' id='word_1_57' title='bbox 925 755 1181 808; x_wconf 87' lang='lat' dir='ltr'>Baluzius</span> <span class='ocrx_word' id='word_1_58' title='bbox 1221 771 1350 808; x_wconf 91' lang='lat' dir='ltr'>cum</span> <span class='ocrx_word' id='word_1_59' title='bbox 1398 754 1664 825; x_wconf 81' lang='lat' dir='ltr'>genuinis</span> <span class='ocrx_word' id='word_1_60' title='bbox 1714 755 1979 826; x_wconf 82' lang='lat' dir='ltr'>Cypriani</span> <span class='ocrx_word' id='word_1_61' title='bbox 2031 755 2298 826; x_wconf 87' lang='lat' dir='ltr'>operibus</span> <span class='ocrx_word' id='word_1_62' title='bbox 2345 754 2660 825; x_wconf 81' lang='lat' dir='ltr'>conjunxit,</span> <span class='ocrx_word' id='word_1_63' title='bbox 2707 753 2948 807; x_wconf 87' lang='lat' dir='ltr'>absoluti</span> <span class='ocrx_word' id='word_1_64' title='bbox 2988 758 3150 807; x_wconf 89' lang='lat' dir='ltr'>erant</span> <span class='ocrx_word' id='word_1_65' title='bbox 3194 752 3324 807; x_wconf 87' lang='lat' dir='ltr'>libri</span> <span class='ocrx_word' id='word_1_66' title='bbox 3365 752 3430 806; x_wconf 82' lang='lat' dir='ltr'>de</span> <span class='ocrx_word' id='word_1_67' title='bbox 3465 754 3606 807; x_wconf 90' lang='lat' dir='ltr'>Bono</span> <span class='ocrx_word' id='word_1_68' title='bbox 3646 751 3811 805; x_wconf 84' lang='lat' dir='ltr'>Pudi-</span> 
     </span>
    </p>
   </div>
   <div class='ocr_carea' id='block_1_8' title="bbox 452 838 3813 910">
    <p class='ocr_par' dir='ltr' id='par_1_8' title="bbox 452 838 3813 910">
     <span class='ocr_line' id='line_1_8' title="bbox 452 838 3813 910; baseline -0.002 -11"><span class='ocrx_word' id='word_1_69' title='bbox 452 848 610 907; x_wconf 75' lang='lat' dir='ltr'>citia,</span> <span class='ocrx_word' id='word_1_70' title='bbox 651 845 718 899; x_wconf 88' lang='lat' dir='ltr'>dc</span> <span class='ocrx_word' id='word_1_71' title='bbox 763 845 1124 907; x_wconf 78' lang='lat' dir='ltr'>Aleatoribus,</span> <span class='ocrx_word' id='word_1_72' title='bbox 1168 845 1243 898; x_wconf 88' lang='lat' dir='ltr'>ad</span> <span class='ocrx_word' id='word_1_73' title='bbox 1300 846 1669 901; x_wconf 82' lang='lat' dir='ltr'>Novatianum</span> <span class='ocrx_word' id='word_1_74' title='bbox 1721 846 2058 906; x_wconf 70' lang='lat' dir='ltr'>Haereticum,</span> <span class='ocrx_word' id='word_1_75' title='bbox 2115 845 2181 898; x_wconf 89' lang='lat' dir='ltr'>de</span> <span class='ocrx_word' id='word_1_76' title='bbox 2222 845 2492 899; x_wconf 84' lang='lat' dir='ltr'>Montibus</span> <span class='ocrx_word' id='word_1_77' title='bbox 2543 846 2675 900; x_wconf 85' lang='lat' dir='ltr'>Sina</span> <span class='ocrx_word' id='word_1_78' title='bbox 2730 849 2780 897; x_wconf 81' lang='lat' dir='ltr'>et</span> <span class='ocrx_word' id='word_1_79' title='bbox 2830 843 2978 906; x_wconf 89' lang='lat' dir='ltr'>Sion,</span> <span class='ocrx_word' id='word_1_80' title='bbox 3026 843 3149 896; x_wconf 69' lang='lat' dir='ltr'>dua</span> <span class='ocrx_word' id='word_1_81' title='bbox 3197 842 3480 898; x_wconf 76' lang='lat' dir='ltr'>Orationes</span> <span class='ocrx_word' id='word_1_82' title='bbox 3533 838 3813 910; x_wconf 89' lang='lat' dir='ltr'>Cypriano</span> 
     </span>
    </p>
   </div>
   <div class='ocr_carea' id='block_1_9' title="bbox 451 929 3813 1001">
    <p class='ocr_par' dir='ltr' id='par_1_9' title="bbox 451 929 3813 1001">
     <span class='ocr_line' id='line_1_9' title="bbox 451 929 3813 1001; baseline -0.001 -13"><span class='ocrx_word' id='word_1_83' title='bbox 451 935 672 1001; x_wconf 83' lang='lat' dir='ltr'>afﬁcta,</span> <span class='ocrx_word' id='word_1_84' title='bbox 713 935 988 986; x_wconf 90' lang='lat' dir='ltr'>tractatus</span> <span class='ocrx_word' id='word_1_85' title='bbox 1033 933 1287 998; x_wconf 87' lang='lat' dir='ltr'>Arnoldi,</span> <span class='ocrx_word' id='word_1_86' title='bbox 1341 933 1711 987; x_wconf 78' lang='lat' dir='ltr'>Bona-Vallis</span> <span class='ocrx_word' id='word_1_87' title='bbox 1759 933 1996 1000; x_wconf 83' lang='lat' dir='ltr'>abbatis,</span> <span class='ocrx_word' id='word_1_88' title='bbox 2026 934 2091 988; x_wconf 85' lang='lat' dir='ltr'>de</span> <span class='ocrx_word' id='word_1_89' title='bbox 2135 936 2437 988; x_wconf 76' lang='lat' dir='ltr'>novissimis</span> <span class='ocrx_word' id='word_1_90' title='bbox 2479 934 2664 989; x_wconf 83' lang='lat' dir='ltr'>Verbis</span> <span class='ocrx_word' id='word_1_91' title='bbox 2705 935 2923 988; x_wconf 87' lang='lat' dir='ltr'>Domini</span> <span class='ocrx_word' id='word_1_92' title='bbox 2961 935 3019 986; x_wconf 85' lang='lat' dir='ltr'>in</span> <span class='ocrx_word' id='word_1_93' title='bbox 3057 948 3228 996; x_wconf 83' lang='lat' dir='ltr'>cruce,</span> <span class='ocrx_word' id='word_1_94' title='bbox 3256 930 3515 1001; x_wconf 90' lang='lat' dir='ltr'>ejusdem</span> <span class='ocrx_word' id='word_1_95' title='bbox 3567 929 3712 982; x_wconf 88' lang='lat' dir='ltr'>liber</span> <span class='ocrx_word' id='word_1_96' title='bbox 3749 931 3813 984; x_wconf 88' lang='lat' dir='ltr'>de</span> 
     </span>
    </p>
   </div>
   <div class='ocr_carea' id='block_1_10' title="bbox 454 1019 3814 1094">
    <p class='ocr_par' dir='ltr' id='par_1_10' title="bbox 454 1019 3814 1094">
     <span class='ocr_line' id='line_1_10' title="bbox 454 1019 3814 1094; baseline -0.003 -13"><span class='ocrx_word' id='word_1_97' title='bbox 454 1023 839 1082; x_wconf 84' lang='lat' dir='ltr'>Cardinalibus</span> <span class='ocrx_word' id='word_1_98' title='bbox 882 1022 1081 1077; x_wconf 80' lang='lat' dir='ltr'>Christi</span> <span class='ocrx_word' id='word_1_99' title='bbox 1119 1022 1395 1092; x_wconf 83' lang='lat' dir='ltr'>Operibus,</span> <span class='ocrx_word' id='word_1_100' title='bbox 1431 1021 1653 1076; x_wconf 90' lang='lat' dir='ltr'>duobus</span> <span class='ocrx_word' id='word_1_101' title='bbox 1693 1025 1789 1076; x_wconf 93' lang='lat' dir='ltr'>aut</span> <span class='ocrx_word' id='word_1_102' title='bbox 1835 1022 2012 1076; x_wconf 87' lang='lat' dir='ltr'>tribus</span> <span class='ocrx_word' id='word_1_103' title='bbox 2057 1022 2205 1076; x_wconf 90' lang='lat' dir='ltr'>foliis</span> <span class='ocrx_word' id='word_1_104' title='bbox 2243 1022 2507 1094; x_wconf 82' lang='lat' dir='ltr'>exceptis.</span> <span class='ocrx_word' id='word_1_105' title='bbox 2543 1025 2604 1076; x_wconf 91' lang='lat' dir='ltr'>In</span> <span class='ocrx_word' id='word_1_106' title='bbox 2646 1022 2732 1075; x_wconf 88' lang='lat' dir='ltr'>his</span> <span class='ocrx_word' id='word_1_107' title='bbox 2778 1037 2907 1092; x_wconf 84' lang='lat' dir='ltr'>qua</span> <span class='ocrx_word' id='word_1_108' title='bbox 2953 1024 3291 1091; x_wconf 84' lang='lat' dir='ltr'>supererant</span> <span class='ocrx_word' id='word_1_109' title='bbox 3335 1019 3708 1074; x_wconf 85' lang='lat' dir='ltr'>emendandis</span> <span class='ocrx_word' id='word_1_110' title='bbox 3756 1024 3814 1072; x_wconf 91' lang='lat' dir='ltr'>et</span> 
     </span>
    </p>
   </div>
   <div class='ocr_carea' id='block_1_11' title="bbox 454 1108 3812 1181">
    <p class='ocr_par' dir='ltr' id='par_1_11' title="bbox 454 1108 3812 1181">
     <span class='ocr_line' id='line_1_11' title="bbox 454 1108 3812 1181; baseline -0.002 -15"><span class='ocrx_word' id='word_1_111' title='bbox 454 1111 692 1166; x_wconf 87' lang='lat' dir='ltr'>edendis</span> <span class='ocrx_word' id='word_1_112' title='bbox 739 1111 1153 1164; x_wconf 86' lang='lat' dir='ltr'>elaborandum</span> <span class='ocrx_word' id='word_1_113' title='bbox 1200 1110 1324 1164; x_wconf 90' lang='lat' dir='ltr'>fuit.</span> <span class='ocrx_word' id='word_1_114' title='bbox 1365 1113 1547 1181; x_wconf 91' lang='lat' dir='ltr'>Atque</span> <span class='ocrx_word' id='word_1_115' title='bbox 1588 1110 1876 1181; x_wconf 88' lang='lat' dir='ltr'>equidem,</span> <span class='ocrx_word' id='word_1_116' title='bbox 1923 1111 1967 1164; x_wconf 90' lang='lat' dir='ltr'>si</span> <span class='ocrx_word' id='word_1_117' title='bbox 2012 1127 2218 1165; x_wconf 89' lang='lat' dir='ltr'>novam</span> <span class='ocrx_word' id='word_1_118' title='bbox 2261 1111 2527 1181; x_wconf 81' lang='lat' dir='ltr'>Cypriani</span> <span class='ocrx_word' id='word_1_119' title='bbox 2575 1125 2813 1180; x_wconf 90' lang='lat' dir='ltr'>operum</span> <span class='ocrx_word' id='word_1_120' title='bbox 2849 1109 3158 1164; x_wconf 88' lang='lat' dir='ltr'>editionem</span> <span class='ocrx_word' id='word_1_121' title='bbox 3203 1109 3592 1180; x_wconf 84' lang='lat' dir='ltr'>suscepissem,</span> <span class='ocrx_word' id='word_1_122' title='bbox 3630 1108 3812 1162; x_wconf 87' lang='lat' dir='ltr'>fateor</span> 
     </span>
    </p>
   </div>
   <div class='ocr_carea' id='block_1_12' title="bbox 449 1197 3810 1271">
    <p class='ocr_par' dir='ltr' id='par_1_12' title="bbox 449 1197 3810 1271">
     <span class='ocr_line' id='line_1_12' title="bbox 449 1197 3810 1271; baseline -0.002 -16"><span class='ocrx_word' id='word_1_123' title='bbox 449 1218 540 1255; x_wconf 90' lang='lat' dir='ltr'>me</span> <span class='ocrx_word' id='word_1_124' title='bbox 583 1218 696 1255; x_wconf 90' lang='lat' dir='ltr'>non</span> <span class='ocrx_word' id='word_1_125' title='bbox 725 1217 907 1271; x_wconf 89' lang='lat' dir='ltr'>pauca</span> <span class='ocrx_word' id='word_1_126' title='bbox 935 1217 1000 1253; x_wconf 86' lang='lat' dir='ltr'>ex</span> <span class='ocrx_word' id='word_1_127' title='bbox 1032 1206 1149 1254; x_wconf 89' lang='lat' dir='ltr'>tam</span> <span class='ocrx_word' id='word_1_128' title='bbox 1177 1201 1336 1269; x_wconf 85' lang='lat' dir='ltr'>gravi</span> <span class='ocrx_word' id='word_1_129' title='bbox 1369 1199 1587 1254; x_wconf 86' lang='lat' dir='ltr'>sarcina</span> <span class='ocrx_word' id='word_1_130' title='bbox 1615 1200 2056 1254; x_wconf 79' lang='lat' dir='ltr'>deoneraturum</span> <span class='ocrx_word' id='word_1_131' title='bbox 2097 1200 2286 1254; x_wconf 90' lang='lat' dir='ltr'>fuisse.</span> <span class='ocrx_word' id='word_1_132' title='bbox 2317 1199 2448 1265; x_wconf 89' lang='lat' dir='ltr'>Sed,</span> <span class='ocrx_word' id='word_1_133' title='bbox 2479 1216 2608 1254; x_wconf 92' lang='lat' dir='ltr'>cum</span> <span class='ocrx_word' id='word_1_134' title='bbox 2641 1197 3022 1268; x_wconf 88' lang='lat' dir='ltr'>intelligerem</span> <span class='ocrx_word' id='word_1_135' title='bbox 3051 1197 3314 1251; x_wconf 81' lang='lat' dir='ltr'>vicariam</span> <span class='ocrx_word' id='word_1_136' title='bbox 3351 1215 3443 1251; x_wconf 89' lang='lat' dir='ltr'>me</span> <span class='ocrx_word' id='word_1_137' title='bbox 3471 1213 3704 1266; x_wconf 89' lang='lat' dir='ltr'>operam</span> <span class='ocrx_word' id='word_1_138' title='bbox 3739 1197 3810 1249; x_wconf 87' lang='lat' dir='ltr'>ad</span> 
     </span>
    </p>
   </div>
   <div class='ocr_carea' id='block_1_13' title="bbox 452 1284 3808 1358">
    <p class='ocr_par' dir='ltr' id='par_1_13' title="bbox 452 1284 3808 1358">
     <span class='ocr_line' id='line_1_13' title="bbox 452 1284 3808 1358; baseline -0.001 -14"><span class='ocrx_word' id='word_1_139' title='bbox 452 1291 597 1344; x_wconf 92' lang='lat' dir='ltr'>hanc</span> <span class='ocrx_word' id='word_1_140' title='bbox 634 1290 944 1344; x_wconf 85' lang='lat' dir='ltr'>editionem</span> <span class='ocrx_word' id='word_1_141' title='bbox 987 1288 1387 1342; x_wconf 88' lang='lat' dir='ltr'>absolvendam</span> <span class='ocrx_word' id='word_1_142' title='bbox 1435 1288 1658 1356; x_wconf 79' lang='lat' dir='ltr'>afferre,</span> <span class='ocrx_word' id='word_1_143' title='bbox 1689 1288 1908 1342; x_wconf 86' lang='lat' dir='ltr'>cautius</span> <span class='ocrx_word' id='word_1_144' title='bbox 1947 1289 2088 1342; x_wconf 89' lang='lat' dir='ltr'>mihi</span> <span class='ocrx_word' id='word_1_145' title='bbox 2127 1289 2412 1358; x_wconf 90' lang='lat' dir='ltr'>agendum</span> <span class='ocrx_word' id='word_1_146' title='bbox 2451 1287 2578 1342; x_wconf 89' lang='lat' dir='ltr'>fuit.</span> <span class='ocrx_word' id='word_1_147' title='bbox 2612 1289 2808 1357; x_wconf 82' lang='lat' dir='ltr'>Itaque</span> <span class='ocrx_word' id='word_1_148' title='bbox 2839 1286 3048 1340; x_wconf 87' lang='lat' dir='ltr'>retinui</span> <span class='ocrx_word' id='word_1_149' title='bbox 3087 1285 3360 1357; x_wconf 88' lang='lat' dir='ltr'>quidquid</span> <span class='ocrx_word' id='word_1_150' title='bbox 3394 1284 3591 1338; x_wconf 87' lang='lat' dir='ltr'>habuit</span> <span class='ocrx_word' id='word_1_151' title='bbox 3636 1285 3808 1339; x_wconf 87' lang='lat' dir='ltr'>editio</span> 
     </span>
    </p>
   </div>
   <div class='ocr_carea' id='block_1_14' title="bbox 449 1373 3809 1448">
    <p class='ocr_par' dir='ltr' id='par_1_14' title="bbox 449 1373 3809 1448">
     <span class='ocr_line' id='line_1_14' title="bbox 449 1373 3809 1448; baseline -0.003 -14"><span class='ocrx_word' id='word_1_152' title='bbox 449 1379 704 1444; x_wconf 90' lang='lat' dir='ltr'>Pamelii,</span> <span class='ocrx_word' id='word_1_153' title='bbox 738 1379 872 1448; x_wconf 88' lang='lat' dir='ltr'>quia</span> <span class='ocrx_word' id='word_1_154' title='bbox 913 1377 990 1430; x_wconf 90' lang='lat' dir='ltr'>sic</span> <span class='ocrx_word' id='word_1_155' title='bbox 1021 1377 1202 1430; x_wconf 89' lang='lat' dir='ltr'>visum</span> <span class='ocrx_word' id='word_1_156' title='bbox 1232 1378 1460 1431; x_wconf 90' lang='lat' dir='ltr'>Baluzio</span> <span class='ocrx_word' id='word_1_157' title='bbox 1502 1377 1706 1431; x_wconf 85' lang='lat' dir='ltr'>fuerat.</span> <span class='ocrx_word' id='word_1_158' title='bbox 1743 1377 1851 1432; x_wconf 89' lang='lat' dir='ltr'>Sed</span> <span class='ocrx_word' id='word_1_159' title='bbox 1884 1393 1950 1431; x_wconf 91' lang='lat' dir='ltr'>ex</span> <span class='ocrx_word' id='word_1_160' title='bbox 1983 1378 2049 1430; x_wconf 91' lang='lat' dir='ltr'>iis</span> <span class='ocrx_word' id='word_1_161' title='bbox 2084 1377 2289 1448; x_wconf 90' lang='lat' dir='ltr'>quibus</span> <span class='ocrx_word' id='word_1_162' title='bbox 2320 1376 2484 1446; x_wconf 88' lang='lat' dir='ltr'>Angli</span> <span class='ocrx_word' id='word_1_163' title='bbox 2515 1376 2862 1446; x_wconf 83' lang='lat' dir='ltr'>Cyprianum</span> <span class='ocrx_word' id='word_1_164' title='bbox 2902 1381 3236 1440; x_wconf 87' lang='lat' dir='ltr'>onerarunt,</span> <span class='ocrx_word' id='word_1_165' title='bbox 3265 1373 3648 1428; x_wconf 92' lang='lat' dir='ltr'>necessarium</span> <span class='ocrx_word' id='word_1_166' title='bbox 3691 1390 3809 1427; x_wconf 86' lang='lat' dir='ltr'>esse</span> 
     </span>
    </p>
   </div>
   <div class='ocr_carea' id='block_1_15' title="bbox 453 1461 3808 1538">
    <p class='ocr_par' dir='ltr' id='par_1_15' title="bbox 453 1461 3808 1538">
     <span class='ocr_line' id='line_1_15' title="bbox 453 1461 3808 1538; baseline -0.002 -16"><span class='ocrx_word' id='word_1_167' title='bbox 453 1469 587 1524; x_wconf 88' lang='lat' dir='ltr'>duxi</span> <span class='ocrx_word' id='word_1_168' title='bbox 637 1467 1092 1522; x_wconf 88' lang='lat' dir='ltr'>elucubrationes</span> <span class='ocrx_word' id='word_1_169' title='bbox 1138 1467 1371 1520; x_wconf 89' lang='lat' dir='ltr'>Arnoldi</span> <span class='ocrx_word' id='word_1_170' title='bbox 1421 1468 1781 1521; x_wconf 82' lang='lat' dir='ltr'>Bona-Vallis</span> <span class='ocrx_word' id='word_1_171' title='bbox 1823 1468 1888 1521; x_wconf 84' lang='lat' dir='ltr'>de</span> <span class='ocrx_word' id='word_1_172' title='bbox 1931 1469 2187 1538; x_wconf 83' lang='lat' dir='ltr'>Operibus</span> <span class='ocrx_word' id='word_1_173' title='bbox 2228 1483 2322 1522; x_wconf 71' lang='lat' dir='ltr'>sem</span> <span class='ocrx_word' id='word_1_174' title='bbox 2364 1467 2592 1525; x_wconf 85' lang='lat' dir='ltr'>dierum,</span> <span class='ocrx_word' id='word_1_175' title='bbox 2624 1467 2680 1518; x_wconf 88' lang='lat' dir='ltr'>et</span> <span class='ocrx_word' id='word_1_176' title='bbox 2723 1464 2788 1518; x_wconf 85' lang='lat' dir='ltr'>de</span> <span class='ocrx_word' id='word_1_177' title='bbox 2832 1464 3110 1519; x_wconf 84' lang='lat' dir='ltr'>Laudibus</span> <span class='ocrx_word' id='word_1_178' title='bbox 3157 1464 3325 1518; x_wconf 70' lang='lat' dir='ltr'>beatae</span> <span class='ocrx_word' id='word_1_179' title='bbox 3371 1464 3632 1530; x_wconf 83' lang='lat' dir='ltr'>Virginis,</span> <span class='ocrx_word' id='word_1_180' title='bbox 3661 1461 3808 1531; x_wconf 89' lang='lat' dir='ltr'>ejus-</span> 
     </span>
    </p>
   </div>
   <div class='ocr_carea' id='block_1_16' title="bbox 450 1550 3810 1627">
    <p class='ocr_par' dir='ltr' id='par_1_16' title="bbox 450 1550 3810 1627">
     <span class='ocr_line' id='line_1_16' title="bbox 450 1550 3810 1627; baseline -0.003 -15"><span class='ocrx_word' id='word_1_181' title='bbox 450 1559 694 1627; x_wconf 87' lang='lat' dir='ltr'>demque</span> <span class='ocrx_word' id='word_1_182' title='bbox 727 1558 1105 1610; x_wconf 75' lang='lat' dir='ltr'>Mcditationes</span> <span class='ocrx_word' id='word_1_183' title='bbox 1135 1572 1499 1625; x_wconf 82' lang='lat' dir='ltr'>expungere;</span> <span class='ocrx_word' id='word_1_184' title='bbox 1535 1560 1656 1609; x_wconf 92' lang='lat' dir='ltr'>tum</span> <span class='ocrx_word' id='word_1_185' title='bbox 1690 1572 1760 1609; x_wconf 92' lang='lat' dir='ltr'>ne</span> <span class='ocrx_word' id='word_1_186' title='bbox 1797 1557 2058 1611; x_wconf 84' lang='lat' dir='ltr'>volumen</span> <span class='ocrx_word' id='word_1_187' title='bbox 2091 1556 2328 1610; x_wconf 90' lang='lat' dir='ltr'>nimiam</span> <span class='ocrx_word' id='word_1_188' title='bbox 2361 1555 2416 1608; x_wconf 90' lang='lat' dir='ltr'>in</span> <span class='ocrx_word' id='word_1_189' title='bbox 2453 1554 2662 1608; x_wconf 90' lang='lat' dir='ltr'>molem</span> <span class='ocrx_word' id='word_1_190' title='bbox 2693 1557 2977 1607; x_wconf 86' lang='lat' dir='ltr'>cresceret</span> <span class='ocrx_word' id='word_1_191' title='bbox 3003 1553 3251 1621; x_wconf 88' lang='lat' dir='ltr'>(auctum</span> <span class='ocrx_word' id='word_1_192' title='bbox 3286 1551 3441 1605; x_wconf 90' lang='lat' dir='ltr'>enim</span> <span class='ocrx_word' id='word_1_193' title='bbox 3481 1550 3680 1604; x_wconf 86' lang='lat' dir='ltr'>fuisset</span> <span class='ocrx_word' id='word_1_194' title='bbox 3709 1550 3810 1603; x_wconf 91' lang='lat' dir='ltr'>de-</span> 
     </span>
    </p>
   </div>
   <div class='ocr_carea' id='block_1_17' title="bbox 449 1639 3814 1715">
    <p class='ocr_par' dir='ltr' id='par_1_17' title="bbox 449 1639 3814 1715">
     <span class='ocr_line' id='line_1_17' title="bbox 449 1639 3814 1715; baseline -0.003 -15"><span class='ocrx_word' id='word_1_195' title='bbox 449 1664 573 1701; x_wconf 90' lang='lat' dir='ltr'>cem</span> <span class='ocrx_word' id='word_1_196' title='bbox 619 1646 808 1714; x_wconf 80' lang='lat' dir='ltr'>foliis),</span> <span class='ocrx_word' id='word_1_197' title='bbox 844 1649 966 1698; x_wconf 88' lang='lat' dir='ltr'>tum</span> <span class='ocrx_word' id='word_1_198' title='bbox 1021 1646 1157 1715; x_wconf 89' lang='lat' dir='ltr'>quia</span> <span class='ocrx_word' id='word_1_199' title='bbox 1183 1644 1289 1698; x_wconf 89' lang='lat' dir='ltr'>alia</span> <span class='ocrx_word' id='word_1_200' title='bbox 1336 1648 1565 1698; x_wconf 88' lang='lat' dir='ltr'>exstant</span> <span class='ocrx_word' id='word_1_201' title='bbox 1606 1645 1665 1698; x_wconf 91' lang='lat' dir='ltr'>in</span> <span class='ocrx_word' id='word_1_202' title='bbox 1696 1645 2050 1700; x_wconf 88' lang='lat' dir='ltr'>bibliothecis</span> <span class='ocrx_word' id='word_1_203' title='bbox 2094 1645 2300 1699; x_wconf 88' lang='lat' dir='ltr'>nostris</span> <span class='ocrx_word' id='word_1_204' title='bbox 2330 1643 2586 1713; x_wconf 87' lang='lat' dir='ltr'>ejusdem</span> <span class='ocrx_word' id='word_1_205' title='bbox 2615 1641 2850 1697; x_wconf 88' lang='lat' dir='ltr'>Arnoldi</span> <span class='ocrx_word' id='word_1_206' title='bbox 2881 1657 3074 1711; x_wconf 86' lang='lat' dir='ltr'>opera,</span> <span class='ocrx_word' id='word_1_207' title='bbox 3107 1656 3234 1711; x_wconf 88' lang='lat' dir='ltr'>qua</span> <span class='ocrx_word' id='word_1_208' title='bbox 3267 1639 3388 1710; x_wconf 89' lang='lat' dir='ltr'>pari</span> <span class='ocrx_word' id='word_1_209' title='bbox 3423 1640 3554 1709; x_wconf 88' lang='lat' dir='ltr'>jure</span> <span class='ocrx_word' id='word_1_210' title='bbox 3584 1655 3648 1692; x_wconf 92' lang='lat' dir='ltr'>ac</span> <span class='ocrx_word' id='word_1_211' title='bbox 3699 1641 3814 1691; x_wconf 91' lang='lat' dir='ltr'>tres</span> 
     </span>
    </p>
   </div>
   <div class='ocr_carea' id='block_1_18' title="bbox 448 1727 3809 1804">
    <p class='ocr_par' dir='ltr' id='par_1_18' title="bbox 448 1727 3809 1804">
     <span class='ocr_line' id='line_1_18' title="bbox 448 1727 3809 1804; baseline -0.003 -14"><span class='ocrx_word' id='word_1_212' title='bbox 448 1736 562 1790; x_wconf 84' lang='lat' dir='ltr'>illae</span> <span class='ocrx_word' id='word_1_213' title='bbox 607 1735 1083 1798; x_wconf 86' lang='lat' dir='ltr'>elucubrationes,</span> <span class='ocrx_word' id='word_1_214' title='bbox 1115 1734 1172 1786; x_wconf 90' lang='lat' dir='ltr'>in</span> <span class='ocrx_word' id='word_1_215' title='bbox 1213 1733 1360 1786; x_wconf 91' lang='lat' dir='ltr'>hanc</span> <span class='ocrx_word' id='word_1_216' title='bbox 1406 1734 1722 1788; x_wconf 84' lang='lat' dir='ltr'>editionem</span> <span class='ocrx_word' id='word_1_217' title='bbox 1762 1733 1935 1804; x_wconf 83' lang='lat' dir='ltr'>recipi</span> <span class='ocrx_word' id='word_1_218' title='bbox 1989 1733 2335 1788; x_wconf 87' lang='lat' dir='ltr'>debuissent.</span> <span class='ocrx_word' id='word_1_219' title='bbox 2369 1733 2585 1787; x_wconf 86' lang='lat' dir='ltr'>Placuit</span> <span class='ocrx_word' id='word_1_220' title='bbox 2627 1731 2862 1785; x_wconf 86' lang='lat' dir='ltr'>eruditis</span> <span class='ocrx_word' id='word_1_221' title='bbox 2904 1729 3054 1789; x_wconf 88' lang='lat' dir='ltr'>viris,</span> <span class='ocrx_word' id='word_1_222' title='bbox 3087 1745 3229 1799; x_wconf 89' lang='lat' dir='ltr'>quos</span> <span class='ocrx_word' id='word_1_223' title='bbox 3280 1727 3334 1782; x_wconf 90' lang='lat' dir='ltr'>in</span> <span class='ocrx_word' id='word_1_224' title='bbox 3376 1728 3675 1782; x_wconf 89' lang='lat' dir='ltr'>consilium</span> <span class='ocrx_word' id='word_1_225' title='bbox 3715 1727 3809 1780; x_wconf 83' lang='lat' dir='ltr'>ad-</span> 
     </span>
    </p>
   </div>
   <div class='ocr_carea' id='block_1_19' title="bbox 447 1817 3814 1894">
    <p class='ocr_par' dir='ltr' id='par_1_19' title="bbox 447 1817 3814 1894">
     <span class='ocr_line' id='line_1_19' title="bbox 447 1817 3814 1894; baseline -0.002 -16"><span class='ocrx_word' id='word_1_226' title='bbox 447 1824 758 1890; x_wconf 78' lang='lat' dir='ltr'>hibuimus,</span> <span class='ocrx_word' id='word_1_227' title='bbox 791 1827 850 1876; x_wconf 88' lang='lat' dir='ltr'>ut</span> <span class='ocrx_word' id='word_1_228' title='bbox 893 1823 1109 1876; x_wconf 89' lang='lat' dir='ltr'>neutris</span> <span class='ocrx_word' id='word_1_229' title='bbox 1158 1823 1344 1876; x_wconf 88' lang='lat' dir='ltr'>aditus</span> <span class='ocrx_word' id='word_1_230' title='bbox 1391 1821 1639 1877; x_wconf 84' lang='lat' dir='ltr'>daretur.</span> <span class='ocrx_word' id='word_1_231' title='bbox 1668 1825 2016 1893; x_wconf 87' lang='lat' dir='ltr'>Computum</span> <span class='ocrx_word' id='word_1_232' title='bbox 2062 1824 2344 1893; x_wconf 86' lang='lat' dir='ltr'>paschale,</span> <span class='ocrx_word' id='word_1_233' title='bbox 2379 1821 2534 1894; x_wconf 90' lang='lat' dir='ltr'>quod</span> <span class='ocrx_word' id='word_1_234' title='bbox 2575 1821 2751 1875; x_wconf 91' lang='lat' dir='ltr'>iidem</span> <span class='ocrx_word' id='word_1_235' title='bbox 2793 1819 2957 1890; x_wconf 85' lang='lat' dir='ltr'>Angli</span> <span class='ocrx_word' id='word_1_236' title='bbox 3003 1817 3324 1884; x_wconf 90' lang='lat' dir='ltr'>ediderant,</span> <span class='ocrx_word' id='word_1_237' title='bbox 3367 1817 3666 1871; x_wconf 90' lang='lat' dir='ltr'>eliminare</span> <span class='ocrx_word' id='word_1_238' title='bbox 3703 1821 3814 1870; x_wconf 89' lang='lat' dir='ltr'>sta-</span> 
     </span>
    </p>
   </div>
   <div class='ocr_carea' id='block_1_20' title="bbox 451 1906 3815 1983">
    <p class='ocr_par' dir='ltr' id='par_1_20' title="bbox 451 1906 3815 1983">
     <span class='ocr_line' id='line_1_20' title="bbox 451 1906 3815 1983; baseline -0.002 -16"><span class='ocrx_word' id='word_1_239' title='bbox 451 1917 641 1967; x_wconf 88' lang='lat' dir='ltr'>tuerat</span> <span class='ocrx_word' id='word_1_240' title='bbox 686 1913 973 1978; x_wconf 85' lang='lat' dir='ltr'>Baluzius;</span> <span class='ocrx_word' id='word_1_241' title='bbox 1007 1913 1220 1965; x_wconf 91' lang='lat' dir='ltr'>etcum</span> <span class='ocrx_word' id='word_1_242' title='bbox 1271 1928 1448 1981; x_wconf 88' lang='lat' dir='ltr'>opera</span> <span class='ocrx_word' id='word_1_243' title='bbox 1476 1911 1756 1982; x_wconf 88' lang='lat' dir='ltr'>Cypriano</span> <span class='ocrx_word' id='word_1_244' title='bbox 1786 1913 2029 1983; x_wconf 88' lang='lat' dir='ltr'>ascripta</span> <span class='ocrx_word' id='word_1_245' title='bbox 2074 1929 2142 1967; x_wconf 88' lang='lat' dir='ltr'>ex</span> <span class='ocrx_word' id='word_1_246' title='bbox 2183 1912 2430 1967; x_wconf 86' lang='lat' dir='ltr'>editione</span> <span class='ocrx_word' id='word_1_247' title='bbox 2463 1910 2770 1966; x_wconf 86' lang='lat' dir='ltr'>Oxoniensi</span> <span class='ocrx_word' id='word_1_248' title='bbox 2799 1907 3190 1979; x_wconf 85' lang='lat' dir='ltr'>excerpsisset,</span> <span class='ocrx_word' id='word_1_249' title='bbox 3223 1906 3372 1962; x_wconf 86' lang='lat' dir='ltr'>istud</span> <span class='ocrx_word' id='word_1_250' title='bbox 3418 1906 3490 1960; x_wconf 91' lang='lat' dir='ltr'>de</span> <span class='ocrx_word' id='word_1_251' title='bbox 3533 1906 3815 1960; x_wconf 89' lang='lat' dir='ltr'>industria</span> 
     </span>
    </p>
   </div>
   <div class='ocr_carea' id='block_1_21' title="bbox 449 1995 3813 2072">
    <p class='ocr_par' dir='ltr' id='par_1_21' title="bbox 449 1995 3813 2072">
     <span class='ocr_line' id='line_1_21' title="bbox 449 1995 3813 2072; baseline -0.002 -17"><span class='ocrx_word' id='word_1_252' title='bbox 449 2002 740 2056; x_wconf 87' lang='lat' dir='ltr'>omiserat.</span> <span class='ocrx_word' id='word_1_253' title='bbox 774 2002 849 2054; x_wconf 90' lang='lat' dir='ltr'>Eo</span> <span class='ocrx_word' id='word_1_254' title='bbox 881 2001 1151 2054; x_wconf 89' lang='lat' dir='ltr'>libentius</span> <span class='ocrx_word' id='word_1_255' title='bbox 1197 2000 1348 2054; x_wconf 91' lang='lat' dir='ltr'>illius</span> <span class='ocrx_word' id='word_1_256' title='bbox 1378 2001 1660 2054; x_wconf 85' lang='lat' dir='ltr'>voluntati</span> <span class='ocrx_word' id='word_1_257' title='bbox 1705 2001 1956 2056; x_wconf 87' lang='lat' dir='ltr'>obsecuti</span> <span class='ocrx_word' id='word_1_258' title='bbox 1985 2017 2203 2069; x_wconf 88' lang='lat' dir='ltr'>sumus,</span> <span class='ocrx_word' id='word_1_259' title='bbox 2230 2002 2383 2072; x_wconf 91' lang='lat' dir='ltr'>quod</span> <span class='ocrx_word' id='word_1_260' title='bbox 2427 2001 2522 2055; x_wconf 92' lang='lat' dir='ltr'>hic</span> <span class='ocrx_word' id='word_1_261' title='bbox 2565 2001 2791 2054; x_wconf 90' lang='lat' dir='ltr'>libellus</span> <span class='ocrx_word' id='word_1_262' title='bbox 2823 2016 2923 2053; x_wconf 91' lang='lat' dir='ltr'>nec</span> <span class='ocrx_word' id='word_1_263' title='bbox 2964 1998 3242 2068; x_wconf 84' lang='lat' dir='ltr'>Cypriane</span> <span class='ocrx_word' id='word_1_264' title='bbox 3286 1996 3455 2051; x_wconf 89' lang='lat' dir='ltr'>tribui</span> <span class='ocrx_word' id='word_1_265' title='bbox 3483 1995 3678 2067; x_wconf 88' lang='lat' dir='ltr'>possit,</span> <span class='ocrx_word' id='word_1_266' title='bbox 3710 2012 3813 2050; x_wconf 90' lang='lat' dir='ltr'>nec</span> 
     </span>
    </p>
   </div>
   <div class='ocr_carea' id='block_1_22' title="bbox 451 2084 3812 2161">
    <p class='ocr_par' dir='ltr' id='par_1_22' title="bbox 451 2084 3812 2161">
     <span class='ocr_line' id='line_1_22' title="bbox 451 2084 3812 2161; baseline -0.002 -17"><span class='ocrx_word' id='word_1_267' title='bbox 451 2091 719 2160; x_wconf 84' lang='lat' dir='ltr'>cuiquam</span> <span class='ocrx_word' id='word_1_268' title='bbox 762 2089 920 2143; x_wconf 89' lang='lat' dir='ltr'>valde</span> <span class='ocrx_word' id='word_1_269' title='bbox 968 2090 1260 2158; x_wconf 85' lang='lat' dir='ltr'>prodesse,</span> <span class='ocrx_word' id='word_1_270' title='bbox 1297 2105 1362 2142; x_wconf 91' lang='lat' dir='ltr'>ac</span> <span class='ocrx_word' id='word_1_271' title='bbox 1412 2091 1694 2158; x_wconf 62' lang='lat' dir='ltr'>praeterea</span> <span class='ocrx_word' id='word_1_272' title='bbox 1721 2091 2004 2144; x_wconf 89' lang='lat' dir='ltr'>variarum</span> <span class='ocrx_word' id='word_1_273' title='bbox 2048 2091 2362 2146; x_wconf 89' lang='lat' dir='ltr'>lectionum</span> <span class='ocrx_word' id='word_1_274' title='bbox 2407 2091 2563 2161; x_wconf 84' lang='lat' dir='ltr'>sylva</span> <span class='ocrx_word' id='word_1_275' title='bbox 2593 2096 2649 2144; x_wconf 89' lang='lat' dir='ltr'>et</span> <span class='ocrx_word' id='word_1_276' title='bbox 2690 2088 3042 2159; x_wconf 90' lang='lat' dir='ltr'>longioribus</span> <span class='ocrx_word' id='word_1_277' title='bbox 3088 2087 3239 2141; x_wconf 89' lang='lat' dir='ltr'>notis</span> <span class='ocrx_word' id='word_1_278' title='bbox 3266 2086 3535 2152; x_wconf 83' lang='lat' dir='ltr'>luxuriet,</span> <span class='ocrx_word' id='word_1_279' title='bbox 3562 2101 3690 2156; x_wconf 84' lang='lat' dir='ltr'>qua</span> <span class='ocrx_word' id='word_1_280' title='bbox 3739 2084 3812 2139; x_wconf 88' lang='lat' dir='ltr'>ad</span> 
     </span>
    </p>
   </div>
   <div class='ocr_carea' id='block_1_23' title="bbox 451 2174 3810 2250">
    <p class='ocr_par' dir='ltr' id='par_1_23' title="bbox 451 2174 3810 2250">
     <span class='ocr_line' id='line_1_23' title="bbox 451 2174 3810 2250; baseline -0.001 -18"><span class='ocrx_word' id='word_1_281' title='bbox 451 2180 770 2234; x_wconf 89' lang='lat' dir='ltr'>institutam</span> <span class='ocrx_word' id='word_1_282' title='bbox 816 2179 936 2248; x_wconf 85' lang='lat' dir='ltr'>ejus</span> <span class='ocrx_word' id='word_1_283' title='bbox 982 2177 1251 2231; x_wconf 90' lang='lat' dir='ltr'>editionis</span> <span class='ocrx_word' id='word_1_284' title='bbox 1297 2177 1581 2231; x_wconf 88' lang='lat' dir='ltr'>rationem</span> <span class='ocrx_word' id='word_1_285' title='bbox 1612 2180 2028 2233; x_wconf 83' lang='lat' dir='ltr'>accommodari</span> <span class='ocrx_word' id='word_1_286' title='bbox 2076 2197 2194 2234; x_wconf 91' lang='lat' dir='ltr'>non</span> <span class='ocrx_word' id='word_1_287' title='bbox 2232 2182 2514 2250; x_wconf 89' lang='lat' dir='ltr'>poterant.</span> <span class='ocrx_word' id='word_1_288' title='bbox 2547 2177 2705 2232; x_wconf 87' lang='lat' dir='ltr'>Haud</span> <span class='ocrx_word' id='word_1_289' title='bbox 2736 2176 3002 2248; x_wconf 87' lang='lat' dir='ltr'>equidem</span> <span class='ocrx_word' id='word_1_290' title='bbox 3048 2174 3470 2230; x_wconf 88' lang='lat' dir='ltr'>numeraverim</span> <span class='ocrx_word' id='word_1_291' title='bbox 3502 2175 3652 2228; x_wconf 88' lang='lat' dir='ltr'>inter</span> <span class='ocrx_word' id='word_1_292' title='bbox 3689 2190 3810 2228; x_wconf 89' lang='lat' dir='ltr'>me-</span> 
     </span>
    </p>
   </div>
   <div class='ocr_carea' id='block_1_24' title="bbox 449 2263 3813 2339">
    <p class='ocr_par' dir='ltr' id='par_1_24' title="bbox 449 2263 3813 2339">
     <span class='ocr_line' id='line_1_24' title="bbox 449 2263 3813 2339; baseline -0.002 -17"><span class='ocrx_word' id='word_1_293' title='bbox 449 2268 588 2322; x_wconf 89' lang='lat' dir='ltr'>liora</span> <span class='ocrx_word' id='word_1_294' title='bbox 637 2268 998 2338; x_wconf 89' lang='lat' dir='ltr'>antiquitatis</span> <span class='ocrx_word' id='word_1_295' title='bbox 1049 2271 1417 2320; x_wconf 87' lang='lat' dir='ltr'>monumenta</span> <span class='ocrx_word' id='word_1_296' title='bbox 1463 2267 1894 2322; x_wconf 89' lang='lat' dir='ltr'>Confessionem</span> <span class='ocrx_word' id='word_1_297' title='bbox 1939 2269 2230 2339; x_wconf 88' lang='lat' dir='ltr'>Cypriani,</span> <span class='ocrx_word' id='word_1_298' title='bbox 2283 2285 2459 2339; x_wconf 87' lang='lat' dir='ltr'>quam</span> <span class='ocrx_word' id='word_1_299' title='bbox 2507 2268 2695 2322; x_wconf 90' lang='lat' dir='ltr'>editor</span> <span class='ocrx_word' id='word_1_300' title='bbox 2744 2265 3087 2320; x_wconf 88' lang='lat' dir='ltr'>Oxoniensis</span> <span class='ocrx_word' id='word_1_301' title='bbox 3144 2265 3337 2319; x_wconf 87' lang='lat' dir='ltr'>Latine</span> <span class='ocrx_word' id='word_1_302' title='bbox 3386 2263 3672 2333; x_wconf 86' lang='lat' dir='ltr'>vulgavit;</span> <span class='ocrx_word' id='word_1_303' title='bbox 3711 2263 3813 2317; x_wconf 92' lang='lat' dir='ltr'>sed</span> 
     </span>
    </p>
   </div>
   <div class='ocr_carea' id='block_1_25' title="bbox 450 2353 3812 2428">
    <p class='ocr_par' dir='ltr' id='par_1_25' title="bbox 450 2353 3812 2428">
     <span class='ocr_line' id='line_1_25' title="bbox 450 2353 3812 2428; baseline -0.001 -18"><span class='ocrx_word' id='word_1_304' title='bbox 450 2361 666 2423; x_wconf 89' lang='lat' dir='ltr'>tamen,</span> <span class='ocrx_word' id='word_1_305' title='bbox 696 2358 832 2427; x_wconf 87' lang='lat' dir='ltr'>quia</span> <span class='ocrx_word' id='word_1_306' title='bbox 879 2372 1006 2410; x_wconf 92' lang='lat' dir='ltr'>eam</span> <span class='ocrx_word' id='word_1_307' title='bbox 1038 2356 1296 2409; x_wconf 84' lang='lat' dir='ltr'>Baluzius</span> <span class='ocrx_word' id='word_1_308' title='bbox 1340 2355 1713 2408; x_wconf 89' lang='lat' dir='ltr'>omittendam</span> <span class='ocrx_word' id='word_1_309' title='bbox 1764 2373 1880 2411; x_wconf 91' lang='lat' dir='ltr'>non</span> <span class='ocrx_word' id='word_1_310' title='bbox 1913 2373 2031 2412; x_wconf 89' lang='lat' dir='ltr'>esse</span> <span class='ocrx_word' id='word_1_311' title='bbox 2074 2358 2369 2428; x_wconf 90' lang='lat' dir='ltr'>judicavit,</span> <span class='ocrx_word' id='word_1_312' title='bbox 2399 2374 2460 2411; x_wconf 88' lang='lat' dir='ltr'>ac</span> <span class='ocrx_word' id='word_1_313' title='bbox 2493 2363 2772 2428; x_wconf 91' lang='lat' dir='ltr'>praterea</span> <span class='ocrx_word' id='word_1_314' title='bbox 2817 2357 2875 2408; x_wconf 91' lang='lat' dir='ltr'>in</span> <span class='ocrx_word' id='word_1_315' title='bbox 2922 2355 3106 2426; x_wconf 90' lang='lat' dir='ltr'>pretio</span> <span class='ocrx_word' id='word_1_316' title='bbox 3137 2354 3243 2408; x_wconf 90' lang='lat' dir='ltr'>fuit</span> <span class='ocrx_word' id='word_1_317' title='bbox 3281 2353 3428 2424; x_wconf 91' lang='lat' dir='ltr'>apud</span> <span class='ocrx_word' id='word_1_318' title='bbox 3474 2353 3812 2423; x_wconf 85' lang='lat' dir='ltr'>Gregorium</span> 
     </span>
    </p>
   </div>
   <div class='ocr_carea' id='block_1_26' title="bbox 447 2441 3812 2513">
    <p class='ocr_par' dir='ltr' id='par_1_26' title="bbox 447 2441 3812 2513">
     <span class='ocr_line' id='line_1_26' title="bbox 447 2441 3812 2513; baseline -0.002 -13"><span class='ocrx_word' id='word_1_319' title='bbox 447 2447 880 2510; x_wconf 87' lang='lat' dir='ltr'>Nazianzenum,</span> <span class='ocrx_word' id='word_1_320' title='bbox 915 2444 1220 2499; x_wconf 85' lang='lat' dir='ltr'>Eudociam</span> <span class='ocrx_word' id='word_1_321' title='bbox 1265 2449 1320 2498; x_wconf 91' lang='lat' dir='ltr'>et</span> <span class='ocrx_word' id='word_1_322' title='bbox 1363 2445 1646 2510; x_wconf 84' lang='lat' dir='ltr'>Photium,</span> <span class='ocrx_word' id='word_1_323' title='bbox 1676 2461 1789 2498; x_wconf 89' lang='lat' dir='ltr'>non</span> <span class='ocrx_word' id='word_1_324' title='bbox 1834 2447 2008 2500; x_wconf 90' lang='lat' dir='ltr'>modo</span> <span class='ocrx_word' id='word_1_325' title='bbox 2039 2447 2191 2500; x_wconf 89' lang='lat' dir='ltr'>illam</span> <span class='ocrx_word' id='word_1_326' title='bbox 2236 2447 2296 2498; x_wconf 90' lang='lat' dir='ltr'>in</span> <span class='ocrx_word' id='word_1_327' title='bbox 2349 2447 2450 2499; x_wconf 90' lang='lat' dir='ltr'>hac</span> <span class='ocrx_word' id='word_1_328' title='bbox 2482 2445 2730 2500; x_wconf 89' lang='lat' dir='ltr'>editione</span> <span class='ocrx_word' id='word_1_329' title='bbox 2776 2444 3092 2498; x_wconf 89' lang='lat' dir='ltr'>desiderari</span> <span class='ocrx_word' id='word_1_330' title='bbox 3133 2460 3249 2497; x_wconf 91' lang='lat' dir='ltr'>non</span> <span class='ocrx_word' id='word_1_331' title='bbox 3292 2457 3491 2513; x_wconf 88' lang='lat' dir='ltr'>passus</span> <span class='ocrx_word' id='word_1_332' title='bbox 3533 2458 3681 2508; x_wconf 89' lang='lat' dir='ltr'>sum,</span> <span class='ocrx_word' id='word_1_333' title='bbox 3713 2441 3812 2496; x_wconf 90' lang='lat' dir='ltr'>sed</span> 
     </span>
    </p>
   </div>
   <div class='ocr_carea' id='block_1_27' title="bbox 449 2529 3815 2605">
    <p class='ocr_par' dir='ltr' id='par_1_27' title="bbox 449 2529 3815 2605">
     <span class='ocr_line' id='line_1_27' title="bbox 449 2529 3815 2605; baseline -0.001 -17"><span class='ocrx_word' id='word_1_334' title='bbox 449 2536 620 2589; x_wconf 90' lang='lat' dir='ltr'>etiam</span> <span class='ocrx_word' id='word_1_335' title='bbox 662 2535 719 2588; x_wconf 93' lang='lat' dir='ltr'>in</span> <span class='ocrx_word' id='word_1_336' title='bbox 761 2537 942 2588; x_wconf 94' lang='lat' dir='ltr'>locum</span> <span class='ocrx_word' id='word_1_337' title='bbox 973 2534 1163 2588; x_wconf 83' lang='lat' dir='ltr'>latina</span> <span class='ocrx_word' id='word_1_338' title='bbox 1209 2534 1717 2604; x_wconf 89' lang='lat' dir='ltr'>interpretationis,</span> <span class='ocrx_word' id='word_1_339' title='bbox 1749 2551 1927 2605; x_wconf 89' lang='lat' dir='ltr'>quam</span> <span class='ocrx_word' id='word_1_340' title='bbox 1971 2535 2228 2605; x_wconf 90' lang='lat' dir='ltr'>pluribus</span> <span class='ocrx_word' id='word_1_341' title='bbox 2269 2535 2406 2589; x_wconf 92' lang='lat' dir='ltr'>locis</span> <span class='ocrx_word' id='word_1_342' title='bbox 2452 2535 2732 2600; x_wconf 90' lang='lat' dir='ltr'>hiulcam,</span> <span class='ocrx_word' id='word_1_343' title='bbox 2761 2534 3079 2588; x_wconf 88' lang='lat' dir='ltr'>innumeris</span> <span class='ocrx_word' id='word_1_344' title='bbox 3119 2533 3241 2586; x_wconf 90' lang='lat' dir='ltr'>aliis</span> <span class='ocrx_word' id='word_1_345' title='bbox 3282 2536 3606 2602; x_wconf 87' lang='lat' dir='ltr'>corruptam</span> <span class='ocrx_word' id='word_1_346' title='bbox 3644 2529 3815 2601; x_wconf 84' lang='lat' dir='ltr'>Angli</span> 
     </span>
    </p>
   </div>
   <div class='ocr_carea' id='block_1_28' title="bbox 449 2618 3810 2692">
    <p class='ocr_par' dir='ltr' id='par_1_28' title="bbox 449 2618 3810 2692">
     <span class='ocr_line' id='line_1_28' title="bbox 449 2618 3810 2692; baseline -0.001 -15"><span class='ocrx_word' id='word_1_347' title='bbox 449 2623 747 2684; x_wconf 89' lang='lat' dir='ltr'>dederant,</span> <span class='ocrx_word' id='word_1_348' title='bbox 777 2623 1034 2677; x_wconf 84' lang='lat' dir='ltr'>Gracum</span> <span class='ocrx_word' id='word_1_349' title='bbox 1064 2623 1252 2692; x_wconf 90' lang='lat' dir='ltr'>ipsum</span> <span class='ocrx_word' id='word_1_350' title='bbox 1283 2629 1608 2676; x_wconf 87' lang='lat' dir='ltr'>contextum</span> <span class='ocrx_word' id='word_1_351' title='bbox 1639 2640 1707 2676; x_wconf 82' lang='lat' dir='ltr'>ex</span> <span class='ocrx_word' id='word_1_352' title='bbox 1750 2623 2098 2677; x_wconf 88' lang='lat' dir='ltr'>bibliotheca</span> <span class='ocrx_word' id='word_1_353' title='bbox 2125 2623 2485 2677; x_wconf 88' lang='lat' dir='ltr'>illustrissimi</span> <span class='ocrx_word' id='word_1_354' title='bbox 2517 2622 2742 2677; x_wconf 89' lang='lat' dir='ltr'>comitis</span> <span class='ocrx_word' id='word_1_355' title='bbox 2775 2621 2846 2676; x_wconf 90' lang='lat' dir='ltr'>de</span> <span class='ocrx_word' id='word_1_356' title='bbox 2876 2621 3178 2692; x_wconf 77' lang='lat' dir='ltr'>Seignelay</span> <span class='ocrx_word' id='word_1_357' title='bbox 3205 2621 3518 2674; x_wconf 83' lang='lat' dir='ltr'>liberaliter</span> <span class='ocrx_word' id='word_1_358' title='bbox 3544 2618 3810 2690; x_wconf 88' lang='lat' dir='ltr'>suppedi-</span> 
     </span>
    </p>
   </div>
   <div class='ocr_carea' id='block_1_29' title="bbox 447 2709 3811 2782">
    <p class='ocr_par' dir='ltr' id='par_1_29' title="bbox 447 2709 3811 2782">
     <span class='ocr_line' id='line_1_29' title="bbox 447 2709 3811 2782; baseline -0.001 -17"><span class='ocrx_word' id='word_1_359' title='bbox 447 2715 650 2778; x_wconf 85' lang='lat' dir='ltr'>tatum,</span> <span class='ocrx_word' id='word_1_360' title='bbox 679 2728 742 2765; x_wconf 92' lang='lat' dir='ltr'>ac</span> <span class='ocrx_word' id='word_1_361' title='bbox 781 2728 984 2765; x_wconf 90' lang='lat' dir='ltr'>novam</span> <span class='ocrx_word' id='word_1_362' title='bbox 1017 2711 1555 2782; x_wconf 81' lang='lat' dir='ltr'>interpretationem</span> <span class='ocrx_word' id='word_1_363' title='bbox 1585 2713 1931 2766; x_wconf 88' lang='lat' dir='ltr'>substituere</span> <span class='ocrx_word' id='word_1_364' title='bbox 1962 2729 2076 2766; x_wconf 89' lang='lat' dir='ltr'>non</span> <span class='ocrx_word' id='word_1_365' title='bbox 2108 2711 2377 2766; x_wconf 88' lang='lat' dir='ltr'>dubitavi.</span> <span class='ocrx_word' id='word_1_366' title='bbox 2421 2713 2623 2782; x_wconf 89' lang='lat' dir='ltr'>Spuria</span> <span class='ocrx_word' id='word_1_367' title='bbox 2656 2728 2834 2782; x_wconf 91' lang='lat' dir='ltr'>opera</span> <span class='ocrx_word' id='word_1_368' title='bbox 2863 2711 2942 2765; x_wconf 91' lang='lat' dir='ltr'>sic</span> <span class='ocrx_word' id='word_1_369' title='bbox 2974 2712 3141 2765; x_wconf 90' lang='lat' dir='ltr'>edere</span> <span class='ocrx_word' id='word_1_370' title='bbox 3180 2710 3503 2765; x_wconf 88' lang='lat' dir='ltr'>instituerat</span> <span class='ocrx_word' id='word_1_371' title='bbox 3539 2709 3811 2774; x_wconf 87' lang='lat' dir='ltr'>Baluzius,</span> 
     </span>
    </p>
   </div>
   <div class='ocr_carea' id='block_1_30' title="bbox 449 2799 3810 2872">
    <p class='ocr_par' dir='ltr' id='par_1_30' title="bbox 449 2799 3810 2872">
     <span class='ocr_line' id='line_1_30' title="bbox 449 2799 3810 2872; baseline -0.001 -18"><span class='ocrx_word' id='word_1_372' title='bbox 449 2808 513 2854; x_wconf 90' lang='lat' dir='ltr'>ut</span> <span class='ocrx_word' id='word_1_373' title='bbox 559 2800 841 2854; x_wconf 90' lang='lat' dir='ltr'>habentur</span> <span class='ocrx_word' id='word_1_374' title='bbox 891 2801 946 2854; x_wconf 91' lang='lat' dir='ltr'>in</span> <span class='ocrx_word' id='word_1_375' title='bbox 979 2801 1283 2855; x_wconf 80' lang='lat' dir='ltr'>Oxoniensi</span> <span class='ocrx_word' id='word_1_376' title='bbox 1317 2800 1569 2855; x_wconf 90' lang='lat' dir='ltr'>editione</span> <span class='ocrx_word' id='word_1_377' title='bbox 1603 2818 1615 2854; x_wconf 91' lang='lat'>:</span> <span class='ocrx_word' id='word_1_378' title='bbox 1649 2801 1707 2855; x_wconf 91' lang='lat' dir='ltr'>id</span> <span class='ocrx_word' id='word_1_379' title='bbox 1753 2801 1902 2871; x_wconf 90' lang='lat' dir='ltr'>quod</span> <span class='ocrx_word' id='word_1_380' title='bbox 1951 2801 2190 2871; x_wconf 89' lang='lat' dir='ltr'>perspici</span> <span class='ocrx_word' id='word_1_381' title='bbox 2219 2807 2405 2872; x_wconf 89' lang='lat' dir='ltr'>potest</span> <span class='ocrx_word' id='word_1_382' title='bbox 2448 2818 2516 2856; x_wconf 86' lang='lat' dir='ltr'>ex</span> <span class='ocrx_word' id='word_1_383' title='bbox 2546 2802 2632 2855; x_wconf 90' lang='lat' dir='ltr'>his</span> <span class='ocrx_word' id='word_1_384' title='bbox 2676 2817 2802 2872; x_wconf 82' lang='lat' dir='ltr'>qua</span> <span class='ocrx_word' id='word_1_385' title='bbox 2835 2800 2999 2871; x_wconf 87' lang='lat' dir='ltr'>typis,</span> <span class='ocrx_word' id='word_1_386' title='bbox 3028 2816 3096 2854; x_wconf 93' lang='lat' dir='ltr'>eo</span> <span class='ocrx_word' id='word_1_387' title='bbox 3137 2799 3325 2854; x_wconf 90' lang='lat' dir='ltr'>adhuc</span> <span class='ocrx_word' id='word_1_388' title='bbox 3368 2799 3610 2862; x_wconf 85' lang='lat' dir='ltr'>vivente,</span> <span class='ocrx_word' id='word_1_389' title='bbox 3644 2814 3810 2851; x_wconf 90' lang='lat' dir='ltr'>man-</span> 
     </span>
    </p>
   </div>
   <div class='ocr_carea' id='block_1_31' title="bbox 451 2889 3811 2960">
    <p class='ocr_par' dir='ltr' id='par_1_31' title="bbox 451 2889 3811 2960">
     <span class='ocr_line' id='line_1_31' title="bbox 451 2889 3811 2960; baseline -0.001 -16"><span class='ocrx_word' id='word_1_390' title='bbox 451 2891 583 2944; x_wconf 90' lang='lat' dir='ltr'>data</span> <span class='ocrx_word' id='word_1_391' title='bbox 625 2889 895 2944; x_wconf 87' lang='lat' dir='ltr'>diximus.</span> <span class='ocrx_word' id='word_1_392' title='bbox 926 2891 1053 2956; x_wconf 90' lang='lat' dir='ltr'>Sed,</span> <span class='ocrx_word' id='word_1_393' title='bbox 1085 2907 1215 2944; x_wconf 90' lang='lat' dir='ltr'>cum</span> <span class='ocrx_word' id='word_1_394' title='bbox 1251 2890 1503 2944; x_wconf 90' lang='lat' dir='ltr'>viderem</span> <span class='ocrx_word' id='word_1_395' title='bbox 1533 2907 1601 2944; x_wconf 80' lang='lat' dir='ltr'>ex</span> <span class='ocrx_word' id='word_1_396' title='bbox 1651 2892 1737 2944; x_wconf 91' lang='lat' dir='ltr'>his</span> <span class='ocrx_word' id='word_1_397' title='bbox 1766 2891 2154 2945; x_wconf 88' lang='lat' dir='ltr'>monumentis</span> <span class='ocrx_word' id='word_1_398' title='bbox 2184 2892 2459 2945; x_wconf 92' lang='lat' dir='ltr'>nonnulla</span> <span class='ocrx_word' id='word_1_399' title='bbox 2492 2906 2610 2944; x_wconf 92' lang='lat' dir='ltr'>esse</span> <span class='ocrx_word' id='word_1_400' title='bbox 2643 2889 2839 2960; x_wconf 88' lang='lat' dir='ltr'>magni</span> <span class='ocrx_word' id='word_1_401' title='bbox 2866 2889 3054 2960; x_wconf 89' lang='lat' dir='ltr'>pretii,</span> <span class='ocrx_word' id='word_1_402' title='bbox 3087 2904 3266 2959; x_wconf 91' lang='lat' dir='ltr'>eaque</span> <span class='ocrx_word' id='word_1_403' title='bbox 3298 2904 3412 2958; x_wconf 93' lang='lat' dir='ltr'>quo</span> <span class='ocrx_word' id='word_1_404' title='bbox 3451 2889 3656 2958; x_wconf 83' lang='lat' dir='ltr'>sapius</span> <span class='ocrx_word' id='word_1_405' title='bbox 3682 2903 3811 2940; x_wconf 92' lang='lat' dir='ltr'>cum</span> 
     </span>
    </p>
   </div>
   <div class='ocr_carea' id='block_1_32' title="bbox 450 2977 3814 3050">
    <p class='ocr_par' dir='ltr' id='par_1_32' title="bbox 450 2977 3814 3050">
     <span class='ocr_line' id='line_1_32' title="bbox 450 2977 3814 3050; baseline -0 -18"><span class='ocrx_word' id='word_1_406' title='bbox 450 2977 736 3048; x_wconf 85' lang='lat' dir='ltr'>Cypriane</span> <span class='ocrx_word' id='word_1_407' title='bbox 787 2978 935 3031; x_wconf 81' lang='lat' dir='ltr'>edita</span> <span class='ocrx_word' id='word_1_408' title='bbox 961 2979 1208 3042; x_wconf 84' lang='lat' dir='ltr'>fuerant,</span> <span class='ocrx_word' id='word_1_409' title='bbox 1239 2995 1306 3032; x_wconf 92' lang='lat' dir='ltr'>eo</span> <span class='ocrx_word' id='word_1_410' title='bbox 1353 2980 1543 3049; x_wconf 88' lang='lat' dir='ltr'>plures</span> <span class='ocrx_word' id='word_1_411' title='bbox 1581 2997 1770 3033; x_wconf 87' lang='lat' dir='ltr'>navos</span> <span class='ocrx_word' id='word_1_412' title='bbox 1816 2981 2066 3047; x_wconf 84' lang='lat' dir='ltr'>traxisse,</span> <span class='ocrx_word' id='word_1_413' title='bbox 2101 2985 2346 3035; x_wconf 89' lang='lat' dir='ltr'>vetustas</span> <span class='ocrx_word' id='word_1_414' title='bbox 2388 2981 2668 3035; x_wconf 87' lang='lat' dir='ltr'>editiones</span> <span class='ocrx_word' id='word_1_415' title='bbox 2709 2983 2764 3033; x_wconf 92' lang='lat' dir='ltr'>et</span> <span class='ocrx_word' id='word_1_416' title='bbox 2792 2979 3056 3050; x_wconf 90' lang='lat' dir='ltr'>antiquos</span> <span class='ocrx_word' id='word_1_417' title='bbox 3101 2979 3323 3032; x_wconf 91' lang='lat' dir='ltr'>codices</span> <span class='ocrx_word' id='word_1_418' title='bbox 3368 2996 3500 3032; x_wconf 91' lang='lat' dir='ltr'>mss.</span> <span class='ocrx_word' id='word_1_419' title='bbox 3531 2981 3814 3050; x_wconf 84' lang='lat' dir='ltr'>quotquot</span> 
     </span>
    </p>
   </div>
   <div class='ocr_carea' id='block_1_33' title="bbox 455 3066 3812 3140">
    <p class='ocr_par' dir='ltr' id='par_1_33' title="bbox 455 3066 3812 3140">
     <span class='ocr_line' id='line_1_33' title="bbox 455 3066 3812 3140; baseline -0 -20"><span class='ocrx_word' id='word_1_420' title='bbox 455 3067 512 3120; x_wconf 88' lang='lat' dir='ltr'>in</span> <span class='ocrx_word' id='word_1_421' title='bbox 563 3067 668 3120; x_wconf 88' lang='lat' dir='ltr'>hac</span> <span class='ocrx_word' id='word_1_422' title='bbox 692 3066 835 3120; x_wconf 90' lang='lat' dir='ltr'>urbe</span> <span class='ocrx_word' id='word_1_423' title='bbox 883 3067 1120 3136; x_wconf 89' lang='lat' dir='ltr'>reperiri</span> <span class='ocrx_word' id='word_1_424' title='bbox 1161 3073 1488 3136; x_wconf 90' lang='lat' dir='ltr'>potuerunt,</span> <span class='ocrx_word' id='word_1_425' title='bbox 1522 3068 1578 3120; x_wconf 91' lang='lat' dir='ltr'>in</span> <span class='ocrx_word' id='word_1_426' title='bbox 1622 3069 1940 3122; x_wconf 86' lang='lat' dir='ltr'>subsidium</span> <span class='ocrx_word' id='word_1_427' title='bbox 1986 3070 2196 3136; x_wconf 90' lang='lat' dir='ltr'>vocavi,</span> <span class='ocrx_word' id='word_1_428' title='bbox 2225 3086 2541 3140; x_wconf 91' lang='lat' dir='ltr'>eorumque</span> <span class='ocrx_word' id='word_1_429' title='bbox 2584 3086 2691 3140; x_wconf 88' lang='lat' dir='ltr'>ope</span> <span class='ocrx_word' id='word_1_430' title='bbox 2733 3074 2787 3123; x_wconf 90' lang='lat' dir='ltr'>et</span> <span class='ocrx_word' id='word_1_431' title='bbox 2829 3069 3092 3139; x_wconf 83' lang='lat' dir='ltr'>prasidio</span> <span class='ocrx_word' id='word_1_432' title='bbox 3138 3069 3388 3139; x_wconf 90' lang='lat' dir='ltr'>plurima</span> <span class='ocrx_word' id='word_1_433' title='bbox 3429 3070 3708 3138; x_wconf 87' lang='lat' dir='ltr'>majorem</span> <span class='ocrx_word' id='word_1_434' title='bbox 3754 3067 3812 3120; x_wconf 89' lang='lat' dir='ltr'>in</span> 
     </span>
    </p>
   </div>
   <div class='ocr_carea' id='block_1_34' title="bbox 450 3156 3816 3228">
    <p class='ocr_par' dir='ltr' id='par_1_34' title="bbox 450 3156 3816 3228">
     <span class='ocr_line' id='line_1_34' title="bbox 450 3156 3816 3228; baseline 0 -19"><span class='ocrx_word' id='word_1_435' title='bbox 450 3156 692 3209; x_wconf 89' lang='lat' dir='ltr'>modum</span> <span class='ocrx_word' id='word_1_436' title='bbox 738 3156 1070 3221; x_wconf 89' lang='lat' dir='ltr'>deformata,</span> <span class='ocrx_word' id='word_1_437' title='bbox 1101 3157 1412 3226; x_wconf 86' lang='lat' dir='ltr'>prasertim</span> <span class='ocrx_word' id='word_1_438' title='bbox 1459 3157 1518 3209; x_wconf 91' lang='lat' dir='ltr'>in</span> <span class='ocrx_word' id='word_1_439' title='bbox 1544 3157 1690 3210; x_wconf 89' lang='lat' dir='ltr'>libro</span> <span class='ocrx_word' id='word_1_440' title='bbox 1735 3159 1801 3211; x_wconf 85' lang='lat' dir='ltr'>de</span> <span class='ocrx_word' id='word_1_441' title='bbox 1840 3160 2234 3228; x_wconf 82' lang='lat' dir='ltr'>Singularitate</span> <span class='ocrx_word' id='word_1_442' title='bbox 2266 3161 2597 3222; x_wconf 79' lang='lat' dir='ltr'>clericorum,</span> <span class='ocrx_word' id='word_1_443' title='bbox 2625 3162 2975 3228; x_wconf 64' lang='lat' dir='ltr'>Expositione</span> <span class='ocrx_word' id='word_1_444' title='bbox 3015 3159 3274 3226; x_wconf 87' lang='lat' dir='ltr'>Symboli,</span> <span class='ocrx_word' id='word_1_445' title='bbox 3303 3161 3360 3212; x_wconf 92' lang='lat' dir='ltr'>et</span> <span class='ocrx_word' id='word_1_446' title='bbox 3385 3157 3627 3227; x_wconf 88' lang='lat' dir='ltr'>Epistola</span> <span class='ocrx_word' id='word_1_447' title='bbox 3670 3156 3816 3210; x_wconf 89' lang='lat' dir='ltr'>Celsi</span> 
     </span>
    </p>
   </div>
   <div class='ocr_carea' id='block_1_35' title="bbox 451 3244 3814 3318">
    <p class='ocr_par' dir='ltr' id='par_1_35' title="bbox 451 3244 3814 3318">
     <span class='ocr_line' id='line_1_35' title="bbox 451 3244 3814 3318; baseline 0 -20"><span class='ocrx_word' id='word_1_448' title='bbox 451 3245 527 3298; x_wconf 87' lang='lat' dir='ltr'>ad</span> <span class='ocrx_word' id='word_1_449' title='bbox 578 3247 840 3314; x_wconf 81' lang='lat' dir='ltr'>Vigilium</span> <span class='ocrx_word' id='word_1_450' title='bbox 883 3245 938 3297; x_wconf 90' lang='lat' dir='ltr'>in</span> <span class='ocrx_word' id='word_1_451' title='bbox 974 3244 1275 3314; x_wconf 87' lang='lat' dir='ltr'>pristinum</span> <span class='ocrx_word' id='word_1_452' title='bbox 1314 3245 1558 3299; x_wconf 88' lang='lat' dir='ltr'>nitorem</span> <span class='ocrx_word' id='word_1_453' title='bbox 1587 3246 1833 3313; x_wconf 87' lang='lat' dir='ltr'>restitui,</span> <span class='ocrx_word' id='word_1_454' title='bbox 1867 3246 1924 3300; x_wconf 91' lang='lat' dir='ltr'>in</span> <span class='ocrx_word' id='word_1_455' title='bbox 1957 3248 2065 3301; x_wconf 92' lang='lat' dir='ltr'>hoc</span> <span class='ocrx_word' id='word_1_456' title='bbox 2097 3248 2271 3301; x_wconf 88' lang='lat' dir='ltr'>etiam</span> <span class='ocrx_word' id='word_1_457' title='bbox 2319 3248 2520 3303; x_wconf 88' lang='lat' dir='ltr'>Baluzii</span> <span class='ocrx_word' id='word_1_458' title='bbox 2569 3248 2810 3317; x_wconf 85' lang='lat' dir='ltr'>vestigia</span> <span class='ocrx_word' id='word_1_459' title='bbox 2838 3263 3096 3318; x_wconf 90' lang='lat' dir='ltr'>premere</span> <span class='ocrx_word' id='word_1_460' title='bbox 3125 3263 3240 3300; x_wconf 91' lang='lat' dir='ltr'>non</span> <span class='ocrx_word' id='word_1_461' title='bbox 3281 3247 3458 3316; x_wconf 89' lang='lat' dir='ltr'>potui,</span> <span class='ocrx_word' id='word_1_462' title='bbox 3489 3246 3640 3315; x_wconf 89' lang='lat' dir='ltr'>quod</span> <span class='ocrx_word' id='word_1_463' title='bbox 3682 3261 3814 3298; x_wconf 87' lang='lat' dir='ltr'>cum</span> 
     </span>
    </p>
   </div>
   <div class='ocr_carea' id='block_1_36' title="bbox 453 3333 3813 3407">
    <p class='ocr_par' dir='ltr' id='par_1_36' title="bbox 453 3333 3813 3407">
     <span class='ocr_line' id='line_1_36' title="bbox 453 3333 3813 3407; baseline 0.001 -22"><span class='ocrx_word' id='word_1_464' title='bbox 453 3349 580 3385; x_wconf 88' lang='lat' dir='ltr'>suas</span> <span class='ocrx_word' id='word_1_465' title='bbox 624 3333 720 3385; x_wconf 91' lang='lat' dir='ltr'>ille</span> <span class='ocrx_word' id='word_1_466' title='bbox 771 3336 932 3386; x_wconf 85' lang='lat' dir='ltr'>notas</span> <span class='ocrx_word' id='word_1_467' title='bbox 976 3337 1101 3402; x_wconf 88' lang='lat' dir='ltr'>post</span> <span class='ocrx_word' id='word_1_468' title='bbox 1147 3337 1473 3388; x_wconf 84' lang='lat' dir='ltr'>contextum</span> <span class='ocrx_word' id='word_1_469' title='bbox 1522 3334 1828 3403; x_wconf 88' lang='lat' dir='ltr'>rejecisset,</span> <span class='ocrx_word' id='word_1_470' title='bbox 1877 3351 1987 3405; x_wconf 90' lang='lat' dir='ltr'>ego</span> <span class='ocrx_word' id='word_1_471' title='bbox 2033 3338 2212 3391; x_wconf 84' lang='lat' dir='ltr'>varias</span> <span class='ocrx_word' id='word_1_472' title='bbox 2257 3337 2532 3391; x_wconf 89' lang='lat' dir='ltr'>lectiones</span> <span class='ocrx_word' id='word_1_473' title='bbox 2581 3336 2824 3407; x_wconf 86' lang='lat' dir='ltr'>margini</span> <span class='ocrx_word' id='word_1_474' title='bbox 2870 3335 3252 3406; x_wconf 88' lang='lat' dir='ltr'>apposuerim.</span> <span class='ocrx_word' id='word_1_475' title='bbox 3285 3335 3395 3390; x_wconf 91' lang='lat' dir='ltr'>Sed</span> <span class='ocrx_word' id='word_1_476' title='bbox 3441 3352 3544 3388; x_wconf 90' lang='lat' dir='ltr'>nec</span> <span class='ocrx_word' id='word_1_477' title='bbox 3591 3334 3813 3388; x_wconf 88' lang='lat' dir='ltr'>Baluzio</span> 
     </span>
    </p>
   </div>
   <div class='ocr_carea' id='block_1_37' title="bbox 450 3421 3814 3492">
    <p class='ocr_par' dir='ltr' id='par_1_37' title="bbox 450 3421 3814 3492">
     <span class='ocr_line' id='line_1_37' title="bbox 450 3421 3814 3492; baseline 0.002 -19"><span class='ocrx_word' id='word_1_478' title='bbox 450 3421 598 3473; x_wconf 85' lang='lat' dir='ltr'>notis</span> <span class='ocrx_word' id='word_1_479' title='bbox 636 3421 926 3474; x_wconf 89' lang='lat' dir='ltr'>interdum</span> <span class='ocrx_word' id='word_1_480' title='bbox 961 3421 1319 3475; x_wconf 86' lang='lat' dir='ltr'>uberioribus</span> <span class='ocrx_word' id='word_1_481' title='bbox 1359 3422 1702 3492; x_wconf 89' lang='lat' dir='ltr'>indulgenti,</span> <span class='ocrx_word' id='word_1_482' title='bbox 1735 3439 1835 3476; x_wconf 92' lang='lat' dir='ltr'>nec</span> <span class='ocrx_word' id='word_1_483' title='bbox 1864 3425 2002 3478; x_wconf 89' lang='lat' dir='ltr'>mihi</span> <span class='ocrx_word' id='word_1_484' title='bbox 2047 3424 2103 3478; x_wconf 92' lang='lat' dir='ltr'>in</span> <span class='ocrx_word' id='word_1_485' title='bbox 2137 3426 2256 3480; x_wconf 90' lang='lat' dir='ltr'>sola</span> <span class='ocrx_word' id='word_1_486' title='bbox 2287 3430 2587 3480; x_wconf 85' lang='lat' dir='ltr'>contextus</span> <span class='ocrx_word' id='word_1_487' title='bbox 2616 3426 3023 3480; x_wconf 85' lang='lat' dir='ltr'>emendatione</span> <span class='ocrx_word' id='word_1_488' title='bbox 3067 3427 3394 3480; x_wconf 90' lang='lat' dir='ltr'>immoranti</span> <span class='ocrx_word' id='word_1_489' title='bbox 3437 3427 3599 3482; x_wconf 87' lang='lat' dir='ltr'>aliter</span> <span class='ocrx_word' id='word_1_490' title='bbox 3627 3427 3814 3481; x_wconf 90' lang='lat' dir='ltr'>facere</span> 
     </span>
    </p>
   </div>
   <div class='ocr_carea' id='block_1_38' title="bbox 452 3507 3815 3586">
    <p class='ocr_par' dir='ltr' id='par_1_38' title="bbox 452 3507 3815 3586">
     <span class='ocr_line' id='line_1_38' title="bbox 452 3507 3815 3586; baseline 0.002 -24"><span class='ocrx_word' id='word_1_491' title='bbox 452 3507 742 3577; x_wconf 90' lang='lat' dir='ltr'>integrum</span> <span class='ocrx_word' id='word_1_492' title='bbox 788 3510 914 3562; x_wconf 86' lang='lat' dir='ltr'>fuit.</span> <span class='ocrx_word' id='word_1_493' title='bbox 946 3508 1031 3562; x_wconf 86' lang='lat' dir='ltr'>Ad</span> <span class='ocrx_word' id='word_1_494' title='bbox 1061 3510 1204 3563; x_wconf 88' lang='lat' dir='ltr'>hanc</span> <span class='ocrx_word' id='word_1_495' title='bbox 1247 3510 1592 3565; x_wconf 88' lang='lat' dir='ltr'>emendandi</span> <span class='ocrx_word' id='word_1_496' title='bbox 1621 3519 1917 3566; x_wconf 81' lang='lat' dir='ltr'>contextus</span> <span class='ocrx_word' id='word_1_497' title='bbox 1960 3531 2196 3584; x_wconf 87' lang='lat' dir='ltr'>operam</span> <span class='ocrx_word' id='word_1_498' title='bbox 2223 3516 2332 3568; x_wconf 89' lang='lat' dir='ltr'>alia</span> <span class='ocrx_word' id='word_1_499' title='bbox 2373 3517 2624 3583; x_wconf 89' lang='lat' dir='ltr'>accessit,</span> <span class='ocrx_word' id='word_1_500' title='bbox 2654 3531 2823 3586; x_wconf 91' lang='lat' dir='ltr'>quam</span> <span class='ocrx_word' id='word_1_501' title='bbox 2854 3531 2957 3585; x_wconf 91' lang='lat' dir='ltr'>pro</span> <span class='ocrx_word' id='word_1_502' title='bbox 2998 3515 3276 3569; x_wconf 80' lang='lat' dir='ltr'>facultatis</span> <span class='ocrx_word' id='word_1_503' title='bbox 3308 3515 3724 3584; x_wconf 89' lang='lat' dir='ltr'>mediocritate,</span> <span class='ocrx_word' id='word_1_504' title='bbox 3754 3515 3815 3569; x_wconf 89' lang='lat' dir='ltr'>in</span> 
     </span>
    </p>
   </div>
   <div class='ocr_carea' id='block_1_39' title="bbox 453 3597 3594 3675">
    <p class='ocr_par' dir='ltr' id='par_1_39' title="bbox 453 3597 3594 3675">
     <span class='ocr_line' id='line_1_39' title="bbox 453 3597 3594 3675; baseline 0.002 -24"><span class='ocrx_word' id='word_1_505' title='bbox 453 3597 805 3668; x_wconf 86' lang='lat' dir='ltr'>explananda</span> <span class='ocrx_word' id='word_1_506' title='bbox 832 3601 885 3652; x_wconf 91' lang='lat' dir='ltr'>S.</span> <span class='ocrx_word' id='word_1_507' title='bbox 923 3598 1188 3668; x_wconf 85' lang='lat' dir='ltr'>Cypriani</span> <span class='ocrx_word' id='word_1_508' title='bbox 1217 3599 1493 3666; x_wconf 90' lang='lat' dir='ltr'>doctrina,</span> <span class='ocrx_word' id='word_1_509' title='bbox 1526 3601 1581 3654; x_wconf 89' lang='lat' dir='ltr'>in</span> <span class='ocrx_word' id='word_1_510' title='bbox 1609 3601 1778 3655; x_wconf 88' lang='lat' dir='ltr'>rebus</span> <span class='ocrx_word' id='word_1_511' title='bbox 1805 3601 1955 3656; x_wconf 91' lang='lat' dir='ltr'>illius</span> <span class='ocrx_word' id='word_1_512' title='bbox 1987 3603 2156 3674; x_wconf 85' lang='lat' dir='ltr'>gestis</span> <span class='ocrx_word' id='word_1_513' title='bbox 2184 3604 2254 3658; x_wconf 89' lang='lat' dir='ltr'>ad</span> <span class='ocrx_word' id='word_1_514' title='bbox 2285 3604 2494 3659; x_wconf 87' lang='lat' dir='ltr'>critica</span> <span class='ocrx_word' id='word_1_515' title='bbox 2515 3621 2776 3658; x_wconf 91' lang='lat' dir='ltr'>normam</span> <span class='ocrx_word' id='word_1_516' title='bbox 2807 3603 3216 3675; x_wconf 87' lang='lat' dir='ltr'>expendendis,</span> <span class='ocrx_word' id='word_1_517' title='bbox 3246 3604 3594 3658; x_wconf 89' lang='lat' dir='ltr'>navavimus.</span> 
     </span>
    </p>
   </div>
   <div class='ocr_carea' id='block_1_40' title="bbox 1079 3735 3182 3796">
    <p class='ocr_par' dir='ltr' id='par_1_40' title="bbox 1079 3735 3182 3796">
     <span class='ocr_line' id='line_1_40' title="bbox 1079 3735 3182 3796; baseline 0.003 -10"><span class='ocrx_word' id='word_1_518' title='bbox 1079 3735 1121 3787; x_wconf 83' lang='grc' dir='ltr'>Ῑ.</span> <span class='ocrx_word' id='word_1_519' title='bbox 1162 3763 1231 3772; x_wconf 87' lang='grc'>-·</span> <span class='ocrx_word' id='word_1_520' title='bbox 1269 3749 1515 3789; x_wconf 78' lang='lat' dir='ltr'>CYPRIANI</span> <span class='ocrx_word' id='word_1_521' title='bbox 1555 3751 1845 3792; x_wconf 77' lang='lat' dir='ltr'>SENTENTIA</span> <span class='ocrx_word' id='word_1_522' title='bbox 1885 3754 1951 3790; x_wconf 87' lang='lat' dir='ltr'>DE</span> <span class='ocrx_word' id='word_1_523' title='bbox 1990 3754 2214 3793; x_wconf 80' lang='lat' dir='ltr'>UNITATE</span> <span class='ocrx_word' id='word_1_524' title='bbox 2264 3755 2330 3794; x_wconf 80' lang='lat' dir='ltr'>ET</span> <span class='ocrx_word' id='word_1_525' title='bbox 2384 3754 2840 3796; x_wconf 78' lang='lat' dir='ltr'>INFALLIBILITATE</span> <span class='ocrx_word' id='word_1_526' title='bbox 2891 3754 3182 3794; x_wconf 67' lang='lat' dir='ltr'>ECCLESIE.</span> 
     </span>
    </p>
   </div>
   <div class='ocr_carea' id='block_1_41' title="bbox 522 3849 3808 3928">
    <p class='ocr_par' dir='ltr' id='par_1_41' title="bbox 522 3849 3808 3928">
     <span class='ocr_line' id='line_1_41' title="bbox 522 3849 3808 3928; baseline 0.002 -26"><span class='ocrx_word' id='word_1_527' title='bbox 522 3850 656 3912; x_wconf 88' lang='lat' dir='ltr'>Qua</span> <span class='ocrx_word' id='word_1_528' title='bbox 699 3864 770 3902; x_wconf 81' lang='lat' dir='ltr'>ex</span> <span class='ocrx_word' id='word_1_529' title='bbox 798 3849 1061 3920; x_wconf 84' lang='lat' dir='ltr'>Cypriani</span> <span class='ocrx_word' id='word_1_530' title='bbox 1090 3851 1307 3921; x_wconf 88' lang='lat' dir='ltr'>scriptis</span> <span class='ocrx_word' id='word_1_531' title='bbox 1347 3851 1419 3904; x_wconf 91' lang='lat' dir='ltr'>ad</span> <span class='ocrx_word' id='word_1_532' title='bbox 1465 3852 1717 3908; x_wconf 86' lang='lat' dir='ltr'>veritatis</span> <span class='ocrx_word' id='word_1_533' title='bbox 1749 3854 2145 3910; x_wconf 89' lang='lat' dir='ltr'>defensionem</span> <span class='ocrx_word' id='word_1_534' title='bbox 2191 3873 2391 3911; x_wconf 91' lang='lat' dir='ltr'>eruere</span> <span class='ocrx_word' id='word_1_535' title='bbox 2434 3857 2823 3928; x_wconf 84' lang='lat' dir='ltr'>aggredimur,</span> <span class='ocrx_word' id='word_1_536' title='bbox 2858 3873 2925 3911; x_wconf 90' lang='lat' dir='ltr'>ea</span> <span class='ocrx_word' id='word_1_537' title='bbox 2952 3873 3062 3928; x_wconf 90' lang='lat' dir='ltr'>quo</span> <span class='ocrx_word' id='word_1_538' title='bbox 3105 3857 3289 3925; x_wconf 83' lang='lat' dir='ltr'>magis</span> <span class='ocrx_word' id='word_1_539' title='bbox 3327 3857 3630 3928; x_wconf 89' lang='lat' dir='ltr'>perspicua</span> <span class='ocrx_word' id='word_1_540' title='bbox 3674 3862 3808 3909; x_wconf 88' lang='lat' dir='ltr'>sunt</span> 
     </span>
    </p>
   </div>
   <div class='ocr_carea' id='block_1_42' title="bbox 453 3937 3813 4016">
    <p class='ocr_par' dir='ltr' id='par_1_42' title="bbox 453 3937 3813 4016">
     <span class='ocr_line' id='line_1_42' title="bbox 453 3937 3813 4016; baseline 0.002 -23"><span class='ocrx_word' id='word_1_541' title='bbox 453 3943 508 3993; x_wconf 90' lang='lat' dir='ltr'>et</span> <span class='ocrx_word' id='word_1_542' title='bbox 551 3937 623 3990; x_wconf 91' lang='lat' dir='ltr'>ad</span> <span class='ocrx_word' id='word_1_543' title='bbox 652 3938 910 3991; x_wconf 90' lang='lat' dir='ltr'>omnium</span> <span class='ocrx_word' id='word_1_544' title='bbox 942 3943 1173 4009; x_wconf 89' lang='lat' dir='ltr'>captum</span> <span class='ocrx_word' id='word_1_545' title='bbox 1218 3942 1674 4010; x_wconf 90' lang='lat' dir='ltr'>accommodata,</span> <span class='ocrx_word' id='word_1_546' title='bbox 1707 3959 1775 3997; x_wconf 90' lang='lat' dir='ltr'>eo</span> <span class='ocrx_word' id='word_1_547' title='bbox 1807 3943 1995 3998; x_wconf 90' lang='lat' dir='ltr'>minus</span> <span class='ocrx_word' id='word_1_548' title='bbox 2035 3945 2349 4000; x_wconf 87' lang='lat' dir='ltr'>cavillando</span> <span class='ocrx_word' id='word_1_549' title='bbox 2392 3946 2545 4000; x_wconf 91' lang='lat' dir='ltr'>eludi</span> <span class='ocrx_word' id='word_1_550' title='bbox 2575 3951 2841 4016; x_wconf 89' lang='lat' dir='ltr'>possunt;</span> <span class='ocrx_word' id='word_1_551' title='bbox 2872 3949 2929 3998; x_wconf 89' lang='lat' dir='ltr'>et</span> <span class='ocrx_word' id='word_1_552' title='bbox 2959 3961 3073 4015; x_wconf 91' lang='lat' dir='ltr'>quo</span> <span class='ocrx_word' id='word_1_553' title='bbox 3106 3945 3384 4015; x_wconf 88' lang='lat' dir='ltr'>majorem</span> <span class='ocrx_word' id='word_1_554' title='bbox 3426 3945 3595 3999; x_wconf 87' lang='lat' dir='ltr'>tertio</span> <span class='ocrx_word' id='word_1_555' title='bbox 3625 3945 3813 3999; x_wconf 89' lang='lat' dir='ltr'>Eccle-</span> 
     </span>
    </p>
   </div>
   <div class='ocr_carea' id='block_1_43' title="bbox 453 4025 3816 4106">
    <p class='ocr_par' dir='ltr' id='par_1_43' title="bbox 453 4025 3816 4106">
     <span class='ocr_line' id='line_1_43' title="bbox 453 4025 3816 4106; baseline 0.002 -25"><span class='ocrx_word' id='word_1_556' title='bbox 453 4027 548 4081; x_wconf 90' lang='lat' dir='ltr'>sia</span> <span class='ocrx_word' id='word_1_557' title='bbox 579 4028 782 4081; x_wconf 87' lang='lat' dir='ltr'>saculo</span> <span class='ocrx_word' id='word_1_558' title='bbox 823 4025 1272 4082; x_wconf 90' lang='lat' dir='ltr'>admirationem</span> <span class='ocrx_word' id='word_1_559' title='bbox 1314 4029 1659 4097; x_wconf 89' lang='lat' dir='ltr'>habuerunt,</span> <span class='ocrx_word' id='word_1_560' title='bbox 1695 4048 1764 4086; x_wconf 91' lang='lat' dir='ltr'>eo</span> <span class='ocrx_word' id='word_1_561' title='bbox 1805 4033 2024 4102; x_wconf 87' lang='lat' dir='ltr'>aptiora</span> <span class='ocrx_word' id='word_1_562' title='bbox 2068 4033 2337 4088; x_wconf 91' lang='lat' dir='ltr'>videntur</span> <span class='ocrx_word' id='word_1_563' title='bbox 2365 4035 2437 4089; x_wconf 92' lang='lat' dir='ltr'>ad</span> <span class='ocrx_word' id='word_1_564' title='bbox 2469 4051 2564 4088; x_wconf 92' lang='lat' dir='ltr'>eos</span> <span class='ocrx_word' id='word_1_565' title='bbox 2605 4036 3018 4106; x_wconf 88' lang='lat' dir='ltr'>permovendos</span> <span class='ocrx_word' id='word_1_566' title='bbox 3045 4035 3143 4105; x_wconf 90' lang='lat' dir='ltr'>qui</span> <span class='ocrx_word' id='word_1_567' title='bbox 3185 4035 3293 4090; x_wconf 90' lang='lat' dir='ltr'>tria</span> <span class='ocrx_word' id='word_1_568' title='bbox 3324 4035 3580 4090; x_wconf 88' lang='lat' dir='ltr'>Ecclesia</span> <span class='ocrx_word' id='word_1_569' title='bbox 3624 4034 3816 4105; x_wconf 90' lang='lat' dir='ltr'>priora</span> 
     </span>
    </p>
   </div>
   <div class='ocr_carea' id='block_1_44' title="bbox 455 4116 3814 4196">
    <p class='ocr_par' dir='ltr' id='par_1_44' title="bbox 455 4116 3814 4196">
     <span class='ocr_line' id='line_1_44' title="bbox 455 4116 3814 4196; baseline 0.003 -27"><span class='ocrx_word' id='word_1_570' title='bbox 455 4116 660 4170; x_wconf 87' lang='lat' dir='ltr'>sacula</span> <span class='ocrx_word' id='word_1_571' title='bbox 700 4116 932 4186; x_wconf 81' lang='lat' dir='ltr'>rejicere</span> <span class='ocrx_word' id='word_1_572' title='bbox 961 4134 1076 4171; x_wconf 90' lang='lat' dir='ltr'>non</span> <span class='ocrx_word' id='word_1_573' title='bbox 1120 4119 1350 4172; x_wconf 90' lang='lat' dir='ltr'>audent.</span> <span class='ocrx_word' id='word_1_574' title='bbox 1381 4120 1671 4175; x_wconf 88' lang='lat' dir='ltr'>Scribebat</span> <span class='ocrx_word' id='word_1_575' title='bbox 1700 4122 2011 4192; x_wconf 88' lang='lat' dir='ltr'>Cyprianus</span> <span class='ocrx_word' id='word_1_576' title='bbox 2038 4125 2216 4179; x_wconf 90' lang='lat' dir='ltr'>doctis</span> <span class='ocrx_word' id='word_1_577' title='bbox 2257 4127 2470 4196; x_wconf 88' lang='lat' dir='ltr'>pariter</span> <span class='ocrx_word' id='word_1_578' title='bbox 2498 4133 2552 4180; x_wconf 87' lang='lat' dir='ltr'>et</span> <span class='ocrx_word' id='word_1_579' title='bbox 2583 4126 2843 4193; x_wconf 89' lang='lat' dir='ltr'>indoctis,</span> <span class='ocrx_word' id='word_1_580' title='bbox 2874 4127 3110 4196; x_wconf 89' lang='lat' dir='ltr'>ejusque</span> <span class='ocrx_word' id='word_1_581' title='bbox 3138 4125 3393 4180; x_wconf 89' lang='lat' dir='ltr'>doctrina</span> <span class='ocrx_word' id='word_1_582' title='bbox 3433 4142 3551 4180; x_wconf 90' lang='lat' dir='ltr'>non</span> <span class='ocrx_word' id='word_1_583' title='bbox 3583 4129 3814 4179; x_wconf 88' lang='lat' dir='ltr'>tantum</span> 
     </span>
    </p>
   </div>
   <div class='ocr_carea' id='block_1_45' title="bbox 455 4205 3818 4288">
    <p class='ocr_par' dir='ltr' id='par_1_45' title="bbox 455 4205 3818 4288">
     <span class='ocr_line' id='line_1_45' title="bbox 455 4205 3818 4288; baseline 0.004 -30"><span class='ocrx_word' id='word_1_584' title='bbox 455 4205 514 4259; x_wconf 91' lang='lat' dir='ltr'>in</span> <span class='ocrx_word' id='word_1_585' title='bbox 547 4205 745 4259; x_wconf 86' lang='lat' dir='ltr'>Africa</span> <span class='ocrx_word' id='word_1_586' title='bbox 785 4207 906 4259; x_wconf 91' lang='lat' dir='ltr'>luce</span> <span class='ocrx_word' id='word_1_587' title='bbox 938 4206 1291 4273; x_wconf 88' lang='lat' dir='ltr'>versabatur,</span> <span class='ocrx_word' id='word_1_588' title='bbox 1321 4208 1420 4262; x_wconf 91' lang='lat' dir='ltr'>sed</span> <span class='ocrx_word' id='word_1_589' title='bbox 1458 4209 1514 4262; x_wconf 92' lang='lat' dir='ltr'>in</span> <span class='ocrx_word' id='word_1_590' title='bbox 1551 4211 1768 4264; x_wconf 84' lang='lat' dir='ltr'>Italiam</span> <span class='ocrx_word' id='word_1_591' title='bbox 1813 4212 2116 4283; x_wconf 87' lang='lat' dir='ltr'>navigabat</span> <span class='ocrx_word' id='word_1_592' title='bbox 2145 4217 2202 4268; x_wconf 89' lang='lat' dir='ltr'>et</span> <span class='ocrx_word' id='word_1_593' title='bbox 2237 4215 2307 4268; x_wconf 91' lang='lat' dir='ltr'>ad</span> <span class='ocrx_word' id='word_1_594' title='bbox 2336 4215 2741 4269; x_wconf 86' lang='lat' dir='ltr'>remotissimas</span> <span class='ocrx_word' id='word_1_595' title='bbox 2778 4215 3101 4270; x_wconf 90' lang='lat' dir='ltr'>Occidentis</span> <span class='ocrx_word' id='word_1_596' title='bbox 3140 4215 3498 4288; x_wconf 89' lang='lat' dir='ltr'>Orientisque</span> <span class='ocrx_word' id='word_1_597' title='bbox 3545 4214 3818 4270; x_wconf 90' lang='lat' dir='ltr'>Ecclesias</span> 
     </span>
    </p>
   </div>
   <div class='ocr_carea' id='block_1_46' title="bbox 455 4295 3814 4375">
    <p class='ocr_par' dir='ltr' id='par_1_46' title="bbox 455 4295 3814 4375">
     <span class='ocr_line' id='line_1_46' title="bbox 455 4295 3814 4375; baseline 0.003 -28"><span class='ocrx_word' id='word_1_598' title='bbox 455 4295 868 4364; x_wconf 87' lang='lat' dir='ltr'>perferebatur.</span> <span class='ocrx_word' id='word_1_599' title='bbox 911 4297 1101 4365; x_wconf 90' lang='lat' dir='ltr'>Itaque</span> <span class='ocrx_word' id='word_1_600' title='bbox 1146 4296 1296 4349; x_wconf 91' lang='lat' dir='ltr'>illius</span> <span class='ocrx_word' id='word_1_601' title='bbox 1343 4297 1412 4351; x_wconf 93' lang='lat' dir='ltr'>de</span> <span class='ocrx_word' id='word_1_602' title='bbox 1458 4299 1718 4362; x_wconf 85' lang='lat' dir='ltr'>Ecclesia,</span> <span class='ocrx_word' id='word_1_603' title='bbox 1759 4300 1828 4354; x_wconf 88' lang='lat' dir='ltr'>de</span> <span class='ocrx_word' id='word_1_604' title='bbox 1875 4304 2264 4369; x_wconf 88' lang='lat' dir='ltr'>sacramentis,</span> <span class='ocrx_word' id='word_1_605' title='bbox 2303 4311 2537 4374; x_wconf 85' lang='lat' dir='ltr'>excepta</span> <span class='ocrx_word' id='word_1_606' title='bbox 2581 4304 2650 4358; x_wconf 92' lang='lat' dir='ltr'>de</span> <span class='ocrx_word' id='word_1_607' title='bbox 2697 4303 2982 4375; x_wconf 87' lang='lat' dir='ltr'>baptismo</span> <span class='ocrx_word' id='word_1_608' title='bbox 3025 4304 3424 4359; x_wconf 87' lang='lat' dir='ltr'>hareticorum</span> <span class='ocrx_word' id='word_1_609' title='bbox 3473 4305 3814 4375; x_wconf 86' lang='lat' dir='ltr'>quastione,</span> 
     </span>
    </p>
   </div>
   <div class='ocr_carea' id='block_1_47' title="bbox 458 4383 3818 4465">
    <p class='ocr_par' dir='ltr' id='par_1_47' title="bbox 458 4383 3818 4465">
     <span class='ocr_line' id='line_1_47' title="bbox 458 4383 3818 4465; baseline 0.003 -28"><span class='ocrx_word' id='word_1_610' title='bbox 458 4383 527 4437; x_wconf 91' lang='lat' dir='ltr'>de</span> <span class='ocrx_word' id='word_1_611' title='bbox 561 4383 767 4439; x_wconf 90' lang='lat' dir='ltr'>Christi</span> <span class='ocrx_word' id='word_1_612' title='bbox 809 4383 1108 4438; x_wconf 88' lang='lat' dir='ltr'>divinitate</span> <span class='ocrx_word' id='word_1_613' title='bbox 1156 4386 1389 4457; x_wconf 87' lang='lat' dir='ltr'>ejusque</span> <span class='ocrx_word' id='word_1_614' title='bbox 1432 4389 1608 4458; x_wconf 88' lang='lat' dir='ltr'>gratia</span> <span class='ocrx_word' id='word_1_615' title='bbox 1653 4391 1999 4461; x_wconf 89' lang='lat' dir='ltr'>testimonia,</span> <span class='ocrx_word' id='word_1_616' title='bbox 2032 4410 2147 4447; x_wconf 91' lang='lat' dir='ltr'>non</span> <span class='ocrx_word' id='word_1_617' title='bbox 2184 4393 2352 4447; x_wconf 90' lang='lat' dir='ltr'>unius</span> <span class='ocrx_word' id='word_1_618' title='bbox 2398 4393 2665 4465; x_wconf 91' lang='lat' dir='ltr'>episcopi,</span> <span class='ocrx_word' id='word_1_619' title='bbox 2697 4410 2798 4448; x_wconf 91' lang='lat' dir='ltr'>nec</span> <span class='ocrx_word' id='word_1_620' title='bbox 2831 4395 3092 4449; x_wconf 85' lang='lat' dir='ltr'>Ecclesia</span> <span class='ocrx_word' id='word_1_621' title='bbox 3149 4395 3339 4460; x_wconf 87' lang='lat' dir='ltr'>unius,</span> <span class='ocrx_word' id='word_1_622' title='bbox 3390 4394 3492 4448; x_wconf 91' lang='lat' dir='ltr'>sed</span> <span class='ocrx_word' id='word_1_623' title='bbox 3554 4394 3818 4448; x_wconf 90' lang='lat' dir='ltr'>omnium</span> 
     </span>
    </p>
   </div>
   <div class='ocr_carea' id='block_1_48' title="bbox 456 4473 3815 4547">
    <p class='ocr_par' dir='ltr' id='par_1_48' title="bbox 456 4473 3815 4547">
     <span class='ocr_line' id='line_1_48' title="bbox 456 4473 3815 4547; baseline 0.003 -21"><span class='ocrx_word' id='word_1_624' title='bbox 456 4473 606 4527; x_wconf 90' lang='lat' dir='ltr'>illius</span> <span class='ocrx_word' id='word_1_625' title='bbox 633 4475 816 4528; x_wconf 87' lang='lat' dir='ltr'>atatis</span> <span class='ocrx_word' id='word_1_626' title='bbox 858 4473 1280 4529; x_wconf 88' lang='lat' dir='ltr'>Catholicorum</span> <span class='ocrx_word' id='word_1_627' title='bbox 1306 4476 1632 4531; x_wconf 85' lang='lat' dir='ltr'>testimonia</span> <span class='ocrx_word' id='word_1_628' title='bbox 1674 4480 1983 4535; x_wconf 85' lang='lat' dir='ltr'>existimari</span> <span class='ocrx_word' id='word_1_629' title='bbox 2023 4483 2254 4536; x_wconf 90' lang='lat' dir='ltr'>debent.</span> <span class='ocrx_word' id='word_1_630' title='bbox 2284 4484 2780 4547; x_wconf 89' lang='lat' dir='ltr'>Quemadmodum</span> <span class='ocrx_word' id='word_1_631' title='bbox 2823 4487 3018 4538; x_wconf 89' lang='lat' dir='ltr'>autem</span> <span class='ocrx_word' id='word_1_632' title='bbox 3060 4483 3297 4538; x_wconf 88' lang='lat' dir='ltr'>unitatis</span> <span class='ocrx_word' id='word_1_633' title='bbox 3325 4499 3491 4538; x_wconf 88' lang='lat' dir='ltr'>amor</span> <span class='ocrx_word' id='word_1_634' title='bbox 3527 4483 3676 4537; x_wconf 90' lang='lat' dir='ltr'>inter</span> <span class='ocrx_word' id='word_1_635' title='bbox 3701 4483 3815 4537; x_wconf 85' lang='lat' dir='ltr'>vir-</span> 
     </span>
    </p>
   </div>
   <div class='ocr_carea' id='block_1_49' title="bbox 455 4563 3818 4642">
    <p class='ocr_par' dir='ltr' id='par_1_49' title="bbox 455 4563 3818 4642">
     <span class='ocr_line' id='line_1_49' title="bbox 455 4563 3818 4642; baseline 0.003 -25"><span class='ocrx_word' id='word_1_636' title='bbox 455 4566 606 4618; x_wconf 87' lang='lat' dir='ltr'>tutes</span> <span class='ocrx_word' id='word_1_637' title='bbox 650 4563 920 4634; x_wconf 88' lang='lat' dir='ltr'>Cypriani</span> <span class='ocrx_word' id='word_1_638' title='bbox 957 4563 1240 4634; x_wconf 86' lang='lat' dir='ltr'>pracipue</span> <span class='ocrx_word' id='word_1_639' title='bbox 1290 4565 1511 4633; x_wconf 90' lang='lat' dir='ltr'>enituit,</span> <span class='ocrx_word' id='word_1_640' title='bbox 1559 4567 1635 4620; x_wconf 91' lang='lat' dir='ltr'>sic</span> <span class='ocrx_word' id='word_1_641' title='bbox 1674 4568 1733 4622; x_wconf 91' lang='lat' dir='ltr'>in</span> <span class='ocrx_word' id='word_1_642' title='bbox 1779 4571 1902 4640; x_wconf 90' lang='lat' dir='ltr'>ejus</span> <span class='ocrx_word' id='word_1_643' title='bbox 1939 4571 2160 4642; x_wconf 89' lang='lat' dir='ltr'>scriptis</span> <span class='ocrx_word' id='word_1_644' title='bbox 2204 4573 2346 4626; x_wconf 89' lang='lat' dir='ltr'>nihil</span> <span class='ocrx_word' id='word_1_645' title='bbox 2392 4573 2794 4628; x_wconf 90' lang='lat' dir='ltr'>vehementius</span> <span class='ocrx_word' id='word_1_646' title='bbox 2834 4573 3288 4641; x_wconf 88' lang='lat' dir='ltr'>commendatur,</span> <span class='ocrx_word' id='word_1_647' title='bbox 3318 4573 3462 4627; x_wconf 76' lang='lat' dir='ltr'>nihil</span> <span class='ocrx_word' id='word_1_648' title='bbox 3504 4572 3818 4628; x_wconf 83' lang='lat' dir='ltr'>accuratius</span> 
     </span>
    </p>
   </div>
   <div class='ocr_carea' id='block_1_50' title="bbox 455 4651 3817 4734">
    <p class='ocr_par' dir='ltr' id='par_1_50' title="bbox 455 4651 3817 4734">
     <span class='ocr_line' id='line_1_50' title="bbox 455 4651 3817 4734; baseline 0.003 -27"><span class='ocrx_word' id='word_1_649' title='bbox 455 4651 802 4719; x_wconf 87' lang='lat' dir='ltr'>defenditur,</span> <span class='ocrx_word' id='word_1_650' title='bbox 833 4669 1006 4723; x_wconf 89' lang='lat' dir='ltr'>quam</span> <span class='ocrx_word' id='word_1_651' title='bbox 1039 4653 1223 4707; x_wconf 90' lang='lat' dir='ltr'>unitas</span> <span class='ocrx_word' id='word_1_652' title='bbox 1267 4654 1542 4709; x_wconf 84' lang='lat' dir='ltr'>Ecclesia.</span> <span class='ocrx_word' id='word_1_653' title='bbox 1572 4657 1753 4711; x_wconf 80' lang='lat' dir='ltr'>Facile</span> <span class='ocrx_word' id='word_1_654' title='bbox 1781 4661 2036 4729; x_wconf 88' lang='lat' dir='ltr'>profecto</span> <span class='ocrx_word' id='word_1_655' title='bbox 2078 4678 2143 4715; x_wconf 86' lang='lat' dir='ltr'>ex</span> <span class='ocrx_word' id='word_1_656' title='bbox 2175 4662 2299 4734; x_wconf 87' lang='lat' dir='ltr'>ejus</span> <span class='ocrx_word' id='word_1_657' title='bbox 2341 4662 2504 4718; x_wconf 90' lang='lat' dir='ltr'>dictis</span> <span class='ocrx_word' id='word_1_658' title='bbox 2536 4663 2641 4716; x_wconf 90' lang='lat' dir='ltr'>tria</span> <span class='ocrx_word' id='word_1_659' title='bbox 2673 4663 3026 4734; x_wconf 90' lang='lat' dir='ltr'>potissimum</span> <span class='ocrx_word' id='word_1_660' title='bbox 3065 4662 3366 4734; x_wconf 88' lang='lat' dir='ltr'>perspiciet</span> <span class='ocrx_word' id='word_1_661' title='bbox 3406 4663 3665 4734; x_wconf 85' lang='lat' dir='ltr'>quisquis</span> <span class='ocrx_word' id='word_1_662' title='bbox 3696 4678 3817 4717; x_wconf 90' lang='lat' dir='ltr'>non</span> 
     </span>
    </p>
   </div>
   <div class='ocr_carea' id='block_1_51' title="bbox 456 4743 3817 4824">
    <p class='ocr_par' dir='ltr' id='par_1_51' title="bbox 456 4743 3817 4824">
     <span class='ocr_line' id='line_1_51' title="bbox 456 4743 3817 4824; baseline 0.004 -28"><span class='ocrx_word' id='word_1_663' title='bbox 456 4758 681 4796; x_wconf 88' lang='lat' dir='ltr'>omnem</span> <span class='ocrx_word' id='word_1_664' title='bbox 728 4758 986 4796; x_wconf 88' lang='lat' dir='ltr'>amorem</span> <span class='ocrx_word' id='word_1_665' title='bbox 1018 4743 1271 4797; x_wconf 87' lang='lat' dir='ltr'>veritatis</span> <span class='ocrx_word' id='word_1_666' title='bbox 1300 4743 1490 4798; x_wconf 91' lang='lat' dir='ltr'>animo</span> <span class='ocrx_word' id='word_1_667' title='bbox 1531 4745 1696 4816; x_wconf 90' lang='lat' dir='ltr'>ejecit</span> <span class='ocrx_word' id='word_1_668' title='bbox 1730 4768 1740 4800; x_wconf 89' lang='lat'>;</span> <span class='ocrx_word' id='word_1_669' title='bbox 1780 4751 1836 4801; x_wconf 83' lang='lat' dir='ltr'>l°</span> <span class='ocrx_word' id='word_1_670' title='bbox 1862 4750 2160 4805; x_wconf 86' lang='lat' dir='ltr'>Ecclesiam</span> <span class='ocrx_word' id='word_1_671' title='bbox 2205 4769 2332 4822; x_wconf 81' lang='lat' dir='ltr'>qua</span> <span class='ocrx_word' id='word_1_672' title='bbox 2375 4769 2408 4806; x_wconf 92' lang='lat' dir='ltr'>a</span> <span class='ocrx_word' id='word_1_673' title='bbox 2437 4753 2661 4808; x_wconf 88' lang='lat' dir='ltr'>Christo</span> <span class='ocrx_word' id='word_1_674' title='bbox 2699 4770 2802 4824; x_wconf 90' lang='lat' dir='ltr'>per</span> <span class='ocrx_word' id='word_1_675' title='bbox 2827 4754 3105 4824; x_wconf 86' lang='lat' dir='ltr'>apostolos</span> <span class='ocrx_word' id='word_1_676' title='bbox 3134 4753 3374 4807; x_wconf 88' lang='lat' dir='ltr'>fundata</span> <span class='ocrx_word' id='word_1_677' title='bbox 3415 4757 3518 4820; x_wconf 91' lang='lat' dir='ltr'>est,</span> <span class='ocrx_word' id='word_1_678' title='bbox 3551 4752 3817 4808; x_wconf 89' lang='lat' dir='ltr'>omnibus</span> 
     </span>
    </p>
   </div>
   <div class='ocr_carea' id='block_1_52' title="bbox 457 4831 3818 4914">
    <p class='ocr_par' dir='ltr' id='par_1_52' title="bbox 457 4831 3818 4914">
     <span class='ocr_line' id='line_1_52' title="bbox 457 4831 3818 4914; baseline 0.003 -29"><span class='ocrx_word' id='word_1_679' title='bbox 457 4832 817 4902; x_wconf 88' lang='lat' dir='ltr'>conspicuam</span> <span class='ocrx_word' id='word_1_680' title='bbox 865 4848 928 4885; x_wconf 88' lang='lat' dir='ltr'>ac</span> <span class='ocrx_word' id='word_1_681' title='bbox 985 4831 1262 4886; x_wconf 88' lang='lat' dir='ltr'>visibilem</span> <span class='ocrx_word' id='word_1_682' title='bbox 1309 4849 1430 4887; x_wconf 91' lang='lat' dir='ltr'>esse</span> <span class='ocrx_word' id='word_1_683' title='bbox 1454 4851 1470 4902; x_wconf 86' lang='lat'><strong>;</strong></span> <span class='ocrx_word' id='word_1_684' title='bbox 1523 4838 1581 4888; x_wconf 79' lang='lat'><strong>2°</strong></span> <span class='ocrx_word' id='word_1_685' title='bbox 1623 4852 1729 4890; x_wconf 92' lang='lat' dir='ltr'>nec</span> <span class='ocrx_word' id='word_1_686' title='bbox 1776 4839 1996 4908; x_wconf 89' lang='lat' dir='ltr'>perire,</span> <span class='ocrx_word' id='word_1_687' title='bbox 2039 4856 2142 4894; x_wconf 92' lang='lat' dir='ltr'>nec</span> <span class='ocrx_word' id='word_1_688' title='bbox 2196 4842 2310 4895; x_wconf 92' lang='lat' dir='ltr'>ullo</span> <span class='ocrx_word' id='word_1_689' title='bbox 2352 4859 2546 4898; x_wconf 91' lang='lat' dir='ltr'>errore</span> <span class='ocrx_word' id='word_1_690' title='bbox 2588 4850 2688 4898; x_wconf 89' lang='lat' dir='ltr'>aut</span> <span class='ocrx_word' id='word_1_691' title='bbox 2729 4843 3034 4898; x_wconf 87' lang='lat' dir='ltr'>schismate</span> <span class='ocrx_word' id='word_1_692' title='bbox 3075 4842 3367 4914; x_wconf 89' lang='lat' dir='ltr'>corrumpi</span> <span class='ocrx_word' id='word_1_693' title='bbox 3409 4859 3602 4914; x_wconf 87' lang='lat' dir='ltr'>posse;</span> <span class='ocrx_word' id='word_1_694' title='bbox 3637 4847 3697 4898; x_wconf 87' lang='lat'>3°</span> <span class='ocrx_word' id='word_1_695' title='bbox 3737 4842 3818 4897; x_wconf 85' lang='lat' dir='ltr'>ita</span> 
     </span>
    </p>
   </div>
   <div class='ocr_carea' id='block_1_53' title="bbox 458 4923 3817 5003">
    <p class='ocr_par' dir='ltr' id='par_1_53' title="bbox 458 4923 3817 5003">
     <span class='ocr_line' id='line_1_53' title="bbox 458 4923 3817 5003; baseline 0.004 -29"><span class='ocrx_word' id='word_1_696' title='bbox 458 4936 628 4975; x_wconf 89' lang='lat' dir='ltr'>unam</span> <span class='ocrx_word' id='word_1_697' title='bbox 674 4936 814 4988; x_wconf 89' lang='lat' dir='ltr'>esse,</span> <span class='ocrx_word' id='word_1_698' title='bbox 859 4924 920 4974; x_wconf 90' lang='lat' dir='ltr'>ut</span> <span class='ocrx_word' id='word_1_699' title='bbox 963 4937 1319 4993; x_wconf 85' lang='lat' dir='ltr'>quacunque</span> <span class='ocrx_word' id='word_1_700' title='bbox 1360 4923 1428 4977; x_wconf 88' lang='lat' dir='ltr'>ab</span> <span class='ocrx_word' id='word_1_701' title='bbox 1474 4939 1542 4978; x_wconf 89' lang='lat' dir='ltr'>ea</span> <span class='ocrx_word' id='word_1_702' title='bbox 1584 4930 1750 4980; x_wconf 82' lang='lat' dir='ltr'>secta</span> <span class='ocrx_word' id='word_1_703' title='bbox 1795 4927 2187 4999; x_wconf 89' lang='lat' dir='ltr'>discesserunt,</span> <span class='ocrx_word' id='word_1_704' title='bbox 2232 4937 2291 4986; x_wconf 91' lang='lat' dir='ltr'>ut</span> <span class='ocrx_word' id='word_1_705' title='bbox 2335 4949 2368 4986; x_wconf 91' lang='lat' dir='ltr'>a</span> <span class='ocrx_word' id='word_1_706' title='bbox 2414 4948 2550 4987; x_wconf 88' lang='lat' dir='ltr'>vera</span> <span class='ocrx_word' id='word_1_707' title='bbox 2598 4933 2859 5003; x_wconf 88' lang='lat' dir='ltr'>Ecclesia,</span> <span class='ocrx_word' id='word_1_708' title='bbox 2889 4932 2968 4987; x_wconf 89' lang='lat' dir='ltr'>ita</span> <span class='ocrx_word' id='word_1_709' title='bbox 3014 4932 3083 4988; x_wconf 90' lang='lat' dir='ltr'>ab</span> <span class='ocrx_word' id='word_1_710' title='bbox 3130 4938 3346 4988; x_wconf 85' lang='lat' dir='ltr'>aterna</span> <span class='ocrx_word' id='word_1_711' title='bbox 3389 4933 3569 4988; x_wconf 86' lang='lat' dir='ltr'>salute</span> <span class='ocrx_word' id='word_1_712' title='bbox 3612 4932 3817 4988; x_wconf 87' lang='lat' dir='ltr'>aliena</span> 
     </span>
    </p>
   </div>
   <div class='ocr_carea' id='block_1_54' title="bbox 455 5009 586 5063">
    <p class='ocr_par' dir='ltr' id='par_1_54' title="bbox 455 5009 586 5063">
     <span class='ocr_line' id='line_1_54' title="bbox 455 5009 586 5063; baseline -0.008 0"><span class='ocrx_word' id='word_1_713' title='bbox 455 5009 586 5063; x_wconf 89' lang='lat' dir='ltr'>sint.</span> 
     </span>
    </p>
   </div>
   <div class='ocr_carea' id='block_1_55' title="bbox 527 5099 3814 5184">
    <p class='ocr_par' dir='ltr' id='par_1_55' title="bbox 527 5099 3814 5184">
     <span class='ocr_line' id='line_1_55' title="bbox 527 5099 3814 5184; baseline 0.005 -32"><span class='ocrx_word' id='word_1_714' title='bbox 527 5099 672 5152; x_wconf 88' lang='lat' dir='ltr'>Nota</span> <span class='ocrx_word' id='word_1_715' title='bbox 718 5114 832 5152; x_wconf 89' lang='lat' dir='ltr'>non</span> <span class='ocrx_word' id='word_1_716' title='bbox 879 5102 1045 5154; x_wconf 89' lang='lat' dir='ltr'>erant</span> <span class='ocrx_word' id='word_1_717' title='bbox 1075 5106 1270 5155; x_wconf 88' lang='lat' dir='ltr'>sancto</span> <span class='ocrx_word' id='word_1_718' title='bbox 1314 5102 1540 5174; x_wconf 86' lang='lat' dir='ltr'>Martyri</span> <span class='ocrx_word' id='word_1_719' title='bbox 1584 5104 1879 5160; x_wconf 89' lang='lat' dir='ltr'>invisibilis</span> <span class='ocrx_word' id='word_1_720' title='bbox 1925 5107 2184 5164; x_wconf 89' lang='lat' dir='ltr'>Ecclesia</span> <span class='ocrx_word' id='word_1_721' title='bbox 2211 5114 2560 5180; x_wconf 88' lang='lat' dir='ltr'>commenta,</span> <span class='ocrx_word' id='word_1_722' title='bbox 2591 5128 2719 5184; x_wconf 84' lang='lat' dir='ltr'>qua</span> <span class='ocrx_word' id='word_1_723' title='bbox 2756 5112 2930 5184; x_wconf 90' lang='lat' dir='ltr'>longe</span> <span class='ocrx_word' id='word_1_724' title='bbox 2972 5114 3289 5169; x_wconf 87' lang='lat' dir='ltr'>recentiore</span> <span class='ocrx_word' id='word_1_725' title='bbox 3321 5112 3599 5169; x_wconf 87' lang='lat' dir='ltr'>memoria</span> <span class='ocrx_word' id='word_1_726' title='bbox 3645 5129 3814 5168; x_wconf 84' lang='lat' dir='ltr'>exco-</span> 
     </span>
    </p>
   </div>
   <div class='ocr_carea' id='block_1_56' title="bbox 457 5189 3820 5270">
    <p class='ocr_par' dir='ltr' id='par_1_56' title="bbox 457 5189 3820 5270">
     <span class='ocr_line' id='line_1_56' title="bbox 457 5189 3820 5270; baseline 0.004 -26"><span class='ocrx_word' id='word_1_727' title='bbox 457 5190 634 5261; x_wconf 83' lang='lat' dir='ltr'>gitata</span> <span class='ocrx_word' id='word_1_728' title='bbox 683 5192 852 5254; x_wconf 89' lang='lat' dir='ltr'>sunt;</span> <span class='ocrx_word' id='word_1_729' title='bbox 881 5189 975 5243; x_wconf 90' lang='lat' dir='ltr'>sed</span> <span class='ocrx_word' id='word_1_730' title='bbox 1028 5207 1154 5244; x_wconf 89' lang='lat' dir='ltr'>eam</span> <span class='ocrx_word' id='word_1_731' title='bbox 1205 5191 1506 5246; x_wconf 89' lang='lat' dir='ltr'>Ecclesiam</span> <span class='ocrx_word' id='word_1_732' title='bbox 1560 5194 1826 5268; x_wconf 88' lang='lat' dir='ltr'>intelligit</span> <span class='ocrx_word' id='word_1_733' title='bbox 1865 5197 1922 5251; x_wconf 91' lang='lat' dir='ltr'>in</span> <span class='ocrx_word' id='word_1_734' title='bbox 1971 5214 2082 5268; x_wconf 90' lang='lat' dir='ltr'>qua</span> <span class='ocrx_word' id='word_1_735' title='bbox 2133 5201 2344 5255; x_wconf 90' lang='lat' dir='ltr'>zizania</span> <span class='ocrx_word' id='word_1_736' title='bbox 2385 5217 2515 5256; x_wconf 92' lang='lat' dir='ltr'>cum</span> <span class='ocrx_word' id='word_1_737' title='bbox 2566 5202 2877 5270; x_wconf 90' lang='lat' dir='ltr'>frumento,</span> <span class='ocrx_word' id='word_1_738' title='bbox 2926 5218 3058 5256; x_wconf 87' lang='lat' dir='ltr'>vasa</span> <span class='ocrx_word' id='word_1_739' title='bbox 3104 5203 3297 5258; x_wconf 89' lang='lat' dir='ltr'>ﬁctilia</span> <span class='ocrx_word' id='word_1_740' title='bbox 3345 5220 3475 5259; x_wconf 92' lang='lat' dir='ltr'>cum</span> <span class='ocrx_word' id='word_1_741' title='bbox 3527 5203 3711 5258; x_wconf 89' lang='lat' dir='ltr'>aureis</span> <span class='ocrx_word' id='word_1_742' title='bbox 3761 5206 3820 5257; x_wconf 93' lang='lat' dir='ltr'>et</span> 
     </span>
    </p>
   </div>
   <div class='ocr_carea' id='block_1_57' title="bbox 455 5278 3820 5362">
    <p class='ocr_par' dir='ltr' id='par_1_57' title="bbox 455 5278 3820 5362">
     <span class='ocr_line' id='line_1_57' title="bbox 455 5278 3820 5362; baseline 0.004 -29"><span class='ocrx_word' id='word_1_743' title='bbox 455 5278 740 5349; x_wconf 89' lang='lat' dir='ltr'>argenteis</span> <span class='ocrx_word' id='word_1_744' title='bbox 789 5294 969 5348; x_wconf 91' lang='lat' dir='ltr'>usque</span> <span class='ocrx_word' id='word_1_745' title='bbox 997 5279 1065 5333; x_wconf 89' lang='lat' dir='ltr'>ad</span> <span class='ocrx_word' id='word_1_746' title='bbox 1103 5279 1254 5334; x_wconf 90' lang='lat' dir='ltr'>diem</span> <span class='ocrx_word' id='word_1_747' title='bbox 1295 5281 1494 5350; x_wconf 88' lang='lat' dir='ltr'>jndicii</span> <span class='ocrx_word' id='word_1_748' title='bbox 1524 5286 1797 5354; x_wconf 90' lang='lat' dir='ltr'>permista</span> <span class='ocrx_word' id='word_1_749' title='bbox 1823 5294 2132 5344; x_wconf 89' lang='lat' dir='ltr'>cernentur</span> <span class='ocrx_word' id='word_1_750' title='bbox 2175 5289 2295 5361; x_wconf 84' lang='lat' dir='ltr'>(col.</span> <span class='ocrx_word' id='word_1_751' title='bbox 2331 5290 2476 5359; x_wconf 79' lang='grc'><strong>344),</strong></span> <span class='ocrx_word' id='word_1_752' title='bbox 2506 5307 2634 5362; x_wconf 87' lang='lat' dir='ltr'>qua</span> <span class='ocrx_word' id='word_1_753' title='bbox 2661 5308 2834 5362; x_wconf 90' lang='lat' dir='ltr'>super</span> <span class='ocrx_word' id='word_1_754' title='bbox 2863 5293 3092 5347; x_wconf 90' lang='lat' dir='ltr'>Petrum</span> <span class='ocrx_word' id='word_1_755' title='bbox 3141 5294 3367 5349; x_wconf 92' lang='lat' dir='ltr'>Domini</span> <span class='ocrx_word' id='word_1_756' title='bbox 3396 5310 3533 5348; x_wconf 91' lang='lat' dir='ltr'>voce</span> <span class='ocrx_word' id='word_1_757' title='bbox 3582 5293 3820 5347; x_wconf 89' lang='lat' dir='ltr'>fundata</span> 
     </span>
    </p>
   </div>
   <div class='ocr_carea' id='block_1_58' title="bbox 459 5368 3821 5454">
    <p class='ocr_par' dir='ltr' id='par_1_58' title="bbox 459 5368 3821 5454">
     <span class='ocr_line' id='line_1_58' title="bbox 459 5368 3821 5454; baseline 0.005 -35"><span class='ocrx_word' id='word_1_758' title='bbox 459 5391 486 5419; x_wconf 72' lang='grc' dir='ltr'>ιι</span> <span class='ocrx_word' id='word_1_759' title='bbox 531 5384 644 5421; x_wconf 90' lang='lat' dir='ltr'>una</span> <span class='ocrx_word' id='word_1_760' title='bbox 687 5373 860 5421; x_wconf 82' lang='lat' dir='ltr'>estet</span> <span class='ocrx_word' id='word_1_761' title='bbox 903 5368 959 5421; x_wconf 89' lang='lat' dir='ltr'>in</span> <span class='ocrx_word' id='word_1_762' title='bbox 1009 5368 1433 5424; x_wconf 88' lang='lat' dir='ltr'>multitudinem</span> <span class='ocrx_word' id='word_1_763' title='bbox 1479 5373 1641 5428; x_wconf 89' lang='lat' dir='ltr'>latius</span> <span class='ocrx_word' id='word_1_764' title='bbox 1693 5374 2045 5431; x_wconf 89' lang='lat' dir='ltr'>incremento</span> <span class='ocrx_word' id='word_1_765' title='bbox 2095 5379 2462 5435; x_wconf 87' lang='lat' dir='ltr'>fecunditatis</span> <span class='ocrx_word' id='word_1_766' title='bbox 2509 5381 2852 5448; x_wconf 82' lang='lat' dir='ltr'>extenditur,</span> <span class='ocrx_word' id='word_1_767' title='bbox 2885 5397 2951 5436; x_wconf 89' lang='lat' dir='ltr'>ac</span> <span class='ocrx_word' id='word_1_768' title='bbox 2993 5383 3216 5437; x_wconf 86' lang='lat' dir='ltr'>Domini</span> <span class='ocrx_word' id='word_1_769' title='bbox 3258 5383 3382 5437; x_wconf 88' lang='lat' dir='ltr'>luce</span> <span class='ocrx_word' id='word_1_770' title='bbox 3429 5382 3676 5454; x_wconf 87' lang='lat' dir='ltr'>perfusa,</span> <span class='ocrx_word' id='word_1_771' title='bbox 3714 5398 3821 5452; x_wconf 88' lang='lat' dir='ltr'>per</span> 
     </span>
    </p>
   </div>
   <div class='ocr_carea' id='block_1_59' title="bbox 456 5456 3816 5542">
    <p class='ocr_par' dir='ltr' id='par_1_59' title="bbox 456 5456 3816 5542">
     <span class='ocr_line' id='line_1_59' title="bbox 456 5456 3816 5542; baseline 0.004 -30"><span class='ocrx_word' id='word_1_772' title='bbox 456 5456 650 5512; x_wconf 88' lang='lat' dir='ltr'>orbem</span> <span class='ocrx_word' id='word_1_773' title='bbox 693 5458 874 5509; x_wconf 89' lang='lat' dir='ltr'>totum</span> <span class='ocrx_word' id='word_1_774' title='bbox 903 5457 1089 5510; x_wconf 89' lang='lat' dir='ltr'>radios</span> <span class='ocrx_word' id='word_1_775' title='bbox 1128 5475 1258 5512; x_wconf 84' lang='lat' dir='ltr'>suos</span> <span class='ocrx_word' id='word_1_776' title='bbox 1300 5461 1572 5532; x_wconf 86' lang='lat' dir='ltr'>porrigit;</span> <span class='ocrx_word' id='word_1_777' title='bbox 1611 5464 1668 5517; x_wconf 90' lang='lat' dir='ltr'>in</span> <span class='ocrx_word' id='word_1_778' title='bbox 1709 5482 1823 5536; x_wconf 89' lang='lat' dir='ltr'>qua</span> <span class='ocrx_word' id='word_1_779' title='bbox 1866 5467 2220 5538; x_wconf 86' lang='lat' dir='ltr'>episcopatus</span> <span class='ocrx_word' id='word_1_780' title='bbox 2259 5486 2407 5524; x_wconf 90' lang='lat' dir='ltr'>unus</span> <span class='ocrx_word' id='word_1_781' title='bbox 2439 5475 2544 5537; x_wconf 90' lang='lat' dir='ltr'>est,</span> <span class='ocrx_word' id='word_1_782' title='bbox 2572 5470 2734 5540; x_wconf 88' lang='lat' dir='ltr'>cujus</span> <span class='ocrx_word' id='word_1_783' title='bbox 2761 5487 2793 5524; x_wconf 91' lang='lat' dir='ltr'>a</span> <span class='ocrx_word' id='word_1_784' title='bbox 2819 5470 3061 5542; x_wconf 84' lang='lat' dir='ltr'>singulis</span> <span class='ocrx_word' id='word_1_785' title='bbox 3100 5471 3159 5526; x_wconf 90' lang='lat' dir='ltr'>in</span> <span class='ocrx_word' id='word_1_786' title='bbox 3197 5472 3443 5527; x_wconf 90' lang='lat' dir='ltr'>solidum</span> <span class='ocrx_word' id='word_1_787' title='bbox 3486 5487 3617 5542; x_wconf 88' lang='lat' dir='ltr'>pars</span> <span class='ocrx_word' id='word_1_788' title='bbox 3655 5476 3816 5526; x_wconf 81' lang='lat' dir='ltr'>tene-</span> 
     </span>
    </p>
   </div>
   <div class='ocr_carea' id='block_1_60' title="bbox 457 5546 3824 5633">
    <p class='ocr_par' dir='ltr' id='par_1_60' title="bbox 457 5546 3824 5633">
     <span class='ocr_line' id='line_1_60' title="bbox 457 5546 3824 5633; baseline 0.004 -33"><span class='ocrx_word' id='word_1_789' title='bbox 457 5549 550 5600; x_wconf 88' lang='lat' dir='ltr'>tur</span> <span class='ocrx_word' id='word_1_790' title='bbox 595 5546 691 5615; x_wconf 91' lang='lat' dir='ltr'>(De</span> <span class='ocrx_word' id='word_1_791' title='bbox 743 5546 893 5598; x_wconf 80' lang='lat' dir='ltr'>Unit.</span> <span class='ocrx_word' id='word_1_792' title='bbox 921 5547 1145 5608; x_wconf 88' lang='lat' dir='ltr'>Eccles.,</span> <span class='ocrx_word' id='word_1_793' title='bbox 1175 5549 1270 5601; x_wconf 86' lang='lat' dir='ltr'>col.</span> <span class='ocrx_word' id='word_1_794' title='bbox 1303 5549 1448 5620; x_wconf 80' lang='grc'>501),</span> <span class='ocrx_word' id='word_1_795' title='bbox 1489 5551 1544 5604; x_wconf 89' lang='lat' dir='ltr'>in</span> <span class='ocrx_word' id='word_1_796' title='bbox 1573 5569 1687 5623; x_wconf 90' lang='lat' dir='ltr'>qua</span> <span class='ocrx_word' id='word_1_797' title='bbox 1731 5571 1832 5624; x_wconf 89' lang='lat' dir='ltr'>per</span> <span class='ocrx_word' id='word_1_798' title='bbox 1880 5561 2200 5627; x_wconf 88' lang='lat' dir='ltr'>temporum</span> <span class='ocrx_word' id='word_1_799' title='bbox 2246 5565 2302 5614; x_wconf 89' lang='lat' dir='ltr'>et</span> <span class='ocrx_word' id='word_1_800' title='bbox 2344 5560 2761 5614; x_wconf 90' lang='lat' dir='ltr'>successionum</span> <span class='ocrx_word' id='word_1_801' title='bbox 2808 5559 2952 5615; x_wconf 88' lang='lat' dir='ltr'>vices</span> <span class='ocrx_word' id='word_1_802' title='bbox 2995 5561 3388 5633; x_wconf 89' lang='lat' dir='ltr'>episcoporum</span> <span class='ocrx_word' id='word_1_803' title='bbox 3439 5560 3717 5616; x_wconf 89' lang='lat' dir='ltr'>ordinatio</span> <span class='ocrx_word' id='word_1_804' title='bbox 3762 5564 3824 5615; x_wconf 88' lang='lat' dir='ltr'>et</span> 
     </span>
    </p>
   </div>
   <div class='ocr_carea' id='block_1_61' title="bbox 453 5634 3819 5720">
    <p class='ocr_par' dir='ltr' id='par_1_61' title="bbox 453 5634 3819 5720">
     <span class='ocr_line' id='line_1_61' title="bbox 453 5634 3819 5720; baseline 0.004 -29"><span class='ocrx_word' id='word_1_805' title='bbox 453 5634 712 5691; x_wconf 81' lang='lat' dir='ltr'>Ecclesia</span> <span class='ocrx_word' id='word_1_806' title='bbox 756 5634 900 5687; x_wconf 90' lang='lat' dir='ltr'>ratio</span> <span class='ocrx_word' id='word_1_807' title='bbox 931 5635 1197 5701; x_wconf 89' lang='lat' dir='ltr'>decurrit,</span> <span class='ocrx_word' id='word_1_808' title='bbox 1230 5641 1294 5690; x_wconf 89' lang='lat' dir='ltr'>ut</span> <span class='ocrx_word' id='word_1_809' title='bbox 1338 5639 1580 5694; x_wconf 86' lang='lat' dir='ltr'>Ecclesia</span> <span class='ocrx_word' id='word_1_810' title='bbox 1623 5659 1794 5714; x_wconf 88' lang='lat' dir='ltr'>super</span> <span class='ocrx_word' id='word_1_811' title='bbox 1845 5645 2138 5716; x_wconf 90' lang='lat' dir='ltr'>episcopos</span> <span class='ocrx_word' id='word_1_812' title='bbox 2178 5649 2670 5715; x_wconf 48' lang='lat' dir='ltr'>constituatur,»et</span> <span class='ocrx_word' id='word_1_813' title='bbox 2715 5649 2900 5705; x_wconf 90' lang='lat' dir='ltr'>omnis</span> <span class='ocrx_word' id='word_1_814' title='bbox 2945 5656 3100 5706; x_wconf 86' lang='lat' dir='ltr'>actus</span> <span class='ocrx_word' id='word_1_815' title='bbox 3139 5650 3397 5705; x_wconf 85' lang='lat' dir='ltr'>Ecclesia</span> <span class='ocrx_word' id='word_1_816' title='bbox 3441 5666 3544 5720; x_wconf 92' lang='lat' dir='ltr'>per</span> <span class='ocrx_word' id='word_1_817' title='bbox 3584 5648 3819 5704; x_wconf 87' lang='lat' dir='ltr'>eosdem</span> 
     </span>
    </p>
   </div>
   <div class='ocr_carea' id='block_1_62' title="bbox 446 5722 3823 5811">
    <p class='ocr_par' dir='ltr' id='par_1_62' title="bbox 446 5722 3823 5811">
     <span class='ocr_line' id='line_1_62' title="bbox 446 5722 3823 5811; baseline 0.004 -31"><span class='ocrx_word' id='word_1_818' title='bbox 446 5725 791 5798; x_wconf 73' lang='lat' dir='ltr'>prapositos</span> <span class='ocrx_word' id='word_1_819' title='bbox 842 5722 1194 5793; x_wconf 78' lang='lat' dir='ltr'>gubernetur</span> <span class='ocrx_word' id='word_1_820' title='bbox 1241 5728 1433 5796; x_wconf 74' lang='lat' dir='ltr'>(Epist.</span> <span class='ocrx_word' id='word_1_821' title='bbox 1479 5732 1666 5801; x_wconf 87' lang='lat' dir='ltr'>xxvn).</span> <span class='ocrx_word' id='word_1_822' title='bbox 1711 5753 1736 5780; x_wconf 85' lang='lat'>»</span> <span class='ocrx_word' id='word_1_823' title='bbox 1791 5734 1849 5786; x_wconf 91' lang='lat' dir='ltr'>ln</span> <span class='ocrx_word' id='word_1_824' title='bbox 1899 5734 1985 5787; x_wconf 90' lang='lat' dir='ltr'>his</span> <span class='ocrx_word' id='word_1_825' title='bbox 2034 5739 2091 5789; x_wconf 92' lang='lat' dir='ltr'>et</span> <span class='ocrx_word' id='word_1_826' title='bbox 2138 5737 2262 5791; x_wconf 88' lang='lat' dir='ltr'>aliis</span> <span class='ocrx_word' id='word_1_827' title='bbox 2307 5739 2580 5809; x_wconf 89' lang='lat' dir='ltr'>ejusmodi</span> <span class='ocrx_word' id='word_1_828' title='bbox 2633 5739 2767 5793; x_wconf 90' lang='lat' dir='ltr'>locis</span> <span class='ocrx_word' id='word_1_829' title='bbox 2813 5740 2970 5794; x_wconf 81' lang='lat' dir='ltr'>nulla</span> <span class='ocrx_word' id='word_1_830' title='bbox 3023 5739 3231 5794; x_wconf 85' lang='lat' dir='ltr'>residet</span> <span class='ocrx_word' id='word_1_831' title='bbox 3265 5739 3507 5811; x_wconf 88' lang='lat' dir='ltr'>suspicio</span> <span class='ocrx_word' id='word_1_832' title='bbox 3552 5738 3823 5793; x_wconf 83' lang='lat' dir='ltr'>Ecclesia</span> 
     </span>
    </p>
   </div>
   <div class='ocr_carea' id='block_1_63' title="bbox 455 5814 3826 5908">
    <p class='ocr_par' dir='ltr' id='par_1_63' title="bbox 455 5814 3826 5908">
     <span class='ocr_line' id='line_1_63' title="bbox 455 5814 3826 5908; baseline 0.003 -35"><span class='ocrx_word' id='word_1_833' title='bbox 455 5815 786 5888; x_wconf 80' lang='lat' dir='ltr'>invisibilis;</span> <span class='ocrx_word' id='word_1_834' title='bbox 833 5829 1017 5890; x_wconf 82' lang='lat' dir='ltr'>neque</span> <span class='ocrx_word' id='word_1_835' title='bbox 1063 5814 1219 5872; x_wconf 90' lang='lat' dir='ltr'>enim</span> <span class='ocrx_word' id='word_1_836' title='bbox 1263 5817 1452 5893; x_wconf 89' lang='lat' dir='ltr'>lapsos</span> <span class='ocrx_word' id='word_1_837' title='bbox 1498 5819 1824 5876; x_wconf 85' lang='lat' dir='ltr'>hortaretur</span> <span class='ocrx_word' id='word_1_838' title='bbox 1859 5826 2176 5898; x_wconf 88' lang='lat' dir='ltr'>Cyprianus</span> <span class='ocrx_word' id='word_1_839' title='bbox 2221 5833 2285 5884; x_wconf 86' lang='lat' dir='ltr'>ut</span> <span class='ocrx_word' id='word_1_840' title='bbox 2331 5829 2592 5884; x_wconf 84' lang='lat' dir='ltr'>Ecclesia</span> <span class='ocrx_word' id='word_1_841' title='bbox 2637 5829 2933 5886; x_wconf 79' lang='lat' dir='ltr'>invisibilis</span> <span class='ocrx_word' id='word_1_842' title='bbox 2977 5830 3219 5885; x_wconf 89' lang='lat' dir='ltr'>decretis</span> <span class='ocrx_word' id='word_1_843' title='bbox 3271 5830 3683 5908; x_wconf 81' lang='lat' dir='ltr'>obsequantur,</span> <span class='ocrx_word' id='word_1_844' title='bbox 3717 5833 3826 5886; x_wconf 85' lang='lat' dir='ltr'>aut</span> 
     </span>
    </p>
   </div>
  </div>
