4084 6208
232 218 249 269 1
272 221 297 269 7
1738 222 1845 275 PR;

1988 221 2110 275 I'lO.
3540 221 3601 278 18

225 340 598 396 confessores
638 346 701 396 ut
732 343 800 397 ad
833 342 1135 399 Ecclesiam
1168 344 1509 399 invisibilem
1541 345 1806 413 redeant;
1835 361 1938 399 nec
1966 344 2362 416 episcoporum
2384 344 2791 400 successionem
2820 344 2993 401 habet
3019 345 3267 400 Ecclesia
3293 344 3607 413 invisibilis,

224 448 336 485 nec
366 448 475 500 per
507 436 686 486 totum
719 432 917 487 orbem
950 435 1141 489 radios
1167 452 1294 488 suos
1324 435 1608 490 diffundit.

308 547 607 621 17-18
638 549 768 619 Sed,
805 567 875 605 ne
922 552 1048 622 quis
1086 552 1234 606 dicat
1278 553 1578 606 Ecclesiam
1628 554 1830 623 primis
1863 554 2076 607 saeculis
2113 554 2213 607 hos
2254 553 2446 605 titulos
2486 552 2778 617 meruisse,
2826 556 2884 606 at
2927 558 3123 622 postea
3164 569 3356 607 rerum
3401 554 3604 608 faciem

226 637 410 690 fuisse
438 643 736 705 mutatam,
767 641 1013 693 occurrit
1040 641 1126 694 his
1154 643 1457 695 calumniis
1501 643 1834 712 Cyprianus,
1869 660 1933 697 ac
1980 642 2256 696 visibilem
2289 642 2442 696 illam
2490 642 2790 696 Ecclesiam
2840 642 3008 695 nullis
3047 642 3347 696 hominum
3396 644 3606 696 viribus

226 728 437 791 everti,
485 727 641 780 nullo
679 743 866 781 errore
908 731 1178 798 superari,
1223 731 1377 784 nullo
1419 731 1720 785 schismate
1762 731 1935 784 dividi
1977 747 2136 801 posse
2178 730 2495 784 contendit.
2526 730 2671 793 Quid
2720 730 2787 783 de
2826 731 3312 800 persecutionibus
3356 732 3603 800 impera-

229 820 429 867 torum
464 817 723 881 senserit,
764 818 1001 889 perspici
1050 822 1234 888 potest
1275 836 1343 873 ex
1389 819 1533 873 libro
1600 822 1665 873 de
1706 823 1911 889 Lapsis,
1948 820 2041 873 ubi
2081 819 2435 873 horrendam
2482 819 2639 873 illam
2677 820 3158 890 persecutionem,
3192 835 3365 889 quam
3411 821 3607 874 Decius

226 904 520 971 accendit,
552 905 741 960 divino
781 908 1010 960 consilio
1048 908 1383 978 permissam
1422 909 1591 963 fuisse
1627 910 1809 975 docet,
1843 914 1903 963 ut
1938 910 2162 981 pietatis
2207 910 2479 975 studium,
2519 911 2691 979 longa
2728 926 2863 980 pace
2909 909 3326 978 refrigeratum,
3360 909 3603 962 exsusci-

229 997 501 1060 taretnr;
532 993 608 1046 sic
653 994 819 1047 etiam
862 996 1313 1065 persecutionem
1355 995 1495 1049 Galli
1548 1000 1604 1050 et
1654 998 1936 1051 Volusiani
1975 1000 2168 1052 Romte
2213 1001 2535 1069 prorupisse
2582 1001 2864 1066 observat,
2900 1021 2926 1049 «
2971 1004 3030 1051 ut
3070 998 3138 1051 ad
3175 997 3607 1052 confundendos

231 1081 544 1137 haereticos
587 1087 645 1136 et
695 1085 1080 1139 retundendos
1130 1086 1461 1141 ostenderet
1504 1087 1773 1141 Dominus
1819 1104 1946 1157 qum
1988 1093 2136 1141 esset
2185 1088 2516 1156 Ecclesia...,
2564 1089 2661 1160 qui
2708 1094 2895 1142 essent
2943 1105 3083 1159 quos
3130 1087 3389 1140 inimicus
3432 1088 3603 1140 laces-

228 1178 407 1237 seret,
480 1173 577 1242 qui
643 1176 839 1227 contra
906 1175 1112 1245 quibus
1174 1176 1433 1229 diabolus
1486 1180 1547 1230 ut
1599 1176 1711 1229 suis
1774 1182 2032 1246 parceret
2095 1178 2292 1245 (Epist.
2348 1180 2517 1247 Lvui).
2578 1202 2604 1227 ››
2661 1178 2745 1232 Sic
2799 1179 2868 1231 de
2923 1178 3301 1248 perpetuitate
3353 1175 3607 1229 Ecclesia:

230 1260 584 1314 sentientem
642 1279 746 1315 nec
797 1263 1042 1317 haereses
1086 1280 1192 1318 nec
1238 1265 1541 1319 schismata
1589 1267 1923 1320 terrebant:
1975 1266 2247 1335 praedicta
2296 1267 2416 1321 hinc
2468 1268 2677 1322 sciebat
2715 1286 2746 1322 a
2786 1269 3005 1323 Christo
3054 1272 3108 1321 et
3146 1268 3445 1338 Apostolis,
3502 1282 3607 1320 nec

230 1365 593 1419 quemquam
621 1351 817 1405 mirari
847 1352 1056 1407 debere
1083 1369 1214 1407 cum
1253 1354 1521 1407 eveniunt
1560 1355 1751 1425 (Epist.
1786 1356 1892 1425 LV).
1923 1355 2085 1407 Nullo
2115 1361 2306 1409 autem
2349 1372 2541 1411 errore
2570 1358 2873 1411 Ecclesiam
2908 1358 3077 1423 infici,
3112 1356 3268 1410 nullo
3306 1356 3607 1409 schismate

229 1440 538 1509 corrumpi
603 1457 767 1510 posse
831 1442 1086 1511 pluribus
1150 1444 1284 1498 locis
1352 1443 1618 1510 declarat,
1672 1444 1730 1497 in
1785 1444 1985 1515 primis
2047 1444 2103 1497 in
2155 1444 2300 1497 libro
2357 1447 2422 1499 de
2482 1449 2697 1501 Unitate
2746 1448 3008 1512 Ecclesia),
3074 1446 3167 1499 ubi
3232 1446 3310 1498 sic
3362 1444 3611 1514 loquitur

233 1529 358 1593 (cel.
419 1529 561 1597 502).
596 1550 621 1576 ‹‹
654 1530 975 1584 Adulterari
1005 1550 1115 1586 non
1144 1537 1332 1604 potest
1359 1550 1567 1604 sponsa
1593 1533 1834 1600 Christi;
1883 1534 2211 1602 incorrupta
2254 1539 2336 1587 est
2373 1538 2428 1588 et
2472 1535 2713 1604 pudica;
2750 1552 2917 1589 unam
2962 1536 3199 1589 domum
3232 1534 3407 1599 novit,
3440 1534 3608 1585 unius

227 1616 483 1670 cubiculi
515 1619 869 1672 sanctitatem
910 1629 1059 1675 casto
1105 1622 1322 1692 pudore
1360 1623 1671 1677 custodit...
1702 1639 1715 1687 ;
1748 1621 1883 1675 dicit
1914 1622 2218 1675 Dominus:
2255 1624 2366 1689 Ego
2410 1628 2458 1676 et
2499 1627 2663 1677 Pater
2710 1641 2881 1677 unum
2921 1640 3106 1677 sumus
3137 1640 3148 1676 :
3200 1629 3253 1676 et
3286 1623 3492 1676 iterum
3537 1622 3605 1675 de

231 1708 405 1759 Patre
441 1712 493 1758 et
528 1706 663 1760 Filio
692 1714 747 1760 et
772 1709 980 1779 Spiritu
1012 1718 1206 1764 sancto
1236 1712 1508 1781 scriptum
1547 1717 1628 1764 est
1662 1734 1672 1763 :
1718 1714 1787 1764 Et
1830 1712 1887 1763 hi
1918 1716 2023 1763 tres
2062 1727 2231 1764 unum
2274 1719 2420 1765 sunt.
2456 1714 2522 1765 Et
2567 1714 2867 1783 quisquam
2912 1713 3092 1767 credit
3140 1714 3284 1765 hanc
3328 1712 3605 1764 unitatem

230 1794 305 1848 de
336 1794 531 1848 divina
570 1796 834 1851 firmitate
878 1800 1223 1865 venientem,
1254 1802 1619 1855 sacramentis
1656 1799 1975 1853 caelestibus
2021 1800 2433 1867 cohaerentem,
2473 1800 2648 1855 scindi
2691 1802 2747 1855 in
2789 1802 3032 1855 Ecclesia
3077 1817 3259 1871 posse,
3295 1806 3349 1852 et
3392 1800 3596 1853 volun-

230 1887 419 1937 tatum
474 1886 861 1941 collidentium
918 1890 1159 1943 divortio
1215 1890 1502 1959 separari!
1549 1913 1574 1939 ››
1631 1891 1697 1942 Et
1747 1889 1915 1958 paulo
1973 1894 2149 1958 post:
2207 1912 2233 1937 ‹‹
2289 1890 2429 1952 Quia
2472 1891 2677 1946 Christi
2726 1892 2964 1961 pOpulus
3011 1906 3123 1943 non
3174 1892 3357 1959 potest
3405 1887 3604 1952 scindi,

233 1975 433 2026 tunica
487 1975 611 2045 ejus
670 1993 769 2045 per
818 1982 1002 2031 totum
1060 1980 1268 2032 textilis
1336 1982 1392 2032 et
1454 1980 1748 2033 cohzerens
1814 1980 1989 2033 divisa
2039 1996 2071 2032 a
2134 1979 2549 2049 possidentibus
2600 1996 2713 2032 non
2772 1984 2897 2032 est:
2958 1978 3267 2041 individua,
3323 1976 3603 2047 copulata,

230 2078 512 2130 connexa,
548 2066 791 2119 ostendit
819 2068 1007 2137 populi
1055 2068 1252 2135 nostri,
1285 2069 1379 2137 qui
1411 2069 1697 2122 Christum
1732 2068 2038 2135 induimus,
2091 2068 2449 2121 concordiam
2496 2069 2916 2133 cohaerentem;
2960 2072 3319 2122 sacramento
3358 2066 3522 2120 vestis
3553 2072 3609 2119 et

229 2150 402 2220 signo
453 2152 758 2209 declaravit
816 2156 1073 2209 Ecclesiae
1130 2156 1429 2209 unitatem.
1481 2158 1616 2220 Quis
1660 2174 1795 2225 ergo
1846 2159 1923 2210 sic
1971 2158 2280 2211 sceleratus
2345 2162 2402 2210 et
2456 2158 2726 2228 perﬁdus,
2774 2158 2898 2227 quis
2950 2158 3026 2211 sic
3081 2156 3371 2210 discordiae
3421 2158 3609 2210 furore

231 2256 497 2309 vesanus,
536 2248 593 2295 ut
621 2247 718 2296 aut
744 2244 941 2298 credat
975 2244 1153 2297 scindi
1188 2262 1367 2313 posse,
1395 2248 1710 2301 autaudeat
1738 2248 1993 2300 scindere
2016 2248 2292 2300 unitatem
2321 2248 2435 2313 Dei,
2460 2251 2676 2301 vestem
2708 2248 2951 2313 Domini,
2978 2248 3282 2300 Ecclesiam
3308 2246 3606 2299 Christi?»

230 2331 365 2383 Erat
394 2348 534 2402 ergo
566 2340 926 2403 perspectum
956 2339 1145 2388 sancto
1171 2335 1687 2405 Martyri,quamvis
1702 2337 1943 2389 haereses
1974 2337 2269 2390 Ecclesiam
2298 2343 2655 2406 oppugnent,
2688 2337 2945 2406 quamvis
2968 2337 3273 2389 schismata
3309 2336 3607 2389 nonnullas

231 2422 387 2475 illius
439 2427 633 2491 partes
684 2426 951 2493 avellant,
1006 2425 1308 2478 Ecclesiam
1364 2431 1555 2489 tamen
1606 2443 1707 2481 suo
1756 2442 1983 2495 semper
2031 2426 2234 2480 robore
2284 2430 2452 2494 stare,
2502 2444 2604 2479 nec
2648 2427 2969 2493 veritatem,
3011 2442 3181 2496 quam
3228 2425 3482 2479 Christus
3528 2425 3611 2478 illi

230 2512 547 2577 commisit,
604 2514 715 2567 ulla
760 2516 964 2568 haeresi
1013 2514 1300 2578 infuscari,
1353 2519 1453 2568 aut
1498 2517 1770 2569 unitatem
1822 2514 2125 2568 schismate
2177 2515 2465 2585 corrumpi
2516 2531 2697 2585 posse.
2751 2516 2887 2568 Hinc
2944 2515 3093 2569 inter
3137 2517 3313 2568 sectas
3359 2531 3486 2584 quae
3540 2514 3610 2567 ab

233 2602 490 2654 Ecclesia
518 2602 839 2671 discedunt,
864 2608 923 2657 et
950 2605 1252 2659 Ecclesiam
1282 2605 1461 2675 ipsam
1490 2609 1709 2659 tantum
1746 2604 1907 2672 ponit
1935 2603 2295 2669 discriminis,
2329 2609 2609 2674 quantum
2652 2605 2802 2658 inter
2850 2603 3153 2657 hominum
3192 2606 3247 2657 et
3296 2603 3389 2656 Dei
3430 2619 3609 2672 opus;

234 2705 302 2742 ac
342 2691 721 2747 Novatianum
756 2694 1012 2749 stultitiae
1042 2696 1248 2765 arguit,
1279 2716 1304 2743 «
1348 2694 1502 2765 quod
1546 2712 1675 2749 cum
1716 2695 1786 2748 sit
1829 2712 1861 2747 a
1906 2694 2129 2749 Christo
2186 2710 2296 2746 una
2344 2694 2585 2749 Ecclesia
2625 2710 2725 2763 per
2773 2699 2956 2747 totum
3006 2692 3288 2747 mundum
3330 2693 3388 2745 in
3432 2692 3612 2745 multa

238 2780 501 2834 membra
531 2782 735 2849 divisa,
768 2784 903 2838 item
933 2784 1286 2854 episc0patus
1321 2801 1470 2838 unus
1512 2786 1826 2839 multorum
1864 2786 2262 2855 episcoporum
2307 2782 2579 2836 concordi
2610 2782 3023 2836 numerositate
3071 2780 3328 2847 diffusus,
3360 2780 3452 2833 ille
3484 2786 3615 2850 post

236 2869 335 2922 Dei
369 2870 753 2936 traditionem,
786 2877 916 2943 post
943 2889 1259 2927 connexam
1287 2878 1342 2927 et
1370 2874 1583 2945 ubique
1630 2876 1993 2945 conjunctam
2023 2872 2310 2927 catholica:
2356 2872 2616 2926 Ecclesiae
2666 2871 2971 2939 unitatem,
3014 2871 3331 2923 humanam
3378 2874 3614 2923 conetur

236 2960 429 3014 facere
457 2962 765 3016 Ecclesiam
798 2964 992 3033 (Epist.
1024 2964 1136 3034 L11).
1166 2986 1192 3012 ››

311 3078 480 3142 Quod
526 3094 589 3131 ex
636 3079 723 3132 his
774 3080 1067 3151 principiis
1113 3081 1429 3135 necessario
1477 3082 1751 3153 sequitur,
1782 3096 2076 3152 nunquam
2122 3080 2372 3134 accidere
2417 3097 2578 3151 posse
2628 3085 2687 3133 ut
2720 3080 2877 3149 justa
2926 3078 2997 3132 sit
3038 3094 3206 3132 causa
3249 3078 3318 3131 ab
3368 3076 3615 3131 Ecclesia

241 3169 594 3231 discedendi.
630 3171 681 3223 id
727 3172 900 3225 etiam
947 3189 1095 3241 saepe
1145 3191 1178 3227 a
1224 3174 1507 3243 Cypriane
1555 3176 1834 3230 docetur:
1882 3187 2251 3243 quoscunque
2295 3170 2447 3223 enim
2493 3170 2719 3223 videbat
2762 3168 2832 3221 ab
2865 3167 3109 3221 Ecclesia
3165 3166 3481 3233 discedere,
3514 3182 3613 3219 eos

240 3258 476 3327 propria
522 3261 803 3312 sententia
850 3260 1149 3315 damnatos
1199 3262 1438 3328 dicebat,
1481 3264 1557 3316 ita
1607 3270 1666 3317 ut
1710 3279 1941 3317 necesse
1982 3277 2094 3314 non
2142 3264 2289 3312 esset
2338 3259 2488 3311 aliud
2536 3259 2604 3312 de
2651 3258 2757 3311 illis
2796 3256 3076 3325 judicium
3129 3256 3367 3309 institui.
3408 3256 3494 3309 Sic
3539 3256 3619 3309 ait

238 3348 438 3415 (Epist.
497 3350 645 3415 xux)
696 3350 967 3402 Novatum
998 3392 1010 3415 ,
1071 3373 1096 3399 ‹‹
1159 3352 1255 3420 qui
1304 3352 1425 3421 ejici
1482 3353 1550 3407 de
1592 3354 1832 3407 Ecclesia
1871 3356 1927 3406 et
1979 3349 2200 3405 excludi
2253 3350 2518 3414 habebat,
2560 3348 2842 3417 judicium
2903 3346 3255 3399 sacerdotum
3302 3345 3657 3398 voluntaria-

239 3434 651 3489 discessione»
696 3438 1045 3507 praecessisse
1080 3460 1107 3486 ‹‹
1157 3440 1318 3509 quasi
1371 3440 1606 3495 evasisse
1653 3442 1724 3495 sit
1768 3457 2013 3511 pcenam,
2061 3440 2403 3510 praevenisse
2444 3437 2828 3491 sententiam:
2864 3458 2890 3484 »
2941 3439 2998 3489 et
3042 3436 3098 3488 in
3147 3434 3293 3488 libro
3346 3436 3409 3487 de
3467 3437 3615 3487 Unit.

244 3526 443 3578 Eccles.
504 3526 622 3592 (col.
682 3528 824 3596 513).
892 3549 917 3574 ‹‹
973 3528 1331 3581 Aversandus
1387 3532 1470 3583 est
1514 3530 1663 3596 talis,
1722 3552 1745 3576 η
1794 3528 2001 3599 inquit,
2054 3548 2079 3575 (ι
2131 3531 2300 3596 atque
2345 3526 2663 3596 fugiendus,
2715 3523 2972 3594 quisquis
3016 3522 3206 3587 fuerit,
3254 3522 3323 3575 ab
3376 3523 3620 3576 Ecclesia

241 3618 568 3682 separatus.
602 3616 905 3669 Perversus
933 3620 1019 3670 est
1047 3618 1397 3687 hujusmodi,
1431 3622 1487 3672 et
1514 3624 1708 3689 peccat
1737 3623 1789 3671 et
1817 3620 1951 3670 esta
1978 3616 2281 3686 semetipso
2308 3616 2603 3668 damnatus
2642 3613 2789 3679 (Vid.
2835 3614 3006 3672 Epist.
3040 3611 3147 3679 XL).
3181 3632 3206 3657 ››
3238 3612 3312 3663 Ex
3343 3610 3430 3663 his
3454 3610 3619 3664 facile

242 3703 589 3772 perspicitur
618 3720 791 3757 unam
833 3722 1059 3775 prorsus
1094 3710 1151 3760 et
1187 3707 1536 3761 individuam
1569 3724 1690 3761 esse
1727 3705 1934 3761 Christi
1990 3705 2311 3771 Ecclesiam,
2342 3702 2601 3774 quamvis
2643 3703 2831 3772 plures
2871 3704 3041 3753 secta:
3085 3715 3274 3753 veram
3321 3715 3379 3752 se
3424 3699 3615 3752 Eccle-

242 3792 388 3844 siam
423 3791 634 3845 Christi
663 3809 783 3846 esse
817 3793 1135 3849 intendant.
1172 3796 1308 3848 Nam
1344 3797 1469 3865 plus
1493 3813 1610 3849 una
1652 3812 1771 3849 esse
1813 3812 1926 3848 non
1976 3797 2158 3863 potest
2201 3809 2329 3864 quae
2366 3808 2556 3844 errore
2601 3795 2657 3843 et
2704 3790 3003 3843 schismate
3037 3805 3153 3842 non
3202 3788 3378 3857 possit
3421 3788 3619 3853 everti,

241 3888 297 3933 et
354 3898 387 3933 a
438 3897 551 3951 qua
604 3881 725 3935 sine
773 3884 983 3937 scelere
1037 3884 1247 3938 discedi
1294 3901 1408 3938 non
1458 3885 1653 3955 possit.
1709 3885 1773 3939 Id
1822 3888 2013 3937 autem
2065 3883 2303 3936 miriﬁce
2353 3880 2695 3933 conﬁrmant
2741 3894 2935 3931 omnes
2989 3877 3254 3947 Cypriani
3302 3877 3617 3930 sententias.

238 3970 562 4023 Ecclesiam
593 3990 619 4019 «
662 3987 787 4040 qua;
831 3976 880 4025 et
912 3972 1045 4025 vivit
1083 3972 1138 4026 in
1167 3977 1443 4026 aeternum
1497 3980 1551 4027 et
1598 3974 1845 4027 vivificat
1884 3973 1979 4026 Dei
2032 3971 2306 4042 populum
2342 3972 2413 4038 (p.
2450 3970 2593 4035 409),
2626 3989 2651 4015 ››
2694 3968 2772 4021 ita
2810 3983 2984 4019 unam
3026 3982 3146 4019 esse
3193 3965 3508 4025 contendit,
3538 3971 3619 4033 ut,

241 4062 283 4112 si
338 4060 497 4129 apud
542 4061 917 4114 Novatianum
974 4062 1097 4128 fuit,
1144 4064 1293 4133 apud
1339 4064 1666 4118 Cornelium
1711 4079 1825 4115 non
1874 4062 2043 4115 fuisse
2087 4059 2335 4113 declaret
2376 4060 2517 4127 (tom.
2554 4058 2680 4125 l,p.
2738 4057 2912 4121 1140).
2968 4056 3108 4108 llinc
3160 4055 3325 4108 toties
3377 4054 3622 4109 Ecclesia

241 4150 447 4203 hortus
474 4149 787 4215 conclusus,
831 4150 958 4204 fons
999 4151 1255 4221 signatus
1298 4152 1521 4218 dicitur,
1562 4157 1626 4206 ut
1670 4152 1723 4204 in
1766 4151 1966 4204 eadem
2012 4149 2255 4219 pagina;
2292 4148 2506 4217 Sponsa
2545 4146 2770 4211 Christi,
2805 4162 2933 4216 qua:
2984 4144 3100 4197 sola
3149 4144 3295 4198 filios
3341 4161 3619 4214 generare

241 4242 452 4306 potest,
512 4254 753 4307 quaeque
809 4255 940 4292 cum
998 4240 1219 4295 Christo
1271 4240 1573 4294 individuis
1628 4240 1862 4293 nexibus
1915 4239 2161 4292 cohaeret
2214 4237 2291 4306 (p.
2348 4238 2470 4301 7225,
2520 4235 2642 4299 385,
2684 4251 2781 4304 pp.
2829 4235 2948 4299 140,
3012 4235 3130 4299 147,
3193 4233 3329 4301 195),
3392 4256 3418 4283 ‹‹
3471 4236 3621 4287 Hanc

242 4326 513 4381 Ecclesiae
562 4327 846 4381 catholicas
892 4329 1166 4383 unitatem
1213 4329 1281 4383 de
1324 4330 1528 4383 divina).
1583 4329 1968 4399 dispositionis
2016 4326 2345 4397 dignatione
2389 4322 2713 4375 venientem
2762 4326 2836 4391 (p.
2893 4324 3030 4389 1‘28),
3058 4342 3082 4367 ››
3134 4338 3460 4391 comparare
3506 4340 3621 4375 non

242 4416 475 4469 dubitat
527 4416 837 4486 Cyprianus
891 4433 1022 4471 cum
1077 4418 1293 4473 unitate
1346 4419 1552 4475 Christi
1610 4422 1687 4489 (p.
1746 4420 1902 4489 132),
1962 4435 2091 4471 cum
2149 4416 2364 4471 unitate
2418 4412 2513 4466 Dei
2561 4414 2639 4482 (p.
2685 4413 2833 4482 202),
2890 4428 3018 4464 cum
3072 4411 3287 4465 unitate
3337 4411 3623 4466 Trinitatis

241 4508 318 4575 (p.
355 4506 504 4575 196).

314 4617 506 4683 Atque
540 4613 632 4667 hic
660 4614 765 4667 fuit
790 4614 959 4667 cardo
985 4615 1246 4668 omnium
1278 4615 1794 4671 controversiarum
1828 4632 1964 4688 qua:
1992 4615 2200 4669 Sancto
2247 4610 2533 4681 Cypriano
2571 4610 3043 4679 supervenerunt.
3077 4607 3215 4661 Cum
3249 4606 3622 4660 Felicissimus

240 4710 297 4757 et
348 4704 608 4773 quinque
653 4704 971 4773 presbyteri
1016 4704 1319 4758 nonnullos
1371 4720 1435 4758 ex
1482 4705 1654 4776 lapsis
1698 4723 1730 4759 a
1776 4705 2043 4776 Cypriani
2087 4702 2489 4757 communione
2548 4697 2970 4762 abstraxissent,
3019 4713 3083 4749 ac
3132 4695 3400 4766 speciosis
3441 4697 3623 4749 causis

242 4797 429 4849 scelus
464 4792 644 4859 {suum
682 4797 1077 4865 praetexerent,
1110 4798 1362 4864 quantus
1413 4794 1571 4848 dolor
1609 4794 1821 4848 exstitit
1867 4791 2128 4865 Cypriani
2171 4790 2228 4844 in
2278 4791 2381 4843 hac
2424 4788 2743 4842 animarum
2793 4785 2896 4838 sibi
2942 4783 3283 4838 creditarum
3330 4783 3619 4853 pernicie!

242 4891 470 4958 quanto
512 4882 803 4938 charitatis
846 4881 1033 4935 studio
1079 4882 1341 4937 hortatur
1381 4886 1442 4936 ut
1483 4883 1660 4937 vitent
1699 4884 1861 4953 lupos
1896 4882 1993 4954 qui
2035 4883 2274 4935 salutem
2318 4876 2678 4949 promittunt,
2706 4895 2733 4923 ‹‹
2776 4890 2848 4928 ne
2887 4872 2982 4943 qui
3031 4872 3272 4942 deliquit
3314 4873 3507 4926 veniat
3548 4873 3621 4926 ad

240 4978 537 5041 salutem;
584 4994 610 5020 ››
648 4971 743 5044 qui
782 4971 1089 5025 Ecclesiam
1133 4972 1435 5042 spondent,
1467 4972 1607 5027 dum
1652 4972 1705 5026 id
1751 4976 1952 5042 agunt,
1987 4975 2048 5025 ut
2078 4969 2176 5041 qui
2219 4968 2327 5021 illis
2364 4964 2541 5020 credit
2591 4985 2616 5012 (ι
2661 4964 2722 5015 in
2773 4965 2955 5016 totum
3008 4960 3077 5014 ab
3130 4960 3378 5015 Ecclesia
3426 4963 3623 5031 pereat

240 5070 407 5136 (Epp.
465 5078 675 5116 xxxvm
708 5066 764 5115 et
790 5062 893 5129 χι).
926 5081 953 5109 ››
998 5060 1147 5113 Nihil
1178 5064 1372 5114 autem
1413 5062 1599 5130 aptius
1632 5060 1933 5114 videbatur
1971 5058 2252 5129 Cypriane
2288 5054 2355 5107 ad
2408 5069 2503 5107 eos
2547 5052 2645 5122 qui
2689 5051 2911 5121 decepti
2957 5050 3184 5103 fuerant
3228 5049 3620 5115 deterrendos,

240 5172 415 5226 quam
451 5158 513 5206 ut
542 5168 637 5205 eos
665 5151 1082 5205 demonstraret
1113 5148 1170 5202 in
1202 5149 1441 5205 Ecclesia
1474 5166 1605 5203 cum
1649 5148 1929 5221 episcopis
1972 5154 2028 5203 et
2071 5148 2231 5217 plebe
2274 5142 2485 5198 Christi
2529 5141 2952 5195 communicare
2991 5154 3109 5192 non
3140 5154 3328 5209 posse,
3359 5138 3404 5191 Si
3444 5138 3620 5192 δεδίδ-

244 5240 410 5293 matis
462 5238 634 5290 duces
671 5238 1004 5305 sequantur.
1049 5234 1263 5288 Revera
1303 5234 1380 5287 sic
1427 5234 1702 5303 impressa
1749 5239 1871 5289 erat
1919 5236 1978 5287 et
2016 5234 2296 5303 insculpta
2341 5232 2515 5285 etiam
2566 5228 2872 5299 plebeculaa
2918 5227 3125 5281 animis
3174 5227 3296 5280 hare
3344 5226 3620 5293 doctrina,

244 5346 420 5383 unam
460 5341 692 5397 prorsus
712 5340 833 5378 esse
864 5323 1185 5390 Ecclesiam,
1220 5339 1319 5377 nec
1357 5323 1428 5377 ab
1469 5340 1533 5377 ea
1566 5322 1897 5377 discedendi
1932 5322 2146 5392 justam
2192 5335 2421 5375 causam
2470 5318 2719 5371 incidere
2766 5332 2948 5387 posse,
2982 5318 3043 5368 ut
3082 5313 3400 5369 schismatis
3444 5314 3619 5384 signi-

244 5422 345 5473 feri
377 5432 481 5488 spe
510 5413 790 5469 redeundi
836 5413 893 5466 in
927 5412 1228 5466 Ecclesiam
1266 5413 1543 5467 ducerent
1584 5418 1641 5465 et
1678 5413 1955 5465 lactarent
1993 5427 2134 5481 quos
2177 5410 2557 5480 deceperant;
2612 5406 2711 5459 sed
2754 5405 3013 5459 fraudem
3060 5404 3298 5457 nudavit
3335 5402 3623 5457 ordinatio

246 5505 543 5561 Fortunati
572 5520 739 5574 quem
782 5500 1325 5572 pseudoepiscopum
1362 5501 1869 5572 Carthaginensem
1908 5499 2354 5553 constituerunt.
2391 5497 2701 5565 «Namque
2746 5494 2783 5547 ii
2824 5493 3029 5564 quibus
3069 5492 3127 5545 in
3176 5491 3559 5562 praeteritum,
3593 5510 3620 5541 »

250 5598 435 5668 inquit
476 5594 789 5665 Cyprianus
824 5593 949 5662 (Ep.
996 5607 1083 5653 Lv,
1110 5608 1169 5660 p.
1217 5592 1325 5660 87),
1362 5612 1388 5639 ‹‹
1424 5590 1713 5661 praastigia
1754 5588 2214 5644 obtendebantnr
2243 5590 2298 5639 et
2349 5586 2630 5641 dabantur
2665 5584 2836 5637 verba
2877 5582 3118 5649 fallacia,
3146 5582 3297 5652 quod
3342 5580 3510 5635 simul
3552 5580 3625 5633 ad

254 5686 557 5740 Ecclesiam
615 5682 923 5751 regressuri
982 5680 1336 5747 dicerentur,
1396 5682 1768 5750 posteaquam
1822 5678 2091 5732 viderunt
2138 5677 2250 5731 illic
2303 5674 2857 5747 pseudoepiscopum
2916 5672 3169 5737 factum,
3216 5670 3514 5723 frustratos
3568 5674 3625 5721 et

256 5779 517 5849 deceptos
570 5792 625 5829 se
666 5790 789 5828 esse
836 5771 1175 5838 didicerunt,
1229 5776 1281 5825 et
1322 5773 1569 5827 remeant
1619 5768 1873 5842 quotidie
1920 5770 2090 5839 atque
2146 5767 2213 5821 ad
2254 5765 2561 5825 Ecclesiani
2612 5763 2921 5836 pulsant.»
2975 5758 3268 5815 Novatiani
3318 5757 3508 5825 factio,
3564 5761 3624 5810 ut
