4084 6208
425 297 487 351 19
1716 296 1778 350 D.
1818 293 2182 350 PRUDENTII
2219 293 2476 350 MARANI
3710 288 3781 348 20

423 418 652 490 pietatis
678 417 828 490 pelle
873 417 1103 473 nitidior
1131 423 1252 473 erat
1295 433 1468 489 quam
1510 417 1856 484 Felicissimi,
1887 417 1965 472 ita
1992 417 2268 488 majorem
2309 416 2617 488 perniciem
2651 415 2822 472 traxit
2847 433 2861 471 :
2892 415 3150 488 ipsorum
3179 415 3356 471 etiam
3387 414 3782 470 confessorum

420 510 612 564 oculos
638 507 971 579 perstrinxit
995 507 1216 562 fucatus
1265 507 1453 573 color;
1503 506 1755 577 gravavit
1797 506 2140 578 Cyprianum
2191 511 2246 559 et
2293 507 2664 573 contristavit,
2719 511 2780 560 ut
2809 507 2932 577 ejus
2962 506 3146 561 verbis
3196 511 3324 561 utar
3373 507 3497 576 (Ep.
3529 505 3694 574 xuv),
3726 508 3786 559 et

417 596 788 652 intolerabilis
827 595 1067 667 perculsi
1107 613 1252 667 pene
1291 596 1559 667 prostrati
1596 596 1842 666 pectoris
1882 595 2157 650 maestitia
2190 594 2536 666 perstrinxit,
2571 596 2722 666 quod
2758 595 3108 666 semetipsis
3151 593 3359 650 Christi
3405 610 3581 664 grege
3630 597 3688 647 et
3713 593 3783 647 ab

419 687 540 757 ejus
586 703 721 757 pace
766 690 823 741 et
871 685 1173 740 concordia
1202 690 1559 757 separassent
1587 702 1600 751 ;
1630 684 1781 756 quod
1830 701 1925 739 eos
1965 685 2036 740 de
2083 700 2304 740 carcere
2350 684 2696 754 prodeuntes
2735 683 3126 739 schismaticus
3174 685 3231 737 et
3285 682 3583 737 hareticus
3627 697 3786 736 error

421 775 737 847 excepisset
761 775 961 846 (Epist.
991 775 1082 845 ιι).
1114 775 1237 830 Non
1262 791 1464 845 parum
1496 775 1712 846 profuit
1736 773 1824 828 his
1851 773 2264 829 confessoribus
2292 772 2556 845 Cypriani
2583 772 2919 838 adhortatio,
2952 775 3015 826 ut
3039 772 3256 827 illatum
3278 771 3482 825 unitati
3506 770 3783 824 damnum

419 864 571 919 felici
598 865 785 920 reditu
829 869 1161 935 repararent
1191 881 1204 917 :
1254 863 1544 936 19-20
1574 880 1708 918 nam
1738 887 1766 914 ιι
1817 864 2048 935 cognito
2092 879 2192 918 suo
2219 877 2427 930 errore,
2462 882 2486 912 ι)
2527 864 2590 915 ut
2631 861 2708 916 ait
2754 866 2980 916 sanctus
3013 861 3334 926 lCornelius
3389 860 3584 930 (Epist.
3619 859 3782 928 XLVI),

420 974 448 1003 «
478 954 550 1008 ad
583 955 889 1009 Ecclesiam
921 953 1072 1007 unde
1114 952 1394 1019 exierant,
1426 953 1672 1024 simplici
1707 953 1996 1008 voluntate
2036 958 2332 1007 venerunt.
2362 972 2389 1001 ››
2431 951 2683 1006 Confessi
2721 955 2854 1006 sunt
2891 967 3144 1006 errorem
3183 967 3377 1006 coram
3423 949 3686 1006 Cornelio
3729 954 3785 1003 et

417 1044 672 1114 quinque
721 1041 848 1096 aliis
891 1041 1187 1112 episcopis,
1231 1045 1290 1096 et
1327 1042 1588 1096 Romano
1628 1041 1960 1113 presbytero
2009 1047 2064 1096 et
2110 1042 2231 1112 ipsa
2279 1040 2463 1111 plebe,
2501 1041 2662 1110 cujus
2704 1057 2952 1112 magnus
2996 1057 3302 1096 concursus
3347 1039 3532 1094 factus
3580 1037 3782 1106 fuerat,

417 1133 778 1186 declararunt
803 1131 1083 1186 sinceram
1110 1148 1270 1185 suam
1307 1137 1560 1186 mentem
1585 1147 1812 1202 semper
1836 1131 1894 1185 in
1923 1131 2169 1185 Ecclesia
2215 1131 2385 1184 fuisse
2418 1146 2431 1196 ;
2474 1146 2660 1201 neque
2707 1131 2860 1184 enim
2911 1147 2970 1184 se
3013 1131 3275 1202 ignorare
3317 1149 3342 1177 «
3389 1143 3566 1182 unum
3607 1128 3784 1181 Deum

421 1239 562 1289 esse,
593 1228 649 1277 et
677 1238 854 1276 unum
883 1221 1170 1276 Christum
1199 1238 1319 1276 esse
1351 1221 1677 1288 Dominum,
1703 1238 1879 1276 unum
1922 1221 2198 1292 Spiritum
2239 1223 2521 1287 sanctum,
2556 1237 2732 1275 unum
2765 1221 3095 1292 episcopum
3122 1222 3180 1275 in
3213 1219 3457 1274 Ecclesia
3507 1216 3787 1271 catholica

421 1329 542 1367 esse
572 1312 799 1367 debere.
827 1334 856 1361 »
904 1311 961 1366 Si
1005 1328 1120 1382 qua
1149 1316 1345 1365 tamen
1389 1315 1537 1366 secta
1580 1310 1894 1365 schismatis
1935 1317 2128 1364 notam
2175 1309 2444 1381 effugere,
2482 1315 2538 1364 et
2581 1326 2732 1364 vera
2785 1310 3045 1365 Ecclesia
3093 1327 3226 1381 pars
3267 1308 3444 1363 videri
3490 1309 3695 1379 posset,
3725 1304 3784 1358 id

420 1401 525 1456 sibi
570 1401 631 1455 in
676 1401 877 1472 primis
921 1400 1223 1455 Novatiani
1269 1402 1419 1454 secta
1461 1399 1792 1467 vindicaret,
1839 1403 1900 1454 ut
1945 1416 2072 1470 qua
2125 1415 2232 1453 nec
2277 1398 2539 1453 Ecclesia
2591 1399 2857 1469 dogmata
2911 1399 3110 1454 saltem
3165 1399 3224 1453 in
3279 1396 3628 1469 primordiis,
3681 1410 3785 1448 nec

418 1489 761 1544 exteriorem
788 1478 1363 1560 religionisformam
1406 1487 1660 1542 violaret.
1693 1487 1804 1543 Sed
1846 1489 2166 1560 Cyprianus
2210 1488 2502 1542 contendit
2546 1489 2704 1558 parvi
2750 1490 2961 1544 referre
3008 1489 3147 1561 quid
3194 1488 3534 1543 Novatianus
3564 1487 3781 1552 doceat,

421 1601 447 1628 α
487 1595 616 1633 cum
658 1579 792 1633 foris
835 1579 1055 1632 doceat.
1085 1577 1348 1648 Quisquis
1391 1577 1484 1632 ille
1530 1581 1633 1644 est,
1669 1600 1696 1628 »
1741 1577 1926 1648 inquit
1981 1578 2178 1649 (Epist.
2223 1594 2315 1644 LII,
2339 1594 2400 1648 p.
2447 1577 2556 1648 73),
2589 1602 2617 1626 u
2661 1578 3091 1649 qualiscumque
3133 1583 3234 1645 est,
3271 1575 3623 1632 Christianus
3665 1589 3781 1627 non

418 1671 506 1721 est
531 1667 628 1738 qui
659 1667 716 1722 in
749 1667 996 1723 Ecclesia
1021 1667 1227 1724 Christi
1257 1684 1370 1721 non
1398 1672 1502 1721 est.
1532 1685 1560 1718 »
1589 1666 1746 1721 Idem
1774 1666 1940 1721 docet
1963 1667 2220 1737 pluribus
2247 1666 2367 1720 aliis
2395 1665 2453 1719 in
2481 1666 2639 1733 locis,
2670 1667 2990 1738 prasertim
3017 1667 3076 1721 in
3110 1666 3352 1737 epistola
3381 1665 3455 1719 ad
3499 1666 3774 1732 Magnum,

419 1756 514 1810 ubi
541 1755 618 1809 sic
646 1756 896 1828 loquitur
921 1756 1000 1827 (ρ.
1035 1756 1156 1827 151)
1189 1773 1202 1810 :
1239 1776 1266 1805 ‹‹
1296 1757 1488 1826 Neque
1520 1753 1674 1810 enim
1709 1756 1979 1810 Dominus
2020 1763 2214 1810 noster
2257 1757 2417 1810 Jesus
2455 1755 2731 1821 Christus,
2767 1756 2974 1828 inquit,
3005 1776 3033 1805 «
3062 1772 3194 1810 cum
3231 1755 3288 1809 in
3333 1753 3636 1824 Evangelio
3679 1768 3780 1806 suo

421 1850 724 1900 testaretur
750 1846 1098 1900 adversarios
1126 1861 1254 1899 suos
1298 1861 1416 1899 esse
1459 1861 1557 1899 eos
1602 1844 1696 1916 qui
1747 1861 1937 1900 secum
1983 1862 2101 1900 non
2148 1852 2356 1912 essent,
2403 1845 2650 1917 aliquam
2691 1847 2940 1917 speciem
2983 1847 3263 1901 hareseos
3307 1843 3648 1914 designavit,
3681 1842 3781 1896 sed

421 1951 618 1991 omnes
645 1935 879 1990 omnino
908 1935 1005 2006 qui
1037 1951 1229 1989 secum
1275 1951 1388 1990 non
1436 1938 1646 2003 essent,
1673 1938 1730 1990 et
1772 1951 1963 1990 secum
2007 1951 2120 1989 non
2159 1934 2491 2005 colligentes
2531 1951 2764 2007 gregem
2811 1952 2978 1990 suum
3025 1940 3382 2006 spargerent,
3433 1930 3781 1986 adversarios

419 2041 551 2080 suos
578 2041 696 2079 esse
721 2025 988 2090 ostendit,
1023 2024 1218 2079 dicens
1245 2040 1258 2079 :
1291 2025 1396 2090 Qui
1426 2040 1533 2080 non
1562 2031 1641 2080 est
1669 2040 1890 2086 mecum,
1924 2025 2214 2079 adversum
2240 2040 2324 2078 me
2349 2030 2428 2079 est
2453 2043 2466 2092 ;
2497 2032 2547 2080 et
2577 2029 2673 2095 qui
2696 2041 2900 2080 mecum
2928 2041 3036 2080 non
3066 2025 3290 2093 colligit,
3319 2023 3605 2091 dispergit.
3637 2021 3780 2074 Item

419 2114 619 2168 beatus
643 2115 892 2169 Joannes
919 2113 1229 2184 apostolus,
1261 2130 1365 2167 nec
1393 2113 1512 2184 ipse
1539 2113 1716 2168 ullam
1760 2113 2021 2168 haresim
2061 2116 2158 2168 aut
2201 2113 2449 2168 schisma
2483 2114 2762 2182 discrevit,
2802 2121 2901 2168 aut
2942 2114 3162 2186 aliquos
3204 2112 3500 2183 speciatim
3551 2125 3781 2179 separes

416 2203 628 2274 posuit,
650 2203 745 2258 sed
773 2203 1064 2257 universos
1089 2203 1186 2274 qui
1211 2203 1281 2257 de
1308 2202 1547 2258 Ecclesia
1594 2202 1882 2269 exiissent,
1911 2203 2122 2274 quique
2161 2208 2360 2256 contra
2401 2203 2702 2257 Ecclesiam
2751 2205 3017 2270 facerent,
3050 2202 3411 2256 antichristos
3453 2197 3777 2269 appellavit,

420 2299 528 2347 etc.
563 2314 590 2343 «
621 2292 1006 2356 Quamobrem
1037 2291 1290 2346 declarat
1325 2297 1551 2346 sanctus
1574 2292 1781 2363 Martyr
1806 2308 1878 2345 ne
1911 2291 2243 2362 martyrium
2273 2290 2505 2361 quidem
2541 2297 2703 2346 extra
2733 2293 3040 2347 Ecclesiam
3069 2309 3102 2345 a
3126 2288 3489 2345 damnatione
3516 2287 3773 2341 liberare.

421 2404 449 2432 «
476 2381 722 2436 Ardeant
747 2381 881 2436 licet
908 2381 1176 2449 flammis,
1208 2402 1235 2430 »
1265 2381 1450 2452 inquit
1475 2381 1535 2436 in
1571 2380 1716 2435 libro
1745 2382 1810 2436 de
1854 2383 2002 2436 Unit.
2031 2382 2252 2447 Eccles.,
2286 2396 2343 2449 ρ.
2388 2383 2508 2449 199,
2545 2402 2572 2428 ‹‹
2610 2386 2667 2434 et
2704 2381 2932 2453 ignibus
2971 2380 3164 2436 traditi
3207 2381 3294 2434 vel
3338 2375 3540 2448 objecti
3584 2373 3778 2429 bestiis

415 2471 632 2526 animas
662 2487 791 2526 suas
824 2477 1060 2542 ponant,
1087 2487 1205 2526 non
1237 2471 1458 2525 eritilla
1487 2470 1619 2525 fidei
1649 2486 1876 2536 corona,
1905 2470 2003 2523 sed
2047 2486 2214 2540 poena
2253 2467 2530 2540 perfidia,
2563 2486 2666 2524 nec
2693 2471 2976 2541 religiosa
3008 2469 3228 2523 virtutis
3256 2468 3441 2522 exitus
3479 2463 3772 2536 gloriosus,

419 2565 524 2620 sed
553 2563 963 2635 desperationis
991 2564 1275 2619 interitus.
1307 2564 1496 2619 Occidi
1525 2563 1648 2618 talis
1674 2565 1876 2634 potest,
1908 2564 2165 2618 coronari
2189 2581 2306 2618 non
2335 2566 2539 2635 potest.
2565 2584 2592 2612 »
2622 2564 2831 2618 Eadem
2863 2564 3137 2618 sententia
3167 2577 3314 2631 saepe
3334 2558 3471 2612 alias
3510 2556 3774 2612 occurrit,

419 2659 481 2711 ut
505 2655 564 2710 in
593 2655 799 2710 eodem
827 2655 973 2709 libro
1003 2656 1069 2710 de
1101 2658 1271 2718 Unit.,
1300 2672 1363 2726 ρ.
1396 2659 1514 2721 198,
1549 2661 1604 2711 et
1629 2657 1688 2710 in
1715 2657 1888 2728 Epist.
1920 2672 2012 2724 ιιι,

1146 2659 1271 2718 'nit.,
1300 2672 1363 2726 ρ.
1396 2659 1514 2721 198,
1549 2661 1604 2711 et
1629 2657 1688 2710 in
1715 2657 1888 2728 Epist.
1920 2672 2012 2724 ιιι,
2034 2673 2095 2727 p.
2131 2662 2218 2726 71,
2243 2665 2298 2713 et
2328 2659 2386 2713 in
2424 2675 2554 2721 Lvn,
2585 2675 2644 2728 ρ.
2673 2661 2759 2712 95.

489 2772 548 2827 Si
573 2771 700 2843 quis
728 2774 921 2825 autem
951 2771 1267 2843 suspicetur
1302 2773 1660 2843 Cyprianum
1708 2789 1903 2827 amore
1948 2774 2183 2828 unitatis
2221 2775 2448 2847 longius
2492 2792 2663 2847 quam
2710 2791 2812 2846 par
2851 2778 2936 2829 est
2965 2772 3175 2838 efferri,
3208 2771 3250 2826 is
3275 2768 3665 2826 admonendus
3693 2771 3778 2821 est

419 2867 650 2917 caeteras
702 2877 903 2916 omnes
951 2860 1226 2915 Ecclesias
1281 2877 1411 2915 cum
1464 2862 1740 2932 Cypriano
1793 2863 1860 2917 de
1911 2863 1999 2917 his
2045 2865 2340 2935 principiis
2397 2865 2772 2931 consensisse,
2828 2863 3084 2936 quamvis
3138 2879 3254 2916 non
3299 2861 3524 2915 easdem
3577 2874 3640 2911 ac
3684 2858 3777 2910 ille

415 2950 845 3006 consecutiones
873 2949 1245 3017 deducerent,
1274 2965 1380 3004 nec
1419 2951 1702 3022 baptisma
1733 2952 2040 3022 rejicerent
2083 2953 2503 3010 hareticorum.
2546 2957 2655 3010 Hoc
2700 2956 2851 3010 enim
2881 2959 3220 3024 argumento
3251 2949 3600 3006 adversarios
3645 2963 3776 3001 suos

413 3040 707 3096 refellebat
749 3041 1082 3111 Cyprianus,
1125 3040 1278 3111 quod
1324 3039 1598 3110 Spiritum
1643 3045 1902 3096 sanctum
1953 3044 2256 3098 Ecclesiam
2299 3063 2404 3100 nec
2432 3046 2622 3100 haberi
2671 3062 2777 3100 nec
2822 3044 2943 3098 dari
2988 3059 3150 3114 posse
3191 3042 3553 3096 faterentur:
3603 3060 3629 3086 (ι
3671 3037 3776 3101 Qui

415 3145 745 3201 quanquam
791 3129 1104 3199 pertinaces
1148 3129 1287 3182 alias
1331 3128 1624 3194 indociles,
1674 3150 1700 3179 ››
1747 3130 1934 3201 inquit
1980 3133 2180 3203 (Epist.
2223 3151 2419 3203 LXXVI,
2461 3152 2520 3205 p.
2584 3136 2739 3206 155),
2800 3155 2828 3186 ‹‹
2889 3135 2974 3188 vel
3019 3133 3124 3186 hoc
3176 3137 3365 3185 tamen
3415 3127 3773 3191 confitentur,

412 3219 563 3290 quod
598 3217 845 3272 universi
873 3218 987 3272 sive
1019 3217 1362 3272 schismatici
1392 3217 1507 3270 sive
1543 3217 1816 3286 haeretici,
1850 3236 1966 3274 non
2007 3221 2259 3277 habeant
2297 3223 2570 3294 Spiritum
2605 3230 2868 3279 sanctum
2897 3240 2912 3290 ;
2958 3227 3015 3276 et
3052 3220 3180 3274 ideo
3221 3218 3508 3289 baptizare
3542 3215 3773 3286 quidem

413 3310 673 3379 possunt,
701 3306 838 3360 dare
868 3311 1061 3360 autem
1107 3306 1380 3376 Spiritum
1429 3310 1685 3359 sanctum
1741 3323 1855 3361 non
1900 3313 2156 3378 possunt,
2187 3311 2244 3364 in
2289 3312 2392 3366 hoc
2425 3312 2546 3382 ipso
2587 3330 2621 3366 a
2665 3312 2829 3366 nobis
2867 3316 3138 3366 tenentur
3176 3314 3238 3362 ut
3280 3307 3646 3362 ostendamus
3673 3319 3775 3356 nec

356 3469 358 3472 ν
411 3395 697 3466 baptizare
727 3411 822 3448 eos
853 3395 1092 3449 omnino
1122 3411 1281 3466 posse
1310 3394 1407 3466 qui
1436 3410 1549 3448 non
1579 3395 1828 3450 habeant
1855 3397 2131 3468 Spiritum
2167 3406 2449 3456 sanctum.
2478 3424 2503 3450 ››
2548 3402 2760 3457 Eodem
2795 3406 3136 3471 argumento
3161 3414 3290 3452 cum
3321 3397 3440 3468 ipse
3466 3393 3775 3464 Cyprianus

414 3487 628 3559 passim
660 3486 857 3553 utitur,
893 3488 1014 3539 tum
1046 3485 1220 3540 etiam
1250 3485 1615 3540 Firmilianus
1635 3489 1711 3555 (ρ.
1744 3486 1887 3556 147).
1917 3489 2284 3558 Perspicuum
2331 3507 2470 3561 ergo
2517 3497 2602 3545 est
2643 3498 2697 3546 et
2738 3489 3002 3562 Cypriani
3047 3486 3375 3543 testimonio
3416 3490 3475 3540 et
3516 3483 3774 3538 omnium

415 3578 515 3649 qui
564 3579 696 3630 tunc
737 3578 905 3630 erant
945 3575 1399 3630 Christianorum
1449 3592 1752 3644 consensu,
1795 3576 1946 3630 inter
1984 3578 2166 3632 varias
2209 3579 2498 3635 societates
2540 3597 2667 3652 qua
2707 3579 2812 3633 sibi
2858 3578 3180 3633 christiana
3220 3573 3515 3646 religionis
3563 3571 3776 3642 profes-

415 3667 638 3721 sionem
687 3669 979 3736 arrogant,
1025 3681 1196 3718 unam
1243 3665 1495 3736 aliquam
1535 3681 1653 3719 esse
1709 3672 1865 3719 extra
1917 3683 2090 3737 quam
2149 3668 2293 3722 salus
2344 3671 2562 3724 aterna
2613 3668 2930 3739 comparari
2983 3683 3095 3721 non
3146 3667 3360 3736 potest,
3415 3663 3530 3716 sive
3581 3661 3776 3714 leviter

415 3762 656 3823 erretnr,
702 3754 815 3809 sive
866 3755 1035 3808 etiam
1090 3754 1376 3810 schismati
1430 3755 1618 3809 nullus
1662 3755 2156 3826 error'addatur;
2200 3757 2408 3812 nedum
2455 3759 2574 3828 ipsa
2624 3774 2754 3812 cum
2806 3757 2972 3811 sectis
3015 3756 3086 3810 ab
3130 3772 3196 3809 ea
3248 3753 3454 3808 avulsis
3500 3749 3561 3805 in
3610 3748 3777 3802 unius

415 3844 736 3901 communis
777 3843 1039 3898 Ecclesia
1071 3844 1548 3914 compositionem
1582 3843 1776 3898 venire
1802 3844 1994 3915 possit.
2026 3845 2079 3900 Si
2110 3861 2240 3917 qua
2271 3847 2427 3902 enim
2466 3854 2630 3902 secta
2665 3847 2734 3901 ab
2767 3847 3006 3902 Ecclesia
3045 3845 3307 3901 abscissa
3344 3848 3506 3898 notas
3552 3846 3608 3894 et
3649 3839 3780 3909 jura

411 3951 564 3989 vera
593 3933 849 3988 Ecclesia
878 3932 1196 4001 retineant;
1231 3933 1440 3987 frustra
1465 3934 1750 3988 veteribus
1780 3933 1944 3988 sectis
1982 3933 2203 4004 objecta
2241 3935 2349 3989 fuit
2396 3935 2788 4007 episcoporum
2836 3936 3133 4001 successio,
3179 3938 3237 3988 et
3279 3932 3630 4003 episcopatus
3673 3943 3778 3998 per

414 4027 596 4080 totum
626 4023 827 4077 orbem
870 4023 1088 4088 unitas;
1135 4023 1342 4077 frustra
1366 4027 1527 4077 vetns
1557 4024 1796 4079 Ecclesia
1833 4023 2060 4078 unicam
2099 4040 2157 4078 se
2203 4041 2324 4079 esse
2357 4042 2642 4096 sponsam,
2671 4041 2964 4097 nunquam
3009 4039 3198 4078 errare
3247 4037 3432 4092 posse,
3470 4032 3770 4087 nunquam

414 4129 448 4168 a
485 4129 544 4166 se
572 4110 898 4166 discedendi
944 4128 1171 4166 causam
1223 4111 1539 4183 legitimam
1587 4112 1838 4167 incidere
1885 4129 2073 4184 posse,
2105 4129 2168 4168 ac
2211 4131 2282 4168 ne
2322 4115 2658 4186 martyrium
2691 4115 2926 4186 quidem
2967 4111 3385 4168 discedentibus
3422 4109 3490 4163 ad
3538 4108 3772 4161 salutem

415 4201 685 4274 prodesse
713 4201 1022 4255 contendit.
1053 4201 1428 4272 Afﬁngendus
1458 4217 1598 4273 ergo
1630 4202 1840 4273 impius
1880 4205 1936 4255 et
1963 4201 2208 4256 crudelis
2238 4219 2396 4257 error
2421 4203 2521 4257 toti
2550 4204 2799 4275 antiqua
2826 4203 3110 4271 Ecclesia,
3139 4202 3228 4255 vel
3259 4201 3445 4273 potius
3470 4196 3773 4269 Apostolis,

418 4309 450 4345 a
477 4291 683 4363 quibus
710 4290 840 4344 solis
870 4290 1102 4345 conﬂari
1129 4291 1310 4361 potuit
1337 4291 1615 4346 mirificus
1643 4292 1736 4346 ille
1762 4307 2086 4358 consensus,
2109 4308 2277 4362 quem
2309 4292 2379 4347 de
2408 4309 2557 4348 vera
2588 4294 2847 4350 Ecclesia
2869 4293 3019 4348 notis
3044 4292 3193 4347 inter
3211 4306 3408 4346 omnes
3427 4287 3776 4344 Christianos

413 4380 768 4451 conspirasse
798 4379 1102 4434 cernimus.

489 4497 622 4553 Mira
651 4501 786 4552 sunt
825 4513 955 4568 qua
1001 4497 1286 4553 Dodwello
1325 4498 1382 4554 S.
1429 4497 1700 4569 Cypriani
1732 4499 1801 4555 de
1854 4502 2065 4556 unitate
2106 4503 2449 4557 sententiam
2486 4501 2835 4557 examinanti
2878 4502 3230 4572 placuerunt.
3275 4498 3480 4555 Statuit
3521 4496 3670 4551 enim
3718 4495 3772 4549 in

415 4587 504 4642 his
548 4587 605 4643 S.
657 4586 916 4657 Martyris
959 4586 1434 4658 disputationibus
1482 4607 1508 4638 α
1554 4603 1671 4642 non
1709 4589 1804 4659 agi
1846 4590 1915 4644 de
1951 4591 2101 4645 illius
2143 4592 2403 4646 Ecclesia
2446 4591 2656 4645 unitate
2700 4606 2870 4661 quam
2916 4589 3254 4643 catholicam
3295 4586 3465 4642 hodie
3510 4585 3773 4652 dicimus,

417 4694 544 4750 qua
572 4676 852 4731 nimirum
897 4692 1095 4731 omnes
1127 4676 1341 4730 ambitu
1375 4693 1475 4731 suo
1514 4693 1619 4748 per
1653 4683 1938 4734 terrarum
1978 4680 2173 4735 orbem
2216 4681 2490 4735 Ecclesias
2528 4679 2892 4751 particulares
2935 4678 3350 4749 complectitur,
3383 4675 3479 4729 sed
3520 4675 3588 4729 de
3642 4673 3776 4745 ipsis

417 4767 695 4821 duntaxat
752 4765 1010 4820 Ecclesiis
1061 4765 1493 4837 particularibus
1559 4767 1804 4836 (Dissert.
1865 4771 2050 4840 Cypr..
2103 4771 2178 4839 7).
2238 4791 2265 4820 ››
2325 4770 2692 4825 Verissimum
2761 4769 2991 4840 quidem
3044 4768 3183 4822 illud
3239 4772 3322 4821 est
3370 4765 3519 4838 quod
3577 4763 3779 4835 probat

414 4855 733 4909 Dodwellus
763 4872 1237 4928 unumquemque
1265 4855 1594 4927 episcopum
1639 4857 1695 4910 in
1740 4874 1837 4910 sua
1883 4859 2113 4913 ecclesia
2139 4859 2480 4930 principium
2521 4876 2642 4913 esse
2671 4859 2921 4926 unitatis,
2953 4858 3117 4928 eique
3149 4857 3220 4911 ab
3262 4855 3527 4910 omnibus
3557 4855 3772 4908 obtem-

412 4946 599 5016 perari
631 4951 913 5015 oportere,
949 4945 1046 5000 sed
1089 4945 1165 5000 ita
1199 4949 1416 5012 tamen,
1451 4946 1498 4999 si
1535 4962 1666 5000 cum
1705 4946 1830 5001 aliis
1865 4948 2142 5020 episcopis
2181 4949 2598 5018 communicet;
2647 4965 2807 5003 secus
2852 4965 2983 5003 vero
3029 4948 3073 5000 si
3118 4947 3189 5001 ab
3232 4947 3494 5000 universa
3535 4944 3777 4998 Ecclesia

411 5032 662 5088 discedat
714 5053 728 5088 :
782 5039 918 5087 tunc
964 5033 1116 5088 enim
1166 5035 1510 5105 principium
1557 5035 1744 5104 potius
1787 5036 2083 5091 discordiae
2144 5044 2200 5092 et
2255 5039 2574 5093 schismatis
2625 5039 2774 5092 foret
2822 5054 2995 5108 quam
3057 5037 3310 5090 unitatis.
3362 5039 3564 5105 Atque,
3611 5038 3677 5087 ut
3719 5032 3774 5085 in

412 5124 692 5195 Cypriano
750 5124 1147 5180 immoremur.
1203 5123 1360 5177 facile
1404 5123 1829 5177 demonstratur
1879 5126 1958 5180 sic
1993 5127 2253 5182 Ecclesia
2296 5129 2567 5181 unitatem
2619 5128 2674 5182 in
2724 5127 2810 5181 his
2856 5125 3326 5197 disputationibus
3364 5141 3397 5178 a
3443 5123 3497 5179 S.
3543 5125 3777 5193 Martyre

415 5211 664 5281 defendi,
695 5217 756 5266 ut
786 5211 1045 5267 Ecclesia
1079 5210 1404 5266 universalis
1433 5215 1586 5267 notio
1636 5212 1783 5266 illius
1832 5216 2023 5270 animo
2067 5233 2294 5288 semper
2320 5217 2672 5272 observetur.
2715 5217 2770 5271 Id
2813 5215 3153 5288 perspicitur
3183 5231 3250 5268 ex
3297 5214 3418 5286 ipso
3449 5213 3777 5268 testimonio

414 5301 570 5372 quod
607 5300 926 5356 Dodwellus
962 5300 1032 5354 ad
1073 5315 1255 5355 causa
1299 5317 1416 5354 sua
1463 5301 1852 5357 defensionem
1887 5321 1955 5359 ex
1999 5304 2143 5360 libro
2192 5308 2257 5360 de
2310 5309 2528 5362 Um‘tute
2573 5308 2817 5362 Ecclesia
2861 5305 3140 5376 excerpsit
3171 5313 3186 5359 ε’
3233 5327 3259 5354 ‹‹
3305 5304 3600 5369 Quomodo
3648 5302 3778 5356 solis

411 5392 582 5447 multi
606 5393 772 5458 radii,
801 5392 902 5447 sed
930 5393 1129 5447 lumen
1171 5409 1349 5448 unum
1397 5415 1425 5444 »
1468 5393 1673 5465 inquit,
1701 5411 1756 5464 p.
1800 5396 1920 5460 195,
1954 5415 1981 5443 ‹‹
2020 5398 2077 5448 et
2114 5395 2260 5449 rami
2311 5395 2528 5450 arboris
2557 5397 2742 5463 multi,
2783 5397 2880 5451 sed
2926 5395 3100 5450 robur
3130 5411 3308 5450 unum
3359 5393 3544 5448 tenaci
3588 5391 3776 5447 radice

409 5481 736 5548 fundatum,
783 5488 838 5536 et
884 5498 1013 5536 cum
1054 5483 1122 5537 de
1165 5482 1324 5538 fonte
1373 5499 1485 5538 uno
1528 5483 1632 5537 rivi
1678 5484 1915 5554 plurimi
1961 5485 2239 5554 defluunt,
2286 5485 2664 5540 numerositas
2707 5485 2838 5539 licet
2886 5485 3086 5540 diffusa
3133 5484 3394 5540 videatur
3439 5481 3778 5537 exundantis

413 5571 592 5642 copia
641 5571 926 5641 largitate,
978 5572 1164 5628 unitas
1208 5578 1405 5628 tamen
1451 5576 1708 5628 servatur
1748 5574 1804 5628 in
1851 5573 2093 5644 origine.
2140 5575 2328 5630 Avelle
2372 5573 2597 5628 radium
2653 5573 2785 5629 solis
2839 5591 2873 5628 a
2931 5572 3570 5645 corpore,ttdivisionem
3636 5571 3777 5626 lucis

413 5660 600 5716 unitas
632 5677 749 5715 non
800 5661 968 5733 capit.
1009 5661 1090 5718 Ab
1133 5663 1336 5718 arbore
1384 5663 1585 5734 frange
1626 5679 1879 5732 ramum,
1913 5663 2122 5718 fractus
2173 5662 2501 5734 germinare
2544 5678 2658 5718 non
2705 5663 2936 5734 poterit.
2987 5667 3028 5718 A
3077 5663 3239 5717 fonte
3279 5661 3523 5732 pracide
3567 5661 3775 5728 rivum,

407 5748 678 5820 praecisus
724 5751 950 5806 arescit.
995 5751 1082 5810 Sic
1132 5759 1189 5808 et
1229 5752 1474 5808 Ecclesia
1519 5753 1745 5808 Domini
1788 5755 1913 5808 luce
1965 5753 2191 5825 perfusa
2236 5768 2338 5824 per
2379 5752 2577 5808 orbem
2621 5756 2804 5808 totum
2844 5753 3032 5808 radios
3086 5769 3216 5807 suos
3278 5751 3540 5823 porrigit.
3587 5753 3775 5806 Unum

401 5843 598 5895 tamen
651 5840 849 5896 lumcu
893 5843 999 5914 est,
1041 5843 1191 5916 quod
1234 5843 1442 5917 ubique
1479 5841 1840 5913 diffunditur,
1883 5859 1989 5898 nec
2028 5841 2218 5900 unitas
2253 5843 2510 5915 corporis
2555 5848 2868 5916 separatur.
2913 5845 3120 5900 Ramos
3169 5858 3299 5897 suos
3347 5841 3407 5898 in
3455 5841 3775 5898 universam
