4084 6208
260 303 312 355 il
1209 295 1212 298 ’
1748 297 1873 354 PRA

2000 297 2118 351 ΙῚΟ.
3549 304 3613 357 22

255 431 469 481 terram
511 426 672 497 copia
717 424 991 481 ubertatis
1029 426 1305 493 extendit,
1346 425 1699 495 profluentes
1738 424 1977 496 largiter
2014 424 2161 478 rivos
2206 422 2372 478 latius
2417 426 2706 494 expandit.
2740 428 2927 481 Unum
2975 432 3168 482 tamen
3212 433 3379 498 caput
3417 433 3523 496 est,
3559 437 3618 486 et

253 517 412 586 origo
460 533 592 581 una,
632 519 687 570 et
732 532 845 569 una
889 518 1067 569 mater
1103 515 1462 569 fecunditatis
1506 514 1850 569 successibus
1892 514 2194 584 copiosa.»
2228 513 2319 566 His
2360 513 2564 580 verbis,
2601 535 2628 563 ς(
2668 516 2910 570 Ecclesia
2948 516 3177 571 Domini
3225 518 3346 573 luce
3387 520 3620 589 perfusa

254 621 355 674 per
396 606 594 659 orbem
635 609 813 659 totum
853 605 1035 659 radios
1066 621 1197 658 suos
1234 604 1496 675 porrigit,
1537 621 1721 657 ramos
1752 621 1882 657 suos
1920 605 1975 657 in
2018 602 2336 656 universam
2370 604 2582 657 terram
2617 605 2782 673 copia
2820 605 3089 659 ubertatis
3127 608 3399 677 extendit,
3436 631 3463 658 ››
3498 626 3615 664 non

251 694 504 749 Ecclesiae
553 694 925 764 particularis,
972 694 1068 746 sed
1124 693 1476 759 universalis,
1528 693 1642 746 sive
1688 692 1997 758 catholicae,
2052 690 2233 744 unitas
2285 692 2638 746 describitur.
2686 693 2840 748 Idem
2892 694 3234 749 conﬁrmant
3282 714 3410 768 quea
3460 715 3611 769 pree-

252 784 484 853 cedunt,
534 800 775 855 qumque
818 789 1154 854 sequuntur.
1200 786 1344 836 Ante
1391 782 1560 836 allata
1608 781 1778 835 verba
1823 781 1900 834 sic
1946 780 2288 850 loquebatur
2329 781 2644 851 Cyprianus
2688 798 2699 835 :
2749 802 2775 831 ί(
2827 781 3009 846 Quam
3054 783 3331 838 unitatem
3376 786 3619 841 firmiter

254 877 445 928 tenere
484 879 542 927 et
578 873 861 927 vindicare
902 872 1193 938 debemus,
1231 873 1482 925 maxime
1523 871 1773 942 episcOpi
1816 870 1914 940 qui
1960 867 2248 940 21-22
2294 869 2351 922 in
2395 870 2641 925 Ecclesia
2686 870 3079 940 praesidemus,
3115 876 3177 923 ut
3223 874 3613 945 episcopatum

252 980 479 1035 quoque
521 964 704 1034 ipsum
750 980 925 1017 unum
966 966 1137 1033 atque
1178 961 1482 1015 iudivisum
1528 960 1855 1031 probemus.
1890 960 2071 1013 Nemo
2112 959 2531 1012 fraternitatem
2564 960 2859 1013 mendacio
2904 960 3074 1026 fallat,
3103 977 3275 1015 nemo
3306 963 3437 1016 ﬁdei
3468 964 3613 1018 veri-

250 1056 426 1105 tatem
456 1053 669 1123 perﬁda
696 1051 1157 1123 praevaricatione
1188 1056 1538 1121 corrumpat.
1570 1050 1930 1119 Episcopatus
1968 1064 2115 1101 unus
2153 1052 2256 1116 est,
2285 1048 2445 1117 cujus
2482 1064 2513 1101 a
2546 1048 2785 1118 singulis
2822 1048 2880 1102 in
2912 1048 3159 1103 solidum
3202 1067 3333 1120 pars
3364 1054 3612 1105 tenetur.

252 1141 501 1196 Ecclesia
548 1157 772 1212 quoque
816 1157 925 1194 una
965 1144 1069 1207 est,
1113 1155 1240 1210 quae
1283 1139 1337 1193 in
1381 1138 1807 1192 multitudinem
1850 1137 2015 1190 latius
2059 1137 2405 1190 incremento
2448 1136 2804 1190 fecunditatis
2837 1138 3183 1191 extenditur.
3223 1160 3248 1185 ››
3291 1142 3421 1193 Post
3460 1141 3615 1195 testi-

250 1232 513 1284 monium
546 1248 579 1284 a
612 1231 887 1285 Dodwello
932 1231 1235 1301 prolatum,
1276 1228 1433 1282 addit
1473 1228 1786 1298 Cyprianus
1824 1242 1835 1279 :
1888 1248 1914 1275 ‹‹
1958 1225 2110 1278 Illius
2150 1226 2290 1279 fretu
2338 1226 2644 1293 nascimur,
2691 1225 2840 1279 illius
2882 1226 3025 1280 lacte
3076 1226 3382 1294 nutrimur,
3416 1229 3615 1298 spiritu

253 1321 374 1389 ejus
413 1321 755 1373 animamur.
789 1318 1106 1373 Adulterari
1146 1335 1257 1372 non
1301 1320 1487 1387 potest
1526 1319 1743 1386 Sponsa
1780 1314 2017 1382 Christi;
2057 1315 2385 1384 incorrupta
2425 1319 2509 1367 est
2550 1321 2604 1368 et
2645 1316 2911 1385 pudica...
2958 1317 3218 1387 Quisquis
3256 1316 3327 1369 ab
3373 1318 3616 1371 Ecclesia

252 1414 589 1479 segregatus
632 1408 908 1462 adultera:
941 1407 1225 1477 jungitur,
1266 1423 1297 1459 a
1336 1404 1630 1476 promissis
1673 1404 1933 1457 Ecclesiae
1977 1406 2278 1472 separatur
2318 1420 2329 1456 :
2375 1420 2481 1457 nec
2530 1404 2819 1474 perveniet
2864 1406 2930 1458 ad
2984 1407 3190 1460 Christi
3237 1407 3472 1475 praemia
3518 1408 3615 1476 qui

253 1496 530 1566 relinquit
574 1497 876 1549 Ecclesiam
918 1496 1143 1561 Christi,
1183 1494 1407 1552 Alienus
1447 1499 1550 1559 est,
1588 1494 1864 1563 profanus
1897 1496 2002 1560 est,
2040 1492 2215 1546 hostis
2252 1500 2355 1547 est.
2393 1494 2604 1547 Habere
2630 1496 2751 1564 jam
2784 1512 2899 1549 non
2942 1500 3133 1565 potest
3173 1498 3349 1550 Deum
3388 1498 3613 1549 Patrem

251 1588 346 1655 qui
392 1585 695 1639 Ecclesiam
739 1601 855 1639 non
899 1585 1069 1639 habet
1106 1586 1357 1639 Matrem.
1392 1583 1445 1638 Si
1492 1583 1675 1653 potuit
1715 1582 1953 1636 evadere
1996 1581 2298 1651 quisquam
2342 1584 2440 1653 qui
2480 1588 2639 1638 extra
2671 1600 2862 1637 arcam
2903 1586 3019 1638 Noe
3061 1585 3187 1652 fuit,
3222 1589 3276 1638 et
3318 1586 3416 1655 qui
3458 1591 3619 1638 extra

247 1675 557 1729 Ecclesiam
588 1675 723 1728 foris
749 1674 924 1728 fuerit
961 1674 1168 1728 evadit.
1203 1695 1228 1724 υ
1264 1673 1506 1745 Lepidus
1544 1689 1682 1742 ergo
1720 1671 1984 1741 Cypriani
2020 1671 2305 1741 interpres
2342 1672 2679 1738 Dodwellus,
2710 1673 2805 1742 qui
2841 1673 2944 1727 sibi
2978 1673 3381 1743 particularem
3424 1675 3612 1727 Eccle-

244 1765 380 1816 siam
424 1766 613 1833 tiugit,
649 1764 742 1817 ubi
784 1770 1013 1817 sanctus
1052 1765 1259 1834 Martyr
1297 1780 1477 1816 unum
1519 1767 1634 1815 toto
1677 1761 1814 1815 orbe
1854 1762 2239 1831 episc0patum
2275 1760 2661 1813 commendat.
2692 1760 2856 1826 Quid,
2890 1778 3019 1813 cum
3066 1761 3234 1831 lapsns
3266 1762 3513 1815 declarat
3553 1762 3612 1814 in

242 1852 416 1922 Epist.
456 1869 541 1917 ιι,
583 1852 630 1905 si
668 1852 796 1923 quis
833 1868 964 1906 cum
1008 1852 1346 1907 Felicissimo
1391 1869 1449 1905 se
1494 1850 1870 1920 conjunxerit,
1905 1865 2033 1902 eum
2077 1870 2105 1896 ‹‹
2144 1854 2336 1919 postea
2374 1849 2445 1901 ad
2488 1849 2793 1902 Ecclesiam
2829 1849 3037 1916 redire,
3072 1854 3128 1903 et
3167 1868 3296 1903 curn
3334 1852 3611 1920 episcopis

241 1948 297 1994 et
340 1940 514 2011 plebe
557 1941 761 1994 Christi
803 1942 1225 1995 communicare
1267 1958 1381 1995 non
1426 1957 1619 2010 posse;
1656 1960 1682 1988 ››
1724 1955 1855 1992 cum
1896 1938 2245 1991 confessores
2286 1937 2549 1990 hortatur
2591 1936 2649 1989 in
2690 1938 2863 2007 Epist.
2908 1954 3050 2003 xLiv,
3095 1944 3153 1992 ut
3196 1938 3268 1991 ad
3309 1939 3611 1992 Ecclesiam

241 2030 517 2096 redeant;
552 2030 746 2100 eisque
791 2037 915 2101 post
954 2031 1193 2085 reditum
1228 2031 1542 2101 gratulatur
1576 2030 1633 2082 in
1674 2028 1850 2097 Epist.
1884 2044 1935 2080 Ll
1970 2043 1982 2079 :
2019 2047 2046 2073 «
2085 2025 2247 2089 Quod
2284 2026 2543 2078 Ecclesia:
2586 2026 2793 2079 veritas
2832 2030 2889 2079 et
2930 2026 3243 2097 evangelici
3274 2028 3613 2081 sacramenti

237 2121 446 2180 unitas,
495 2137 622 2190 quae
671 2137 703 2172 a
753 2119 918 2173 nobis
970 2120 1283 2185 tenebatur,
1331 2140 1356 2166 ››
1416 2118 1620 2188 inquit,
1677 2133 1874 2170 eorum
1928 2134 1954 2165 «
2009 2114 2179 2169 etiam
2233 2130 2507 2167 consensu
2559 2130 2624 2167 ac
2677 2114 2901 2169 vinculo
2950 2118 3302 2183 necteretur;
3351 2132 3491 2169 num
3542 2117 3610 2171 de

233 2209 500 2263 Ecclesiis
565 2208 1027 2279 particularibus,
1089 2208 1240 2261 nulla
1305 2207 1500 2261 habita
1567 2205 1792 2258 unitatis
1855 2205 2005 2258 inter
2068 2218 2269 2258 omnes
2332 2202 2607 2257 Ecclesias
2674 2204 2997 2257 constitutae
3064 2204 3323 2271 ratione,
3386 2204 3607 2259 videtur

237 2297 612 2352 disseruisse?
651 2321 677 2344 ››

303 2396 458 2450 Nihil
492 2395 680 2467 magis
710 2394 1102 2449 adversarium
1143 2395 1448 2461 Dodwello,
1489 2410 1659 2465 quam
1698 2392 1965 2464 Cypriani
2000 2392 2069 2446 de
2109 2392 2357 2463 episc0pi
2388 2392 2779 2462 singularitate
2819 2393 3183 2464 principium,
3218 2394 3371 2465 quod
3411 2398 3602 2448 tamen

234 2486 337 2538 sibi
372 2486 624 2539 maxime
650 2486 857 2553 favere,
881 2485 1184 2540 existimat.
1213 2485 1510 2555 Nunquam
1544 2482 1699 2536 enim
1730 2482 2020 2536 catholicae
2051 2482 2306 2537 Ecclesiae
2336 2482 2611 2536 unitatem
2646 2482 2963 2536 accuratius
2989 2482 3246 2537 defendit
3270 2484 3600 2553 Cyprianus,

233 2592 411 2644 quam
441 2592 570 2629 cum
603 2592 778 2629 unum
806 2576 863 2629 in
892 2576 1129 2645 singulis
1161 2575 1406 2629 ecclesiis
1443 2573 1770 2645 episcopum
1801 2587 1921 2625 esse
1946 2571 2154 2626 debere
2180 2572 2488 2627 contendit.
2524 2574 2665 2628 Cum
2704 2574 3049 2628 Novatianus
3077 2576 3273 2630 Roma:
3309 2574 3602 2646 episcopa-

234 2668 355 2717 tum
402 2664 716 2732 invasisset,
756 2681 821 2719 ac
866 2681 970 2735 per
1004 2664 1325 2718 emissarios
1365 2680 1490 2716 suos
1530 2662 1685 2715 idem
1725 2660 1945 2714 facinus
1986 2661 2043 2713 in
2085 2661 2207 2714 aliis
2247 2661 2567 2715 civitatibus
2606 2667 2893 2723 tentasset.
2928 2664 3034 2717 hoc
3075 2669 3413 2735 argumento
3454 2665 3606 2718 illius

233 2754 487 2807 fautores
517 2753 722 2807 refellit
748 2753 1079 2824 Cyprianus,
1113 2752 1260 2823 quod
1293 2769 1419 2807 cum
1447 2752 1491 2804 is
1524 2752 1671 2805 solus
1699 2753 1994 2823 episcopus
2028 2753 2118 2818 sit,
2148 2754 2306 2823 cujus
2337 2752 2694 2823 episcopatus
2721 2754 2790 2807 ab
2821 2754 2945 2807 aliis
2972 2754 3203 2824 collegis
3232 2753 3606 2808 conﬁrmatur

234 2846 287 2894 et
318 2843 671 2912 agnoscitur,
703 2843 747 2895 si
774 2843 899 2913 quis
935 2842 990 2895 in
1024 2843 1142 2912 ejus
1168 2843 1355 2896 locum
1388 2842 1604 2894 irruere
1635 2841 1857 2909 audeat,
1888 2843 2107 2895 nullam
2134 2859 2261 2895 cum
2301 2843 2576 2912 episcopis
2616 2842 2876 2897 Ecclesia).
2907 2844 3199 2897 catholicae
3240 2844 3599 2897 communio-

231 2947 367 2984 nem
412 2930 629 2984 habere
669 2931 863 3001 possit,
890 2947 953 2984 ac
989 2930 1230 3002 proinde
1267 2929 1403 2983 foris
1434 2930 1657 2983 relictus
1695 2936 1911 3001 pereat.
1946 2951 1972 2980 ‹‹
2007 2932 2204 2985 Factus
2245 2937 2329 2985 est
2368 2938 2562 2985 autem
2593 2932 2907 2996 Cornelius,
2948 2952 2975 2981 »
3017 2932 3203 3002 inquit
3234 2932 3290 2985 in
3324 2933 3497 3002 Epist.
3531 2949 3598 2998 LI,

231 3036 366 3090 pag.
401 3022 492 3085 68,
527 3041 554 3065 ‹‹
592 3021 892 3090 episcopus
918 3021 987 3075 de
1021 3021 1115 3075 Dei
1145 3026 1200 3075 et
1229 3020 1435 3075 Christi
1463 3020 1584 3089 ejus
1606 3020 1842 3090 judicio,
1873 3020 1941 3075 de
1968 3019 2301 3074 clericorum
2332 3036 2475 3090 pene
2507 3020 2761 3073 omnium
2794 3020 3137 3089 testimonio,
3168 3020 3239 3074 de
3268 3020 3443 3090 plebis
3470 3037 3597 3091 quae

229 3114 365 3162 tunc
406 3109 573 3162 affuit
616 3110 905 3179 sutfragio,
947 3115 1004 3163 et
1043 3110 1114 3163 de
1154 3109 1510 3163 sacerdotum
1552 3111 1916 3181 antiquorum
1962 3115 2017 3163 et
2051 3110 2333 3164 bonorum
2373 3109 2624 3163 virorum
2669 3110 2930 3179 collegio,
2973 3125 3101 3162 cum
3143 3126 3313 3163 nemo
3362 3114 3493 3162 ante
3538 3128 3597 3161 se

232 3198 414 3252 factus
444 3205 617 3267 esset,
650 3215 778 3252 cum
812 3199 1058 3266 Fabiani,
1091 3199 1149 3253 id
1179 3206 1281 3266 est,
1310 3216 1438 3251 cum
1469 3199 1623 3252 locus
1653 3198 1803 3252 Petri
1842 3205 1898 3252 et
1927 3199 2138 3268 gradus
2170 3198 2455 3251 cathedrae
2492 3198 2855 3254 sacerdotalis
2891 3204 3139 3264 vacaret;
3174 3214 3287 3269 quo
3322 3205 3597 3268 occupato

230 3289 296 3341 de
325 3289 427 3342 Dei
461 3289 770 3357 voluntate,
800 3292 971 3359 atque
999 3289 1256 3343 omnium
1285 3292 1544 3342 nostrum
1572 3288 1944 3341 consensione
1976 3287 2221 3352 ﬁrmato,
2254 3287 2506 3358 quisquis
2529 3288 2645 3357 jam
2681 3289 2979 3359 episcopus
3013 3288 3135 3341 ﬁeri
3167 3288 3428 3352 voluerit,
3462 3288 3598 3342 foris

230 3377 325 3430 fiat
353 3393 594 3431 necesse
624 3381 727 3443 est,
764 3394 865 3432 nec
900 3378 1106 3432 habeat
1130 3377 1563 3432 ecclesiasticam
1592 3377 2009 3431 ordinationem
2036 3377 2133 3446 qui
2166 3377 2421 3431 Ecclesiae
2453 3394 2565 3429 non
2599 3381 2756 3430 tenet
2786 3377 3083 3431 unitatem.
3115 3400 3141 3426 ››
3178 3377 3386 3430 Eodem
3428 3378 3596 3430 modo

228 3467 592 3520 demonstrat
622 3467 915 3537 episcopos
942 3484 975 3521 a
1006 3467 1312 3521 Novatiano
1344 3468 1402 3520 in
1430 3467 1552 3520 aliis
1583 3466 1898 3520 civitatibus
1923 3466 2271 3531 constitutos,
2305 3482 2419 3520 non
2455 3466 2661 3521 Christi
2701 3466 2961 3520 Ecclesiae
2998 3466 3290 3537 episcopos
3326 3482 3466 3530 esse,
3499 3465 3599 3518 sed

227 3556 507 3609 humanae
548 3557 809 3610 Ecclesia:
840 3573 851 3609 :
886 3578 913 3605 ‹‹
946 3556 1059 3609 Nisi
1088 3556 1133 3610 si
1175 3556 1473 3627 episcopus
1499 3555 1602 3608 tibi
1638 3555 1881 3620 videtur,
1911 3577 1939 3604 »
1974 3554 2157 3625 inquit
2187 3555 2245 3608 in
2282 3555 2485 3608 eadem
2529 3556 2782 3624 epistola,
2816 3573 2873 3626 p.
2906 3558 2992 3620 73,
3030 3573 3056 3605 ‹‹
3097 3555 3194 3625 qui
3236 3556 3499 3625 episcopo
3541 3554 3598 3606 in

227 3645 480 3700 Ecclesia
509 3663 544 3699 a
571 3646 815 3699 sedecim
849 3646 1194 3716 coepiscopis
1223 3646 1391 3712 facto,
1424 3646 1647 3699 adulter
1680 3650 1850 3714 atque
1888 3647 2189 3697 extraneus
2224 3645 2518 3716 episcopus
2545 3644 2667 3697 ﬁeri
2699 3661 2730 3697 a
2766 3644 3154 3698 desertoribus
3188 3660 3289 3713 per
3316 3643 3597 3696 ambitum

221 3737 453 3803 nititur,
493 3741 551 3789 et
591 3752 720 3790 cum
763 3735 834 3789 sit
868 3736 1186 3790 Christiana
1226 3735 1471 3791 Ecclesia
1508 3751 1613 3805 per
1656 3738 1839 3788 totum
1880 3734 2161 3788 mundum
2208 3734 2264 3786 in
2307 3733 2484 3786 multa
2528 3733 2787 3786 membra
2826 3733 3023 3797 divisa,
3058 3732 3193 3786 item
3240 3732 3599 3802 episcopatus

222 3840 373 3877 unus
416 3824 824 3895 episcoporum
861 3825 1173 3879 multorum
1206 3823 1474 3877 concordi
1516 3823 1930 3877 numerositate
1973 3821 2226 3888 diffusus,
2266 3821 2360 3875 ille
2392 3827 2515 3891 post
2556 3821 2654 3875 Dei
2696 3822 3081 3888 traditionem,
3115 3827 3243 3890 post
3273 3836 3595 3874 connexam

221 3920 275 3967 et
310 3914 530 3983 ubique
564 3914 925 3982 conjunctam
963 3912 1253 3967 catholicae
1290 3912 1551 3966 Ecclesiae
1584 3912 1854 3966 unitatem
1884 3912 2199 3966 humanam
2239 3914 2479 3965 conetur
2511 3911 2821 3964 Ecclesiam
2863 3911 3069 3977 facere,
3102 3915 3159 3965 et
3195 3927 3296 3981 per
3329 3911 3596 3981 plurimas

218 4004 484 4058 civitates
510 4018 685 4056 novos
710 4004 994 4073 apostolos
1020 4019 1150 4056 suos
1178 4002 1383 4070 mittat,
1412 4006 1471 4054 ut
1491 4001 1772 4071 quaedam,
1797 3999 2046 4054 recentia
2068 3999 2432 4053 institutionis
2453 4016 2569 4053 suaz
2594 3999 2971 4053 fundamenta
2993 4000 3324 4067 constituat;
3349 4017 3594 4070 cumque

212 4092 579 4163 jampridem
622 4107 721 4161 per
756 4108 952 4146 omnes
992 4090 1310 4161 provincias
1345 4092 1401 4142 et.
1441 4105 1540 4159 per
1572 4088 1738 4142 urbes
1770 4088 2021 4159 singulas
2067 4087 2313 4142 ordinati
2353 4088 2464 4141 sint
2503 4088 2751 4158 episcopi
2793 4090 2850 4141 in
2893 4092 3063 4142 {etate
3104 4089 3345 4159 antiqui,
3385 4089 3437 4141 in
3484 4090 3592 4142 tidc

220 4181 460 4251 integri,
485 4181 547 4234 in
579 4196 840 4251 pressura
866 4179 1109 4250 probati,
1140 4178 1198 4233 in
1225 4177 1614 4249 persecutione
1646 4178 1946 4247 proscripti
1981 4177 2076 4231 ille
2104 4193 2277 4247 super
2306 4193 2398 4230 eos
2440 4194 2631 4231 creare
2662 4178 2798 4230 alios
2832 4178 3339 4248 pseudoepiscopos
3366 4179 3591 4232 audeat.

220 4271 357 4325 Hinc
387 4269 713 4336 contendit,
744 4269 968 4323 etiamsi
1000 4268 1251 4337 legitime
1288 4268 1527 4321 fuissent
1564 4266 1835 4335 ordinati,
1865 4283 1962 4321 eos
1993 4272 2185 4320 tamen
2222 4282 2326 4336 pro
2363 4266 2632 4336 legitimis
2669 4267 2951 4337 episcopis
2980 4268 3206 4337 agnosci
3245 4285 3362 4322 non
3405 4284 3591 4337 posse,

217 4360 345 4430 quia
390 4360 469 4413 ab
515 4359 763 4413 Ecclesia
806 4358 1078 4412 catholica
1119 4357 1501 4410 discesserunt
1541 4372 1554 4409 :
1598 4377 1624 4405 (ι
1668 4355 2063 4426 Episcopatuin
2106 4358 2319 4423 autem,
2362 4377 2388 4405 ››
2424 4355 2629 4425 inquit,
2667 4360 2921 4409 «tenere
2968 4372 3081 4409 non
3124 4360 3330 4427 posset,
3371 4357 3597 4410 etiamsi

218 4449 533 4520 episcopus
567 4448 720 4518 prius
744 4447 925 4501 factus
952 4464 985 4500 a
1011 4445 1476 4516 coepiscoporum
1503 4461 1735 4499 suorum
1763 4460 1999 4514 corpore
2031 4450 2085 4498 et
2112 4444 2183 4497 ab
2214 4444 2474 4499 Ecclesia:
2502 4445 2715 4499 unitate
2745 4445 3101 4500 descisceret.
3134 4468 3160 4495 ››

517 4654 571 4662 --
626 4638 1006 4677 REPELLUNTUR
1048 4637 1139 4684 QUI
1178 4635 1463 4676 EPISCOPOS
1504 4636 1641 4674 APUD
1680 4634 1986 4674 CYPRIANUM
2025 4635 2155 4673 JURE
2193 4635 2375 4674 DIVINO
2415 4638 2447 4674 Α
2490 4636 2836 4675 PRESBYTERIS
2878 4636 3145 4675 DlSTlNGUl
3186 4637 3409 4676 NEGANT.

286 4777 574 4843 Quamvis
601 4778 954 4848 episcopatus
988 4778 1121 4847 jura
1148 4793 1259 4829 non
1294 4774 1511 4845 possint
1535 4773 1845 4827 accuratius
1874 4774 2125 4840 defendi,
2150 4792 2325 4845 quam
2354 4793 2384 4829 a
2410 4775 2692 4846 Cypriano
2721 4776 3119 4840 defenduntur,
3149 4790 3257 4826 non
3286 4773 3591 4826 defuerunt

214 4874 409 4923 tamen
456 4868 560 4938 qui
600 4883 669 4920 ex
710 4866 997 4921 nonnullis
1038 4866 1158 4936 ejus
1200 4864 1382 4919 verbis
1421 4881 1615 4917 ansam
1658 4863 1983 4932 arriperent
2022 4863 2430 4918 calumniandi.
2467 4865 2624 4927 Quod
2667 4864 2819 4917 enim
2862 4867 3089 4917 sanctus
3128 4865 3337 4932 Martyr
3372 4864 3590 4916 clerum

214 4958 519 5011 interdum
562 4956 617 5008 iu
658 4956 801 5009 duos
834 4954 1061 5009 ordines
1098 4953 1346 5008 dividere
1385 4953 1624 5018 videtur,
1662 4968 1865 5021 nempe
1903 4952 1962 5005 in
2000 4954 2323 5007 sacerdotes
2367 4958 2422 5007 et
2459 4954 2767 5019 ministros,
2799 4971 2862 5007 ac
2896 4954 3189 5007 sacerdotis
3219 4970 3281 5006 ac
3306 4954 3593 5022 praspositi

214 5048 460 5102 nomina
510 5061 643 5098 cum
689 5044 824 5114 ipsis
870 5042 1216 5114 presbyteris
1260 5040 1656 5108 communicat,
1703 5041 1859 5095 velut
1902 5044 2077 5111 Epist.
2125 5058 2244 5107 va,
2291 5060 2475 5109 vaui,
2522 5059 2661 5097 Lxxu
2706 5045 2761 5096 et
2806 5044 2863 5096 iu
2904 5041 3046 5096 libro
3094 5043 3159 5096 de
3198 5044 3407 5111 Lapsis,
3456 5041 3591 5095 inde

215 5136 539 5189 Salmasius
571 5137 629 5187 et
658 5133 974 5187 Blondellus
1000 5132 1344 5186 concludunt
1374 5131 1729 5201 presbyteros
1759 5132 1827 5183 ab
1855 5132 2134 5202 episc0pis
2162 5149 2273 5185 non
2296 5132 2426 5201 jure
2459 5132 2666 5197 divino,
2695 5148 2809 5185 non
2839 5131 3060 5185 diverso
3089 5132 3381 5185 sacerdotii
3412 5132 3591 5202 gradu

215 5224 329 5278 esse
380 5225 708 5279 distinctos.
752 5223 806 5279 Si
849 5221 1128 5293 ejusmodi
1174 5221 1487 5275 ratiuncula
1527 5221 1758 5286 valeret,
1800 5219 1919 5290 pari
1955 5220 2085 5290 jure
2127 5220 2391 5273 concludi
2438 5224 2625 5290 posset
2661 5236 2730 5273 ne
2775 5220 3044 5274 diaconos
3083 5221 3315 5290 quidem
3359 5227 3415 5275 et
3453 5221 3593 5274 alios

218 5316 482 5369 minores
510 5312 742 5366 clericos
768 5329 800 5364 a
830 5311 1175 5382 presbyteris
1201 5314 1257 5363 et
1288 5309 1566 5380 episcopis
1590 5310 1717 5379 jure
1750 5309 1941 5363 divino
1982 5308 2287 5379 distingui;
2319 5325 2467 5378 smpe
2502 5309 2656 5363 enim
2694 5309 2937 5362 Ecclesia
2976 5308 3242 5363 dividitur
3281 5310 3337 5362 in
3373 5310 3593 5362 clerum

216 5408 268 5458 et
297 5405 564 5475 plebem.
598 5401 760 5466 Quod
790 5402 831 5454 si
867 5400 1094 5455 diaconi
1123 5404 1181 5453 et
1208 5398 1461 5453 minores
1488 5399 1677 5453 clerici
1718 5416 1847 5453 cum
1884 5399 2225 5470 presbyteris
2264 5405 2317 5452 et
2349 5398 2627 5469 episcopis
2664 5400 2813 5452 clero
2844 5398 3421 5468 comprehenduntur,
3454 5399 3592 5469 quid

214 5495 427 5546 mirum
464 5491 512 5544 si
548 5490 914 5562 presbyteris,
944 5489 1039 5559 qui
1070 5488 1482 5542 Eucharistiam
1517 5494 1851 5542 consecrant
1879 5494 1933 5542 et
1959 5492 2295 5558 potestatem
2331 5490 2548 5543 habent
2575 5489 2787 5559 ligandi
2822 5493 2877 5541 et
2908 5487 3184 5555 solvendi,
3215 5488 3510 5542 sacerdotis
3536 5492 3594 5541 et

210 5584 505 5653 praepositi
535 5580 771 5634 nomina
796 5595 926 5631 cum
960 5577 1237 5648 episcopis
1262 5578 1583 5631 communia
1613 5578 1785 5631 sunt?
1812 5576 2155 5647 Presbyteris
2181 5578 2413 5647 quidem
2451 5577 2764 5647 Cyprianus
2795 5576 3107 5646 plurimum
3140 5592 3365 5646 semper
3393 5575 3593 5629 habuit

218 5673 484 5737 honoris,
518 5675 571 5725 et
599 5687 727 5724 cum
752 5670 891 5723 nihil
927 5685 1098 5739 agere
1126 5671 1330 5724 soleret
1351 5669 1471 5723 sine
1493 5667 1722 5723 consilio
1753 5668 1909 5736 cleri,
1942 5672 2002 5721 ut
2028 5666 2144 5737 ipse
2167 5671 2405 5721 testatur
2426 5667 2483 5720 in
2514 5668 2685 5736 Epist.
2710 5683 2781 5732 v1,
2803 5682 2914 5719 non
2942 5665 3181 5719 dubium
3205 5666 3342 5736 quin
3366 5665 3597 5736 presby-

220 5764 372 5829 teris,
406 5765 607 5831 utpote
639 5778 767 5814 cum
811 5760 934 5830 ipso
973 5759 1320 5827 sedentibus,
1356 5776 1629 5830 magnam
1663 5757 2064 5813 auctoritatem
2109 5756 2453 5811 attribuerit.
2484 5760 2552 5812 At
2581 5754 2877 5810 sacerdotii
2921 5754 3163 5824 gradum
3194 5771 3227 5809 a
3258 5753 3601 5824 presbyteris

223 5852 564 5907 distinctum
602 5851 706 5907 sibi
753 5851 1018 5919 vindicat.
1066 5851 1350 5921 Queritur,
1394 5852 1452 5906 in
1499 5854 1675 5923 Epist.
1724 5867 1796 5919 x1,
1844 5849 1989 5922 quod
2039 5849 2270 5921 quidam
2317 5848 2385 5903 dc
2432 5846 2793 5920 presbyteris,
2837 5862 2939 5899 uec
2984 5843 3275 5916 Evangelii
3322 5860 3605 5899 memores
