4084 6208
391 307 457 362 23
1681 308 1746 364 D.
1786 310 2147 366 PRUDENTU
2184 312 2442 367 MARANI
3680 313 3751 368 24

396 456 424 485 ι(
452 452 559 491 nec
584 434 847 508 episcopo
874 434 1150 492 honorem
1181 435 1480 491 sacerdotii
1515 436 1601 490 sui
1629 440 1686 491 et
1715 438 2000 491 cathedrae
2030 444 2397 503 reservantes,
2426 460 2452 487 ››
2469 438 2591 508 jam
2618 455 2749 493 cum
2782 438 2954 510 lapsis
2985 435 3402 494 communicare
3431 439 3746 510 coepissent.

393 525 547 580 Alius
577 542 712 597 ergo
741 527 798 580 in
830 527 1107 597 episcopis
1133 543 1196 580 ac
1223 527 1280 580 in
1311 526 1658 597 presbyteris
1686 526 1984 580 sacerdotii
2015 527 2244 597 gradus,
2269 543 2333 580 ac
2362 528 2599 598 proinde
2625 529 2870 599 episcopi
2896 547 2928 582 a
2954 528 3302 599 presbyteris
3331 529 3757 600 distinguuntur

396 631 511 670 non
546 616 728 670 solum
760 617 1094 671 auctoritate
1134 624 1190 671 et
1221 617 1510 682 cathedra,
1540 616 1636 670 sed
1675 616 1841 670 etiam
1882 616 2082 669 ordine
2122 622 2178 669 et
2214 617 2554 671 charactere.
2589 619 2737 671 Hanc
2769 623 2963 672 autem
2995 616 3295 671 sacerdotii
3335 618 3755 672 distinctionem

395 706 466 759 ab
507 706 626 777 ipso
662 706 882 762 Christo
921 707 1238 762 institutam
1277 707 1450 760 fuisse
1490 724 1554 761 ex
1587 706 1844 776 pluribus
1881 705 2146 775 Cypriani
2183 705 2316 759 locis
2355 706 2694 776 perspicitur
2727 723 2738 760 :
2787 728 2812 755 ‹‹
2855 707 3128 760 Dominus
3168 713 3376 773 noster,
3411 729 3436 755 ››
3472 706 3657 776 inquit
3697 707 3756 760 in

394 798 568 864 Epist.
603 811 764 864 xxvu,
805 813 860 866 p.
900 795 1010 864 3'7),
1044 819 1070 846 ››
1106 797 1263 866 cujus
1303 800 1592 866 praecepta
1631 801 1686 850 et
1723 797 1941 850 monita
1978 795 2271 849 observare
2312 796 2603 862 debemus,
2647 797 2894 868 episcOpi
2933 797 3203 852 honorem
3245 803 3300 851 et
3339 797 3602 852 Ecclesiae
3642 813 3758 850 sua:

396 884 682 938 rationem
715 886 1015 955 disponens
1045 886 1101 939 in
1145 887 1448 957 Evangelio
1477 887 1728 958 loquitur
1756 891 1812 940 et
1843 886 1978 940 dicit
2014 887 2178 940 Petro
2211 903 2222 940 :
2256 888 2368 954 Ego
2407 887 2523 940 dico
2566 889 2684 949 tibi,
2720 890 2851 957 quia
2893 893 2950 941 tu
2986 902 3038 943 es
3075 890 3288 949 Petrus,
3317 892 3367 942 et
3407 902 3568 957 super
3595 889 3760 940 istam

390 978 604 1042 petram
634 975 903 1043 aediﬁcabo
931 977 1223 1029 Ecclesiam
1249 992 1440 1041 meum,
1469 981 1517 1029 et
1551 975 1848 1048 23-24
1875 983 2050 1045 portae
2078 978 2380 1042 inferorum
2414 993 2521 1030 non
2559 979 2773 1032 vincent
2811 994 2927 1033 eum
2956 998 2971 1032 :
3004 984 3056 1032 et
3097 980 3199 1032 tibi
3227 979 3369 1032 dabo
3405 979 3578 1032 claves
3606 979 3762 1046 regni

396 1065 671 1130 caelorum;
712 1069 763 1118 et
800 1080 921 1132 quas
961 1066 1212 1132 ligaveris
1251 1081 1412 1133 super
1441 1070 1639 1119 terram
1678 1071 1833 1120 erunt
1867 1069 2037 1136 ligata.
2075 1071 2126 1120 et
2164 1068 2224 1119 in
2261 1067 2422 1128 cadis,
2454 1071 2504 1120 et
2543 1083 2884 1136 quacumque
2912 1069 3131 1122 solveris
3168 1083 3330 1137 super
3370 1071 3568 1120 terram
3600 1071 3759 1119 erunt

397 1153 574 1206 soluta
615 1157 666 1206 et
707 1155 763 1206 in
800 1155 964 1207 cadis.
999 1154 1136 1208 Inde
1180 1171 1283 1223 per
1324 1157 1652 1225 temporum
1700 1161 1754 1208 et
1791 1156 2214 1209 successionum
2260 1155 2408 1208 vices
2454 1155 2853 1226 episcoporum
2897 1156 3174 1210 ordinatio
3213 1161 3268 1211 et
3311 1155 3571 1209 Ecclesiae
3613 1155 3752 1209 ratio

398 1241 663 1307 decurrit,
712 1245 772 1294 ut
818 1242 1063 1296 Ecclesia
1115 1260 1289 1315 super
1336 1245 1629 1315 episcopos
1678 1245 2056 1298 constituatur
2111 1250 2168 1298 et
2223 1244 2412 1298 omnis
2463 1252 2620 1298 actus
2669 1245 2926 1299 Ecclesia:
2983 1261 3082 1315 per
3130 1245 3360 1299 eosdem
3416 1244 3755 1316 praepositos

401 1330 775 1399 gubernetur.
806 1331 947 1384 Cum
978 1332 1086 1385 hoc
1113 1332 1304 1403 itaque
1338 1333 1527 1387 divina
1552 1335 1676 1403 lege
1706 1334 2004 1387 fundatum
2039 1333 2128 1399 sit,
2159 1355 2184 1381 ››
2221 1338 2322 1386 etc.
2689 1327 2692 1332 ⁷

469 1426 635 1479 Multa
681 1425 770 1480 hic
811 1426 1154 1479 observanda
1199 1442 1267 1478 ex
1314 1423 1518 1494 quibus
1565 1423 1743 1478 sancti
1791 1421 2048 1493 Martyris
2096 1423 2379 1476 sententia
2425 1423 2656 1476 mirifice
2703 1423 2961 1478 enitescit
3009 1441 3020 1477 :
3074 1427 3128 1477 ίο
3173 1424 3420 1479 declarat
3462 1422 3756 1494 episc0pos

401 1515 732 1568 successisse
778 1515 1063 1585 apostolis.
1112 1514 1198 1567 Sic
1238 1513 1410 1566 etiam
1455 1513 1512 1565 in
1555 1515 1726 1582 Epist.
1769 1529 1893 1579 xm,
1939 1532 1964 1559 ‹‹
2015 1511 2290 1566 unitatem
2335 1529 2367 1566 a
2408 1513 2645 1566 Domino
2687 1517 2742 1567 et
2784 1530 2888 1583 per
2929 1515 3211 1584 apostolos
3252 1513 3436 1574 nobis,
3483 1533 3509 1560 »
3551 1510 3754 1581 inquit,

405 1624 432 1651 ‹‹
475 1604 892 1658 successoribus
934 1603 1207 1656 traditam
1255 1624 1282 1651 »
1328 1603 1511 1656 docet.
1554 1601 1673 1654 Vid.
1717 1603 1889 1670 Epist.
1940 1617 2079 1654 LXIX.
2128 1601 2284 1655 Idem
2329 1603 2490 1655 docet
2537 1601 2898 1656 Firmilianus
2943 1603 3002 1655 in
3047 1605 3219 1672 Epist.
3268 1601 3338 1655 ad
3389 1600 3756 1670 Cyprianum,

399 1709 533 1764 pag.
568 1695 690 1759 148,
719 1693 1013 1764 episcopos
1042 1692 1304 1763 apostolis
1340 1713 1367 1740 «
1405 1692 1610 1744 vicaria
1655 1689 2008 1744 ordinatione
2040 1712 2066 1740 ››
2100 1689 2450 1744 successisse.
2483 1692 2568 1744 Sic
2607 1691 2777 1744 etiam
2819 1691 2874 1744 in
2917 1691 3154 1745 concilio
3191 1689 3640 1760 Carthaginensi,
3669 1688 3758 1741 cui

399 1788 649 1854 praeerat
673 1785 1005 1854 Cyprianus,
1035 1784 1234 1838 Clarus
1264 1799 1295 1835 a
1322 1781 1577 1847 Mascula,
1616 1803 1643 1829 «
1671 1780 1973 1849 Apostolis,
2012 1798 2038 1830 »
2069 1779 2257 1849 inquit
2288 1783 2438 1850 (pag.
2473 1781 2620 1850 337),
2658 1801 2684 1828 ‹‹
2712 1796 2818 1834 nos
2850 1781 3216 1834 successimus
3248 1780 3447 1834 eadem
3481 1782 3759 1850 potestate

403 1873 707 1926 Ecclesiam
736 1873 959 1926 Domini
989 1872 1370 1943 gubernantes
1400 1873 1456 1925 et
1481 1869 1828 1924 credentium
1860 1869 2032 1922 ﬁdem
2061 1867 2432 1938 baptizantes.
2467 1893 2493 1918 ››
2527 1873 2585 1923 2°
2613 1869 3036 1923 Ordinationem
3069 1869 3447 1940 episcopalem
3475 1885 3508 1922 a
3539 1867 3762 1923 Christo

397 1961 717 2015 institutam
747 1967 803 2015 et
831 1962 1020 2016 divina
1046 1963 1170 2032 lege
1201 1961 1495 2015 fundatam
1522 1960 1849 2030 pronuntiat
1876 1958 2204 2029 Cyprianus.
2241 1959 2509 2021 Quamvis
2538 1959 2694 2012 enim
2720 1959 3008 2013 ordinatus
3035 1959 3330 2029 presbyter
3357 1959 3417 2011 in
3444 1958 3550 2012 hoc
3582 1957 3759 2027 gradu

401 2051 731 2121 aliquandiu
768 2050 1162 2116 ministrasset,
1196 2050 1372 2120 probe
1411 2053 1606 2102 tamen
1641 2050 1856 2103 sciebat
1893 2050 1996 2103 sibi
2026 2051 2094 2103 ad
2130 2050 2508 2120 episcopalem
2549 2052 2794 2121 gradum
2827 2055 3020 2106 vocato
3058 2053 3170 2106 alia
3212 2051 3576 2105 ordinatione
3620 2067 3761 2120 opus

399 2139 588 2192 fuisse.
631 2140 808 2193 Nemo
854 2139 940 2192 his
976 2139 1331 2210 temporibus
1375 2138 1715 2192 meminerat
1750 2138 1906 2209 quod
1945 2138 2246 2194 Salmasius
2287 2145 2341 2192 et
2375 2139 2696 2193 Blondellus
2726 2141 2920 2210 primis
2967 2141 3182 2195 seculis
3223 2147 3558 2211 usurpatum
3592 2139 3761 2193 fuisse

400 2228 708 2293 finxerunt,
754 2233 838 2296 ut,
886 2234 1112 2283 mortuo
1157 2229 1442 2299 episcopo,
1487 2229 1609 2283 sine
1656 2245 1796 2281 nova
1837 2227 2196 2281 ordinatione
2248 2229 2578 2283 succederet
2627 2231 2915 2301 antiquior
2960 2231 3274 2302 presbyter,
3327 2231 3413 2284 vel
3460 2231 3610 2284 forte
3664 2229 3776 2300 qui

403 2321 633 2393 dignior
667 2318 983 2386 videbatur,
1015 2321 1081 2372 ut
1121 2319 1308 2388 placet
1346 2318 1651 2373 Blondello.
1687 2320 1765 2372 Ne
1807 2318 1914 2388 ipsi
1959 2317 2192 2388 quidem
2225 2317 2590 2386 schismatici,
2631 2323 2688 2373 et
2725 2320 2772 2374 si
2808 2321 2876 2374 ad
2923 2337 3094 2375 omne
3136 2321 3353 2376 facinus
3395 2319 3760 2392 paratissimi,

401 2415 762 2486 presbyteros
799 2411 866 2465 ad
911 2408 1296 2480 episcopatum
1343 2407 1467 2461 sine
1504 2407 1865 2461 ordinatione
1903 2408 2020 2460 ausi
2061 2411 2195 2460 sunt
2234 2424 2593 2478 promovere.
2627 2409 2803 2464 Probe
2839 2409 3049 2464 sciebat
3086 2411 3428 2465 Novatianus
3469 2409 3766 2480 presbyter

401 2521 473 2560 ne
518 2502 885 2557 simulacrum
925 2498 1153 2570 quidem
1186 2498 1545 2567 episcopatus
1583 2496 1701 2550 sine
1741 2513 1885 2549 nova
1925 2496 2281 2550 ordinatione
2323 2499 2584 2567 occupari
2627 2515 2807 2570 posse,
2845 2516 2972 2554 cum
3020 2506 3132 2554 tres
3173 2501 3468 2572 episcOpos
3509 2515 3652 2569 quos
3695 2513 3763 2550 ex

399 2593 674 2648 vilissima
719 2589 975 2645 Ecclesiae
1016 2591 1175 2658 parte
1215 2603 1318 2656 per
1357 2585 1554 2640 dolum
1595 2584 1892 2653 acciverat,
1935 2585 2179 2639 inclusos
2222 2585 2364 2639 hora
2413 2587 2652 2654 decima,
2693 2591 3034 2643 temulentos
3076 2594 3132 2644 et
3170 2591 3402 2661 crapula
3445 2603 3764 2659 Oppressos,

403 2682 740 2738 adumbrata
766 2679 1012 2750 quadam
1043 2679 1098 2730 et
1126 2675 1283 2729 inani
1311 2691 1582 2728 manuum
1610 2674 1970 2744 impositione
2001 2674 2386 2744 episcOpatum
2419 2676 2524 2730 sibi
2556 2677 2778 2732 tradere
2808 2694 2912 2748 per
2939 2679 3050 2732 vim
3080 2684 3308 2749 cogeret
3336 2679 3578 2748 (Euseb.,
3604 2679 3764 2735 Hist.,

401 2773 498 2828 lib.
539 2789 612 2840 v1,
655 2788 704 2825 c.
747 2770 859 2838 43).
902 2772 960 2822 3°
1001 2769 1074 2820 Ex
1121 2766 1209 2820 his
1252 2767 1423 2820 etiam
1468 2765 1807 2836 perspicitur
1849 2763 2141 2833 episcopos
2185 2781 2215 2816 a
2258 2764 2374 2818 solo
2420 2766 2642 2820 Christo
2685 2771 3025 2837 potestatem
3076 2768 3334 2822 Ecclesiae
3379 2764 3767 2836 gubernandaa

404 2861 701 2933 accepisse.
737 2859 876 2914 l-linc
901 2857 1068 2911 toties
1092 2855 1244 2926 apud
1280 2855 1626 2926 Cyprianum
1663 2874 1691 2901 κ
1725 2852 1992 2907 Dominus
2027 2852 2349 2907 sacerdotes
2377 2854 2482 2909 sibi
2517 2856 2577 2909 in
2617 2857 2863 2912 Ecclesia
2894 2874 2994 2911 sua
3021 2859 3232 2928 eligere
3271 2863 3328 2912 et
3365 2856 3705 2911 constituere
3739 2876 3766 2904 »

404 2951 627 3017 dicitur,
668 2966 724 3019 p.
771 2951 837 3002 59
883 2963 896 3000 :
943 2946 1050 3000 hac
1095 2944 1311 2999 ratione
1355 2944 1668 3015 Cyprianus
1712 2945 1959 3000 Cornelii
2002 2945 2390 3017 episcopatum
2434 2966 2460 2994 «
2503 2947 2570 3000 de
2618 2946 2737 3012 Dei,
2783 2946 2882 3017 qui
2926 2948 3246 3001 sacerdotes
3288 2947 3440 3014 facit,
3479 2947 3768 3001 voluntate

403 3045 723 3109 susceptum
754 3059 780 3084 η
809 3036 1064 3091 defendit
1093 3038 1281 3105 (Epist.
1309 3052 1401 3102 ιιι,
1433 3051 1492 3105 p.
1523 3037 1587 3089 68
1623 3040 1677 3089 et
1706 3036 1818 3106 69).
1852 3036 1973 3089 Vid.
2004 3038 2104 3106 Ep.
2139 3053 2225 3105 Lv,
2261 3054 2316 3107 p.
2349 3039 2438 3102 82,
2478 3043 2533 3089 et
2561 3038 2659 3106 Ep.
2691 3052 2812 3102 va,
2849 3052 2902 3106 p.
2938 3039 3058 3102 113,
3100 3037 3197 3106 Ep.
3242 3051 3387 3102 1.xix,
3421 3051 3477 3106 p.
3523 3039 3643 3088 121.
3688 3035 3768 3087 Ex

402 3130 510 3184 hac
541 3127 897 3198 episcopatus
929 3125 1158 3178 notione
1188 3124 1471 3177 oriebatur
1496 3141 1721 3177 summa
1747 3125 2014 3195 Cypriani
2042 3125 2356 3179 constantia
2391 3126 2448 3178 in
2469 3125 2850 3195 gubernanda
2881 3131 2937 3178 et
2973 3125 3332 3180 defendenda
3365 3124 3608 3178 Ecclesia
3640 3140 3766 3188 sua,

405 3219 494 3273 cui
537 3234 664 3271 cum
705 3232 762 3268 se
799 3214 1052 3284 judicem
1091 3214 1160 3267 ad
1194 3218 1418 3283 tempus
1456 3230 1488 3266 a
1527 3214 1640 3268 Deo
1683 3213 1881 3266 datum
1917 3229 2036 3266 esse
2078 3214 2248 3267 sciret
2285 3217 2436 3284 (pag.
2479 3215 2619 3282 122),
2659 3235 2686 3262 «
2733 3213 3035 3269 commissa
3075 3213 3344 3267 divinitus
3385 3216 3570 3266 castra
3613 3211 3770 3266 fideli

404 3308 609 3359 virtute
639 3325 665 3352 «
695 3303 950 3357 servabat
977 3302 1053 3372 (p.
1089 3302 1230 3371 141).
1262 3302 1538 3370 lmpressa
1567 3304 1690 3354 erat
1718 3301 1962 3354 aliorum
1992 3302 2190 3356 Africm
2217 3304 2608 3372 episcoporum
2641 3303 2854 3356 animis
2888 3303 3008 3357 haec
3042 3303 3318 3357 sententia
3349 3319 3360 3355 :
3395 3323 3422 3349 ‹‹
3451 3302 3504 3356 Si
3531 3301 3770 3354 maritus

406 3409 644 3465 peregre
672 3391 1051 3462 proﬁciscens,
1076 3410 1102 3437 ››
1136 3390 1322 3459 inquit
1347 3390 1656 3442 Venantius
1685 3407 1718 3443 a
1742 3390 1970 3455 'l‘imisa,
1997 3391 2054 3443 in
2083 3391 2320 3445 consilio
2351 3393 2639 3463 Carthag.,
2672 3409 2726 3463 p.
2759 3397 2884 3460 335,
2917 3415 2943 3441 «
2972 3394 3158 3447 amico
3185 3408 3287 3446 suo
3317 3392 3768 3445 commendasset

407 3499 647 3537 uxorem
687 3497 845 3535 suam
877 3477 1329 3545 custodiendam,
1369 3479 1828 3532 commendatam
1866 3480 1969 3533 sibi
2013 3480 2092 3533 illi
2132 3483 2346 3550 quanta
2385 3488 2572 3551 posset
2609 3483 2903 3553 diligentia
2944 3485 3324 3547 conservaret,
3365 3498 3437 3534 ne
3469 3481 3537 3533 ab
3576 3480 3769 3550 aliquo

408 3573 632 3627 castitas
674 3572 795 3640 ejus
825 3573 880 3623 et
907 3568 1168 3621 sanctitas
1196 3567 1634 3621 adulteraretur.
1664 3568 1919 3623 Christus
1950 3569 2219 3623 Dominus
2256 3576 2311 3623 et
2341 3572 2488 3624 Deus
2523 3576 2714 3625 noster
2750 3572 2822 3625 ad
2849 3575 3075 3626 Patrem
3107 3571 3471 3643 proficiscens
3507 3584 3771 3639 sponsam

410 3677 572 3715 suam
603 3660 760 3713 nobis
787 3657 1227 3712 commendavit.
1259 3678 1286 3705 »

481 3749 676 3805 Nescio
704 3746 860 3818 quod
882 3745 1258 3799 sacerdotium
1282 3745 1558 3815 Higaltius
1580 3749 1635 3799 et
1661 3746 1917 3800 Baluzius
1943 3747 2193 3801 diaconis
2218 3747 2503 3817 efﬁngunt
2531 3749 2590 3802 in
2620 3750 2734 3802 suis
2762 3750 3246 3804 observationibus
3269 3749 3340 3803 ad
3363 3750 3481 3802 haec
3507 3745 3774 3818 Cypriani

409 3839 578 3893 verba
613 3854 625 3891 :
669 3859 696 3884 ‹‹
735 3839 870 3890 Item
919 3833 1259 3904 presbyteris
1299 3840 1353 3887 et
1397 3833 1724 3887 diaconibus
1766 3852 1882 3889 non
1924 3836 2105 3889 defuit
2145 3836 2442 3890 sacerdotii
2482 3837 2640 3907 vigor
2675 3838 2870 3909 (Epist.
2912 3839 3024 3908 xv).
3065 3860 3092 3886 ››
3136 3838 3454 3908 Cyprianus
3501 3837 3603 3890 hoc
3648 3837 3773 3889 loco

414 3927 710 3983 sacerdotii
749 3926 1002 3996 vigorem
1044 3940 1404 3993 nequaquam
1447 3924 1790 3994 presbyteris
1818 3925 1926 3978 illis
1956 3933 2010 3978 et
2039 3926 2370 3979 diaconibus
2401 3926 2678 3991 attribuit,
2712 3927 2809 3981 sed
2842 3928 3028 3996 potius
3061 3944 3119 3981 se
3159 3928 3217 3980 iu
3256 3927 3364 3980 illis
3405 3925 3776 3996 objurgaudis

413 4016 732 4071 adhibitum
761 4014 1142 4078 demonstrat;
1173 4011 1345 4083 idque
1374 4029 1441 4065 ex
1475 4013 1556 4064 his
1587 4030 1713 4082 qua:
1742 4017 2058 4083 sequuntur
2089 4019 2260 4084 atque
2288 4031 2358 4068 ex
2383 4015 2554 4069 totius
2579 4015 2833 4085 epistolae
2863 4016 3006 4070 serie
3036 4016 3391 4085 perspicitur.
3425 4017 3617 4085 Neque
3647 4013 3777 4068 huic

414 4105 640 4177 Rigaltii
671 4109 725 4158 et
748 4102 959 4157 Baluzii
989 4102 1245 4172 opinioni
1265 4103 1411 4156 favet
1439 4102 1592 4172 quod
1618 4104 1929 4173 Cyprianus
1955 4103 2155 4156 absens
2182 4103 2239 4156 in
2269 4107 2444 4173 Epist.
2470 4121 2560 4159 xm
2581 4105 2851 4169 decernit,
2877 4126 2901 4152 n
2930 4109 2990 4157 ut
3014 4104 3108 4175 qui
3139 4105 3361 4158 libellos
3381 4121 3410 4157 a
3435 4104 3778 4174 martyribus

415 4199 776 4266 acceperunt,
820 4200 876 4247 et
916 4191 1290 4263 praerogativa
1335 4207 1531 4245 eorum
1580 4191 1734 4262 apud
1781 4193 1960 4245 Deum
2010 4181 2262 4260 adjuvari
2309 4196 2559 4261 possunt,
2603 4193 2649 4246 si
2687 4193 3053 4247 incommodo
3096 4194 3286 4264 aliquo
3330 4200 3386 4247 et
3429 4192 3779 4247 inﬁrmitatis

416 4283 667 4355 periculo
723 4280 984 4351 occupati
1033 4279 1266 4346 fuerint,
1317 4296 1428 4333 non
1481 4285 1806 4349 exspectata
1858 4279 2159 4350 praesentia
2211 4283 2425 4349 nostra,
2474 4281 2675 4352 inquit,
2725 4281 2879 4350 apud
2932 4282 3328 4352 presbyterum
3379 4297 3778 4352 quemcunque

415 4374 781 4443 praesentem,
827 4371 910 4424 vel
962 4369 1007 4422 si
1054 4369 1343 4440 presbyter
1390 4375 1648 4440 repertus
1694 4386 1812 4423 non
1859 4369 2051 4435 fuerit,
2097 4372 2154 4422 et
2207 4385 2411 4439 urgere
2456 4368 2635 4422 exitus
2684 4367 2939 4438 cmperit,
2986 4369 3139 4438 apud
3191 4369 3497 4423 diaconum
3551 4382 3778 4438 quoque

421 4459 845 4530 exomologesin
893 4458 1086 4512 delicti
1127 4458 1213 4511 sui
1255 4457 1437 4512 facere
1479 4457 1720 4528 possint;
1762 4461 1844 4527 ut,
1892 4474 2068 4512 manu
2107 4457 2186 4511 eis
2230 4457 2286 4511 in
2332 4458 2732 4527 paenitentiam
2773 4455 3056 4527 imposita,
3092 4457 3321 4512 veniant
3361 4457 3433 4511 ad
3476 4457 3782 4512 Dominum

420 4569 550 4606 cum
583 4567 716 4622 pace
754 4565 925 4621 quam
970 4549 1088 4603 dari
1117 4553 1393 4619 martyres
1429 4547 1633 4602 litteris
1667 4549 1736 4602 ad
1776 4564 1876 4601 nos
1906 4547 2064 4601 factis
2093 4547 2573 4602 desideraverunt.
2610 4568 2636 4594 ››
2667 4548 2787 4600 Non
2825 4547 3173 4600 immorabor
3213 4546 3271 4600 in
3311 4547 3415 4600 hac
3448 4545 3785 4617 explicanda

420 4640 773 4705 difficultate,
816 4655 942 4710 quae
991 4637 1232 4691 nimium
1277 4642 1428 4691 arcte
1475 4654 1604 4692 cum
1654 4636 2018 4708 sequentibus
2064 4635 2286 4690 saeculis
2332 4636 2635 4705 conjuncta
2679 4637 2782 4702 est,
2825 4651 2996 4705 quam
3046 4641 3105 4688 ut
3149 4636 3257 4689 hoc
3303 4636 3420 4690 loco
3468 4634 3787 4690 examinari

416 4730 612 4802 possit.
657 4728 765 4784 Sed
813 4732 873 4782 ut
908 4744 939 4780 a
967 4727 1248 4798 Cypriano
1295 4743 1406 4781 non
1455 4726 1763 4792 discedam,
1802 4741 1983 4779 unum
2026 4730 2109 4779 est
2153 4724 2306 4795 quod
2349 4723 2708 4778 observatum
2744 4722 2935 4792 velim,
2977 4739 3337 4795 nequaquam
3378 4723 3447 4778 ab
3496 4724 3591 4778 illo
3636 4723 3786 4778 hanc

417 4818 766 4890 provinciam
813 4816 1069 4871 diaconis
1115 4816 1414 4882 committi,
1455 4822 1514 4870 ut
1554 4820 1919 4886 peccatorum
1963 4814 2381 4868 confessionem
2427 4811 2708 4882 excipiant
2755 4815 2812 4865 et
2857 4813 3251 4883 paenitentiam
3292 4813 3615 4884 imponant.
3658 4813 3787 4867 Haec

421 4907 576 4962 enim
604 4907 712 4961 fuit
739 4906 844 4960 illis
882 4904 1235 4977 temporibus
1282 4904 1596 4976 disciplina,
1629 4910 1688 4957 ut
1716 4920 1884 4957 nemo
1911 4903 1982 4956 ad
2015 4919 2209 4973 pacem
2248 4901 2647 4956 admitteretur
2675 4919 2748 4956 ne
2783 4901 2839 4954 in
2877 4909 3131 4956 extremo
3168 4903 3400 4974 quidem
3438 4902 3783 4969 discrimine,

424 4995 531 5050 nisi
574 4995 672 5067 qui
716 4998 846 5048 ante
887 4993 1152 5047 morbum
1200 5001 1426 5064 peccata
1464 4993 1756 5048 confessus
1792 4993 2007 5059 fuisset,
2042 5009 2106 5046 ac
2149 4991 2542 5062 paenitentiam
2587 4991 2942 5062 postulasset,
2987 4997 3052 5046 ut
3091 4995 3331 5046 testatur
3371 4993 3686 5063 Cyprianus
3729 4992 3788 5045 in

420 5086 592 5154 Epist.
628 5100 716 5139 Lu.
748 5082 1131 5147 Quamobrem
1163 5082 1493 5152 prescripta
1522 5081 1675 5152 apud
1712 5081 2016 5135 diaconum
2053 5080 2460 5152 exomologesis
2497 5081 2553 5134 in
2596 5082 2793 5135 mortis
2830 5081 3092 5148 articulo,
3127 5097 3238 5134 non
3272 5085 3393 5135 erat
3423 5087 3788 5152 peccatorum

420 5171 718 5240 confessio,
754 5187 883 5242 quae
912 5171 1062 5242 apud
1093 5170 1414 5224 sacerdotes
1443 5176 1609 5224 antea
1636 5171 1757 5225 ﬁeri
1785 5171 2080 5238 debuerat,
2106 5187 2210 5224 nec
2238 5170 2476 5242 proinde
2506 5169 2753 5224 diaconis
2785 5170 3268 5225 communicatum
3297 5169 3406 5224 fuit
3436 5171 3789 5242 poenitentiae

419 5261 790 5333 imponendae
815 5276 1044 5314 munus.
1070 5259 1231 5323 Quod
1261 5265 1453 5312 autem
1481 5259 1551 5313 ab
1581 5259 1815 5313 eruditis
1836 5260 1965 5314 viris
1988 5259 2329 5331 jamdudum
2359 5260 2719 5314 observatum
2749 5265 2850 5326 est,
2876 5259 3161 5330 duplicem
3189 5276 3307 5314 esse
3334 5261 3787 5331 exomologesin,

423 5352 480 5407 id
507 5353 882 5408 confirmatur
915 5367 983 5403 ex
1011 5348 1275 5420 Cypriani
1305 5348 1563 5419 epistolis
1593 5349 1651 5402 in
1683 5349 1970 5419 lapsorum
1999 5365 2168 5402 causa
2195 5348 2442 5418 scriptis;
2469 5348 2526 5401 in
2559 5349 2757 5418 primis
2785 5365 2853 5402 ex
2883 5351 2981 5419 Ep.
3015 5365 3110 5415 xu,
3140 5348 3233 5403 ubi
3259 5349 3339 5402 ait
3365 5349 3792 5420 exomolegesin

423 5441 551 5496 fieri
580 5462 606 5488 ‹‹
640 5441 893 5510 inspecta
930 5438 1045 5492 vita
1088 5438 1210 5508 ejus
1250 5439 1348 5508 qui
1379 5437 1494 5507 agit
1531 5437 1947 5508 paenitentiam.
1984 5461 2010 5487 ››
2049 5439 2126 5493 Ex
2170 5454 2282 5507 quo
2321 5441 2478 5507 patet
2518 5437 2964 5507 cxomologesin,
3005 5454 3176 5508 quam
3216 5438 3490 5492 absolutio
3533 5438 3791 5509 proxime

424 5531 768 5602 sequebatur
805 5531 925 5600 jam
967 5528 1209 5600 probata
1250 5534 1306 5581 et
1344 5527 1480 5581 satis
1523 5531 1774 5599 spectata
1819 5526 1957 5598 lapsi
2001 5526 2349 5596 paenitentia,
2395 5524 2666 5596 distingui
2709 5524 2915 5580 debere
2958 5542 2990 5580 a
3027 5526 3381 5582 confessione
3427 5530 3793 5598 peccatorum

424 5618 822 5691 paenitentiam
847 5619 1029 5688 ipsam
1059 5616 1432 5688 praecedente.

1209 5745 1292 5798 lll.
1322 5773 1391 5784 —
1427 5759 1690 5800 PRIIATUS
1730 5759 1986 5800 accusa:
2024 5759 2256 5800 ιιοιωω
2293 5761 2326 5798 Α
2366 5760 2414 5798 s.
2455 5757 2714 5798 CYPRIANO
2753 5757 3006 5800 manus.

497 5873 586 5928 Sic
621 5872 1018 5945 episcoporum
1047 5890 1180 5928 cura
1210 5872 1465 5928 defendit
1507 5873 1840 5946 Cyprianus,
1872 5878 1926 5928 ct
1961 5872 2287 5946 legitimum
2329 5873 2603 5928 Romanae
2642 5871 2798 5928 Sedis
2828 5872 3142 5945 primatum
3171 5871 3445 5945 agnoscit.
3479 5873 3540 5928 lu
3571 5870 3788 5928 dissen-
