4104 6192
284 324 360 376 25
1801 292 2177 381 Pamrmo'.
3602 325 3667 381 26

283 446 451 499 sione
482 462 654 516 quam
677 446 881 501 habuit
910 464 1037 501 cum
1064 447 1353 519 Stephano
1382 464 1531 519 saepe
1561 452 1791 518 questus
1832 456 1914 501 est
1938 450 2090 520 quod
2122 449 2471 519 Stephanus,
2506 450 2755 519 primatu
2782 467 2881 504 suo
2914 450 3157 504 nimium
3206 448 3537 515 confideret,
3570 450 3663 504 sed

286 535 363 587 de
398 535 582 603 ipsius
611 536 955 589 auctoritate
1007 536 1179 590 fidem
1213 554 1323 590 non
1369 538 1562 591 movit.
1607 538 1697 591 Sic
1729 537 1880 589 enim
1916 538 2085 590 tacito
2133 539 2362 591 nomine
2408 539 2759 608 Stephanum
2796 538 3127 609 perstringit
3154 538 3211 593 in
3262 542 3437 608 Epist.
3486 556 3605 592 LXXI
3650 555 3663 593 :

288 644 318 670 ‹‹
365 623 479 677 Sed
526 640 628 676 nec
680 626 900 689 Petrus,
962 612 1164 695 inquit,
1210 643 1377 696 quem
1425 626 1673 696 primum
1722 626 2009 692 Dominus,
2066 627 2241 695 elegit
2284 630 2337 679 et
2388 644 2557 697 super
2606 645 2773 697 quem
2826 629 3083 681 fundavit
3134 627 3435 681 Ecclesiam
3480 645 3664 695 suam,

286 729 425 765 cum
489 729 683 766 secum
760 716 965 767 Paulus
1029 715 1098 768 de
1164 716 1595 769 circumcisione
1658 714 2030 785 postmodum
2096 716 2456 786 disceptaret,
2528 718 2829 771 vindicavit
2898 718 3001 770 sibi
3060 718 3273 787 aliquid
3350 718 3664 771 insolenter

286 808 390 853 aut
419 810 760 871 arroganter
811 804 1138 874 assumpsit,
1168 811 1231 857 ut
1262 804 1479 858 diceret
1514 820 1571 857 se
1620 806 1922 874 primatum
1974 811 2166 857 tenere
2202 811 2257 858 et
2298 806 2677 877 obtemperari
2707 823 2739 860 a
2784 808 3022 861 novellis
3065 811 3121 861 et
3156 807 3391 877 posteris
3421 806 3525 859 sibi
3558 823 3660 876 po-

290 890 407 943 tius
427 894 693 961 oportere
726 910 736 944 :
776 916 801 937 ν
833 893 910 946 sic
943 894 1114 947 etiam
1146 890 1505 947 Firmilianus
1528 894 1680 963 juste
1709 894 1997 963 indignari
2025 911 2083 947 se
2114 894 2400 966 25-26
2424 895 2628 949 dicitin
2656 896 3004 966 Stephanum
3024 897 3173 965 (pag.
3207 896 3349 964 146),
3380 896 3535 965 quod
3564 895 3662 965 qui

290 1000 319 1025 ιι
352 980 433 1032 sic
462 981 535 1033 de
572 981 925 1051 episcopatus
948 984 1032 1035 sui
1064 984 1185 1035 loco
1220 983 1516 1053 gloriatur,
1550 986 1608 1037 et
1636 1000 1694 1035 se
1718 982 2136 1036 successionem
2170 986 2315 1037 Petri
2343 991 2535 1037 tenere
2554 984 2867 1051 contendit,
2901 1001 3069 1054 super
3090 1001 3256 1054 quem
3288 984 3661 1038 fundamenta

290 1070 561 1124 Ecclesia:
591 1071 857 1125 collocata
894 1075 1042 1139 sunt,
1091 1073 1303 1125 multas
1329 1073 1467 1126 alias
1505 1076 1691 1142 petras
1724 1072 1954 1138 indicat,
2005 1076 2062 1124 et
2101 1073 2473 1127 Ecclesiarum
2522 1075 2837 1126 multarum
2882 1091 3020 1127 nova
3066 1073 3301 1126 aedilicia
3338 1074 3661 1140 constituat,

282 1161 426 1213 dum
459 1178 581 1214 esse
610 1161 722 1213 illic
758 1162 1040 1232 Baptisma
1072 1179 1174 1215 sua
1203 1162 1540 1216 auctoritate
1572 1162 1841 1215 defendit.
1880 1183 1905 1209 ››
1954 1164 2021 1215 Et
2068 1163 2235 1232 paulo
2270 1166 2393 1232 post
2434 1180 2446 1215 :
2498 1184 2523 1211 ‹‹
2569 1163 2911 1232 Stephanus,
2956 1163 3053 1233 qui
3090 1179 3192 1232 per
3240 1162 3663 1215 successionem

283 1250 625 1303 cathedram
656 1251 800 1305 Petri
832 1251 1044 1304 habere
1076 1268 1132 1305 se
1157 1252 1445 1322 praedicat,
1477 1252 1634 1305 nullo
1663 1251 1924 1304 adversus
1951 1252 2248 1305 haereticos
2279 1253 2396 1305 zelo
2426 1253 2723 1307 excitatur.
2762 1274 2787 1300 ››
2824 1254 3090 1323 Agnoscit
3134 1268 3269 1322 ergo
3304 1252 3663 1304 Firmilianus

284 1341 345 1392 in
398 1340 698 1409 Stephano
748 1340 1008 1394 altiorem
1062 1342 1367 1411 quemdam
1402 1341 1692 1411 dignitatis
1737 1341 2000 1411 gradum,
2047 1348 2103 1395 et
2145 1341 2279 1394 dum
2325 1342 2379 1394 in
2430 1358 2496 1396 eo
2550 1360 2873 1413 congruens
2916 1343 3175 1412 dignitati
3223 1341 3477 1395 studium
3530 1340 3667 1393 ﬁdei

285 1429 600 1496 desiderat,
635 1431 781 1483 Petri
828 1432 1133 1501 primatum
1164 1432 1372 1485 fatetur
1410 1431 1756 1485 successione
1784 1431 1851 1483 ad
1904 1431 2062 1484 illum
2093 1432 2435 1502 pervenisse.
2473 1433 2617 1487 Petri
2664 1434 2900 1503 ejusque
2930 1449 3317 1487 successorum
3358 1432 3665 1502 primatum

286 1536 443 1589 saepe
475 1521 614 1573 alias
659 1521 1081 1573 commendavit
1122 1521 1441 1591 Cyprianus
1476 1538 1489 1574 :
1522 1543 1547 1567 ‹‹
1600 1524 1796 1575 Petrus
1840 1524 2055 1588 tamen,
2108 1544 2133 1569 ››
2179 1521 2366 1591 mquit
2408 1538 2540 1592 pag.
2596 1526 2713 1585 t23,
2760 1545 2784 1571 ‹‹
2834 1539 3005 1592 super
3051 1538 3219 1591 quem
3269 1520 3543 1574 aediﬁcata
3596 1518 3664 1572 ab

285 1608 495 1661 eodem
529 1609 772 1662 Domino
813 1610 999 1663 fuerat
1047 1610 1311 1675 Ecclesia,
1355 1627 1501 1663 unus
1538 1626 1640 1680 pro
1674 1609 1941 1662 omnibus
1974 1610 2207 1679 loquens
2246 1616 2302 1663 et
2334 1611 2592 1664 Ecclesiae
2624 1627 2760 1683 voce
2790 1610 3142 1681 respondens
3176 1609 3252 1662 ait
3282 1627 3298 1677 ;
3331 1612 3547 1663 Domine
3590 1608 3665 1662 ad

282 1716 445 1767 quem
474 1701 670 1753 ibimus
692 1703 719 1753 ?
747 1723 773 1747 ››
809 1700 933 1753 Vid.
968 1717 1101 1771 pag.
1140 1702 1259 1753 l28.
1291 1701 1406 1753 Una
1438 1700 1677 1753 Ecclesia
1705 1718 1736 1752 a
1770 1700 2008 1754 Domino
2037 1717 2206 1770 super
2236 1703 2464 1754 Petrum
2496 1702 2715 1771 origine
2747 1702 2980 1755 unitatis
3007 1707 3063 1754 et
3092 1701 3310 1753 ratione
3340 1698 3595 1766 fundata,
3634 1719 3660 1745 ››

282 1807 345 1858 p.
400 1792 523 1843 £25.
564 1810 590 1839 ι)
626 1791 763 1844 Nam
808 1793 972 1846 Petro
1027 1808 1199 1861 super
1250 1808 1421 1862 quem
1456 1792 1753 1845 aedificavit
1784 1791 2083 1845 Ecclesiam
2128 1794 2183 1844 et
2222 1790 2373 1844 unde
2415 1791 2652 1844 unitatis
2680 1790 2960 1860 originem
3007 1790 3251 1843 instituit
3303 1795 3359 1842 et
3389 1788 3660 1852 ostendit,

284 1882 638 1947 potestatem
682 1880 851 1933 istam
898 1880 1059 1934 dedit
1107 1886 1169 1934 ut
1212 1880 1264 1934 id
1303 1882 1618 1934 solveretur
1663 1882 1719 1935 in
1763 1882 1915 1935 ccelis
1958 1882 2107 1952 quod
2149 1881 2240 1933 ille
2290 1881 2538 1935 solvisset
2578 1882 2635 1934 in
2676 1881 2859 1935 terris.
2896 1884 2958 1936 Et
3013 1884 3136 1951 post
3190 1878 3663 1932 resurrectionem

283 1984 522 2037 quoque
546 1968 618 2021 ad
643 1970 928 2038 apostolos
957 1970 1228 2040 loquitur,
1264 1969 1456 2023 dicens
1488 1987 1499 2023 :
1528 1973 1679 2026 Sicut
1706 1974 1849 2025 misit
1880 1988 1961 2024 me
1986 1974 2164 2031 Pater,
2199 1976 2247 2023 et
2275 1986 2367 2037 ego
2397 1973 2547 2024 mitto
2575 1987 2687 2024 vos.
2723 1994 2748 2018 ››
2787 1977 2893 2024 etc.
2936 1970 3128 2040 (Epist.
3165 1984 3345 2027 Lxxni,
3377 1981 3504 2036 pag.
3544 1968 3663 2028 l3l,

283 2056 399 2111 vid.
433 2074 567 2127 pag.
606 2060 703 2112 148
744 2062 801 2111 et
833 2062 978 2125 250).
1016 2059 1121 2113 Sed
1164 2059 1443 2129 praecipue
1473 2060 1923 2113 considerandus
1970 2059 2131 2112 nobis
2173 2064 2255 2111 est
2285 2059 2524 2127 insignis
2565 2059 2719 2112 locus
2746 2076 2813 2113 ex
2859 2059 3001 2112 libro
3046 2059 3109 2112 de
3164 2059 3381 2112 Uuitate
3418 2056 3666 2109 Ecclesia;

284 2166 422 2220 pag.
480 2156 618 2205 195:
673 2171 698 2197 (ι
752 2151 1025 2221 Loquitur
1073 2152 1346 2205 Dominus
1388 2152 1456 2205 ad
1504 2154 1733 2206 Petrum
1790 2156 1943 2220 :Ego
2001 2154 2100 2205 tibi
2141 2153 2258 2205 dico
2306 2152 2510 2221 inquit,
2552 2156 2683 2221 quia
2740 2159 2796 2205 tu
2834 2168 2885 2206 es
2938 2155 3147 2211 Petrus,
3203 2156 3253 2203 et
3301 2164 3460 2218 super
3522 2149 3663 2209 hanc

282 2250 503 2313 petram
533 2246 806 2314 aediﬁcabo
833 2247 1124 2299 Ecclesium
1154 2260 1341 2310 meam,
1383 2251 1434 2299 et
1455 2251 1625 2314 portae
1654 2248 1957 2311 inferorum
1984 2262 2090 2298 non
2117 2249 2329 2299 vincent
2359 2261 2510 2307 eam;
2544 2251 2591 2298 et
2624 2246 2721 2297 tibi
2747 2246 2885 2299 dabo
2910 2246 3084 2298 claves
3111 2245 3265 2311 regni
3290 2242 3540 2295 ctrlorum
3566 2255 3578 2305 ;
3612 2245 3661 2292 et

285 2354 412 2406 qua?
442 2338 697 2403 ligaveris
733 2353 894 2406 super
936 2342 1155 2400 terram,
1183 2344 1341 2391 erunt
1371 2339 1543 2405 ligata
1584 2345 1635 2391 et
1674 2340 1734 2390 in
1772 2339 1932 2405 caelis,
1962 2345 2011 2391 et
2042 2354 2368 2407 quaecunque
2404 2340 2623 2392 solveris
2663 2354 2822 2407 super
2858 2345 3075 2399 terram,
3107 2342 3263 2390 erunt
3310 2336 3487 2388 soluta
3518 2337 3567 2386 et
3604 2333 3664 2385 in

284 2434 452 2485 caelis.
487 2433 555 2485 Et
594 2432 801 2485 iterum
844 2431 1033 2485 eidem
1075 2438 1197 2501 post
1246 2431 1721 2485 resurrectionem
1760 2447 1922 2484 suam
1969 2431 2146 2485 dicit:
2184 2432 2347 2485 Pasce
2391 2447 2509 2485 oves
2556 2446 2743 2484 meas:
2786 2447 2955 2500 super
3002 2430 3163 2482 illum
3209 2443 3389 2481 unum
3424 2424 3665 2481 aediﬁcat

287 2522 603 2575 Ecclesiam
652 2538 833 2589 suam,
886 2528 941 2576 et
992 2522 1069 2575 illi
1110 2522 1420 2591 pascendas
1481 2522 1716 2575 mandat
1763 2538 1891 2574 oves
1948 2538 2079 2574 suas
2132 2524 2388 2591 quamvis
2438 2524 2721 2594 Apostolis
2776 2528 2903 2593 post
2963 2522 3434 2577 resurrectionem
3496 2535 3662 2573 suam

284 2632 487 2685 parem
515 2619 857 2684 potestatem
881 2616 1091 2668 tribuat
1115 2622 1170 2668 et
1199 2616 1347 2668 dicat
1377 2631 1389 2667 :
1417 2614 1565 2668 Sicut
1594 2617 1738 2668 misit
1780 2630 1861 2667 me
1890 2616 2081 2679 Pater,
2129 2618 2179 2666 et
2216 2629 2307 2681 ego
2354 2618 2506 2670 mitto
2544 2632 2671 2679 eos;
2711 2619 2943 2685 accepite
2994 2616 3263 2684 Spiritum
3291 2618 3571 2674 sanctum;
3611 2612 3660 2663 si

283 2709 445 2775 cujus
475 2710 787 2761 remiseritis
811 2713 1045 2776 peccata,
1078 2710 1420 2761 remittemur
1454 2708 1575 2771 illi;
1610 2710 1658 2759 si
1684 2707 1837 2774 cujus
1865 2709 2164 2767 tenueritis,
2206 2709 2566 2771 tenebuntur;
2608 2712 2819 2774 tamen,
2851 2712 2907 2759 ut
2941 2706 3217 2759 unitatem
3266 2702 3663 2757 manifestaret

287 2802 529 2854 unitatis
580 2800 835 2869 ejusdem
879 2801 1161 2868 originem
1204 2801 1274 2854 ab
1304 2818 1419 2855 uno
1464 2800 1832 2869 incipientem
1872 2816 1974 2852 sua
2016 2798 2351 2852 auctoritate
2402 2799 2694 2868 disposuit.
2751 2800 2864 2851 Hoc
2906 2803 3068 2850 erant
3114 2797 3311 2867 utique
3361 2799 3417 2849 et
3468 2792 3664 2847 caeteri

288 2892 535 2962 apostoli
562 2892 710 2963 quod
743 2892 848 2946 fuit
876 2894 1089 2958 Petrus,
1122 2892 1243 2963 pari
1276 2892 1553 2946 consortio
1584 2891 1805 2962 praediti
1830 2896 1887 2945 et
1923 2891 2153 2945 honoris
2184 2897 2241 2945 et
2272 2893 2601 2961 potestatis;
2632 2890 2729 2945 sed
2770 2890 3067 2945 exordium
3100 2889 3170 2943 ab
3220 2889 3436 2942 unitate
3482 2884 3662 2957 profi-

288 2983 522 3037 ciscitur
550 2988 609 3036 ut
634 2983 878 3037 Ecclesia
905 2984 1110 3038 Christi
1140 3001 1256 3038 una
1285 2988 1661 3038 monstretur.
1694 3008 1721 3035 ››

360 3110 473 3162 Hoc
502 3108 891 3163 testimonium
925 3110 995 3163 ita
1042 3110 1254 3180 protuli
1286 3114 1347 3165 ut
1380 3111 1621 3164 habetur
1653 3111 1711 3164 in
1754 3111 1859 3164 hac
1894 3110 2101 3164 Baluzii
2144 3110 2411 3176 editione,
2445 3108 2542 3161 sed
2576 3107 2837 3177 Cypriani
2890 3105 3054 3159 verba
3098 3103 3266 3161 aliter
3296 3103 3567 3173 leguntur
3604 3102 3661 3153 in

288 3198 617 3253 editonibus
646 3199 866 3252 Vanutii
897 3215 959 3252 ac
988 3200 1234 3268 Pamelii,
1264 3200 1322 3254 in
1348 3201 1552 3271 quibus
1581 3201 1701 3254 haec
1724 3201 1917 3262 verba,
1948 3222 1973 3248 ‹‹
2010 3206 2072 3253 ιιι
2103 3200 2377 3253 unitatem
2417 3198 2821 3262 manifestaret,
2855 3216 2880 3242 η
2918 3194 3166 3261 additur,
3200 3214 3227 3240 ‹‹
3257 3209 3433 3246 unam
3474 3191 3667 3245 cathe-

289 3288 453 3340 dram
486 3288 777 3341 constituit
807 3306 819 3340 :
852 3310 878 3335 n
910 3288 986 3342 sic
1020 3289 1193 3343 etiam
1226 3294 1349 3360 post
1382 3290 1503 3343 hazc
1533 3290 1722 3355 verba,
1756 3314 1782 3339 α
1816 3290 2106 3344 exordium
2134 3290 2203 3342 ab
2237 3288 2449 3341 unitate
2494 3286 2891 3357 proficiscitur:
2920 3285 3133 3338 habent
3180 3282 3462 3338 editiones
3505 3281 3615 3333 illa:
3646 3297 3658 3334 :

292 3400 315 3423 ‹‹
351 3379 418 3430 Et
445 3377 729 3446 primatus
757 3379 921 3430 Petro
954 3377 1140 3442 datur,
1175 3384 1235 3431 ut
1269 3395 1376 3431 una
1396 3379 1598 3434 Christi
1628 3379 1873 3431 Ecclesia
1907 3382 1963 3431 et
1994 3378 2261 3432 cathedra
2292 3394 2405 3429 una
2435 3379 2801 3429 monstretur.
2827 3376 2890 3429 Et
2919 3378 3169 3444 pastores
3210 3374 3343 3425 sunt
3373 3386 3576 3424 omnes
3608 3372 3665 3423 et

289 3483 433 3535 grex
462 3482 613 3518 unus
636 3466 958 3519 ostenditur
987 3467 1080 3537 qui
1111 3466 1179 3520 ab
1211 3469 1478 3537 apostolis
1507 3468 1771 3521 omnibus
1801 3468 2055 3521 unanimi
2083 3467 2455 3521 consensione
2485 3470 2767 3536 pascatur,
2795 3471 2857 3518 ut
2878 3464 3118 3519 Ecclesia
3140 3461 3344 3518 Christi
3369 3476 3481 3513 una
3505 3476 3665 3513 mon-

287 3562 573 3609 stretur...
608 3572 620 3608 :
663 3555 758 3625 qui
792 3556 1123 3609 cathedram
1166 3556 1332 3621 Petri,
1377 3574 1545 3626 super
1573 3574 1744 3627 quem
1772 3557 2002 3611 fundata
2044 3562 2125 3610 est
2174 3556 2431 3621 Ecclesai,
2464 3555 2690 3619 deserit,
2739 3554 2795 3607 in
2847 3554 3087 3607 Ecclesia
3125 3569 3183 3605 se
3228 3568 3346 3605 esse
3390 3548 3661 3604 conﬁditl

289 3647 420 3698 llaec
454 3645 510 3696 in
540 3648 863 3697 contextum
894 3644 1183 3713 irrepsisse
1218 3646 1467 3699 Baluzius
1494 3646 1857 3711 existimavit,
1906 3646 2065 3715 cujus
2103 3645 2172 3698 de
2204 3646 2484 3699 sententia
2514 3662 2577 3697 ac
2616 3642 2931 3697 rationibus
2972 3641 3326 3695 eruditorum
3367 3639 3474 3693 erit
3509 3638 3660 3708 judi-

288 3735 476 3799 cium;
520 3733 614 3785 sed
660 3732 1019 3785 observatum
1060 3733 1245 3799 velim,
1290 3734 1332 3787 si
1370 3750 1435 3787 ca
1476 3736 1831 3788 retineantur
1875 3752 2001 3805 quae
2033 3734 2367 3789 Oxoniensis
2408 3735 2593 3789 editor
2646 3737 2703 3785 et
2770 3732 3024 3785 Baluzius
3075 3731 3474 3801 expunxerunt
3520 3727 3667 3780 nihil

289 3824 604 3875 atl‘uturum
637 3821 791 3891 quod
840 3839 953 3875 non
985 3838 1115 3874 cum
1145 3824 1407 3892 Cypriani
1437 3824 1687 3876 doctrina
1718 3826 1931 3895 optime
1981 3824 2255 3895 quadret;
2291 3842 2385 3877 seu
2439 3830 2626 3876 autem
2668 3821 3007 3887 recidantur,
3047 3819 3295 3889 reliquas
3354 3815 3665 3870 testimonii

288 3913 465 3981 hujus
498 3914 683 3981 partes
712 3910 842 3963 satis
876 3928 976 3980 per
1006 3928 1061 3963 se
1096 3911 1387 3965 habituras
1418 3913 1690 3965 momenti
1719 3914 1783 3965 ad
1818 3914 2126 3983 primatum
2162 3913 2425 3965 Ecclesiae
2464 3914 2753 3965 Romanm.
2798 3912 3012 3979 Hospes
3057 3924 3187 3960 sane
3235 3911 3289 3959 et
3326 3904 3667 3976 peregrinus

289 4002 366 4053 sit
400 4000 457 4052 in
504 3999 766 4069 Cypriani
812 3999 1091 4066 doctrina,
1133 4000 1178 4052 si
1227 4001 1351 4069 quis
1406 4002 1642 4054 miretur
1682 4003 1843 4054 Petro
1905 4002 2216 4071 primatum
2253 4001 2321 4053 ah
2367 4017 2433 4054 eo
2484 4000 2721 4054 attribut
2769 4014 2832 4052 ac
2879 4014 3046 4051 unam
3096 4012 3330 4066 gregem
3378 4011 3439 4047 ac
3484 4008 3662 4046 unam

288 4089 637 4142 catholicam
668 4089 861 4153 astrui,
907 4105 1035 4141 cum
1068 4092 1148 4141 tot
1193 4089 1331 4143 locis
1374 4090 1983 4160 eumdem'primatum
2021 4089 2314 4154 defendat,
2347 4105 2411 4143 ac
2443 4106 2617 4143 unum
2661 4104 2919 4158 gregem,
2959 4103 3140 4139 unum
3170 4085 3553 4154 episcopatum
3585 4084 3662 4147 et,

289 4180 639 4232 nominatim
670 4179 725 4232 in
755 4180 927 4249 Epist.
958 4197 1044 4246 xv,
1078 4197 1250 4233 unam
1287 4181 1612 4234 cathedram
1645 4182 2027 4234 commendet.
2070 4182 2184 4234 Non
2230 4180 2413 4249 magis
2456 4178 2784 4231 mirandum
2828 4176 2978 4247 quod
3008 4177 3062 4228 in
3096 4174 3344 4228 Ecclesia
3384 4189 3498 4226 non
3541 4187 3662 4225 esse

290 4269 629 4337 pronuntiet
656 4270 900 4322 nefarios
934 4270 1055 4323 illos
1095 4270 1500 4338 schismaticos,
1543 4272 1639 4341 qui
1672 4272 1776 4323 hoc
1808 4287 1915 4322 uno
1949 4270 2280 4340 episcopatu
2327 4270 2668 4331 conculcato,
2712 4268 2817 4321 hac
2861 4284 2973 4320 una
3010 4265 3307 4329 cathedra,
3342 4280 3469 4334 quae
3493 4278 3665 4332 super

288 4361 523 4413 Petrum
571 4358 805 4411 fundata
854 4366 959 4419 est,
1002 4360 1245 4426 deserta,
1295 4360 1613 4414 humanam
1671 4377 1897 4429 prorsus
1947 4360 2241 4413 ecclesiam
2307 4358 2600 4412 instituere
2658 4356 2968 4410 tentabant.
3029 4356 3145 4407 Non
3192 4355 3316 4406 erat
3370 4368 3508 4422 ergo
3566 4366 3667 4402 cur

284 4447 557 4519 Cypriani
592 4447 979 4501 testimonium
1008 4449 1078 4502 ab
1111 4449 1195 4503 his
1222 4449 1404 4503 verbis
1443 4450 1624 4503 editor
1662 4449 2018 4514 Oxoniensis,
2051 4448 2201 4501 velut
2228 4466 2256 4500 a
2287 4446 2558 4517 quodam,
2595 4448 2656 4498 ut
2686 4446 2804 4515 ipse
2833 4444 3101 4515 appellat,
3135 4458 3354 4497 veneno
3388 4456 3662 4512 purgasse

286 4539 398 4591 sibi
432 4536 738 4590 videretur.
770 4537 1108 4604 Quinetiam,
1140 4556 1268 4610 quae
1298 4540 1368 4594 ab
1398 4538 1492 4593 illo
1525 4540 1744 4593 editore
1778 4540 1835 4591 in
1882 4539 1985 4591 hoc
2031 4537 2355 4591 testimonio
2388 4542 2441 4589 et
2471 4536 2541 4588 ab
2569 4535 2834 4589 omnibus
2881 4533 3279 4598 admittuntur,
3314 4531 3444 4585 satis
3475 4546 3574 4600 per
3605 4546 3663 4581 se

288 4628 480 4680 valent
522 4627 591 4679 ad
637 4626 946 4696 primatum
999 4628 1527 4684 demonstrandum.
1580 4630 1719 4683 Illud
1770 4632 1829 4681 2°
1873 4627 2211 4697 perspicitur
2258 4627 2312 4680 in
2353 4627 2457 4679 hoc
2497 4624 2763 4695 Cypriani
2816 4626 2932 4677 loco
2987 4629 3044 4677 et
3093 4622 3150 4675 in
3208 4620 3461 4691 pluribus
3515 4617 3662 4680 aliis,

288 4716 646 4787 principium
677 4716 904 4769 unitatis
934 4716 1051 4770 sine
1087 4718 1333 4787 primatu
1377 4735 1497 4772 esse
1527 4735 1641 4772 non
1680 4734 1855 4787 posse.
1885 4716 2018 4779 Quis
2065 4715 2219 4769 enim
2266 4717 2318 4770 ei
2367 4716 2673 4786 primatum
2705 4715 2969 4784 deneget,
3022 4730 3055 4766 a
3096 4727 3207 4782 quo
3240 4708 3440 4779 incipit
3474 4705 3664 4759 unitas

287 4810 343 4859 et
396 4822 501 4876 per
536 4820 707 4875 quem
756 4805 986 4859 ecclesia
1043 4823 1153 4859 una
1205 4808 1601 4861 monstratur?
1657 4811 1717 4860 2°
1764 4806 2263 4870 Quemadmodum
2324 4810 2444 4875 post
2496 4805 2722 4857 Petrum
2775 4819 2890 4855 non
2960 4800 3125 4854 desiit
3182 4799 3385 4863 unitas,
3442 4796 3520 4849 ita
3560 4812 3664 4849 nec

287 4894 574 4966 primatus
624 4899 679 4946 et
714 4893 1053 4964 principium
1081 4896 1331 4961 unitatis,
1362 4895 1513 4966 quod
1553 4896 1807 4950 Christus
1850 4896 2185 4948 auctoritate
2234 4910 2331 4947 sua
2382 4892 2671 4963 disposuit,
2718 4890 2869 4961 quod
2911 4907 2977 4943 eo
3030 4886 3264 4942 consilio
3316 4884 3556 4951 institui,
3605 4890 3667 4939 ut

286 4983 545 5037 Ecclesia
596 4999 705 5036 una
757 4987 1122 5038 monstretur.
1182 4985 1419 5039 Necesse
1477 4989 1561 5039 est
1616 4986 1790 5055 igitur
1844 4990 1902 5039 ut
1959 4984 2261 5047 unitatem,
2322 4985 2397 5036 ita
2443 4980 2787 5052 principium
2846 4986 2902 5032 et
2945 4978 3235 5031 vinculum
3299 4974 3548 5043 unitatis,
3603 4974 3661 5027 in

286 5072 547 5127 Ecclesia
578 5078 981 5141 perseveraret,
1026 5075 1177 5127 unde
1208 5074 1519 5128 existimari
1558 5079 1744 5145 potest
1774 5074 1969 5146 quanti
1998 5074 2195 5128 fecerit
2225 5071 2528 5127 Ecclesiam
2571 5073 2885 5125 Romanam
2926 5068 3265 5139 Cyprianus,
3303 5080 3474 5135 quam
3509 5068 3663 5118 arcte

286 5162 524 5216 afﬂixus
553 5162 723 5215 fuerit
753 5163 1029 5235 principio
1069 5164 1319 5229 unitatis,
1348 5166 1444 5236 qui
1473 5170 1630 5219 tanto
1677 5166 1908 5219 unitatis
1937 5179 2132 5218 amore
2160 5179 2425 5215 accensus
2450 5164 2589 5214 erat.
2625 5160 2761 5213 Hinc
2788 5158 2936 5212 illius
2966 5155 3291 5227 indignitati
3327 5156 3481 5225 [pag.
3513 5154 3661 5223 860],

286 5252 449 5324 quod
492 5250 835 5305 schismatici
879 5253 996 5306 ausi
1071 5254 1322 5308 fuissent
1349 5275 1375 5303 «
1422 5255 1493 5309 ad
1546 5255 1693 5309 Petri
1748 5254 2074 5307 cathedram
2128 5259 2298 5322 atque
2344 5251 2412 5304 ad
2468 5250 2769 5304 Ecclesiam
2822 5248 3211 5319 principalem,
3266 5244 3419 5298 unde
3478 5243 3666 5297 unitas

283 5339 661 5394 sacerdotalis
703 5344 900 5395 exorta
946 5348 1049 5405 est,
1092 5344 1381 5413 navigare.
1426 5365 1453 5393 ››
1494 5343 1766 5397 Dictitant
1811 5342 2120 5397 adversarii
2151 5341 2327 5394 nostri
2364 5340 2670 5410 primatum
2722 5338 2977 5392 Ecclesiae
3026 5338 3295 5391 Romana:
3344 5332 3572 5387 defendi
3626 5350 3658 5386 a

281 5429 592 5500 Cypriano,
624 5446 735 5481 non
765 5430 913 5500 quod
936 5430 1079 5499 juris
1113 5432 1429 5503 quidquam
1457 5433 1512 5486 in
1541 5432 1675 5485 alias
1708 5433 1982 5486 Ecclesi-is
2014 5432 2273 5497 haberet,
2307 5430 2405 5484 sed
2432 5429 2567 5500 quia
2604 5428 2762 5482 sedes
2793 5430 2912 5482 erat
2943 5429 2998 5480 et
3028 5426 3378 5480 domicilium
3410 5423 3659 5495 Imperii.

282 5518 397 5572 Sed
432 5517 575 5571 nihil
605 5517 899 5572 absurdius
933 5520 1036 5574 hoc
1066 5525 1409 5588 commento,
1444 5538 1549 5575 nec
1577 5522 1710 5592 quia
1733 5538 1903 5591 quam
1934 5520 2037 5574 sibi
2069 5519 2818 5591 persuadebitCyprianum,
2849 5517 3010 5586 cujus
3038 5516 3093 5569 in
3141 5512 3404 5569 omnibus
3444 5514 3665 5584 scriptis

283 5612 341 5659 et
377 5607 541 5660 factis
571 5608 745 5677 spirat
768 5608 997 5662 unitatis
1024 5626 1204 5678 amor,
1236 5615 1333 5663 aut
1365 5610 1677 5681 primatum
1706 5610 1783 5663 illi
1812 5610 2072 5663 Ecclesiae
2105 5611 2440 5679 denegasse,
2488 5625 2555 5661 ex
2582 5624 2696 5678 qua
2726 5606 3135 5660 sacerdotalem
3170 5604 3449 5657 unitatem
3481 5608 3661 5656 ortam

280 5696 602 5761 fatebatur,
635 5702 732 5749 aut
760 5700 991 5767 propter
1022 5698 1172 5752 urbis
1201 5699 1523 5768 potentiam
1552 5703 1605 5752 et
1634 5699 2092 5770 magnitudinem
2122 5698 2412 5763 detulisse,
2445 5715 2558 5751 non
2589 5702 2819 5767 propter
2851 5695 3083 5748 unitatis
3115 5692 3483 5765 principium.
3528 5690 3666 5744 lliuc

284 5784 610 5856 primatum
664 5784 769 5839 sibi
822 5787 1067 5841 Ecclesia
1109 5779 1363 5842 Romana
1416 5794 1777 5860 repugnante
1834 5789 2088 5854 nemine,
2144 5788 2470 5841 vindicabat
2525 5804 2541 5853 ;
2600 5784 2867 5856 quamvis
2925 5784 3118 5837 Clerus
3166 5783 3470 5844 Romanus,
3525 5777 3666 5832 Sede

288 5876 555 5942 vacante,
593 5890 709 5930 non
755 5890 985 5932 omnem
1033 5876 1141 5932 sibi
1181 5877 1572 5935 auctoritatem
1610 5881 1882 5941 sumeret,
1928 5879 2023 5933 sed
2075 5878 2400 5933 difﬁciliora
2440 5890 2705 5949 quaeque,
2750 5874 2809 5928 in
2848 5872 2935 5927 his
2984 5872 3269 5944 lapsorum
3314 5884 3564 5933 causam,
3597 5866 3668 5922 ad
