4084 6208
288 293 356 347 27
1584 303 1649 357 ι).
1692 305 2056 361 PRUDENTII
2096 303 2354 359 uanam
2980 264 2984 267 ’
3585 303 3656 358 28

290 419 624 476 electionem
654 421 906 496 episcopi
935 423 1160 495 integra
1185 430 1460 496 servaret,
1491 444 1604 482 non
1631 431 1823 483 tamen
1851 428 2060 483 idcirco
2085 426 2440 482 intermissus
2465 428 2586 482 erat
2601 425 2895 497 primatus.
2929 445 2955 477 ι)
2979 427 3236 483 Salutant
3262 443 3356 481 vos
3380 426 3579 482 fratres
3602 448 3656 495 ››,

292 507 478 580 inquit
508 510 601 566 ille
644 512 829 567 clerus
874 513 1069 584 (Epist.
1113 530 1194 580 iu,
1240 514 1387 569 inter
1426 516 1830 588 Cyprianicas),
1877 537 1904 566 ‹‹
1953 516 2050 588 qui
2099 522 2232 570 sunt
2270 517 2329 570 in
2383 515 2639 583 vinculis,
2691 521 2748 570 et
2792 515 3107 586 presbyteri
3155 519 3212 570 et
3250 520 3365 570 tota
3390 516 3657 584 Ecclesia,

289 613 418 667 quae
469 602 524 653 et
571 600 694 670 ipsa
748 617 875 656 cum
933 618 1156 657 summa
1217 604 1596 660 sollicitudine
1667 606 1907 660 excubat
1954 622 2057 677 pro
2108 605 2377 660 omnibus
2435 605 2530 676 qui
2592 606 2855 660 invocant
2899 620 3109 659 nomen
3156 604 3400 660 Domini.
3460 626 3488 655 »
3524 606 3662 658 Hinc

289 687 494 742 litterae
542 690 800 760 ejusdem
846 691 1006 759 cleri,
1055 709 1184 764 quae
1244 693 1314 749 de
1366 694 1537 767 lapsis
1587 695 1855 767 agebant,
1912 697 1970 751 in
2013 701 2197 752 totum
2234 696 2436 751 orbem
2475 702 2752 750 terrarum
2804 695 2989 750 missae
3034 694 3283 762 fuerunt,
3329 701 3389 750 ut
3427 697 3664 749 testatur

289 776 622 846 Cyprianus,
648 781 751 850 Ep.
780 797 870 836 ιιι.

361 874 473 929 Sed
499 875 559 930 in
601 877 705 930 hoc
733 878 1001 948 Cypriani
1040 880 1165 936 loco
1205 882 1388 937 Fellus
1433 889 1493 938 et
1524 884 1721 940 Simon
1753 885 2068 940 Goulartius
2089 885 2446 941 contendunt
2470 900 2574 955 par
2608 883 2958 939 consortium
3003 883 3234 938 honoris
3277 885 3334 936 et
3375 880 3667 952 potestatis

290 964 440 1018 inter
497 967 781 1036 apostolos
830 985 1140 1040 eorumque
1189 989 1542 1028 successores
1595 974 1826 1045 penitus
1879 991 2135 1047 pugnare
2205 991 2335 1029 cum
2387 976 2674 1046 primatu;
2733 974 2995 1028 observat
3063 974 3248 1028 Vellus
3300 973 3360 1026 in
3414 974 3535 1025 not.
3595 970 3665 1025 ad

290 1051 591 1121 Epistolam
659 1071 742 1124 Lv,
784 1054 1072 1130 27-28
1122 1060 1286 1115 beato
1340 1061 1434 1116 illo
1483 1069 1733 1134 martyre
1769 1064 1960 1134 judice
2013 1082 2115 1135 pro
2179 1065 2495 1135 desperatis
2551 1067 2607 1118 et
2655 1063 2890 1134 perditis
2946 1063 3237 1117 habendos
3291 1077 3412 1116 esse
3462 1059 3667 1131 quibus

290 1142 482 1197 minor
510 1143 730 1199 videtur
773 1148 1076 1203 auctoritas
1125 1150 1524 1223 episcoporum
1573 1153 1632 1208 in
1675 1153 1881 1220 Africa,
1931 1170 2106 1225 quam
2163 1155 2249 1208 vel
2302 1153 2552 1208 Cornelii
2602 1153 2778 1224 ipsius
2832 1153 2885 1206 in
2943 1153 3088 1206 Petri
3142 1150 3410 1206 cathedra
3461 1151 3666 1205 Romae

292 1231 564 1287 sedentis.
592 1254 621 1283 »

362 1330 422 1385 Si
475 1347 588 1402 qua
642 1333 807 1388 fieret
853 1335 1348 1406 preejudicatarum
1395 1339 1732 1409 opinionum
1778 1340 2147 1408 intermissio,
2209 1341 2346 1396 nihil
2411 1342 2632 1396 facilius
2675 1342 2844 1407 foret,
2895 1357 3061 1412 quam
3108 1339 3373 1412 Cypriani
3437 1354 3668 1393 sensum

291 1421 497 1475 callere
525 1424 582 1476 et
613 1425 920 1494 primatum
947 1443 1074 1480 cum
1117 1428 1236 1497 pari
1263 1431 1545 1483 consortio
1573 1429 1806 1484 honoris
1833 1434 1888 1484 et
1917 1430 2208 1501 potestatis
2228 1431 2550 1485 conciliare.
2585 1431 2764 1485 Nemo
2792 1431 2974 1484 nescit
3013 1430 3364 1501 Cyprianum
3387 1427 3590 1482 Africae
3615 1433 3673 1480 et

292 1509 577 1564 Numidia:
628 1529 692 1566 ac
745 1514 1104 1569 Mauritaniae
1148 1517 1484 1586 praafuisse;
1525 1535 1721 1589 parem
1773 1523 1971 1574 tamen
2013 1525 2348 1591 potestatem
2377 1519 2621 1590 episcopi
2664 1519 2892 1573 illarum
2932 1518 3352 1589 provinciarum
3399 1517 3670 1572 aChristo

293 1607 654 1669 acceperant,
682 1602 790 1656 hoc
813 1607 978 1658 erant
1008 1605 1206 1676 utique
1243 1607 1393 1677 quod
1434 1608 1770 1679 Cyprianus,
1817 1610 1944 1680 pari
1977 1611 2260 1664 consortio
2298 1609 2520 1680 praditi
2561 1615 2616 1662 et
2665 1607 2897 1662 honoris
2933 1611 2990 1661 et
3036 1606 3330 1678 potestatis
3381 1623 3393 1672 ;
3435 1605 3537 1660 sed
3578 1605 3664 1658 his

292 1693 538 1759 praeerat
577 1691 1046 1764 Carthaginensis
1079 1695 1398 1768 episcopus.
1450 1698 1614 1762 Quod
1643 1699 1689 1753 si
1729 1699 2065 1770 Cyprianus,
2102 1699 2238 1753 dum
2289 1715 2390 1770 par
2433 1698 2782 1752 consortium
2821 1697 3055 1752 honoris
3094 1703 3150 1751 et
3187 1697 3485 1766 potestatis
3517 1696 3666 1749 inter

292 1778 586 1849 episcopos
613 1782 889 1851 agnoscit,
915 1799 1027 1837 non
1056 1784 1265 1840 idcirco
1295 1787 1546 1842 delatam
1589 1789 1694 1843 sibi
1721 1789 1853 1860 jure
1891 1789 2263 1843 ecclesiastico
2295 1788 2692 1842 auctoritatem
2736 1787 2962 1858 abjecit,
3005 1803 3106 1839 cur
3153 1787 3381 1839 Petrum
3426 1785 3664 1855 ejusque

291 1883 639 1923 successores
689 1872 1026 1927 auctoritate
1071 1875 1142 1928 ab
1200 1875 1320 1947 ipso
1370 1877 1593 1933 Christo
1643 1878 1854 1933 tradita
1900 1879 2166 1948 spoliasse
2218 1877 2521 1932 videatur?
2565 1880 2708 1933 Luce
2761 1877 2966 1931 clarior
3014 1881 3100 1930 est
3157 1875 3277 1945 ejus
3316 1874 3593 1928 sententia
3651 1891 3662 1926 :

291 1955 646 2012 demonstrat
700 1961 980 2016 unitatem
1030 1964 1171 2018 tanti
1207 1966 1382 2021 visam
1438 1984 1560 2022 esse
1607 1967 1848 2034 Christo,
1909 1972 1968 2022 ut
2018 1969 2274 2040 quamvis
2329 1969 2598 2039 apostolis
2650 1984 2850 2039 parem
2909 1968 3252 2036 potestatem
3306 1963 3668 2029 attribueret,

291 2061 472 2099 unum
520 2050 713 2102 tamen
760 2049 880 2104 aliis
924 2067 1168 2122 praaesse
1217 2056 1425 2125 vellet;
1477 2057 1670 2128 itaque
1715 2058 1822 2112 hoc
1867 2063 2029 2112 erant
2081 2059 2320 2128 apostoli
2352 2057 2503 2128 quod
2543 2057 2650 2111 fuit
2693 2059 2909 2123 Petrus,
2952 2055 3050 2109 sed
3103 2057 3334 2124 excepto
3397 2053 3666 2124 primatu.

289 2133 527 2188 Jacobus
570 2139 626 2190 et
671 2139 912 2194 Joannes
954 2157 1150 2210 parem
1181 2147 1527 2214 potestatem
1567 2153 1906 2216 acceperant
1947 2163 2010 2200 ac
2047 2148 2265 2214 Petrus,
2311 2146 2409 2201 sed
2445 2147 2697 2203 Christus
2725 2145 3004 2200 unitatem
3053 2160 3157 2198 nec
3183 2161 3215 2198 a
3242 2143 3452 2198 Jacobo
3499 2157 3604 2195 nec
3637 2157 3670 2194 a

289 2223 504 2277 Joanne
532 2224 784 2296 incipere
813 2228 989 2293 voluit
1015 2247 1032 2298 ;
1057 2231 1159 2286 soli
1193 2233 1354 2287 Petro
1375 2234 1530 2290 hunc
1555 2235 1762 2290 detulit
1787 2235 2088 2290 honorem.

367 2323 444 2375 Ex
482 2321 572 2376 his
615 2325 784 2380 etiarn
840 2327 1108 2383 illustrari
1149 2337 1340 2402 potest
1365 2333 1510 2388 alius
1551 2334 1819 2404 Cypriani
1871 2335 2025 2388 locus
2073 2335 2143 2388 ab
2189 2335 2391 2390 iisdem
2443 2335 2778 2389 adversariis
2824 2335 3170 2389 decantatus.
3238 2353 3264 2382 ‹‹
3311 2331 3670 2402 Episcopatus

293 2426 438 2462 unus
466 2418 550 2466 cst
581 2414 741 2483 cujus
773 2431 806 2469 a
861 2417 1098 2487 singulis
1141 2420 1198 2473 in
1245 2422 1491 2476 solidum
1541 2440 1670 2494 pars
1710 2431 1952 2491 tenetur,
2001 2445 2028 2474 »
2065 2425 2248 2494 inquit
2287 2424 2503 2478 ibidem
2549 2423 2863 2495 Cyprianus
2892 2425 2951 2477 in
2998 2423 3142 2476 libro
3171 2423 3236 2478 de
3295 2423 3438 2477 Unit.
3470 2421 3667 2475 Ecclcs.

291 2498 452 2569 δωρεά
481 2502 616 2556 alias
643 2503 893 2561 declarat
926 2509 1258 2579 Cyprianus,
1303 2513 1406 2567 etsi
1444 2534 1471 2562 «
1515 2514 1752 2583 singulis
1774 2513 2096 2585 pastoribus
2133 2513 2323 2584 portio
2357 2513 2546 2584 gregis
2568 2513 2849 2582 adscripta
2879 2518 2983 2579 est,
3023 2512 3127 2565 etsi
3159 2514 3414 2582 pastores
3446 2508 3606 2563 multi
3638 2532 3665 2557 ››

289 2595 440 2657 sunt,
481 2610 507 2639 ι(
537 2608 716 2663 unum
748 2598 934 2650 tamen
965 2615 1202 2670 gregem
1236 2622 1261 2650 ‹‹
1296 2619 1394 2656 eos
1437 2619 1689 2673 pascere,
1734 2625 1761 2651 «
1799 2609 1856 2657 et
1893 2619 2023 2657 oves
2058 2603 2344 2657 universas
2377 2619 2521 2673 quas
2555 2601 2809 2656 Christus
2848 2600 3123 2671 sanguine
3165 2617 3267 2654 suo
3314 2607 3370 2654 et
3409 2599 3668 2670 passione

288 2678 545 2746 quaesivit
573 2681 836 2753 colligere
860 2691 917 2739 et
945 2687 1140 2742 favere
1166 2710 1193 2737 «
1234 2691 1462 2757 debere,
1494 2714 1520 2742 »
1565 2699 1620 2746 et
1646 2692 1849 2746 idcirco
1883 2692 2174 2762 copiosum
2215 2708 2418 2762 corpus
2451 2713 2478 2740 »
2513 2707 2633 2745 esse
2667 2712 2693 2739 ‹‹
2722 2689 3080 2744 sacerdotum
3114 2689 3428 2742 concordia:
3458 2694 3670 2741 mutuas

288 2767 509 2835 glutino
555 2777 724 2840 atque
772 2775 1004 2829 unitatis
1053 2778 1272 2832 vinculo
1322 2783 1670 2851 copulatum,
1724 2787 1784 2836 ut
1831 2782 1877 2835 si
1930 2782 2056 2852 quis
2101 2799 2168 2835 ex
2221 2781 2460 2851 collegio
2501 2797 2698 2834 eorum
2757 2779 3021 2833 haeresim
3069 2779 3258 2832 facere
3316 2783 3373 2831 et
3431 2793 3670 2848 gregem

287 2857 493 2912 Christi
531 2859 782 2916 lacerare
810 2867 868 2917 et
910 2870 1132 2921 vastare
1174 2872 1499 2938 tentaverit,
1546 2871 1887 2926 subveniant
1931 2870 2142 2938 caeteri,
2194 2874 2250 2923 et
2291 2869 2450 2940 quasi
2487 2874 2742 2939 pastores
2790 2869 2950 2922 utiles
2993 2874 3050 2922 et
3100 2867 3498 2922 misericordes
3540 2883 3670 2920 oves

288 2947 609 3002 Dominicas
635 2950 693 3004 in
743 2968 980 3024 gregem
1025 2957 1297 3027 colligant
1357 2960 1470 3030 (pp.
1517 2962 1585 3014 86
1632 2965 1690 3014 et
1738 2963 1876 3030 H6).
1926 2959 2039 3014 Sed
2082 2960 2342 3030 copiosus
2390 2957 2484 3010 ille
2541 2956 2904 3011 sacerdotum
2957 2974 3228 3010 numerus
3261 2957 3317 3010 in
3371 2955 3674 3027 pascendis

285 3035 481 3090 ovibus
508 3039 840 3109 conspirans
869 3059 981 3098 non
1009 3045 1180 3100 modo
1209 3047 1349 3101 nihil
1374 3048 1622 3103 detrahit
1649 3049 1944 3119 primatui,
1974 3050 2071 3103 sed
2122 3048 2296 3103 etiam
2341 3049 2543 3102 ducem
2572 3051 2628 3103 et
2662 3051 2954 3101 auctorem
3004 3047 3322 3102 necessario
3380 3047 3628 3118 postulat
3655 3063 3667 3100 :

289 3125 502 3196 alioqui
532 3144 755 3183 summa
781 3135 930 3186 esset
961 3134 1153 3189 futura
1185 3137 1443 3191 omnium
1476 3154 1668 3192 rerum
1700 3138 2073 3208 perturbatio.
2113 3139 2329 3192 Debent
2355 3137 2605 3208 episcopi
2644 3154 2744 3208 pro
2775 3154 2878 3191 suo
2927 3137 3154 3190 unitatis
3190 3137 3375 3190 studio
3405 3137 3463 3189 in
3499 3136 3671 3190 rebus

290 3216 528 3286 majoris
557 3220 838 3273 momenti
876 3226 1104 3277 mutuas
1150 3223 1255 3277 sibi
1300 3241 1502 3295 operas
1551 3227 1791 3281 tradere.
1841 3227 2052 3282 debent
2081 3227 2138 3281 in
2183 3226 2525 3280 damnandis
2567 3226 2879 3280 hteresibus
2917 3226 3314 3281 auctoritatem
3349 3229 3405 3280 et
3437 3225 3670 3280 consilia

289 3307 614 3360 consociare
656 3325 668 3361 :
713 3310 810 3362 sed
841 3311 969 3380 quis
1008 3319 1179 3384 neget
1221 3314 1277 3368 in
1309 3316 1588 3385 ejusmodi
1629 3316 1799 3370 rebus
1829 3317 2145 3387 praecipuas
2177 3315 2326 3370 illius
2362 3323 2548 3386 partes
2593 3331 2713 3370 esse
2747 3314 2955 3369 debere
2996 3331 3028 3368 a
3058 3331 3170 3386 quo
3219 3336 3248 3363 «
3296 3315 3669 3386 incipientem

290 3393 521 3448 unitatis
548 3395 832 3467 originem
859 3419 886 3448 »
916 3400 1170 3455 Christus
1201 3422 1226 3452 α
1255 3420 1357 3458 sua
1381 3405 1716 3460 auctoritate
1745 3406 2039 3477 disposuit.
2073 3428 2100 3456 ))

417 3577 486 3589 --
526 3565 592 3604 DE
635 3566 983 3608 DISSENSIONE
1028 3570 1076 3610 S.
1121 3572 1372 3614 CYPRIANI
1415 3575 1522 3613 CUM
1573 3573 1621 3613 S.
1673 3573 1975 3614 STEPHANO.
2027 3589 2091 3598 ~-
2131 3575 2349 3614 NULLUM
2396 3575 2653 3614 BAPTISMA
2703 3573 2987 3614 PROBATUM
3035 3573 3331 3620 STEPHANO,
3380 3573 3487 3614 NlSl
3529 3574 3670 3620 QUOD

1277 3663 1342 3702 EX
1372 3663 1704 3703 PRESCRIPTA
1740 3665 1770 3704 Α
1803 3663 2030 3704 CBRISTO
2072 3663 2246 3703 FORMA
2292 3664 2471 3704 DATUM
2493 3663 2673 3704 ESSET.

361 3789 501 3843 Cum
533 3788 589 3843 S.
618 3790 932 3862 Cyprianus
962 3792 1018 3847 in
1060 3793 1265 3850 litteris
1305 3813 1433 3867 quae
1477 3797 1547 3851 de
1595 3795 1879 3868 Baptismo
1925 3795 2328 3852 haereticorum
2361 3794 2585 3865 scripta;
2639 3796 2792 3861 sunt,
2830 3793 3007 3848 multa
3053 3792 3124 3846 de
3175 3791 3511 3846 adversariis
3555 3790 3670 3845 suis

290 3875 458 3947 dicat,
493 3884 595 3934 aut
623 3880 693 3934 ab
721 3881 801 3936 eis
829 3881 982 3937 dicta
1032 3884 1260 3953 referat,
1294 3903 1407 3940 non
1451 3887 1611 3958 parvi
1657 3887 1895 3941 interest
1935 3887 2007 3941 ad
2051 3887 2172 3957 ejus
2203 3883 2541 3939 illustranda
2588 3881 2918 3937 testimonia
2971 3881 3110 3953 quid
3152 3881 3204 3935 S.
3249 3880 3573 3950 Stephanus
3614 3885 3671 3934 et

285 3967 382 4024 alii
418 3969 681 4040 Cypriani
724 3971 1033 4026 adversarii
1058 3974 1360 4042 senserint,
1411 3991 1715 4046 exponere.
1752 3976 2104 4040 Stephanum
2146 3974 2351 4030 erroris
2399 3975 2740 4028 accusarunt
2784 3972 2958 4027 etiam
2989 3988 3020 4025 e
3071 3969 3372 4026 Catholicis
3436 3969 3667 4040 plurimi

290 4075 534 4130 eumque
563 4059 826 4114 omnium
865 4061 1266 4117 hareticorum
1319 4063 1602 4135 baptisma
1638 4065 2044 4136 comprobasse
2078 4065 2288 4130 volunt,
2331 4063 2502 4117 etiam
2536 4078 2732 4116 eorum
2777 4061 2875 4133 qui
2921 4061 3166 4114 formam
3205 4077 3238 4113 a
3271 4058 3489 4115 Christo
3521 4076 3666 4129 pra:-

290 4149 555 4218 scriptam
584 4164 698 4202 non
726 4149 1048 4206 servabant.
1077 4152 1219 4215 Quin
1250 4152 1422 4207 etiam
1455 4153 1741 4208 Lannoius
1783 4154 2126 4225 Cyprianum
2156 4153 2234 4206 sic
2262 4151 2535 4218 defendit,
2568 4156 2647 4219 ut,
2692 4150 2800 4221 ipsi
2847 4149 3245 4220 antiquitatem
3290 4148 3470 4217 magis
3495 4164 3668 4218 quam

290 4237 628 4292 adversariis
659 4239 846 4294 favere
886 4241 1177 4308 exstimet,
1220 4263 1248 4290 ‹‹
1282 4259 1405 4296 rem
1448 4243 1614 4296 istam
1661 4265 1713 4310 ν,
1763 4249 1825 4296 ut
1864 4242 2032 4296 ullius
2077 4241 2261 4295 verbis
2317 4246 2460 4308 utar;
2513 4261 2539 4289 ‹‹
2583 4256 2695 4293 non
2748 4255 2867 4293 esse
2918 4238 3067 4306 ﬁdei,
3127 4237 3222 4290 sed
3278 4235 3593 4307 disciplinae
3638 4259 3664 4284 »

287 4329 664 4396 pronuntians
693 4330 853 4398 (tom.
886 4346 981 4384 Vlll
1015 4348 1065 4400 p.
1107 4334 1250 4400 656).
1286 4332 1687 4386 Demonstrare
1714 4331 1955 4386 conabor
2003 4331 2356 4402 Stephanum
2388 4329 2530 4384 nihil
2573 4328 2728 4383 aiiud
2772 4328 3047 4396 docuisse,
3095 4343 3266 4399 quam
3293 4327 3442 4397 quod
3475 4332 3668 4398 postea

292 4417 554 4471 omnium
601 4435 884 4474 consensu
935 4420 1246 4476 stabilitum
1272 4425 1377 4489 est,
1424 4428 1595 4494 atque
1639 4422 1782 4476 hanc
1811 4421 1956 4475 illius
1998 4419 2314 4474 doctrinam
2353 4436 2466 4475 non
2523 4417 2854 4489 antiquitati
2901 4416 3242 4471 contrariam
3291 4433 3434 4482 esse,
3489 4414 3587 4469 sed
3638 4432 3668 4469 e

289 4505 480 4560 media
504 4509 892 4578 apostolorum
924 4510 1229 4566 traditione
1252 4511 1586 4566 dimanasse.

363 4605 670 4662 Amisimus
703 4609 938 4680 scriptas
964 4627 997 4663 a
1021 4609 1306 4681 Stephano
1333 4627 1482 4683 papa
1509 4610 1774 4682 epistolas
1802 4608 1871 4663 de
1921 4607 2206 4679 Baptismo
2238 4606 2665 4675 htereticorum;
2702 4605 2802 4660 sed
2829 4621 2955 4676 quae
2984 4604 3302 4676 Cyprianus
3332 4622 3397 4660 ex
3428 4605 3670 4676 epistola

291 4695 362 4750 ad
417 4711 478 4750 se
531 4695 743 4768 scripta
785 4697 980 4768 refert,
1035 4715 1104 4754 ea
1153 4716 1387 4756 omnem
1438 4699 1616 4755 sancti
1668 4697 1950 4769 pontiﬁcis
2002 4695 2307 4750 accusandi
2357 4711 2555 4750 ansam
2615 4694 2949 4765 prmcidunt.
3000 4695 3088 4749 Sic
3139 4694 3290 4748 enim
3334 4693 3671 4766 loquebatur

290 4784 608 4856 Stephanus
639 4787 699 4840 in
730 4787 966 4859 epistola
992 4790 1065 4844 ad
1102 4789 1439 4859 Cyprianum
1472 4806 1485 4843 :
1520 4809 1548 4838 ‹‹
1571 4790 1625 4844 Si
1653 4789 1780 4858 quis
1806 4803 1946 4859 ergo
1983 4804 2016 4841 a
2043 4802 2386 4857 quacunque
2415 4784 2620 4838 haeresi
2652 4783 2870 4838 venerit
2914 4783 2985 4837 ad
3025 4800 3146 4850 nos,
3185 4800 3338 4840 NIHIL
3363 4798 3668 4839 INNOVETUR

290 4890 397 4929 NISI
426 4891 566 4938 QUOD
595 4892 864 4932 TRADITUI
897 4896 1006 4944 as'r,
1028 4883 1082 4932 ut
1110 4895 1308 4933 manus
1329 4878 1406 4932 illi
1433 4878 1759 4948 imponatur
1779 4877 1835 4931 in
1866 4875 2292 4947 paenitentiam;
2318 4892 2446 4928 cum
2472 4874 2579 4944 ipsi
2606 4872 2861 4928 haeretici
2889 4873 3115 4942 proprie
3143 4873 3486 4927 altereorum
3515 4872 3586 4927 ad
3610 4889 3670 4926 se

289 4965 583 5020 venientes
609 4984 722 5021 non
747 4967 1052 5038 baptizent,
1075 4968 1173 5022 sed
1193 4969 1878 5022 communicenttantum.
1904 4964 2288 5022 »Perahsurde
2318 4965 2597 5035 Rigaltius
2625 4963 2924 5033 detorquet
2955 4962 3090 5016 illud
3113 4962 3336 5032 proprie
3369 4962 3442 5016 ad
3464 4978 3558 5016 eos
3571 4961 3668 5034 qui

287 5062 518 5132 proprie
543 5062 614 5116 ob
638 5063 928 5132 propriam
949 5064 1197 5134 aliquam
1215 5079 1446 5117 causam
1475 5062 1740 5116 dicuntur
1761 5060 2272 5130 haereticimLiquet
2293 5057 2437 5110 hanc
2458 5070 2654 5108 vocem
2671 5052 2870 5107 referri
2897 5052 2966 5106 ad
2990 5068 3058 5105 ea
3080 5069 3204 5122 qua:
3226 5055 3566 5122 sequuntur,
3592 5051 3670 5105 ita

291 5157 352 5205 ut
384 5151 633 5206 haaretici
661 5152 923 5206 dicantur
948 5154 1175 5223 prOprie
1203 5171 1314 5207 non
1345 5153 1652 5224 baptizare,
1685 5153 1797 5206 sive
1828 5151 2058 5222 proprio
2089 5150 2374 5220 baptismo
2399 5161 2510 5199 non
2543 5143 2803 5198 imbuere
2829 5143 3167 5196 alterutrum
3189 5142 3258 5196 ad
3287 5158 3346 5195 se
3375 5142 3671 5195 venientes

301 5239 470 5310 quale
520 5245 607 5294 est
632 5241 771 5294 illud
798 5241 1030 5308 Horatii,
1065 5263 1091 5290 α
1120 5241 1348 5296 difﬁcile
1381 5248 1466 5295 est
1492 5241 1718 5313 proprie
1749 5240 2080 5295 communia
2107 5239 2316 5294 dicere.
2353 5258 2380 5285 ››
2413 5234 2724 5289 Verborum
2750 5237 2942 5286 autem
2972 5231 3252 5300 Stephani
3281 5230 3406 5284 dua:
3437 5237 3663 5284 tantum

288 5330 555 5384 videntur
592 5330 783 5384 afferri
814 5346 975 5401 posse
1019 5332 1340 5385 sententiae.
1376 5331 1468 5384 Vel
1501 5331 1655 5386 enim
1690 5331 1768 5384 ait
1799 5330 2098 5386 haereticos
2124 5343 2294 5382 suum
2327 5341 2621 5398 quemque
2663 5322 2951 5394 proprium
2994 5320 3206 5375 habere
3237 5320 3540 5390 baptisma,
3569 5319 3674 5374 sed

287 5426 483 5474 tamen
516 5436 582 5474 eo
612 5436 727 5474 non
758 5420 1018 5475 imbuere
1049 5421 1389 5476 alterutrum
1418 5420 1489 5475 ad
1517 5438 1575 5475 se
1605 5420 1896 5476 venientes
1927 5437 1938 5472 :
1967 5419 2054 5473 vel
2085 5418 2190 5472 hoc
2217 5415 2430 5481 statuit,
2462 5412 2753 5467 haereticos
2783 5410 3080 5482 proprium
3107 5409 3210 5463 sibi
3239 5426 3353 5465 non
3401 5423 3675 5478 arrogare

287 5509 589 5580 baptisma,
641 5526 754 5582 quo
776 5511 1067 5566 venientes
1093 5511 1163 5565 ad
1189 5528 1246 5566 se
1267 5512 1577 5582 haptizent,
1609 5528 1665 5564 se
1693 5525 2000 5564 commune
2029 5512 2087 5562 et
2118 5507 2174 5561 in
2201 5522 2304 5560 sua
2346 5511 2404 5558 et
2440 5503 2501 5556 in
2529 5503 2653 5556 aliis
2683 5501 2846 5555 sectis
2867 5500 3131 5554 revereri.
3165 5499 3352 5553 Prima
3389 5498 3673 5568 interpre-

287 5601 424 5655 tatio
455 5604 608 5656 stare
641 5617 751 5655 non
776 5603 980 5672 potest,
1011 5601 1186 5656 altera
1213 5603 1507 5672 explorata
1532 5603 1589 5655 et
1616 5599 1929 5671 perspicua.
1955 5601 2009 5651 l°
2037 5596 2407 5667 Repugnaret
2431 5591 2667 5646 omnino
2687 5590 2783 5644 illa
2812 5590 3214 5644 haereticorum
3245 5588 3302 5643 in
3334 5587 3673 5658 baptizando

293 5689 549 5758 varietas,
581 5695 638 5746 et
664 5691 720 5745 in
753 5691 1001 5746 aliorum
1027 5691 1320 5764 probando
1349 5708 1413 5745 ac
1438 5690 1738 5746 retinendo
1770 5687 2115 5758 baptismate
2137 5698 2462 5739 consensus.
2496 5681 2611 5736 Cur
2637 5680 2791 5734 enim
2821 5695 3174 5750 unaquaeque
3200 5683 3350 5732 secta
3385 5677 3674 5749 proprium

296 5779 402 5835 sibi
431 5785 488 5835 et
516 5781 584 5835 ab
612 5780 737 5835 aliis
764 5779 1181 5852 discrepantem
1215 5779 1564 5851 baptismum
1597 5778 1947 5845 instituisset,
1975 5775 2083 5831 nisi
2122 5775 2259 5846 quia
2293 5778 2350 5828 et
2399 5770 2658 5828 Ecclesia:
2698 5775 2773 5825 et“
2795 5775 3076 5824 sectarum
3117 5767 3438 5837 baptizatus
3476 5783 3678 5836 parum

294 5871 366 5926 ad
390 5870 632 5928 salutem
663 5870 903 5927 idoneus
932 5870 1260 5928 videretur?
1297 5870 1681 5937 Quamobrem
1703 5884 1915 5927 novum
1941 5865 2297 5938 baptismum
2317 5860 2748 5918 instituentibus
2801 5861 3254 5915 consentaneum
3285 5861 3404 5914 erat
3430 5855 3677 5912 aliorum
