4084 6208
352 294 427 350 29
1848 304 2219 361 PREFATIO.
3648 296 3721 352 30

349 416 629 488 baptisma
667 419 926 489 rejicere.
952 423 1014 475 2°
1046 422 1352 478 Haereticos
1380 425 1489 480 hoc
1520 425 1643 481 loco
1671 426 1997 498 Stephanus
2025 426 2305 498 Cypriane
2339 425 2411 479 ad
2443 424 2779 478 imitandum
2817 422 3105 494 proponit.
3136 418 3247 476 Etsi
3286 418 3441 475 enim
3480 421 3721 491 uterque

347 507 421 560 de
458 507 736 577 baptismo
775 511 1073 580 magniﬁce
1105 513 1408 580 sentiebat,
1445 518 1685 585 uterque
1716 522 1907 570 tamen
1941 517 2168 570 exiliter
2197 515 2407 569 sentire
2444 514 2607 567 alteri
2639 513 2956 567 videbatur.
2998 513 3075 566 De
3116 510 3385 581 Baptismi
3424 510 3718 563 sanctitate

349 602 411 649 et
442 597 739 665 majestate
772 598 996 654 detrahi
1039 602 1400 656 existimabat
1438 604 1774 674 Cyprianus,
1823 606 1868 658 si
1902 606 2066 660 datus
2096 605 2165 658 ab
2196 604 2478 658 bmreticis
2515 603 2751 668 valeret;
2788 602 3066 672 Baptismo
3100 601 3367 670 injuriam
3401 599 3723 669 Stephanus

350 684 478 739 ﬁeri
512 687 759 755 putabat,
800 690 847 742 si
887 690 975 744 vel
1016 691 1074 744 in
1108 691 1243 761 ipsis
1280 692 1560 746 haereticis
1598 693 1955 763 rejiceretur.
1987 694 2125 748 Cum
2168 710 2306 763 ergo
2350 691 2645 745 haereticos
2684 691 2753 743 ad
2792 691 3129 744 imitandum
3171 688 3458 759 proponit,
3494 702 3722 740 necesse

351 782 439 827 est
476 778 541 828 ut
576 776 636 829 in
679 778 761 831 eis
802 778 1016 849 aliquid
1064 780 1277 847 laudet,
1313 781 1467 851 quod
1512 781 1584 835 ad
1632 783 1903 852 Baptismi
1948 781 2505 837 commendationem
2540 780 2742 833 valeat.
2781 781 2852 831 At
2888 778 2933 831 si
2974 778 3220 832 haeretici
3268 776 3660 847 prmscriptam
3689 792 3721 827 a

352 863 581 918 Christo
612 865 853 920 formam
884 868 937 921 in
972 869 1316 939 baptizando
1350 871 1670 937 violassent,
1702 888 1805 924 nec
1836 876 2026 925 tamen
2060 872 2409 926 dubitassent
2438 868 2711 923 dissimile
2744 868 2983 922 aliorum
3016 866 3295 936 baptisma
3324 864 3716 935 comprobare,

350 952 477 1005 haec
505 955 712 1022 agendi
740 956 883 1009 ratio
912 957 1213 1011 hominum
1241 958 1441 1012 fuisset
1474 960 1781 1029 Baptisma,
1817 965 1878 1013 ut
1909 960 2169 1014 inutilem
2203 963 2260 1012 et
2287 959 2520 1012 exsileni
2555 958 2979 1023 caeremoniam,
3004 954 3513 1009 tloccifacientium.
3545 957 3601 1007 3°
3634 952 3718 1005 Ad

349 1040 757 1097 illustrandam
800 1046 1080 1116 Stephani
1122 1047 1462 1100 sententiam
1511 1050 1791 1102 accedunt
1836 1048 2149 1101 Firmiliani
2179 1054 2234 1101 et
2263 1047 2533 1118 Cypriani
2579 1047 2922 1100 testimonia.
2961 1044 3336 1114 «Stephanus
3381 1041 3437 1094 in
3485 1040 3717 1111 epistola

349 1146 455 1183 sua
486 1131 642 1197 dixit,
677 1133 859 1203 inquit
887 1134 1265 1201 Firmiliauus,
1300 1136 1596 1190 haereticos
1625 1153 1849 1207 quoque
1880 1138 2030 1206 ipsos
2057 1137 2114 1190 in
2149 1136 2434 1206 Baptismo
2467 1137 2785 1189 convenire.
2825 1160 2849 1183 η
2879 1134 3189 1205 Cyprianus
3222 1138 3519 1202 postquam
3551 1129 3719 1182 verba

348 1220 626 1290 Stephani
656 1222 871 1290 retulit,
904 1223 1023 1277 haec
1052 1225 1211 1279 addit
1241 1226 1297 1279 in
1325 1228 1425 1297 Ep.
1458 1242 1637 1281 Lxxw.
1670 1246 1695 1274 «
1730 1227 1795 1279 Et
1824 1241 1955 1279 cum
1987 1225 2226 1295 singulas
2256 1225 2501 1278 haereses
2536 1224 2757 1294 singula
2787 1224 3131 1294 baptismate
3163 1226 3219 1275 et
3248 1221 3467 1273 diversa
3498 1222 3719 1289 peccata

350 1307 639 1376 habeant;
688 1311 777 1364 hic
822 1328 953 1367 cum
999 1314 1256 1368 omnium
1317 1315 1598 1385 Baptismo
1652 1314 2118 1381 communicans,
2172 1314 2564 1369 universorum
2947 1313 3151 1366 delicta
3198 1312 3256 1364 in
3316 1309 3504 1362 sinum
3553 1322 3718 1359 suum

349 1404 679 1453 coacervata
726 1403 1027 1471 congessit.
1072 1424 1099 1452 ››
1148 1403 1395 1474 Opponit
1444 1404 1760 1475 Cyprianus
1815 1404 2088 1473 Stephani
2132 1403 2409 1474 principio
2458 1404 2613 1457 aliud
2660 1404 3022 1475 principium,
3067 1405 3123 1455 et
3168 1400 3419 1471 singulas
3476 1397 3718 1450 haireses

350 1486 579 1557 singula
605 1488 812 1544 habere
850 1490 1201 1562 baptismata
1237 1494 1549 1559 contendit,
1580 1494 1710 1564 quia
1747 1493 2070 1564 Stephanus
2105 1509 2279 1547 unum
2316 1496 2371 1546 et
2413 1510 2713 1547 commune
2754 1492 3034 1561 baptisma
3070 1490 3219 1561 apud
3263 1488 3560 1542 haireticos
3600 1500 3721 1538 esse

351 1578 652 1631 statuerat.
683 1579 794 1633 Nec
824 1585 1019 1634 tamen
1050 1582 1363 1652 Cyprianus
1390 1581 1600 1636 idcirco
1634 1588 1717 1635 tot
1743 1582 2086 1651 baptismata
2112 1585 2382 1635 numerat
2410 1586 2550 1653 quot
2577 1592 2707 1635 sunt
2735 1582 2993 1645 haereses,
3025 1580 3176 1649 quod
3204 1577 3442 1648 singula:
3475 1576 3719 1629 haereses

350 1664 623 1735 Baptismi
660 1669 908 1723 formam
942 1670 1373 1738 immutassent;
1408 1688 1574 1726 nemo
1613 1672 1763 1725 enim
1795 1671 1853 1724 id
1885 1670 2287 1740 suspicabitur;
2316 1672 2414 1727 sed
2454 1671 2590 1741 quia
2632 1671 2869 1741 singulae
2914 1676 3045 1723 sunt
3084 1685 3260 1722 unum
3294 1666 3471 1720 veluti
3515 1680 3716 1734 corpus

344 1750 419 1803 ab
446 1752 570 1805 aliis
598 1754 763 1806 sectis
790 1760 844 1807 et
874 1754 944 1808 ab
976 1756 1219 1810 Ecclesia
1242 1762 1588 1827 separatum.

421 1836 707 1890 Launoius
734 1843 791 1891 et
821 1844 944 1908 post
980 1854 1111 1893 eum
1141 1845 1339 1895 auctor
1369 1841 1705 1895 Bibliotheca:
1729 1840 2060 1908 Scriptorum
2099 1840 2567 1893 ecclesiasticarum
2595 1838 2871 1909 objiciunt
2900 1851 3215 1908 perpaucos
3249 1838 3386 1887 tunc
3422 1831 3715 1887 existitisse

342 1922 646 1978 hazreticos
674 1926 773 1995 qui
799 1927 859 1980 in
888 1929 1122 1983 nomine
1153 1930 1327 1984 trium
1356 1932 1735 1984 Personarum
1769 1927 2150 1998 baptizarent;
2183 1928 2559 2000 quamobrem
2600 1944 2798 1981 omnes
2826 1927 3056 1980 omnino
3094 1924 3392 1978 haereticos
3421 1922 3713 1991 Stephano

341 2013 596 2083 probari,
627 2014 683 2067 in
714 2015 802 2069 his
822 2018 1201 2087 Marcionitas,
1230 2026 1289 2075 ut
1316 2020 1368 2073 ei
1396 2020 1745 2090 exprobrant
1777 2017 2137 2072 Firmilianus
2164 2035 2228 2072 ac
2254 2018 2583 2089 Cyprianus.
2612 2017 2723 2073 Sed
2750 2022 3002 2071 veterum
3032 2014 3431 2069 haireticorum
3460 2010 3714 2064 instituta

338 2104 655 2173 Stephano,
699 2105 983 2176 Cypriano
1012 2110 1071 2161 et
1100 2109 1429 2163 Firmiliano
1469 2109 1691 2162 notiora
1731 2112 1916 2173 erant,
1959 2122 2130 2177 quam
2172 2108 2493 2161 recentibus
2531 2106 2918 2177 scriptoribus.
2951 2109 3017 2160 At
3054 2104 3201 2158 inter
3240 2101 3611 2172 Stephanum,
3652 2114 3716 2152 ac

338 2192 685 2263 Cyprianum
718 2198 773 2247 et
805 2195 1195 2252 Firmilianum
1241 2199 1559 2268 generatim
1598 2197 1882 2265 convenit,
1927 2201 1991 2250 ut
2030 2198 2205 2252 modo
2246 2198 2510 2267 vidimus,
2554 2198 2853 2251 haaretieos
2895 2196 3189 2267 proprium
3233 2193 3337 2247 sibi
3368 2191 3713 2261 baptismum

340 2297 465 2335 non
522 2282 753 2337 habere.
810 2286 957 2355 Ergo
1005 2288 1273 2357 perpauci
1318 2287 1500 2358 excipi
1543 2289 1799 2357 possunt,
1846 2285 1941 2355 qui
1993 2302 2359 2342 communem
2411 2287 2732 2358 baptizandi
2784 2286 3031 2339 formam
3084 2282 3473 2355 perverterint.
3524 2280 3713 2332 Testes

339 2370 604 2439 ejusdem
637 2374 933 2428 sententiae
971 2376 1131 2429 citari
1168 2382 1405 2447 possunt
1434 2378 1692 2431 Clemens
1733 2377 2153 2431 Alexandrinus
2190 2384 2243 2431 et
2272 2378 2681 2446 Tertullianus;
2716 2394 2959 2449 quorum
2999 2376 3212 2447 primus
3255 2373 3475 2443 (Strom.
3508 2386 3545 2435 ῐ,
3577 2386 3711 2439 pag.

338 2462 469 2527 317)
503 2460 905 2517 hereticorum
929 2464 1223 2536 baptisma
1248 2468 1305 2521 in
1329 2467 1636 2538 Scripturis
1661 2482 1866 2537 aquam
1893 2466 2138 2520 alienam
2170 2469 2445 2537 appellari
2474 2469 2751 2533 observat,
2776 2484 2879 2520 nec
2906 2470 3100 2519 tamen
3127 2465 3269 2518 hanc
3299 2476 3523 2517 causam
3550 2458 3715 2513 affert

342 2548 502 2618 quod
535 2551 804 2621 Baptismi
832 2553 1269 2609 administrandi
1300 2573 1561 2611 normam
1596 2556 1978 2626 corruperint,
2004 2557 2103 2611 sed
2128 2559 2279 2629 quod
2309 2558 2475 2611 alieni
2508 2558 2621 2612 sint
2647 2558 2717 2611 ab
2745 2557 3007 2612 Ecclesia.
3034 2554 3308 2610 Similiter
3334 2549 3713 2606 Tertullianus

337 2632 497 2697 (libr.
533 2640 602 2693 de
639 2641 936 2709 Baptismo,
980 2660 1105 2714 cap.
1156 2646 1240 2715 15)
1280 2646 1677 2701 haereticorum
1721 2645 2069 2715 baptismum
2113 2664 2227 2701 non
2268 2664 2337 2701 eo
2383 2647 2613 2701 nomine
2649 2648 2850 2717 rejicit,
2895 2646 3043 2716 quod
3088 2644 3237 2697 illius
3278 2636 3713 2696 administrandi

340 2727 521 2780 ritum
555 2744 589 2779 a
613 2728 833 2783 Christo
862 2733 1258 2804 praescriptum
1290 2734 1703 2803 immutassent,
1738 2739 1833 2792 sed
1859 2739 1991 2810 quia
2026 2760 2053 2789 ‹‹
2086 2739 2308 2793 nullum
2340 2736 2557 2790 habent
2585 2736 2934 2789 consortium
2970 2733 3281 2802 disciplina:
3314 2734 3538 2793 nostras,
3574 2742 3711 2797 quos

344 2821 645 2870 extraneos
674 2818 865 2888 utique
896 2824 1140 2874 testatur
1167 2823 1283 2892 ipsa
1310 2823 1597 2894 ademptio
1624 2828 2171 2882 communicationis.
2204 2848 2230 2875 «
2257 2826 2342 2879 Ad
2372 2826 2491 2879 hate
2520 2826 2693 2881 etiam
2732 2825 2944 2879 accedit
2970 2820 3270 2893 Augustini
3306 2817 3710 2880 testimonium,

340 2907 441 2975 qui
473 2903 530 2958 in
560 2906 705 2961 libro
731 2926 748 2961 Ι
769 2910 835 2963 de
861 2912 1047 2979 Bupt.,
1077 2927 1125 2964 c.
1159 2914 1245 2977 25,
1276 2913 1352 2967 sic
1379 2914 1628 2984 loquitur
1658 2933 1670 2969 :
1710 2938 1735 2965 ‹‹
1772 2917 1907 2981 Quis
1931 2919 2145 2973 nesciat
2177 2935 2291 2973 non
2327 2936 2447 2976 esse
2482 2922 2831 2991 Baptismum
2859 2916 3086 2981 Christi,
3117 2915 3162 2968 si
3191 2911 3358 2967 verba
3389 2908 3710 2980 evangelica

341 2998 550 3068 quibus
594 3000 914 3069 symbolum
951 3007 1175 3057 constat
1216 3004 1295 3057 illi
1334 3006 1656 3065 defuerint?
1688 3012 1800 3064 Sed
1846 3010 2774 3082 faciliusinvemuntnr'lratretici
2817 3008 2914 3079 qui
2955 3005 3189 3060 omnino
3237 3018 3351 3057 non
3401 2999 3706 3070 baptizent,

339 3104 515 3158 quam
546 3090 642 3159 qui
669 3090 779 3143 illis
805 3091 991 3145 verbis
1018 3109 1133 3147 non
1164 3094 1521 3164 baptizent.»
1584 3114 1601 3150 g.
1652 3102 1664 3149 ὲ
1700 3133 1709 3145 .
1744 3128 1785 3147 ..
1837 3124 1846 3139 ι
1936 3120 1949 3139 ο
1981 3115 2026 3135 μα
2191 3116 2205 3125 -
2392 3101 2405 3116 ⁶

416 3174 636 3226 Frustra
690 3174 975 3228 Launoius
1023 3178 1324 3247 Augustini
1377 3180 1767 3237 testimonium
1817 3184 1888 3237 de
1933 3184 2247 3255 aequalibus
2294 3185 2352 3239 S.
2401 3184 2653 3245 Doctoris
2686 3181 2968 3241 haereticis
3010 3176 3403 3247 accipiendum
3444 3189 3597 3242 esse,
3639 3174 3708 3227 de

337 3257 758 3326 antiquioribus
798 3263 989 3312 autem
1015 3260 1178 3315 aliter
1205 3262 1603 3331 judiqandum.
1627 3271 1813 3344 putata.
1836 3276 1975 3333 Nam
1997 3269 2178 3339 quod,
2204 3274 2488 3339 (martem.
2523 3268 2737 3338 quinto
2765 3265 3024 3320 Ecclesia:
3063 3264 3267 3317 saeculo
3302 3259 3707 3314 animadvertit

337 3348 708 3413 Augustinus,
740 3348 798 3402 id
840 3349 1045 3419 potiori
1067 3350 1197 3420 jure
1236 3352 1303 3405 de
1332 3357 1583 3419 secunde
1620 3358 1883 3413 c,t.tertio
1924 3357 2233 3411 asseverari
2270 3361 2474 3427 potest.
2516 3357 2707 3427 Neque
2744 3356 2895 3409 enim
2930 3354 3235 3409 defuerunt
3270 3352 3536 3414 haereses,
3578 3365 3705 3419 qua)

338 3451 473 3488 cum
520 3437 580 3489 in
628 3440 795 3490 secta:
840 3438 1162 3507 primordiis
1206 3457 1573 3497 communem
1621 3445 1945 3516 baptizandi
1987 3463 2251 3501 normam
2297 3450 2505 3501 secutae
2551 3448 2760 3513 essent,
2794 3461 2921 3498 eam
2962 3448 3159 3514 postea
3204 3442 3597 3505 immutarent,
3646 3441 3709 3492 ut

333 3540 572 3577 suorum
616 3526 684 3578 ad
730 3527 1031 3580 Ecclesiam
1073 3529 1412 3584 catholicam
1458 3532 1702 3587 reditum
1746 3535 1949 3604 majori
1995 3535 2327 3590 difficultate
2371 3536 2754 3590 obstruerent.
2800 3534 2861 3587 Id
2906 3533 2975 3587 de
3026 3530 3322 3585 Encratitis
3366 3527 3702 3583 nominatim

334 3617 578 3666 testatus
620 3615 849 3669 Basilius
892 3632 1013 3669 can.
1063 3635 1101 3671 1.
1149 3618 1491 3690 Quanquam
1543 3639 1615 3675 ne
1661 3623 1740 3676 illi
1785 3625 2015 3694 quidem
2058 3625 2449 3695 prasscriptam
2500 3641 2533 3678 a
2578 3624 2795 3680 Christo
2838 3622 3079 3675 formam
3136 3619 3555 3691 pervertebant,
3603 3617 3702 3671 sed

335 3703 708 3755 caeremonias
739 3704 1008 3774 quasdam
1038 3710 1137 3760 aut
1166 3708 1435 3777 adjecisse
1466 3710 1732 3765 videntur
1757 3718 1857 3766 aut
1882 3713 2208 3767 detraxisse.
2238 3714 2323 3767 Sic
2351 3714 2505 3769 enim
2531 3714 2598 3768 de
2626 3714 2731 3767 illis
2758 3713 2988 3767 Basilius
3015 3728 3137 3765 can.
3168 3713 3235 3764 47
3263 3726 3275 3763 :
3304 3731 3330 3757 «
3361 3710 3437 3763 Ne
3464 3708 3657 3761 dicant
3688 3723 3699 3759 :

336 3792 398 3845 In
434 3793 660 3844 Patrem
693 3798 746 3846 et
776 3793 979 3847 Filium
1007 3800 1062 3849 et
1090 3796 1360 3865 Spiritum
1393 3805 1645 3855 sanctum
1677 3802 1941 3871 baptizati
1970 3820 2183 3857 sumus.
2218 3825 2243 3851 ››
2280 3803 2428 3866 Quin
2456 3804 2625 3858 etiam
2656 3818 2853 3857 eorum
2885 3800 3235 3871 baptismum
3270 3815 3384 3852 non
3415 3796 3702 3868 improbat

334 3888 530 3935 ratum
564 3882 789 3947 haberi,
822 3884 866 3936 si
898 3900 1004 3953 qua
1036 3885 1169 3938 inde
1197 3888 1381 3957 major
1418 3888 1632 3943 utilitas
1672 3892 1920 3946 accedat.
1962 3896 2146 3962 Atque
2176 3893 2315 3963 ipse,
2344 3909 2469 3946 can.
2504 3909 2539 3957 ι,
2569 3896 2809 3945 testatur
2846 3891 3051 3943 fratres
3077 3888 3210 3942 Zoin
3244 3892 3301 3941 et
3326 3886 3699 3941 Laturninum

332 3977 621 4042 susceptos
650 3989 684 4025 a
710 3989 768 4026 se
802 3973 972 4027 fuisse
1000 3974 1056 4027 in
1086 3976 1355 4031 cathedra
1384 3980 1801 4049 episcoporum,
1831 3998 1960 4034 cum
2002 3982 2072 4035 ab
2112 3982 2212 4035 bac
2252 3982 2455 4035 haeresi
2494 3982 2762 4035 redirent.
2804 3979 2911 4034 Sed
2941 3978 2985 4030 si
3018 3977 3314 4032 Encratitae
3358 3991 3699 4030 communes

333 4064 479 4116 ritus
520 4062 684 4115 initio
729 4065 910 4116 secuti
949 4064 1173 4119 fuerant
1215 4072 1269 4120 et
1309 4084 1440 4122 cum
1485 4070 1615 4123 novi
1656 4072 1871 4141 aliquid
1918 4072 2180 4127 inducere
2221 4074 2542 4135 voluerunt,
2584 4086 2696 4123 non
2739 4075 2927 4121 tamen
2972 4064 3365 4137 praescriptam
3405 4082 3437 4118 a
3478 4064 3700 4119 Christo

332 4153 583 4205 formam
612 4152 822 4205 violare
860 4154 982 4206 ausi
1017 4160 1179 4222 sunt;
1211 4173 1284 4209 an
1319 4156 1557 4212 dubium
1594 4159 1730 4229 quin
1760 4162 2100 4216 Marcionita:
2141 4166 2195 4215 et
2234 4162 2326 4216 alii
2366 4158 2671 4229 ejusmodi,
2698 4158 3034 4228 quibuscum
3079 4162 3200 4211 erat
3241 4172 3374 4210 cum
3415 4154 3699 4208 Encratits

334 4242 589 4295 ﬁnitima
627 4241 903 4309 vicinitas,
950 4243 1293 4314 baptismum
1332 4246 1387 4299 in
1430 4248 1674 4301 Ecclesia
1705 4250 1976 4304 catholica
2007 4254 2341 4321 usurpatum
2388 4248 2744 4304 retinueriut.
2788 4250 2961 4301 Porro
2998 4246 3335 4301 Marcionem
3372 4245 3431 4299 in
3467 4244 3699 4299 nomine

332 4334 509 4386 trium
557 4333 933 4388 Personarum
978 4333 1289 4404 baptizasse
1321 4336 1473 4390 testis
1514 4343 1597 4391 est
1634 4337 1881 4408 locuples
1919 4338 2253 4409 Cyprianus,
2285 4339 2380 4409 qui
2421 4339 2544 4409 ejus
2583 4337 2933 4408 baptismum
2973 4336 3080 4390 hoc
3118 4336 3457 4405 argumento
3497 4332 3701 4403 rejicit,

335 4423 488 4493 quod
516 4438 629 4476 non
662 4422 918 4477 eamdem
954 4424 1288 4479 Trinitatem
1316 4432 1588 4497 agnoscat
1615 4443 1677 4481 ac
1706 4427 1976 4482 Catholici
2004 4445 2016 4481 :
2041 4450 2065 4476 ‹‹
2090 4428 2381 4499 Numquid
2414 4428 2560 4481 hanc
2586 4426 2917 4481 Trinitatem
2944 4425 3191 4480 Marcion
3213 4423 3403 4478 tenet?
3427 4422 3618 4494 inquit
3643 4422 3701 4476 in

329 4514 507 4581 Epist.
552 4512 630 4565 ad
680 4513 1029 4573 Jubaianum,
1078 4529 1209 4583 pag.
1259 4516 1380 4568 131.
1418 4536 1445 4563 ‹‹
1475 4516 1760 4586 Numquid
1800 4518 2065 4572 eumdem
2106 4518 2300 4573 asserit
2340 4535 2509 4589 quem
2542 4523 2597 4571 et
2628 4534 2733 4572 nos
2775 4519 2993 4570 Patrem
3030 4514 3387 4568 creatorem?
3414 4511 3699 4583 Numquid

328 4600 610 4654 eumdem
644 4601 801 4654 novit
835 4600 1037 4654 Filium
1079 4602 1366 4657 Christum
1398 4603 1467 4657 de
1504 4604 1671 4658 Maria
1701 4607 1925 4677 Virgine
1971 4609 2210 4662 natum?
2240 4630 2266 4656 ››
2299 4607 2595 4663 Fatebatur
2636 4623 2772 4677 ergo
2809 4606 3125 4677 Cyprianus
3165 4608 3277 4659 tres
3316 4605 3589 4657 Personas
3630 4602 3700 4655 ab

327 4689 619 4743 haereticis
658 4689 714 4743 in
753 4690 1039 4760 Baptismo
1087 4691 1391 4758 nominari,
1436 4709 1499 4746 ac
1539 4710 1609 4747 eo
1652 4695 1916 4749 redactus
1963 4699 2106 4764 erat,
2151 4702 2213 4750 ut
2254 4697 2589 4751 Trinitatem
2643 4696 2939 4749 hiereticos
2990 4711 3104 4748 non
3157 4693 3360 4747 eodem
3409 4691 3579 4745 modo
3634 4706 3697 4743 ac

326 4778 651 4835 Catholicos
681 4777 1042 4849 interpretari
1073 4779 1307 4833 diceret.
1340 4781 1523 4835 Simili
1551 4783 1772 4837 ratione
1805 4785 2164 4838 Firmilianus
2193 4786 2586 4840 Gnosticorum
2620 4789 2678 4838 et
2705 4784 3171 4837 Montanistarum
3201 4782 3487 4852 baptisma
3516 4779 3698 4849 rejicit

328 4868 471 4939 quia
498 4867 669 4938 primi
700 4884 812 4923 non
852 4870 1112 4922 eumdem
1148 4873 1366 4924 Patrem
1402 4887 1466 4925 ac
1495 4872 1785 4938 Catholici,
1830 4873 2174 4927 Montanistae
2214 4891 2325 4927 non
2367 4874 2635 4928 eumdem
2673 4872 2947 4943 Spiritum
2995 4875 3252 4924 sanctum
3290 4869 3694 4939 agnoscebant.

324 4956 674 5012 Marcionem
700 4958 777 5011 sic
799 4959 1005 5029 premit
1029 4959 1405 5013 Tertullianus
1431 4962 1785 5030 argumentis
1813 4978 1877 5015 ex
1908 4962 2185 5033 baptismo
2224 4964 2430 5033 petitis,
2461 4966 2523 5016 ut
2551 4963 2714 5015 facile
2745 4967 2931 5031 pateat
2970 4976 3335 5013 communem
3374 4958 3696 5029 baptizandi

328 5047 511 5100 ritum
541 5047 611 5099 ab
640 5046 746 5101 hoc
774 5047 1038 5101 haeretico
1071 5051 1358 5102 mutatum
1386 5066 1499 5103 non
1532 5050 1722 5103 fuisse.
1758 5050 1970 5113 Quart-it
1997 5050 2151 5105 enim
2178 5051 2275 5106 lib.
2306 5068 2341 5115 ι,
2376 5068 2421 5104 c.
2452 5053 2539 5115 28,
2568 5050 2857 5121 quomodo
2889 5054 3193 5119 regeneret
3225 5050 3369 5103 Deus
3398 5047 3697 5103 Marcionis

328 5136 431 5207 qui
472 5152 589 5189 non
623 5138 945 5205 generavit;
992 5138 1280 5209 quomodo
1311 5160 1337 5187 «
1369 5138 1646 5210 Spiritum
1695 5139 1968 5193 attribuat
2012 5140 2071 5194 in
2116 5139 2418 5210 baptismo,
2474 5142 2569 5210 qui
2614 5140 2863 5193 animam
2912 5157 3025 5193 non
3073 5139 3228 5209 prius
3274 5138 3543 5205 contulit;
3597 5153 3697 5189 cur

324 5228 483 5281 lavet
525 5226 820 5281 hominem
867 5243 1157 5299 nunquam
1207 5229 1359 5300 apud
1396 5245 1455 5282 se
1497 5228 1881 5299 inquinatum,
1920 5236 1973 5285 et
2014 5230 2071 5284 in
2110 5230 2216 5284 hoc
2261 5234 2440 5286 totum
2484 5232 2677 5285 salutis
2723 5234 3145 5285 sacramentum
3193 5245 3425 5283 carnem
3473 5231 3698 5297 mergat

326 5321 623 5370 exsortem
669 5315 873 5369 salutis.
920 5318 1123 5371 Narrat
1160 5318 1513 5389 Epiphanius
1552 5334 1687 5389 pag.
1719 5320 1844 5387 230,
1878 5340 1904 5367 α
1934 5336 2051 5373 non
2093 5336 2266 5373 unum
2311 5320 2597 5391 baptisma
2637 5320 2810 5391 (apud
2853 5319 3242 5386 MarciOnitas),
3286 5318 3383 5371 sed
3430 5316 3536 5370 tria
3574 5322 3699 5387 post

324 5406 620 5459 delectum
645 5404 899 5470 concedi,
931 5422 1034 5475 pro
1076 5407 1315 5461 mortuis
1352 5407 1579 5461 illorum
1619 5407 2043 5461 catechumenis
2082 5407 2224 5462 alios
2266 5408 2559 5479 baptizari,
2590 5426 2654 5463 ac
2682 5408 3016 5463 mulieribus
3052 5407 3317 5477 baptismi
3359 5404 3695 5460 conferendi

322 5494 662 5548 facultatem
703 5494 1006 5549 committis
1044 5494 1143 5549 sed
1182 5495 1409 5550 violatas
1438 5495 1707 5566 baptismi
1752 5496 1953 5549 formae
1994 5497 2329 5551 Marciouem
2376 5516 2485 5552 non
2531 5505 2766 5552 accusat.
2814 5497 3095 5551 Valentini
3141 5512 3365 5567 quoque
3407 5499 3462 5549 ct
3488 5493 3696 5565 Apellis

320 5586 683 5656 baptismum
727 5585 1055 5656 Stephanus
1096 5592 1278 5640 ratum
1322 5586 1586 5641 habuisse
1634 5585 1861 5639 dicitur.
1892 5585 2003 5639 Sed
2040 5586 2090 5639 id
2134 5603 2199 5639 ex
2241 5587 2363 5657 ejus
2408 5587 2699 5658 principiis
2744 5588 3109 5658 sequebatur.
3158 5587 3316 5651 Nam,
3368 5601 3495 5638 cum
3540 5586 3693 5637 certo

322 5682 569 5741 teneret,
618 5678 678 5728 ut
715 5676 767 5730 ei
799 5675 1102 5746 exprobrat
1151 5676 1536 5743 Firmilianus,
1586 5674 1938 5746 Baptismum
1989 5676 2375 5731 administrari
2409 5699 2435 5725 ‹‹
2466 5677 2719 5730 invocata
2776 5677 3024 5730 trinitate
3070 5674 3367 5728 nominum
3420 5671 3595 5726 Pali-is
3639 5678 3694 5723 et

324 5765 455 5820 Filii
511 5770 569 5818 et
617 5764 861 5835 Spiritus
904 5766 1100 5831 sancti,
1134 5789 1160 5815 ››
1192 5767 1477 5822 neminem
1538 5782 1771 5837 prorsus
1827 5769 2130 5824 excludere
2182 5770 2410 5837 debuit,
2470 5787 2645 5842 quem
2685 5770 2754 5823 ab
2805 5771 2908 5823 hac
2958 5769 3279 5840 baptizandi
3330 5783 3527 5821 norma
3579 5782 3691 5818 non

323 5853 624 5910 discedere
654 5860 959 5911 constaret.
992 5855 1151 5920 Quod
1180 5856 1225 5910 si
1258 5856 1380 5928 ipse
1407 5857 1676 5930 Marcion,
1717 5858 1818 5931 qui
1849 5858 2142 5931 impietate
2177 5876 2379 5917 omnes
2410 5860 2716 5933 superavit,
2748 5860 2805 5915 in
2836 5859 3070 5915 nomine
3104 5859 3276 5914 trium
3316 5860 3693 5913 Personarum
