4084 6208
323 319 381 376 31
1611 323 1677 376 D.
1719 321 2086 378 PRUDENTll
2125 321 2380 376 MARANI
3263 403 3265 406 p
3605 323 3670 380 32

308 448 643 520 baptizabat,
677 465 793 505 non
822 449 981 504 video
1009 465 1110 503 cur
1147 465 1260 504 non
1295 449 1450 505 idem
1493 450 1562 505 de
1604 450 1799 521 Apelle
1843 451 1900 504 et
1942 448 2236 504 Valentino
2275 447 2560 503 credatur.
2611 445 2924 519 Cyprianus
2965 447 3070 502 hoc
3117 464 3296 502 unum
3344 448 3672 519 hujusmodi

309 537 588 593 hareticis
626 539 842 610 objicit,
876 538 1028 610 quod
1075 555 1188 594 non
1222 540 1489 594 eumdem
1526 541 1746 594 Patrem
1789 555 1852 593 ac
1889 538 2159 593 Catholici
2197 538 2466 593 eumdem
2510 537 2737 605 Filium,
2782 538 3050 592 eumdem
3094 538 3362 608 Spiritum
3411 541 3672 592 sanctum

309 629 684 701 eamdemque
741 631 1043 684 Ecclesiam
1095 629 1504 695 conﬁteantur;
1559 647 1623 683 ac
1679 627 2158 699 Patripassianos,
2216 627 2673 698 Anthropianos,
2731 627 3188 693 Valentinianos,
3238 627 3670 698 Apelletianos,

310 719 540 788 Ophitas
583 719 924 773 Marcionitis
967 719 1251 790 adjungit,
1291 721 1394 790 Ep.
1433 719 1506 772 ad
1544 719 1892 784 Jubaianum,
1923 735 1978 788 p.
2017 719 2134 771 130.
2164 717 2379 770 Marcus
2422 715 2568 772 inter
2609 717 2884 771 Valentini
2925 720 3226 772 sectatores
3272 716 3675 772 celeberrimus

313 806 372 860 in
410 809 793 862 consecrando
823 825 969 879 pane
1003 811 1061 862 et
1089 807 1219 862 vino
1250 808 1444 862 omnia
1477 807 1850 864 invocationis
1876 807 2049 861 verba
2077 807 2500 878 pronuntiabat,
2534 812 2593 862 ut
2620 810 2860 862 testatur
2895 810 3144 862 Irenaus
3172 807 3269 861 lib.
3319 823 3354 874 ι,
3399 823 3526 878 cap.
3579 809 3672 872 l2;

310 897 500 951 caeteri
528 898 784 968 ejusdem
828 899 1052 970 generis
1089 898 1337 953 haretici
1369 896 1781 952 Eucharistiam
1818 915 1881 952 ex
1913 913 2071 952 more
2110 896 2365 950 Ecclesia
2403 897 2782 951 celebrabant.
2823 898 2961 952 Hinc
2997 914 3096 952 eos
3137 900 3402 969 provocat
3428 898 3677 950 lrenaus

307 985 403 1039 lib.
459 1003 533 1053 1v,
585 1004 704 1058 cap.
757 991 841 1056 18,
897 991 960 1041 ut
1007 1006 1033 1037 (ι
1086 992 1184 1041 aut
1239 986 1579 1040 sententiam
1637 991 1861 1041 mutent
1907 991 2005 1040 aut
2049 985 2366 1040 abstineant
2416 985 2705 1040 offerendo
2759 1003 2886 1057 qua
2936 987 3205 1058 pradicta
3251 994 3405 1039 sunt.
3462 1004 3489 1035 ι)
3553 985 3675 1038 Non

311 1075 617 1130 verisimile
648 1079 734 1132 est
772 1077 978 1148 quibus
1015 1077 1214 1148 religio
1254 1081 1434 1130 erata
1471 1080 1737 1130 consueta
1782 1075 2143 1130 Eucharistia
2182 1075 2531 1128 celebranda
2577 1075 2765 1129 forma
2812 1075 3122 1143 discedere,
3171 1092 3268 1131 eos
3308 1075 3363 1130 in
3408 1074 3678 1146 Baptismi

310 1163 508 1218 ritibus
566 1181 638 1219 nc
693 1165 753 1220 id
810 1165 1039 1237 quidem
1097 1165 1399 1221 retinuisse
1457 1164 1610 1236 quod
1670 1163 1924 1218 Christus
1981 1163 2321 1218 nominatim
2386 1163 2822 1234 prascripserat.
2882 1165 3046 1219 Multa
3099 1181 3236 1220 sane
3287 1165 3344 1218 in
3403 1163 3672 1234 Baptismi

313 1256 684 1310 caremonias
724 1257 902 1328 impia
946 1263 1001 1311 et
1050 1255 1296 1311 absurda
1338 1255 1686 1310 induxerunt
1729 1253 1991 1324 plerique
2036 1252 2304 1306 Gnostici.
2351 1252 2492 1318 Sed,
2544 1255 2606 1306 ut
2649 1252 2906 1307 observat
2949 1252 3301 1323 Augustinus
3347 1253 3464 1322 (lib.
3511 1269 3564 1305 VI
3610 1253 3675 1306 de

307 1347 600 1414 Baptismo,
644 1363 700 1400 n.
747 1349 856 1416 47),
898 1368 926 1396 ‹‹
971 1349 1124 1401 certa
1167 1346 1262 1400 illa
1305 1344 1633 1415 evangelica
1677 1343 1852 1396 verba
1893 1342 2012 1395 sine
2053 1341 2254 1412 quibus
2301 1358 2415 1396 non
2457 1347 2641 1412 potest
2693 1343 3012 1412 Baptismus
3057 1342 3403 1410 consecrari,
3452 1344 3676 1395 tantum

314 1433 503 1486 valent
531 1433 821 1508 31-32
847 1441 912 1490 ut
939 1453 1043 1506 per
1069 1435 1160 1489 illa
1203 1434 1281 1488 sic
1323 1435 1669 1487 evacuentur
1710 1446 2067 1502 quacunque
2103 1430 2158 1483 in
2209 1446 2374 1500 prece
2415 1430 2610 1485 vitiosa
2653 1435 2847 1484 contra
2893 1431 3156 1501 regulam
3199 1430 3331 1485 ﬁdei
3376 1430 3674 1498 dicuntur;

313 1528 366 1576 et
395 1523 439 1576 si
473 1524 658 1578 malus
694 1532 864 1596 atque
904 1541 1200 1595 perversus
1235 1523 1293 1577 in
1329 1522 1613 1592 aliquibus
1651 1535 1973 1590 perversam
2002 1535 2232 1589 precem
2261 1519 2476 1585 atterat,
2533 1519 2694 1573 adest
2732 1520 2881 1573 Deus
2925 1519 3266 1590 evangelicis
3303 1519 3493 1572 verbis
3541 1518 3675 1585 suis,

316 1613 437 1666 sine
498 1614 702 1684 quibus
755 1615 1073 1686 Baptismus
1121 1615 1326 1669 Christi
1377 1611 1692 1667 consecrari
1736 1626 1848 1664 non
1894 1613 2102 1681 potest,
2153 1613 2212 1662 et
2256 1609 2376 1679 ipse
2422 1609 2729 1662 sanctiﬁcat
2769 1615 3184 1662 sacramentum
3233 1625 3420 1662 suum.
3469 1628 3492 1658 υ
3534 1609 3676 1662 Cum

311 1703 628 1772 Augustino
659 1705 940 1759 consentit
977 1706 1315 1776 Stephanus,
1355 1705 1473 1776 qui,
1515 1708 1578 1757 ut
1616 1701 1790 1755 refert
1833 1699 2192 1753 Firmiliauus
2221 1697 2438 1752 dicebat
2483 1697 2603 1751 «iis
2649 1698 2744 1768 qui
2783 1697 2930 1768 apud
2976 1698 3276 1751 hareticos
3321 1697 3678 1767 baptizantur

314 1791 509 1846 adesse
533 1795 894 1863 prasentiam
923 1798 980 1848 et
1007 1795 1434 1849 sanctimoniam
1464 1791 1688 1848 Christi.
1719 1809 1746 1838 »
1778 1789 1936 1852 Quod
1970 1793 2162 1842 autem
2197 1789 2414 1859 spectat
2437 1787 2506 1839 ad
2537 1802 2634 1839 eos
2659 1787 2755 1856 qui
2784 1789 2884 1839 aut
2913 1802 3122 1857 aquam
3154 1803 3266 1839 non
3303 1786 3674 1852 abhibebant,

314 1883 414 1933 aut
450 1897 566 1934 non
611 1888 670 1936 ut
707 1883 957 1937 Christus
987 1883 1346 1955 praescripsit,
1392 1882 1757 1955 baptizabant
1794 1881 2012 1952 (quales
2054 1882 2332 1936 exstitisse
2377 1878 2640 1933 nonnulli
2679 1878 2944 1932 videntur
2983 1878 3130 1932 inter
3153 1877 3438 1932 Gnosticos
3465 1879 3677 1932 ethnici

314 1969 499 2038 magis
545 1986 716 2040 quam
764 1972 1055 2042 haeretici),
1102 1988 1216 2026 non
1263 1971 1501 2025 dubium
1543 1971 1679 2042 quin
1717 1987 1814 2024 eos
1853 1970 1973 2023 sine
2027 1971 2307 2040 Baptismo
2351 1969 2668 2038 Stephanus
2709 1967 2766 2020 in
2815 1967 3121 2020 Ecclesiam
3169 1983 3283 2019 non
3337 1967 3674 2020 admisisset.

311 2057 576 2112 Nonnulli
606 2066 797 2114 autem
829 2061 906 2115 sic
930 2060 1193 2132 Baptismi
1225 2060 1393 2115 verba
1421 2060 1822 2127 immutabant,
1851 2064 1916 2114 ut
1947 2064 2141 2114 tamen
2174 2060 2418 2114 retinere
2447 2061 2506 2112 et
2531 2057 2852 2127 exprimere
2892 2057 3119 2123 vellent,
3164 2057 3358 2126 quales
3387 2062 3546 2110 erant
3579 2056 3675 2126 qui

314 2146 682 2217 baptizabant
709 2171 736 2198 ‹‹
782 2150 838 2204 in
879 2167 1090 2205 nomen
1133 2149 1412 2220 incogniti
1463 2150 1637 2203 Patris
1666 2149 1943 2213 omnium,
1972 2148 2029 2202 in
2061 2149 2356 2202 veritatem
2405 2153 2649 2202 matrem
2699 2145 2980 2213 omnium,
3022 2147 3081 2200 in
3130 2145 3568 2200 descendentem
3620 2145 3676 2198 in

313 2237 502 2290 Jesum
535 2259 561 2285 η
596 2238 761 2305 (Iren.
789 2239 888 2293 lib.
917 2257 954 2305 ι,
987 2255 1112 2311 cap.
1144 2243 1232 2308 2t,
1265 2256 1322 2292 n.
1354 2240 1424 2308 3).
1453 2239 1558 2294 Sed
1589 2239 1657 2292 de
1687 2238 1966 2310 ejusmodi
2005 2237 2287 2293 hareticis
2313 2237 2456 2292 adeo
2497 2238 2651 2291 nulla
2689 2237 2794 2291 fuit
2834 2235 3238 2303 controversia,
3269 2241 3334 2290 ut
3358 2235 3676 2306 Cyprianus

317 2330 373 2378 et
398 2324 756 2380 Firmilianus
783 2328 1263 2399 interrogationes
1289 2327 1458 2398 ipsas,
1490 2327 1686 2398 quales
1716 2327 1773 2380 in
1805 2326 2046 2381 Ecclesia
2084 2326 2203 2380 ﬁeri
2242 2327 2522 2391 solebant,
2553 2327 2621 2380 ab
2662 2325 2940 2380 harelicis
2967 2327 3176 2379 servari
3208 2328 3506 2389 testentur,
3541 2341 3674 2394 pag.

323 2417 440 2483 131,
478 2417 594 2481 145,
633 2417 750 2471 154.
783 2417 868 2470 Ad
895 2417 1014 2472 haec
1041 2417 1308 2488 Cypriani
1334 2423 1390 2470 et
1421 2417 1737 2473 Firmiliani
1767 2415 2092 2470 testimonia
2117 2414 2334 2468 accedit
2361 2415 2666 2470 auctoritas
2693 2431 2803 2468 non
2831 2416 3014 2468 solum
3043 2413 3369 2484 Augustini,
3399 2413 3679 2467 Vincentii

318 2502 625 2558 Lirinensis
651 2511 706 2558 et
734 2506 998 2573 Facundi,
1029 2507 1124 2576 qui
1149 2505 1384 2560 minime
1409 2506 1742 2560 dubitarunt
1766 2505 1902 2576 quin
1930 2521 2298 2559 communem
2329 2505 2586 2558 Ecclesia
2607 2504 2942 2558 sententiam
2970 2503 3296 2574 Stephanus
3321 2502 3675 2569 defendisset;

316 2591 413 2646 sed
447 2594 622 2648 etiam
663 2594 908 2666 Dionysii
935 2595 1294 2650 Alexandrini
1343 2599 1400 2650 et
1434 2595 1680 2661 Eusebii,
1714 2610 1961 2664 quorum
2005 2594 2227 2664 primus
2257 2593 2334 2648 sic
2373 2594 2446 2647 ad
2493 2594 2845 2664 Stephanum
2887 2597 2944 2646 et
2986 2593 3057 2647 de
3099 2593 3389 2663 Stephano
3436 2591 3676 2662 scripsit,

315 2683 380 2733 ut
409 2681 466 2734 in
495 2699 561 2736 eo
592 2683 868 2738 leniorem
906 2685 1299 2740 tantummodo
1341 2684 1703 2748 sententiam,
1749 2686 1807 2736 et
1849 2683 2179 2753 quamdam,
2221 2687 2282 2736 ut
2323 2682 2380 2736 in
2429 2698 2490 2735 re
2532 2683 2784 2736 nondum
2831 2681 3089 2735 omnium
3140 2697 3417 2735 consensu
3466 2681 3674 2746 decisa,

318 2771 904 2828 accommodationem
947 2774 1328 2842 desideraret;
1371 2773 1513 2827 alter
1560 2789 1693 2827 vero
1734 2772 2030 2843 antiquam
2071 2772 2434 2827 traditionem
2479 2772 2550 2826 ab
2595 2789 2660 2826 eo
2705 2771 3000 2827 defensam
3043 2773 3214 2826 fuisse
3246 2775 3501 2840 testatur,
3534 2773 3674 2826 Hist.

315 2855 414 2912 lib.
444 2875 539 2926 vn,
567 2877 617 2915 c.
646 2864 697 2915 3.

423 2947 483 3002 ν.
526 2980 592 2988 --
631 2965 679 3004 S.
721 2966 1024 3008 CYPRIANUS
1063 2968 1395 3008 SENTENTIA)!
1433 2966 2090 3033 ,ξρνεῐιδωμωωῃνμδκῐέξ
2129 2967 2454 3033 ιιβτειιιεχιτ.
2498 2982 2562 2990 -·
2602 2967 2670 3006 DE
2706 2967 2968 3008 BAPTISMO
3008 2968 3059 3007 IN
3100 2967 3309 3007 CHRISTl
3347 2967 3566 3006 NOMINE.

1329 3033 2033 3109 —,s1pr.igs§r.senrauvigi
2067 3035 2213 3097 301m}
2253 3035 2322 3105 Αῐξ
2355 3035 2660 3109 *λξρδτριιε

387 3108 494 3162 Sed
522 3108 634 3165 duo
662 3111 826 3166 nobis
851 3117 1186 3183 suspersunt
1215 3105 1576 3185 explicanda,
1610 3093 1804 3168 uirum
1833 3102 2154 3183 Stephanus
2188 3093 2590 3179 haereticorum
2619 3111 2896 3181 baptismo
2923 3129 3038 3167 non
3071 3112 3254 3166 solum
3293 3111 3677 3166 characterem

313 3197 586 3268 imprimi,
615 3200 717 3254 sed
743 3202 912 3257 etiam
943 3207 1171 3273 peccata
1207 3203 1897 3287 diniittipxistignaverit;
1942 3209 2135 3287 utrum
2161 3201 2294 3255 satis
2321 3218 2442 3255 esse
2471 3202 2698 3256 duxerit
2744 3202 2803 3256 in
2833 3203 3038 3257 Christi
3085 3201 3321 3256 nomine
3365 3202 3675 3271 baptizare,

308 3286 466 3340 nulla
491 3288 669 3341 Patris
698 3295 753 3343 et
788 3291 1029 3361 Spiritus
1068 3294 1244 3347 sancti
1284 3277 2219 3374 facta;mentiqniatLijrianus'ot
2243 3288 2709 3374 ﬁrmilianuasic
2737 3308 2964 3363 semper
3001 3291 3353 3346 adversarios
3381 3290 3671 3357 refellunt,

309 3375 468 3444 quasi
495 3376 586 3429 isti
609 3381 842 3447 peccata
879 3380 947 3432 ab
985 3360 1705 3452 hareticis‘baptizan‘tibus
1729 3360 1946 3434 "dimitti
1985 3360 2422 3435 contenderent:
2456 3360 2930 3443 (K'Datfhbnore‘m
2959 3382 3094 3447 Deo,
3129 3379 3317 3451 inquit
3355 3379 3676 3448 Cyprianus

311 3464 436 3535 (Ep.
466 3466 649 3536 Lxxiv)
675 3467 773 3537 qui
802 3469 955 3538 apud
983 3486 1081 3523 eos
1111 3471 1209 3541 qui
1236 3471 1295 3525 in
1327 3472 1504 3526 Deum
1530 3470 1948 3540 blasphemant,
1977 3468 2375 3524 remissionem
2413 3473 2773 3539 peccatorum
2800 3470 2922 3525 dari
2946 3469 3209 3539 jndicat?
3234 3490 3261 3516 ››
3296 3468 3363 3521 Et
3396 3467 3676 3522 Firmilia-

311 3569 418 3606 nus
444 3555 562 3624 (Ep.
587 3558 740 3626 Lxxv)
773 3575 783 3609 :
817 3579 844 3606 (ι
867 3559 1205 3630 Stephanus,
1232 3559 1438 3632 inquit,
1471 3565 1528 3614 et
1555 3559 1651 3631 qui
1673 3559 1753 3612 illi
1779 3559 2167 3623 consentiunt,
2197 3557 2555 3612 contendunt
2575 3558 2967 3613 dimissionem
3000 3561 3362 3628 peccatorum
3389 3561 3447 3611 et
3472 3573 3675 3611 secun-

316 3642 447 3696 dam
485 3645 833 3702 nativitatem
871 3648 929 3703 in
967 3649 1362 3704 hareticorum
1410 3649 1695 3721 baptisma
1736 3665 1903 3718 posse
1935 3647 2261 3718 procedere,
2294 3647 2443 3717 apud
2472 3663 2612 3717 quos
2657 3648 2829 3702 etiam
2875 3647 2979 3717 ipsi
3023 3648 3364 3702 confitentur
3402 3646 3677 3717 Spiritum

315 3737 571 3788 sanctum
600 3750 714 3790 non
742 3753 883 3791 esse.
917 3760 944 3787 »
976 3739 1044 3792 Et
1069 3737 1240 3803 infra,
1274 3758 1300 3790 «
1331 3739 1530 3793 dicunt
1555 3754 1687 3793 eum
1714 3737 1810 3809 qui
1835 3737 2369 3808 quomodocumque
2407 3737 2541 3791 foris
2571 3736 2888 3801 baptizatur
2921 3740 3113 3791 mente
3159 3743 3214 3794 et
3246 3735 3360 3790 ﬁde
3401 3752 3503 3789 sua
3545 3751 3674 3805 gra-

314 3821 454 3875 tiam
489 3825 757 3895 consequi
790 3842 970 3896 posse.
1003 3849 1029 3876 ››
1067 3829 1126 3881 ln
1175 3827 1427 3897 Epistula
1453 3845 1485 3880 a
1512 3827 1792 3882 Jubaiano
1839 3825 1910 3879 ad
1954 3823 2297 3895 Cyprianum
2344 3825 2533 3892 missa,
2585 3842 2759 3897 quam
2803 3825 3078 3896 Stephani
3127 3843 3246 3881 esse
3293 3825 3579 3880 Pamelius
3621 3828 3680 3879 et

316 3911 594 3966 Baronius
623 3913 963 3982 existimant,
994 3916 1266 3986 scriptum
1292 3921 1431 3982 erat,
1463 3938 1490 3966 «
1523 3916 1674 3987 quod
1701 3915 2076 3986 quaerendum
2105 3931 2218 3968 non
2247 3915 2318 3969 sit
2344 3915 2469 3985 quis
2494 3914 2879 3985 baptizaverit,
2908 3915 3135 3987 quando
3162 3915 3209 3969 is
3235 3914 3676 3986 quilbaptizatus

311 4001 400 4067 sit,
441 4002 692 4073 accipere
728 4003 1020 4058 remissam
1058 4012 1425 4075 peccatorum
1467 4003 1714 4076 potuerit
1759 4003 2070 4058 secundum
2113 4003 2265 4073 quod
2309 4003 2568 4058 credidit.
2623 4026 2648 4053 n
2698 4004 2934 4058 Difﬁcile
2982 4021 3100 4059 non
3144 4004 3251 4058 fuit
3290 4003 3569 4074 Cypriano
3622 4008 3680 4057 et

313 4089 635 4146 Firmiliano
663 4093 720 4146 in
752 4110 819 4148 ea
847 4093 1115 4164 opinione
1153 4112 1329 4166 quam
1359 4095 1694 4152 adversariis
1724 4094 1839 4149 suis
1868 4094 2172 4164 attingunt,
2209 4093 2567 4148 manifestam
2619 4108 2872 4163 pugnam
2918 4092 3331 4147 demonstrare.
3363 4092 3674 4147 Perabsur-

309 4178 446 4232 dum
486 4182 638 4235 enim
668 4188 749 4238 est
777 4187 841 4238 ut
867 4185 1264 4240 remissionem
1293 4189 1654 4256 peccatorum
1683 4189 2019 4240 consecutus
2046 4199 2166 4238 esse
2194 4182 2416 4236 dicatur
2440 4182 2535 4253 qui
2566 4182 2820 4237 nondum
2844 4183 3061 4253 accepit
3090 4183 3364 4254 Spiritum
3391 4186 3677 4236 sanctum:

311 4271 367 4320 et
409 4269 694 4325 Christum
732 4273 791 4326 in
825 4273 1112 4344 Baptismo
1138 4274 1389 4330 induisse
1431 4275 1489 4329 in
1528 4291 1642 4346 quo
1674 4273 1930 4328 nondum
1968 4271 2187 4326 habitat
2212 4271 2452 4342 Spiritus
2481 4278 2721 4325 sanctus.
2751 4271 2861 4325 Sed
2890 4271 3152 4327 videntur
3198 4273 3407 4326 summi
3435 4272 3532 4326 tibi
3576 4271 3678 4327 viri

310 4357 623 4427 Cyprianus
651 4366 708 4414 et
734 4361 1089 4416 Firmilianus
1122 4363 1309 4417 minus
1335 4368 1595 4418 accurate
1641 4362 2003 4434 interpretari
2042 4361 2389 4417 sententiam
2430 4361 2900 4428 adversariorum,
2934 4379 3073 4434 quos
3099 4363 3408 4418 verisimile
3441 4380 3556 4418 non
3594 4367 3679 4418 est

316 4451 433 4499 tam
480 4447 722 4504 absurde
768 4450 1144 4519 ratiocinatus,
1177 4457 1240 4507 ut
1298 4453 1696 4507 remissionem
1733 4455 2095 4524 peccatorum
2141 4452 2262 4506 sine
2299 4451 2508 4522 Spiritu
2546 4457 2736 4507 sancto
2770 4453 3091 4524 comparari
3138 4470 3304 4524 posse
3354 4454 3676 4508 crederent.

310 4535 604 4591 Existimat
656 4539 914 4594 eruditus
958 4541 1142 4595 editor
1188 4544 1522 4598 Litterarum
1566 4558 1896 4607 summorum
1943 4544 2258 4612 Pontiﬁcum
2301 4541 2676 4611 Stephanum,
2723 4542 2858 4596 dum
2897 4542 3287 4598 remissionem
3308 4547 3678 4614 peccatorum

306 4623 364 4678 in
403 4624 684 4697 baptismo
729 4633 898 4683 extra
925 4629 1184 4684 haresini
1227 4631 1355 4685 dato
1394 4631 1669 4703 agnoscit.
1704 4632 1788 4685 vel
1833 4631 1901 4686 de
1941 4630 2250 4685 infantibus
2278 4630 2454 4703 loqui,
2503 4631 2587 4686 vel
2638 4632 2708 4686 de
2754 4632 2966 4687 adultis
3002 4632 3152 4688 bona
3176 4631 3286 4687 ﬁde
3330 4631 3676 4703 baptismum

305 4713 376 4768 ab
404 4717 625 4772 occulto
663 4717 931 4773 haretico
966 4720 1391 4791 accipientibus,
1438 4726 1535 4774 aut
1578 4721 1648 4775 ab
1689 4725 1886 4792 aperto
1915 4720 1972 4774 in
2007 4723 2258 4774 extremo
2312 4721 2440 4774 vita
2485 4721 2754 4792 periculo.
2799 4721 3070 4785 Quamvis
3108 4727 3300 4775 autem
3348 4721 3673 4776 doctissimo

309 4805 571 4877 scriptori
599 4807 915 4877 plurimum
958 4809 1231 4875 tribuam,
1265 4811 1432 4864 aliam
1471 4815 1667 4864 tamen
1698 4809 1848 4864 viam
1879 4808 2035 4863 inibo
2065 4807 2416 4879 explicanda
2443 4809 2716 4880 Stephani
2747 4810 3069 4877 sententia,
3109 4826 3238 4881 qua
3271 4809 3408 4864 mihi
3455 4809 3677 4864 videtur

308 4893 574 4949 illustrari
608 4913 766 4966 posse
793 4913 860 4952 ex
887 4897 974 4952 his
997 4899 1145 4954 illius
1172 4899 1352 4954 verbis
1375 4917 1408 4953 a
1439 4899 1765 4954 Firmiliano
1795 4898 2007 4966 citatis;
2043 4918 2068 4947 ‹‹
2105 4897 2337 4952 Haresis
2368 4898 2618 4969 quidem,
2660 4899 2865 4966 aiebat,
2895 4900 3041 4969 parit
3065 4903 3123 4954 et
3147 4900 3404 4971 exponit;
3438 4898 3669 4971 exposi-

311 4989 396 5038 tos
427 4990 619 5040 autem
645 4987 887 5042 Ecclesia
916 4989 1168 5059 suscipit.
1199 5010 1227 5038 »

385 5075 730 5146 Perspicitur
775 5093 841 5131 ex
896 5076 985 5130 his
1043 5077 1230 5131 verbis
1277 5077 1545 5132 haresim
1589 5093 1704 5132 non
1754 5076 1862 5131 sibi
1909 5077 2004 5131 sed
2051 5075 2309 5131 Ecclesia
2355 5094 2577 5148 parere,
2607 5078 2692 5132 vel
2718 5078 2905 5148 potius
2950 5079 3256 5134 Ecclesiam
3285 5095 3386 5150 per
3412 5078 3676 5133 haresim

314 5162 486 5217 veluti
519 5181 620 5234 per
645 5165 906 5220 ancillam
934 5181 1155 5236 parere,
1182 5167 1261 5220 ita
1294 5170 1352 5220 ut
1381 5183 1524 5237 quos
1564 5167 1708 5237 parit
1733 5166 1986 5231 haresis,
2025 5165 2124 5219 ﬁlii
2169 5182 2390 5236 sponsa
2429 5167 2552 5220 ﬁeri
2597 5168 2815 5237 possint
2850 5167 2895 5221 si
2929 5167 3000 5220 ad
3040 5169 3345 5223 Ecclesiam
3376 5169 3674 5232 accedant;

314 5251 384 5305 ab
415 5253 655 5307 Ecclesia
683 5257 874 5308 autem
919 5271 1036 5309 non
1071 5255 1316 5325 suscepti
1360 5255 1657 5310 interitum
1696 5255 1949 5326 effugere
1990 5273 2103 5309 non
2152 5255 2390 5326 possint.
2444 5255 2720 5326 Stephani
2773 5255 3046 5309 doctrina
3095 5257 3387 5312 simillima
3435 5262 3520 5311 est
3557 5257 3680 5311 hac

315 5341 614 5412 Augustini
664 5344 944 5397 sententia
977 5360 989 5397 :
1036 5365 1063 5392 ‹‹
1101 5344 1347 5398 Ecclesia
1390 5345 1622 5415 quippe,
1668 5366 1695 5394 »
1739 5345 1923 5416 inquit
1966 5344 2064 5398 lib.
2099 5347 2114 5398 l
2147 5346 2212 5399 de
2251 5348 2438 5414 Bupt.,
2487 5361 2544 5410 ιι,
2588 5347 2673 5409 12,
2704 5363 2731 5395 α
2762 5360 2963 5398 omnes
2992 5361 3095 5414 per
3123 5347 3474 5416 Baptismum
3503 5347 3676 5416 parit,

313 5431 430 5486 sive
457 5432 608 5503 apud
642 5448 719 5497 se,
757 5432 814 5486 id
844 5437 929 5486 est
953 5448 1018 5486 ex
1049 5435 1212 5486 utero
1238 5449 1362 5499 suo,
1393 5433 1504 5487 sive
1535 5439 1694 5488 extra
1719 5451 1775 5488 se
1803 5435 1871 5489 de
1899 5434 2115 5488 semine
2145 5434 2248 5488 viri
2292 5433 2401 5487 sui.
2442 5434 2554 5488 Sed
2590 5439 2647 5489 et
2687 5435 2834 5488 Esau
2875 5434 2944 5488 de
2987 5451 3159 5490 uxore
3205 5442 3404 5503 natus,
3449 5439 3682 5506 propter

311 5523 622 5576 fraternam
664 5521 1000 5577 discordiam
1041 5525 1336 5593 separatus
1374 5526 1459 5578 est
1483 5539 1516 5576 a
1543 5524 1750 5594 populo
1791 5523 1890 5578 Dei
1926 5529 1981 5578 et
2022 5527 2156 5578 Asar
2197 5539 2300 5593 per
2342 5523 2528 5577 uxoris
2572 5523 2804 5595 quidem
2854 5530 3215 5595 potestatem,
3245 5526 3345 5581 sed
3376 5543 3442 5580 ex
3475 5525 3681 5580 ancilla

316 5613 482 5664 natus
532 5615 766 5680 propter
813 5610 1129 5666 fraternam
1181 5612 1544 5667 concordiam
1596 5616 1813 5667 terram
1865 5611 2255 5683 promissionis
2310 5612 2545 5682 accepit.
2607 5613 2768 5666 Unde
2825 5615 3052 5668 Ismaeli
3107 5620 3170 5670 ut
3234 5619 3594 5686 separaretur
3649 5631 3682 5668 a

314 5698 526 5770 populo
566 5699 665 5753 Dei
691 5715 804 5754 non
849 5700 1034 5754 obfuit
1073 5707 1257 5756 mater
1295 5702 1517 5768 ancilla,
1545 5702 1647 5756 sed
1678 5701 1860 5757 obfuit
1885 5703 2136 5756 fraterna
2163 5700 2470 5769 discordia;
2500 5707 2556 5756 et
2592 5718 2707 5756 non
2745 5701 2958 5772 profuit
2982 5706 3230 5773 potestas
3269 5703 3484 5770 uxoris,
3519 5704 3681 5774 cujus

311 5789 498 5860 magis
523 5788 672 5844 tilius
697 5793 837 5859 erat,
871 5790 1004 5861 quia
1031 5807 1133 5861 per
1174 5790 1349 5862 ipsius
1368 5791 1502 5862 jura
1530 5790 1855 5861 conjugalia
1894 5796 1949 5846 et
1972 5792 2032 5845 in
2063 5791 2266 5846 ancilla
2294 5791 2603 5846 seminatus
2644 5796 2766 5846 erat
2805 5796 2864 5846 et
2894 5810 2954 5846 ex
2987 5792 3192 5846 ancilla
3229 5797 3543 5862 susceptus.
3589 5792 3680 5848 Sic

313 5883 370 5933 ct
406 5878 557 5950 apud
585 5879 722 5935 istos
762 5879 1024 5937 Ecclesia
1063 5881 1216 5953 jure,
1255 5879 1408 5953 quod
1455 5885 1539 5936 est
1576 5880 1635 5936 in
1680 5879 1984 5952 Baptismo,
2021 5884 2332 5937 nascuntur
2369 5881 2692 5954 quicunque
2732 5887 3062 5951 nascuntur,
3109 5881 3210 5936 sed
3257 5881 3305 5937 si
3332 5881 3682 5938 concordent
