4104 6192
448 210 519 265 33
726 196 731 199 “
1950 202 2321 263 ramulo.
3748 205 3815 263 3.1

446 353 582 390 cum
610 334 898 403 fratribus,
928 352 1036 407 per
1069 336 1343 390 unitatem
1365 336 1542 406 pacis,
1575 335 1809 390 veniunt
1830 336 1901 390 ad
1929 340 2139 390 terram
2171 334 2585 406 promissionis;
2616 352 2728 389 non
2744 333 2814 390 de
2839 338 3098 392 materno
3128 334 3291 391 utero
3318 353 3512 392 rursus
3537 336 3813 408 ejiciendi,

448 426 554 479 sed
578 426 637 479 in
660 430 900 496 paterno
923 427 1145 480 semine
1168 426 1516 496 agnoscendi
1545 442 1557 480 :
1584 426 1626 480 si
1660 430 1851 480 autem
1875 426 1932 479 in
1957 424 2242 479 discordia
2258 428 2645 495 perseverent,
2674 426 2741 478 ad
2764 426 3012 479 lsmaelis
3031 426 3345 479 funiculum
3377 426 3759 496 pertinebunt.
3787 450 3813 477 ››

447 516 743 568 Immerito
772 532 911 586 ergo
955 514 1274 585 Cyprianus
1314 521 1369 568 et
1406 514 1762 569 Firmilianus
1801 516 2188 569 existimaruat
2226 514 2580 584 Stephanum
2621 514 2820 568 haeresi
2858 515 3029 569 veluti
3060 530 3276 585 sponsae
3314 515 3453 569 ﬁlios
3492 516 3818 583 attribuere,

446 620 580 657 cum
612 603 877 658 heresim
908 604 1084 658 veluti
1114 604 1375 657 ancillam
1416 621 1617 675 parere
1658 604 1879 670 dixerit,
1911 610 1975 658 ut.
2011 620 2154 674 quos
2196 604 2318 674 ipsa
2356 604 2597 674 peperit,
2631 603 2690 656 hi
2731 603 2800 657 ab
2842 604 3115 672 Ecclesia,
3140 621 3268 675 quae
3309 604 3431 659 sola
3473 610 3557 660 est
3588 622 3816 677 sponsa,

445 694 857 764 suscipiantur.
888 694 1009 747 Non
1034 693 1277 747 absimili
1299 694 1586 747 sententia
1616 694 1842 747 videtur
1867 697 2226 764 peccatorum
2250 692 2652 748 remissionem
2682 694 2740 747 in
2768 694 3048 764 baptismo
3081 694 3473 749 barreticorum
3499 695 3814 765 agnovisse.

443 782 956 844 Quemadmodum
984 782 1140 836 enim
1169 781 1449 851 ejusmodi
1479 781 1797 853 baptismus
1826 782 1973 837 hanc
1988 782 2103 836 vim
2129 782 2325 848 habet,
2356 785 2415 835 ut
2445 799 2588 853 quos
2610 782 2835 853 peperit
2862 783 3069 837 ancilla
3096 783 3168 837 ad
3188 800 3451 853 sponsam
3476 786 3814 855 pertineant,

444 887 583 924 cum
617 871 688 925 ab
717 871 964 925 Ecclesia
993 872 1419 942 suscipiuntur;
1452 871 1549 937 sic,
1579 873 1837 942 quamvis
1867 878 2097 943 peccata
2127 889 2239 925 non
2270 871 2523 925 dimittat
2562 872 2619 924 in
2668 871 2873 925 haeresi
2908 870 3289 939 manentibus,
3322 871 3381 925 id
3420 876 3607 927 tamen
3649 874 3815 941 valet,

444 968 511 1013 ut
542 959 837 1032 33-34
867 961 1237 1015 redeuntibus
1262 961 1336 1015 ad
1372 962 1676 1015 Ecclesiam
1711 962 2089 1017 dimittantur.
2120 962 2179 1015 Id
2204 961 2436 1031 egregie
2457 960 2812 1031 Augustinus
2840 960 3079 1031 explicat
3104 960 3161 1014 in
3190 960 3329 1014 libro
3364 962 3470 1015 Ide
3498 964 3769 1031 Baptismo
3802 981 3818 1015 :

447 1069 475 1099 ι
510 1051 851 1120 lntelligant
879 1049 1259 1119 (Donatistaa),
1291 1050 1475 1120 inquit
1502 1052 1581 1120 (ι).
1612 1050 1718 1118 l8),
1751 1050 1806 1104 in
1834 1049 2329 1105 communionibus
2359 1049 2429 1101 ab
2461 1049 2705 1103 Ecclesia
2733 1050 3013 1120 separatis
3042 1065 3202 1119 posse
3235 1048 3493 1103 homines
3522 1049 3815 1120 baptizari,

438 1138 549 1192 ubi
604 1138 811 1192 Christi
871 1138 1188 1209 Baptismus
1238 1140 1437 1193 eadem
1486 1140 1824 1195 sacramenti
1870 1140 2255 1195 celebratione
2308 1139 2475 1193 datur
2520 1143 2574 1193 et
2624 1140 2916 1193 sumitur:
2963 1140 3059 1210 qui
3105 1142 3297 1192 tamen
3342 1146 3475 1193 tunc
3522 1141 3699 1211 prosit
3747 1142 3821 1195 ad

440 1227 848 1281 remissionem
878 1236 1264 1298 peccatorum,
1295 1246 1426 1283 cum
1457 1230 1584 1299 quis
1614 1231 2009 1285 reconciliatus
2039 1231 2242 1285 unitati
2271 1228 2567 1299 sacrilegio
2599 1228 2973 1283 dissensionis
3006 1229 3246 1294 exuitur,
3279 1245 3392 1299 quo
3429 1229 3549 1299 ejus
3590 1233 3821 1300 peccata

439 1316 801 1369 tenebantur
826 1322 881 1370 et
908 1316 1121 1370 dimitti
1150 1335 1266 1371 non
1297 1319 1645 1373 sinebantur.
1673 1342 1700 1368 n
1737 1323 1948 1373 Auctor
1988 1336 2307 1390 anonymus
2344 1318 2470 1371 libri
2512 1319 2577 1371 de
2621 1319 3025 1388 Rebuptismate
3055 1317 3193 1371 nihil
3231 1318 3351 1371 fere
3396 1318 3547 1371 aliud
3594 1319 3817 1389 probat,

437 1405 555 1458 nisi
584 1405 735 1458 hanc
764 1404 1042 1475 baptismi
1066 1406 1202 1459 foris
1229 1408 1447 1478 accepti
1478 1408 1775 1462 utilitatem
1807 1408 1877 1461 ad
1907 1408 2298 1461 remissionem
2333 1410 2694 1477 peccatorum
2727 1407 2783 1459 in
2830 1406 3073 1462 Ecclesia
3104 1407 3589 1476 consequendam.
3616 1408 3823 1463 Statuit

438 1509 499 1562 p.
533 1496 665 1557 357,
695 1514 720 1540 α
752 1494 1169 1548 invocationem
1219 1496 1372 1549 illam
1412 1496 1709 1566 pristinam
1748 1497 1997 1551 nominis
2025 1500 2175 1563 Jesu,
2205 1496 2357 1549 nuda
2403 1502 2457 1550 et
2491 1496 2803 1565 singularis
2833 1497 2875 1548 si
2911 1496 2967 1548 in
3015 1511 3205 1548 errore
3246 1496 3315 1548 sit
3348 1496 3674 1563 constituta,
3709 1515 3820 1551 non

438 1597 609 1651 posse
642 1582 716 1635 ad
746 1584 985 1636 salutem
1037 1584 1420 1654 praestandam
1450 1585 1745 1651 sufﬁcere;
1798 1602 1869 1638 ne
1921 1587 2025 1641 hac
2072 1586 2313 1653 ratione,
2344 1586 2551 1656 inquit,
2584 1586 2759 1638 etiam
2805 1584 3057 1637 ethnicos
3101 1589 3157 1637 et
3197 1584 3488 1638 haereticos
3524 1585 3821 1642 abutentes

440 1686 664 1724 nomen
692 1673 819 1725 Jesu
852 1672 1155 1727 credamus
1184 1674 1251 1727 ad
1280 1674 1519 1727 salutem
1548 1674 1669 1727 sine
1701 1690 1835 1727 vera
1872 1691 1929 1728 re
1957 1679 2127 1746 atque
2160 1676 2387 1745 integra
2426 1690 2588 1745 posse
2618 1673 2937 1743 pervenire.
2975 1673 3157 1736 Quam
3190 1678 3381 1727 tamen
3409 1674 3822 1731 invocationem

437 1760 702 1814 nominis
728 1762 859 1815 Jesu
888 1763 1241 1817 correctione
1270 1764 1476 1817 erroris
1504 1767 1561 1817 et
1587 1763 1882 1833 agnitione
1902 1764 2035 1817 ﬁdei
2063 1764 2331 1833 veritatis,
2358 1764 2668 1818 etabscissa
2690 1763 2848 1817 omni
2878 1763 3007 1816 labe
3031 1762 3334 1833 praeteritae
3355 1766 3815 1832 conversationis,

438 1851 718 1919 mysterio
767 1851 863 1904 Dei
912 1851 1061 1905 circa
1108 1852 1381 1922 ejusmodi
1424 1853 1687 1906 homines
1732 1853 1835 1907 rite
1879 1859 2288 1925 perpetratam,
2337 1854 2523 1907 locum
2570 1869 2741 1924 quem
2792 1852 3060 1907 habitura
3104 1869 3217 1906 non
3265 1855 3387 1905 erat
3432 1853 3709 1922 obtinere,
3764 1858 3819 1909 et

438 1946 736 2009 postremo
766 1940 822 1995 in
849 1940 958 1995 ﬁde
989 1948 1147 1996 recta
1174 1948 1229 1997 et
1251 1943 1319 1996 ad
1348 1943 1731 2012 integritatem
1784 1943 1933 2014 signi
1976 1944 2355 2013 praestandam
2401 1960 2512 1997 non
2561 1943 2778 2009 obesse,
2826 1943 3224 2013 supplemento
3269 1943 3389 2013 ejus
3431 1944 3580 2014 quod
3627 1945 3821 2001 deerat

438 2030 775 2099 accedente,
808 2049 909 2102 per
947 2048 1120 2101 quam
1148 2032 1289 2085 utile
1335 2039 1418 2087 est
1460 2032 1768 2086 credere.»
1819 2032 2092 2087 Videntur
2122 2048 2257 2102 ergo
2303 2033 2618 2102 Cyprianus
2662 2038 2717 2086 et
2762 2032 3150 2100 Firmilianus,
3193 2049 3320 2085 cum
3365 2032 3819 2088 adversariorum

434 2122 782 2174 sententiam
832 2138 946 2175 non
993 2138 1061 2175 ex
1108 2121 1349 2192 paciﬁcis
1396 2122 1689 2193 colloquiis
1732 2139 1795 2175 ac
1838 2120 2337 2191 disputationibus,
2388 2121 2485 2174 sed
2524 2138 2591 2175 ex
2624 2121 2847 2192 scriptis
2894 2124 3110 2175 tantum
3149 2120 3331 2192 iisque
3372 2122 3533 2176 valde
3570 2123 3819 2177 obscuris

436 2209 741 2278 cognitam
774 2210 1073 2276 baberent,
1104 2212 1295 2266 minus
1324 2212 1669 2266 intellexisse
1699 2211 1834 2283 quid
1862 2211 1953 2265 isti
1989 2210 2286 2277 sentirent,
2322 2212 2378 2262 et
2407 2210 2707 2265 credidisse
2734 2211 2904 2264 ﬁdem
2934 2211 3059 2264 illos
3096 2214 3153 2263 et
3178 2211 3391 2280 peccati
3431 2210 3817 2266 dimissionem

436 2297 500 2350 in
532 2297 743 2351 haeresi
776 2316 889 2353 non
917 2300 1344 2355 discedentibus
1374 2300 1695 2369 admittere,
1726 2300 1986 2372 quamvis
2029 2300 2098 2353 de
2139 2299 2246 2354 ﬁde
2288 2299 2465 2353 errori
2504 2300 2839 2354 succedente
2882 2300 3269 2370 loquerentur,
3299 2316 3364 2354 ac
3407 2306 3701 2370 peccatum
3744 2301 3821 2355 ita

436 2385 653 2440 dimitti
687 2387 964 2451 dicerent,
997 2392 1057 2442 ut
1087 2390 1210 2444 haec
1239 2389 1497 2444 dimissio
1524 2396 1659 2445 tunc
1689 2391 1877 2444 valeat
1901 2406 2031 2444 cum
2059 2389 2128 2443 ab
2154 2389 2355 2443 haeresi
2384 2389 2705 2444 disceditur.

512 2512 677 2566 Nunc
700 2513 846 2567 alius
878 2530 1042 2569 error
1070 2532 1101 2568 a
1133 2522 1329 2570 sancto
1367 2516 1635 2586 pontiﬁce
1676 2514 2114 2586 propulsandus,
2146 2514 2237 2568 cui
2275 2514 2577 2569 verisimile
2617 2531 2733 2570 non
2775 2521 2861 2569 est
2896 2515 3250 2586 Baptismum
3297 2515 3355 2569 in
3394 2514 3566 2570 solius
3606 2516 3815 2572 Christi

436 2602 683 2657 nomine
713 2604 1017 2674 probatum
1044 2604 1218 2660 fuisse
1255 2625 1267 2659 :
1300 2610 1357 2659 t°
1388 2605 1680 2660 immerito
1702 2605 1760 2659 in
1797 2604 2090 2674 Stephano
2121 2603 2353 2675 ejusque
2384 2604 2549 2659 sociis
2582 2605 3002 2675 vituperaretur
3041 2605 3318 2674 ejusmodi
3367 2605 3638 2676 loquendi
3674 2608 3815 2662 ratio

442 2708 574 2762 quae
626 2698 684 2746 et
726 2694 1030 2763 Scripturas
1077 2695 1411 2750 auctoritate
1452 2699 1509 2750 et
1549 2694 1906 2750 ecclesiastici
1947 2693 2229 2748 sermonis
2273 2712 2379 2749 usu
2434 2695 2656 2749 ﬁrmata
2698 2698 2799 2762 est,
2837 2699 2901 2747 ut
2944 2693 3300 2749 demonstrat
3348 2694 3520 2748 modo
3560 2695 3816 2751 laudatus

437 2781 631 2835 editor
658 2783 832 2851 Epist.
863 2797 1057 2837 summ.
1092 2785 1245 2839 Pent.
1279 2788 1340 2838 2°
1378 2786 1534 2848 Quod
1564 2787 1780 2855 spectat
1825 2784 1892 2838 ad
1933 2784 2309 2854 Stephanum,
2343 2802 2459 2839 non
2507 2800 2636 2839 eum
2671 2785 2772 2839 hac
2800 2784 2857 2838 in
2889 2801 2948 2839 re
2994 2784 3197 2839 erroris
3222 2790 3446 2839 accusat
3486 2786 3815 2856 Cyprianus,

439 2872 707 2941 quamvis
763 2872 948 2941 prima
1003 2874 1189 2944 specie
1249 2891 1516 2930 accusare
1562 2876 1838 2929 videatur.
1894 2894 1920 2924 α
1975 2875 2094 2929 Non
2144 2881 2229 2930 est
2292 2879 2484 2929 autem
2546 2874 2697 2944 quod
2742 2872 2964 2944 aliquis,
3010 2895 3037 2923 ››
3084 2874 3267 2944 inquit
3323 2874 3379 2927 in
3434 2876 3604 2943 Epist.
3653 2891 3817 2943 Lxxu,

440 2980 467 3007 ‹‹
513 2960 586 3013 ad
619 2961 1181 3015 circumveniendam
1215 2963 1588 3018 christianam
1617 2965 1912 3018 veritatem
1942 2964 2147 3018 Christi
2180 2980 2387 3018 nomen
2418 2966 2689 3034 opponat,
2726 2967 2785 3015 ut
2833 2962 2976 3016 dicat
3008 2980 3019 3015 :
3067 2964 3127 3015 ln
3168 2963 3401 3016 nomine
3451 2965 3579 3017 Jesu
3612 2965 3817 3018 Christi

430 3049 765 3119 ubicunque
797 3053 880 3103 est
917 3051 1432 3123 quomodocunque
1462 3053 1726 3123 baptizati
1761 3054 2008 3123 gratiam
2039 3054 2311 3124 Baptismi
2339 3055 2471 3106 sunt
2502 3052 2806 3104 consecuti.
2842 3072 2867 3099 η
2914 3052 2978 3104 Et
3018 3051 3186 3121 paulo
3226 3054 3355 3121 post
3384 3069 3396 3103 :
3440 3072 3465 3099 ‹‹
3509 3051 3812 3115 Quomodo

436 3154 581 3207 ergo
637 3138 868 3208 quidam
914 3139 1110 3193 dicunt
1164 3139 1303 3194 foris
1360 3144 1524 3195 extra
1578 3142 1905 3211 Ecclesiam,
1948 3145 2065 3197 imo
2112 3148 2168 3196 et
2212 3146 2411 3197 contra
2460 3140 2781 3208 Ecclesiam,
2828 3140 2999 3194 modo
3045 3140 3104 3193 in
3154 3140 3388 3195 nomine
3429 3144 3558 3195 Jesu
3610 3142 3816 3197 Christi

439 3226 792 3296 ubicumque
819 3230 875 3280 et
904 3228 1441 3300 quomodocumque
1470 3231 1820 3301 baptizatum
1837 3233 2108 3302 gentilem
2140 3232 2532 3286 remissionem
2563 3236 2922 3299 peccatorum
2943 3229 3217 3299 consequi
3239 3246 3422 3300 posse,
3445 3231 3671 3301 quando
3695 3232 3812 3301 ipse

434 3315 700 3370 Christus
726 3323 924 3385 gentes
951 3316 1218 3386 baptizari
1238 3318 1440 3387 jubeat
1468 3319 1525 3372 in
1559 3320 1724 3390 plena
1751 3326 1807 3375 et
1832 3322 2081 3375 adunata
2109 3322 2382 3375 Trinitate
2406 3321 2433 3374 ?
2462 3342 2488 3369 ››
2521 3320 2651 3386 Sed,
2684 3324 2744 3373 ut
2784 3319 2902 3371 haec
2941 3318 3358 3389 intelligantur,
3392 3320 3811 3374 observandum

436 3408 527 3457 est
554 3404 901 3473 Cyprianum
928 3405 1034 3459 hoc
1060 3406 1182 3459 loco
1218 3422 1333 3460 non
1362 3407 1422 3460 id
1456 3408 1513 3461 in
1542 3408 1882 3462 adversariis
1913 3410 2165 3480 culpare,
2189 3410 2344 3481 quod
2372 3410 2545 3462 trium
2574 3409 2951 3461 Personarum
2973 3407 3218 3478 aliquam
3240 3408 3297 3461 in
3322 3409 3606 3480 Baptismo
3628 3412 3815 3465 omitti

435 3510 606 3563 posse
651 3494 929 3561 dicerent,
973 3495 1072 3548 sed
1109 3496 1259 3565 quod
1307 3496 1481 3551 ﬁdem
1522 3498 1579 3551 in
1614 3504 1730 3552 tres
1770 3501 2044 3553 Personas
2097 3498 2469 3553 necessariam
2512 3501 2812 3567 negarent.
2859 3497 3018 3563 Nam,
3062 3514 3191 3550 cum
3238 3498 3580 3553 Marcionitze
3625 3506 3679 3554 et
3718 3500 3814 3554 alii

436 3583 731 3653 ejusmodi
757 3584 1010 3638 hazretici
1038 3584 1346 3639 horrendas
1372 3586 1752 3657 blasphemias
1788 3588 1844 3641 in
1876 3591 2099 3643 Patrem
2137 3592 2492 3653 evomerent,
2534 3586 2830 3639 contendit
2866 3586 3179 3657 Cyprianus
3221 3587 3360 3641 nihil
3404 3588 3511 3641 illis
3548 3589 3814 3659 prodesse

436 3689 663 3728 nomen
688 3673 915 3741 Christi,
945 3674 1078 3745 quia
1112 3696 1139 3724 ‹‹
1168 3673 1291 3731 sine
1322 3677 1487 3730 Patre
1514 3684 1611 3731 aut
1639 3683 1835 3732 contra
1861 3680 2085 3733 Patrem
2132 3679 2399 3749 prodesse
2440 3676 2702 3747 cuiquam
2751 3677 2899 3729 solus
2947 3677 3113 3730 Filius
3148 3694 3263 3731 non
3292 3682 3492 3748 potest.
3524 3680 3816 3742 Quomodo

434 3764 651 3834 inquit,
680 3780 793 3819 non
821 3767 1072 3837 cognito,
1104 3769 1220 3823 imo
1251 3772 1308 3823 et
1336 3767 1727 3839 blasphemato
1760 3771 1872 3823 Deo
1901 3770 2083 3836 Patre,
2109 3769 2206 3839 qui
2230 3767 2381 3838 apud
2410 3767 2704 3821 haereticos
2732 3766 2938 3821 Christi
2972 3768 3203 3822 nomine
3231 3767 3497 3839 baptizati
3525 3768 3812 3840 dicuntur,

434 3859 807 3925 peccatorum
856 3856 1152 3911 remissam
1203 3857 1485 3911 consecuti
1523 3857 1897 3927 judicantur?
1942 3858 2143 3930 Rejicit
2183 3874 2321 3929 ergo
2362 3857 2677 3928 Cyprianus
2726 3855 3014 3927 baptisma
3059 3857 3130 3911 ab
3173 3858 3455 3911 haereticis
3503 3858 3561 3912 in
3608 3859 3813 3915 Christi

441 3944 687 4000 nomine
716 3945 931 4015 datum,
965 3964 1081 4002 non
1110 3948 1179 4002 ob
1208 3950 1383 4003 Patris
1424 3948 1989 4019 praetermissionem,
2020 3966 2146 4020 quae
2187 3965 2276 4003 res
2321 3948 2379 4001 in
2427 3945 2869 4000 controversiam
2918 3963 3032 4000 non
3094 3946 3381 4014 veniebat,
3412 3948 3507 4001 sed
3542 3948 3611 4001 ob
3657 3948 3808 4003 blas-

437 4035 703 4106 phemias
732 4035 787 4088 in
816 4037 1063 4091 Patrem.
1095 4038 1236 4092 Hinc
1263 4038 1407 4092 illud
1434 4038 1585 4093 idem
1614 4038 1897 4110 baptisma
1924 4040 2142 4110 probat,
2174 4038 2219 4091 si
2246 4037 2302 4091 in
2322 4035 2524 4092 Christi
2555 4035 2790 4089 veritate
2819 4035 3287 4090 administretur:
3320 4055 3347 4087 «
3374 4036 3527 4091 Unde
3551 4046 3810 4109 apparet,

434 4126 650 4195 inquit,
702 4142 816 4179 non
860 4141 927 4179 ea
970 4127 1160 4181 statim
1201 4128 1559 4200 suscipienda
1600 4135 1655 4185 et
1697 4130 2037 4185 assumenda
2074 4146 2200 4201 qua:
2237 4130 2526 4200 jactentur
2566 4126 2623 4179 in
2670 4125 2900 4179 nomine
2946 4125 3170 4193 Christi,
3213 4125 3314 4179 sed
3360 4142 3487 4196 quae
3533 4132 3814 4196 geruntur

435 4214 499 4268 in
547 4214 756 4270 Christi
810 4216 1061 4270 veritate.
1109 4238 1136 4266 »
1199 4216 1349 4272 Idem
1400 4235 1535 4290 ergo
1588 4223 1673 4273 est
1715 4220 1992 4290 Baptisma
2027 4220 2084 4273 in
2128 4219 2335 4273 Christi
2379 4216 2634 4282 nomine,
2666 4232 2728 4269 ac
2777 4215 3065 4285 Baptisma
3113 4232 3145 4268 a
3190 4215 3410 4271 Christo
3459 4216 3808 4285 institutum.

436 4303 802 4358 Firmilianus
829 4306 924 4375 qui
952 4304 1099 4359 hanc
1129 4308 1395 4378 Cypriani
1421 4309 1719 4379 epistolam
1747 4309 1982 4380 legerat,
2017 4314 2185 4380 atque
2218 4308 2369 4361 hunc
2402 4308 2589 4361 locum
2620 4305 2715 4376 qui
2744 4321 2894 4358 nunc
2925 4305 2985 4358 in
3019 4304 3283 4359 manibus
3313 4309 3414 4373 est,
3450 4308 3509 4360 ut
3539 4306 3809 4379 pleraque

435 4395 573 4459 alia,
604 4393 1091 4450 observationibus
1136 4398 1249 4452 suis
1288 4398 1613 4467 conﬁrmat,
1649 4400 1938 4470 Baptisma
1979 4400 2037 4453 in
2078 4397 2283 4454 Christi
2325 4396 2560 4451 nomine
2594 4394 2717 4449 dari
2757 4395 3062 4461 existimat,
3091 4412 3218 4449 cum
3260 4396 3318 4449 in
3368 4395 3597 4451 nomine
3638 4398 3811 4453 trium

435 4485 827 4539 Personarum
857 4486 1041 4554 datur,
1076 4503 1258 4559 nequc
1290 4489 1346 4542 in
1375 4489 1712 4543 adversariis
1743 4490 1936 4559 culpat
1964 4488 2114 4560 quod
2158 4488 2446 4558 Baptisma
2490 4486 2547 4539 in
2583 4484 2788 4539 Christi
2829 4484 3002 4539 solius
3041 4485 3271 4539 nomine
3313 4489 3498 4540 ratum
3542 4488 3810 4561 habeant,

437 4574 541 4629 sed
573 4596 599 4623 ‹‹
635 4575 792 4646 quod
817 4592 931 4630 non
960 4582 1162 4648 putant
1191 4580 1567 4649 quaerendum
1605 4596 1725 4634 esse
1752 4580 1880 4651 quis
1908 4578 1979 4633 sit
2006 4579 2097 4632 ille
2125 4578 2222 4650 qui
2251 4576 2640 4648 baptizaverit,
2677 4590 2743 4630 eo
2773 4573 2923 4646 quod
2964 4572 3061 4644 qui
3090 4574 3405 4646 baptizatus
3444 4577 3534 4645 sit,
3569 4580 3811 4649 gratiam

437 4667 709 4738 consequi
740 4667 988 4737 potuerit
1018 4668 1277 4722 invocata
1308 4669 1558 4724 trinitate
1588 4670 1889 4724 nominum
1918 4668 2094 4723 Patris
2122 4673 2176 4722 et
2204 4667 2320 4721 Filii
2352 4671 2409 4720 et
2449 4666 2689 4736 Spiritus
2719 4665 2918 4732 sancti,
2952 4664 3116 4734 quasi
3154 4663 3434 4718 invocatio
3484 4666 3605 4719 hac
3650 4670 3800 4725 nuda

435 4754 746 4811 nominum
778 4754 1023 4808 sufﬁciat
1051 4755 1119 4809 ad
1142 4755 1540 4811 remissionem
1568 4760 1929 4828 peccatorum
1960 4763 2015 4813 et
2044 4756 2314 4829 Baptismi
2347 4756 2880 4810 sanctiﬁcationem.
2913 4774 2939 4801 ››

511 4882 655 4947 Quin
687 4881 857 4936 etiam
888 4897 1005 4936 non
1035 4881 1207 4937 modo
1234 4882 1572 4954 Stephanus,
1606 4884 1704 4939 sed
1734 4903 1804 4940 ne
1835 4886 1954 4957 ipse
1977 4885 2209 4957 quidem
2227 4888 2421 4939 auctor
2436 4896 2757 4952 anonymus
2784 4878 2911 4933 libri
2932 4880 2996 4933 de
3023 4879 3435 4950 Rebaptt‘smute,
3458 4882 3555 4953 qui
3581 4884 3809 4956 Cypria-

434 4989 580 5028 num
606 4972 939 5026 vehementi
969 4976 1129 5027 aceto
1162 4973 1436 5044 perfudit,
1468 4974 1754 5045 Baptisma
1781 4976 1839 5030 in
1872 4976 1989 5031 solo
2019 4975 2228 5031 Christi
2251 4972 2481 5028 nomine
2511 4971 2734 5025 videtur
2766 4971 3066 5041 probasse;
3100 4970 3204 5023 hoc
3225 4976 3410 5025 tamen
3430 4988 3621 5028 errore
3646 4974 3808 5032 illum

434 5062 837 5119 Tillemontius
865 5062 1149 5117 laborasse
1179 5063 1490 5130 contendit,
1519 5064 1617 5118 sed
1650 5083 1880 5136 prorsus
1907 5066 2208 5120 immerito.
2243 5065 2290 5117 [s
2318 5063 2471 5117 enim
2504 5060 2786 5131 Baptisma
2812 5060 2870 5114 in
2897 5060 3102 5114 Christi
3130 5060 3358 5117 nomine
3390 5062 3815 5135 interpretatur

432 5153 603 5221 illud,
636 5152 793 5223 quod
823 5170 889 5207 ex
929 5153 1114 5207 forma
1149 5170 1180 5206 a
1220 5154 1443 5208 Christo
1482 5156 1811 5227 praescripta
1854 5156 2165 5210 confertur.
2210 5155 2387 5207 Locus
2427 5151 2545 5223 ipse
2584 5167 2753 5221 quem
2793 5149 2985 5220 objicit
3023 5150 3414 5206 Tillemontius
3457 5170 3576 5207 rem
3617 5164 3812 5226 aperte

436 5248 840 5304 demonstrat:
880 5264 906 5296 «
947 5244 1181 5300 Multum
1225 5246 1459 5300 interest
1501 5268 1551 5314 ››,
1594 5246 1779 5317 inquit
1818 5262 2138 5317 anonymus
2181 5244 2423 5313 scriptor
2449 5257 2579 5312 pag.
2614 5242 2738 5306 358,
2775 5260 2802 5289 ‹‹
2850 5246 3041 5294 utrum
3075 5238 3133 5293 in
3182 5242 3375 5295 totum
3419 5243 3547 5311 quis
3588 5261 3701 5299 non
3744 5248 3816 5302 sit

434 5338 761 5408 baptizatus
789 5334 847 5388 in
882 5334 1117 5389 nomine
1150 5334 1375 5389 Domini
1408 5336 1588 5389 nostri
1615 5337 1743 5390 Jesu
1771 5336 1997 5401 Christi,
2027 5353 2097 5389 an
2126 5351 2255 5388 vero
2304 5333 2362 5387 in
2402 5331 2590 5401 aliquo
2632 5328 2909 5384 claudicet
2946 5346 3076 5383 cum
3118 5329 3436 5399 baptizatur
3476 5332 3812 5403 baptismate

437 5442 627 5497 aquas,
655 5424 808 5495 quod
841 5423 1028 5477 minus
1053 5426 1155 5488 est,
1188 5423 1495 5479 dummodo
1542 5429 1735 5495 postea
1777 5430 1993 5480 constet
2034 5427 2092 5479 in
2131 5424 2366 5479 veritate
2409 5423 2627 5477 sincera
2670 5421 2809 5475 ﬁdes
2860 5422 2917 5474 in
2967 5419 3309 5490 baptismate
3360 5421 3623 5491 Spiritus,
3656 5424 3808 5493 quod

437 5533 552 5569 non
581 5514 751 5568 dubie
786 5513 971 5583 majus
998 5518 1100 5566 est.
1134 5514 1240 5567 Nec
1268 5515 1512 5569 aestimes
1539 5514 1671 5568 huic
1698 5516 1956 5569 tractatui
1988 5514 2337 5569 contrarium
2369 5530 2491 5568 esse
2521 5512 2670 5583 quod
2703 5512 2842 5566 dixit
2871 5510 3141 5565 Dominus
3181 5527 3194 5564 :
3245 5512 3345 5572 Ite,
3397 5512 3573 5567 docete
3609 5519 3808 5582 gentes,

434 5607 675 5672 tinguite
714 5621 797 5659 eos
844 5608 902 5658 in
946 5605 1160 5657 nomine
1200 5607 1384 5659 Patris
1428 5612 1476 5659 et
1528 5606 1657 5659 Filii
1701 5611 1749 5658 ct
1796 5607 2034 5675 Spiritus
2077 5606 2294 5671 sancti;
2338 5604 2488 5675 quia,
2523 5618 2650 5657 cum
2698 5602 2803 5656 hoc
2851 5616 3049 5654 verum
3092 5605 3147 5655 et
3191 5604 3405 5655 rectum
3450 5604 3508 5655 et
3551 5601 3810 5655 omnibus

438 5695 625 5748 modis
668 5696 724 5748 in
767 5695 1005 5749 Ecclesia
1055 5693 1469 5749 observandum
1523 5696 1612 5764 sit,
1638 5699 1693 5749 et
1741 5694 2023 5750 observari
2075 5711 2305 5765 quoque
2348 5694 2575 5747 solitum
2618 5691 2707 5761 sit,
2754 5694 2947 5746 tamen
2988 5690 3342 5744 considerare
3397 5692 3619 5761 oportet
3661 5690 3811 5761 quod

438 5782 724 5841 invocatio
749 5784 995 5841 nominis
1014 5787 1146 5841 Jesu
1183 5802 1297 5841 non
1328 5786 1501 5842 debet
1527 5803 1560 5840 a
1588 5786 1745 5842 nobis
1772 5785 1946 5841 futilis
1974 5783 2156 5841 videri
2198 5790 2435 5859 propter
2478 5782 2904 5839 venerationem
2933 5786 2986 5838 et
3016 5779 3284 5837 virtutem
3324 5779 3502 5855 ipsius
3540 5780 3807 5856 nominis,
