4084 6208
323 276 388 333 35
1614 256 1678 319 Ι).
1718 258 1936 319 PRUDE

2063 259 2084 314 I
2121 255 2378 317 MARANI
3606 263 3672 319 36

323 405 382 459 in
411 419 523 475 quo
547 401 785 458 nomine
826 399 1062 453 virtutes
1092 410 1293 450 omnes
1319 393 1508 448 solent
1549 391 1672 446 ﬁeri
1717 397 1772 445 et
1814 406 2228 460 nonnunquam
2267 389 2442 442 etiam
2487 387 2693 459 aliqua
2732 387 2802 443 ab
2848 387 3176 444 hominibus
3202 389 3507 446 extraneis.
3538 413 3566 442 ››
3596 393 3673 446 Ex

323 493 528 565 quibus
552 489 836 546 concludit
865 485 1252 543 Tillemontius
1309 483 1461 537 hunc
1512 480 1868 551 scriptorem,
1897 479 2001 532 etsi
2040 479 2247 532 fatetur
2291 482 2404 530 tres
2438 494 2708 548 personas
2749 478 3036 532 nominari
3081 479 3258 534 solere
3304 480 3360 534 in
3406 481 3673 552 Ecclesia,

322 600 436 637 non
463 586 650 636 tamen
679 579 904 632 irritum
946 575 1293 645 baptismum
1341 574 1566 642 putare,
1597 569 1641 622 si
1669 569 1726 622 in
1755 569 1872 622 solo
1914 568 2042 621 Jesu
2090 567 2320 621 nomine
2366 567 2709 621 conferatur.
2749 567 2858 622 Sed
2901 573 3094 622 noster
3134 569 3228 623 ille
3275 571 3512 640 scriptor
3557 587 3674 625 non

325 672 381 726 id
415 671 517 725 sibi
546 668 738 738 objicit
765 683 829 720 ex
857 664 1063 718 Christi
1091 661 1278 716 verbis
1308 681 1318 714 :
1343 663 1410 713 In
1437 660 1651 712 nomine
1677 659 1859 711 Putris
1881 662 1929 710 et
1953 658 2078 711 Filii
2113 661 2165 709 et
2188 658 2430 726 Spiritus
2461 659 2674 722 sancti;
2707 657 2805 711 sed
2827 657 2988 724 illud,
3021 661 3210 713 Docete
3234 664 3413 726 gentes
3443 677 3456 712 :
3488 675 3675 729 neque

324 760 465 816 illud
494 756 748 813 defendit
775 755 1053 825 baptisma
1083 752 1173 806 cui
1199 750 1342 805 desit
1366 749 1543 804 trium
1575 749 1946 801 Personarum
1985 746 2313 816 appellatio,
2337 746 2429 800 sed
2463 745 2553 800 cui
2587 745 2732 801 desit
2760 767 2788 795 ‹‹
2817 747 3034 802 sincera
3065 748 3221 816 ﬁdes,
3252 768 3279 799 ι)
3310 754 3366 803 et
3391 749 3546 819 quod
3575 751 3674 815 ait,

327 870 354 899 ‹‹
388 851 445 902 tn
468 846 711 903 Ecclesia
739 843 1156 900 observandum
1185 845 1242 896 et
1270 837 1555 895 observari
1585 837 1835 902 solitum,
1866 856 1892 886 »
1918 837 2165 890 refertur
2192 837 2259 890 ad
2287 834 2579 908 35-36
2608 835 2731 891 hac
2752 838 2956 892 verba:
2985 840 3083 901 Ite,
3112 839 3290 893 docete
3309 845 3506 907 gentes.
3539 840 3677 892 Hinc

325 937 621 1009 Apostolos
646 934 958 999 contendit,
993 948 1122 987 cum
1171 927 1439 1001 baptizati
1478 932 1611 981 sunt
1650 925 1975 980 Judaorum
2026 942 2206 994 more,
2235 926 2304 980 de
2346 925 2554 980 Christi
2585 926 3009 981 immortalitate
3050 928 3310 995 sensisse,
3354 943 3457 982 nec
3502 927 3677 998 ipsius

324 1029 573 1080 mortem
615 1028 671 1078 et
709 1020 1189 1075 resurrectionem
1233 1014 1531 1071 credidisse
1563 1030 1576 1068 :
1608 1015 1758 1070 unde
1801 1016 1878 1070 sic
1922 1015 2312 1086 concludit(p.
2347 1016 2470 1084 360)
2504 1031 2516 1070 :
2551 1036 2578 1065 «
2625 1017 2819 1087 Itaque
2863 1017 3017 1087 quod
3065 1017 3139 1071 ad
3185 1016 3332 1088 ipsos
3371 1015 3676 1087 discipulos

325 1114 593 1186 pertinet,
617 1127 799 1181 neque
830 1109 1140 1180 perfectam
1169 1105 1338 1160 tidem
1373 1103 1659 1169 habuisse,
1685 1104 1774 1158 his
1801 1103 1984 1158 modis
2015 1104 2219 1175 quibus
2244 1105 2543 1158 retulimus
2570 1104 2964 1172 inveniuntur,
2989 1108 3045 1158 et
3060 1105 3214 1176 quod
3241 1105 3422 1160 multo
3451 1106 3676 1176 gravius

327 1208 430 1268 est,
461 1203 603 1256 sicut
627 1202 685 1255 in
715 1199 1016 1269 Evangelio
1039 1203 1157 1252 cata
1181 1199 1462 1252 Joannem
1497 1193 1769 1264 Scriptum
1806 1199 1910 1256 est,
1941 1193 2110 1248 etiam
2141 1193 2278 1247 alios
2307 1193 2688 1264 baptizabant.
2727 1217 2754 1245 »
2784 1195 2904 1248 Non
2930 1209 3069 1265 ergo
3092 1196 3281 1266 agitur
3307 1195 3416 1249 hoc
3456 1196 3580 1250 loco
3608 1195 3675 1249 de

329 1291 707 1363 appellatione
733 1289 906 1344 trium
936 1290 1330 1350 Personarum,
1368 1284 1462 1338 sed
1487 1300 1577 1337 res
1603 1288 1668 1338 ut
1696 1289 1848 1338 certa
1872 1298 1937 1336 ac
1965 1282 2202 1336 minime
2230 1286 2590 1336 controversa
2627 1283 2877 1353 ponitur,
2907 1300 3010 1338 nec
3040 1283 3326 1354 Baptisma
3349 1283 3410 1338 in
3444 1283 3676 1338 nomine

323 1386 454 1440 Jesu
483 1381 634 1453 apud
661 1382 810 1435 hunc
843 1378 1178 1448 scriptorem
1207 1375 1358 1430 aliud
1389 1379 1571 1441 sonat,
1605 1375 1666 1428 ut
1695 1371 1886 1426 videre
1917 1375 2004 1425 est
2031 1387 2098 1426 ex
2137 1371 2319 1425 verbis
2345 1373 2512 1426 modo
2543 1371 2744 1441 citatis,
2772 1388 2836 1426 ac
2872 1373 3158 1443 Baptisma
3176 1389 3362 1445 aqua,
3393 1373 3676 1444 Baptisma

325 1475 384 1528 in
412 1471 648 1526 nomine
680 1468 858 1523 Patris
883 1473 939 1522 et
965 1466 1086 1520 Filii
1116 1472 1170 1519 et
1198 1465 1438 1534 Spiritus
1465 1462 1665 1516 sancti.

395 1565 518 1617 Jam
541 1575 676 1613 vero
709 1573 822 1612 non
851 1557 1024 1627 longa
1051 1554 1432 1627 disputatione
1460 1569 1606 1623 opus
1631 1555 1717 1607 est
1760 1558 1820 1604 ut
1863 1557 2286 1622 propugnatum
2316 1568 2349 1605 a
2388 1552 2678 1623 Stephano
2723 1568 2867 1624 papa
2896 1553 3221 1608 institutum
3262 1570 3327 1608 ex
3362 1554 3677 1609 traditionis

329 1648 656 1722 apostolica
680 1645 936 1701 fontibus
963 1643 1299 1715 profluxisse
1327 1642 1810 1696 demonstremus.
1834 1640 2279 1711 Vigebatutique
2308 1642 2428 1696 hac
2458 1643 2832 1707 consuetudo,
2865 1645 3115 1714 exceptis
3141 1643 3247 1697 illis
3277 1643 3526 1698 ecclesiis
3542 1660 3680 1713 quas

327 1739 678 1812 synodorum
709 1736 939 1791 decreta
985 1733 1044 1787 in
1093 1733 1267 1786 aliam
1312 1731 1648 1787 sententiam
1692 1731 2066 1784 detorserant.
2118 1730 2345 1784 Nullum
2390 1731 2446 1785 in
2489 1731 2794 1787 Occidente
2838 1732 3139 1804 vestigium
3180 1732 3365 1787 iterati
3415 1731 3680 1802 Baptismi

324 1832 706 1902 praterquam
732 1825 790 1879 in
819 1824 1027 1878 Africa.
1057 1823 1118 1877 In
1159 1822 1391 1876 Oriente
1423 1825 1661 1876 testatur
1701 1819 1971 1874 Eusebius
1997 1818 2159 1890 (Hist.
2184 1821 2218 1873 ι.
2251 1836 2341 1888 vn,
2370 1837 2414 1875 c.
2442 1822 2495 1893 2)
2525 1823 2818 1894 antiquam
2847 1822 3322 1877 consuetudinem
3358 1821 3677 1885 invaluisse,

327 1922 390 1973 ut
437 1917 496 1970 in
541 1913 886 1985 recipiendis
935 1911 1222 1966 hareticis
1274 1912 1397 1966 sola
1437 1926 1713 1965 manuum
1761 1909 2053 1980 impositio
2095 1925 2225 1963 cum
2282 1910 2709 1980 precationibus
2754 1912 3140 1967 adhiberetur.
3193 1913 3406 1966 Morem
3458 1911 3681 1982 Egypti

325 2006 701 2080 perspicimus
743 2019 809 2057 ex
849 2001 1191 2056 testimoniis
1239 2000 1485 2071 Dionysii
1523 1997 1894 2056 Alexandrini
1936 1999 2085 2069 apud
2128 1999 2427 2054 Eusebium
2480 2000 2537 2054 in
2583 2001 2782 2056 eodem
2832 2001 2978 2056 libro
3023 2001 3398 2056 exstantibus.
3447 2002 3684 2055 Minatus

327 2099 513 2153 fuerat
541 2093 863 2164 Stephanus
888 2107 946 2146 se
985 2107 1115 2146 cum
1158 2090 1530 2160 Cappadocia,
1559 2089 1772 2156 Cilicia,
1809 2088 2023 2143 Galatia
2053 2091 2110 2143 et
2147 2089 2404 2144 finitimis
2448 2089 2780 2160 regionibus
2825 2107 2943 2145 non
2987 2092 3582 2156 communicaturum;
3626 2092 3684 2144 at

324 2186 496 2242 nulla
540 2199 771 2255 prorsus
825 2182 894 2236 de
946 2182 1186 2251 Egypto
1240 2180 1523 2250 querela;
1575 2177 1891 2249 quinetiam
1947 2178 2243 2249 Dionysius
2286 2179 2721 2246 Alexandrinus,
2780 2194 2990 2248 magno
3046 2179 3304 2233 Ecclesia
3356 2178 3678 2245 commodo,

325 2272 672 2344 interposuit
695 2286 754 2324 se
784 2269 839 2323 in
885 2268 1334 2340 pacificationem
1361 2267 1596 2321 dissidii.
1646 2266 1808 2330 Quod
1841 2272 2031 2322 autem
2062 2268 2316 2338 Xystum,
2351 2267 2669 2322 Romanum
2717 2267 3069 2337 pontiﬁcem,
3099 2268 3514 2322 consulendum
3561 2283 3681 2321 esse

325 2365 487 2420 duxit
511 2364 580 2417 de
610 2361 844 2416 homine
867 2358 1214 2430 jamdudum
1244 2357 1304 2411 in
1332 2357 1634 2413 Ecclesiam
1660 2372 1908 2424 reverso,
1939 2356 2037 2410 sed
2065 2356 2162 2426 qui
2194 2373 2253 2410 se
2281 2356 2458 2427 impio
2486 2361 2542 2410 et
2569 2357 2738 2426 pleno
2764 2355 3142 2427 blasphemia
3169 2355 3459 2426 baptismo
3487 2354 3679 2409 initia-

326 2456 451 2507 tum
496 2450 665 2504 fuisse
715 2447 1091 2511 meminerat;
1139 2445 1195 2499 id
1240 2461 1352 2499 non
1394 2445 1576 2500 solum
1626 2445 1878 2516 Dionysii
1920 2445 2354 2500 consensionem
2405 2461 2533 2499 cum
2584 2445 2826 2499 Ecclesia
2881 2446 3159 2513 Romana,
3201 2451 3256 2499 et
3309 2445 3561 2499 alienum
3613 2443 3681 2498 ab

323 2540 588 2596 iterando
620 2537 904 2607 Baptismo
933 2535 1192 2589 animum
1222 2534 1487 2601 declarat,
1507 2535 1604 2589 sed
1635 2534 1808 2589 etiam
1834 2541 2175 2605 argumento
2195 2536 2278 2588 est
2297 2532 2372 2586 ad
2398 2532 2577 2602 ipsius
2600 2531 2990 2586 decessoribus
3011 2531 3243 2585 Heracla
3271 2537 3371 2585 aut
3394 2530 3679 2584 Demetrio

325 2628 426 2700 qui
455 2629 607 2682 hunc
638 2625 932 2679 hominem
961 2626 1314 2692 receperant,
1345 2622 1539 2678 solitos
1569 2639 1683 2677 non
1723 2623 1892 2678 fuisse
1933 2623 2236 2677 redeuntes
2263 2622 2556 2676 hareticos
2593 2621 2883 2691 baptizari.
2920 2622 3035 2675 Huc
3078 2620 3297 2675 accedit
3329 2620 3511 2674 Basilii
3532 2620 3683 2674 testi-

324 2717 604 2781 monium,
635 2713 733 2785 qui
758 2713 1106 2782 baptismum
1131 2711 1606 2766 Montanistarum
1639 2712 1900 2782 Dionysio
1927 2712 2312 2766 Alexandrino
2343 2711 2638 2782 probatum
2667 2711 2840 2764 fuisse
2867 2715 3154 2765 asseverat
3181 2727 3304 2764 can.
3344 2715 3389 2764 l.
3421 2710 3574 2774 Quod
3610 2726 3679 2763 ex

325 2806 615 2861 Clemente
663 2798 1046 2855 Alexandrino
1098 2797 1361 2867 objicitur
1405 2797 1650 2869 (Strom.,
1680 2817 1716 2870 ι,
1759 2820 1819 2872 p.
1854 2803 1996 2872 317),
2027 2819 2231 2874 aquam
2275 2801 2674 2856 haereticorum
2723 2817 2845 2855 esse
2892 2817 3098 2872 aquam
3143 2799 3408 2868 alienam,
3456 2799 3515 2853 id
3567 2816 3682 2854 non

327 2891 540 2964 expiari
569 2890 772 2962 probat
798 2887 896 2942 sed
924 2886 1306 2940 contaminari
1334 2887 1432 2957 qui
1468 2888 1816 2960 Baptismum
1859 2891 1918 2944 in
1959 2891 2160 2946 haresi
2207 2891 2330 2960 jam
2378 2890 2557 2945 adulti
2597 2891 2918 2961 accipiunt;
2965 2896 3019 2944 at
3063 2889 3408 2960 Baptismum
3456 2888 3680 2942 irritum

325 2985 516 3037 sancto
540 2978 818 3038 Clementi
844 2983 900 3031 et
923 2977 1146 3031 nullum
1177 2977 1359 3031 visum
1407 2995 1526 3033 esse
1555 2996 1670 3034 non
1722 2980 1942 3050 probat.
1978 2979 2263 3034 Difﬁcilior
2305 2981 2374 3034 ad
2420 2980 2817 3050 explicandum
2868 2979 3268 3050 Hieronymus,
3301 2977 3399 3049 qui
3437 2978 3494 3032 in
3535 2977 3680 3032 libro

324 3072 391 3126 de
412 3068 780 3138 Scriptoribus
810 3064 1173 3120 ecclesiasticis
1205 3067 1444 3119 testatur
1468 3067 1796 3136 Dionysium
1826 3069 2270 3123 Alexandrinum
2298 3070 2451 3124 idem
2481 3086 2545 3124 ac
2581 3069 2925 3141 Cyprianum
2957 3068 3028 3123 de
3062 3068 3346 3138 baptismo
3386 3066 3678 3122 haretico-

322 3174 452 3214 rum
481 3155 738 3223 sensisse,
767 3169 832 3208 ac
859 3152 1045 3223 plures
1071 3167 1135 3206 ea
1162 3152 1232 3206 de
1262 3168 1324 3206 re
1351 3152 1568 3208 litteras
1599 3158 1885 3229 scripsisse
1907 3175 1924 3226 ;
1955 3158 2052 3212 sed
2083 3158 2190 3212 hac
2217 3159 2276 3213 in
2305 3175 2366 3212 re
2394 3163 2612 3230 pugnat
2647 3159 3022 3230 Hieronymus
3049 3158 3288 3214 adversa
3322 3158 3512 3212 fronte
3549 3173 3679 3211 cum

322 3247 540 3303 Basilio.

394 3339 519 3408 Ipsa
551 3334 725 3389 etiam
755 3332 938 3387 Africa
964 3332 1122 3386 testis
1148 3332 1313 3387 citari
1344 3339 1526 3405 potest
1548 3335 1696 3391 illius
1719 3337 2047 3393 traditionis
2076 3355 2252 3409 quam
2295 3339 2570 3394 acerrime
2605 3338 2985 3410 impugnavit.
3005 3340 3198 3410 Neque
3227 3337 3380 3393 enim
3407 3337 3528 3392 Afri
3549 3340 3682 3392 ante

320 3424 622 3499 Agrippini
651 3425 875 3478 decreta
897 3419 1245 3492 baptismum
1274 3423 1344 3477 ab
1374 3424 1647 3481 haereticis
1676 3427 1874 3481 datum
1903 3427 2215 3495 iterabant;
2252 3427 2421 3497 idque
2461 3427 2610 3496 ipsos
2639 3443 2761 3481 esse
2803 3427 3086 3482 confessos
3126 3426 3468 3497 perspicitur
3496 3442 3562 3480 ex
3595 3425 3682 3479 his

327 3510 640 3569 Firmiliani
670 3507 856 3564 verbis
885 3524 897 3562 :
940 3528 967 3556 «
999 3507 1160 3571 Quod
1189 3509 1421 3580 quidem
1452 3513 1718 3572 adversus
1747 3517 2097 3589 Stephanum
2135 3534 2234 3572 vos
2272 3517 2482 3584 dicere,
2517 3517 2652 3586 Afri,
2683 3518 2935 3588 potestis,
2969 3517 3197 3588 cognita
3238 3516 3494 3580 veritate,
3525 3532 3678 3570 erro-

323 3621 447 3660 rem
477 3619 572 3657 vos
602 3597 1024 3656 consuetudinis
1053 3598 1363 3671 reliquisse.
1399 3623 1425 3651 »
1458 3605 1581 3674 Ipse
1609 3607 1779 3661 etiam
1807 3608 2137 3678 Cyprianus,
2160 3608 2296 3662 dum
2320 3607 2398 3661 ait
2423 3607 2482 3661 in
2507 3608 2681 3678 Epist.
2714 3608 2788 3662 ad
2813 3608 3069 3662 Jubaian.
3100 3623 3214 3662 non
3242 3623 3445 3661 novam
3471 3612 3570 3661 aut
3589 3622 3680 3661 re-

323 3693 622 3766 pentinam
652 3706 774 3744 rem
802 3704 922 3742 esse
948 3693 1012 3742 ut
1035 3687 1394 3758 baptizentur
1422 3692 1517 3762 qui
1548 3693 1618 3748 ab
1647 3695 1927 3752 hareticis
1964 3696 2021 3751 in
2058 3697 2366 3752 Ecclesiam
2398 3697 2656 3764 veniunt,
2685 3696 2785 3750 sed
2825 3698 3034 3752 multos
3071 3713 3253 3751 annos
3289 3712 3412 3750 esse
3456 3713 3528 3750 ex
3565 3712 3680 3767 quo

325 3783 428 3838 sub
456 3779 770 3852 Agrippino
798 3777 855 3832 id
881 3777 1126 3848 episcopi
1148 3777 1210 3831 in
1232 3780 1472 3836 concilio
1495 3785 1834 3852 statuerant,
1859 3803 1972 3840 non
1993 3786 2230 3841 obscure
2251 3786 2320 3842 de
2348 3786 2600 3841 novitate
2623 3786 2906 3857 opinionis
2929 3803 3044 3841 sua
3066 3786 3388 3853 confitetur,
3409 3785 3680 3856 illiusque

323 3873 543 3928 fontem
575 3875 631 3925 et
655 3870 822 3939 caput
851 3867 1225 3936 Agrippinum
1253 3869 1529 3938 agnoscit.
1563 3871 1911 3930 Existimavit
1937 3875 2286 3946 Augustinus
2315 3875 2610 3930 inductum
2637 3876 2707 3929 ab
2733 3875 3047 3947 Agrippino
3079 3892 3322 3943 morem,
3351 3891 3482 3930 cum
3510 3875 3682 3946 paulo

324 3967 448 4034 post
489 3959 819 4024 exaruisset,
848 3973 882 4010 a
923 3955 1204 4026 Cypriano
1252 3965 1576 4016 revocatum
1622 3964 1816 4019 fuisse.
1851 3965 1957 4020 Sed
2006 3965 2060 4019 id
2105 3965 2340 4019 omnino
2384 3971 2619 4036 pugnat,
2651 3970 2712 4020 ut
2755 3965 3074 4020 observavit
3101 3965 3517 4032 Tillemontius,
3549 3981 3680 4020 cum

324 4051 412 4106 his
441 4046 704 4120 Cypriani
739 4045 925 4101 verbis
952 4062 1022 4100 ex
1053 4047 1224 4117 Epist.
1257 4048 1332 4101 ad
1367 4051 1628 4106 Jubaian.
1661 4069 1675 4108 :
1709 4075 1737 4104 «
1775 4056 2012 4120 Quando
2056 4056 2255 4110 exinde
2291 4055 2625 4126 (nempe'ab
2660 4055 2995 4126 Agrippino)
3034 4072 3212 4126 usque
3241 4056 3300 4109 in
3336 4055 3679 4110 hodiernum

325 4143 413 4195 tot
439 4138 613 4193 millia
645 4135 1039 4190 hareticorum
1066 4136 1124 4189 in
1157 4137 1459 4206 provinciis
1489 4145 1695 4198 nostris
1725 4145 1798 4199 ad
1827 4145 2132 4201 Ecclesiam
2161 4145 2420 4200 conversi
2449 4162 2562 4199 non
2588 4145 2872 4216 aspernati
2899 4145 3034 4213 sint,
3064 4163 3251 4217 neque
3273 4147 3542 4213 cunctati,
3565 4147 3680 4203 imo

328 4229 385 4283 et
412 4223 825 4281 rationabiliter
850 4228 906 4276 et
935 4222 1178 4277 libenter
1206 4226 1452 4295 amplexi
1475 4229 1608 4297 sint,
1639 4238 1702 4287 ut
1729 4235 1938 4288 lavacri
1964 4234 2148 4288 vitalis
2170 4240 2227 4290 et
2249 4235 2512 4289 salutaris
2541 4234 2812 4304 Baptismi
2833 4235 3080 4304 gratiam
3104 4239 3614 4307 consequerentur.
3652 4259 3680 4288 ››

327 4318 433 4374 Sed
465 4317 512 4370 si
558 4315 866 4386 Cyprianus
907 4313 1378 4368 consuetudinem
1415 4317 1537 4386 jam
1575 4321 1880 4378 stabilitam
1919 4324 2196 4392 defendit,
2232 4340 2436 4378 novam
2476 4327 2625 4378 certe
2675 4323 3022 4394 Agrippinus
3050 4323 3292 4390 induxit,
3321 4325 3386 4377 ut
3424 4326 3512 4378 tot
3548 4324 3683 4379 locis

329 4406 591 4461 observat
613 4401 964 4472 Augustinus
994 4401 1051 4454 in
1081 4400 1241 4454 libris
1267 4403 1336 4457 de
1368 4406 1675 4477 Baptismo.

401 4494 492 4549 His
521 4489 856 4547 testimoniis
881 4489 1192 4560 plurimum
1219 4492 1374 4548 addit
1403 4497 1664 4564 ponderis
1699 4506 1981 4557 sectarum
2013 4518 2344 4569 consensus,
2377 4519 2505 4574 qua
2539 4505 2835 4573 acceptum
2872 4500 2930 4554 in
2963 4500 3089 4555 aliis
3126 4500 3292 4556 sectis
3328 4501 3681 4572 Baptismum

327 4585 536 4640 iterare
565 4598 680 4636 non
709 4579 1014 4634 audebant.
1046 4578 1180 4642 Quis
1207 4597 1323 4635 non
1355 4584 1506 4640 videt
1537 4591 1620 4643 tot
1650 4591 2015 4647 ecclesiarum
2049 4597 2246 4664 totque
2280 4596 2564 4647 sectarum
2608 4608 2940 4647 consensum
2984 4608 3098 4645 non
3141 4591 3212 4645 ab
3257 4590 3367 4645 alio
3407 4592 3588 4662 capite
3629 4598 3685 4648 et

327 4675 482 4731 fonte
516 4688 686 4745 quam
726 4669 795 4725 ab
824 4667 1091 4740 apostolis
1115 4669 1363 4740 ﬂuxisse,
1397 4673 1456 4728 in
1496 4693 1556 4731 re
1598 4681 1914 4749 prasertim
1947 4698 2073 4752 qua
2113 4682 2375 4737 maximis
2416 4682 2704 4736 obstructa
2747 4680 3190 4746 difficultatibus,
3236 4695 3338 4734 nec
3375 4679 3684 4752 Scripturis

328 4771 524 4839 aperte
553 4762 817 4826 indicata,
845 4775 950 4814 nec
981 4759 1096 4814 ullo
1137 4762 1399 4818 Ecclesia
1426 4765 1652 4823 decreto
1684 4771 2041 4838 confirmata,
2067 4772 2141 4826 ita
2174 4776 2361 4826 tamen
2394 4771 2700 4827 Catholicis
2730 4777 2787 4825 et
2813 4769 3096 4824 hareticis
3126 4770 3419 4840 explorata
3449 4776 3592 4837 erat,
3621 4777 3686 4826 ut

333 4854 615 4910 contraria
639 4851 830 4923 opinio
854 4851 1042 4921 gravis
1071 4867 1232 4907 error
1255 4852 1563 4911 videretur.
1594 4860 1894 4931 Nunquam
1925 4878 2062 4916 sane
2095 4862 2520 4934 postapostolos
2549 4866 2663 4914 tam
2691 4861 2856 4914 ﬁrma
2883 4861 3176 4930 persuasio
3203 4860 3444 4930 insculpi
3475 4861 3684 4915 animis

330 4944 582 5017 potuisse
611 4942 768 4996 nullo
799 4940 1209 4996 interveniente
1240 4944 1518 5000 universa
1547 4948 1808 5004 Ecclesia
1834 4951 2060 5006 decreto
2086 4969 2099 5017 ;
2134 4952 2228 5006 sed
2254 4951 2442 5023 potius
2471 4949 2700 5005 haresis
2733 4949 2928 5004 odium
2957 4951 3016 5002 et
3039 4948 3351 5019 justissima
3375 4950 3581 5016 cautio,
3613 4965 3683 5004 ne

332 5039 432 5090 aut
469 5031 792 5088 hominibus
831 5047 944 5084 non
981 5030 1274 5100 baptizatis
1313 5035 1662 5092 Eucharistia
1704 5039 1956 5108 daretur,
1987 5045 2085 5095 aut
2121 5041 2369 5096 infantes
2409 5039 2466 5095 in
2511 5038 2714 5094 haresi
2757 5037 3025 5109 baptizati
3064 5037 3186 5092 sine
3231 5053 3361 5093 vero
3399 5038 3683 5110 Baptismo

330 5123 710 5188 morerentur,
741 5120 1132 5175 necessitatem
1163 5121 1407 5178 iterandi
1437 5125 1710 5198 Baptismi
1736 5129 1996 5201 plurimis
2025 5132 2364 5187 attulissent.

331 5248 417 5305 VI.
457 5278 526 5289 —
564 5261 762 5309 QUIBUS
791 5259 1111 5303 Ροτῐεεῐιιυκ
1138 5263 1456 5307 RATIONIBUS
1486 5268 1614 5309 SESE
1649 5272 1696 5311 S.
1725 5271 2026 5315 CYPRIANUS
2066 5275 2411 5316 DEFBNDERIT.
2443 5287 2513 5298 -—-
2547 5271 2649 5312 NEC
2681 5269 3034 5312 SACRAIENTA
3072 5271 3108 5310 Δ
3141 5269 3300 5310 ιΑιιε
3335 5270 3388 5311 IN
3433 5268 3685 5310 ECCLESIA

1411 5356 1821 5414 ADKINISTRATA,
1856 5364 1954 5404 NEC
1979 5365 2340 5406 TBADITIONEI
2368 5364 2593 5404 RBJECIT.

400 5447 665 5518 Quamvis
706 5468 868 5507 suam
901 5451 1142 5509 Ecclesia
1185 5453 1257 5510 de
1289 5452 1684 5516 hareticorum
1717 5463 2002 5536 baptismo
2031 5465 2353 5521 doctrinam
2387 5481 2458 5519 ex
2497 5464 2625 5534 ipso
2651 5463 3037 5534 apostolorum
3065 5478 3164 5516 ore
3191 5461 3490 5532 acceperit,
3512 5461 3687 5516 faten-

333 5535 474 5598 dum
505 5546 699 5597 tamen
726 5546 811 5597 est
835 5558 947 5597 non
973 5540 1146 5598 fuisse
1173 5544 1320 5600 hanc
1347 5547 1709 5605 traditionem
1751 5535 1818 5606 ex
1854 5552 1949 5609 illo
1986 5569 2195 5626 genere
2239 5554 2391 5626 quod
2427 5551 2682 5607 omnium
2721 5550 2952 5605 auribus
2990 5549 3324 5621 quotidiana
3363 5548 3687 5621 pradicatio

329 5629 659 5723 inculcaret.
705 5629 881 5687 Nemo
921 5647 1194 5704 umquam
1237 5635 1497 5723 Ecclesia
1542 5644 1885 5697 sententiam
1931 5642 2003 5699 de
2043 5643 2250 5701 Christi
2287 5647 2345 5700 et
2381 5641 2620 5714 Spiritus
2663 5639 2850 5696 Sancti
2899 5639 3218 5707 divinitate,
3261 5640 3330 5694 de
3372 5639 3686 5694 mutatione

333 5719 620 5776 donorum
645 5720 707 5774 in
735 5736 940 5793 corpus
966 5727 1023 5777 et
1047 5719 1387 5794 sanguinem
1413 5727 1616 5783 Christi
1646 5737 1701 5784 et
1726 5731 1852 5807 aliis
1879 5733 2161 5803 ejusmodi
2184 5734 2373 5801 rebus,
2397 5733 2519 5788 sine
2546 5747 2768 5786 summa
2802 5729 3158 5802 negligentia
3188 5729 3452 5800 ignorare
3480 5725 3683 5799 potuit,

328 5812 427 5869 aut
452 5809 576 5867 sine
602 5825 826 5866 summo
849 5811 1062 5880 scelere
1097 5813 1461 5888 impugnare,
1491 5817 1626 5890 quia
1661 5819 1752 5875 his
1785 5819 2149 5895 dogmatibus
2195 5823 2649 5880 Christianorum
2683 5837 2852 5878 aures
2887 5822 2946 5876 in
2982 5819 3246 5875 omnibus
3282 5817 3535 5875 ecclesiis
3574 5817 3685 5876 cir-
