4084 6208
321 206 399 263 3τ
1384 210 1385 213 ‘
1824 194 2194 257 PREFATIO.
3629 212 3694 267 33

320 333 751 388 cumsonabant.
780 334 985 389 Utrum
1015 326 1208 387 autem
1240 330 1645 385 hazreticorum
1677 328 1962 399 baptisma
1992 332 2179 381 ratum
2211 343 2389 381 necne
2423 327 2750 384 habendum
2782 335 2949 399 esset,
2976 330 3030 388 id
3063 334 3359 390 obscurari
3390 341 3447 391 et
3478 338 3565 393 die
3599 341 3698 394 ob-

320 424 603 478 solescere
646 424 832 494 potuit
879 424 935 476 in
984 422 1182 475 multis
1228 420 1583 491 regionibus,
1632 420 1685 472 in
1733 417 1940 488 quibus
1984 418 2437 487 recipiendorum
2480 418 2875 474 hmreticorum
2912 427 3010 475 aut
3044 424 3231 477 nullus
3272 431 3394 479 erat
3434 445 3565 481 usus
3606 433 3701 483 aut

316 512 635 566 admodum
660 528 847 566 rarus.
879 512 1063 574 Quare
1096 510 1292 563 mirari
1322 526 1435 563 non
1467 509 1741 563 debemus
1775 524 1875 560 cur
1901 508 2007 560 hac
2039 506 2097 559 in
2139 524 2196 560 re
2231 507 2681 577 praestantissimi
2718 510 2820 562 viri
2852 513 3186 567 erraverint.
3219 519 3296 568 Ac
3330 517 3537 571 veritas
3566 520 3692 589 qui-

321 601 452 654 dem
498 601 661 655 facile
696 600 1023 671 investigari
1068 599 1363 670 potuisset,
1398 598 1443 651 si
1470 598 1742 651 consulta:
1774 597 2011 650 fuissent
2036 596 2451 666 antiquissimae
2490 597 2755 663 ecclesias,
2790 615 2917 668 quae
2951 617 3244 671 nunquam
3280 604 3556 660 haereticis
3595 625 3690 662 ca-

322 695 557 743 ruerant
584 707 727 760 quos
749 692 1175 759 oppugnarent,
1201 691 1299 741 aut
1329 686 1633 740 redeuntes
1660 686 1717 738 in
2069 686 2371 739 Ecclesiam
2404 686 2759 755 reciperent;
2785 688 2970 756 qualis
2998 696 3115 742 erat
3150 692 3207 743 in
3230 692 3426 761 primis
3454 696 3696 751 Ecclesia

318 780 606 845 Romana,
630 796 759 832 cum
793 777 1200 832 vetustissimos
1228 792 1479 847 quosque
1506 776 1805 829 haereticos
1841 778 2059 829 constet
2084 774 2139 827 in
2172 775 2316 828 hanc
2342 774 2541 828 urbem
2570 791 2690 829 sese
2723 776 3047 831 contulisse.
3080 780 3185 833 Sed
3213 780 3381 850 hujus
3424 785 3697 840 cautionis

318 869 728 938 praetermissae
789 868 1131 923 levissimam
1180 868 1407 936 culpam
1451 866 1691 919 sustinet
1736 866 2072 936 Cyprianus,
2119 865 2215 935 qui
2261 865 2732 919 consuetudinem
2782 866 3169 937 rabaptizandi
3215 886 3324 923 non
3374 872 3594 928 induxit
3637 876 3695 930 in

317 957 618 1010 ecclesiam
652 973 838 1023 suam,
868 955 967 1009 sed
992 956 1353 1009 decessorum
1383 971 1617 1009 suorum
1653 954 1991 1008 auctoritate
2021 954 2385 1008 constitutam
2414 954 2644 1025 reperit.

397 1055 703 1109 Rationum
748 1053 1053 1108 momentis
1081 1054 1289 1124 quibus
1311 1054 1580 1107 utebatur
1616 1053 1948 1123 Cyprianus,
1974 1056 2196 1106 tantum
2236 1052 2380 1105 inest
2406 1053 2743 1122 splendoris,
2764 1057 2827 1106 ut
2843 1070 2900 1107 se
2922 1056 3270 1125 Augustinus
3292 1059 3413 1113 sola
3431 1060 3695 1117 Ecclesiae

318 1143 667 1197 auctoritate
689 1144 749 1196 in
771 1142 1118 1197 contrariam
1143 1142 1485 1195 sententiam
1508 1141 1709 1197 adduci
1727 1142 2001 1196 fateatur:
2029 1163 2055 1190 ‹‹
2080 1142 2191 1195 Nec
2217 1158 2316 1194 nos
2334 1140 2437 1210 ipsi
2465 1164 2514 1207 η,
2537 1141 2776 1211 inquit].
2794 1158 2831 1195 ιι
2850 1143 2914 1195 de
2934 1146 3118 1213 Bapt.,
3144 1161 3197 1198 τι.
3222 1148 3273 1211 5,
3302 1168 3329 1194 ‹‹
3352 1148 3459 1201 tale
3480 1150 3697 1220 aliquid

319 1233 671 1286 auderemus
703 1248 981 1299 asserere,
1012 1231 1117 1284 nisi
1155 1230 1427 1283 universa:
1454 1230 1717 1285 Ecclesiae
1748 1230 2187 1285 concordissima
2220 1231 2556 1283 auctoritate
2585 1230 2825 1292 ﬁrmati;
2858 1232 2946 1284 cui
2968 1225 3023 1285 et
3050 1233 3167 1303 ipse
3197 1236 3551 1307 (Cyprianus)
3576 1239 3697 1294 sine

319 1322 499 1374 dubio
520 1321 769 1386 cederet,
792 1321 975 1391 sijam
999 1320 1091 1374 illo
1115 1325 1375 1390 tempore
1401 1319 1725 1390 quasstionis
1747 1318 1916 1389 hujus
1943 1318 2149 1372 veritas
2179 1320 2431 1388 eliquata
2452 1324 2507 1371 et
2532 1318 2816 1372 declarata
2838 1336 2939 1389 per
2959 1321 3280 1390 plenarium
3300 1325 3595 1381 consilium
3615 1344 3701 1382 so-

316 1411 619 1464 lidaretur.
648 1433 675 1457 n
705 1412 815 1464 Hoc
846 1415 1040 1465 autem
1078 1409 1435 1480 potissimum
1459 1414 1803 1478 argumento
1830 1407 2119 1461 nitebatur
2144 1406 2455 1477 Cyprianus
2488 1425 2500 1461 :
2534 1407 2796 1475 hiercses,
2820 1424 2948 1461 cum
2978 1409 3047 1463 ab
3079 1411 3334 1467 Ecclesiae
3366 1415 3579 1470 unitate
3605 1417 3703 1471 ab-

320 1500 517 1553 scissae
548 1500 663 1553 sint
691 1505 747 1553 et
786 1517 849 1553 ex
880 1500 1117 1553 mortuis
1147 1503 1408 1553 constent
1452 1498 1798 1564 hominibus,
1828 1513 1940 1550 non
1983 1513 2150 1567 posse
2199 1497 2572 1563 sanctificare,
2603 1497 2996 1552 remissionem
3042 1505 3401 1569 peccatorum
3445 1508 3502 1558 et
3527 1505 3703 1575 Spiri-

309 1594 442 1642 tum
497 1595 758 1642 sanctum
792 1588 952 1643 dare.
984 1610 1009 1637 ί(
1042 1589 1178 1653 Quis
1225 1592 1418 1643 autem
1468 1593 1654 1659 potest
1699 1587 1858 1655 dare,
1890 1609 1918 1635 ››
1948 1585 2129 1656 inquit
2169 1586 2227 1639 in
2276 1588 2375 1655 Ep.
2405 1603 2530 1652 Lxx,
2565 1587 2768 1656 «quod
2814 1588 2932 1657 ipse
2960 1605 3076 1643 non
3124 1590 3374 1646 habeat?
3400 1596 3509 1648 Aut
3551 1612 3693 1665 quo-
3754 1612 3755 1615 ‘

312 1678 495 1732 modo
524 1682 707 1748 potest
733 1678 1017 1748 spiritalia
1044 1694 1236 1749 agere,
1268 1679 1365 1749 qui
1396 1678 1511 1749 ipse
1546 1676 1806 1732 amiserit
1848 1674 2125 1745 Spiritum
2154 1679 2412 1729 sanctum
2438 1674 2465 1727 ‘?
2498 1694 2524 1723 »
2558 1675 2623 1728 Et
2653 1674 2710 1729 in
2740 1677 2839 1746 Ep.
2875 1693 2999 1732 Lxx1
3030 1700 3039 1729 :
3072 1699 3099 1725 ‹‹
3130 1679 3320 1749 Neque
3362 1682 3516 1735 enim
3550 1684 3694 1737 acci-

310 1768 488 1837 piunt
532 1769 640 1821 illic
686 1768 907 1838 aliquid
936 1768 1029 1822 ubi
1064 1768 1207 1822 nihil
1254 1773 1359 1822 est.
1395 1789 1422 1816 ››
1458 1768 1527 1821 Et
1571 1766 1744 1837 paulo
1774 1771 1902 1837 post
1934 1782 1947 1818 :
1985 1787 2011 1812 ‹‹
2041 1765 2396 1818 Manifestum
2431 1771 2517 1819 est
2544 1768 2734 1819 autem
2763 1782 2861 1819 eos
2887 1767 2988 1836 qui
3031 1784 3144 1820 non
3175 1772 3307 1822 sunt
3356 1770 3413 1823 in
3448 1772 3698 1827 Ecclesia

308 1857 530 1910 Christi
574 1856 726 1910 inter
751 1863 1012 1911 mortuos
1055 1857 1392 1928 computari,
1429 1873 1531 1911 nec
1556 1872 1719 1927 posse
1745 1855 1814 1908 ab
1858 1870 1925 1907 eo
1952 1852 2218 1907 viviﬁcari
2263 1853 2509 1907 alterum
2538 1853 2633 1924 qui
2680 1854 2799 1923 ipse
2836 1871 2948 1908 non
2980 1856 3144 1910 vivat.
3182 1878 3207 1905 »
3260 1858 3337 1911 Ex
3369 1858 3455 1912 his
3498 1867 3553 1913 et
3578 1862 3700 1917 aliis

309 1946 600 2015 ejusmodi
632 1947 982 2001 testimoniis
1014 1963 1373 2019 nequaquam
1410 1947 1465 2001 id
1505 1946 1704 2001 statuit
1744 1945 2081 2016 Cyprianus,
2115 1944 2268 2015 quod
2296 1961 2361 1998 ex
2396 1944 2517 2013 ejus
2545 1941 2731 1997 verbis
2769 1943 3042 2015 consequi
3075 1945 3474 2003 existimarunt
3504 1952 3697 2005 erudi-

309 2038 512 2088 torum
565 2036 851 2102 nonnulli,
900 2037 1280 2091 necessariam
1325 2053 1449 2091 esse
1496 2036 1736 2107 singulis
1782 2034 2061 2089 ministris
2109 2032 2486 2098 sanctitatem,
2538 2034 2600 2085 ut
2650 2037 3009 2087 sacramenta
3051 2035 3230 2089 valide
3276 2037 3695 2097 administrent.

314 2123 608 2193 Loquitur
657 2123 727 2177 de
782 2124 1044 2179 universa
1085 2125 1372 2193 societate,
1419 2141 1531 2179 non
1582 2125 1651 2178 de
1698 2124 1970 2196 privatis;
2018 2129 2072 2178 et
2118 2120 2614 2193 quemadmodum
2670 2121 2930 2175 Ecclesiae
2977 2123 3269 2178 catholicas
3326 2136 3696 2198 sacramenta,

318 2213 462 2267 dum
496 2230 529 2265 a
565 2214 730 2267 malis
758 2215 1247 2284 administrantur,
1269 2216 1382 2269 vim
1424 2232 1583 2269 suam
1616 2221 1674 2269 et
1713 2214 1978 2269 effectum
2018 2212 2271 2266 retinent
2312 2209 2577 2281 precibus
2614 2215 2940 2264 sanctorum
2976 2214 3033 2264 et
3058 2213 3370 2281 gemitibus
3397 2218 3693 2289 columbae,

313 2302 393 2355 sic
444 2303 600 2373 apud
645 2304 965 2369 haereticos,
1007 2304 1101 2359 ubi
1141 2322 1341 2359 omnes
1389 2304 1601 2359 mortui
1643 2308 1794 2371 sunt,
1838 2306 2194 2357 sacramenta
2222 2317 2323 2354 suo
2371 2300 2572 2354 effectu
2623 2300 2946 2354 defraudari
2993 2318 3055 2355 ac
3101 2304 3255 2357 nulla
3297 2322 3528 2375 prorsus
3577 2325 3697 2364 esse

314 2392 713 2458 existimabat,
745 2409 875 2446 cum
929 2393 1033 2447 sibi
1067 2394 1412 2464 persuadere
1462 2410 1574 2448 non
1613 2400 1801 2463 posset
1846 2392 2195 2459 columbam,
2224 2394 2288 2444 ut
2317 2406 2421 2460 per
2461 2390 2640 2443 malos
2679 2390 2969 2443 ministros
3011 2390 3069 2444 in
3112 2394 3355 2448 Ecclesia
3398 2397 3695 2467 catholica,

312 2479 398 2532 ita
452 2496 554 2548 per
580 2480 877 2534 haereticos
922 2487 977 2534 et
1012 2482 1397 2536 schismaticos
1444 2482 1498 2535 in
1529 2481 1730 2535 hmresi
1772 2485 1829 2536 et
1874 2481 2177 2535 schismate
2216 2478 2526 2549 baptizare.
2556 2478 2648 2532 Sic
2691 2478 3084 2548 explicandam
3130 2483 3395 2553 Cypriani
3438 2492 3696 2541 mentem

314 2584 381 2620 ex
412 2568 677 2637 pluribus
718 2570 856 2622 locis
884 2570 1227 2639 perspicitur
1257 2590 1268 2625 :
1306 2573 1661 2635 «Quomodo
1709 2574 1900 2624 autem
1937 2568 2218 2623 mundare
2249 2590 2300 2636 »,
2336 2567 2525 2637 inquit
2556 2568 2613 2621 in
2656 2567 2759 2637 Ep.
2796 2583 2915 2634 Lxx,
2948 2590 2974 2617 ‹‹
3009 2574 3066 2622 et
3103 2572 3454 2628 sanctilicare
3491 2592 3699 2646 aquam

315 2661 507 2727 potat
552 2657 705 2728 apud
736 2674 905 2727 quem
935 2659 1174 2729 Spiritus
1218 2666 1445 2714 sanctus
1488 2678 1600 2715 non
1631 2662 1824 2716 esti...
1858 2662 1969 2713 Aut
2000 2656 2284 2730 quomodo
2309 2656 2603 2727 baptizans
2632 2655 2768 2709 dare
2811 2657 2976 2710 alteri
3005 2659 3301 2714 remissam
3334 2668 3696 2733 peccatorum

316 2750 529 2815 potest,
561 2748 661 2816 qui
708 2747 830 2817 ipse
875 2754 1107 2818 peccata
1135 2752 1243 2801 'sua
1288 2750 1573 2820 deponere
1624 2758 1783 2805 extra
1826 2747 2132 2803 Ecclesiam
2184 2762 2294 2799 non
2339 2746 2562 2816 potest?
2590 2764 2617 2797 »
2661 2747 2726 2799 Et
2766 2744 2822 2799 in
2869 2747 2973 2817 Ep.
3006 2764 3189 2816 Lxxni,
3218 2767 3277 2820 p.
3313 2754 3411 2806 132
3444 2769 3457 2805 :
3491 2775 3518 2803 ‹‹
3550 2756 3701 2808 Nun-

324 2837 459 2906 quid
492 2836 560 2889 de
594 2838 857 2891 Ecclesiae
909 2838 1164 2892 fontibus
1192 2839 1381 2909 rigare
1429 2843 1637 2910 potest,
1672 2839 1769 2911 qui
1816 2839 1970 2893 intus
2012 2836 2068 2890 in
2117 2834 2361 2889 Ecclesia
2410 2850 2525 2887 non
2554 2834 2676 2887 est?
2706 2855 2732 2883 »
2765 2834 2995 2889 Fatetur
3028 2838 3194 2906 paulo
3220 2844 3347 2908 post
3387 2841 3697 2913 haereticos,

327 2945 356 2973 «ι
392 2925 440 2978 si
470 2925 739 2979 Ecclesiae
786 2926 972 2981 devoti
1001 2930 1058 2979 et
1104 2926 1159 2979 in
1208 2926 1457 2981 Ecclesia
1491 2928 1784 2983 constituti
1828 2934 1978 2993 sunt,
2006 2942 2175 2998 posse
2216 2931 2272 2979 et
2304 2924 2593 2995 Baptismo
2634 2924 2757 2993 ejus
2801 2928 2857 2977 et
2893 2927 3111 2980 caeteris
3158 2930 3497 2986 salutaribus
3536 2932 3699 2987 bonis

315 3015 421 3068 uti.
461 3038 493 3063 υ
525 3015 788 3085 Denique
834 3014 892 3067 in
927 3015 1126 3069 eadem
1157 3016 1393 3086 epistola
1445 3020 1519 3087 (ρ.
1561 3019 1681 3089 133)
1709 3017 1997 3088 conceptis
2031 3015 2217 3069 verbis
2261 3015 2437 3067 malos
2474 3016 2570 3084 qui
2598 3014 2655 3066 in
2699 3013 2943 3066 Ecclesia
2978 3020 3109 3070 sunt
3149 3018 3450 3090 distinguit
3476 3020 3545 3075 ab
3586 3021 3701 3077 har-

313 3104 509 3157 reticis
539 3120 551 3157 :
590 3124 618 3152 ‹‹
649 3105 824 3158 Porro
853 3103 1014 3158 aliud
1043 3110 1145 3171 est,
1174 3104 1384 3174 inquit,
1416 3123 1509 3160 eos
1539 3108 1637 3177 qui
1667 3107 1821 3163 intus
1851 3110 1905 3161 in
1942 3105 2189 3160 Ecclesia
2217 3109 2348 3157 sunt
2379 3104 2446 3157 de
2475 3104 2708 3157 nomine
2741 3103 2946 3158 Christi
2977 3106 3151 3177 loqui,
3184 3109 3335 3163 aliud
3365 3115 3451 3164 est
3477 3128 3571 3165 eos
3597 3113 3695 3183 qui

312 3193 459 3246 foris
509 3198 645 3245 sunt
674 3199 731 3247 et
779 3199 981 3247 contra
1008 3192 1311 3246 Ecclesiam
1361 3193 1599 3262 faciunt,
1633 3197 1689 3251 in
1731 3196 1965 3251 nomine
2002 3193 2207 3250 Christi
2237 3192 2543 3263 baptizare.
2578 3192 2766 3257 Quare
2804 3193 2903 3264 qui
2946 3195 3227 3252 haereticis
3272 3204 3699 3269 patrocinantur

312 3298 429 3335 non
487 3280 541 3334 id
596 3281 895 3350 proferant
942 3281 1088 3351 quod
1145 3282 1352 3334 Paulus
1398 3283 1468 3335 de
1516 3284 1785 3339 fratribus
1842 3284 2047 3355 posuit,
2092 3283 2184 3336 sed
2234 3283 2534 3337 ostendant
2580 3282 2624 3335 si
2678 3283 2945 3338 haeretico
2992 3285 3209 3357 aliquid
3267 3291 3697 3346 concedendum

312 3372 557 3441 putavit,
586 3377 682 3423 aut
722 3372 765 3424 si
808 3371 981 3425 ﬁdem
1014 3376 1069 3425 et
1119 3369 1405 3441 baptisma
1448 3389 1644 3427 eorum
1678 3375 1958 3445 probavit,
1988 3377 2086 3427 aut
2130 3372 2175 3425 si
2220 3372 2462 3442 perfidos
2501 3377 2560 3426 et
2596 3372 2956 3443 blasphemos
2994 3377 3391 3432 remissionem
3432 3388 3696 3451 peccato-

315 3476 448 3513 rum
493 3462 750 3530 accipere
776 3466 938 3513 extra
964 3459 1273 3513 Ecclesiam
1314 3477 1479 3531 posse
1510 3464 1825 3518 constituit.
1860 3486 1887 3513 »
1924 3462 2133 3517 Eadem
2171 3461 2343 3516 habet
2374 3461 2734 3515 Firmilianus
2774 3479 2832 3532 p.
2866 3466 2986 3519 140.
3016 3465 3154 3519 Hinc
3185 3467 3450 3523 observat
3473 3474 3697 3540 Augus-

312 3548 477 3601 tinus
526 3549 583 3615 (l.
625 3566 675 3603 iv
720 3549 784 3603 de
831 3547 1017 3617 Bapt.)
1058 3549 1404 3619 Cyprianum
1455 3550 1810 3623 distinguere
1854 3574 1881 3601 «
1930 3552 2083 3606 inter
2122 3567 2217 3606 eos
2265 3549 2363 3621 qui
2413 3549 2546 3603 mali
2595 3549 2731 3603 foris
2775 3558 2926 3621 sunt,
2975 3559 3033 3607 et
3075 3571 3170 3609 eos
3213 3556 3311 3626 qui
3355 3558 3508 3612 intus
3558 3560 3696 3614 mali

313 3644 495 3705 sunt;
526 3660 552 3685 η
585 3654 651 3691 ac
700 3637 956 3707 pluribus
1000 3636 1358 3692 demonstrat
1395 3638 1633 3694 minime
1680 3642 1838 3712 sequi
1866 3657 1933 3695 ex
1978 3641 2082 3694 hac
2121 3639 2505 3706 distinctione,
2541 3645 2601 3694 ut
2640 3640 2886 3695 Ecclesia
2926 3642 3065 3696 foris
3107 3661 3214 3716 per
3239 3646 3536 3702 haereticos
3579 3666 3698 3704 non

310 3724 595 3797 baptizet,
627 3726 1105 3797 quemadmodum
1134 3742 1238 3797 per
1265 3728 1443 3782 malos
1474 3728 1626 3783 intus
1658 3730 1927 3801 baptizat.

394 3832 456 3888 Si
511 3833 688 3903 petita
714 3850 746 3887 a
794 3833 1076 3903 Cypriane
1100 3850 1129 3887 e
1160 3833 1467 3905 Scripturis
1508 3844 1851 3909 argumenta
1881 3854 1998 3892 non
2026 3837 2182 3891 omni
2225 3836 2739 3892 verisimilitudinis
2768 3839 2955 3894 colore
2997 3840 3265 3896 destituta
3304 3850 3457 3914 sunt,
3486 3852 3543 3900 at
3570 3864 3699 3919 quas

313 3924 571 3994 objecta
614 3922 685 3976 ab
722 3923 1055 3977 adversariis
1087 3924 1371 3979 traditioni
1403 3928 1727 3998 respondet,
1756 3944 1820 3983 ea
1850 3928 1993 3983 tanti
2020 3928 2237 3999 ingenii
2267 3930 2389 3982 luce
2434 3942 2663 3997 prorsus
2688 3926 2943 3999 indigna.
2974 3930 3289 3985 Humanam
3336 3936 3701 3994 traditionem

309 4012 588 4084 appellat
619 4012 795 4082 quod,
825 4012 1039 4065 nullius
1070 4013 1287 4067 concilii
1315 4017 1652 4071 auctoritate
1696 4019 2087 4089 constitutum,
2122 4019 2181 4073 in
2212 4018 2478 4073 maximis
2515 4017 2834 4089 quibusque
2870 4020 3125 4075 Ecclesiis
3168 4039 3394 4078 summo
3423 4043 3703 4084 consensu

312 4102 696 4167 observatur,
731 4117 838 4154 nec
886 4100 941 4154 in
988 4099 1108 4171 ipsa
1139 4102 1323 4157 Africa
1364 4107 1495 4158 ante
1534 4107 1917 4179 Agrippinum
1960 4108 2243 4163 observari
2275 4108 2537 4162 desierat.
2568 4108 2709 4162 Cum
2749 4114 2940 4163 autem
2973 4108 3022 4163 ei
3067 4110 3412 4181 objiceretur
3443 4132 3455 4169 :
3490 4137 3517 4165 «
3557 4120 3699 4181 Quid

307 4207 474 4261 ergo
512 4189 611 4243 ﬁet
640 4190 710 4243 de
738 4189 828 4244 his
870 4189 965 4260 qui
994 4190 1049 4244 in
1091 4192 1448 4260 praeteritum
1490 4194 1559 4248 de
1593 4195 1795 4251 hasresi
1826 4198 1895 4252 ad
1936 4198 2239 4253 Ecclesiam
2280 4197 2568 4251 venientes
2594 4196 2715 4250 sine
2760 4198 3047 4268 Baptismo
3086 4201 3320 4257 admissi
3360 4208 3592 4260 sunt?»
3621 4210 3700 4265 sic

304 4280 647 4352 respondet
690 4279 747 4332 in
797 4279 974 4349 Epist.
1003 4280 1077 4333 ad
1117 4280 1296 4334 Jubai.
1331 4298 1343 4335 :
1389 4301 1415 4333 ‹‹
1454 4284 1657 4340 Potens
1706 4290 1788 4341 est
1833 4289 2105 4342 Dominus
2150 4286 2537 4342 misericordia
2586 4302 2688 4339 sua
2730 4286 3145 4357 indulgentiam
3186 4292 3342 4361 dare,
3374 4297 3431 4347 et
3473 4313 3567 4350 eos
3605 4300 3703 4369 qui

301 4370 383 4423 ad
437 4368 759 4423 Ecclesiam
807 4368 1142 4439 simpliciter
1186 4371 1417 4425 admissi
1466 4374 1521 4427 in
1570 4376 1816 4430 Ecclesia
1860 4375 2234 4444 dormierunt,
2267 4376 2336 4430 ab
2380 4375 2638 4429 Ecclesia:
2670 4392 2787 4430 suae
2830 4379 3162 4433 muneribus
3206 4398 3320 4436 non
3353 4368 3699 4454 separare.»

300 4460 369 4513 In
434 4459 548 4512 bac
590 4458 935 4529 reponsione
982 4459 1316 4516 charitatem
1351 4462 1615 4533 Cypriani
1644 4471 1699 4519 et
1746 4466 1927 4520 animi
1960 4466 2409 4520 moderationem
2453 4466 2610 4520 facile
2646 4482 2953 4537 agnoscas;
2988 4469 3085 4523 sed
3128 4471 3278 4541 quod
3309 4474 3361 4526 ei
3397 4474 3703 4546 objicieba-

297 4552 435 4616 tur,
478 4564 608 4600 cum
654 4552 711 4601 et
741 4547 965 4601 adultos
1007 4553 1061 4602 et
1092 4548 1339 4605 infantes
1384 4553 1874 4623 complecteretur,
1904 4557 2023 4629 ipse
2053 4556 2122 4611 de
2152 4556 2362 4611 adultis
2389 4573 2534 4626 sese,
2567 4563 2629 4612 ut
2675 4562 2877 4628 potest,
2908 4560 3157 4630 expedit,
3189 4565 3247 4616 at
3274 4563 3342 4618 de
3389 4564 3699 4621 infantibus

290 4640 363 4694 in
424 4637 639 4692 haeresi
686 4637 1011 4707 baptizatis,
1053 4641 1110 4692 et
1154 4638 1210 4692 in
1258 4641 1499 4695 Ecclesia
1547 4643 1668 4697 sine
1714 4662 1862 4701 novo
1914 4646 2196 4717 Baptismo
2238 4650 2370 4701 ante.
2414 4664 2585 4702 usum
2624 4649 2865 4703 rationis
2908 4650 3305 4721 morientibus,
3344 4671 3415 4707 ne
3467 4656 3699 4711 verbum

293 4727 572 4801 quidem
602 4726 988 4798 proloquitur.

378 4835 676 4902 Quamvis
718 4840 911 4889 autem
954 4836 1187 4907 objecta:
1231 4840 1526 4896 traditioni
1558 4843 1747 4899 minus
1787 4844 1937 4900 belle
1976 4844 2343 4916 responderit
2380 4845 2707 4917 Cyprianus,
2739 4862 2855 4900 non
2896 4846 3103 4901 idcirco
3145 4851 3334 4903 tamen
3380 4852 3703 4911 traditionis

289 4927 745 4985 auctoritatem
785 4925 1104 4983 ﬂoccifecit.
1135 4930 1420 5000 Nusquam
1469 4934 1739 5004 exprimit
1766 4943 1865 4991 aut
1894 4937 2031 4992 dicit
2070 4937 2222 5009 quod
2255 4937 2305 4991 ei
2338 4936 2527 4991 Simon
2572 4935 2894 4991 Goulartius
2923 4936 2981 4990 in
3023 4938 3173 4992 notis
3203 4939 3274 4993 ad
3320 4942 3492 5013 Epist.
3522 4961 3702 5012 Lxxiv,

286 5026 353 5075 et
411 5014 600 5072 multi
646 5014 744 5068 alii
773 5019 1155 5086 protestantes
1178 5020 1548 5089 affinxerunt,
1583 5028 1638 5078 1ο
1688 5043 1920 5081 omnem
1954 5028 2346 5099 evangelicam
2390 5033 2447 5083 et
2473 5026 2837 5098 apostolicam
2878 5026 3244 5083 traditionem
3287 5048 3405 5086 esse
3437 5050 3700 5104 quasrcn-

286 5111 451 5164 dam
518 5106 584 5160 in
620 5106 957 5177 Evangeliis,
985 5109 1136 5162 Actis
1182 5116 1279 5165 aut
1312 5112 1606 5185 Epistolis;
1634 5118 1695 5170 2°
1737 5118 1931 5172 omnia
1971 5117 2063 5172 illa
2111 5135 2239 5190 quas
2269 5134 2381 5172 non
2431 5121 2663 5188 possunt
2703 5118 2760 5171 in
2803 5117 2889 5171 his
2924 5117 3084 5172 libris
3112 5122 3352 5191 reperiri
3392 5124 3702 5194 rejicienda

284 5206 350 5257 et
379 5195 829 5254 contemnenda
856 5212 1003 5252 esse.

380 5307 532 5361 Non
557 5302 1044 5396 _videtur_cc_el_um
1088 5311 1233 5361 terra
1281 5308 1511 5381 longius
1552 5312 1785 5382 distare,
1814 5330 1989 5386 quam
2027 5315 2293 5387 Cypriani
2342 5318 2624 5371 sententia
2654 5316 2932 5388 ejusmodi
2973 5320 3328 5375 commentis.
3363 5322 3420 5374 1°
3462 5322 3539 5377 Ex
3583 5326 3705 5396 ejus

284 5399 369 5456 de
426 5391 713 5449 Ecclesia:
752 5392 1159 5450 infallibilitate
1197 5399 1540 5455 testimoniis
1588 5420 1716 5474 quas
1760 5422 1932 5475 supra
1973 5406 2293 5473 retulimus,
2325 5406 2569 5479 perspici
2602 5412 2785 5479 potest
2830 5426 2902 5463 an
2946 5408 3115 5462 aliam
3147 5409 3277 5463 fidei
3304 5412 3556 5482 regulam

282 5482 650 5549 admiserit,
685 5499 857 5553 quam
905 5484 1213 5555 Scripturae
1258 5494 1593 5547 contextum
1634 5510 1666 5547 a
1710 5494 2020 5549 traditione
2070 5497 2518 5565 separatum;2°
2561 5499 2876 5568 Cyprianus
2904 5503 2962 5551 et
3004 5497 3366 5552 Firmilianus
3414 5518 3697 5573 nusquam

287 5578 658 5663 queruntur
702 5576 853 5645 quod
904 5577 1265 5633 traditionem
1308 5580 1649 5652 Stephanus,
1681 5590 1739 5637 ut
1783 5583 1914 5639 ﬁdei
1946 5586 2230 5656 regulam,
2264 5591 2533 5657 opponat.
2568 5587 2834 5639 Fatentur
2876 5586 3024 5639 hanc
3055 5586 3415 5641 traditionem
3447 5589 3516 5643 de
3557 5592 3700 5663 Bap-

288 5669 503 5721 tismo
562 5662 956 5718 haereticorum
1013 5683 1124 5720 non
1173 5667 1427 5724 iterando
1472 5671 1882 5727 observandam
1929 5690 2070 5742 esse,
2121 5675 2165 5728 si
2223 5675 2294 5728 ab
2346 5674 2615 5745 apostolis
2666 5678 2784 5727 orta
2842 5674 2946 5741 sit;
2980 5675 3078 5728 sed
3132 5680 3314 5730 ortam
3364 5682 3578 5748 negant
3630 5662 3701 5735 ab

288 5751 635 5834 apostolis,
663 5754 799 5824 quia
841 5754 1100 5810 haeretici
1142 5757 1237 5828 qui
1283 5759 1387 5813 sub
1431 5763 1705 5833 apostolis
1748 5764 1993 5834 rediere,
2022 5764 2141 5837 jam
2187 5763 2246 5818 in
2270 5763 2514 5819 Ecclesia
2540 5762 2804 5836 baptizati
2830 5763 3060 5819 fuerant
3090 5763 3252 5836 (Epp.
3274 5782 3435 5821 Lxxiv
3466 5774 3524 5822 et
3548 5770 3702 5841 Lxxv)
