4084 6208
413 219 483 277 99
1732 203 1797 267 D.
1841 203 2205 268 PRUDENTII
2241 202 2500 267 MARANI
3725 209 3794 266 40

414 347 584 404 Addit
616 345 982 401 Firmilianus
1012 364 1039 392 ‹‹
1070 359 1167 398 eos
1197 341 1297 414 qui
1329 342 1530 396 Romae
1567 345 1702 395 sunt
1726 355 1837 394 non
1881 355 1945 392 ea
1976 339 2033 392 in
2069 338 2337 392 omnibus
2368 337 2672 392 observare
2701 352 2827 407 quae
2858 335 2971 390 sint
2997 333 3068 390 ab
3100 333 3325 407 origine
3365 333 3593 402 tradita,
3621 334 3795 388 veluti

423 437 571 491 circa
618 435 994 490 celebrandas
1027 434 1149 488 dies
1195 432 1426 486 Paschae
1450 449 1465 500 ;
1499 450 1525 479 »
1556 447 1624 484 ex
1665 446 1780 500 quo
1825 428 1988 482 facile
2019 427 2358 497 intelligitur
2389 426 2524 497 quid
2572 427 2640 480 de
2686 425 3088 481 traditionibus
3133 441 3250 478 non
3296 425 3517 495 scriptis
3558 422 3798 478 senserit

425 525 804 580 Firmilianus.
835 527 895 579 3°
927 523 1173 593 Ohjectae
1223 521 1294 575 ab
1321 520 1653 576 adversariis
1685 517 1971 572 traditioni
1997 517 2165 570 aliam
2203 516 2442 586 opponit
2469 514 2786 586 Cyprianus
2834 515 2904 569 de
2937 531 3047 586 qua
3076 530 3141 568 ex
3169 516 3407 584 utraque
3453 518 3615 585 parte
3658 529 3794 567 con-

427 616 742 670 veniebat:
780 635 806 662 ‹‹
835 614 944 666 Nec
991 613 1296 684 quisquam
1347 611 1519 679 dicat,
1550 628 1576 661 »
1627 608 1814 679 inquit
1845 606 1902 659 in
1945 606 2120 677 Epist.
2152 605 2226 659 ad
2266 605 2452 658 Jubai.
2488 606 2641 675 (pag.
2675 605 2815 676 133),
2846 605 2997 676 quod
3043 604 3366 674 accepimus
3414 603 3484 657 ab
3529 601 3799 673 apostolis

426 704 535 758 hoc
587 701 904 774 sequimur,
935 700 1170 773 quando
1199 699 1444 771 apostoli
1475 715 1589 753 non
1626 697 1733 751 nisi
1764 713 1939 752 unam
1971 696 2272 752 Ecclesiam
2320 695 2674 749 tradiderunt
2704 700 2760 750 et
2804 694 3087 765 Baptisma
3113 709 3316 758 unum,
3347 692 3503 762 quod
3529 708 3647 747 non
3693 691 3798 745 nisi

418 794 478 847 in
503 791 706 847 eadem
731 790 978 845 Ecclesia
995 791 1067 844 sit
1087 788 1495 857 constitutum;
1521 792 1578 842 et
1591 786 1880 842 neminem
1902 785 2256 840 inveniamus
2275 785 2344 838 ab
2367 782 2652 856 39-40
2674 783 2964 855 apostolis,
2982 799 3112 838 cum
3134 783 3285 852 apud
3305 780 3600 836 haereticos
3619 780 3802 851 bapti-

420 887 582 936 zatus
614 883 779 946 esset,
809 879 867 932 in
920 879 1122 933 eodem
1152 876 1441 948 Baptismo
1470 875 1785 930 admissum
1827 891 1945 930 esse
1977 878 2035 928 et
2065 873 2538 941 communicasse,
2560 877 2626 927 ut
2665 873 2972 927 videantur
2996 871 3234 943 apostoli
3265 870 3551 940 baptisma
3575 870 3797 925 haereti-

423 986 628 1025 corum
677 969 967 1040 probasse.
1000 989 1027 1017 »
1064 969 1130 1022 Et
1176 967 1232 1021 in
1283 965 1458 1037 Epist.
1491 981 1673 1030 Lxx1v,
1707 981 1764 1035 p.
1798 965 1888 1018 141
1923 981 1935 1018 :
1968 963 2182 1027 «Quod
2224 971 2280 1018 et
2325 979 2476 1017 nunc
2513 963 2700 1017 facere
2747 968 2971 1033 oportet
3011 962 3111 1016 Dei
3153 962 3474 1017 sacerdotes
3522 964 3802 1031 praecepta

417 1062 609 1116 divina
658 1064 962 1125 servantes,
996 1063 1057 1112 ut
1087 1057 1132 1110 si
1177 1057 1236 1111 in
1267 1055 1456 1127 aliquo
1505 1055 1790 1108 uutaverit
1820 1059 1876 1109 et
1920 1053 2261 1108 vacillaverit
2302 1053 2530 1120 veritas,
2563 1053 2634 1107 ad
2679 1052 2967 1122 originem
3011 1051 3366 1106 Dominicam
3404 1053 3461 1104 et
3506 1049 3576 1103 ad
3625 1065 3798 1102 evan-

424 1150 669 1221 gelicam
730 1152 902 1218 atque
953 1147 1317 1218 apostolicam
1374 1143 1737 1198 traditionem
1788 1149 2159 1210 revertamur,
2187 1147 2241 1196 et
2289 1142 2423 1196 inde
2467 1147 2660 1212 surgat
2685 1148 2842 1195 actus
2885 1141 3061 1196 nostri
3101 1142 3240 1195 ratio
3270 1140 3421 1194 unde
3465 1143 3521 1194 et
3551 1139 3691 1193 ordo
3739 1140 3798 1191 et

431 1240 594 1310 origo
661 1239 925 1292 surrexit.
956 1237 1246 1292 Traditum
1297 1241 1377 1290 est
1410 1223 1563 1288 enim
1593 1233 1754 1288 nobis
1780 1232 1934 1304 quod
1967 1232 2038 1286 sit
2079 1249 2229 1286 unus
2255 1233 2399 1285 Deus
2433 1235 2482 1284 et
2512 1231 2760 1285 Christus
2792 1247 2954 1297 unus,
2989 1236 3045 1284 et
3082 1247 3194 1284 una
3225 1246 3348 1300 spes
3379 1232 3438 1282 et
3480 1227 3623 1281 ﬁdes
3657 1243 3793 1292 una,

421 1333 478 1384 et
542 1345 660 1382 una
704 1327 949 1382 Ecclesia
996 1334 1051 1380 et
1104 1326 1388 1396 Baptisma
1431 1340 1689 1391 unum,»
1739 1327 1844 1376 etc.
1875 1323 1934 1375 4ο
1963 1322 2114 1375 Adeo
2159 1321 2475 1391 Cyprianus
2521 1326 2575 1372 et
2621 1320 2977 1374 Firmilianus
3017 1318 3378 1374 traditionem
3421 1335 3453 1372 a
3495 1316 3800 1387 Scripturis

423 1437 542 1474 non
595 1418 898 1484 divellunt,
931 1417 1072 1471 adeo
1106 1417 1264 1470 nefas
1296 1431 1412 1468 esse
1442 1413 1658 1467 ducunt
1686 1411 1756 1465 ab
1801 1410 2062 1464 Ecclesiae
2103 1409 2436 1463 auctoritate
2483 1410 2538 1462 in
2569 1409 3007 1479 interpretandis
3042 1409 3348 1479 Scripturis
3395 1407 3708 1473 discedere,
3741 1410 3801 1459 ut

424 1508 833 1563 haereticorum
866 1507 1154 1577 baptisma
1187 1504 1413 1559 irritum
1465 1519 1586 1556 esse
1618 1502 1728 1556 hoc
1759 1499 1930 1554 etiam
1975 1502 2321 1570 argumento
2353 1506 2633 1570 pugnent,
2663 1499 2814 1570 quod
2852 1499 3104 1553 haeretici
3149 1514 3358 1552 nomen
3390 1496 3567 1550 Patris
3597 1500 3652 1550 et
3679 1494 3799 1549 Filii

432 1602 490 1652 et
524 1597 773 1666 Spiritus
806 1595 987 1649 sancti
1017 1598 1188 1665 atque
1219 1593 1386 1647 etiam
1415 1591 1562 1663 ipsas
1591 1589 2089 1661 interrogationes,
2120 1611 2146 1637 ‹‹
2177 1588 2368 1642 Credis
2407 1588 2807 1643 remissionem
2835 1593 3199 1659 peccatorum
3230 1593 3285 1642 et
3312 1587 3489 1640 vitam
3521 1590 3797 1640 aiternam

425 1703 530 1757 per
562 1690 815 1741 sanctam
849 1683 1175 1747 Ecclesiam,
1210 1704 1236 1733 »
1270 1683 1437 1738 aliter
1462 1698 1527 1736 ac
1553 1681 1802 1736 Ecclesia
1828 1680 2343 1750 interpretarentur
2371 1678 2447 1749 (p.
2479 1679 2753 1763 131,.145,
2787 1678 2929 1750 154).

425 1822 538 1875 νΙΙ.
568 1851 636 1861 —
670 1834 1155 1875 CONFIRMATIONEM
1195 1835 1298 1875 NON
1355 1833 1649 1873 CONFUNDIT
1687 1833 1734 1869 S.
1775 1830 2071 1870 CYPRIANUS
2109 1830 2214 1868 CUM
2257 1829 2592 1869 IMPOSITIONE
2639 1830 2865 1870 MANUUM
2920 1831 2973 1870 IN
3014 1829 3320 1870 HERETICOS
3371 1827 3700 1868 REDEUNTES.
3728 1839 3797 1850 -

1417 1921 1891 1963 CONFIRHATIONEM
1931 1921 2087 1959 INTER
2136 1919 2481 1959 SACRAIENTA
2527 1919 2798 1958 ΝΙῘΜΕΒΑΤ.

495 2027 626 2092 Non
673 2026 810 2081 levis
837 2026 926 2080 hic
971 2027 1209 2096 quaestio
1257 2023 1613 2088 excutienda,
1640 2025 1834 2076 utrum
1877 2020 2193 2091 Cyprianus
2237 2037 2304 2074 eo
2350 2036 2542 2074 errore
2587 2019 2946 2088 lahoraverit,
2975 2036 3148 2091 quem
3187 2020 3236 2074 ei
3282 2037 3316 2075 a
3360 2018 3552 2074 multis
3597 2017 3797 2088 afﬁngi

426 2117 615 2185 video,
649 2122 714 2170 ut
740 2115 1174 2186 impositionem
1204 2117 1355 2169 illam
1387 2129 1684 2180 manuum,
1708 2127 1878 2183 quam
1912 2110 2162 2163 haeretici
2193 2109 2494 2163 redeuntes
2521 2109 2776 2180 accipere
2815 2110 3095 2176 solebant,
3125 2109 3583 2164 Conﬁrmationis
3610 2124 3792 2162 sacra-

425 2207 684 2258 mentum
729 2219 851 2256 esse
887 2203 1168 2257 crederet.
1211 2202 1428 2257 Eruditi
1464 2200 1568 2253 viri
1607 2199 1821 2252 Natalis
1854 2199 2166 2254 Alexander
2208 2201 2451 2267 (Dissert.
2486 2215 2519 2250 ιι
2561 2200 2707 2267 saec.)
2736 2206 2792 2254 et
2832 2204 3029 2255 auctor
3068 2217 3226 2255 novae
3261 2199 3522 2254 editionis
3562 2200 3794 2252 Littera-

436 2307 556 2348 rum
585 2306 910 2346 summorum
942 2293 1100 2345 Poni.
1133 2291 1267 2345 scite
1297 2291 1376 2344 illi
1413 2289 1647 2361 quidem
1678 2288 2075 2342 demonstrant
2115 2287 2534 2358 impositionem
2567 2305 2847 2343 manuum
2881 2290 2938 2343 in
2967 2289 3260 2344 haereticos
3286 2288 3587 2342 redeuntes
3626 2286 3796 2354 longe

426 2383 634 2437 distare
683 2385 1046 2435 sacramento
1089 2380 1587 2446 Conﬁrmationis;
1618 2397 1721 2434 nec
1762 2379 2116 2449 Stephanum
2158 2395 2362 2449 papam
2396 2380 2903 2435 Conﬁrmationem
2945 2381 3149 2435 iterare
3198 2379 3464 2445 voluisse,
3493 2394 3623 2432 cum
3663 2377 3795 2431 satis

431 2489 554 2528 esse
605 2471 980 2524 contenderet
1021 2486 1260 2524 manum
1294 2469 1578 2524 haereticis
1608 2469 1977 2523 redeuntibus
2020 2467 2332 2538 imponere,
2370 2474 2430 2523 ut
2472 2469 2793 2540 acciperent
2831 2471 3106 2542 Spiritum
3152 2474 3432 2524 sanctum.
3465 2469 3570 2524 Sed
3619 2469 3794 2522 iidem

425 2561 773 2632 Cyprianum
826 2560 1159 2614 existimant
1200 2559 1652 2614 adversariorum
1697 2557 2036 2612 sententiam
2080 2556 2269 2610 minus
2320 2557 2682 2628 intellexisse,
2723 2561 2914 2632 sicque
2961 2578 3090 2614 cum
3138 2560 3244 2614 illis
3291 2576 3593 2630 pugnasse,
3637 2558 3796 2629 quasi

434 2650 950 2707 Conﬁrmationem
996 2650 1055 2702 in
1087 2649 1286 2703 haeresi
1333 2651 1618 2719 acceptam
1658 2647 1949 2702 iterarent.
1977 2646 2353 2700 Proferuntur
2399 2648 2665 2701 adversus
2701 2648 3042 2719 Cyprianum
3089 2648 3208 2702 haec
3253 2648 3427 2719 ipsius
3471 2647 3822 2711 testimonia,

439 2759 466 2788 ‹‹
508 2737 668 2801 Quod
702 2736 747 2790 si
791 2737 1096 2790 secundum
1129 2753 1358 2807 pravam
1387 2736 1582 2803 ﬁdem,
1613 2756 1639 2784 »
1681 2735 1867 2805 inquit
1893 2734 1951 2788 in
1982 2734 2154 2805 Epist.
2187 2737 2260 2788 ad
2303 2737 2656 2797 Jubm‘unum,
2686 2737 2836 2808 (pag.
2874 2738 3017 2809 131),
3050 2759 3076 2790 ‹‹
3113 2737 3384 2807 baptizari
3427 2737 3629 2807 aliquis
3656 2735 3794 2789 foris

429 2832 484 2882 et
523 2826 823 2881 remissam
855 2831 1222 2897 peccatorum
1266 2824 1540 2895 consequi
1579 2824 1782 2896 potuit,
1812 2824 2120 2878 secundem
2159 2825 2417 2878 eamdem
2450 2826 2619 2879 ﬁdem
2661 2827 2934 2897 consequi
2962 2827 3238 2898 Spiritum
3278 2829 3533 2880 sanctum
3563 2824 3746 2896 potuit
3777 2844 3788 2878 :

427 2919 483 2970 et
508 2931 622 2969 nou
653 2918 738 2968 est
782 2929 1018 2968 necesse
1047 2913 1295 2967 venienti
1323 2929 1558 2966 manum
1593 2913 1833 2983 imponi,
1865 2920 1924 2967 ut
1954 2913 2230 2984 Spiritum
2273 2917 2529 2968 sanctum
2560 2919 2936 2986 consequatur
2962 2921 3017 2970 et
3043 2917 3321 2988 signetur.
3352 2920 3460 2970 Aut
3485 2922 3792 2986 utrumque

429 3005 582 3060 enim
617 3004 757 3059 ﬁdes
789 3003 930 3057 foris
972 3002 1178 3074 potuit,
1206 3006 1304 3056 aut
1333 3006 1601 3056 neutrum
1631 3019 1834 3056 eorum
1865 3002 1961 3073 qui
2007 3002 2144 3056 foris
2180 3003 2374 3057 fuerat
2418 3004 2654 3073 accepit,
2689 3007 2743 3058 et
2773 3021 2908 3074 pag.
2941 3008 3039 3059 136
3075 3021 3088 3058 :
3127 3026 3152 3052 ‹‹
3184 3004 3458 3074 Baptizari
3488 3021 3583 3057 eos
3623 3021 3792 3074 opor-

425 3098 507 3150 tet
534 3095 629 3165 qui
660 3093 729 3148 de
771 3093 977 3147 haaresi
1010 3092 1082 3146 ad
1110 3092 1416 3146 Ecclesiam
1449 3092 1702 3161 veniunt,
1737 3098 1799 3147 ut
1841 3092 1936 3162 qui
1970 3092 2228 3162 legitimo
2272 3099 2327 3146 et
2374 3093 2538 3146 unico
2578 3097 2782 3148 sanctae
2826 3094 3084 3148 Ecclesiae
3121 3094 3406 3164 Baptismo
3453 3095 3524 3148 ad
3551 3110 3792 3163 regnum

429 3184 526 3238 Dei
553 3181 982 3254 regeneratione
1022 3182 1215 3235 divina
1243 3186 1658 3251 praeparantur,
1687 3185 2041 3235 sacramento
2075 3186 2312 3251 utroque
2345 3183 2669 3248 nascantur,
2703 3181 2834 3251 quia
2873 3182 3260 3252 scriptumlest
3295 3199 3307 3236 :
3337 3185 3458 3239 Nisi
3483 3184 3606 3251 quis
3635 3198 3793 3236 rena-

430 3277 517 3326 tus
558 3274 729 3338 fuerit
767 3287 834 3326 ea:
876 3287 1022 3339 aqua
1072 3276 1122 3324 et
1160 3271 1390 3339 Spiritu,
1421 3286 1527 3324 non
1568 3277 1743 3340 potest
1789 3273 2016 3326 introire
2058 3274 2117 3324 in
2166 3287 2433 3340 regnum;
2482 3294 2509 3321 ››
2561 3277 2616 3325 et
2659 3273 2717 3326 in
2760 3273 2934 3342 Epist.
2965 3273 3040 3326 ad
3077 3274 3435 3342 Stephanum,
3462 3289 3597 3342 pag.
3632 3274 3729 3326 128
3779 3291 3789 3325 :

431 3381 458 3410 ‹‹
498 3362 654 3414 Tunc
699 3359 852 3413 enim
884 3359 1119 3413 demum
1167 3359 1334 3430 plene
1364 3359 1705 3414 sanctiﬁeari
1750 3365 1806 3414 et
1848 3376 1961 3414 esse
1996 3360 2094 3414 ﬁlii
2143 3361 2238 3414 Dei
2265 3366 2521 3430 possunt,
2555 3361 2598 3413 si
2626 3364 2977 3415 sacramento
3018 3364 3260 3432 utroque
3308 3366 3632 3425 nascantur,
3663 3377 3794 3414 cum

432 3446 705 3518 scriptum
753 3451 822 3500 sit
857 3463 869 3500 :
903 3449 1023 3504 Nisi
1049 3449 1170 3516 quis
1196 3454 1437 3516 renatus,
1471 3453 1576 3502 etc.
1607 3469 1634 3496 »
1672 3449 1733 3502 In
1764 3449 2029 3503 eamdem
2060 3450 2402 3503 sententiam
2436 3450 2686 3520 loquitur
2725 3450 3092 3506 Nemesianus
3118 3468 3149 3504 a
3185 3451 3414 3504 Tubulis
3457 3450 3514 3504 in
3558 3449 3796 3504 concilio

429 3535 868 3606 Carthaginensi
900 3553 912 3590 :
949 3555 975 3584 «
1004 3537 1145 3590 Male
1185 3553 1322 3608 ergo
1351 3538 1455 3592 sibi
1489 3537 1722 3608 quidam
1755 3537 2222 3608 interpretantur,
2253 3539 2460 3609 inquit,
2494 3541 2555 3592 ut
2585 3539 2780 3593 dicant
2818 3541 2970 3611 quod
3004 3556 3105 3610 per
3133 3556 3339 3594 manus
3369 3537 3795 3609 impositionem

432 3622 706 3694 Spiritum
735 3625 994 3676 sanctum
1017 3623 1296 3696 accipiant
1315 3629 1370 3680 et
1400 3624 1476 3679 sic
1503 3625 1869 3696 recipiantur,
1894 3644 2025 3682 cum
2048 3628 2438 3695 manifestum,
2463 3629 2536 3683 sit
2560 3636 2800 3700 utroque
2827 3630 3425 3701 sacramentojdebere
3451 3646 3549 3684 eos
3577 3629 3797 3684 renasci

431 3714 489 3768 in
517 3712 767 3767 Ecclesia
794 3711 1091 3766 catholica.
1124 3735 1151 3762 ››

500 3801 611 3857 Sed
638 3801 759 3855 haec
791 3800 1116 3856 testimonia
1159 3801 1423 3857 videntur
1450 3803 1714 3874 explicari
1744 3822 1933 3875 posse,
1964 3824 2066 3861 nec
2111 3807 2252 3860 mihi
2282 3807 2627 3878 persuadent
2657 3808 2999 3878 Cyprianum
3035 3805 3190 3879 in:re
3235 3811 3364 3864 ante
3393 3807 3589 3862 oculos
3619 3806 3799 3877 posita

436 3894 774 3949 oscitantem
807 3906 1046 3957 errasse,
1075 3907 1138 3945 ac
1169 3908 1260 3945 res
1289 3899 1491 3947 natura
1531 3898 1588 3948 et
1633 3911 1732 3948 usu
1761 3895 2023 3950 Ecclesiae
2055 3896 2200 3950 adeo
2245 3895 2533 3950 distinctas
2564 3895 2834 3965 opinione
2865 3895 3204 3949 confudisse.
3235 3896 3386 3949 Illius
3427 3899 3621 3949 autem
3665 3910 3794 3948 sen-

430 3979 672 4036 tentiam
701 3976 1031 4031 certissimis
1055 3977 1308 4049 vestigiis
1337 3979 1610 4051 indagare
1638 3982 1767 4037 licet
1810 3985 1866 4039 in
1899 3986 2075 4056 Epist.
2108 3987 2181 4040 ad
2212 3988 2468 4053 Quintum
2504 3987 2582 4056 (p.
2616 3987 2755 4057 127),
2782 3986 2880 4040 ubi
2911 3986 2986 4040 sic
3025 3986 3277 4056 loquitur
3310 4003 3322 4039 :
3360 4005 3384 4034 «
3419 3985 3486 4038 Et
3513 3983 3798 4052 dicuntzse

431 4074 490 4128 in
537 4073 644 4126 hoc
679 4074 934 4124 veterem
976 4073 1448 4127 consuetudinem
1491 4076 1671 4146 sequi,
1705 4078 1931 4148 quando
1972 4079 2123 4150 apud
2163 4083 2381 4134 veteres
2414 4081 2692 4133 haereseos
2724 4077 2913 4147 prima
2960 4076 3147 4130 adhuc
3189 4075 3400 4128 fuerint
3426 4075 3608 4140 initia,
3640 4078 3700 4126 ut
3740 4072 3799 4125 hi

429 4163 544 4218 illic
570 4167 757 4215 essent
790 4159 883 4230 qui
915 4158 985 4214 de
1006 4161 1252 4215 Ecclesia
1281 4162 1625 4220 recedebant
1655 4171 1709 4221 et
1737 4167 1827 4222 hic
1855 4168 2118 4239 baptizati
2145 4169 2300 4239 prius
2331 4169 2593 4231 fuerant;
2621 4186 2761 4240 quos
2789 4172 2982 4222 tamen
3013 4166 3082 4220 ad
3114 4165 3421 4220 Ecclesiam
3450 4167 3801 4220 revertentes

430 4259 487 4308 et
515 4251 901 4325 paenitentiam
943 4257 1175 4321 agentes
1215 4269 1445 4308 necesse
1471 4271 1586 4310 non
1615 4262 1734 4311 erat
1772 4257 2078 4329 baptizare.
2112 4259 2276 4322 Quod
2306 4276 2407 4313 nos
2435 4274 2660 4328 quoque
2689 4257 2856 4312 hodie
2882 4257 3270 4321 observamus,
3301 4260 3366 4308 ut
3405 4269 3549 4324 quos
3577 4253 3800 4306 constet

428 4341 520 4397 hic
555 4341 862 4411 baptizatos
898 4355 1040 4408 esse,
1075 4345 1131 4394 et
1169 4357 1202 4394 a
1245 4342 1404 4395 nobis
1445 4344 1514 4398 ad
1551 4345 1850 4401 haereticos
1886 4348 2174 4417 transisse,
2211 4348 2256 4402 si
2300 4348 2686 4419 postmodum,
2719 4350 2953 4418 peccato
2995 4362 3096 4400 suo
3139 4343 3366 4415 cognito
3394 4348 3450 4398 et
3488 4357 3678 4396 errore
3711 4340 3797 4394 di-

430 4433 614 4501 gesto,
643 4429 716 4484 ad
743 4428 1041 4483 veritatem
1076 4435 1130 4483 et
1162 4430 1460 4486 matricem
1490 4434 1742 4504 redeant,
1771 4437 1905 4491 satis
1934 4438 2005 4492 sit
2030 4443 2089 4492 in
2123 4438 2520 4509 paenitentiam
2551 4452 2786 4490 manum
2817 4436 3143 4505 imponere;
3179 4439 3258 4503 ut,
3293 4433 3424 4504 quia
3446 4431 3564 4486 ovis
3591 4432 3796 4495 fuerat,

428 4520 576 4574 hanc
610 4534 778 4573 ovem
807 4517 1187 4572 abalienatam
1214 4522 1268 4573 et
1299 4521 1678 4578 errabundam
1706 4525 1761 4578 in
1791 4526 1936 4580 ovile
1965 4544 2128 4582 suum
2161 4530 2358 4584 Pastor
2387 4527 2638 4598 recipiat.
2663 4548 2690 4576 »
2727 4527 2849 4582 Non
2876 4525 2934 4579 id
2966 4523 3159 4595 agitur
3179 4539 3353 4593 quam
3386 4526 3537 4576 recte
3564 4519 3797 4591 Cypria-

429 4626 539 4666 nus
579 4609 919 4664 adversariis
949 4609 1306 4680 respondeat,
1336 4612 1433 4666 sed
1479 4614 1615 4684 quid
1657 4617 2017 4687 respondeat.
2046 4621 2187 4675 Cum
2217 4619 2307 4673 isti
2350 4616 2767 4673 contenderent
2793 4612 3066 4667 traditum
3109 4611 3180 4665 ab
3221 4610 3511 4681 apostolis,
3540 4625 3603 4662 ac
3647 4623 3795 4662 sem-

427 4713 529 4769 per
570 4697 628 4751 in
661 4695 910 4751 Ecclesia
953 4696 1316 4752 observatum
1348 4699 1540 4767 fuisse,
1575 4703 1635 4754 ut
1664 4709 1958 4777 acceptum
2005 4707 2061 4761 in
2092 4708 2294 4763 haeresi
2342 4708 2626 4778 Baptisma
2653 4721 2767 4759 non
2818 4703 3072 4768 iteretur,
3103 4700 3201 4754 sed
3243 4698 3620 4753 redeuntibus
3664 4711 3799 4752 cum

429 4788 540 4842 hoc
584 4786 934 4858 Baptismate
966 4787 1249 4842 htereticis
1281 4805 1482 4844 manus
1515 4797 1736 4847 tantum
1777 4796 1835 4850 in
1865 4797 2258 4866 pcenitentiam
2292 4798 2660 4869 imponatur;
2691 4792 3001 4864 respondet
3029 4789 3346 4862 Cyprianus
3373 4805 3487 4842 non
3514 4786 3800 4842 immerito

431 4876 567 4930 olim
597 4874 900 4930 haereticos
945 4873 1066 4929 sine
1098 4875 1386 4947 Baptismo
1410 4886 1701 4952 susceptos
1742 4882 1934 4954 fuisse,
1967 4887 2102 4957 quia
2148 4888 2303 4959 prius
2349 4886 2615 4958 baptizati
2645 4885 2703 4938 in
2738 4882 2988 4937 Ecclesia
3015 4881 3278 4946 fuerant;
3309 4894 3482 4949 seque
3516 4877 3667 4931 idem
3711 4877 3795 4930 fa-

430 4982 555 5021 cere
586 4964 906 5038 proﬁtetur,
935 4970 1019 5032 ut,
1053 4965 1098 5018 si
1142 4982 1286 5036 quos
1321 4984 1390 5022 ex
1431 4970 1712 5027 haereticis
1754 4973 1810 5029 in
1838 4977 2085 5031 Ecclesia
2133 4976 2431 5048 baptizatis
2463 4976 2746 5046 suscipiat,
2777 4988 3012 5027 manum
3049 4975 3269 5025 tantum
3301 4969 3359 5022 in
3399 4967 3795 5040 pcenitentiam

429 5057 710 5128 imponat.
743 5055 863 5111 Uno
906 5055 1101 5124 verbo,
1132 5058 1392 5112 concedit
1415 5060 1754 5117 adversariis
1782 5065 1927 5120 hanc
1958 5067 2364 5122 haereticorum
2397 5065 2859 5138 recipiendorum
2906 5059 3397 5127 consuetudinem,
3425 5075 3600 5130 quam
3638 5060 3799 5113 tanto

432 5145 622 5201 studio
667 5143 1070 5212 defendebant,
1102 5147 1158 5199 et
1185 5146 1318 5200 olim
1356 5155 1686 5220 usurpatam
1725 5154 1918 5224 fuisse,
1952 5161 2010 5210 et
2054 5172 2087 5209 a
2113 5155 2318 5227 seipso,
2350 5156 2444 5210 ubi
2476 5156 2610 5226 quid
2654 5153 2840 5208 simile
2885 5149 3170 5218 inciderit,
3201 5148 3479 5218 usurpari.
3514 5152 3583 5202 At
3627 5163 3799 5201 nemo

431 5234 634 5290 dixerit
674 5236 1014 5306 Cyprianum
1055 5235 1545 5294 conﬁrmationem
1575 5248 1671 5298 aut
1714 5244 1772 5298 in
1821 5245 2081 5300 Ecclesiae
2113 5246 2444 5317 primordiis
2487 5247 2748 5300 iteratam
2791 5239 3122 5308 credidisse,
3157 5242 3258 5293 aut
3282 5239 3490 5292 iterare
3536 5236 3799 5303 voluisse,

431 5325 653 5396 quoties
684 5324 963 5378 haereticis
1002 5325 1060 5378 in
1089 5325 1331 5381 Ecclesia
1361 5332 1490 5382 ante
1531 5330 1794 5388 haeresim
1823 5335 2120 5406 baptizatis
2165 5353 2369 5390 manus
2395 5335 2452 5389 in
2484 5332 2885 5405 paenitentiam
2916 5334 3062 5386 esset
3102 5328 3475 5400 imponenda.
3507 5325 3801 5380 Immerito

430 5424 568 5479 ergo
598 5424 871 5462 manuum
899 5409 958 5462 in
987 5407 1290 5467 haereticos
1323 5414 1624 5472 redeuntes
1645 5419 2074 5492 impositionem
2102 5441 2232 5479 cum
2261 5428 2614 5480 sacramento
2643 5421 3105 5478 Conﬁrmationis
3131 5418 3456 5475 confudisse
3483 5420 3798 5470 accusatur.

431 5497 788 5597 Sententiam
822 5499 1418 5597 Cypriani-conﬁrmat
1448 5508 1505 5560 in
1550 5510 1789 5566 concilio
1818 5515 2253 5585 Carthaginiensi
2279 5518 2550 5571 Crescens
2579 5535 2613 5571 a
2646 5515 2859 5583 Cirtha,
2894 5513 2992 5585 qui
3033 5511 3402 5582 baptizandos
3433 5511 3625 5562 censet
3670 5521 3798 5560 om-

427 5601 531 5677 nes
573 5587 645 5642 ab
673 5587 877 5643 haaresi
907 5595 963 5644 et
989 5590 1288 5648 schismate
1329 5595 1649 5667 redeuntes,
1683 5621 1709 5649 «
1740 5604 1991 5675 exceptis
2031 5605 2120 5658 his
2149 5621 2286 5659 sane
2316 5607 2413 5677 qui
2442 5607 2502 5660 in
2533 5606 2775 5663 Ecclesia
2803 5603 3079 5660 catholica
3109 5603 3318 5657 fuerint
3344 5605 3478 5653 ante
3505 5596 3798 5668 baptizati,

430 5675 563 5746 quia
593 5681 780 5732 tamen
811 5681 872 5733 ut
899 5697 1002 5750 per
1025 5699 1228 5738 manus
1254 5687 1679 5758 impositionem
1710 5694 1766 5748 in
1800 5695 2193 5765 paenitentiam
2227 5675 2485 5752 Ecclesiae
2513 5697 2969 5752 reconcilientur.
3005 5716 3031 5742 η

501 5766 610 5827 Sed
640 5783 741 5822 cur
781 5769 1093 5846 Cyprianus
1118 5777 1377 5852 postulat,
1407 5785 1468 5834 ut
1497 5782 1592 5854 qui
1619 5783 1678 5838 in
1708 5784 1916 5845 haeresi
1959 5790 2228 5864 baptizati
2269 5799 2420 5868 sunt,
2449 5792 2754 5849 redeuntes
2778 5793 2846 5848 ad
2887 5790 3215 5865 Ecclesiam,
3252 5810 3280 5837 α
3323 5791 3566 5862 utroque
3613 5800 3799 5840 sacra-
