4104 6192
224 312 279 366 Η
1742 308 2117 367 ΡΒᾹΞΡἋΤΙΟ.
3509 312 3590 374 42

223 439 409 490 mento
431 435 775 489 nascantur?
804 456 831 485 ››
867 434 1013 499 Quid
1042 430 1196 490 aliud
1224 452 1345 491 esse
1375 438 1565 508 potest
1598 439 1903 508 utrumque
1938 438 2072 491 illud
2107 441 2550 504 sacramentum,
2582 437 2687 492 nisi
2724 436 3037 511 Baptismus
3066 443 3124 494 et
3160 441 3530 499 Conﬁrmatio
3557 446 3585 499 ?

224 527 340 579 Haec
372 524 672 578 difficultas
708 524 843 578 solvi
876 530 1061 595 potest
1098 544 1108 578 :
1150 541 1336 597 neque
1368 524 1523 578 enim
1561 530 1847 596 repugnat
1874 532 1936 579 ut
1964 526 2299 597 Cyprianus,
2329 542 2467 579 ansa
2496 526 2565 580 ab
2600 528 2934 582 adversariis
2963 536 3214 599 accepta,
3257 547 3579 587 sacramen-

222 622 333 668 tum
364 614 817 667 Conlirmatiouis
854 614 1182 669 iterandum
1209 632 1328 669 esse
1358 614 1739 679 concluderet,
1776 614 2035 685 quamvis
2065 615 2203 669 illu‘d
2236 615 2305 668 ab
2337 615 2675 670 adversariis
2706 617 2892 671 iterari
2930 620 3164 674 minime
3196 622 3579 692 suspicaretur

222 710 433 757 sanctus
460 704 786 773 Stephanus
816 708 872 757 et
904 703 1002 773 qui
1033 703 1102 757 ab
1148 704 1243 757 illo
1274 704 1518 765 stabant,
1560 703 1665 756 etsi
1697 703 1973 773 baptisma
2014 704 2414 759 haereticorum
2448 711 2631 760 ratum
2680 706 2997 774 habebant,
3032 708 3359 764 fatebantur
3390 716 3582 767 tamen

220 793 481 862 Spiritum
502 796 764 845 sanctum
793 791 851 844 in
878 791 1161 859 ejusmodi
1183 790 1298 862 41
1316 790 1471 863 -42
1497 791 1779 863 baptismo
1802 809 1915 846 non
1936 794 2182 847 conferri
2206 812 2220 861 ;
2253 811 2315 847 ac
2334 796 2574 865 proinde
2599 796 2971 850 redeuntibus
2999 797 3069 850 ab
3098 799 3301 853 haeresi
3330 817 3582 856 necessa-

220 882 359 934 rium
390 898 510 935 esse
554 880 707 933 aliud
741 883 1183 948 sacramentum,
1219 888 1277 933 ut
1308 880 1583 951 Spiritum
1614 880 1870 935 sanctum
1902 882 2243 952 acciperent,
2278 902 2449 956 quem
2483 886 2541 939 in
2573 886 2773 940 haeresi
2804 888 3070 957 consequi
3104 904 3218 942 non
3248 895 3574 959 potuerant.

220 972 321 1024 Hoc
351 976 545 1024 autem
577 972 992 1023 sacramentum
1023 974 1142 1022 erat
1166 985 1369 1023 manus
1398 969 1685 1039 impositio
1713 971 1770 1023 in
1798 972 2221 1041 paenitentiam,
2256 975 2369 1029 sive
2395 981 2814 1029 sacramentum
2844 976 3219 1044 Poenitentize,
3255 979 3403 1047 quod
3435 982 3575 1035 teste

220 1066 513 1137 Cypriano,
553 1066 823 1136 Spiritum
868 1068 1133 1118 sanctum
1178 1064 1585 1135 paenitentibus
1630 1067 1867 1121 confert.
1927 1070 2050 1122 Non
2094 1069 2242 1122 inter
2289 1066 2426 1119 alias
2470 1082 2665 1120 causas
2702 1066 2906 1135 quibus
2947 1065 3225 1119 adductus
3265 1067 3579 1137 Cyprianus

220 1172 407 1226 pacem
435 1154 840 1224 penitentibus
872 1159 1240 1220 concesserat,
1282 1155 1427 1209 hanc
1458 1160 1747 1223 recenset;
1782 1157 1934 1227 quod
1965 1174 2197 1211 necesse
2229 1172 2348 1211 esse
2380 1154 2603 1208 duxerit
2634 1153 2973 1225 poenitentes
3017 1155 3086 1208 ad
3126 1156 3576 1226 persecutionem

221 1243 599 1297 sustinendam
632 1258 972 1312 praeparare,
1006 1245 1061 1295 et
1101 1242 1341 1313 Spiritus
1380 1244 1560 1297 sancti
1604 1245 1765 1298 donis
1797 1245 2100 1299 instruere.
2150 1245 2437 1308 «Quando
2463 1248 2653 1297 autem
2696 1244 3011 1314 (Dominus)
3059 1243 3226 1312 dicat,
3273 1243 3476 1314 inquit,
3518 1247 3577 1299 in

221 1332 430 1386 traditis
454 1335 625 1402 atque
666 1331 723 1383 in
761 1331 1111 1385 confessione
1139 1332 1387 1385 nominis
1417 1332 1737 1387 constitutis
1764 1334 2027 1404 spiritum
2068 1333 2247 1387 Patris
2286 1334 2462 1405 loqui,
2502 1336 2786 1405 quomodo
2826 1339 3013 1403 potest
3051 1336 3120 1389 ad
3162 1337 3572 1393 confessionem

220 1424 444 1491 paratus
472 1424 571 1474 aut
590 1420 823 1474 idoneus
842 1420 1082 1473 inveniri
1104 1421 1201 1491 qui
1229 1438 1341 1474 non
1371 1422 1547 1491 prius,
1578 1439 1713 1492 pace
1738 1429 1989 1493 accepta,
2015 1424 2295 1489 receperit
2324 1424 2598 1494 Spiritum
2630 1426 2825 1488 Patris,
2856 1425 2973 1494 qui,
2996 1426 3366 1481 corroborans
3387 1445 3577 1482 servos

222 1527 358 1575 suos,
407 1512 526 1581 ipse
566 1510 818 1580 loquitur
856 1515 913 1563 et
954 1508 1255 1563 confitetur
1300 1510 1356 1564 in
1398 1510 1559 1564 nobis
1599 1512 1721 1582 (Ep.
1762 1514 1887 1581 Liv).
1937 1534 1964 1561 »
2007 1512 2386 1575 Quamobrem
2430 1514 2762 1583 Cyprianus,
2806 1530 2935 1568 cum
2978 1515 3193 1569 videret
3231 1517 3580 1573 adversarios

224 1618 422 1672 negare
452 1617 595 1671 opus
623 1618 743 1655 esse
778 1602 1064 1671 Baptismo
1092 1602 1375 1657 haereticis
1403 1604 1791 1671 redeuntibus,
1823 1606 1920 1660 sed
1950 1609 2173 1659 tantum
2204 1620 2405 1657 manus
2435 1603 2824 1672 impositione,
2857 1607 2919 1657 ut
2946 1605 3271 1675 acciperent
3300 1608 3572 1678 Spiritum

223 1699 487 1757 sanctum,
518 1691 652 1745 inde
680 1707 876 1745 ansam
902 1692 1211 1761 arripiebat
1240 1692 1453 1763 duplex
1484 1695 1819 1748 sacramenti
1848 1711 2027 1763 genus
2059 1694 2340 1748 haereticis
2384 1692 2749 1746 redeuntibus
2777 1710 2919 1763 opus
2946 1710 3062 1748 esse
3104 1697 3397 1763 statueret,
3440 1697 3574 1751 alte-

226 1796 338 1833 rum
368 1780 439 1834 ad
471 1785 831 1850 peccatorum
854 1780 1269 1849 remissionem,
1298 1784 1542 1837 alterum
1576 1783 1647 1837 ad
1688 1784 2086 1855 accipiendum
2115 1783 2385 1854 Spiritum
2417 1786 2691 1835 sanctum.
2728 1782 2786 1835 In
2833 1798 2944 1852 quo
2974 1783 3203 1853 quidem
3250 1786 3573 1854 generatim

224 1868 553 1938 Cyprianum
584 1868 735 1922 inter
759 1875 813 1922 et
841 1869 1192 1924 adversarios
1223 1870 1593 1926 conveniebat
1618 1873 2001 1926 necessarium
2032 1889 2151 1927 esse
2180 1871 2460 1925 haareticis
2482 1870 2847 1925 redeuntibus
2874 1871 3107 1943 aliquod
3128 1878 3568 1942 sacramentum,

227 1964 277 2009 ut
315 1957 641 2027 acciperent
679 1957 951 2027 Spiritum
998 1964 1293 2024 sanctum;
1334 1960 1433 2013 sed
1479 1976 1705 2015 necesse
1754 1977 1867 2015 non
1914 1967 2035 2016 erat
2075 1962 2179 2015 hoc
2219 1965 2644 2014 sacramentum
2693 1959 3031 2014 nominatim
3072 1962 3397 2031 designare.
3448 1962 3573 2017 Non

224 2046 447 2100 absimili
476 2046 648 2100 modo
696 2046 1015 2101 Vincentius
1055 2064 1088 2101 a
1116 2047 1309 2101 Tiburi
1336 2048 1393 2101 in
1424 2049 1661 2103 concilio
1688 2049 2147 2119 Carthaginensi,
2183 2049 2487 2104 assentitur
2518 2049 2852 2103 adversariis
2879 2051 3256 2105 necessariam
3286 2067 3407 2105 esse
3444 2068 3563 2106 ma-

227 2153 384 2191 nuum
412 2136 878 2207 impositionem;
913 2137 1011 2191 sed
1052 2153 1179 2191 eam
1210 2137 1374 2192 aliter
1404 2154 1468 2191 ac
1502 2138 1577 2193 illi
1618 2140 2028 2210 interpretatur
2059 2156 2070 2194 :
2106 2160 2131 2189 ‹‹
2166 2135 2467 2193 Haareticos
2496 2134 2724 2199 scimus,
2756 2134 2957 2204 inquit,
2991 2135 3209 2205 pejores
3239 2152 3359 2189 esse
3398 2153 3573 2206 quam

228 2226 541 2280 ethnicos...
574 2226 719 2295 Ergo
766 2226 948 2296 primo
994 2242 1096 2296 per
1142 2243 1339 2280 manus
1370 2226 1791 2298 impositionem
1828 2229 1887 2282 in
1948 2229 2286 2294 exorcismo,
2333 2224 2579 2279 secundo
2621 2240 2719 2293 per
2763 2223 3033 2292 Baptismi
3082 2226 3572 2295 regenerationem

226 2321 346 2369 tunc
375 2318 614 2384 possunt
642 2315 713 2368 ad
744 2315 950 2371 Christi
978 2315 1451 2385 pollicitationem
1482 2318 1695 2372 venire.
1726 2337 1753 2367 »
1782 2318 2104 2371 Assentitur
2128 2314 2458 2371 adversariis
2487 2312 2811 2366 Vincentius
2839 2312 2906 2366 de
2940 2328 3142 2367 manus
3170 2313 3529 2385 impositione
3561 2334 3577 2383 ;

230 2403 313 2457 sed
354 2404 433 2456 illi
480 2420 681 2457 manus
724 2404 1151 2473 impositionem
1192 2404 1253 2456 in
1286 2400 1681 2475 pcenitentiam
1729 2405 2147 2475 intelligebant,
2198 2405 2301 2459 iste
2344 2404 2402 2457 in
2455 2402 2785 2456 exorcismo.
2833 2401 3060 2456 Minime
3100 2418 3239 2473 ergo
3272 2403 3483 2457 mirum
3529 2405 3574 2458 si

228 2492 491 2561 Cypriano
523 2509 655 2547 cum
689 2492 1023 2547 adversariis
1044 2494 1307 2548 convenit
1334 2494 1401 2548 de
1432 2500 1790 2548 sacramento
1824 2494 1897 2548 ad
1918 2495 2187 2564 Spiritum
2219 2500 2485 2549 aanctum
2514 2490 2919 2545 conferendum
2947 2492 3291 2560 necessario,
3314 2495 3575 2564 quamvis

229 2582 437 2653 utrique
467 2582 605 2637 illud
635 2586 1059 2637 sacramentum
1089 2582 1251 2636 aliter
1278 2582 1756 2653 interpretentur.

293 2673 365 2725 Ex
410 2673 491 2726 his
539 2678 729 2726 autem
773 2672 1113 2742 perspicitur
1160 2672 1659 2727 Confirmationem
1705 2690 1931 2745 semper
1974 2674 2031 2727 in
2079 2673 2322 2729 Ecclesia
2372 2671 2701 2725 distinctum
2742 2686 2775 2721 a
2817 2669 3096 2738 Baptismo
3149 2678 3572 2727 sacramentum

231 2760 404 2814 fuisse.
452 2762 767 2832 Utrumque
808 2768 1040 2815 vocatur
1082 2766 1497 2816 sacramentum
1544 2768 1601 2817 et
1642 2763 1890 2817 diversos
1932 2764 2163 2817 sortitur
2208 2762 2481 2815 effectus:
2531 2760 2631 2814 etsi
2680 2758 2835 2813 enim
2881 2759 2938 2812 in
2972 2760 3265 2829 Baptismo
3299 2761 3577 2832 accipitur

236 2848 453 2919 Spiritus
478 2856 727 2918 sanctus,
761 2854 824 2903 ut
868 2853 947 2904 tot
986 2849 1119 2904 locis
1165 2852 1478 2921 Cyprianus
1518 2852 1797 2919 observat,
1833 2857 2025 2907 tamen
2066 2851 2353 2923 praecipue
2394 2847 2821 2903 Conﬁrmationi
2864 2848 3214 2916 attribuitur,
3255 2867 3381 2920 quae
3418 2852 3573 2905 novis

236 2939 485 3007 praesidiis
532 2944 587 2993 et
630 2940 873 3009 Spiritus
918 2940 1092 2993 sancti
1144 2940 1305 2994 donis
1351 2940 1612 2994 corrobat
1652 2957 1748 2994 eos
1794 2942 1889 3011 qui
1924 2942 2050 3012 jam
2093 2941 2151 2993 in
2202 2940 2487 3010 Baptismo
2531 2938 2814 2992 Christum
2856 2936 3184 2991 induerunt.
3236 2939 3374 2993 Hinc
3423 2940 3575 2995 idem

230 3026 540 3096 Cyprianus,
586 3045 718 3082 cum
764 3030 815 3082 ei
862 3028 1205 3099 objiceretur
1238 3050 1265 3077 «
1314 3029 1393 3083 eis
1423 3030 1607 3100 quiin
1649 3029 1905 3084 Samaria
1935 3030 2200 3100 baptizati
2244 3030 2488 3095 fuerant,
2528 3026 2960 3081 advenientibus
3001 3026 3265 3095 apostolis
3310 3029 3476 3082 Petro
3521 3036 3579 3084 et

229 3116 447 3183 Joanne,
499 3122 720 3171 tantum
756 3134 993 3171 manum
1032 3117 1356 3187 impositam
1394 3134 1539 3185 esse,
1571 3122 1635 3172 ut
1665 3118 1985 3188 acciperent
2024 3118 2300 3188 Spiritum
2345 3119 2645 3183 sanctum;
2693 3114 2767 3168 sic
2799 3114 3099 3183 respondet
3126 3114 3184 3168 in
3241 3115 3481 3186 Epistola
3507 3118 3581 3173 ad

228 3206 546 3261 Jubaianum
570 3224 582 3260 :
616 3228 644 3255 ‹‹
672 3210 737 3262 Et
758 3207 982 3273 idcirco,
1015 3206 1197 3277 inquit
1220 3209 1374 3277 (pag.
1400 3210 1539 3274 132),
1572 3207 1705 3278 quia
1732 3207 2055 3278 legitimum
2085 3212 2141 3262 et
2168 3205 2611 3261 ecclesiasticum
2634 3203 2987 3274 Baptismum
3009 3204 3297 3259 consecuti
3324 3204 3576 3275 fuerant,

229 3292 484 3365 baptizari
508 3312 605 3350 eos
644 3297 794 3349 ultra
823 3313 939 3350 non
981 3296 1301 3367 oportebat,
1330 3297 1427 3351 sed
1463 3296 1865 3351 tantummodo
1894 3297 2046 3367 quod
2082 3298 2278 3352 deerat
2310 3295 2365 3349 id
2390 3312 2419 3347 a
2452 3296 2615 3347 Petro
2642 3298 2699 3347 et
2726 3293 2942 3347 Joanne
2976 3292 3188 3347 factum
3215 3295 3319 3361 est,
3352 3299 3412 3348 ut
3447 3310 3573 3350 ora-

228 3383 367 3438 tione
394 3400 499 3454 pro
524 3385 606 3438 eis
637 3384 831 3438 habita
851 3390 907 3439 et
936 3400 1112 3438 manu
1144 3385 1404 3454 imposita
1431 3386 1789 3440 invocaretur
1817 3391 1871 3440 et
1899 3385 2300 3440 infunderetur
2346 3400 2520 3455 super
2549 3399 2645 3437 eos
2672 3382 2913 3452 Spiritus
2955 3386 3200 3435 sanctus.
3228 3383 3385 3446 Quod
3425 3400 3577 3440 nunc

227 3488 435 3543 quoque
469 3474 529 3525 in
562 3472 800 3529 Ecclesia
827 3473 1061 3543 geritur,
1094 3476 1157 3526 ut
1176 3474 1273 3543 qui
1300 3473 1359 3526 in
1384 3474 1628 3529 Ecclesia
1654 3474 2041 3545 baptizantur,
2086 3475 2406 3546 praepositis
2437 3473 2701 3529 Ecclesiae
2734 3472 3068 3539 offerantur,
3104 3475 3163 3525 et
3186 3489 3288 3543 per
3322 3477 3575 3530 nostram

227 3561 528 3617 orationem
549 3578 613 3615 ac
637 3577 836 3615 manus
858 3560 1245 3632 impositiones
1264 3560 1541 3631 Spiritum
1564 3569 1825 3619 sanctum
1842 3572 2278 3636 consequantur,
2310 3566 2368 3619 et
2385 3562 2678 3633 signaculo
2710 3560 3004 3615 Dominico
3026 3565 3517 3618 consummentur.
3546 3586 3572 3613 »

223 3649 345 3711 Quis
384 3667 453 3704 ex
488 3650 577 3705 his
618 3667 733 3705 non
776 3651 1078 3722 perspiciat
1117 3652 1367 3707 Contirm
1384 3651 1637 3705 ationem
1668 3669 1781 3706 non
1821 3668 1939 3708 esse
1980 3653 2423 3724 appendiculam
2464 3650 2769 3722 quamdam
2817 3649 3107 3719 Baptismi,
3151 3650 3250 3704 sed
3288 3666 3485 3706 verum
3523 3658 3580 3708 et

224 3736 546 3792 distinctum
573 3756 605 3793 a
645 3740 933 3810 Baptismo
964 3743 1417 3807 sacramentum,
1459 3741 1610 3810 quod
1641 3759 1672 3795 a
1704 3741 1956 3796 diaconis
1996 3742 2228 3796 omnino
2266 3739 2656 3795 administrari
2686 3756 2801 3793 non
2830 3738 3029 3805 possit,
3071 3738 3333 3809 quodque
3364 3755 3480 3794 non
3505 3740 3576 3795 ad

225 3829 495 3882 exteriora
522 3832 743 3882 tantum
771 3830 918 3883 dona
943 3830 1242 3900 pertineat,
1283 3829 1383 3883 sed
1409 3829 1659 3885 maxime
1685 3831 1757 3885 ad
1782 3830 2065 3901 agendam
2096 3834 2151 3885 et
2182 3830 2462 3885 intentius
2488 3828 2864 3883 roborandam
2894 3826 3170 3897 Baptismi
3197 3827 3463 3897 gratiam,
3495 3828 3576 3883 ita

221 3921 278 3969 ut
303 3921 543 3988 utroque
572 3922 926 3972 sacramento
967 3918 1188 3972 renasci
1220 3917 1498 3973 dicamur.
1542 3921 1724 3990 Atque
1761 3918 1820 3972 id
1853 3918 2083 3989 quidem
2116 3919 2353 3973 miriﬁce
2394 3918 2737 3973 confirmant
2776 3917 3089 3987 Cyprianus
3137 3921 3193 3969 et
3235 3915 3331 3969 alii
3370 3916 3575 3972 Africae

224 4004 458 4075 episcopi
490 4004 547 4058 in
575 4005 812 4075 epistola
836 4004 909 4059 ad
936 4006 1212 4060 Numidas
1239 4023 1251 4060 :
1286 4027 1313 4056 «
1337 4007 1485 4078 Ungi
1519 4023 1748 4078 quoque
1777 4022 2004 4062 necesse
2034 4010 2138 4073 est,
2172 4006 2461 4078 inquiunt,
2494 4022 2626 4060 eum
2652 4005 2749 4077 qui
2775 4006 3093 4076 baptizatus
3113 4005 3203 4073 sit,
3231 4012 3316 4075 ut,
3345 4016 3575 4080 accepto

224 4092 538 4162 chrismate,
569 4093 629 4147 id
660 4100 745 4148 est
777 4093 1063 4161 unctione,
1096 4111 1217 4149 esse
1240 4099 1444 4149 unctus
1474 4096 1570 4151 Dei
1599 4100 1654 4150 et
1680 4096 1891 4151 habere
1919 4096 1978 4150 in
2008 4113 2065 4151 se
2092 4097 2333 4167 gratiam
2364 4097 2569 4152 Christi
2602 4097 2793 4167 possit.
2830 4117 2857 4145 »
2885 4097 3018 4160 Quae
3047 4103 3366 4166 sequuntur
3394 4099 3576 4153 obiter

222 4184 483 4252 explicare
513 4183 778 4238 conabor.
817 4205 845 4231 α
882 4186 1053 4239 Porro
1085 4191 1275 4239 autem
1320 4186 1665 4241 Eucharistia
1703 4190 1806 4250 est,
1838 4209 1865 4236 ››
1900 4187 2169 4258 inquiunt
2206 4188 2381 4243 iidem
2429 4188 2698 4259 episcopi,
2734 4210 2760 4237 ι(
2790 4187 2940 4242 unde
2982 4187 3248 4258 baptizati
3283 4194 3577 4259 unguntur

225 4274 333 4326 oleo
352 4274 409 4327 in
431 4273 596 4327 altari
631 4273 999 4328 sanctiﬁcato.
1023 4274 1380 4330 Sanctiﬁcare
1407 4281 1597 4331 autem
1627 4293 1741 4331 non
1771 4276 1953 4347 potuit
1975 4276 2084 4329 olei
2104 4280 2428 4332 creaturam
2451 4277 2547 4348 qui
2570 4293 2673 4331 nec
2702 4276 2879 4330 altare
2907 4276 3108 4330 habuit
3133 4293 3235 4331 nec
3262 4277 3574 4334 ecclesiam.

225 4358 368 4414 Unde
400 4378 507 4416 nec
538 4361 730 4415 unctio
761 4362 1026 4432 spiritalis
1064 4363 1215 4434 apud
1248 4364 1541 4418 haereticos
1586 4371 1768 4435 potest
1793 4380 1934 4432 esse,
1970 4365 2199 4434 quando
2228 4368 2449 4420 constet
2475 4366 2665 4419 oleum
2695 4364 3035 4419 sanctiﬁcari
3075 4370 3133 4419 et
3160 4366 3574 4422 Eucharistiam

223 4449 334 4503 ﬁeri
376 4449 531 4521 apud
570 4450 698 4504 illos
732 4451 966 4506 omnino
1007 4468 1120 4506 non
1149 4468 1331 4522 posse.
1374 4475 1400 4502 ››
1445 4452 1672 4523 Optime
1704 4454 1853 4507 hunc
1884 4454 2069 4507 locum
2099 4454 2424 4508 emendavit
2450 4454 2722 4523 Baluzius,
2765 4470 2866 4524 pro
2902 4470 2969 4507 eo
3010 4454 3162 4524 quod
3191 4454 3488 4525 legebatur
3511 4456 3573 4511 in

225 4538 460 4610 antiquis
489 4537 855 4605 editionibus,
886 4558 913 4587 ‹‹
943 4540 1294 4595 Eucharistia
1318 4545 1374 4595 et
1399 4541 1546 4596 unde
1574 4542 1843 4613 baptizati
1876 4546 2169 4614 unguntur
2200 4544 2388 4598 oleum
2412 4543 2466 4597 in
2499 4544 2659 4598 altari
2687 4542 3087 4598 sanctificatur.
3117 4566 3143 4593 ν
3178 4544 3350 4597 Porro
3381 4559 3494 4597 non
3514 4544 3572 4598 id

222 4625 342 4681 dicit
375 4627 690 4699 Cyprianus
726 4627 879 4698 quod
920 4628 990 4683 ab
1028 4646 1095 4683 eo
1140 4646 1243 4701 per
1286 4630 1683 4701 metaphoram
1714 4632 1926 4685 dictum
1962 4631 2291 4686 existimant
2327 4632 2607 4702 Rigaltius
2651 4635 2706 4687 et
2752 4633 2951 4701 Fellus,
3001 4632 3411 4686 Eucharistiam
3450 4646 3571 4686 esse

223 4716 397 4771 oleum
431 4733 545 4788 quo
567 4723 881 4788 unguntur,
907 4719 1005 4773 sed
1027 4720 1217 4789 potius
1241 4720 1655 4774 Eucharistiam
1677 4736 1795 4775 esse
1821 4720 1876 4774 id
1901 4720 2050 4774 unde
2075 4720 2267 4775 oleum
2295 4736 2407 4791 quo
2436 4720 2705 4791 baptizati
2722 4726 3037 4790 unguntur,
3061 4719 3571 4776 sanctificationem

222 4803 472 4872 deducit;
504 4806 641 4877 quia
670 4806 929 4862 videlicet
959 4808 1149 4862 oleum
1174 4808 1233 4862 in
1262 4808 1424 4863 altari
1458 4808 1920 4863 sanctificabatur
1946 4807 2083 4863 inter
2120 4810 2271 4881 ipsas
2300 4809 2555 4864 sacriﬁcii
2578 4824 2791 4879 preces.

222 5000 343 5060 Vlll.
383 5036 454 5047 -ο
496 5019 837 5065 amuli-simis
875 5021 1273 5066 sscaausnruu
1328 5024 1393 5064 ex
1431 5023 1679 5064 CYPRIANI
1716 5022 2048 5067 resrmonns
2102 5024 2455 5067 narsnnrrun.
2504 5040 2555 5051 —
2617 5022 2764 5071 QUAM
2805 5024 3175 5068 accessurum
3210 5024 3570 5088 JUDICAVBRIT,

510 5112 659 5157 QUAE
698 5114 896 5153 SANCTE
945 5114 1328 5154 ADHINISTRARI
1365 5114 1631 5155 VOLUEBIT
1667 5115 2013 5155 OSTENDITUR.
2054 5132 2123 5141 —
2163 5117 2442 5157 NONNULLA
2492 5117 2665 5156 lLLlUS
2704 5115 2858 5157 DICTA
2895 5116 3273 5159 EXPLICANTUR.

284 5240 423 5297 lllud
460 5244 639 5299 etiam
682 5260 747 5300 ex
786 5246 1130 5302 testimoniis
1166 5248 1348 5303 allatis
1394 5248 1554 5303 facile
1597 5245 1938 5319 perspicitur
1974 5248 2376 5304 Pcenitentiam
2416 5248 2563 5304 inter
2606 5247 2867 5302 Ecclesia
2907 5249 3265 5302 sacramenta
3304 5264 3570 5305 numera-

222 5332 323 5383 tam
361 5327 556 5398 fuisse,
591 5332 635 5386 si
674 5332 909 5404 quidem
941 5337 1284 5407 generatim,
1328 5342 1388 5393 ut
1426 5338 1692 5407 diximus,
1733 5339 1885 5394 inter
1922 5340 2271 5411 Cyprianum
2311 5339 2546 5409 ejusque
2577 5336 2928 5391 adversarios
2965 5336 3343 5392 conveniebat
3380 5339 3566 5394 Pani-

221 5416 447 5475 tentiam
481 5422 539 5476 et
566 5416 1070 5479 Conﬁrmationem
1100 5441 1223 5480 esse
1249 5432 1599 5482 sacramenta
1635 5445 1648 5483 :
1674 5428 1824 5483 unde
1851 5429 2140 5501 conceptis
2166 5429 2356 5484 verbis
2384 5427 2633 5482 declarat
2652 5426 2984 5496 Cyprianus,
3015 5432 3078 5480 ut
3104 5425 3279 5480 modo
3307 5426 3573 5497 vidimus,

223 5505 489 5577 Spiritum
522 5506 706 5563 Patris
731 5509 791 5564 in
821 5511 1171 5570 Pcenitentia:
1204 5522 1565 5574 sacramento
1604 5519 1823 5575 donari.
1871 5522 1942 5576 Ut
1967 5521 2318 5592 baptismum
2346 5514 2772 5570 catechumenis
2793 5555 2807 5581 ,
2839 5514 2916 5567 sic
2946 5514 3118 5584 lapsis
3150 5514 3566 5572 absolutionem

223 5594 271 5648 et
292 5613 488 5666 pacem
518 5597 899 5653 necessariam
927 5601 1226 5671 judicabat
1253 5607 1568 5679 Cyprianus
1600 5626 1612 5661 :
1658 5624 1813 5678 nam,
1844 5625 1974 5663 cum
2008 5609 2193 5664 latens
2218 5607 2277 5661 in
2321 5619 2539 5659 secessu
2582 5601 2800 5657 videret
2825 5618 2883 5656 se
2914 5617 3031 5656 non
3066 5606 3184 5657 tam
3214 5602 3324 5658 cito
3349 5604 3568 5660 reditu-

223 5697 339 5737 rum
371 5690 429 5740 et
445 5685 568 5755 jam
598 5688 855 5743 mstatem
883 5690 1138 5762 cepisse,
1181 5695 1330 5765 quod
1357 5700 1581 5768 tempus
1610 5696 2033 5752 inﬁrmitatibus
2059 5695 2298 5753 assiduis
2322 5698 2380 5748 et
2421 5690 2682 5763 gravibus
2708 5689 3031 5759 infestatur,
3060 5693 3179 5745 tam
3210 5692 3571 5749 audientibus

226 5786 390 5841 quam
431 5774 601 5845 lapsis
641 5776 1058 5846 providendum
1106 5781 1470 5853 existimavit,
1519 5788 1581 5840 ut
1627 5802 1732 5841 nec
1778 5786 1954 5859 primi
1998 5786 2121 5841 sine
2162 5782 2468 5855 baptismo,
2510 5795 2618 5836 nec
2659 5778 2803 5850 lapsi
2843 5778 2965 5833 sine
3008 5793 3147 5850 pace
3188 5784 3569 5837 morerentur.

224 5858 379 5918 Tanti
403 5862 649 5920 faciebat
681 5865 996 5937 Cyprianus
1027 5868 1180 5925 hanc
1218 5871 1613 5930 remissionem
1656 5858 1843 5932 delicti
1875 5892 1981 5951 per
2009 5874 2329 5936 sacerdotes
2362 5871 2571 5926 factam
2618 5868 2716 5941 (sic
2742 5867 2896 5923 enim
2940 5868 3061 5939 ipse
3093 5868 3341 5939 appellat
3378 5868 3477 5925 lib.
3508 5872 3573 5930 de

530 5961 809 6030 PATROL.
840 5962 944 6032 IV.
3250 5970 3288 6031 2

2048 6084 2055 6143 ἰ
