4084 6208
438 277 505 331 43
1752 275 1814 346 D.
1849 274 2220 332 PBUDENTII
2243 277 2502 333 MARANI
3733 279 3798 334 aii

435 405 594 471 Laps.
631 416 761 471 pag.
796 400 936 469 191),
968 403 1029 454 ut
1056 399 1282 470 grande
1313 399 1599 470 piaculum
1626 416 1658 453 a
1687 400 1964 455 Marciano
2005 402 2315 456 Arelatensi
2343 403 2657 456 admissum
2694 404 2944 473 putaret,
2979 402 3129 473 quod
3171 401 3348 474 ipsius
3389 402 3558 472 culpa
3591 405 3647 456 et
3677 418 3796 456 cru-

441 490 666 544 delitate
695 488 857 543 multi
889 505 957 542 ex
984 487 1253 542 fratribus
1297 489 1418 542 sine
1453 505 1586 558 pace
1629 490 1792 542 annis
1835 491 2221 559 superioribus
2263 491 2534 546 obiissent
2577 491 2698 561 (Ep.
2748 495 2934 559 van).
2975 494 3159 562 Atque
3193 492 3312 544 hac
3353 507 3520 545 causa
3552 496 3808 545 sanctum

434 579 734 648 Martyrem
763 575 999 630 adduxit
1028 582 1106 645 ut,
1139 578 1387 631 instante
1410 577 2120 650 persecutione43-44
2142 579 2280 634 Galli
2312 584 2368 633 et
2391 579 2707 645 Volusiani,
2735 581 2919 650 lapsos
2951 580 3054 632 sub
3077 580 3264 648 Decio,
3286 580 3385 651 qui
3414 580 3809 650 paenitentiam

435 682 606 737 agere
636 682 668 718 a
698 664 884 735 primo
921 665 1114 736 lapsus
1157 667 1246 720 die
1295 682 1411 720 non
1458 666 1813 734 destiterant,
1844 669 1912 721 ad
1953 685 2151 738 pacem
2180 669 2526 722 admitteret.
2579 670 2718 724 Eum
2767 669 2920 722 enim
2969 669 3240 723 idoneum
3273 669 3345 721 ad
3390 668 3806 723 confessionem

432 754 639 810 Christi
664 753 922 808 futurum
952 771 1062 807 non
1111 755 1350 824 putabat
1379 757 1473 825 qui
1518 772 1631 809 non
1662 756 1837 825 prius,
1869 773 2001 826 pace
2033 775 2061 809 a
2090 756 2475 811 sacerdotibus
2503 761 2754 828 accepta,
2785 757 3061 827 Spiritum
3103 756 3280 810 Patris
3310 757 3647 826 recepisset;
3681 761 3804 811 tum

432 857 566 896 vero
609 842 894 896 metuebat
932 859 1026 910 ne,
1069 843 1115 896 si
1157 844 1304 913 quis,
1353 844 1560 898 relictis
1605 844 1889 914 omnibus,
1930 847 2153 916 fugiens
2192 851 2249 900 et
2284 845 2341 900 in
2377 846 2625 900 tenebris
2674 851 2843 915 atque
2891 845 2947 898 in
2996 845 3300 899 solitudine
3361 846 3701 899 constitutus
3747 845 3804 898 in

431 932 680 986 latrones
717 931 864 986 forte
904 931 1252 1001 incurrisset,
1296 937 1392 986 aut
1423 934 1480 987 in
1518 933 1772 988 febribus
1799 938 1856 989 et
1885 934 1944 988 in
1975 935 2254 1005 languore
2300 934 2651 999 decessisset,
2693 933 2798 986 sibi
2843 934 3227 1004 imputaretur
3276 934 3425 1005 quod
3468 940 3582 994 tam
3624 934 3806 987 bonus

433 1021 594 1075 miles
623 1021 745 1074 sine
789 1037 926 1091 pace
967 1024 1022 1074 et
1047 1021 1169 1076 sine
1204 1022 1725 1077 communicatione
1756 1023 2079 1078 decessisset
2115 1025 2235 1094 (Ep.
2271 1024 2393 1093 LIV).
2436 1025 2510 1078 Ex
2550 1023 2634 1076 his
2670 1027 2831 1092 patet
2859 1038 3029 1092 quam
3061 1039 3263 1093 parum
3309 1040 3402 1075 eos
3434 1022 3632 1076 salutis
3672 1039 3809 1076 cura

435 1110 694 1165 sollicitet
718 1110 814 1180 qui
844 1110 950 1164 hoc
975 1115 1391 1166 sacramentum
1422 1111 1819 1178 ﬂoccifaciunt,
1851 1117 1906 1166 et
1937 1129 2004 1166 ex
2035 1118 2526 1166 sacramentorum
2550 1110 2680 1164 albo
2714 1116 3072 1180 expungunt,
3102 1127 3242 1181 quos
3282 1111 3328 1164 si
3360 1111 3488 1181 quis
3516 1127 3580 1164 ex
3635 1109 3809 1181 lapsis

436 1200 568 1254 olim
592 1199 881 1267 caruisset,
907 1215 1021 1253 non
1049 1215 1113 1252 ex
1137 1199 1202 1252 iis
1230 1199 1412 1254 solum
1438 1216 1680 1272 quorum
1711 1200 1895 1254 adhuc
1922 1201 2147 1254 infirma
2174 1202 2351 1256 virtus
2380 1207 2518 1268 erat,
2547 1199 2645 1254 sed
2673 1215 2738 1253 ex
2761 1199 2827 1252 iis
2855 1199 3028 1253 etiam
3059 1216 3302 1270 quorum
3337 1199 3587 1270 perfecta
3629 1199 3808 1253 chari-

261 1281 520 1374 V‘Qntas
541 1288 808 1342 omnibus
834 1288 1004 1342 rebus
1038 1305 1139 1360 pro
1165 1289 1384 1346 Christo
1415 1289 1748 1360 abjiciendis
1777 1289 2052 1357 elucebat,
2084 1289 2358 1343 damnum
2380 1290 2593 1361 grande
2624 1289 2805 1342 visum
2834 1288 3050 1343 fuisset.

260 1427 266 1433 ‘
501 1414 792 1468 Confessio
813 1417 1175 1484 peccatorum
1209 1432 1241 1468 a
1268 1415 1550 1486 Cypriano
1580 1415 1895 1468 vindicatur
1915 1419 1978 1468 ut
2009 1432 2138 1485 pars
2165 1415 2511 1470 sacramenti
2540 1414 2776 1468 omnino
2801 1413 3120 1468 necessaria
3151 1416 3212 1466 et
3237 1429 3268 1466 a
3297 1415 3410 1468 Deo
3441 1414 3769 1483 prascripta
3787 1432 3802 1482 ;

432 1505 698 1560 hortatur
728 1505 910 1573 lapsos
953 1507 1018 1557 ut
1064 1527 1089 1553 ‹‹
1124 1504 1330 1574 singuli
1373 1505 1754 1559 confiteantur
1788 1504 2058 1558 delictum
2102 1521 2292 1570 suum,
2335 1505 2473 1558 dum
2512 1504 2696 1558 adhuc
2737 1503 2835 1572 qui
2882 1502 3125 1572 deliquit
3166 1502 3224 1554 in
3268 1503 3473 1556 saeculo
3517 1508 3622 1570 est,
3667 1501 3802 1555 dum

342 1593 348 1598 ’
434 1593 662 1648 admitti
693 1591 968 1646 confessio
1008 1593 1128 1662 ejus
1159 1597 1362 1662 potest,
1403 1593 1538 1646 dum
1563 1593 1865 1647 satisfactio
1893 1596 1950 1646 et
1978 1593 2227 1647 remissio
2254 1594 2400 1647 facta
2427 1610 2527 1663 per
2559 1593 2873 1646 sacerdotes
2908 1591 3059 1655 apud
3087 1592 3266 1645 Deum
3298 1596 3456 1660 grata
3488 1594 3571 1644 est
3612 1611 3639 1639 »
3675 1591 3792 1661 (lib.

325 1707 358 1728 κ
435 1684 501 1736 de
527 1683 710 1752 Laps.,
741 1699 796 1752 p.
843 1681 984 1752 t9l).
1023 1683 1224 1737 Narrat
1263 1683 1319 1736 in
1351 1683 1552 1737 eodem
1590 1682 1734 1736 libro
1759 1682 1990 1736 ultionis
2019 1682 2223 1738 divina
2249 1683 2516 1736 miracula
2554 1683 2612 1736 in
2655 1698 2751 1736 eos
2781 1698 2966 1750 nuper
2995 1681 3143 1734 edita
3169 1680 3270 1751 qui
3308 1685 3537 1750 peccata
3577 1680 3796 1734 occulta

337 1805 351 1813 η
432 1771 789 1826 sacerdotum
843 1771 1154 1841 cognitioni
1198 1771 1646 1839 subtraxerant;
1707 1771 1929 1826 etiamsi
1992 1772 2175 1826 scelus
2219 1773 2554 1843 cogitatione
2599 1771 2720 1824 sola
2769 1773 3094 1840 susceptum
3135 1770 3245 1836 sit,
3298 1769 3355 1822 id
3407 1769 3796 1824 sacerdotibus

431 1859 835 1914 declarandum
863 1862 918 1912 et
941 1859 1330 1914 confitendum
1353 1860 1538 1914 docet.
1585 1880 1612 1908 ‹‹
1644 1861 1895 1930 Denique
1929 1864 2140 1931 quanto
2172 1865 2230 1915 et
2254 1860 2365 1914 lide
2398 1860 2664 1930 majores,
2693 1859 2880 1929 inquit
2909 1860 2986 1929 (p.
3020 1858 3166 1929 190),
3215 1861 3273 1912 et
3299 1859 3507 1913 timore
3531 1857 3799 1912 meliores

431 1954 562 2003 sunt
589 1950 706 2019 qui,
743 1947 998 2019 quamvis
1027 1947 1184 2002 nullo
1211 1947 1464 2002 sacrificii
1499 1951 1597 2002 aut
1623 1947 1796 2002 libelli
1835 1948 2087 2002 facinore
2114 1949 2423 2016 constricti,
2468 1948 2740 2019 quoniam
2772 1954 2965 2001 tamen
3013 1948 3080 2001 de
3119 1947 3222 2000 hac
3259 1947 3345 2000 vel
3387 1945 3798 2016 cogitaverunt,

432 2037 538 2092 hoc
575 2037 762 2108 ipsum
805 2037 956 2106 apud
1003 2036 1331 2090 sacerdotes
1375 2037 1472 2092 Dei
1514 2038 1776 2092 dolenter
1820 2041 1876 2091 et
1915 2036 2246 2108 simpliciter
2290 2037 2654 2104 conﬁtentur,
2699 2036 3128 2107 exomologesin
3156 2035 3514 2089 conscientia
3559 2033 3796 2097 faciunt,

431 2125 607 2178 animi
643 2124 727 2178 sui
774 2124 994 2195 pondus
1039 2129 1346 2196 exponunt,
1399 2125 1702 2180 salutarem
1746 2124 2024 2178 medelam
2055 2126 2238 2195 parvis
2282 2126 2413 2180 licet
2451 2130 2507 2179 et
2550 2125 2782 2181 modicis
2821 2126 3151 2180 vulneribus
3191 2124 3517 2195 exquirunt,
3555 2122 3798 2176 scientes

433 2212 704 2284 scriptum
732 2229 852 2267 esse
883 2230 896 2267 :
923 2215 1063 2268 Deus
1081 2229 1187 2268 non
1216 2214 1498 2268 irridetur.
1529 2236 1556 2263 »
1588 2214 1754 2268 Miror
1782 2218 2075 2269 auctorem
2109 2214 2374 2268 editionis
2423 2215 2753 2270 Oxoniensis
2801 2230 3036 2284 negasse
3082 2230 3148 2268 ex
3196 2214 3301 2267 hoc
3344 2213 3468 2267 loco
3500 2210 3804 2265 confessio-

431 2318 562 2357 nem
595 2301 970 2356 auricularem
1001 2302 1294 2373 consequi.
1339 2302 1489 2366 Quin
1515 2302 1687 2357 etiam
1717 2303 2013 2357 sententia
2041 2319 2157 2356 sua
2184 2308 2388 2357 testem
2421 2304 2552 2357 citat
2577 2304 2982 2359 Lombertum:
3014 2324 3040 2352 κ
3077 2302 3498 2358 Eruditissimus
3523 2299 3796 2354 Lomber-

432 2394 524 2444 tus
558 2413 585 2440 »
617 2391 805 2461 inquit
831 2390 886 2444 in
928 2395 1062 2445 nota
1089 2391 1158 2445 ad
1193 2392 1341 2444 hunc
1369 2392 1577 2458 locum,
1616 2413 1641 2440 ‹‹
1674 2398 1822 2445 recte
1855 2391 1987 2445 hinc
2028 2391 2244 2462 colligit
2281 2392 2521 2446 crimina
2548 2398 2768 2447 secreta
2810 2393 3162 2447 confessione
3196 2398 3251 2446 et
3282 2392 3613 2462 poenitentia
3647 2389 3800 2459 apud

431 2481 609 2536 Deum
637 2479 934 2550 expianda,
961 2497 1065 2534 nec
1091 2479 1470 2534 auricularem
1500 2481 1942 2548 confessionem,
1973 2481 2126 2552 quod
2153 2481 2328 2536 voluit
2353 2482 2658 2550 Pamelius,
2693 2481 2894 2536 exinde
2923 2481 3138 2535 conﬁci.
3170 2502 3197 2530 »
3232 2485 3299 2535 At
3328 2480 3576 2550 profecto
3607 2481 3800 2533 Parne-

431 2567 572 2623 lium
602 2568 750 2622 inter
780 2573 836 2622 et
865 2568 1231 2623 Lombertum
1263 2567 1503 2623 mirifice
1544 2572 1824 2636 convenit,
1866 2587 1931 2624 ac
1967 2570 2188 2625 disertis
2226 2571 2410 2625 verbis
2454 2571 2792 2626 Lombertus
2829 2574 3180 2624 secretarum
3206 2569 3617 2640 cogitationum
3661 2584 3797 2622 con-

433 2657 740 2711 fessionem
782 2656 1170 2711 sacerdotibus
1217 2658 1426 2712 factam
1471 2659 1644 2713 fuisse
1685 2659 1954 2715 declarat.
2007 2662 2117 2715 Nec
2159 2677 2294 2715 sane
2350 2677 2418 2714 ex
2470 2659 2654 2714 verbis
2697 2659 2964 2729 Cypriani
3005 2658 3156 2712 aliud
3197 2659 3318 2712 erui
3373 2660 3577 2728 potest.
3624 2657 3798 2722 Nam,

432 2763 565 2801 cum
620 2749 839 2800 constet
882 2747 1298 2801 confessionem
1353 2749 1704 2803 occultorum
1746 2750 2052 2804 criminum
2103 2750 2330 2819 publice
2377 2752 2435 2803 et
2480 2749 2742 2803 omnibus
2785 2748 3152 2802 audientibus
3205 2748 3410 2802 factam
3463 2750 3561 2800 aut
3597 2745 3799 2798 saltem

431 2835 822 2907 praescriptam
863 2853 977 2889 non
1024 2835 1218 2902 fuisse,
1259 2837 1382 2891 luce
1413 2837 1613 2891 clarius
1660 2841 1744 2892 est
1789 2855 1885 2892 eos
1921 2839 2016 2908 qui
2047 2837 2423 2908 cogitationes
2461 2836 2633 2889 malas
2661 2835 2811 2905 apud
2858 2834 3184 2888 sacerdotes
3223 2833 3661 2899 confitebantur,
3701 2830 3799 2900 qui

432 2923 851 2993 exomologesin
895 2924 1260 2978 conscientia
1301 2925 1599 2994 faciebant,
1643 2926 1737 2996 qui
1773 2927 1948 2980 animi
1987 2928 2072 2981 sui
2117 2927 2341 2998 pondus
2381 2925 2740 2995 exponebant
2778 2926 2834 2978 et
2865 2923 3190 2977 vulneribus
3229 2923 3509 2977 medelam
3535 2919 3797 2991 exquire-

431 3012 588 3081 bant,
612 3017 842 3082 peccata
868 3030 970 3066 sua
1000 3013 1232 3067 auribus
1263 3013 1501 3084 alicujus
1522 3016 1826 3070 sacerdotis
1855 3017 2195 3087 deposuisse.
2223 3018 2504 3070 Praeterea
2535 3013 2734 3083 negari
2763 3029 2876 3066 non
2909 3015 3092 3082 potest
3120 3010 3569 3065 circumstantias
3603 3024 3801 3062 omnes

429 3102 487 3156 in
535 3101 869 3172 pauitantia
917 3103 1302 3173 imponenda,
1353 3109 1626 3174 tanquam
1671 3106 1920 3159 aurificis
1970 3111 2198 3171 statera,
2253 3103 2607 3159 examinatas
2645 3101 2850 3168 fuisse;
2906 3101 2960 3154 id
3013 3100 3224 3155 diserte
3276 3102 3517 3153 testatur
3562 3097 3797 3168 Cypria-

430 3207 538 3245 nus
572 3192 628 3244 in
671 3191 845 3261 Epist.
890 3208 979 3245 ιιι.
1021 3194 1092 3245 At
1127 3192 1418 3262 quomodo
1451 3194 1770 3248 sacerdotes
1810 3195 2240 3248 convenientem
2283 3194 2491 3263 cuique
2531 3189 2923 3260 panitentiam
2967 3190 3036 3243 ob
3079 3190 3298 3243 occulta
3329 3193 3562 3258 peccata
3589 3185 3799 3257 potuis-

431 3285 557 3333 sent
604 3280 924 3348 imponere,
967 3279 1072 3332 nisi
1115 3280 1226 3334 illis
1263 3280 1406 3350 lapsi
1457 3281 1817 3336 conscientia
1856 3297 1973 3335 sua
2011 3281 2392 3350 inspicienda
2432 3280 2657 3350 copiam
2699 3277 3015 3333 fecissent?
3061 3279 3125 3332 In
3173 3293 3287 3348 quo
3319 3275 3554 3348 quidem
3602 3274 3800 3328 obser-

429 3367 685 3421 vandum
720 3373 806 3422 est
835 3367 979 3421 hanc
1022 3368 1435 3439 cogitationum
1463 3369 1878 3423 confessionem
1916 3385 2032 3423 non
2059 3369 2268 3424 eximio
2299 3369 2552 3439 quodam
2580 3375 2636 3422 et
2668 3384 2784 3422 non
2816 3366 3144 3439 prascripto
3176 3365 3404 3437 pietatis
3435 3363 3660 3432 ardore,
3704 3363 3802 3418 sed

431 3455 787 3526 adimplendi
836 3457 1108 3527 pracepti
1155 3457 1331 3511 divini
1380 3457 1713 3513 necessitate
1767 3457 2065 3524 contineri,
2115 3479 2142 3507 ‹‹
2189 3457 2426 3514 scientes
2469 3457 2743 3528 scriptum
2794 3473 2952 3524 esse,
2985 3455 3064 3509 ait
3116 3453 3475 3525 Cyprianus:
3516 3455 3654 3506 Deus
3696 3466 3802 3504 non

432 3547 718 3601 irridetur.
749 3567 777 3596 »

505 3682 624 3745 Quo
650 3681 892 3736 sanctior
917 3685 1042 3735 erat
1070 3681 1403 3752 Cyprianus,
1438 3698 1504 3737 eo
1527 3682 1920 3738 vehementius
1947 3685 2094 3737 cavit
2124 3701 2196 3738 ne
2228 3689 2647 3739 sacramentum
2682 3684 2833 3755 quod
2872 3683 2942 3738 ad
2971 3681 3269 3735 hominum
3297 3680 3542 3734 salutem
3573 3677 3798 3731 institu-

433 3774 557 3824 tum
585 3773 686 3836 est,
734 3769 787 3823 in
822 3785 1021 3823 eorum
1063 3770 1378 3840 perniciem
1422 3775 1867 3826 converteretur.
1901 3773 2061 3837 Quod
2097 3779 2287 3828 autem
2318 3774 2470 3828 illius
2514 3774 2616 3827 hac
2654 3773 2712 3827 in
2757 3789 2816 3827 re
2866 3772 3117 3826 studium
3143 3769 3426 3835 excitavit,
3470 3772 3530 3823 et
3572 3765 3799 3821 eximia

437 3857 708 3911 doctrina
748 3859 990 3927 posteris
1030 3857 1346 3927 prodenda
1385 3861 1741 3914 occasionem
1781 3861 1959 3928 dedit,
2003 3862 2256 3933 nequitia
2304 3863 2413 3916 fuit
2461 3863 2862 3916 nonnullorum
2911 3860 3372 3932 presbyterorum
3414 3855 3530 3926 qui,
3577 3859 3696 3908 tum
3740 3860 3803 3908 ut

436 3946 712 4016 Cypriane
753 3945 1075 4000 molestiam
1106 3945 1454 4014 exhiberent,
1492 3952 1611 4001 tum
1638 3954 1701 4003 ut
1730 3949 1966 4019 gratiam
1994 3950 2144 4019 apud
2176 3951 2439 4004 homines
2471 3967 2614 4004 novo
2655 3949 2896 4020 aucupio
2937 3949 3168 4015 inirent,
3200 3947 3390 4016 lapsos
3416 3960 3590 3998 onere
3619 3942 3798 4013 poeni-

438 4034 635 4088 tentia
664 4034 940 4088 levarunt.
979 4035 1037 4087 ln
1070 4034 1353 4103 ejusmodi
1385 4036 1647 4091 homines
1674 4038 1855 4091 studio
1887 4038 2139 4092 veritatis
2169 4055 2437 4093 accensus
2466 4038 2542 4092 sic
2569 4038 2860 4092 invehitur
2887 4037 2944 4092 S.
2978 4039 3189 4106 Martyr
3233 4035 3292 4087 in
3331 4033 3429 4087 lib.
3463 4033 3527 4087 de
3563 4034 3754 4102 Lapsis
3785 4047 3796 4084 :

441 4140 470 4175 α
500 4124 702 4177 Pacem
747 4124 947 4191 putant
987 4138 1106 4176 esse
1146 4121 1332 4192 inquit
1381 4123 1458 4193 (p.
1511 4125 1653 4193 l86),
1696 4143 1866 4196 quam
1907 4127 2139 4196 quidam
2184 4127 2367 4181 verbis
2407 4127 2689 4182 fallacibus
2740 4126 3058 4180 venditant.
3110 4125 3233 4178 Non
3282 4126 3368 4177 est
3409 4139 3515 4193 pax
3561 4121 3654 4174 illa
3701 4119 3797 4173 sed

437 4211 676 4273 bellum,
725 4227 828 4264 nec
867 4211 1129 4264 Ecclesia
1159 4211 1424 4281 jungitur
1461 4213 1556 4283 qui
1612 4215 1682 4267 ab
1730 4215 2034 4285 Evangelio
2085 4221 2398 4285 separatur.
2451 4215 2596 4278 Quid
2644 4215 2914 4285 injuriam
2955 4213 3297 4269 beneﬁcium
3350 4211 3609 4265 vocant?
3658 4208 3800 4279 quid

442 4298 793 4369 impietatem
840 4299 1110 4352 vocabulo
1147 4299 1370 4368 pietatis
1418 4303 1757 4372 appellant?
1801 4303 1937 4374 quid
1967 4303 2046 4357 eis
2093 4303 2188 4373 qui
2238 4303 2376 4357 flere
2409 4303 2629 4373 jugiter
2675 4309 2730 4357 et
2774 4319 2978 4374 rogare
3017 4301 3317 4355 Dominum
3345 4315 3513 4353 suum
3563 4297 3801 4365 debent,

441 4386 756 4456 intercepta
791 4387 1140 4456 poenitentia
1183 4386 1585 4444 lamentatione
1631 4393 2051 4446 communicare
2097 4408 2154 4447 se
2187 4391 2504 4445 simulant?
2546 4393 2656 4446 Hoc
2699 4389 3142 4460 sunt-ejusmodi
3185 4389 3352 4459 lapsis
3395 4387 3545 4458 quod
3585 4386 3801 4456 grando

444 4475 723 4546 frugibus,
753 4476 906 4545 quod
937 4475 1226 4530 turbidum
1254 4476 1408 4531 sidus
1436 4477 1752 4547 arboribus,
1781 4480 1931 4551 quod
1959 4479 2233 4534 armentis
2263 4479 2536 4549 pestilens
2555 4479 2802 4545 vastitas,
2837 4479 2988 4550 quod
3018 4478 3260 4548 navigiis
3287 4490 3433 4530 sava
3452 4477 3757 4546 tempestas
3787 4491 3800 4528 :

448 4565 709 4620 solatium
759 4568 986 4618 aeterna
1033 4567 1150 4636 spei
1193 4567 1473 4634 adimunt,
1506 4569 1769 4624 arborem
1809 4587 1841 4622 a
1892 4571 2072 4624 radice
2101 4569 2453 4635 subvertunt,
2500 4584 2758 4622 sermone
2811 4567 3071 4621 morbido
3101 4583 3165 4621 ac
3211 4567 3423 4620 lethale
3477 4565 3808 4636 contagium

448 4658 702 4725 serpunt,
743 4669 945 4707 navem
972 4654 1235 4725 scopulis,
1265 4672 1336 4709 ne
1381 4657 1439 4709 in
1468 4662 1701 4727 portum
1729 4661 2044 4729 perveniat,
2090 4659 2334 4714 illidunt.
2371 4661 2493 4714 Non
2538 4660 2799 4714 concedit
2843 4675 3039 4729 pacem
3069 4658 3304 4712 facilitas
3333 4658 3460 4723 ista,
3491 4655 3593 4710 sed
3635 4655 3802 4721 tollit,

447 4759 549 4799 nec
574 4741 1146 4799 communicationem
1181 4743 1397 4812 tribuit,
1429 4745 1528 4800 sed
1558 4747 1800 4817 impedit
1834 4749 1906 4803 ad
1943 4750 2206 4804 salutem.
2242 4749 2560 4803 Persecutio
2589 4753 2674 4802 est
2702 4749 2822 4802 hac
2849 4747 2956 4801 alia
2983 4751 3039 4801 et
3066 4748 3172 4801 alia
3196 4746 3458 4814 tentatio,
3489 4761 3591 4815 per
3630 4761 3803 4816 quam

350 4841 359 4852 ‘
447 4833 665 4888 subtilis
712 4832 972 4886 inimicus
1026 4833 1439 4904 impugnandis
1463 4835 1651 4890 adhuc
1681 4837 1848 4908 lapsis
1892 4840 2104 4894 occulta
2145 4840 2502 4909 populatione
2530 4844 2819 4910 grassatur
2847 4841 2908 4890 ut
2945 4837 3282 4891 lamentatio
3323 4835 3700 4905 conquiescat,
3741 4839 3806 4890 ut

448 4921 605 4975 dolor
633 4921 812 4988 sileat,
841 4926 904 4974 ut
935 4920 1127 4975 delicti
1156 4924 1437 4977 memoria
1472 4932 1788 4993 evanescat,
1821 4931 1882 4980 ut
1911 4928 2320 4997 comprimatur
2350 4931 2649 4998 pectorum
2680 4927 2947 4998 gemitus,
2991 4928 3273 4981 statuatur
3293 4925 3459 4979 fletus
3485 4924 3803 4992 oculorum,

451 5025 554 5064 nec
585 5009 894 5062 Dominum
921 5009 1168 5078 graviter
1199 5009 1479 5064 offensum
1519 5012 1693 5084 longa
1718 5019 1772 5069 et
1808 5017 1973 5085 plena
2011 5016 2342 5087 poenitentia
2374 5016 2732 5087 deprecetur,
2763 5032 2894 5070 cum
2922 5015 3164 5086 sciptum
3194 5014 3266 5069 sit
3294 5030 3307 5068 :
3360 5017 3623 5070 Memento
3662 5013 3810 5069 unde

449 5097 720 5164 cecideris,
750 5102 799 5151 et
825 5113 922 5165 age
955 5100 1353 5166 paenitentiam.
1385 5099 1550 5154 Plura
1575 5117 1690 5156 non
1718 5104 1961 5159 referam
1987 5121 2118 5159 cum
2159 5105 2361 5176 cuique
2399 5105 2566 5160 liceat
2593 5104 2862 5176 Cypriani
2906 5103 3250 5158 sententiam
3281 5103 3458 5157 oculis
3485 5117 3716 5157 cernere
3746 5102 3811 5158 in

452 5185 735 5256 praeclaris
772 5184 880 5238 illis
909 5184 1116 5238 litteris
1157 5202 1295 5255 quas
1341 5187 1409 5240 de
1455 5205 1624 5243 causa
1666 5191 1957 5261 lapsorum
1998 5194 2070 5248 ad
2113 5194 2351 5263 clerum,
2401 5195 2471 5248 ad
2512 5193 2762 5264 plebem,
2809 5193 2883 5247 ad
2924 5193 3273 5248 confessores
3317 5196 3489 5264 atque
3536 5191 3608 5246 ad
3656 5190 3812 5262 ipsos

453 5273 624 5328 etiam
650 5274 832 5343 lapsos
860 5271 1104 5343 scripsit.
1132 5274 1244 5327 Nec
1274 5274 1465 5329 minor
1506 5277 1798 5348 Evangelii
1829 5281 1992 5352 vigor
2017 5281 2276 5337 enitescit
2303 5281 2362 5336 in
2404 5283 2606 5337 litteris
2647 5282 3039 5338 confessorum
3067 5283 3475 5351 Romanorum,
3523 5279 3813 5351 imprimis

451 5376 585 5416 vero
632 5361 690 5414 in
729 5361 937 5415 eximia
984 5361 1130 5415 Cleri
1176 5363 1414 5418 Romani
1442 5364 1688 5434 Epistola
1715 5368 1886 5438 (inter
1907 5368 2270 5440 Cyprianicas
2297 5369 2446 5440 xxxx)
2471 5387 2640 5441 quam
2678 5386 2783 5440 per
2810 5373 2998 5425 totum
3025 5371 3225 5426 orbem
3251 5375 3531 5425 terrarum
3580 5368 3815 5422 missam

453 5449 626 5504 fuisse
653 5449 896 5504 dicimus
921 5465 986 5504 ex
1014 5450 1184 5519 Epist.
1217 5467 1289 5505 ιιι
1315 5452 1600 5522 Cypriani.
1632 5475 1659 5503 «
1691 5456 1852 5510 Absit
1877 5458 2030 5511 enim
2055 5459 2126 5512 ab
2154 5459 2402 5513 Ecclesia
2427 5459 2702 5527 Romana,
2730 5458 3018 5529 inquiunt,
3042 5458 3302 5529 vigorem
3326 5475 3493 5512 suum
3525 5461 3646 5512 tam
3681 5471 3820 5527 pro-

452 5538 588 5593 fana
615 5538 876 5592 facilitate
916 5538 1223 5605 dimittere,
1253 5545 1310 5593 et
1339 5555 1538 5593 nervos
1565 5542 1881 5598 severitatis
1906 5562 2102 5600 aversa
2130 5547 2263 5600 ﬁdei
2305 5547 2605 5618 majestate
2621 5547 2948 5616 dissolvere,
2980 5550 3044 5602 ut
3068 5565 3196 5602 cum
3224 5548 3410 5602 adhuc
3440 5565 3556 5602 non
3586 5551 3815 5604 tantum

446 5626 694 5696 jaceant,
721 5625 817 5680 sed
847 5629 906 5679 et
933 5625 1140 5680 cadant
1166 5642 1494 5682 eversorum
1524 5628 1768 5685 fratrum
1800 5633 2002 5699 ruina,
2033 5639 2336 5704 properata
2363 5635 2532 5690 nimis
2561 5637 2815 5693 remedia
2842 5638 3423 5692 communicationum
3454 5637 3648 5709 utique
3693 5654 3815 5693 non

450 5711 745 5783 profutura
789 5717 1150 5785 prastentur,
1199 5720 1255 5769 et
1297 5731 1444 5769 nova
1491 5733 1591 5787 per
1633 5719 2082 5775 misericordiam
2130 5721 2328 5778 falsam
2373 5725 2604 5779 vulnera
2647 5727 2932 5781 veteribus
2977 5726 3443 5797 transgressionis
3481 5726 3816 5780 vulneribus

451 5802 871 5879 imprimantur,
906 5807 967 5860 ut
996 5803 1213 5886 miseris
1251 5805 1319 5862 ad
1350 5806 1702 5862 eversionem
1733 5809 2012 5882 majorem
2057 5811 2334 5883 eripiatur
2375 5820 2432 5868 et
2456 5815 2810 5885 poenitentia.
2846 5817 2951 5872 Ubi
2993 5816 3147 5871 enim
3193 5817 3407 5887 poterit
3432 5816 3818 5895 indulgentia
