4084 6208
209 283 258 337 45
1735 285 2116 341 ΡΒίΕΡΑΤΙΟ.
3516 281 3584 336 46

207 403 474 458 medicina
517 405 813 475 proficere,
865 406 946 459 sic
991 406 1163 460 etiam
1209 407 1332 479 ipse
1383 408 1660 470 medicus,
1695 409 2011 478 intercepta
2057 405 2413 477 poenitentia,
2455 404 2716 474 indulget
2752 403 3034 476 periculis,
3078 403 3124 457 si
3166 405 3567 459 tantummodo

210 494 379 563 Operi:
421 494 652 560 vulnus,
695 510 799 548 nec
845 495 978 548 sinit
1009 496 1328 550 necessaria
1358 497 1640 568 temporis
1680 497 1932 551 remedia
1975 496 2257 550 obducere
2297 493 2656 548 cicatricem?
2692 495 2806 548 Hoc
2845 509 2961 547 non
2996 497 3082 546 est
3112 507 3331 558 curare,
3371 491 3492 561 sed,
3526 509 3578 562 si

209 579 379 634 dicere
431 598 633 636 verum
680 583 964 651 volumus,
1007 585 1287 638 occidere.
1333 606 1360 635 ››
1391 586 1570 639 Tanta
1615 585 1723 639 fuit
1765 587 1871 638 hac
1916 586 1972 638 in
2019 602 2078 640 re
2123 583 2386 655 Cypriani
2431 581 2762 646 constantia,
2809 584 2870 634 ut
2913 581 3054 635 nihil
3101 596 3231 633 eum
3278 580 3570 636 inflectere

208 671 448 739 potuerit
476 689 488 723 :
519 687 636 724 non
669 678 989 742 martyrum
1017 673 1189 727 libelli
1229 673 1435 744 quibus
1463 676 1656 728 tamen
1699 691 1808 728 non
1850 690 2052 743 parum
2093 671 2396 737 tribuebat,
2432 686 2541 723 non
2573 669 2879 722 imminens
2909 686 2942 722 a
2965 668 3199 722 nefariis
3228 670 3574 739 presbyteris

209 759 538 827 periculum,
569 776 682 813 non
704 761 959 815 excitatae
985 761 1052 813 ab
1079 760 1217 830 ipsis
1244 762 1564 828 seditiones,
1587 779 1720 817 cum
1744 763 1800 816 in
1830 763 2120 816 nonnullis
2149 761 2448 832 provinciae
2471 757 2750 830 45-46
2777 759 3236 827 Carthaginensis
3259 759 3574 814 civitatibus

208 847 448 915 impetus
489 848 546 902 in
589 848 920 919 praepositos
961 865 1062 919 per
1106 849 1531 904 multitudinem
1577 850 1752 905 factus
1795 855 1956 917 esset,
2008 868 2071 905 ac
2114 850 2460 920 Carthagine
2504 849 2738 919 quidam
2783 847 3093 901 turbulenti
3133 864 3233 918 per
3278 848 3573 918 epistolam

212 936 591 990 confessornm
617 937 774 991 velut
800 937 1139 1008 quibusdam
1173 938 1390 992 facibus
1418 940 1656 1008 accensi,
1680 941 1808 1010 plus
1829 941 2199 994 exardescere
2229 945 2287 994 et
2317 953 2512 1009 pacem
2542 937 2646 990 sibi
2673 937 2864 990 datam
2886 939 3224 1006 extorquere
3253 938 3571 1007 cmpissent.

213 1024 257 1077 lu
300 1041 373 1078 eo
422 1026 671 1096 perstitit
718 1025 776 1080 S.
821 1029 1026 1097 Martyr
1070 1029 1218 1098 quod
1265 1033 1395 1082 ante
1441 1029 1783 1097 decreverat,
1827 1035 1887 1084 ut
1931 1047 2020 1083 res
2067 1029 2137 1084 ad
2186 1029 2491 1085 concilium
2536 1026 2758 1097 integra
2807 1030 3160 1093 servaretur;
3204 1028 3260 1079 et
3304 1040 3494 1079 arcere
3543 1041 3576 1079 a

215 1115 614 1169 communione
643 1132 742 1168 sua
769 1133 882 1170 non
913 1116 1207 1185 dubitavit,
1241 1117 1284 1170 si
1314 1117 1438 1188 quis
1467 1122 1598 1172 ante
1625 1119 1767 1173 illud
1795 1127 2021 1190 tempus
2047 1135 2176 1172 cum
2206 1119 2373 1190 lapsis
2405 1133 2576 1172 ausus
2604 1119 2754 1170 esset
2780 1114 3228 1169 communicare.

272 1232 384 1284 Nec
437 1238 628 1286 tamen
688 1232 1035 1302 Cyprianum
1094 1233 1531 1288 existimandum
1589 1240 1674 1289 est
1718 1237 1871 1306 justo
1926 1235 2269 1290 severiorem
2327 1235 2520 1288 fuisse.
2573 1233 2720 1288 Nihil
2765 1249 2829 1287 eo
2885 1232 3071 1285 lenius
3127 1231 3262 1298 fuit,
3312 1230 3454 1284 nihil
3507 1231 3576 1284 ad

215 1319 630 1390 indulgentiam
665 1320 985 1389 proclivius.
1017 1321 1262 1391 Operam
1297 1321 1466 1376 dabat
1507 1329 1570 1377 ut
1612 1342 1717 1379 nec
1755 1325 1989 1380 acerbus
2031 1329 2126 1379 aut
2164 1324 2340 1378 durus
2382 1331 2481 1379 aut
2525 1325 2579 1378 in
2621 1323 2895 1377 fratribus
2937 1321 3193 1376 fovendis
3234 1320 3578 1374 inhumanus

215 1409 515 1474 videretur,
549 1424 649 1463 nec
677 1409 882 1463 iterum
911 1411 1128 1464 solutus
1157 1415 1303 1465 esset
1333 1427 1397 1465 ac
1433 1411 1608 1466 facilis
1639 1414 1711 1467 ad
1743 1416 2322 1468 communicationem
2356 1420 2571 1468 temere
2602 1410 2928 1465 laxandam.
2959 1409 3148 1480 Lapsis
3189 1410 3286 1480 qui
3329 1410 3399 1463 ad
3441 1424 3573 1462 eum

221 1503 436 1551 orantes
475 1501 820 1569 scripserant
850 1519 878 1549 «
905 1516 965 1552 se
1001 1500 1270 1555 delictum
1314 1517 1480 1554 suum
1521 1518 1866 1572 cognoscere
1903 1509 1958 1558 et
1986 1504 2381 1573 paenitentiam
2421 1519 2611 1555 veram
2654 1516 2845 1570 agere,
2881 1516 2983 1553 nec
3017 1498 3091 1552 ad
3133 1515 3330 1568 pacem
3365 1502 3578 1552 temere

216 1591 296 1639 aut
326 1587 667 1657 importune
708 1603 1038 1658 properare,
1076 1611 1102 1637 »
1143 1606 1430 1643 summam
1467 1591 1884 1647 humanitatem
1916 1593 2192 1648 exhibuit.
2235 1613 2262 1641 ‹‹
2302 1590 2515 1654 Quibus
2556 1592 2835 1660 quantum
2877 1587 3190 1658 gratulatus
3228 1587 3356 1654 sim,
3394 1586 3581 1658 inquit

218 1677 323 1745 (Ep.
358 1676 563 1744 xxvn),
596 1677 866 1730 Dominus
893 1677 1047 1731 testis
1077 1681 1181 1744 est,
1208 1679 1307 1749 qui
1339 1678 1605 1749 dignatus
1631 1684 1717 1734 est
1742 1681 2042 1738 ostendere
2073 1680 2210 1751 quid
2241 1679 2521 1748 ejusmodi
2553 1682 2608 1732 et
2638 1678 2777 1732 tales
2803 1676 2948 1729 servi
2978 1676 3045 1730 de
3075 1675 3195 1745 ejus
3225 1674 3578 1746 benignitate

219 1770 565 1818 mereantur.
595 1787 624 1813 ››
653 1765 938 1835 Praecipue
965 1783 1096 1820 vero
1123 1767 1327 1822 enituit
1352 1769 1556 1822 lenitas
1601 1771 1868 1840 Cypriani
1896 1787 2046 1836 cum,
2081 1771 2328 1822 instante
2357 1767 2494 1821 Galli
2524 1771 2580 1820 et
2607 1763 2892 1819 Volusiani
2933 1765 3344 1834 persecutione,
3379 1779 3579 1817 omnes

219 1855 444 1908 omnino
479 1855 692 1909 milites
722 1855 951 1922 Christi,
979 1856 1076 1926 qui
1114 1872 1274 1909 arma
1302 1858 1705 1912 desiderabant
1737 1863 1795 1913 et
1828 1859 2092 1930 praelium
2133 1855 2492 1927 flagitabant,
2527 1855 2675 1908 intra
2703 1856 2886 1907 castra
2915 1851 3208 1906 Dominica
3248 1851 3495 1921 collegit,
3526 1853 3581 1904 et

213 1959 326 1997 cum
355 1944 485 1996 aliis
514 1945 820 2014 episcopiis
847 1946 1066 1999 censuit
1096 1945 1176 1999 eis
1203 1947 1300 2016 qui
1330 1946 1400 1999 de
1432 1947 1923 2001 Ecclesia-Domini
1958 1964 2071 2001 non
2105 1949 2467 2010 recesserant,
2500 1943 2598 1997 sed
2633 1941 3029 2013 pmnitentiam
3065 1955 3236 2010 agere
3269 1944 3325 1993 et
3360 1939 3578 1992 lamen-

215 2034 306 2086 tari
325 2049 388 2086 ac
411 2033 724 2088 Dominum
749 2033 1040 2103 deprecari
1064 2049 1095 2087 a
1118 2035 1302 2104 primo
1332 2036 1518 2105 lapsus
1546 2037 1631 2089 sui
1673 2038 1760 2091 die
1791 2054 1905 2091 non
1935 2037 2293 2100 destiterant,
2319 2049 2510 2103 pacem
2541 2030 2790 2084 dandam
2819 2046 2958 2084 esse.
2985 2029 3298 2084 Lenitatem
3320 2043 3475 2081 suam
3503 2026 3583 2080 sic

214 2121 316 2190 ipse
354 2121 633 2176 describit
675 2122 733 2175 in
779 2122 950 2192 Epist.
997 2138 1063 2176 Lv
1105 2139 1117 2176 :
1157 2143 1186 2172 ‹‹
1224 2124 1366 2193 Opto
1408 2141 1626 2190 omnes,
1663 2126 1873 2195 inquit,
1915 2125 1973 2179 in
2008 2124 2312 2180 Ecclesiam
2356 2111 2599 2191 regredi,
2644 2123 2778 2189 opto
2828 2118 3120 2172 universos
3163 2116 3583 2170 commilitones

215 2216 424 2264 nostros
457 2210 610 2264 intra
651 2210 858 2264 Christi
891 2216 1076 2266 castra
1107 2219 1166 2266 et
1203 2214 1301 2267 Dei
1341 2214 1520 2267 Patris
1559 2214 1842 2268 domicilia
1883 2216 2180 2269 concludi:
2212 2212 2440 2267 remitto
2483 2209 2692 2274 omnia,
2738 2207 2921 2262 multa
2967 2206 3258 2260 dissimulo
3300 2204 3484 2258 studio
3525 2213 3583 2258 et

216 2305 330 2350 voto
361 2297 710 2368 colligenda:
737 2297 1138 2366 fraternitatis;
1172 2301 1345 2354 etiam
1378 2318 1507 2373 quae
1547 2303 1602 2356 in
1635 2305 1813 2358 Deum
1846 2304 2144 2357 commissa
2180 2308 2330 2367 sunt,
2368 2317 2481 2353 non
2516 2298 2681 2368 pleno
2717 2297 2934 2366 judicio
2976 2295 3261 2364 religionis
3291 2295 3578 2360 examino,

214 2386 427 2440 delictis
474 2388 778 2457 plusquam
823 2391 1051 2457 oportet
1090 2389 1450 2444 remittendis
1492 2407 1636 2460 pene
1677 2393 1798 2462 ipse
1837 2392 2104 2462 delinquo
2139 2414 2148 2444 :
2181 2391 2498 2461 amplector
2527 2391 2791 2458 prompta
2822 2389 2882 2439 et
2905 2385 3076 2456 plena
3110 2384 3416 2438 dilectione
3450 2399 3579 2437 cum

215 2478 542 2546 pceuitentia
575 2480 925 2532 revertentes
952 2482 1241 2547 peccatum
1271 2495 1437 2533 suum
1470 2481 1854 2535 satisfactione
1884 2482 2085 2535 humili
2113 2487 2167 2535 et
2195 2479 2437 2549 simplici
2464 2477 2818 2531 confitentes.
2849 2497 2876 2524 »

276 2594 410 2646 Tota
447 2591 717 2663 Cypriani
757 2599 814 2647 et
855 2592 1061 2662 agendi
1100 2599 1156 2646 et
1195 2593 1504 2649 disserendi
1541 2597 1680 2650 ratio
1723 2597 2081 2650 commissam
2119 2615 2150 2650 a
2187 2596 2410 2652 Christo
2453 2594 2731 2664 episcopis
2769 2591 2938 2646 fuisse
2977 2591 3194 2661 ligandi
3237 2594 3294 2644 et
3333 2590 3583 2644 solvendi

215 2685 553 2749 potestatem
586 2684 841 2748 testatur,
874 2685 930 2734 et
967 2681 1024 2734 in
1064 2681 1170 2736 hoc
1204 2683 1418 2752 judicio
1448 2688 1664 2754 quanta
1690 2686 1761 2739 sit
1790 2686 2108 2740 adhibenda
2146 2685 2330 2740 cautio
2362 2690 2417 2738 et
2448 2683 2624 2736 animi
2655 2681 2899 2752 provisio
2931 2680 3282 2734 demonstrat
3316 2696 3328 2734 :
3363 2679 3480 2746 sed,
3511 2696 3584 2734 ne

213 2769 355 2824 illius
383 2770 536 2827 dicta
567 2769 839 2823 nonnulla
869 2768 924 2821 in
954 2769 1299 2824 deteriorem
1333 2776 1554 2842 partem
1583 2773 1902 2843 rapiantur,
1937 2792 2003 2828 ea
2033 2774 2283 2828 breviter
2310 2774 2590 2845 explicare
2621 2770 2885 2826 conabor.
2914 2770 3004 2826 Ait
3034 2772 3087 2824 S.
3117 2769 3324 2840 Martyr
3354 2769 3412 2822 in
3439 2769 3582 2823 libro

217 2859 274 2912 de
294 2861 431 2914 Hab.
463 2862 617 2926 Virg.
651 2859 730 2928 (p.
764 2858 906 2926 173),
943 2881 968 2906 u
999 2860 1150 2928 quod
1178 2863 1335 2914 nulla
1363 2864 1431 2916 sit
1459 2866 1618 2917 venia
1654 2864 1801 2916 ultra
1828 2863 2159 2933 delinquere
2190 2869 2492 2934 postquam
2523 2863 2699 2915 Deum
2743 2876 2903 2913 nosse
2946 2859 3196 2930 coepisti;
3230 2879 3255 2908 ››
3280 2860 3338 2912 in
3365 2859 3506 2913 libro
3532 2875 3586 2912 Ill

218 2949 430 3001 Testim.
471 2949 539 3012 (c.
578 2949 661 3012 18,
692 2964 748 3017 p.
779 2946 903 3014 314)
938 2964 950 3000 :
990 2969 1016 2995 «
1047 2948 1165 3001 Non
1207 2965 1369 3018 posse
1401 2951 1456 3002 in
1490 2952 1729 3005 Ecclesia
1761 2953 1977 3005 remitti
2008 2953 2056 3005 ei
2099 2952 2194 3022 qui
2234 2952 2291 3004 in
2334 2951 2509 3004 Deum
2551 2949 2872 3019 deliquerit,
2905 2969 2932 2996 »
2967 2947 3135 3018 idque
3165 2947 3365 3018 probat
3398 2965 3466 3001 ex
3505 2949 3590 3002 his

215 3037 390 3089 verbis
416 3037 438 3088 Ι
466 3038 620 3103 Reg.,
653 3052 704 3089 c.
733 3051 770 3090 ιι
801 3053 813 3089 :
850 3057 876 3083 «
904 3036 964 3090 Si
1003 3037 1360 3106 delinquendo
1395 3045 1570 3107 peccet
1597 3043 1682 3094 vir
1715 3041 1970 3096 adversus
1995 3043 2192 3102 virum,
2225 3041 2456 3096 orabunt
2481 3054 2581 3108 pro
2611 3052 2667 3092 eo
2694 3040 3000 3092 Dominum.
3032 3037 3093 3091 ει
3128 3043 3305 3090 autem
3331 3039 3390 3088 in
3419 3037 3588 3091 Deum

208 3131 380 3194 peccet
414 3126 590 3184 homo,
623 3126 747 3192 quis
791 3126 971 3178 orabit
999 3141 1095 3194 pro
1138 3129 1236 3180 eo?
1277 3149 1304 3175 ››
1350 3128 1458 3181 Sed
1504 3145 1663 3184 suam
1711 3129 1831 3202 ipse
1865 3131 2207 3184 sententiam
2249 3129 2430 3183 nitide
2472 3127 2713 3198 exponit
2755 3127 2813 3180 in
2846 3126 2992 3179 libro
3025 3127 3089 3179 de
3137 3127 3360 3181 Emhort.
3399 3125 3585 3193 Mart,

218 3215 284 3283 (p.
311 3213 441 3278 264,
469 3229 520 3266 c.
551 3211 630 3280 4),
660 3213 756 3266 ubi
786 3213 936 3267 idem
974 3213 1368 3268 testimonium
1407 3217 1571 3285 citat;
1617 3235 1800 3290 neque
1839 3235 1903 3274 ex
1937 3236 2003 3273 eo
2045 3218 2248 3290 probat
2293 3219 2523 3288 peccata
2564 3217 2624 3269 in
2659 3217 2836 3270 Deum
2883 3214 3185 3269 commissa
3224 3213 3432 3268 dimitti
3473 3229 3586 3267 non

214 3317 387 3371 posse,
424 3302 525 3355 sed
572 3307 794 3355 tantum
826 3323 854 3350 «
887 3320 998 3356 non
1037 3303 1201 3358 facile
1239 3304 1530 3374 ignoscere
1572 3310 1747 3362 Deum
1786 3308 2114 3362 idololatris.
2148 3331 2176 3358 »
2205 3307 2351 3361 Nihil
2382 3322 2518 3375 ergo
2548 3305 2618 3359 de
2661 3304 2879 3374 ligandi
2912 3307 2969 3357 et
3002 3302 3254 3357 solvendi
3287 3306 3583 3372 potestate,

213 3391 350 3443 nihil
382 3391 454 3444 de
478 3391 694 3460 judicio
725 3391 1083 3445 sacerdotum
1112 3391 1387 3458 detrahit;
1417 3395 1509 3447 sed
1542 3397 1706 3450 certis
1735 3396 2072 3468 quibusdam
2101 3397 2322 3466 legibus
2342 3394 2564 3465 judices
2594 3393 2876 3462 astringit,
2910 3393 2988 3445 ita
3031 3397 3091 3444 ut
3138 3408 3254 3446 non
3298 3391 3587 3446 dimittant

212 3495 334 3550 qua:
365 3497 489 3533 non
519 3479 682 3533 facile
712 3497 744 3533 a
773 3482 882 3534 Deo
911 3481 1294 3535 dimittuntur.
1320 3483 1478 3552 Hinc,
1500 3500 1630 3538 cum
1657 3486 2003 3540 scliismatici
2037 3485 2384 3556 poenitentia:
2413 3500 2557 3537 onus
2587 3481 2758 3552 lapsis
2789 3481 3128 3548 eximerent,
3154 3482 3231 3535 sic
3259 3497 3354 3535 eos
3382 3481 3590 3536 refellit

207 3569 260 3621 in
294 3569 444 3623 libro
480 3569 550 3621 de
579 3567 770 3638 Lapsis
801 3570 881 3639 (p.
920 3572 1033 3637 186)
1072 3587 1084 3624 :
1119 3591 1146 3616 ι(
1178 3571 1355 3623 Nemo
1394 3588 1452 3625 se
1490 3573 1665 3641 fallat,
1698 3591 1868 3628 nemo
1905 3591 1964 3628 se
1997 3574 2261 3644 decipiat,
2299 3574 2444 3627 solus
2489 3573 2757 3628 Dominus
2803 3571 3059 3625 misereri
3101 3575 3288 3641 potest
3318 3589 3330 3623 :
3364 3571 3584 3624 veniam

203 3659 447 3728 peccatis
479 3673 613 3728 quas
649 3657 704 3710 in
744 3658 932 3728 ipsum
973 3658 1272 3712 commissa
1301 3664 1450 3727 sunt,
1479 3664 1629 3715 solus
1659 3666 1843 3732 potest
1869 3664 1959 3716 ille
1990 3663 2185 3733 largiri
2217 3663 2314 3733 qui
2342 3667 2572 3732 peccata
2605 3667 2798 3716 nostra
2834 3661 3099 3730 portavit,
3135 3661 3231 3730 qui
3274 3676 3375 3730 pro
3418 3658 3585 3713 nobis

205 3747 404 3812 doluit,
428 3761 612 3816 quem
642 3747 788 3799 Deus
815 3746 1046 3801 tradidit
1072 3764 1174 3818 pro
1195 3748 1436 3818 peccatis
1465 3751 1686 3804 nostris.
1714 3753 1888 3806 Homo
1913 3753 2022 3806 Deo
2053 3768 2173 3806 esse
2199 3769 2310 3806 non
2341 3756 2524 3822 potest
2547 3751 2729 3821 major
2755 3767 2766 3802 :
2796 3766 2898 3803 nec
2921 3750 3212 3803 remittere
3237 3754 3337 3802 aut
3363 3749 3577 3802 donare

205 3835 575 3903 indulgentia
616 3852 716 3889 sua
753 3852 944 3889 servus
987 3843 1185 3907 potest,
1219 3839 1369 3909 quod
1411 3839 1466 3892 in
1505 3839 1804 3894 Dominum
1833 3840 2037 3894 delicto
2063 3841 2319 3910 graviore
2349 3839 2712 3894 commissum
2743 3844 2844 3906 est,
2879 3855 2950 3891 ne
2977 3838 3163 3891 adhuc
3192 3839 3346 3906 lapso
3382 3843 3436 3889 et
3477 3837 3583 3890 hoc

203 3926 437 3978 accedat
462 3925 535 3976 ad
564 3925 799 3990 crimen,
827 3925 868 3978 si
896 3927 1112 3979 nesciat
1136 3943 1257 3980 esse
1287 3928 1621 3997 praedictum
1653 3946 1664 3982 :
1691 3930 2012 3984 Maledictus
2037 3929 2188 3983 homo
2217 3945 2309 3998 qui
2339 3945 2484 3998 spem
2510 3929 2668 3980 habet
2697 3929 2752 3980 in
2784 3929 3010 3981 homine.
3037 3927 3314 3981 Dominus
3337 3925 3584 3981 orandus

205 4019 306 4074 est,
349 4015 636 4069 Dominus
672 4018 863 4068 nostra
903 4016 1282 4070 satisfactione
1323 4019 1629 4087 placandus
1668 4023 1769 4085 est,
1809 4018 1905 4088 qui
1950 4024 2254 4088 negantem
2301 4033 2509 4086 negare
2554 4031 2610 4069 se
2649 4014 2810 4082 dixit,
2844 4016 2941 4085 qui
2984 4032 3154 4069 omne
3191 4015 3471 4086 judicium
3513 4015 3584 4070 de

202 4103 367 4156 Patre
404 4104 567 4158 solus
595 4104 826 4173 accepit.
864 4126 889 4151 ››
933 4103 1427 4167 Quemadmodum
1460 4107 1563 4160 hoc
1600 4105 1658 4160 in
1693 4108 1812 4160 loco
1843 4106 2152 4176 Cyprianus
2193 4111 2468 4175 martyres
2509 4103 2820 4174 plurimum
2863 4121 3025 4174 posse
3065 4107 3216 4174 apud
3251 4107 3428 4159 Deum
3468 4121 3582 4159 non

204 4198 405 4262 negat,
457 4191 563 4245 sed
609 4191 664 4244 in
711 4191 915 4245 libellis
964 4209 1106 4263 quos
1155 4193 1292 4247 dare
1339 4195 1619 4260 solebant,
1665 4195 1895 4248 modum
1940 4195 2248 4265 quemdam
2297 4197 2352 4247 et
2401 4194 2682 4246 delectum
2736 4193 3005 4263 requirit;
3054 4194 3131 4246 ita
3178 4210 3307 4246 eam
3359 4197 3580 4248 tantum

201 4284 562 4351 potestatem
589 4281 839 4350 exagitat
866 4297 1034 4351 quam
1065 4283 1170 4337 sibi
1198 4282 1396 4337 nefarii
1429 4284 1736 4354 presbyteri
1766 4299 1867 4353 per
1906 4285 1984 4336 fas
2021 4289 2076 4336 et
2110 4283 2263 4336 nefas
2297 4282 2662 4351 arrogabant.
2693 4285 2761 4334 At
2793 4281 2888 4334 ubi
2918 4283 3258 4352 praescriptas
3287 4300 3319 4336 a
3349 4283 3575 4338 Christo

203 4377 254 4423 et
285 4371 547 4424 Ecclesia
576 4372 727 4440 leges
753 4377 1066 4440 servantur,
1101 4375 1223 4426 tum
1266 4389 1393 4426 vero
1424 4373 1735 4442 Cyprianus
1777 4378 1963 4424 ratum
2002 4372 2150 4442 apud
2189 4373 2365 4424 Deum
2399 4371 2517 4423 fieri
2558 4370 2715 4422 docet
2765 4371 3064 4423 sacerdotis
3095 4370 3400 4440 judicium.
3434 4371 3574 4425 Hinc

200 4458 387 4530 lapsos
424 4461 688 4513 hortatur
719 4460 773 4512 in
801 4459 950 4514 libro
978 4462 1042 4514 de
1076 4463 1257 4531 Lapsis
1284 4463 1358 4532 (p.
1391 4464 1530 4532 191),
1565 4466 1623 4515 ut
1658 4464 1887 4531 peccata
1917 4462 2298 4514 confiteantur
2326 4481 2352 4507 «
2381 4459 2520 4511 dum
2561 4458 2861 4512 satisfactio
2901 4462 2956 4512 et
2991 4460 3249 4513 remissio
3293 4462 3439 4514 facta
3480 4475 3582 4530 per

202 4549 545 4602 sacerdotes
571 4547 721 4617 apud
750 4548 927 4602 Deum
959 4554 1116 4618 grata
1143 4554 1246 4603 est.
1279 4571 1306 4598 »
1341 4551 1509 4604 Docet
1536 4550 1642 4603 sub
1679 4551 1848 4604 linem
1887 4550 2141 4620 ejusdem
2181 4549 2309 4602 libri
2349 4550 2526 4602 Deum
2558 4569 2586 4596 ‹‹
2616 4547 2929 4618 poenitenti,
2963 4550 3236 4618 operanti,
3269 4551 3514 4621 roganti,
3550 4573 3575 4598 ››

199 4653 367 4708 posse
405 4657 435 4686 α
468 4638 783 4690 clementer
821 4637 1131 4706 ignoscere,
1157 4642 1212 4692 et
1241 4639 1299 4692 in
1338 4643 1628 4708 acceptum
1673 4641 1883 4694 referre
1911 4639 2184 4709 quidquid
2216 4653 2317 4706 pro
2347 4636 2548 4689 talibus
2580 4640 2635 4689 et
2663 4635 2928 4705 petierint
2962 4640 3238 4707 martyres
3266 4641 3320 4690 et
3344 4636 3583 4690 fecerint

200 4728 540 4781 sacerdotes
568 4749 618 4779 ».
653 4727 762 4779 Hac
791 4742 888 4795 spe
922 4725 1181 4795 confisus,
1211 4743 1342 4780 cum
1369 4727 1508 4796 lapsi
1537 4726 1778 4781 instante
1809 4744 1954 4785 nova
1982 4725 2371 4796 persecutione
2402 4724 2712 4794 plurimum
2741 4723 2956 4775 ardoris
2987 4724 3054 4776 ad
3087 4740 3340 4794 pugnam
3373 4741 3491 4793 prie
3519 4741 3578 4778 se

199 4817 455 4882 ferrent,
485 4815 880 4884 prmscriptum
913 4813 1018 4867 illis
1047 4815 1393 4885 poenitentiae
1423 4821 1649 4884 tempus
1680 4815 1985 4880 immindit,
2017 4831 2081 4868 ac
2113 4815 2266 4867 nefas
2302 4828 2421 4864 esse
2451 4811 2613 4864 duxit
2641 4810 2969 4880 (Epistxuv,
3001 4828 3060 4880 p.
3088 4816 3176 4880 ‘77)
3210 4831 3236 4861 «
3271 4811 3579 4866 Ecclesiam

197 4905 575 4976 pulsantibus
601 4902 802 4968 claudi,
836 4903 1066 4973 quando
1094 4905 1410 4974 permiserit
1439 4905 1558 4974 ipse
1592 4905 1687 4975 qui
1717 4905 1899 4974 legem
1925 4903 2080 4956 dedit
2108 4910 2170 4956 ut
2199 4902 2368 4972 ligata
2395 4901 2451 4953 in
2486 4899 2646 4953 terris
2679 4899 2850 4952 etiam
2882 4899 2937 4952 in
2977 4899 3126 4952 caelis
3163 4899 3334 4969 ligata
3366 4907 3578 4972 essent,

200 4995 340 5049 solvi
376 4997 584 5046 autem
619 4995 847 5062 possent
875 4991 985 5045 illic
1013 5009 1141 5064 qua:
1173 4993 1261 5047 hic
1301 4994 1456 5064 prius
1483 4993 1540 5046 in
1576 4993 1813 5047 Ecclesia
1843 4993 2212 5046 solverentur.
2245 5013 2270 5039 ››

271 5103 334 5156 In
371 5101 645 5155 eamdem
674 5101 1017 5154 sententiam
1047 5100 1221 5172 accipi
1254 5102 1420 5156 debet
1447 5102 1598 5173 quod
1627 5103 1705 5156 ait
1737 5101 2090 5154 Firmilianus
2115 5099 2269 5171 (pag.
2309 5100 2449 5169 144),
2473 5097 2712 5152 concilia
2738 5095 2978 5166 singulis
2999 5097 3158 5151 annis
3184 5096 3398 5166 haberi,
3422 5102 3487 5153 ut
3513 5100 3580 5153 de

199 5191 373 5245 rebus
409 5190 650 5258 majoris
679 5189 959 5243 momenti
987 5190 1137 5243 inter
1163 5207 1219 5244 se
1249 5191 1496 5262 episcopi
1524 5192 1858 5256 deliberent,
1888 5207 1953 5243 ac
1984 5210 2009 5241 «
2039 5190 2207 5260 lapsis
2233 5205 2458 5260 quoque
2483 5187 2752 5241 fratribus
2783 5192 2840 5239 et
2868 5192 2991 5255 pOst
3021 5187 3301 5240 lavacrum
3331 5188 3578 5242 salutare

199 5298 232 5334 a
260 5280 511 5335 diabolo
534 5278 840 5332 vulneratis
867 5295 972 5349 per
992 5280 1388 5349 pamitentiam
1415 5280 1635 5334 medela
1656 5285 1978 5350 quaeratur;
2001 5296 2114 5331 non
2138 5279 2300 5348 quasi
2319 5296 2351 5330 a
2372 5275 2552 5337 nobis,
2575 5276 2777 5345 inquit,
2803 5275 3196 5328 remissionem
3221 5282 3581 5344 peccatorum

201 5374 660 5440 consequantur,
714 5369 814 5422 sed
860 5375 920 5424 ut
966 5386 1068 5442 per
1111 5386 1214 5424 nos
1256 5371 1325 5425 ad
1372 5369 1810 5440 intelligentiam
1857 5369 2194 5423 delictorum
2238 5383 2468 5420 suorum
2515 5367 2938 5429 convertantur,
2985 5367 3042 5416 et
3087 5365 3320 5418 Domino
3367 5364 3583 5434 plenius

201 5459 551 5512 satisfacere
580 5464 882 5530 cogantur.
909 5482 935 5506 ››
961 5461 1078 5512 Non
1106 5461 1281 5529 negat
1311 5465 1536 5512 sanctus
1561 5460 1770 5513 Prmsul
1791 5461 2127 5529 potestatem
2157 5454 2475 5511 dimittendi
2501 5457 2748 5524 peccata,
2775 5469 2942 5522 quam
2975 5453 3030 5506 in
3063 5453 3161 5506 hac
3191 5454 3310 5523 ipsa
3337 5455 3584 5524 Epistola

209 5550 280 5617 (p.
317 5548 456 5612 148)
497 5547 594 5599 soli
628 5548 878 5602 Ecclesiae
908 5547 1196 5601 catholicae
1225 5547 1502 5616 vindicat;
1534 5549 1631 5602 sed
1657 5547 1842 5602 verbis
1870 5548 2036 5600 modo
2065 5547 2245 5599 allatis
2274 5545 2494 5598 videtur
2520 5544 2699 5597 inesse
2731 5542 2964 5612 quidam
2991 5543 3218 5595 aculeus
3247 5542 3304 5596 in
3336 5543 3578 5612 Stepha-

205 5654 374 5702 num,
413 5651 598 5705 quem
625 5636 984 5689 Firmilianus
1020 5637 1286 5690 credebat
1315 5638 1440 5707 plus
1470 5654 1640 5708 aequo
1682 5643 1738 5692 et
1775 5637 2052 5691 ministris
2097 5643 2152 5690 et
2192 5637 2330 5690 ritus
2362 5633 2656 5689 exterioris
2698 5632 3081 5687 observationi
3125 5631 3391 5699 tribuere,
3422 5631 3586 5702 quasi

208 5725 720 5777 sacramentorum
757 5724 1023 5778 effectum
1056 5742 1129 5778 ne
1170 5726 1370 5780 haeresi
1414 5727 1644 5797 quidem
1685 5726 2030 5796 interpellari
2061 5728 2346 5779 statueret.
2385 5723 2546 5785 Quod
2577 5739 2706 5775 cum
2740 5737 2898 5775 secus
2925 5720 3212 5774 videretur
3243 5719 3584 5785 Firmiliano,

211 5817 393 5888 negat
418 5810 750 5866 hominibus
771 5829 1098 5868 concessum
1121 5830 1238 5870 esse
1264 5820 1326 5868 ut
1345 5818 1569 5885 peccata
1589 5815 1658 5870 ad
1679 5814 1975 5870 arbitrium
1999 5827 2164 5867 suum
2188 5812 2501 5866 dimittant.
2528 5811 2647 5864 Non
2669 5809 2912 5864 absimili
2934 5809 3214 5864 sententia
3236 5808 3506 5880 Origenes
3528 5806 3586 5864 in
