4084 6208
477 217 544 273 47
1748 225 1810 280 D.
1844 225 2090 281 PRUDEI‘

2240 218 2501 282 ΜΑΗΑΝῘ
3771 215 3837 276 48

461 343 606 398 libro
637 344 703 398 de
732 343 986 399 Oratione
1016 341 1310 399 contendit
1349 360 1467 398 non
1505 347 1698 400 omnia
1735 355 1962 419 peccata
2000 366 2121 404 esse
2153 349 2516 417 dimittenda,
2547 352 2643 403 aut
2683 349 2798 402 sola
2841 345 3100 402 oratione
3133 349 3191 402 et
3229 344 3504 401 sacriﬁcio
3537 345 3840 416 expianda,

463 435 564 489 sed
615 433 874 505 quadam
918 432 1174 501 retineri,
1217 433 1273 487 id
1317 438 1399 488 est
1443 436 1793 505 poenitentia
1839 438 2035 507 subjici
2081 439 2319 506 debere;
2363 456 2426 493 ac
2473 455 2570 492 eos
2612 437 2819 491 refellit
2860 436 2956 507 qui
2999 452 3056 488 se
3104 435 3453 489 idololatrias
3495 435 3838 500 condonare,

465 524 748 579 adulteria
779 520 1068 593 47-48
1101 526 1159 577 et
1194 522 1605 579 fornicationes
1637 542 1799 596 posse
1840 528 2124 582 dimittere
2166 527 2587 597 gloriabantur;
2618 527 2778 597 quasi
2811 543 2912 596 per
2942 525 3193 596 ipsorum
3226 541 3451 595 precem
3493 541 3597 595 pro
3637 524 3703 576 iis
3743 522 3842 593 qui

463 615 502 667 h
523 631 585 668 ire
616 617 1037 683 perpetrarunt,
1069 618 1361 682 peccatum
1394 613 1467 667 ad
1494 619 1746 671 mortem
1778 617 2114 671 dimittatur.

469 750 551 804 ΙΧ.
581 778 648 789 -·
675 764 854 803 UTRUM
886 765 940 802 IN
969 765 1162 804 AFRICA
1193 767 1328 805 ANTE
1364 768 1408 805 S.
1443 768 1751 809 CYPRIANUM
1784 770 2120 810 GRAVISSIMIS
2153 772 2457 812 CRIMINIBUS
2488 773 2700 811 NEGATA
2741 771 2929 811 FUERIT
2967 766 3251 809 COMMUNIO
3294 767 3416 805 POST
3446 764 3839 804 PCENITENTIAM.

538 865 670 933 Sed,
715 867 776 919 ut
814 865 1035 920 facilius
1081 866 1150 920 de
1196 867 1466 938 Cypriani
1511 870 1746 941 ejusque
1789 872 2138 943 collegarum
2185 874 2429 928 decretis
2460 876 2772 946 judicetur,
2807 874 2972 945 paulo
3017 872 3185 926 altius
3229 868 3534 940 repetenda
3579 865 3840 920 Ecclesia

467 956 744 1012 Africana
783 955 1098 1026 disciplina,
1133 973 1198 1011 ac
1237 957 1481 1012 breviter
1521 961 1964 1016 examinandum
2003 968 2194 1018 utrum
2240 969 2372 1018 ante
2413 969 2646 1019 atatem
2691 963 2962 1035 Cypriani
3001 959 3348 1034 gravissimis
3387 956 3743 1024 criminibus,
3782 958 3845 1007 ut

468 1044 809 1100 idololatria
840 1049 897 1098 et
927 1045 1256 1114 homicidio,
1284 1063 1550 1103 concessa
1578 1066 1757 1104 necne
1784 1067 1891 1121 pax
1925 1056 2048 1122 post
2075 1053 2466 1123 panitentiam
2501 1055 2691 1108 fuerit.

538 1135 643 1198 Qui
679 1134 1088 1205 panitentiam,
1123 1151 1297 1205 quam
1325 1138 1446 1191 sani
1482 1143 1968 1210 contempserant,
2006 1141 2064 1194 in
2097 1146 2353 1196 extremo
2382 1143 2634 1211 periculo
2673 1141 2963 1212 petebant,
2996 1139 3056 1207 ii,
3086 1138 3285 1192 saltem
3317 1138 3374 1191 in
3401 1134 3608 1202 Africa,
3643 1132 3839 1204 primis

468 1224 686 1278 saculis
713 1223 1136 1293 rejiciebantur,
1173 1228 1233 1278 ut
1260 1228 1418 1296 patet
1439 1243 1508 1280 ex
1544 1228 1720 1298 Epist.
1754 1245 1822 1283 L11
1851 1229 2115 1298 Cypriani
2144 1229 2219 1300 (p.
2251 1233 2337 1296 73)
2369 1247 2381 1284 :
2421 1252 2447 1278 «
2485 1232 2552 1284 Et
2578 1231 2808 1296 idcirco,
2839 1229 3045 1298 inquit,
3079 1228 3254 1282 frater
3280 1225 3635 1291 charissime,
3664 1221 3844 1292 pani-

467 1314 703 1368 tentiam
727 1329 842 1367 non
867 1318 1123 1383 agentes,
1150 1331 1253 1368 nec
1276 1315 1535 1370 dolorem
1559 1317 1896 1372 delictorum
1919 1334 2153 1372 suorum
2176 1320 2292 1371 toto
2314 1319 2481 1373 corde
2507 1324 2562 1374 et
2582 1319 2886 1373 manifesta
2907 1315 3329 1370 lamentationis
3356 1330 3470 1368 sua
3493 1311 3838 1382 professione

467 1407 759 1469 testantes,
788 1401 1178 1473 prohibendos
1198 1405 1428 1457 omnino
1452 1405 1773 1459 censuimus
1793 1423 1823 1458 a
1845 1424 1942 1476 spe
1965 1407 2500 1461 communicationis
2523 1411 2578 1461 et
2600 1407 2772 1478 paciS,
2796 1407 2840 1460 si
2870 1407 2927 1459 in
2951 1403 3280 1459 infirmitate
3302 1406 3472 1472 atque
3500 1401 3556 1454 in
3585 1399 3838 1470 periculo

468 1492 744 1562 coeperint
770 1491 1084 1560 deprecari,
1109 1491 1241 1561 quia
1271 1508 1475 1562 rogare
1505 1494 1632 1548 illos
1661 1512 1775 1549 non
1806 1495 1996 1549 delicti
2025 1495 2384 1566 poenitentia,
2410 1498 2506 1551 sed
2535 1497 2730 1552 mortis
2759 1495 3017 1566 urgentis
3044 1492 3358 1548 admonitio
3387 1488 3706 1560 compellit;
3732 1504 3836 1541 nec

472 1581 680 1650 dignus
705 1584 789 1634 est
816 1579 872 1632 in
905 1585 1085 1633 morte
1110 1596 1310 1650 capere
1337 1582 1600 1636 solatium
1632 1583 1728 1653 qui
1761 1601 1818 1637 se
1847 1595 1961 1637 non
1987 1585 2253 1654 cogitavit
2281 1601 2401 1640 esse
2431 1586 2796 1640 moriturum.
2823 1607 2850 1633 ››
2873 1583 3039 1648 Quod
3061 1585 3253 1636 autem
3281 1581 3496 1650 spectat
3521 1578 3591 1631 ad
3621 1593 3716 1630 eos
3739 1576 3836 1646 qui

469 1673 694 1722 mature
724 1668 1119 1738 paenitentiam
1142 1668 1435 1739 petebant,
1461 1671 1678 1725 nemini
1711 1672 1944 1726 dubium
1968 1676 2054 1727 est
2078 1674 2215 1744 quin
2244 1691 2440 1744 pacem
2469 1674 2742 1729 adulteris
2764 1675 2821 1727 in
2843 1672 3030 1726 Africa
3057 1669 3313 1724 nonnulli
3339 1671 3467 1722 ante
3489 1666 3837 1737 Cyprianum

469 1762 718 1833 episcopi
751 1761 1079 1831 negandam
1120 1762 1487 1817 decreverint.
1529 1765 1588 1818 1d
1620 1765 1825 1820 diserte
1859 1769 2097 1820 testatur
2127 1765 2246 1835 ipse
2281 1764 2597 1836 Cyprianus
2628 1765 2686 1818 in
2727 1765 2824 1834 Ep.
2863 1779 2932 1817 ιιι
2971 1763 3050 1831 (ρ.
3085 1762 3169 1830 72)
3207 1778 3217 1812 :
3255 1779 3281 1807 ‹‹
3313 1759 3381 1811 Et
3415 1757 3644 1827 quidem
3686 1753 3838 1824 apud

466 1857 852 1906 antecessores
882 1856 1129 1917 nostros,
1169 1851 1373 1920 inquit,
1406 1852 1644 1922 quidam
1691 1853 1760 1907 de
1793 1855 2066 1925 episcopis
2100 1854 2225 1908 istic
2265 1855 2323 1907 in
2356 1854 2646 1924 provincia
2685 1857 2878 1908 nostra
2919 1850 3168 1904 dandam
3209 1862 3409 1918 pacem
3451 1844 3685 1899 moechis
3725 1859 3838 1896 non

466 1945 832 2013 putaverunt,
857 1948 912 1995 et
934 1942 993 1994 in
1017 1945 1199 1996 totum
1222 1944 1568 2012 panitentia
1593 1946 1780 2000 locum
1803 1951 1996 2001 contra
2025 1946 2306 2000 adulteria
2328 1947 2673 2001 clauserunt.
2702 1965 2729 1993 ››
2755 1943 2986 1996 Factum
3007 1940 3232 1993 videtur
3253 1937 3357 1991 hoc
3381 1935 3673 1990 decretum
3695 1931 3841 1985 intra

463 2031 601 2085 illud
623 2031 868 2100 spatium
891 2030 1046 2101 quod
1063 2047 1096 2083 a
1111 2033 1456 2086 Tertulliano
1480 2034 1550 2086 ad
1573 2035 1916 2104 Cyprianum
1942 2036 2181 2090 efﬂuxit.
2206 2038 2347 2091 Nam
2368 2035 2748 2090 Tertullianus
2771 2033 2825 2085 in
2852 2031 2998 2085 libro
3021 2031 3085 2084 de
3105 2029 3382 2082 Pudicitia
3403 2024 3553 2094 pacis
3573 2019 3839 2076 adulteris

465 2125 588 2191 post
622 2119 1014 2190 paenitentiam
1049 2119 1255 2173 danda
1290 2123 1782 2190 consuetudinem,
1818 2132 1880 2178 ut
1911 2141 2280 2179 communem
2314 2125 2580 2178 Ecclesia
2609 2121 2904 2176 catholica
2934 2134 3160 2173 morem
3199 2115 3467 2185 exagitat,
3500 2127 3672 2182 seque
3703 2109 3839 2163 olim

466 2210 672 2262 fatetur
704 2207 781 2262 ita
804 2208 1043 2261 sensisse
1066 2209 1202 2261 dum
1232 2209 1289 2262 in
1312 2211 1559 2264 Ecclesia
1584 2219 1902 2267 versaretur
1926 2230 1937 2267 :
1967 2234 1994 2262 <<
2018 2214 2137 2268 Erit
2163 2214 2340 2284 igitur
2366 2218 2423 2268 et
2446 2214 2540 2268 hic
2565 2213 2832 2266 adversus
2853 2209 3150 2279 Psychicos
3177 2205 3388 2270 titulus,
3415 2201 3602 2272 inquit
3629 2217 3752 2269 cap.
3781 2201 3838 2255 2.

470 2300 737 2353 adversus
763 2315 904 2352 mea
931 2315 1159 2369 quoque
1187 2301 1483 2354 sententia
1512 2308 1660 2356 retro
1688 2321 1863 2374 penes
1890 2305 2015 2359 illos
2046 2305 2398 2371 societatem,
2425 2320 2539 2375 quo
2571 2302 2754 2372 magis
2783 2300 2890 2353 hoc
2919 2297 3058 2351 mihi
3091 2297 3148 2349 in
3177 2300 3366 2348 notam
3396 2290 3632 2346 levitatis
3658 2289 3840 2357 objec-

469 2393 611 2442 tent.
643 2411 669 2437 ››
703 2388 865 2452 Quod
894 2393 1086 2440 autem
1122 2388 1335 2457 opinati
1365 2394 1498 2444 sunt
1525 2391 1734 2445 eruditi
1763 2393 1865 2446 viri
1903 2410 2097 2448 severo
2131 2395 2224 2448 illo
2263 2395 2488 2448 decreto
2529 2391 2678 2463 quod
2712 2391 3121 2443 commemorat
3145 2383 3481 2454 Cyprianus,
3515 2377 3840 2433 idololatras

472 2483 529 2532 et
560 2477 900 2544 homicidas,
934 2493 1177 2547 quorum
1207 2480 1388 2532 scelus
1415 2480 1694 2535 adulterio
1725 2483 1948 2552 gravius
1974 2487 2077 2550 est,
2107 2485 2550 2554 comprehensos
2577 2481 2768 2544 fuisse,
2801 2493 2916 2530 non
2944 2474 3100 2529 valde
3132 2470 3438 2543 probabilis
3467 2467 3692 2521 videtur
3717 2466 3840 2519 hac

472 2567 815 2638 conjectura.
849 2567 990 2620 Fieri
1021 2567 1173 2620 enim
1204 2569 1386 2638 potuit
1413 2573 1476 2623 ut
1501 2570 1738 2624 nimiam
1764 2572 2024 2626 adulterii
2056 2574 2347 2628 licentiam
2380 2570 2664 2626 nonnullis
2703 2569 2759 2620 in
2797 2567 2933 2620 locis
2974 2562 3226 2634 episcopi
3262 2558 3616 2632 gravioribus
3659 2554 3839 2626 poenis

471 2656 872 2711 refrenandam
889 2656 1231 2726 judicarent,
1263 2674 1367 2710 nec
1395 2663 1582 2712 tamen
1616 2660 1684 2713 de
1713 2661 2034 2715 idololatria
2061 2668 2110 2716 et
2141 2661 2449 2716 homicidio
2481 2660 2637 2713 idem
2671 2657 3007 2719 statuerent,
3032 2667 3162 2705 cum
3187 2649 3504 2721 praesertim
3529 2645 3840 2701 cavendum

473 2751 620 2802 esset
652 2763 722 2799 ne
762 2745 1224 2799 Montanistarum
1267 2746 1523 2801 instituta
1561 2749 1619 2801 in
1650 2751 1954 2804 Ecclesiam
1991 2751 2184 2805 induci
2214 2750 2553 2805 viderentur.
2602 2747 2725 2811 Quo
2756 2747 2948 2798 autem
2983 2740 3113 2796 odio
3147 2738 3419 2810 ﬂagrabat
3447 2735 3601 2807 apud
3640 2749 3841 2788 omnes

455 2837 644 2906 "hujus
683 2835 912 2889 haresis
945 2835 1231 2902 severitas,
1267 2837 1464 2905 conjici
1503 2841 1692 2906 posset
1729 2840 2023 2910 episcopos
2061 2840 2168 2894 hoc
2204 2841 2408 2894 saltem
2449 2837 2632 2891 solatii
2673 2831 2947 2887 adulteris
2989 2828 3391 2901 panitentibus
3430 2822 3744 2894 reliquisse,
3777 2823 3843 2874 ut

474 2940 674 2996 pacem
698 2924 755 2977 in
780 2923 1017 2976 articulo
1039 2925 1241 2977 mortis
1271 2924 1614 2995 acciperent.
1638 2928 1744 2981 Sed
1773 2929 1893 2982 hae
1921 2929 2190 2999 Cypriani
2215 2929 2409 2994 verba,
2436 2947 2461 2978 «
2488 2933 2542 2980 et
2565 2925 2623 2978 in
2656 2928 2833 2977 totum
2863 2917 3213 2991 poenitentia
3240 2917 3427 2970 locum
3457 2916 3657 2967 contra
3688 2910 3842 2964 adul-

475 3013 616 3067 teria
657 3013 1002 3078 clauserunt,
1040 3033 1067 3060 »
1097 3018 1160 3066 ut
1197 3014 1616 3083 paenitentiam,
1657 3016 1736 3069 ita
1774 3018 1942 3071 etiam
1988 3034 2149 3088 spem
2190 3017 2343 3088 pacis
2387 3017 2618 3070 omnino
2659 3013 2991 3084 praeclusam
3023 3009 3194 3063 fuisse
3235 3005 3508 3059 indicant.
3540 3003 3652 3055 Cur
3683 3000 3841 3053 enim

474 3102 811 3174 poenitentia
842 3100 908 3154 iis
940 3100 1202 3171 imposita
1233 3119 1346 3155 non
1373 3103 1570 3158 fuisset
1601 3105 1806 3174 quibus
1834 3110 1966 3177 post
1993 3123 2211 3160 annum
2241 3110 2340 3160 aut
2365 3107 2510 3160 forte
2541 3105 2712 3158 etiam
2747 3102 2911 3155 citius
2937 3098 3128 3153 danda
3155 3112 3262 3167 pax
3295 3100 3438 3159 erat,
3473 3092 3519 3146 si
3558 3091 3616 3145 in
3646 3089 3842 3144 mortis

475 3190 789 3262 periculum
812 3188 1142 3242 incidissent
1167 3205 1178 3242 ε
1204 3191 1438 3260 quique,
1462 3190 1508 3244 si
1531 3208 1558 3246 e
1582 3194 1780 3247 morbo
1807 3195 2131 3262 evasissent,
2166 3212 2363 3265 pacem
2397 3194 2569 3249 semel
2597 3193 2882 3261 acceptam
2915 3185 3186 3242 retenturi
3211 3188 3390 3243 erant,
3423 3188 3479 3236 et
3500 3181 3696 3234 eodem
3715 3179 3843 3248 jure

477 3279 654 3334 futuri
681 3295 745 3332 ac
773 3279 867 3332 alii
901 3277 1137 3331 fideles?
1158 3278 1300 3331 Nam
1331 3279 1428 3348 qui
1450 3280 1535 3333 his
1558 3281 1908 3350 temporibus
1938 3301 2137 3354 pacem
2161 3287 2399 3354 urgente
2429 3283 2680 3354 periculo
2701 3282 3053 3349 acceperant,
3079 3276 3188 3328 hoc
3214 3271 3553 3327 beneﬁcium
3585 3267 3843 3322 restituta

478 3369 538 3421 in
559 3367 848 3437 integrum
874 3365 1196 3418 valetudine
1219 3367 1542 3434 servabant,
1567 3384 1674 3422 nec
1701 3372 2051 3439 paenitentia
2073 3389 2299 3426 cursum
2331 3373 2557 3443 explere
2585 3369 2947 3440 cogebantur,
2971 3367 3036 3418 ut
3062 3366 3215 3434 patet
3238 3378 3304 3414 ex
3333 3357 3602 3430 Cypriani
3625 3357 3727 3426 Ep.
3751 3372 3839 3410 Lu.

549 3456 662 3511 Sed
690 3456 759 3509 de
788 3453 1077 3508 adulteriis
1106 3453 1342 3525 aliisque
1374 3455 1723 3524 gravissimis
1756 3462 2001 3530 peccatis
2031 3469 2161 3517 ante
2192 3463 2455 3517 haresim
2486 3458 2979 3521 Montanistarum,
3011 3469 3074 3506 ac
3111 3452 3180 3506 de
3212 3447 3526 3504 idololatria
3563 3453 3621 3500 et
3654 3445 3840 3500 homi-

480 3546 628 3601 cidio
663 3551 792 3616 post
818 3544 973 3615 ipsos
1006 3544 1390 3611 Montanistas,
1422 3546 1620 3600 multa
1651 3564 1990 3621 magnaque
2023 3557 2326 3606 occurrunt
2357 3550 2738 3615 difficultates,
2773 3561 2899 3616 qua
2923 3541 3092 3596 variis
3123 3537 3418 3594 sententiis
3450 3538 3638 3590 locum
3666 3534 3841 3588 dede-

482 3642 637 3692 runt.
683 3633 1038 3689 Existimavit
1075 3633 1333 3687 Petavius
1375 3633 1434 3686 in
1484 3643 1596 3690 not.
1645 3639 1718 3691 ad
1754 3641 2029 3709 Epiphan.
2078 3643 2155 3711 (p.
2197 3641 2322 3712 231)
2364 3640 2560 3710 primis
2605 3636 2822 3692 saeulis
2864 3631 3332 3704 gravissimorum
3371 3626 3677 3682 criminum
3719 3639 3842 3678 reos

483 3724 885 3782 communione
916 3721 1237 3793 prohibitos
1275 3722 1465 3791 fuisse,
1505 3741 1606 3778 nec
1638 3743 1910 3797 unquam,
1943 3729 2057 3783 sive
2091 3730 2425 3796 incolumes,
2455 3729 2567 3782 sive
2604 3721 2996 3788 moribundos,
3033 3718 3295 3774 Ecclesia
3326 3716 3643 3780 restitutos;
3672 3717 3842 3782 atque

483 3816 631 3870 hanc
658 3811 1069 3867 severissimam
1099 3810 1459 3881 disciplinam
1491 3815 1593 3867 sub
1623 3817 2010 3885 apostolorum
2039 3823 2294 3888 tempora
2324 3821 2381 3871 et
2416 3818 2483 3870 ad
2513 3813 2840 3871 Tertulliani
2870 3813 2989 3865 fere
3018 3808 3285 3863 saculum
3317 3805 3649 3879 obtinuisse,
3679 3800 3779 3856 sed
3811 3817 3845 3854 a

485 3901 790 3972 Zephirino
821 3898 1112 3969 pontifice,
1151 3899 1301 3968 quod
1338 3899 1408 3952 ad
1453 3902 1756 3956 moechiam
1799 3908 2028 3974 spectat,
2070 3907 2368 3976 paululum
2417 3906 2756 3970 relaxatam,
2788 3897 3055 3971 Cypriani
3093 3893 3446 3966 temporibus
3481 3891 3728 3961 majores
3771 3889 3844 3943 ad

483 3991 777 4046 lenitatem
817 4003 1148 4059 progressos
1184 3987 1466 4042 habuisse.
1511 3991 1755 4046 Morinus
1801 3994 1895 4048 lib.
1935 4011 2007 4063 ix,
2051 3995 2115 4048 de
2147 3997 2363 4056 Parcit,
2398 4011 2518 4063 cap.
2562 3996 2650 4059 20,
2684 3995 2740 4045 et
2783 3988 2990 4043 Natalis
3026 3983 3368 4049 Alexander,
3411 3983 3626 4036 dissert.
3667 3995 3742 4032 vu
3785 3981 3844 4032 in

485 4084 622 4136 Hist.
656 4095 714 4133 ιιι
750 4093 894 4140 saec”
938 4076 995 4129 in
1027 4077 1194 4130 aliam
1228 4093 1461 4148 prorsus
1493 4081 1833 4135 sententiam
1867 4083 2035 4148 ivere,
2075 4088 2132 4138 et
2170 4083 2368 4153 primis
2406 4082 2515 4136 illis
2545 4079 2758 4134 sacnlis
2791 4092 2988 4148 pacem
3030 4074 3202 4146 lapsis
3243 4077 3471 4144 peracta
3513 4067 3845 4140 poenitentia

487 4184 806 4225 concessam
849 4166 1021 4220 fuisse
1067 4167 1437 4234 contendunt,
1471 4185 1574 4223 nec
1619 4169 1994 4225 morientibus
2033 4172 2091 4225 in
2133 4173 2370 4226 decursu
2412 4169 2756 4242 poenitentia
2797 4171 3084 4237 negatam.
3121 4162 3280 4227 Quod
3311 4160 3495 4230 magis
3536 4159 3744 4212 mirere
3785 4157 3844 4211 in

485 4260 590 4314 hac
635 4255 1044 4311 sententiarum
1089 4255 1380 4323 varietate,
1426 4258 1712 4328 insignem
1753 4261 2082 4315 Tertulliani
2124 4261 2331 4328 locum,
2365 4260 2462 4330 qui
2503 4259 2676 4312 totius
2723 4254 3120 4311 controversia
3167 4251 3337 4306 cardo
3379 4255 3482 4316 est,
3516 4248 3741 4318 utrique
3783 4247 3845 4300 in

485 4347 745 4402 eamdem
789 4344 1125 4398 sententiam
1165 4343 1464 4414 accipiunt.
1498 4348 1650 4402 Inter
1689 4354 1955 4419 utrosque
1997 4347 2262 4404 convenit
2291 4348 2722 4415 Tertullianum,
2761 4362 2892 4399 cum
2921 4344 3001 4397 ait
3042 4343 3138 4396 lib.
3183 4341 3246 4395 de
3276 4339 3574 4404 Pudicitia,
3607 4353 3730 4406 cap.
3762 4338 3792 4388 ὅ
3831 4357 3842 4388 ;

488 4455 515 4488 ‹‹
548 4435 909 4489 ldololatram
940 4433 1170 4504 quidem
1201 4439 1257 4487 et
1286 4434 1631 4491 homicidam
1661 4439 1837 4492 semel
1869 4438 2124 4506 damnas,
2153 4437 2440 4492 machum
2469 4453 2599 4492 vero
2633 4437 2701 4491 de
2734 4435 2922 4489 medio
2945 4431 3188 4502 excipis?
3209 4452 3236 4478 ››
3270 4431 3326 4482 et
3350 4444 3472 4499 cap.
3513 4429 3575 4480 l2
3606 4444 3619 4480 :
3657 4447 3683 4474 «
3705 4425 3845 4480 Iiinc

486 4528 570 4581 est
597 4523 745 4594 quod
776 4539 957 4594 neque
986 4521 1340 4591 idololatria,
1366 4541 1551 4596 neque
1580 4527 1842 4598 sanguini
1871 4544 1974 4597 pax
2009 4527 2078 4580 ab
2111 4526 2371 4580 Ecclesiis
2401 4525 2688 4594 redditur;
2722 4545 2749 4577 »
2781 4525 2990 4578 diserte
3027 4521 3232 4575 docere
3274 4533 3475 4589 pacem
3508 4514 3846 4570 idololatria

487 4620 542 4670 et
572 4610 880 4667 homicidio
909 4609 1061 4681 apud
1088 4611 1402 4666 Catholicos
1430 4614 1647 4684 negari.
1673 4615 1782 4670 Sed
1807 4615 2219 4669 Tertullianum
2249 4615 2505 4669 Petavius
2531 4615 2588 4669 in
2615 4631 2677 4668 re
2705 4613 2959 4669 omnium
2989 4610 3169 4666 oculis
3196 4607 3448 4678 exposita
3474 4604 3704 4660 mentiri
3731 4619 3848 4658 non

486 4701 830 4772 suspicatur;
874 4699 1106 4753 nefalia
1148 4699 1310 4753 illum
1357 4702 1656 4757 calumnia
1699 4708 1754 4757 et
1797 4703 1976 4774 putidi
2020 4703 2302 4758 mendacii
2345 4705 2589 4758 Morinus
2631 4708 2688 4758 et
2731 4701 3051 4758 Alexander
3092 4713 3353 4753 accusare
3395 4712 3510 4750 non
3560 4694 3844 4760 dubitant,

485 4790 709 4846 Neutris
738 4789 974 4843 omnino
1006 4788 1261 4843 assentiri
1293 4806 1538 4860 possum,
1572 4809 1675 4846 nec
1707 4792 1929 4846 Petavio
1961 4792 2197 4846 nimiam
2235 4794 2591 4848 severitatem
2633 4791 2830 4862 primis
2873 4790 3090 4844 sacnlis
3125 4785 3446 4857 afﬁngenti,
3485 4800 3590 4838 nec
3629 4783 3846 4838 Xorino

487 4884 544 4934 et
599 4879 913 4934 Alexandro
963 4878 1246 4932 mendacii
1301 4883 1499 4934 notam
1547 4881 1892 4936 Tertulliano
1944 4881 2320 4936 inurentibus.
2373 4881 2752 4946 Quamobrem
2799 4880 3192 4933 demonstrare
3242 4873 3548 4946 aggrediar
3595 4872 3706 4927 tria
3757 4873 3851 4926 illa

485 4967 814 5038 gravissima
860 4972 1094 5037 peccata
1137 4966 1537 5034 idololatriam,
1585 4969 1954 5023 homicidium
2000 4973 2056 5024 et
2100 4970 2445 5026 adulterium
2487 4988 2520 5025 a
2565 4968 2903 5042 panitentia
2945 4971 3002 5022 et
3046 4982 3183 5038 pace
3229 4964 3452 5020 exclusa
3500 4962 3560 5016 in
3607 4961 3849 5032 antiqua

483 5056 731 5111 Ecclesia
762 5071 878 5110 non
903 5054 1096 5123 fuisse,
1126 5070 1228 5110 nec
1258 5057 1668 5112 Tertullianum
1695 5058 1862 5112 aliam
1889 5058 2186 5113 Catholicis
2215 5059 2537 5116 doctrinam
2569 5058 2870 5114 ascribere.

553 5145 810 5200 Primum
843 5141 1078 5198 rationis
1107 5147 1490 5212 momentum,
1520 5145 1770 5217 illudque
1810 5163 1924 5201 non
1964 5147 2108 5215 leve,
2141 5151 2465 5221 suppeditat
2500 5150 2622 5221 ipse
2649 5146 3046 5214 Tertullianus,
3077 5145 3235 5215 cujus
3261 5144 3381 5199 hac
3414 5141 3582 5197 verba
3609 5141 3669 5195 in
3699 5137 3847 5196 libro

485 5235 548 5289 de
586 5233 911 5288 Panitentia
952 5231 1239 5302 leguntur,
1279 5248 1401 5302 cap.
1442 5233 1476 5285 4
1518 5249 1530 5286 :
1575 5253 1601 5284 «
1640 5235 1911 5290 Omnibus
1955 5252 2091 5307 ergo
2136 5237 2372 5308 delictis,
2406 5238 2610 5309 inquit,
2644 5253 2744 5291 seu
2787 5251 2952 5290 carne
2992 5250 3092 5288 seu
3139 5233 3359 5304 spiritu,
3411 5248 3508 5286 seu
3553 5232 3702 5286 facto
3748 5247 3851 5285 seu

483 5324 773 5378 voluntate
802 5320 1133 5388 commissis,
1165 5320 1260 5390 qui
1301 5337 1526 5391 poenam
1566 5339 1670 5392 per
1691 5323 1973 5393 judicium
2013 5325 2332 5396 destinavit,
2364 5329 2515 5383 idem
2547 5331 2603 5383 et
2629 5327 2854 5382 veniam
2886 5341 2988 5396 per
3027 5325 3422 5396 poenitentiam
3455 5321 3785 5395 spopondit.
3817 5343 3847 5372 ››

481 5411 827 5466 Nominatim
855 5409 1180 5464 idololatras
1206 5410 1313 5464 hoc
1342 5410 1614 5465 beneﬁcio
1642 5430 1756 5467 non
1784 5414 2007 5469 excludi
2038 5416 2288 5471 declarat
2317 5433 2437 5488 cap.
2463 5422 2494 5471 7
2527 5433 2539 5472 :
2568 5419 2815 5488 «Itaque
2845 5413 3062 5486 (hostis)
3090 5413 3366 5481 observat,
3395 5410 3602 5483 inquit,
3631 5427 3857 5484 oppug-

484 5505 599 5566 nat,
633 5498 872 5564 obsidet,
908 5499 954 5552 si
998 5515 1110 5568 qua
1152 5499 1324 5568 possit
1365 5503 1463 5553 aut
1512 5502 1703 5556 oculos
1748 5505 2200 5574 concupiscentia
2239 5507 2448 5560 carnali
2493 5507 2681 5573 ferire,
2718 5511 2816 5560 aut
2853 5505 3115 5559 animum
3161 5503 3441 5560 illecebris
3485 5501 3850 5556 sacularibus

482 5588 730 5656 irretire,
753 5590 853 5641 aut
870 5586 1049 5641 finem
1071 5590 1310 5641 terrena
1333 5592 1628 5657 potestatis
1652 5591 1956 5646 formidine
1982 5597 2259 5662 evertere,
2285 5600 2383 5650 aut
2400 5612 2432 5650 a
2453 5596 2538 5651 via
2560 5597 2718 5650 certa
2739 5594 3016 5666 perversis
3037 5592 3433 5648 traditionibus
3463 5590 3805 5662 detorquere
3831 5605 3846 5643 :

480 5694 596 5732 non
626 5675 930 5743 scandatis,
963 5691 1078 5730 non
1105 5676 1513 5731 tentationibus
1551 5678 1764 5735 deﬁcit.
1794 5681 1922 5735 Hac
1953 5681 2129 5752 igitur
2155 5699 2378 5740 venena
2407 5685 2530 5756 ejus
2559 5683 2861 5757 providens
2893 5685 3059 5752 Deus,
3091 5684 3276 5738 clausa
3312 5681 3446 5736 licet
3481 5675 3851 5752 ignoscentia

479 5762 767 5839 49-50
791 5764 970 5839 janua
997 5768 1053 5821 et
1080 5762 1434 5822 intinctionis
1460 5781 1585 5823 sera
1615 5767 1920 5843 obstructa,
1950 5771 2169 5846 aliquid
2198 5773 2386 5832 adhuc
2412 5774 2673 5849 permisit
2697 5779 2913 5849 patere.
2944 5773 3240 5830 Collocavit
3266 5772 3325 5827 in
3354 5770 3635 5826 vestibulo
3672 5767 3851 5843 poeni.
