4084 6208
176 327 235 381 49
1636 321 2011 377 ΡΒΑΞΕΑΤΙΟ.
3480 334 3547 387 50

174 454 412 507 tentiam
445 450 779 519 secundam,
811 468 938 522 quae
985 448 1337 521 pulsantibus
1364 446 1681 518 patefaciet.
1718 468 1743 496 n
1786 450 1865 502 Ita
1892 449 2261 506 Tertullianus
2295 454 2429 508 dum
2459 456 2643 511 adhuc
2686 457 2835 511 inter
2862 457 3174 514 Catholieos
3204 464 3541 513 versaretur.

173 543 510 597 Montanista
540 543 721 596 factus
768 542 924 594 aliud
970 541 1182 605 docuit,
1218 538 1314 592 sed
1346 536 1795 606 repugnantibus
1838 539 2166 608 Catholicis,
2210 558 2353 611 quos
2384 543 2463 596 sic
2496 542 2794 613 loquentes
2832 544 3051 598 inducit
3081 545 3179 598 lib.
3218 547 3283 600 de
3325 547 3545 608 Pudic.,

173 650 289 703 cap.
323 635 355 684 ‘2
392 648 404 683 :
445 650 473 681 «
502 635 786 686 Caeterum
831 632 997 698 Deus,
1030 629 1318 700 inquiunt,
1348 627 1529 681 bonus
1576 629 1632 677 ct
1677 627 1943 696 Optimus,
1974 634 2029 681 et
2073 629 2397 683 misericors
2438 636 2493 684 et
2538 632 2837 684 miserator
2877 638 2932 686 et
2975 632 3375 687 misericordiae
3422 635 3549 703 plu-

171 719 370 781 rimus,
390 734 570 787 quam
594 718 750 771 omni
776 717 1044 771 sacriﬁcio
1067 714 1388 785 anteponit,
1409 729 1523 766 non
1552 714 1694 768 tanti
1721 716 1935 770 ducens
1958 720 2268 787 peccatoris
2289 723 2559 789 mortem,
2577 737 2751 791 quam
2770 721 3187 791 paenitentiam,
3208 723 3541 776 salviﬁcator

169 807 431 860 omnium
454 811 512 859 et.
527 807 773 861 maxime
788 806 1063 861 ﬁdelium.
1085 807 1281 874 Itaque
1300 806 1355 856 et
1371 803 1513 856 ﬁlios
1526 801 1619 855 Dei
1638 803 2032 858 misericordes
2051 822 2169 859 esse
2191 806 2498 875 oportebit,
2514 807 2788 861 donantes
2803 807 3047 861 invicem
3064 808 3209 861 sicut
3223 814 3279 861 et
3293 809 3545 863 Christus

168 894 403 948 donavit
427 894 629 961 nobis;
658 910 773 947 non
798 893 1139 963 judicantes,
1173 910 1244 945 ne
1275 892 1619 961 judicemur.
1653 912 1679 940 ››
1713 893 1865 947 idem
1892 896 2266 949 Tertullianns
2295 902 2524 967 peccata
2555 896 2753 951 dividit
2782 920 2806 945 ‹‹
2842 898 2897 950 in
2930 898 3073 951 duos
3101 897 3306 965 exitus,
3338 914 3403 950 ac
3433 897 3546 950 alia

165 984 556 1050 remissibilia,
587 985 692 1036 alia
722 982 1136 1037 irremissibilia
1160 1003 1185 1031 ››
1218 997 1333 1035 esse
1357 981 1577 1045 statuit;
1602 981 1699 1035 sed
1730 982 1943 1036 fatetur
1969 985 2291 1039 Catholicos
2313 984 2420 1038 sibi
2450 985 2553 1038 hac
2581 985 2637 1039 in
2661 1001 2721 1039 re
2750 984 3053 1051 adversari,
3085 1000 3293 1054 eosque
3320 984 3544 1037 nullum

164 1087 399 1139 prorsus
428 1074 727 1139 peccatum
760 1069 1149 1123 irremissibile
1180 1084 1521 1139 agnoscere;
1559 1088 1585 1115 ‹‹
1618 1070 1714 1122 sed
1748 1070 1906 1140 prius
1939 1071 2227 1140 decidam,
2264 1072 2451 1143 inquit
2489 1089 2614 1143 cap.
2645 1076 2697 1139 3,
2728 1074 3181 1127 intercedentem
3213 1088 3282 1124 ex
3313 1071 3546 1125 adverso

166 1158 599 1228 responsionem
632 1159 704 1212 ad
734 1175 864 1212 eam
890 1157 1238 1228 poenitentia
1272 1156 1514 1226 speciem
1543 1172 1717 1226 quam
1747 1175 1876 1213 eum
1910 1161 2158 1215 maxime
2188 1161 2492 1215 deﬁnimus
2519 1160 2686 1213 venia
2716 1176 2927 1214 carere.
2960 1161 3013 1214 Si
3048 1159 3223 1225 enim,
3253 1157 3546 1229 inquiunt,

162 1244 359 1313 aliqua
394 1244 734 1314 poenitentia
774 1247 929 1298 caret
958 1243 1137 1311 venia,
1164 1244 1288 1311 jam
1314 1259 1415 1295 nec
1446 1244 1501 1295 in
1542 1250 1723 1300 totum
1756 1249 1986 1318 agenda
2017 1250 2117 1304 tibi
2154 1257 2273 1319 est;
2308 1250 2449 1304 nihil
2479 1250 2631 1304 enim
2662 1250 2951 1320 agendum
2980 1252 3063 1303 est
3088 1250 3301 1303 frustra
3334 1264 3345 1300 :
3382 1263 3546 1316 porro

165 1332 381 1385 {rustra
416 1336 627 1404 agetur
652 1334 986 1403 poenitentia
1012 1334 1056 1386 si
1089 1338 1240 1386 caret
1267 1333 1447 1386 venia.
1485 1333 1681 1388 Omnis
1715 1341 1912 1390 autem
1946 1339 2277 1407 poenitentia
2304 1340 2521 1407 agenda
2551 1344 2635 1393 est
2666 1355 2677 1391 :
2711 1354 2849 1407 ergo
2880 1338 3063 1392 omnis
3092 1339 3317 1394 veniam
3346 1356 3544 1394 conse-

164 1433 401 1498 quatur,
432 1445 507 1482 ne
534 1431 747 1483 frustra
772 1435 989 1500 agatur,
1021 1429 1152 1500 quia
1184 1446 1297 1483 non
1329 1428 1434 1483 erit
1464 1425 1691 1498 agenda
1719 1426 1761 1479 si
1796 1427 2004 1481 frustra
2041 1431 2266 1497 agatur.
2300 1430 2474 1482 Porro
2508 1429 2718 1482 frustra
2747 1434 2967 1499 agetur,
2995 1429 3039 1482 si
3066 1429 3226 1482 venia
3257 1430 3487 1485 carebit.
3519 1452 3545 1477 η

165 1518 293 1570 Haec
322 1523 526 1571 autem
566 1519 894 1572 Tertulliani
925 1520 1248 1572 testimonia
1275 1534 1387 1571 non
1420 1518 1487 1571 de
1518 1516 1639 1569 sola
1666 1514 1855 1568 Africa
1881 1516 2061 1586 accipi
2113 1516 2345 1582 debent,
2378 1515 2477 1569 sed
2509 1516 2575 1569 de
2606 1516 2870 1569 omnibus
2908 1516 3184 1581 Ecclesiis,
3217 1534 3359 1586 quas
3390 1518 3549 1572 Mon-

162 1605 516 1659 tanistarnm
562 1607 826 1660 defensor
868 1614 1182 1678 Oppugnat.
1214 1607 1427 1676 Ubique
1456 1605 1609 1659 enim
1638 1604 1867 1674 vigebat
1908 1606 2031 1658 haec
2074 1605 2393 1675 disciplina,
2424 1621 2485 1657 ac
2518 1604 2739 1657 duobus
2770 1604 2967 1674 primis
3009 1605 3227 1659 saeculis
3267 1606 3547 1675 viguerat,

167 1700 225 1747 ut
262 1696 526 1765 perspici
552 1700 737 1765 potest
764 1712 829 1749 ex
860 1698 1075 1751 Hermae
1103 1697 1247 1750 libro
1276 1696 1551 1759 secundo,
1582 1693 1823 1747 Mandat.
1856 1694 1908 1760 4,
1938 1693 1996 1746 in
2025 1694 2226 1762 primis
2259 1709 2325 1746 ex
2366 1693 2451 1745 bis
2477 1708 2602 1762 quae
2634 1692 2893 1746 Clemens
2922 1693 3070 1762 apud
3102 1694 3305 1747 Euseb.
3337 1694 3433 1747 lib.
3466 1710 3546 1759 ιιι,

166 1800 293 1854 cap.
329 1788 421 1849 23,
456 1784 527 1837 de
556 1788 748 1838 sancto
779 1786 991 1839 Joanne
1021 1784 1374 1855 Evangelista
1402 1787 1610 1836 narrat.
1645 1782 1754 1835 Nec
1784 1781 2106 1835 omittenda
2134 1781 2383 1851 Dionysii
2414 1780 2841 1834 Corinthiorum
2868 1781 3113 1851 episcopi
3139 1783 3210 1835 ad
3241 1782 3552 1835 Amastria-

165 1889 382 1926 norum
430 1878 489 1926 et
517 1873 657 1926 alias
689 1874 847 1926 Ponti
896 1874 1152 1927 ecclesias
1197 1873 1457 1944 epistola,
1490 1873 1547 1926 in
1591 1886 1703 1941 qua
1751 1869 2119 1940 prmcipiebat
2163 1873 2227 1922 ut
2268 1886 2302 1922 a
2347 1869 2548 1939 quovis
2590 1869 2751 1939 lapsu
2789 1867 2901 1922 sive
2952 1868 3177 1936 delicto,
3212 1869 3325 1923 sive
3375 1868 3551 1922 etiam

166 1961 447 2013 haeretica
484 1960 760 2030 pravitate
790 1960 1095 2015 redeuntes
1124 1961 1375 2031 benigne
1408 1960 1849 2029 susciperentur,
1879 1962 2023 2012 teste
2056 1957 2320 2024 Eusebio,
2348 1957 2450 2011 lib.
2483 1974 2556 2023 ιν,
2586 1974 2635 2011 c.
2669 1960 2757 2012 23.

238 2098 301 2147 2°
340 2095 728 2165 lmprobabile
758 2113 988 2167 prorsus
1014 2102 1098 2151 est
1128 2096 1279 2167 quod
1310 2096 1389 2150 ait
1416 2093 1697 2161 Petavius,
1732 2093 2130 2164 Zephirinum,
2167 2094 2317 2163 quod
2359 2099 2572 2165 spectat
2602 2094 2671 2148 ad
2702 2094 3029 2162 moechiam,
3061 2093 3129 2147 de
3161 2093 3408 2164 antiquae
3434 2092 3547 2146 dis-

166 2182 401 2251 ciplina:
438 2184 740 2238 severitate
771 2185 983 2255 aliquid
1021 2184 1326 2251 remisisse,
1360 2200 1423 2236 ac
1457 2186 1653 2252 postea
1680 2182 2037 2253 temporibus
2064 2184 2333 2253 Cypriani
2365 2184 2608 2253 majores
2645 2184 2717 2238 ad
2746 2185 3034 2239 lenitatem
3065 2185 3237 2238 factos
3264 2199 3383 2236 esse
3412 2199 3545 2253 pro-

164 2287 425 2340 gressus.
466 2273 587 2325 Non
619 2274 861 2342 quadrat
886 2275 1007 2327 hac
1050 2278 1373 2343 temporum
1406 2272 1765 2338 distributio;
1802 2287 1940 2324 nam
1984 2271 2242 2337 moechia,
2276 2278 2338 2325 ut
2367 2273 2537 2326 modo
2568 2273 2836 2339 vidimus,
2870 2289 3000 2342 quae
3038 2271 3370 2327 Tertulliani
3400 2275 3544 2324 tem-

162 2362 431 2431 poribus,
466 2364 728 2416 omnium
758 2364 1179 2417 Catholicorum
1216 2379 1501 2427 concessu,
1536 2376 1739 2431 pacem
1771 2360 2134 2430 impetrabat,
2173 2360 2281 2414 hoc
2311 2361 2588 2416 beneﬁcio
2622 2363 2772 2433 apud
2808 2362 3106 2416 nonnullas
3142 2361 3413 2414 Ecclesias
3443 2361 3546 2413 sub

160 2452 438 2521 Cypriani
483 2454 938 2507 antecessoribus
997 2455 1221 2507 exclusa
1262 2453 1388 2506 fuit.
1434 2450 1732 2515 Quomodo
1792 2466 1929 2519 ergo
1979 2448 2279 2519 disciplina
2344 2457 2478 2505 tunc
2532 2452 2847 2521 dimitigata
2916 2452 3125 2505 dicitur
3177 2451 3370 2518 fuisse,
3416 2466 3545 2503 cum

162 2556 351 2593 novas
395 2542 754 2596 accessiones
802 2543 1003 2595 habuit
1039 2541 1393 2595 severitatis?
1423 2543 1479 2593 3°
1512 2540 1564 2594 Si
1614 2556 1682 2593 ex
1717 2538 2053 2592 Tertulliani
2102 2542 2289 2613 verbis
2317 2543 2658 2597 concludere
2702 2544 2897 2597 liceret
2948 2543 3100 2614 quod
3135 2542 3387 2596 Petavius
3412 2558 3541 2595 con-

158 2632 355 2689 clusit.
388 2636 733 2701 sequeretur
759 2648 868 2685 non
904 2631 1203 2686 homicidis
1234 2632 1417 2685 solum
1446 2633 1502 2684 et
1532 2628 1860 2695 idololatris,
1898 2629 1995 2682 sed
2022 2629 2088 2682 iis
2116 2630 2287 2684 etiam
2326 2631 2421 2701 qui
2448 2637 2575 2702 post
2597 2631 2769 2685 ﬁdem
2795 2631 2865 2684 ad
2893 2630 3157 2685 hazresim
3196 2631 3547 2698 defecerant,

160 2721 263 2770 aut
318 2718 475 2771 inter
518 2718 801 2771 cruciatus
840 2718 967 2771 victi
1010 2724 1313 2786 cesserant,
1358 2734 1555 2788 pacem
1616 2717 2143 2771 immisericorditer
2179 2723 2445 2791 negatam
2487 2720 2659 2774 fuisse
2696 2720 2752 2773 in
2796 2719 3041 2774 Ecclesia
3092 2719 3366 2773 catholica
3415 2736 3426 2772 :
3475 2720 3552 2773 sic

162 2809 324 2861 enim
349 2810 609 2879 loquitur
636 2809 705 2862 de
736 2810 1013 2864 hiereticis
1040 2811 1437 2876 Tertullianus,
1467 2827 1514 2863 c.
1543 2812 1605 2861 13
1638 2825 1649 2861 :
1685 2828 1712 2859 «
1743 2808 2030 2878 Hymenaei
2058 2813 2273 2875 autem,
2300 2807 2504 2879 inquit,
2530 2814 2587 2863 et
2616 2809 2919 2863 Alexandri
2947 2807 3187 2876 crimen,
3211 2808 3257 2860 si
3277 2810 3333 2860 et
3359 2806 3418 2860 in
3441 2807 3546 2861 isto

161 2902 220 2950 et
250 2898 313 2951 in
342 2900 541 2953 futuro
571 2915 692 2953 aevo
714 2899 1102 2954 irremissibile
1129 2902 1231 2967 est,
1254 2899 1615 2969 blasphemia
1645 2899 1871 2965 scilicet,
1893 2899 2090 2968 utique
2115 2899 2396 2968 apostolus
2423 2915 2535 2952 non
2566 2899 2835 2952 adversus
2862 2897 3169 2952 terminum
3197 2896 3421 2951 Domini
3443 2896 3544 2949 sub

162 3004 264 3057 spe
288 2990 475 3042 veniae
512 2989 763 3043 dedisset
795 2989 1178 3060 Satanze,jam
1201 3006 1233 3042 a
1264 2990 1373 3043 fide
1398 2990 1456 3042 in
1488 2987 1905 3057 blasphemiam
1936 3003 2172 3054 mersos,
2196 2986 2349 3039 unde
2372 2989 2427 3039 et
2454 2985 2757 3055 naufragos
2783 3002 2876 3039 eos
2900 2986 3065 3055 juxta
3086 2985 3261 3038 ﬁdem
3288 3001 3543 3055 pronun-

164 3076 349 3137 tiavit,
377 3092 493 3129 non
528 3076 803 3133 habentes
831 3081 1091 3134 solatium
1126 3078 1283 3134 navis
1314 3079 1593 3134 Ecclesiae.
1625 3076 1732 3129 Illis
1760 3076 1914 3130 enim
1944 3076 2109 3131 venia
2139 3079 2381 3146 negatur
2411 3076 2504 3146 qui
2540 3075 2608 3129 de
2638 3076 2744 3130 ﬁde
2776 3075 2833 3129 in
2860 3074 3272 3146 blasphemiam
3301 3091 3544 3144 negave-

162 3166 322 3216 runt.
360 3187 385 3212 ι)
431 3166 500 3217 Et
540 3182 666 3236 cap.
699 3168 799 3221 ult.
831 3168 899 3221 de
936 3169 1002 3222 iis
1038 3170 1135 3241 qui
1175 3170 1471 3223 tormentis
1510 3172 1851 3237 superantur
1886 3183 1898 3219 :
1943 3188 1969 3215 ‹‹
2011 3167 2372 3235 Quaecunque
2412 3164 2740 3232 auctoritas,
2770 3164 2972 3235 inquit,
3001 3180 3357 3235 qliazcunque
3401 3163 3541 3218 ratio

163 3251 391 3303 moecho
418 3254 478 3305 et
507 3250 841 3306 fornicatori
872 3270 1073 3323 pacem
1104 3254 1534 3309 ecclesiasticam
1566 3254 1770 3321 reddit,
1803 3255 2006 3309 eadem
2033 3254 2263 3309 debebit
2289 3257 2347 3307 et
2375 3254 2673 3308 homicidas
2703 3256 2759 3307 et
2797 3253 3111 3308 idololatris
3138 3252 3543 3323 paenitentibus

160 3341 498 3407 subvenire,
529 3346 683 3395 certe
713 3344 990 3413 negatori,
1025 3350 1081 3398 et
1111 3344 1307 3416 utique
1333 3345 1413 3398 illi
1444 3360 1615 3416 quem
1644 3344 1701 3397 in
1733 3344 1927 3414 praelio
1955 3342 2328 3397 confessionis
2356 3343 2651 3395 tormentis
2680 3343 3045 3396 colluctatum
3074 3339 3289 3395 saevitia
3317 3340 3540 3411 dejecit-

160 3430 459 3482 Caeterum
490 3430 790 3501 indignum
829 3433 942 3486 Deo
970 3435 1024 3485 et
1056 3433 1204 3487 illius
1235 3432 1642 3498 misericordia,
1676 3432 1771 3502 qui
1804 3431 2200 3503 poznitentiam
2242 3431 2552 3502 peccatoris
2581 3431 2750 3484 morti
2789 3430 3099 3501 przevertit,
3129 3436 3192 3485 ut
3235 3429 3453 3485 facilius
3484 3431 3544 3483 in

154 3520 481 3573 Ecclesiam
514 3520 757 3574 redeant
783 3522 881 3592 qui
903 3523 1182 3593 subando,
1211 3541 1385 3595 quam
1409 3524 1506 3594 qui
1536 3520 1862 3575 dimicando
1884 3520 2233 3575 ceciderunt.
2254 3520 2427 3590 Urget
2457 3537 2557 3572 nos
2580 3518 2761 3574 dicere
2784 3518 3095 3589 indignitas
3119 3535 3131 3572 :
3156 3519 3541 3573 contaminata

156 3605 359 3673 potius
392 3621 637 3675 corpora
665 3609 954 3661 revocabis
980 3626 1151 3680 quam
1186 3610 1519 3664 cruentata?
1552 3609 1689 3672 Quae
1720 3608 2053 3678 poenitentia
2078 3608 2478 3662 miserabiliter
2506 3608 2788 3661 titillatam
2821 3612 3185 3677 prosternens
3210 3622 3439 3662 carnem
3468 3623 3538 3659 an

154 3711 299 3748 vero
332 3696 612 3749 laniatam
633 3695 660 3747 ?
692 3718 719 3745 ››
757 3697 848 3749 llis
876 3697 933 3750 in
963 3698 1098 3751 locis
1129 3699 1504 3753 Tertulliauus
1532 3698 1719 3769 prima
1747 3697 1932 3769 specie
1965 3697 2043 3751 sic
2073 3697 2293 3751 videtur
2320 3694 2731 3765 argumentari,
2755 3695 2915 3765 quasi
2944 3694 3051 3765 ipsi
3078 3711 3207 3748 cum
3238 3694 3541 3749 Catholicis

154 3784 493 3847 conveniat,
519 3800 624 3837 nec
653 3784 735 3838 eis
761 3786 857 3856 qui
881 3804 914 3840 a
934 3786 1041 3841 ﬁde
1059 3788 1114 3840 in
1140 3787 1403 3841 haeresim
1430 3787 1781 3855 defecerunt,
1807 3803 1907 3841 nec
1930 3786 1997 3840 iis
2022 3786 2117 3858 qui
2140 3802 2271 3840 cum
2294 3786 2595 3840 tormentis
2616 3785 2905 3839 colluctati
2928 3790 3243 3851 cesserunt,
3263 3783 3540 3855 poeniten-

154 3872 306 3926 tiam
351 3873 591 3927 concedi
638 3878 902 3945 Oportere
930 3895 943 3943 ;
974 3877 1066 3931 sed
1114 3879 1232 3931 haec
1282 3879 1544 3934 severitas
1589 3876 1666 3930 sie
1714 3876 1983 3931 abhorret
2022 3875 2092 3930 ab
2141 3875 2393 3946 antiquae
2437 3873 2699 3929 Ecclesiae.
2738 3873 3014 3941 moribus,
3041 3876 3105 3927 ut
3148 3873 3262 3927 eia
3309 3872 3538 3927 nemine

152 3956 364 4026 afﬁngi
408 3957 613 4027 possit.
644 3958 874 4013 Fatetur
903 3961 1218 4031 Cyprianus
1246 3962 1300 4016 in
1330 3964 1574 4033 Epistola
1612 3966 1685 4019 ad
1722 3967 1998 4031 Quintum,
2030 3963 2403 4019 redeuntibus
2436 3963 2715 4018 haereticis
2752 3963 2848 4034 qui
2896 3963 2954 4015 in
2987 3962 3229 4016 Ecclesia
3273 3960 3538 4032 baptizati

150 4049 415 4116 fuerant,
451 4065 691 4103 manum
721 4050 778 4103 in
823 4052 1215 4121 pcenitentiam
1250 4054 1467 4125 imponi
1512 4056 1733 4121 debere,
1765 4060 1935 4127 atque
1975 4055 2145 4124 hujus
2189 4053 2621 4109 consuetudinis
2665 4050 2949 4122 originem
2993 4050 3063 4103 ab
3102 4050 3238 4119 ipsis
3275 4050 3537 4104 Ecclesiae

148 4137 534 4191 incunabulis
577 4144 831 4207 repetere
863 4156 974 4193 non
1000 4140 1216 4195 dubitat
1250 4159 1262 4195 :
1292 4143 1360 4196 iis
1385 4148 1576 4197 autem
1622 4161 1867 4214 quorum
1894 4160 2011 4197 non
2039 4142 2267 4199 animus
2296 4145 2393 4199 sed
2422 4159 2626 4213 corpus
2654 4142 2711 4196 in
2753 4140 2952 4194 dolore
2984 4139 3288 4203 defecerat,
3325 4139 3537 4208 quique

150 4228 395 4279 veniam
436 4243 556 4280 non
600 4228 878 4298 lacrymis,
909 4229 1008 4283 sed
1040 4247 1241 4285 cruore
1270 4236 1328 4287 et
1356 4233 1681 4288 vulneribus
1706 4233 2003 4303 petebant,
2035 4237 2246 4302 quanta
2288 4226 2616 4283 humanitas
2647 4224 2902 4279 exhiberi
2931 4224 3138 4278 soleret
3164 4224 3223 4277 in
3268 4223 3535 4293 Ecclesia,

148 4319 289 4367 tum
314 4331 379 4368 ex
407 4315 562 4369 libro
593 4316 863 4387 Cypriani
893 4319 957 4372 de
984 4321 1200 4389 Lapsis,
1230 4339 1286 4391 p.
1326 4323 1444 4390 185,
1478 4324 1597 4379 tum
1628 4342 1692 4380 ex
1725 4325 1980 4395 ejusdem
2008 4323 2258 4394 Epistola
2286 4336 2397 4387 Lm,
2429 4317 2672 4389 perspici
2703 4317 2907 4387 potest.

232 4443 389 4506 Quid
438 4443 617 4513 igitur
662 4446 975 4499 statuemus
1018 4446 1087 4501 de
1126 4448 1521 4504 Tertulliano?
1554 4453 1603 4505 ls
1647 4468 1781 4505 sane
1825 4454 1978 4506 totus
2020 4455 2174 4505 errat
2210 4450 2269 4504 in
2316 4447 2558 4502 Montani
2610 4444 2808 4500 castris
2848 4461 2910 4498 ac
2941 4459 3133 4499 secum
3164 4446 3403 4513 pugnat,
3438 4442 3536 4496 sed

144 4538 355 4586 tamen
404 4548 706 4603 nunquam
764 4532 885 4587 sine
927 4534 1117 4604 aliqua
1160 4536 1377 4608 ingenii
1424 4541 1545 4595 luce
1586 4541 1825 4607 delirat;
1867 4558 1974 4595 nec
2013 4556 2143 4595 eum
2202 4540 2344 4593 adeo
2392 4535 2731 4591 crediderim
2772 4532 3107 4603 desipuisse,
3157 4536 3220 4585 ut
3272 4532 3535 4586 omnibus

141 4622 502 4675 hominibus
540 4622 844 4676 ridendum
884 4640 941 4677 se
972 4624 1027 4677 in
1059 4630 1257 4696 aperto
1284 4630 1580 4684 mendacio
1625 4631 1978 4702 propinaret.
2007 4628 2389 4695 Quamobrem
2434 4626 2571 4681 illud
2604 4624 2854 4692 effatum,
2894 4642 2919 4673 ί(
2968 4638 3155 4692 neque
3201 4620 3534 4674 idololatriae

138 4728 355 4782 neque
402 4711 670 4782 sanguini
705 4728 810 4781 pax
848 4712 918 4766 ab
955 4714 1212 4769 Ecclesiis
1251 4717 1531 4787 redditur,
1574 4743 1600 4769 ››
1646 4738 1757 4774 non
1803 4721 1871 4775 de
1918 4720 2240 4787 Catholicis,
2285 4719 2385 4772 sed
2430 4718 2497 4771 de
2536 4713 3004 4770 Montanistarum
3046 4710 3306 4764 Ecclesiis
3356 4709 3536 4763 inter-

132 4801 536 4871 pretandum.
568 4801 784 4854 Nomen
813 4802 1065 4857 ecclesiae
1092 4806 1474 4861 Tertullianus
1498 4810 1747 4864 Montani
1774 4812 1939 4864 secta:
1983 4808 2217 4879 proprio
2250 4806 2499 4877 quodam
2524 4804 2651 4874 jure
2690 4802 2831 4855 solet
2856 4798 3173 4865 vindicare;
3210 4797 3363 4850 velut
3401 4812 3532 4850 cum

128 4906 283 4945 eam
333 4894 505 4943 vocat
550 4888 849 4944 Ecclesiam
897 4890 1159 4962 Spiritus,
1190 4895 1497 4951 Ecclesiam
1541 4897 1599 4951 in
1646 4897 1824 4951 tribus
1866 4897 2133 4968 positam,
2171 4914 2295 4965 cap.
2331 4898 2419 4961 21,
2449 4896 2546 4946 aut
2591 4907 2720 4945 cum
2750 4890 2829 4943 ait
2872 4905 2993 4957 cap.
3028 4890 3090 4941 10
3134 4903 3146 4939 :
3181 4907 3209 4934 «
3253 4887 3531 4942 Cederem

124 4978 247 5033 tibi
281 4978 331 5031 si
361 4976 647 5046 scriptura
672 4977 933 5045 Pastoris,
961 4995 1089 5050 quae
1130 4981 1253 5034 sola
1293 4983 1540 5038 moechos
1574 4988 1745 5051 amat,
1788 4986 1977 5040 divino
2020 4985 2397 5038 instrumento
2439 4980 2742 5034 meruisset
2782 4977 2983 5047 incidi;
3015 4978 3059 5031 si
3098 4994 3215 5031 non
3259 4981 3329 5032 ab
3375 4979 3535 5032 omni

124 5066 408 5122 concilio
439 5065 829 5131 Ecclesiarum,
856 5068 1027 5121 etiam
1056 5072 1394 5140 vestrarum,
1420 5072 1571 5126 inter
1600 5075 1928 5145 apocrypha
1961 5079 2015 5128 et
2048 5073 2191 5127 falsa
2210 5072 2584 5143 judicaretur.
2613 5090 2638 5117 ››
2671 5067 2908 5122 Videtur
2944 5066 3047 5121 sibi
3075 5068 3317 5121 multum
3345 5069 3528 5123 hono-

122 5158 211 5212 ris
262 5154 591 5212 Catholicis
637 5154 867 5223 habere,
916 5156 961 5209 si
1008 5173 1204 5212 eorum
1251 5161 1527 5230 Ecclesiis,
1580 5169 1709 5234 post
1752 5164 2001 5217 Montani
2054 5165 2303 5225 sectam,
2354 5157 2627 5211 secundas
2680 5155 2969 5210 attribuat.
3026 5154 3191 5209 Aliud
3250 5155 3532 5224 proferam

120 5246 497 5315 exemplum
527 5260 595 5298 ex
624 5260 669 5297 c.
707 5260 799 5309 vn,
830 5244 925 5298 ubi
955 5245 1159 5315 probat
1186 5248 1302 5301 ovis
1330 5254 1386 5303 et
1417 5250 1702 5304 drachma:
1732 5250 2029 5320 parabolas
2068 5267 2183 5305 non
2216 5246 2521 5303 convenire
2550 5246 2608 5299 in
2641 5245 2927 5299 machum
2966 5246 3065 5297 aut
3104 5244 3531 5315 fornicatorem,

122 5336 284 5406 quia
330 5355 359 5382 α
394 5332 567 5385 simul
613 5332 894 5402 apparuit,
928 5334 1119 5389 statim
1149 5334 1324 5391 homo
1355 5337 1424 5391 de
1450 5338 1692 5392 Ecclesia
1722 5339 1975 5408 pellitur,
2010 5355 2114 5393 nec
2144 5338 2226 5392 illi
2256 5338 2471 5404 manet,
2503 5351 2609 5388 nec
2659 5334 2932 5405 gaudium
2973 5333 3196 5387 confert
3237 5334 3536 5404 repertrici

122 5421 453 5485 Ecclesiae,
478 5419 575 5474 sed
602 5420 838 5488 luctum,
871 5436 975 5476 nec
999 5425 1553 5494 congratulationem
1590 5427 1827 5482 advocat
1851 5427 2188 5494 vicinarum,
2220 5426 2318 5481 sed
2351 5423 2844 5480 contristationem
2878 5422 3263 5493 proximarum
3324 5422 3532 5477 frater-

122 5516 441 5569 nitatum.
474 5530 500 5556 ››
530 5508 675 5562 Cave
703 5512 863 5578 putes
898 5510 1157 5566 Ecclesiae
1187 5528 1407 5569 morem
1437 5515 1698 5582 describi,
1730 5514 1991 5585 quamvis
2039 5515 2363 5586 generatim
2394 5514 2667 5584 loquatur
2696 5511 3119 5580 Tertullianus,
3152 5528 3337 5583 neque
3379 5513 3533 5567 enim

126 5604 263 5657 haec
320 5596 597 5655 Ecclesiae
637 5596 975 5652 charitatem
1015 5598 1291 5669 redolent,
1333 5601 1431 5656 sed
1480 5602 1957 5660 inhumanitatem
2002 5604 2494 5671 Montanistarum,
2518 5619 2617 5674 qui
2673 5602 2931 5672 digamos
2970 5600 3104 5654 foris
3143 5600 3434 5671 sistebant,
3471 5618 3535 5656 ac

204 5688 509 5745 eumdem
539 5685 792 5741 liminem
832 5686 1044 5740 liminis
1074 5688 1307 5743 mmchis
1336 5706 1568 5764 quoque
1610 5696 1668 5747 et
1698 5692 2132 5749 fornicatoribus
2165 5691 2454 5766 51-52
2493 5691 2743 5763 ﬁgebant
2771 5707 2784 5757 ;
2816 5690 3045 5760 jejunas
3082 5689 3234 5761 pacis
3260 5690 3535 5762 lacrymas

128 5784 279 5860 prof
279 5779 504 5843 usuris,
530 5793 635 5831 nec
657 5776 903 5847 amplius
930 5775 999 5830 ab
1022 5776 1261 5832 Ecclesia
1290 5794 1459 5849 quam
1482 5779 1922 5853 publicationem
1949 5782 2242 5839 dedecoris
2266 5781 2549 5837 relaturis.
2578 5802 2603 5829 ››
2633 5781 2831 5852 Liquet
2860 5777 2917 5833 in
2942 5778 3227 5850 ejusmodi
3254 5778 3393 5833 locis
3418 5796 3530 5833 non

126 5868 371 5931 Christi
396 5866 713 5936 Ecclesiam,
737 5865 837 5923 sed
864 5865 1114 5923 Montani
1139 5866 1569 5940 intelligendam
1597 5886 1738 5927 esse.
1761 5872 1936 5930 Testis
1962 5875 2047 5929 est
2066 5871 2184 5947 ipse
2201 5870 2577 5929 Tertullianus
2598 5874 2805 5947 quanta
2839 5868 3195 5927 uumanitate
3218 5869 3276 5925 in
3296 5867 3537 5924 Ecclesia
