4084 6208
449 269 506 320 51
1719 267 1781 319 D.
1814 264 2177 319 PRUDENTII
2204 263 2463 318 MARANI
3745 272 3805 326 52

445 387 722 444 catholica
745 389 931 458 excipi
957 388 1206 442 solerent
1228 388 1325 459 qui
1365 387 1758 459 paenitentiam
1785 389 2055 459 petebant
2084 406 2096 441 :
2134 408 2160 437 ί(
2185 389 2254 442 Et
2280 393 2339 441 tu
2373 387 2634 459 quidem,
2665 389 2851 459 inquit
2879 405 3004 460 cap.
3044 392 3127 457 l3,
3165 391 3575 461 paenitentiam
3598 395 3803 449 moechi

448 480 520 533 ad
564 479 910 535 exorandam
957 479 1374 533 fraternitatem
1414 480 1474 533 in
1521 479 1829 535 Ecclesium
1870 478 2170 544 inducens,
2210 475 2573 530 conciliatum
2623 483 2679 531 et
2736 479 3200 545 conciueratum,
3245 496 3377 534 cum
3424 480 3706 536 dedecore
3757 488 3808 538 et

450 570 684 623 horrore
726 567 1103 638 compositum
1134 569 1446 638 prosternis
1474 568 1531 623 in
1572 568 1829 624 medium
1861 570 1994 623 ante
2020 566 2242 631 viduas,
2270 571 2403 619 ante
2441 565 2822 636 presbyteros,
2855 567 3115 622 omnium
3154 568 3384 623 lacinias
3425 570 3803 639 invadentem,

451 657 709 711 omnium
750 654 985 726 vestigia
1013 655 1386 725 lambentem,
1421 656 1686 712 omnium
1714 671 1901 727 genua
1939 653 2316 719 detinentem,
2353 653 2527 724 inque
2558 670 2693 708 eum
2722 655 2970 709 hominis
3000 656 3215 710 exitum
3246 660 3476 728 quantis
3515 665 3677 729 potes
3703 659 3804 713 mi-

451 744 770 800 sericordiae
809 743 1085 799 illecebris
1112 744 1296 799 bonus
1323 748 1512 815 pastor
1542 750 1600 799 et
1642 744 1970 800 benedictus
2001 744 2154 815 Papa
2194 742 2573 809 coucionaris,
2604 747 2661 796 et
2691 743 2750 797 in
2792 746 3058 815 parabole
3085 746 3204 800 ovis
3252 763 3447 819 capras
3491 755 3616 802 tuas
3656 765 3805 820 quaa-

452 834 548 901 ris,
578 838 676 888 tua
701 831 817 888 ovis
847 848 919 887 ne
950 848 1145 887 rursus
1172 832 1243 887 de
1270 833 1516 889 Ecclesia
1541 834 1779 898 exsiliat,
1808 833 1972 904 quasi
2001 848 2116 886 non
2146 831 2349 886 exinde
2379 832 2501 903 jam
2532 832 2701 887 liceat
2725 834 2877 903 quod
2906 850 3013 889 nec
3040 836 3217 889 semel
3251 836 3423 891 licuit.
3456 859 3483 887 »
3529 839 3807 902 Quemad-

455 922 690 979 modum
745 937 883 992 ergo
929 921 1307 976 Tertullianus
1356 923 1426 976 de
1477 923 1724 978 Montani
1778 920 2021 976 Ecclesia
2073 921 2345 991 loquitur,
2387 937 2517 976 cum
2573 921 2652 975 ait
2707 922 2994 976 moechum
3046 926 3103 977 et
3160 923 3590 994 fornicatorem,
3640 928 3810 982 simul

450 1011 728 1082 apparuit,
759 1010 829 1065 de
858 1010 1105 1064 Ecclesia
1131 1010 1286 1080 pelli,
1315 1010 1394 1064 sic
1422 1010 1596 1066 etiam
1623 1011 1697 1065 ad
1723 1010 2191 1066 Montanistarum
2218 1026 2535 1081 synagogas
2561 1009 2934 1064 referendum
2959 1012 3112 1083 quod
3141 1013 3239 1079 ait,
3260 1030 3449 1084 neque
3482 1014 3810 1070 idololatriae

452 1117 640 1171 neque
668 1100 928 1171 sanguini
958 1116 1158 1171 pacem
1200 1100 1270 1154 ab
1301 1100 1556 1155 Ecclesiis
1583 1099 1766 1156 reddi.
1796 1099 2013 1153 Eodem
2038 1099 2208 1153 modo
2237 1098 2739 1169 interpretandum
2781 1098 2924 1152 illud
2956 1116 3021 1153 ex
3051 1116 3101 1155 c.
3138 1104 3222 1167 l3,
3258 1122 3284 1149 «
3317 1102 3431 1156 Illis
3463 1104 3619 1157 enim
3652 1105 3810 1159 venia

452 1195 694 1260 negatur
721 1189 819 1261 qui
842 1190 910 1244 de
941 1190 1056 1244 ﬁde
1082 1189 1141 1242 in
1168 1189 1587 1260 blasphemiam
1616 1189 1993 1259 negaverunt.
2025 1208 2052 1237 »
2098 1187 2567 1241 Montanistarum
2597 1188 2721 1241 haec
2747 1187 3039 1254 severitas,
3073 1205 3187 1243 non
3217 1190 3639 1246 Catholicorum
3672 1209 3810 1263 quos

451 1280 575 1350 ipse
618 1279 995 1335 Tertullianus
1032 1278 1334 1349 impugnat
1373 1295 1498 1349 cap.
1532 1282 1618 1341 19,
1649 1278 1798 1350 quod
1826 1277 1896 1330 iis
1927 1276 2024 1347 qui
2053 1296 2082 1326 «
2105 1280 2235 1345 post
2262 1275 2435 1330 ﬁdem
2464 1276 2651 1330 vivam
2678 1296 2704 1325 ››
2752 1275 2812 1330 in
2843 1276 3111 1332 haeresim
3138 1278 3281 1349 lapsi
3308 1280 3556 1348 fuerant,
3587 1281 3811 1336 veniam

453 1369 858 1425 concederent.

519 1458 625 1514 Sed
671 1458 782 1513 alia
826 1459 1085 1527 superest
1126 1455 1394 1509 solvenda
1439 1454 1760 1524 difﬁcultas,
1788 1472 1889 1510 cur
1936 1454 2316 1509 Tertullianus
2357 1456 2415 1510 in
2458 1457 2560 1510 hac
2607 1456 2997 1511 controversia
3040 1458 3120 1511 sic
3166 1460 3403 1529 pugnet,
3435 1458 3595 1530 quasi
3641 1458 3813 1529 ipsius

448 1542 751 1604 adversarii
794 1561 956 1615 spem
1000 1560 1234 1598 omnem
1274 1544 1452 1598 venia:
1498 1544 1805 1599 idololatris
1834 1551 1891 1600 et
1934 1545 2235 1600 homicidis
2280 1546 2670 1616 praecludant;
2701 1546 2875 1617 idque
2920 1549 3243 1619 argumenti
3294 1550 3419 1603 loco
3462 1548 3722 1619 arripiat,
3751 1555 3812 1602 ut

448 1652 579 1692 cum
620 1633 852 1689 mmchis
883 1638 940 1687 et
977 1632 1409 1687 fornicatoribus
1434 1633 1636 1687 eodem
1664 1633 1836 1689 modo
1865 1634 2067 1705 probet
2097 1650 2216 1688 esse
2256 1636 2562 1705 agendum.
2600 1656 2624 1683 κ
2654 1635 2804 1699 Quid
2842 1638 2981 1707 agit,
3008 1638 3196 1709 inquit
3230 1654 3354 1709 cap.
3387 1643 3440 1705 5,
3471 1638 3807 1693 mollissima

452 1730 507 1778 et
534 1720 947 1778 humanissima
990 1720 1329 1792 disciplina?
1356 1722 1468 1775 Aut
1497 1721 1759 1776 omnibus
1801 1724 1879 1778 eis
1909 1724 2017 1778 hoc
2061 1740 2183 1778 esse
2215 1723 2483 1791 debebis;
2516 1726 2663 1779 beati
2697 1725 2854 1779 enim
2890 1729 3110 1796 paciﬁci
3128 1744 3144 1795 ;
3175 1733 3272 1781 aut
3315 1728 3361 1781 si
3388 1744 3501 1782 non
3528 1728 3811 1795 omnibus,

450 1820 644 1867 nostra
668 1827 809 1866 esse.
840 1810 1211 1865 ldololatram
1246 1808 1481 1880 quidem
1512 1816 1569 1865 et
1598 1811 1972 1868 homicidium
2008 1814 2181 1867 semel
2210 1812 2474 1882 damnas,
2504 1815 2791 1869 moechum
2817 1831 2948 1870 vero
2988 1815 3058 1870 de
3090 1816 3280 1871 medio
3312 1817 3543 1887 excipis,
3576 1818 3809 1872 idolola-

447 1901 572 1956 triae
613 1915 1015 1966 successorem,
1046 1897 1347 1953 homicidae
1390 1902 1835 1964 antecessorem,
1875 1901 2171 1973 utriusque
2219 1901 2540 1972 collegam?
2574 1904 2830 1958 Personae
2876 1906 3188 1976 acceptatio
3229 1910 3335 1970 est,
3366 1907 3816 1961 miserabiliores

453 1990 811 2062 poenitentiae
852 1988 1148 2060 reliquisti.
1181 2009 1209 2038 n
1242 1989 1309 2043 Et
1343 2005 1466 2060 cap.
1500 1992 1530 2043 6
1565 2007 1576 2043 :
1612 2011 1641 2039 «
1670 1991 1835 2044 Dabis
1863 2008 2001 2063 ergo
2030 1998 2086 2046 et
2113 1991 2454 2046 idololatriae
2490 1980 2559 2045 et.
2589 1993 2751 2047 omni
2794 2000 3069 2064 apostataa
3100 1994 3392 2050 veniam...
3424 1996 3817 2051 communica-

452 2080 538 2134 bis
567 2083 625 2133 et
664 2079 1000 2146 homicidae;
1035 2099 1063 2127 »
1113 2076 1246 2130 citat
1289 2093 1414 2148 cap.
1448 2079 1532 2145 l9,
1562 2078 1728 2133 verba
1767 2080 2001 2134 Joannis
2030 2096 2042 2133 :
2078 2080 2141 2135 Si
2179 2083 2488 2149 conﬁtemur
2517 2082 2716 2136 delicta
2754 2088 2961 2145 nostra,
2988 2084 3161 2152 ﬁdelis
3205 2091 3255 2139 et
3276 2085 3462 2154 justus
3502 2093 3600 2148 est,
3630 2090 3691 2141 ut
3730 2088 3815 2142 di-

457 2173 643 2226 mittat
687 2185 748 2224 ea
792 2170 962 2231 nobis,
991 2174 1042 2222 et
1084 2169 1335 2222 emundct
1381 2184 1477 2223 nos
1521 2170 1589 2223 ab
1634 2172 1781 2225 omni
1822 2172 2140 2240 injust-itte;
2176 2174 2297 2225 tum
2343 2171 2543 2225 addit:
2576 2192 2603 2220 ‹‹
2654 2171 2923 2242 Nunquid
2975 2172 3044 2227 ab
3077 2173 3479 2229 immunditia?
3514 2179 3624 2229 Aut
3650 2177 3694 2229 si
3742 2177 3822 2231 ita

457 2266 559 2329 est,
591 2277 728 2331 ergo
771 2263 829 2314 et
856 2260 925 2313 ab
967 2257 1305 2313 idololatria.
1336 2280 1364 2308 »
1414 2258 1508 2313 His
1548 2259 1692 2314 adde
1721 2260 1873 2331 quod
1921 2276 1987 2314 ex
2026 2276 2150 2330 cap.
2179 2260 2378 2313 ultimo
2421 2275 2589 2329 supra
2635 2260 2934 2314 retulimus
2966 2278 2980 2316 :
3014 2282 3043 2310 «
3079 2261 3444 2334 Quaecunque
3491 2265 3819 2333 auctoritas,

455 2365 806 2422 quaecunque
837 2348 982 2403 ratio
1005 2347 1228 2401 mcecho
1258 2353 1315 2401 et
1342 2346 1671 2403 fornicatori
1703 2365 1907 2420 pacem
1937 2347 2372 2402 ecclesiasticam
2404 2346 2612 2416 reddit,
2637 2348 2838 2402 eadem
2869 2348 3094 2404 debebit
3118 2355 3175 2405 et
3201 2349 3515 2406 idololatria
3545 2358 3601 2408 et
3629 2352 3820 2408 homi-

455 2438 595 2493 cidis
620 2436 1028 2509 paenitentibus
1057 2435 1376 2491 subvenire.
1416 2458 1444 2485 ››

528 2526 639 2582 Sed
660 2525 866 2598 quibus
893 2528 1095 2580 notum
1126 2530 1182 2578 et
1209 2528 1627 2595 pertractatum
1651 2529 1738 2579 est
1761 2525 2091 2580 Tertulliani
2109 2524 2430 2596 ingenium,
2461 2525 2551 2579 his
2574 2525 2753 2580 facilis
2782 2527 2892 2581 erit
2913 2528 2970 2581 in
2999 2527 3154 2582 illius
3175 2529 3519 2583 sententiam
3541 2530 3821 2585 introitus.

453 2614 887 2672 Defendendum
912 2618 1238 2685 susceperat
1267 2615 1420 2687 quod
1452 2614 1509 2668 in
1535 2615 1993 2670 Montanistarum
2026 2630 2196 2668 causa
2224 2613 2471 2668 maxime
2504 2615 2722 2669 nudum
2766 2618 2823 2670 et
2850 2616 3303 2672 adversariorum
3347 2619 3472 2673 telis
3504 2620 3824 2690 expositum

458 2710 599 2762 erat.
630 2705 778 2759 Nihil
826 2702 980 2758 enim
1022 2703 1152 2759 huic
1180 2708 1348 2758 sectae
1399 2704 1673 2775 majorem
1720 2702 1988 2757 invidiam
2026 2701 2274 2771 creabat,
2305 2719 2479 2773 quam
2526 2704 2677 2774 quod
2723 2704 3034 2775 adulteros,
3071 2705 3444 2762 fornicatores
3489 2711 3546 2762 et
3575 2708 3828 2779 digamos

457 2794 598 2850 foris
641 2793 926 2860 sisterent,
959 2792 1117 2847 nulla
1167 2809 1267 2864 spe
1319 2792 1469 2863 pacis
1497 2809 1570 2847 ne
1620 2793 1677 2846 in
1709 2798 1966 2847 extremo
1997 2790 2233 2862 quidem
2261 2790 2464 2861 spiritu
2507 2792 2729 2847 relicta.
2764 2795 3151 2866 Quam’igitur
3177 2797 3324 2851 viam
3356 2797 3577 2851 insistet
3605 2798 3824 2851 Tertul-

459 2884 648 2938 lianus
687 2886 751 2937 ut
776 2898 836 2936 se
877 2898 945 2935 ex
994 2882 1235 2937 molesto
1283 2888 1339 2937 et
1369 2881 1587 2937 difficili
1615 2882 1740 2936 loco
1786 2879 2088 2950 expediat?
2116 2879 2326 2934 Statuit
2373 2880 2580 2952 duplex
2630 2899 2751 2937 esse
2786 2888 3150 2954 peccatorum
3201 2902 3401 2957 genus.
3434 2907 3461 2935 «
3494 2886 3615 2940 Alia
3663 2890 3831 2940 erunt

462 2971 843 3040 remissibilia,
891 2970 1078 3042 inquit
1121 2987 1242 3041 cap.
1271 2973 1326 3038 2,
1371 2971 1484 3024 alia
1526 2968 1953 3024 irremissibilia.
1986 2967 2309 3023 Secundum
2363 2970 2513 3040 quod
2565 2972 2779 3027 nemini
2826 2972 3068 3028 dubium
3108 2978 3193 3028 est
3237 2975 3343 3029 alia
3392 2975 3829 3047 castigationem

464 3062 691 3129 mereri,
722 3061 832 3116 alia
861 3060 1315 3115 damnationem.
1341 3061 1522 3115 Omne
1552 3060 1822 3115 delictum
1855 3064 1952 3113 aut
1982 3057 2150 3112 venia
2178 3057 2455 3130 expungit
2482 3061 2581 3112 aut
2611 3076 2776 3129 paena
2809 3077 2820 3114 :
2851 3060 3017 3115 venia
3045 3078 3114 3115 ex
3148 3062 3543 3133 castigatione,
3568 3080 3735 3133 paena
3762 3079 3831 3116 ex

466 3150 850 3205 damnatione.
885 3172 912 3199 »
942 3151 1131 3205 Utitur
1170 3149 1376 3204 deinde
1406 3149 1741 3204 auctoritate
1765 3147 1994 3203 Joannis
2025 3146 2286 3218 quaedam
2318 3150 2551 3217 peccata
2592 3165 2709 3202 non
2740 3147 2813 3202 ad
2838 3154 3079 3203 mortem
3113 3153 3167 3204 et
3195 3150 3455 3221 quaedam
3485 3152 3557 3205 ad
3585 3160 3829 3206 mortem

470 3238 892 3309 distinguentis.
925 3259 951 3285 «
997 3238 1321 3293 Secundum
1354 3239 1503 3293 hanc
1543 3236 1920 3293 differentiam
1963 3236 2321 3302 delictorum,
2352 3235 2559 3307 inquit,
2591 3236 2942 3307 pmnitentize
2987 3254 3215 3309 quoque
3260 3239 3509 3293 conditio
3550 3240 3833 3295 discrimi-

470 3332 663 3383 natur.
692 3329 810 3384 Alia
838 3326 947 3381 erit
980 3343 1107 3397 quae
1136 3327 1364 3382 veniam
1398 3327 1671 3399 consequi
1701 3328 1893 3400 possit,
1927 3326 1984 3379 in
2014 3325 2221 3379 delicto
2250 3324 2459 3379 scilicet
2493 3323 2853 3392 remissibili;
2883 3324 2995 3378 alia
3022 3342 3150 3395 qu
3180 3327 3449 3396 consequi
3478 3327 3634 3381 nullo
3664 3329 3833 3382 modo

470 3415 669 3487 possit,
698 3416 755 3469 in
800 3415 1008 3470 delicto
1041 3414 1255 3469 scilicet
1284 3414 1683 3470 irremissibili.
1722 3436 1748 3462 η
1783 3415 1895 3468 Hoc
1938 3413 2123 3483 posito
2164 3412 2465 3484 principio,
2496 3412 2746 3467 declarat
2770 3412 2875 3466 sibi
2919 3414 3275 3484 propositum
3307 3430 3427 3468 esse
3460 3436 3487 3464 α
3522 3416 3836 3486 specialiter

472 3505 541 3559 de
572 3504 829 3559 mcechize
859 3507 916 3558 et
942 3503 1341 3559 fornicationis
1372 3507 1518 3558 statu
1555 3504 1886 3558 examinare
1918 3502 1976 3555 in
2011 3517 2184 3572 quam
2222 3500 2560 3555 delictorum
2584 3503 2804 3570 partem
2838 3500 3085 3555 debeant
3111 3500 3313 3571 redigi.
3346 3523 3373 3551 »
3403 3502 3509 3558 Sed
3532 3503 3664 3573 quia
3689 3504 3834 3557 scie-

472 3590 571 3644 bat
594 3590 744 3644 hanc
771 3597 1136 3660 peccatorum
1170 3590 1595 3645 distinctionem
1627 3608 1659 3645 a
1689 3590 1990 3645 Catholicis
2020 3589 2202 3660 rejici,
2230 3589 2478 3644 breviter
2503 3606 2598 3643 eos
2629 3590 2969 3645 refcllendos
2991 3594 3171 3661 putat,
3199 3598 3503 3663 antequam
3532 3593 3836 3648 moecbiam

486 3678 549 3733 in
592 3677 832 3749 peccatis
876 3694 1172 3750 nunquam
1220 3678 1571 3733 dimittendis
1607 3679 1933 3734 habendam
1978 3695 2097 3733 esse
2130 3684 2347 3750 pugnet
2376 3696 2388 3731 :
2418 3699 2445 3728 ‹‹
2492 3675 2603 3731 Sed
2649 3676 2803 3747 prius
2847 3676 3126 3743 decidam,
3156 3677 3357 3749 inquit,
3392 3679 3840 3735 intercedentem

478 3784 548 3822 ex
588 3768 806 3823 diverso
834 3768 1262 3838 responsionem
1309 3767 1381 3823 ad
1414 3785 1539 3823 eam
1580 3767 1929 3839 paenitentiae
1961 3766 2236 3838 speciem,
2266 3783 2437 3836 quam
2478 3782 2606 3820 cum
2632 3766 2880 3821 maxime
2923 3766 3283 3821 deiinivimus
3326 3769 3485 3823 venia
3526 3786 3744 3824 carere.
3780 3770 3841 3825 Si

479 3856 660 3926 enim,
688 3856 978 3927 inquiunt,
1013 3856 1208 3927 aliqua
1237 3856 1566 3927 pcenitentia
1597 3863 1750 3911 caret
1775 3855 2094 3926 venia,jam
2128 3871 2231 3908 nec
2265 3855 2321 3909 in
2353 3860 2538 3910 totum
2568 3855 2788 3926 agenda
2817 3855 2917 3909 tibi
2946 3860 3049 3909 est.
3074 3856 3220 3911 Nihil
3251 3858 3404 3911 enim
3432 3858 3725 3928 agendum
3753 3866 3843 3912 est

476 3941 707 3996 frustra.
738 3943 908 3996 Porro
948 3941 1157 3996 frustra
1185 3945 1388 4012 agetur
1416 3942 1775 4012 poenitentia,
1806 3942 1853 3996 si
1895 3949 2047 3998 caret
2080 3942 2269 3997 venia.
2301 3943 2496 3998 Omnis
2538 3949 2731 3999 autem
2763 3944 3098 4015 paenitentia
3138 3945 3365 4016 agenda
3395 3949 3499 4000 est.
3535 3947 3679 4017 Ergo
3712 3965 3839 4001 om-

481 4032 571 4085 nis
599 4031 822 4086 veniam
850 4033 1254 4102 consequatur,
1287 4048 1358 4086 ne
1392 4032 1602 4087 frustra
1631 4037 1857 4104 agatur,
1885 4033 2017 4104 quia
2046 4048 2162 4086 non
2195 4033 2302 4086 erit
2335 4030 2577 4104 agenda,
2606 4029 2652 4083 si
2684 4029 2892 4083 frustra
2915 4036 3137 4099 agatur.
3174 4031 3343 4085 Porro
3370 4031 3581 4084 frustra
3615 4035 3842 4102 agetur,

485 4119 529 4173 si
576 4119 735 4173 venia
767 4118 1000 4173 carebit.
1035 4137 1062 4169 »
1110 4119 1224 4174 Hoc
1250 4120 1669 4176 Catholicorum
1712 4127 2116 4192 argumentum
2148 4138 2264 4176 non
2290 4121 2435 4177 belle
2477 4120 2682 4175 refellit
2710 4118 3088 4172 Tertullianus
3108 4135 3123 4185 ;
3157 4118 3254 4172 sed
3296 4124 3509 4186 tamen,
3539 4125 3846 4191 postquam

483 4208 621 4261 illud
653 4207 759 4261 sibi
789 4207 942 4261 visus
979 4212 1064 4262 est
1091 4207 1320 4278 optimis
1350 4207 1661 4263 rationibus
1687 4210 1977 4277 evertisse,
2005 4215 2127 4263 tum
2158 4226 2292 4264 vero
2335 4209 2496 4280 quasi
2533 4209 2713 4263 instar
2743 4205 3039 4260 certissimi
3070 4207 3331 4278 principii
3360 4215 3645 4264 constaret
3680 4227 3848 4282 quie—

485 4296 616 4348 dam
649 4299 881 4364 peccata
923 4309 1043 4347 esse
1070 4290 1499 4361 irremissibilia,
1533 4295 1589 4348 in
1624 4296 1683 4350 id
1716 4314 1895 4351 unum
1938 4297 2221 4352 incumbit
2260 4302 2321 4352 ut
2366 4298 2664 4351 moechiam
2697 4299 2751 4350 et
2792 4294 3227 4350 fornicationem
3260 4312 3325 4350 ex
3369 4314 3435 4352 eo
3467 4314 3677 4369 genere
3720 4315 3847 4354 esse

484 4384 853 4437 demonstret.
883 4384 1067 4447 Quare
1102 4398 1233 4436 cum
1267 4382 1346 4436 ait
1383 4399 1395 4437 :
1441 4405 1467 4432 ‹‹
1504 4384 1880 4441 Idololatriam
1929 4386 2164 4459 quidem
2193 4392 2244 4440 et
2291 4384 2663 4440 homicidium
2692 4383 2865 4437 semel
2896 4382 3157 4449 damnas,
3192 4405 3217 4430 ι)
3253 4400 3361 4437 non
3391 4385 3708 4439 Catholicos
3747 4402 3845 4440 ar-

490 4471 634 4542 guit,
661 4471 826 4542 quasi
862 4486 1061 4541 pacem
1092 4469 1181 4523 his
1224 4472 1466 4540 peccatis
1494 4486 1626 4525 vere
1658 4471 1946 4545 denegent
1972 4480 2028 4529 et
2065 4490 2193 4528 cum
2236 4474 2507 4529 adulteris
2532 4472 2822 4527 liberalius
2862 4474 3071 4541 agant;
3102 4471 3199 4525 sed
3232 4478 3397 4543 urget
3437 4472 3851 4541 adversarium,

491 4575 658 4629 quem
686 4559 793 4614 sibi
832 4559 984 4612 visus
1016 4564 1100 4612 est
1123 4559 1360 4628 fregisse
1390 4564 1448 4613 et
1478 4559 1725 4631 coegisse
1754 4567 1815 4615 ut
1841 4568 2075 4633 peccata
2112 4563 2370 4633 quasdam
2400 4562 2676 4633 graviora,
2706 4563 2769 4613 ut
2798 4559 3194 4626 idololatriam,
3228 4560 3623 4628 homicidium,
3656 4562 3849 4616 haere-

490 4650 596 4704 sim
644 4654 769 4719 post
809 4654 1128 4719 susceptam
1156 4649 1351 4713 iidem,
1386 4648 1595 4703 dimitti
1638 4665 1749 4704 non
1782 4650 1996 4707 debere
2036 4653 2328 4706 fateretur.
2359 4652 2516 4706 Unde
2551 4649 2929 4705 Tertullianus
2969 4649 3396 4702 accommodate
3427 4649 3497 4702 ad
3526 4649 3850 4704 institutam

488 4744 854 4809 peccatorum
884 4738 1244 4802 divisionem,
1277 4738 1572 4791 contendit
1596 4738 1956 4803 adulterium,
1998 4746 2059 4796 ut
2099 4741 2408 4795 homicidio
2434 4743 2491 4794 et
2516 4736 2846 4792 idololatriae
2876 4735 3120 4789 finitime
3157 4734 3424 4804 vicinum,
3455 4752 3488 4790 a
3526 4752 3624 4807 spe
3663 4737 3855 4792 veniae

486 4826 905 4884 excludendum
929 4844 944 4895 ;
979 4833 1077 4881 aut
1107 4827 1151 4880 si
1178 4826 1364 4880 lenius
1394 4832 1596 4897 agatur
1629 4843 1758 4881 cum
1787 4830 2040 4896 moechis,
2069 4828 2382 4883 homicidas
2412 4833 2468 4883 et
2494 4825 2819 4880 idololatras
2862 4823 3058 4877 eodem
3083 4823 3213 4893 jure
3242 4838 3363 4877 esse
3389 4823 3615 4878 debere.
3650 4827 3724 4880 Ex
3759 4825 3857 4879 his

493 4918 715 4972 elucere
757 4915 1001 4970 arbitror
1043 4914 1448 4986 penitentibus
1490 4915 1546 4969 in
1575 4916 1763 4969 Africa
1796 4918 2061 4972 eamdem
2089 4934 2155 4972 ac
2193 4917 2249 4971 in
2292 4916 2414 4971 aliis
2456 4913 2702 4970 ecclesiis
2743 4911 3156 4966 humanitatem
3203 4912 3486 4981 patuisse;
3515 4912 3727 4967 nedum
3778 4929 3859 4967 ex

492 5004 579 5059 his
619 5004 951 5061 Tertulliani
991 5004 1333 5060 testimoniis
1373 5005 1642 5075 colligere
1681 5005 1865 5074 liceat,
1902 5009 1963 5060 ut
2004 5004 2313 5061 doctissimi
2353 5003 2458 5058 viri
2490 5003 2695 5072 fecere,
2730 5000 2867 5055 alias
2911 4998 3080 5053 etiam
3119 4998 3382 5054 ecclesias
3424 5001 3669 5055 severius
3716 5016 3858 5055 cum

490 5096 664 5166 lapsis
694 5096 899 5167 egisse.

494 5304 554 5359 X.
589 5334 657 5345 —
687 5319 867 5360 UTRUM
919 5316 1069 5358 NOVA
1119 5316 1214 5357 SUB
1253 5315 1301 5356 S.
1345 5315 1609 5357 CYPRIANO
1664 5317 1891 5359 INDUCTA
1928 5317 2010 5357 SIT
2057 5313 2378 5364 DISCIPLINA,
2418 5315 2483 5353 AC
2532 5311 2775 5353 PRISTINA
2814 5308 3098 5349 SEVERITAS
3136 5310 3189 5351 ΙΝ
3235 5309 3399 5350 SOLOS
3446 5311 3753 5352 APOSTATAS
3796 5312 3870 5353 ΕΤ

1844 5404 2179 5447 DESER‘I‘ORBS
2217 5403 2455 5445 uernum
2476 5385 2506 5441 ?

572 5543 892 5607 Illustratis,
925 5548 987 5599 ut
1013 5543 1327 5616 potuimus,
1355 5543 1689 5599 Tertulliani
1718 5542 2082 5609 testimoniis,
2108 5541 2330 5597 facilior
2354 5539 2463 5596 erit
2491 5542 2548 5595 et
2576 5536 2816 5594 solutior
2846 5537 3207 5608 investigatio
3224 5537 3523 5592 sententiae
3550 5538 3868 5610 Cypriani:

497 5635 694 5689 fucum
726 5633 883 5689 enim
914 5632 1172 5704 pluribus
1192 5632 1403 5688 fecerat
1430 5631 1831 5699 Tertullianus,
1860 5633 1922 5685 ut
1948 5634 2008 5685 et
2030 5629 2299 5701 Cypriani
2328 5644 2559 5684 sensum
2585 5644 2703 5683 non
2728 5628 2874 5684 belle
2899 5627 3238 5698 acciperent.
3266 5626 3397 5681 Tria
3424 5629 3617 5682 autem
3649 5630 3877 5684 exami-

498 5723 689 5780 nanda
714 5726 1018 5779 occurrunt
1047 5740 1060 5777 :
1086 5726 1143 5777 4°
1165 5739 1239 5779 an
1274 5722 1571 5794 disciplina
1590 5722 1695 5779 sub
1718 5721 1996 5793 Cypriane
2035 5719 2367 5791 demitigata
2394 5718 2590 5787 fuerit,
2622 5717 2861 5788 pristina
2881 5716 3179 5773 severitate
3218 5717 3279 5772 in
3305 5716 3458 5773 solos
3480 5720 3771 5790 apostatas
3808 5724 3877 5775 et

500 5812 818 5869 desertores
847 5810 1125 5886 53-54
1156 5813 1419 5880 retenta;
1448 5814 1506 5866 2°
1530 5826 1602 5865 an
1623 5808 1790 5883 lapsis
1810 5808 1869 5865 in
1893 5808 2134 5865 decursu
2158 5807 2512 5881 poenitentiae
2539 5806 2913 5864 morientibus
2937 5809 3146 5878 negata
3163 5821 3270 5878 pax
3290 5805 3483 5877 fuerit,
3506 5804 3613 5863 nisi
3632 5805 3878 5865 libellos
