4084 6208
269 242 336 292 53
1780 239 2143 294 ΡΒΕΡΑΤΙΟ.
3570 252 3635 303 5.3,

256 381 285 415 a
316 363 667 432 martyribus
695 364 1072 433 accepissent;
1097 365 1155 416 3°
1183 378 1389 415 annon
1422 364 1627 416 saltem
1658 364 1987 433 poenitentia
2026 365 2113 419 his
2150 366 2248 435 qui
2292 368 2749 423 sacriﬁcaverant
2780 387 2955 440 usque
2982 372 3051 424 ad
3093 375 3339 426 mortem
3371 373 3633 444 imposita

255 453 446 518 fuerit,
480 469 584 505 nec
613 452 944 505 communio
979 452 1085 505 nisi
1118 452 1175 504 in
1210 452 1405 504 mortis
1433 452 1670 506 articulo
1705 469 1984 508 concessa.

326 579 499 642 Quod
539 582 753 647 spectat
787 577 859 629 ad
889 576 1202 645 disciplinae
1239 576 1724 642 immutationem,
1764 578 2043 632 existimat
2071 580 2476 649 Albaspinaeus,
2516 581 2611 634 lib.
2654 598 2687 634 ιι
2732 582 3031 646 Οὸςρνυίιεη
3062 586 3391 640 idololatria:
3420 593 3476 642 et
3506 590 3631 643 aliis

255 666 613 738 gravissimis
643 665 975 719 criminibus
1008 680 1199 734 pacem
1231 664 1332 717 sub
1360 665 1643 735 Cypriano
1672 667 1904 720 concedi
1932 669 2183 737 coepisse,
2216 670 2292 723 ita
2326 674 2517 723 tamen
2555 676 2617 723 ut
2642 672 2909 725 adversus
2938 678 3217 743 apostatas
3240 682 3296 729 et
3316 676 3630 733 desertores

249 758 493 827 antiqua
530 756 793 809 severitas
835 754 1075 823 vigeret.
1114 754 1235 807 Non
1284 753 1462 806 solum
1507 754 1838 808 Tertulliani
1880 758 2220 810 testimoniis
2260 758 2458 812 nititur
2498 760 2852 813 doctissimus
2881 762 3194 831 episcopus,
3224 781 3421 819 verum
3460 768 3626 822 etiam

249 845 583 915 argumenti
616 845 737 898 loco
769 843 943 896 sumit
976 841 1127 911 quod
1159 858 1260 894 nec
1287 841 1602 911 Cyprianus
1628 858 1729 895 nec
1758 843 1954 899 Clerus
1990 845 2275 899 Romanus
2304 847 2375 901 de
2400 848 2567 918 lapsis
2596 849 2903 919 quidquam
2936 854 3184 905 statuere
3227 855 3343 907 ausi
3372 855 3501 921 sint,
3529 858 3625 911 sed

249 934 483 988 concilii
527 932 917 987 auctoritatem
951 932 1435 1001 exspectaverint;
1479 936 1600 985 tum
1631 932 1801 986 etiam
1843 933 1992 1002 quod
2032 934 2346 1003 Cyprianus
2375 936 2529 989 dicat
2568 953 2625 990 se
2658 958 2684 985 ‹‹
2720 939 3043 993 necessitati
3075 944 3398 1011 temporum
3429 960 3622 997 succu-

246 1025 461 1091 buisse,
500 1048 526 1071 n
556 1030 609 1076 et
640 1022 833 1075 nimim
872 1020 1219 1074 remissionis
1262 1020 1638 1089 suspicionem
1679 1020 2031 1087 reformidet,
2071 1023 2202 1092 quia
2231 1024 2370 1077 «his
2413 1024 2510 1094 qui
2548 1025 2751 1079 libellis
2791 1028 3195 1082 conscientiam
3236 1046 3397 1083 suam
3445 1048 3629 1085 maeu-

244 1112 518 1175 laVerint,
552 1111 635 1165 vel
678 1110 916 1163 nefanda
965 1108 1239 1163 sacriﬁcia
1284 1108 1693 1174 commiserint,
1739 1109 2039 1163 laxandam
2094 1128 2291 1180 pacem
2337 1118 2628 1181 putaverat
2673 1115 2865 1183 (Epist.
2916 1133 3003 1181 l.ll,
3050 1134 3179 1187 pag.
3227 1120 3337 1187 67).
3392 1139 3417 1169 ι)
3468 1121 3627 1176 Unde

245 1200 555 1255 contendit
598 1198 985 1268 AlbaSpinzeus
1034 1214 1148 1251 non
1194 1202 1307 1250 tam
1353 1197 1577 1250 anxiam
1626 1198 1795 1267 hujus
1834 1197 1915 1251 rei
1958 1198 2425 1253 deliberationem
2464 1202 2715 1255 futuram
2753 1204 2943 1270 fuisse,
2974 1205 3017 1257 si
3048 1222 3323 1260 concessa:
3371 1208 3522 1277 pacis
3568 1209 3624 1262 in

245 1288 647 1360 superioribus
692 1286 1190 1357 persecutionibus
1232 1287 1491 1356 exempla
1522 1286 1970 1356 prmcessissent;
2003 1304 2106 1340 nec
2140 1289 2578 1342 commissurum
2612 1290 2779 1345 fuisse
2820 1293 3191 1363 Cyprianum,
3222 1300 3284 1349 ut
3309 1298 3463 1367 quod
3500 1315 3621 1352 ma-

238 1380 443 1450 jorum
474 1377 803 1430 auctoritate
828 1377 1168 1443 ﬁrmaretur,
1197 1376 1255 1429 id
1292 1393 1323 1428 a
1347 1392 1403 1429 se
1432 1376 1687 1429 laxatum
1723 1376 1959 1429 diceret.
2004 1377 2123 1429 Non
2166 1377 2439 1431 absimilis
2487 1379 2696 1431 Petavii
2735 1382 3042 1449 sententia,
3072 1388 3133 1437 ut
3164 1400 3333 1454 supra
3362 1386 3625 1441 vidimus.

248 1469 367 1523 Sed
399 1467 694 1521 eruditum
727 1466 1059 1536 scriptorem
1088 1465 1458 1536 prtejudicata
1498 1482 1563 1520 ex
1594 1466 1917 1520 Tertulliani
1946 1465 2285 1519 testimoniis
2311 1466 2502 1536 Opinio
2540 1468 2595 1520 in
2635 1484 2884 1523 errorem
2916 1470 3136 1524 induxit
3168 1489 3180 1525 :
3210 1474 3429 1528 nullum
3469 1476 3624 1529 enim

251 1559 362 1612 hac
393 1558 451 1610 in
496 1574 554 1610 re
599 1554 900 1625 vestigium
937 1555 1195 1608 novitatis
1232 1555 1382 1624 apud
1417 1555 1787 1626 Cyprianum,
1830 1571 1939 1624 quo
1981 1570 2152 1608 nemo
2199 1554 2403 1607 veteris
2447 1554 2757 1625 disciplinae
2799 1558 3010 1611 exstitit
3035 1559 3388 1616 retinentior.
3424 1564 3628 1618 Obser-

250 1652 345 1701 vat
375 1648 593 1716 Martyr
639 1646 694 1698 in
733 1646 830 1715 Ep.
863 1662 927 1697 ιιι
960 1645 1037 1715 (ρ.
1071 1645 1159 1712 62)
1198 1644 1473 1715 quosdam
1512 1661 1578 1698 ex
1606 1644 1720 1697 suis
1763 1643 2208 1698 antecessoribus
2246 1659 2445 1712 pacem
2488 1645 2758 1699 adulteris
2810 1646 3141 1717 denegasse,
3192 1654 3250 1702 et
3293 1672 3319 1697 ‹‹
3356 1651 3413 1704 in
3443 1656 3627 1706 totum

248 1737 618 1807 poenitentia:
653 1737 839 1788 locum
872 1754 899 1783 »
928 1734 1191 1788 clausisse
1225 1751 1237 1787 :
1271 1734 1371 1787 sed
1400 1734 1531 1787 satis
1560 1732 1777 1787 indicat
1814 1733 1960 1785 hanc
2000 1732 2191 1801 legem
2223 1737 2278 1785 et
2305 1748 2337 1784 a
2365 1732 2555 1801 paucis
2594 1734 2871 1804 episcopis
2897 1735 3069 1788 ﬁxam
3100 1735 3287 1805 fuisse,
3326 1742 3457 1792 ante
3487 1756 3631 1809 quos

249 1826 415 1879 nulla
452 1826 776 1891 exstiterat;
813 1827 871 1876 et
912 1840 1013 1875 sua
1050 1828 1215 1876 aetate
1241 1824 1363 1893 jam
1401 1822 1631 1875 reﬁxam
1666 1825 1721 1875 et
1748 1821 2081 1891 abrogatam
2113 1837 2252 1875 esse.
2288 1822 2393 1874 Nec
2421 1822 2541 1891 ipse
2573 1840 2677 1876 nec
2705 1823 3009 1894 quisquam
3039 1826 3181 1879 alius
3206 1828 3265 1881 in
3290 1828 3476 1883 Africa
3504 1846 3629 1883 me-

249 1915 511 1968 minerat
541 1930 697 1983 spem
738 1912 894 1983 pacis
936 1912 1025 1964 his
1069 1910 1162 1983 qui
1207 1912 1262 1965 in
1295 1911 1673 1981 superioribus
1719 1910 2209 1980 persecutionibus
2249 1910 2586 1977 ceciderant,
2622 1913 2953 1981 praeclusam
2994 1914 3227 1969 omnino
3261 1916 3451 1969 fuisse.
3486 1918 3630 1971 Cum

250 2003 498 2073 quidam
530 2001 845 2071 presbyteri
877 2001 1049 2070 lapsis
1094 2002 1560 2054 communionem
1602 2006 1730 2053 ante
1759 2004 1941 2052 actam
1987 1998 2376 2067 paenitentiam
2409 2000 2720 2067 dedissent,
2751 2018 2949 2056 eorum
2986 2004 3201 2058 facinus
3234 2010 3519 2060 aversatus
3549 2012 3635 2061 est

249 2095 604 2163 Cyprianus,
640 2106 859 2159 eosque
894 2094 1085 2143 contra
1115 2089 1485 2159 Evangelium
1512 2089 1730 2142 venisse
1762 2087 2066 2141 declaravit
2095 2104 2108 2140 :
2141 2088 2235 2141 sed
2266 2087 2321 2140 in
2351 2088 2460 2141 hoc
2490 2092 2709 2143 tantum
2739 2107 2835 2144 eos
2864 2092 3148 2162 vituperat
3173 2095 3329 2165 quod
3358 2096 3413 2150 id
3445 2118 3473 2146 ‹‹
3502 2099 3633 2151 ante

252 2189 449 2234 actam
507 2179 904 2250 pce-nitentium
937 2200 963 2225 n
998 2178 1423 2244 concessissent,
1461 2200 1487 2227 «
1532 2176 1759 2248 quando
1806 2180 2062 2246 Oporteat
2091 2177 2161 2229 ad
2203 2176 2327 2230 here
2368 2193 2471 2246 per
2514 2178 2770 2232 ordinem
2818 2181 3135 2250 pervenire.
3182 2204 3207 2229 ››
3257 2186 3318 2239 ln
3369 2185 3634 2239 omnibus

250 2269 519 2339 epistolis
550 2285 693 2337 quas
722 2267 946 2338 scripsit
976 2267 1032 2319 in
1062 2283 1228 2319 causa
1262 2267 1549 2337 lapsorum
1581 2269 1638 2319 et
1676 2266 1732 2319 in
1765 2264 1911 2318 libro
1944 2265 2007 2318 de
2046 2266 2213 2334 lapsis
2250 2264 2389 2318 nihil
2423 2281 2651 2335 prorsus
2679 2268 2929 2337 reperias
2954 2286 3065 2339 quo
3106 2270 3247 2341 lapsi
3288 2272 3356 2326 de
3400 2290 3539 2342 pace
3572 2274 3632 2326 in

251 2360 501 2413 dubium
542 2364 843 2425 vocentur,
895 2357 1061 2410 modo
1103 2372 1299 2426 parem
1342 2356 1583 2425 peccatis
1632 2354 2024 2425 paenitentiam
2071 2359 2273 2423 agant;
2316 2354 2413 2407 sed
2458 2356 2767 2426 Cyprianus
2811 2356 2987 2411 instar
3028 2359 3293 2430 principii
3335 2362 3634 2417 certissimi

254 2448 445 2517 ponit,
488 2449 666 2500 Deum
702 2468 725 2494 u
760 2445 1083 2516 poenitenti,
1119 2445 1400 2514 operanti,
1434 2444 1656 2514 roganti
1692 2459 1850 2512 posse
1883 2443 2192 2497 clementer
2234 2443 2548 2513 ignoscere,
2590 2462 2750 2514 posse
2780 2445 2837 2499 in
2871 2452 3164 2517 acceptum
3209 2450 3425 2504 referre
3465 2452 3629 2522 quid-

252 2536 395 2605 quid
444 2552 547 2605 pro
592 2533 797 2588 talibus
830 2540 886 2588 et
914 2533 1182 2604 petierint
1220 2537 1505 2603 martyres
1536 2538 1590 2587 et
1619 2531 1862 2585 fecerint
1897 2531 2214 2585 sacerdotes
2253 2532 2331 2602 (p.
2370 2534 2512 2602 193).
2542 2555 2569 2581 ››
2606 2536 2875 2588 Hortatur
2912 2535 2968 2590 in
3000 2538 3196 2592 eodem
3224 2538 3371 2593 libro
3398 2542 3471 2609 (p.
3511 2540 3631 2610 190)

256 2650 282 2671 «ί
324 2632 383 2678 ut
416 2624 817 2678 conﬁteantur
848 2623 1058 2692 singuli
1092 2622 1356 2675 delictum
1398 2638 1559 2675 suum
1599 2622 1732 2675 dum
1764 2620 2069 2674 satisfactio
2102 2624 2159 2673 et
2198 2622 2453 2675 remissio
2494 2623 2639 2676 facta
2676 2640 2776 2693 per
2814 2625 3131 2680 sacerdotes
3164 2633 3323 2697 grata
3352 2632 3456 2682 est.
3494 2651 3520 2677 ››
3546 2630 3635 2683 Sic

252 2716 435 2768 etiam
470 2714 670 2770 Clerus
704 2714 998 2765 Romanus
1039 2711 1119 2780 (in
1166 2712 1341 2781 Epist.
1387 2711 1539 2765 inter
1582 2710 1941 2781 Cyprianicas
1980 2714 2121 2776 xxxx)
2168 2715 2227 2763 ut
2261 2712 2466 2765 merito
2498 2712 2734 2781 castigat
2762 2736 2789 2760 ι(
2824 2720 3127 2783 properata
3170 2717 3339 2771 nimis
3379 2719 3634 2773 remedia

252 2804 739 2857 communiouum
781 2802 981 2871 utique
1015 2816 1129 2853 non
1169 2800 1482 2871 profutura,
1510 2821 1537 2849 ››
1570 2800 1647 2854 ita
1680 2800 1737 2853 in
1777 2799 1949 2869 lapsis
1985 2799 2327 2854 desiderium
2370 2801 2521 2871 pacis
2552 2818 2668 2855 non
2700 2802 3007 2873 improbat,
3037 2806 3211 2860 modo
3244 2808 3468 2877 pulsent
3496 2824 3634 2863 sane

248 2896 424 2957 fores,
458 2894 556 2947 sed
593 2909 705 2945 non
737 2891 936 2961 utique
968 2889 1355 2959 confringant,
1385 2893 1439 2942 et
1464 2889 1668 2943 adeant
1695 2888 1767 2942 ad
1794 2888 1975 2943 limen
2007 2889 2286 2957 Ecclesiae,
2316 2889 2413 2942 sed
2442 2906 2556 2943 non
2588 2890 2787 2960 utique
2819 2892 3147 2947 transiliant.
3181 2895 3433 2949 Notanda
3464 2896 3634 2950 etiam

250 2985 373 3037 haec
409 2982 587 3034 verba
616 2999 627 3033 :
662 3002 689 3029 ‹‹
720 2980 960 3034 Multum
993 2978 1102 3031 illis
1133 2977 1394 3047 proﬁciet
1421 2977 1619 3047 petitio
1652 2977 1930 3043 modesta,
1963 2977 2277 3047 postulatio
2308 2978 2645 3046 verecunda,
2681 2980 2972 3034 humilitas
3000 2983 3329 3050 necessaria,
3362 2985 3634 3054 patientia

251 3090 369 3125 non
400 3072 604 3126 otiosa.
638 3090 665 3118 ››
698 3070 811 3123 Mos
839 3072 958 3121 erat
990 3067 1045 3119 in
1080 3066 1321 3120 Ecclesia
1360 3066 1758 3135 perantiquus,
1794 3070 1855 3119 ut
1882 3072 2194 3137 martyrum
2238 3067 2663 3121 commendatio
2694 3068 2766 3122 ad
2796 3070 3244 3125 contrahendum
3285 3073 3633 3143 poenitentiae

251 3160 429 3229 lapsis
463 3157 745 3227 impositas
772 3160 999 3222 tempus
1028 3154 1231 3207 valeret
1264 3176 1273 3205 :
1309 3156 1508 3206 testem
1537 3153 1705 3222 hujus
1740 3154 1818 3207 rei
1847 3153 2123 3207 habemus
2151 3156 2558 3209 Tertullianum
2589 3154 2645 3207 in
2677 3155 2820 3209 libro
2858 3158 2933 3210 ad
2978 3160 3245 3225 Martyres
3282 3164 3339 3213 et
3382 3160 3438 3213 in
3481 3161 3628 3215 libro

249 3250 317 3301 de
354 3246 659 3301 Pudicitia.
707 3244 839 3296 Hinc
874 3243 1045 3295 etiam
1083 3242 1397 3311 Cyprianus
1432 3257 1443 3293 :
1482 3262 1509 3288 ‹‹
1545 3243 1605 3295 In
1647 3242 2003 3311 praeteritum
2036 3258 2280 3313 semper,
2316 3244 2503 3315 inquit
2541 3247 2642 3315 Ep.
2686 3261 2757 3311 x1,
2793 3246 2895 3299 sub
2936 3250 3387 3302 antecessoribus
3427 3249 3632 3303 nostris

250 3339 471 3391 factum
521 3340 626 3401 est,
680 3340 737 3386 ut
782 3332 998 3386 diaconi
1046 3331 1119 3383 ad
1172 3347 1455 3384 carcerem
1507 3334 1896 3384 commeantes
1945 3336 2262 3401 martyrum
2314 3332 2597 3387 desideria
2642 3334 2891 3387 consiliis
2942 3335 3058 3389 suis
3111 3342 3165 3390 et
3210 3338 3629 3407 Scripturarum

251 3424 563 3496 prmceptis
609 3422 1011 3492 gubernarent.
1060 3440 1086 3468 ››
1136 3421 1230 3473 llis
1276 3419 1407 3471 addi
1452 3423 1637 3489 potest
1683 3426 2035 3474 memoratus
2075 3437 2107 3471 a
2153 3420 2433 3492 Cypriano
2486 3422 2543 3475 in
2591 3424 2730 3492 Epp.
2784 3439 2871 3491 ιιι,
2924 3440 3083 3491 van,
3134 3442 3315 3491 vaul,
3371 3427 3629 3481 omnium

250 3515 636 3569 Ecclesiarum
670 3528 974 3565 consensus
1002 3510 1059 3563 in
1082 3508 1393 3563 refellendo
1425 3508 1756 3575 Novatiano,
1790 3524 1963 3579 quem
1992 3524 2181 3577 prava:
2209 3509 2468 3563 novitatis
2499 3509 2728 3579 propria
2759 3528 2959 3565 manus
2988 3513 3265 3583 arguebat
3292 3531 3304 3568 :
3330 3515 3630 3585 scripserat

247 3606 432 3669 enim,
470 3608 532 3656 ut
563 3606 798 3655 testatur
822 3600 1133 3670 Cyprianus
1165 3599 1337 3668 Epist.
1379 3614 1469 3664 1.11,
1509 3602 1563 3651 et
1603 3614 1734 3651 voce
1775 3614 1875 3651 sua
1915 3597 2249 3652 recitaverat
2282 3598 2496 3651 litteras
2537 3598 2680 3652 Cleri
2724 3600 2982 3666 Romani,
3026 3600 3084 3654 in
3116 3602 3318 3671 quibus
3345 3607 3468 3657 erat
3508 3622 3535 3655 «
3571 3609 3629 3657 ut

242 3695 422 3764 lapsis
468 3690 709 3745 infirmis
749 3695 806 3744 et
851 3689 907 3742 in
951 3688 1103 3742 exitu
1150 3687 1469 3741 constitutis
1512 3703 1617 3757 pax
1664 3685 1940 3739 daretur:
1976 3707 2004 3734 ››
2037 3686 2415 3741 Ecclesiarum
2458 3701 2767 3740 consensus
2814 3688 2871 3741 in
2915 3688 3235 3758 rejiciendis
3272 3690 3627 3746 Montanistis

246 3783 472 3854 pariter
497 3780 801 3833 enituerat.

322 3905 495 3970 Quod
524 3896 663 3975 ergo
689 3904 1037 3973 Cyprianum
1065 3908 1121 3957 et
1150 3903 1373 3957 Clerum
1414 3903 1733 3957 Romanum
1773 3898 2009 3956 adduxit
2041 3903 2104 3954 ut
2144 3916 2263 3954 rem
2292 3901 2358 3955 ad
2404 3900 2709 3956 concilium
2754 3902 3042 3975 integram
3078 3909 3383 3971 servarent,
3412 3921 3526 3959 non
3566 3922 3630 3960 ea

248 4002 359 4055 fuit
390 3998 592 4069 Opinio
620 4012 748 4066 quae
776 3994 884 4047 illis
912 3991 1259 4057 attribuitur,
1292 3990 1387 4043 sed
1419 3989 1571 4059 quod
1604 3987 1814 4041 viribus
1844 3989 1956 4041 suis
1988 3988 2315 4043 difﬁderent
2340 3988 2396 4043 in
2425 3991 2703 4060 ejusmodi
2734 4008 2914 4059 causa,
2944 4009 3091 4062 quze,
3120 3998 3183 4047 ut
3210 3993 3289 4047 ait
3315 3993 3629 4064 Cyprianus

247 4093 345 4161 Ep,
384 4104 502 4151 χιν,
537 4107 564 4133 ι(
594 4101 703 4138 non
736 4097 1065 4153 paucorum,
1104 4096 1205 4133 nec
1233 4078 1490 4132 Ecclesiae
1524 4078 1690 4131 unius
1724 4084 1820 4131 aut
1864 4078 2029 4131 unius
2076 4078 2401 4147 provincias,
2434 4080 2531 4133 sed
2561 4080 2730 4134 totius
2763 4081 2915 4134 orbis
2947 4097 3115 4135 causa
3144 4088 3285 4135 erat.
3331 4105 3357 4133 ››
3409 4084 3628 4138 Exami-

244 4181 457 4235 nandze
502 4181 665 4232 erant
692 4190 873 4229 causa:
907 4177 961 4227 et
987 4172 1307 4225 voluntates
1352 4169 1727 4240 singulorum,
1773 4173 1827 4223 et
1871 4170 2012 4223 varii
2054 4172 2410 4239 peccatorum
2454 4170 2659 4239 gradus
2702 4169 2815 4222 suis
2852 4170 3062 4241 quique
3101 4170 3345 4224 modulis
3394 4171 3611 4240 ponde-

248 4269 446 4335 randi;
501 4266 652 4336 quod
696 4279 932 4317 examen
981 4277 1209 4331 prorsus
1254 4259 1449 4313 inutile
1483 4260 1699 4326 fuisset,
1735 4260 1778 4311 si
1806 4262 2084 4329 quotquot
2132 4256 2598 4319 sacrificaverant,
2648 4259 2803 4311 nullo
2851 4258 3180 4313 discrimine
3228 4259 3435 4313 exclusi
3464 4276 3495 4312 a
3524 4276 3621 4329 spe

244 4358 432 4411 veniae
463 4355 720 4408 fuissent.
751 4352 955 4405 Deinde
986 4365 1119 4403 vero
1154 4350 1209 4401 in
1243 4350 1633 4419 persecutione
1674 4348 1822 4401 Decii
1855 4349 2046 4401 tantus
2082 4346 2297 4401 exstitit
2336 4349 2626 4417 lapsorum
2666 4365 2963 4414 numerus,
2998 4366 3059 4402 ac
3105 4354 3323 4403 tantum
3368 4349 3619 4403 dedecus

244 4444 475 4500 nomini
518 4441 837 4496 Christiano
883 4440 1157 4501 inussere,
1204 4437 1321 4507 qui,
1364 4442 1427 4490 ut
1470 4438 1549 4490 ait
1579 4436 1889 4507 Cyprianus
1936 4436 1992 4490 in
2033 4435 2175 4489 libro
2217 4436 2280 4489 de
2329 4437 2516 4506 Lapsis
2562 4438 2637 4507 (p.
2693 4438 2812 4506 183)
2864 4437 2934 4491 ad
2983 4437 3165 4508 prima
3208 4438 3398 4492 statim
3454 4438 3622 4493 verba

243 4533 526 4589 minantis
567 4530 787 4584 inimici
830 4528 999 4581 ﬁdem
1041 4542 1201 4580 suam
1244 4525 1643 4597 prodiderunt,
1684 4543 1748 4579 ac
1790 4527 1935 4579 ultro
1982 4526 2050 4579 ad
2090 4525 2281 4579 forum
2324 4541 2647 4589 cucurrere,
2688 4541 2860 4595 seque
2902 4526 3279 4579 hortamentis
3320 4527 3532 4580 mutuis
3562 4527 3622 4580 iu

246 4624 498 4678 exitium
566 4620 940 4690 impulerunt,
984 4622 1043 4671 ut
1087 4633 1197 4670 non
1241 4616 1528 4669 immerito
1578 4614 1884 4669 deliberari
1923 4614 2175 4684 potuerit
2213 4632 2283 4667 an
2321 4630 2435 4667 non
2476 4613 2724 4667 severius
2770 4614 2981 4685 aliquid
3026 4630 3195 4685 quam
3242 4615 3298 4667 in
3345 4615 3625 4685 prioribus

238 4709 763 4785 persecutionibus,
797 4708 853 4761 in
881 4705 1161 4777 ejusmodi
1204 4703 1467 4759 homines
1498 4706 1861 4756 statueretur.
1894 4702 2001 4757 Sed
2033 4708 2221 4755 tamen
2254 4703 2518 4755 videntur
2546 4702 2601 4755 in
2634 4704 2874 4756 concilio
2904 4703 3335 4773 Carthaginensi
3372 4703 3620 4755 lenitatis

240 4804 443 4873 potius
482 4816 657 4870 quam
701 4797 1014 4851 severitatis
1044 4794 1307 4864 exempla
1338 4793 1662 4847 constituta.
1706 4793 1868 4858 Nam,
1903 4798 1965 4845 ut
1996 4791 2164 4844 modo
2198 4791 2530 4857 videbimus,
2572 4791 2872 4843 Libellatici
2922 4792 3017 4861 qui
3055 4792 3178 4860 jam
3230 4790 3620 4861 paenitentiam

238 4893 521 4962 egerant,
569 4887 627 4941 in
676 4888 794 4956 ipso
838 4884 1072 4939 concilio
1121 4882 1354 4936 admissi
1404 4888 1535 4934 sunt
1568 4898 1579 4934 :
1611 4880 1930 4933 sacriticatis
1959 4883 2147 4932 autem
2203 4880 2368 4950 plena
2418 4878 2815 4949 paenitentiam
2869 4879 3153 4949 imposita,
3188 4879 3262 4931 sic
3314 4883 3507 4933 tamen
3563 4884 3623 4933 ut

235 4995 391 5050 pace
424 4993 543 5030 non
573 4975 1046 5029 defraudarentur
1075 4972 1122 5025 si
1151 4976 1281 5025 ante
1311 4973 1577 5023 exactum
1620 4968 1971 5038 pmnitentias
2012 4974 2236 5037 tempus
2283 4969 2337 5021 in
2386 4968 2764 5037 periculosum
2799 4967 3061 5021 morbum
3102 4967 3440 5022 inciderent.
3475 4968 3623 5022 Nihil

236 5070 485 5139 poterat
514 5065 694 5118 lenius
721 5063 807 5116 his
838 5060 1194 5132 temporibus
1235 5059 1517 5113 constitui.
1567 5061 1762 5128 Itaque
1801 5058 1923 5112 ﬁeri
1952 5058 2136 5127 potuit
2174 5062 2237 5111 ut
2276 5056 2495 5109 concilii
2540 5055 2840 5109 lenitatem
2879 5058 3289 5127 reprehensam
3336 5058 3406 5111 ab
3450 5062 3623 5111 Anto-

238 5158 432 5209 niano
476 5151 810 5205 defenderet
851 5149 1183 5219 Cyprianus,
1224 5147 1477 5218 quamvis
1521 5162 1665 5201 nova
1708 5148 1767 5200 in
1814 5147 1919 5200 hoc
1969 5146 2208 5200 concilio
2258 5144 2555 5213 disciplina
2602 5144 2831 5199 inducta
2878 5163 2993 5200 non
3037 5147 3252 5201 fuisset.
3304 5149 3622 5217 Utrumque

238 5246 451 5296 autem
482 5256 517 5292 a
546 5255 602 5292 se
635 5237 947 5308 Cyprianus
978 5252 1093 5290 non
1121 5236 1242 5289 sine
1263 5235 1465 5289 librata
1488 5235 1584 5289 diu
1612 5242 1666 5289 et
1695 5235 2011 5303 ponderata
2038 5235 2251 5287 ratione
2281 5233 2491 5285 factum
2520 5232 2775 5287 declarat
2804 5240 2864 5288 ut
2891 5239 2947 5288 et
2974 5235 3200 5305 vigente
3230 5236 3623 5305 persecutione

237 5328 636 5392 severitatem,
664 5330 719 5380 et
748 5341 885 5395 pace
914 5324 1137 5377 reddita
1164 5324 1582 5393 indulgentiam
1611 5323 1929 5377 adhiberet.
1959 5326 2028 5375 At
2049 5323 2404 5377 severitatem
2434 5322 2491 5373 in
2526 5337 2590 5374 eo
2623 5322 2893 5376 enituisse
2929 5340 3043 5377 non
3066 5323 3219 5388 dicit,
3250 5323 3400 5393 quod
3425 5341 3621 5393 pacem

237 5419 491 5473 omnino
522 5414 691 5484 lapsis
735 5412 1063 5482 negandam
1095 5411 1454 5478 decrevisset,
1486 5410 1587 5464 sed
1616 5410 1767 5481 quod
1801 5426 1926 5463 eam
1968 5428 2071 5480 per
2109 5412 2192 5464 fas
2232 5414 2287 5463 et
2329 5410 2478 5462 nefas
2507 5412 2827 5479 petentibus
2856 5413 3168 5481 restitisset,
3202 5417 3369 5485 atque
3402 5430 3623 5468 excom~

240 5504 711 5561 municationem
742 5502 1098 5565 intentasset,
1129 5500 1172 5553 si
1201 5499 1327 5570 quis
1359 5515 1487 5553 cum
1519 5498 1623 5552 illis
1652 5499 1870 5567 injussu
1901 5516 2002 5553 suo
2043 5498 2493 5552 communicaret
2522 5515 2534 5551 :
2568 5500 2643 5552 sic
2684 5499 2858 5553 etiam
2900 5501 2958 5553 in
2996 5502 3226 5555 lenitate
3266 5519 3390 5572 quae
3427 5504 3621 5556 subse—

243 5597 389 5648 cuta
416 5594 521 5655 est,
550 5594 719 5660 negat
747 5587 1146 5643 ecclesiasticas
1171 5588 1325 5657 leges
1355 5587 1528 5641 fuisse
1559 5587 1813 5652 violatas,
1847 5587 1940 5641 sed
1968 5586 2256 5657 provisum
2298 5586 2470 5641 fuisse
2500 5587 2792 5641 contendit
2832 5594 2894 5642 ut
2925 5604 3029 5643 nec
3061 5589 3197 5659 lapsi
3230 5590 3624 5659 desperatione

246 5679 595 5747 deﬁcerent,
631 5700 654 5727 u
686 5693 789 5731 nec
830 5692 1026 5729 rursus
1070 5692 1307 5729 censura
1350 5675 1680 5745 evangelica
1726 5677 2051 5743 solveretur,
2106 5680 2171 5729 ut
2210 5676 2279 5729 ad
2330 5676 2909 5731 communicationem
2954 5682 3173 5731 temere
3223 5678 3559 5748 prosilirent.
3597 5701 3624 5725 ››

254 5771 387 5823 [ηο
431 5767 604 5822 verbo
653 5768 887 5837 negata
914 5782 972 5819 se
1012 5770 1107 5819 aut
1133 5781 1165 5819 a
1195 5764 1452 5819 Cornelio
1498 5763 1812 5836 quidquam
1857 5764 2071 5818 factum
2119 5782 2237 5821 esse
2287 5771 2494 5837 praeter
2536 5764 2795 5835 exempla
2843 5766 3128 5837 majorum
3172 5782 3185 5820 :
3230 5787 3258 5818 (ι
3298 5768 3436 5822 Nam
3486 5767 3630 5822 sicut
