4084 6208
377 213 444 263 55
1688 212 1755 268 D.
1797 213 2158 271 PRUDENTII
2198 213 2453 271 MARANI
3671 217 3738 272 56

379 336 669 412 55-56
698 339 1084 393 antecessores
1109 339 1289 394 nostri
1316 353 1466 410 sape
1495 338 1772 408 fecerunt,
1798 339 1984 412 inquit
2009 342 2085 412 (p.
2117 341 2204 412 69)
2247 341 2579 412 colligendis
2618 340 2887 398 fratribus
2925 341 3129 396 nostris
3166 341 3530 399 charissimus
3560 344 3744 400 frater

380 433 570 483 noster
600 427 938 496 (Corneliusl
967 427 1291 483 necessitati
1321 428 1634 483 succubuit.
1668 450 1695 478 »
3725 487 3728 490 .

459 517 765 572 Pristinam
809 517 1169 572 severitatem
1213 518 1504 573 interdum
1545 536 1578 573 a
1621 520 1908 590 Cypriano
1947 524 2223 576 retentam
2264 520 2651 591 Albaspinaus
2681 522 2737 574 et
2777 525 2902 590 past
2941 535 3072 575 eum
3111 520 3453 575 Gotafredus
3496 521 3615 591 (lib.
3658 539 3746 577 xvr

382 607 510 662 Cod.
544 607 738 663 Theod.
772 624 829 678 p.
858 607 986 677 2l0)
1025 623 1090 661 ex
1118 607 1208 661 his
1237 607 1495 678 Epistola
1525 624 1594 662 Lu
1629 607 1815 663 verbis
1859 610 2175 680 colligunt:
2212 629 2239 659 «
2277 613 2558 680 Apostata
2596 624 2726 662 vero
2766 613 2822 663 et
2860 609 3180 663 desertores
3223 610 3304 664 vel
3347 610 3658 664 adversarii
3689 613 3747 664 et

379 698 569 752 hostes
598 702 656 752 et
683 697 891 752 Christi
918 697 1224 752 Ecclesiam
1253 695 1608 767 dissipantes,
1637 713 1745 751 nec
1776 697 1820 751 si
1850 697 2017 752 occisi
2047 712 2148 768 pro
2175 699 2412 752 nomine
2453 697 2590 752 foris
2627 697 2858 765 fuerint,
2887 695 3111 751 admitti
3151 697 3464 752 secundum
3501 702 3745 769 Aposto-

377 786 496 841 lum
522 791 760 857 possunt
783 786 854 840 ad
884 785 1147 841 Ecclesia
1178 802 1404 856 pacem,
1435 787 1664 856 quando
1688 803 1797 840 nec
1824 787 2068 857 Spiritus
2089 803 2196 841 nec
2225 786 2486 842 Ecclesia
2514 787 2793 841 unitatem
2825 789 3148 842 tenuerunt.
3179 808 3207 837 ››

447 876 520 930 Ut
561 873 672 930 hoc
721 875 986 946 Cypriani
1017 875 1404 929 testimonium
1445 875 1777 946 explicetur,
1805 875 2228 930 observandum
2266 883 2349 930 est
2388 881 2442 929 l°
2474 881 2750 946 apostatas
2789 880 2846 931 et
2881 875 3197 930 desertores
3235 891 3352 930 non
3391 893 3484 930 eos
3522 877 3652 945 dici,
3685 882 3749 932 ut

376 963 762 1034 Albaspinaus
799 968 856 1018 et
883 963 1220 1021 Gotofredus
1256 966 1484 1034 putant,
1528 963 1625 1034 qui
1669 981 1738 1018 ex
1766 964 1975 1018 Judais
2015 965 2227 1019 ethnici
2258 969 2357 1019 aut
2384 963 2691 1020 Christiani
2735 965 2968 1034 fiebant,
2997 965 3092 1020 sed
3135 965 3233 1036 qui
3280 981 3489 1020 nomen
3535 966 3748 1022 dabant

375 1052 702 1107 Felicissimi
739 1052 1048 1107 schismati.
1087 1056 1148 1107 2°
1187 1053 1589 1108 Revocandum
1630 1059 1714 1107 est
1749 1054 1809 1106 in
1855 1053 2199 1108 memoriam
2241 1053 2392 1124 quod
2439 1070 2610 1123 supra
2653 1053 2924 1119 diximus,
2971 1070 3172 1125 pacem
3217 1054 3326 1108 illis
3367 1058 3636 1126 negatam
3681 1056 3741 1110 in

373 1141 573 1196 mortis
613 1141 940 1197 discrimine
967 1142 1064 1214 qui
1104 1143 1501 1214 paenitentiam
1542 1143 1666 1198 sani
1703 1147 2180 1213 contempserant,
2210 1143 2343 1214 quia
2383 1143 2643 1196 videlicet
2670 1140 2908 1196 dubium
2948 1143 3154 1196 merito
3193 1141 3489 1197 videbatur
3525 1161 3596 1198 an
3639 1144 3746 1198 sin-

369 1247 502 1286 cero
530 1231 708 1285 animi
733 1230 935 1286 affectu
959 1231 1373 1302 resipiscerent.
1403 1233 1561 1297 Quod
1602 1235 1796 1286 autem
1835 1233 1904 1286 de
1931 1231 2213 1301 ejusmodi
2252 1230 2576 1285 hominibus
2610 1233 2885 1285 statutum
2917 1237 3061 1294 erat,
3106 1231 3166 1286 id
3213 1232 3271 1285 in
3314 1232 3568 1303 pluribus
3613 1233 3742 1287 aliis

371 1336 478 1391 par
503 1325 625 1375 erat
651 1320 962 1388 observari,
1003 1338 1250 1392 quorum
1279 1325 1379 1376 aut
1406 1321 1738 1376 insanabilis
1777 1319 2072 1376 videbatur
2098 1323 2197 1375 aut
2233 1321 2449 1374 cateris
2478 1321 2674 1375 avibus
2701 1320 3015 1391 periculosa
3053 1322 3408 1393 improbitas.
3443 1322 3581 1377 Hinc
3617 1340 3745 1377 cum

370 1410 554 1480 multi,
587 1416 880 1482 perspecta
910 1410 1236 1465 Felicissimi
1277 1411 1552 1482 nequitia,
1581 1415 1911 1465 remearent
1949 1414 2008 1464 et
2036 1409 2108 1463 ad
2140 1409 2441 1464 Ecclesiam
2472 1411 2780 1480 pulsarent,
2814 1410 3130 1481 Cyprianus
3178 1411 3342 1466 anxie
3392 1411 3748 1484 panderabat

371 1506 427 1555 et
455 1499 688 1556 sollicite
720 1499 1082 1554 examinabat
1118 1521 1145 1549 «
1175 1500 1271 1572 qui
1304 1500 1479 1571 recipi
1523 1505 1579 1555 et
1622 1498 1848 1554 admitti
1880 1499 1952 1553 ad
1992 1497 2299 1553 Ecclesiam
2331 1499 2628 1554 deberent.
2666 1499 3013 1563 Quibusdam
3052 1500 3226 1568 enim,
3259 1521 3285 1549 ››
3329 1501 3516 1573 inquit
3559 1502 3734 1573 Epist.

366 1606 452 1659 Lv,
483 1607 540 1660 p.
570 1590 659 1655 87,
690 1608 718 1640 α
747 1587 826 1642 ita
847 1591 946 1642 aut
972 1587 1212 1642 crimina
1248 1605 1349 1642 sua
1391 1587 1691 1656 obsistunt,
1729 1591 1830 1642 aut
1873 1587 2078 1642 fratres
2106 1587 2379 1644 obstinate
2425 1592 2482 1643 et
2525 1589 2764 1644 ﬁrmiter
2792 1590 3136 1657 renituntur,
3167 1595 3229 1644 ut
3279 1591 3456 1662 recipi
3500 1592 3738 1646 omnino

369 1695 484 1733 non
529 1677 750 1748 possint
787 1677 896 1732 nisi
927 1693 1058 1732 cum
1096 1677 1359 1733 scandala
1393 1683 1446 1733 et
1477 1678 1730 1749 pericula
1769 1677 2170 1748 plurimorum.
2214 1699 2240 1727 »
2278 1677 2361 1732 Ad
2408 1677 2512 1732 has
2551 1678 2816 1732 videntur
2861 1683 3114 1749 spectare
3156 1679 3422 1750 Cypriani
3465 1681 3634 1735 mina
3679 1681 3738 1735 in

370 1768 547 1838 Epist.
574 1782 800 1832 xxxviii,
832 1765 926 1820 ubi
956 1766 1035 1820 sic
1061 1767 1312 1838 loquitur
1345 1782 1358 1820 :
1388 1786 1415 1815 «
1449 1765 1564 1822 Sed
1594 1769 1652 1821 et
1683 1765 1943 1838 quisquis
1974 1783 2032 1820 se
2059 1766 2462 1836 conspirationi
2499 1770 2556 1821 et
2584 1766 2818 1822 factioni
2856 1767 2978 1838 ejus
3013 1768 3362 1839 adjunxerit,
3407 1769 3544 1824 sciat
3581 1786 3642 1824 se
3683 1770 3742 1824 in

367 1856 612 1913 Ecclesia
643 1855 939 1912 nobiscum
969 1873 1085 1912 non
1113 1873 1234 1911 esse
1263 1857 1838 1923 communicaturum,
1867 1856 1964 1927 qui
1993 1859 2196 1927 sponte
2226 1856 2425 1910 maluit
2461 1857 2531 1910 ab
2568 1857 2809 1912 Ecclesia
2848 1858 3125 1929 separari.
3154 1881 3182 1908 ››
3217 1861 3282 1915 Et
3312 1859 3372 1915 in
3411 1859 3586 1930 Epist.
3624 1876 3693 1913 x1.
3727 1881 3736 1912 :

374 1970 400 1995 ‹‹
433 1947 492 2002 Si
520 1946 646 2017 quis
673 1950 866 2000 autem
894 1943 1290 2015 pauitantiam
1319 1961 1490 2016 agere
1529 1947 1586 1999 et
1618 1945 1730 1998 Deo
1771 1945 2095 1999 satisfacere
2128 1944 2446 1999 detrectans
2473 1946 2547 2000 ad
2576 1946 2900 2001 Felicissimi
2937 1950 2994 2001 et
3031 1947 3336 2003 satellitum
3381 1950 3504 2020 ejus
3550 1952 3742 2020 partes

368 2033 728 2102 concesserit,
760 2035 817 2088 et
843 2049 904 2088 se
950 2033 1236 2088 haeretica
1285 2031 1514 2087 factioni
1557 2032 1928 2102 conjunxerit,
1972 2032 2111 2088 sciat
2151 2050 2209 2087 se
2241 2039 2436 2103 postea
2478 2034 2552 2089 ad
2582 2035 2892 2090 Ecclesiam
2940 2035 3149 2104 redire,
3183 2041 3239 2090 et
3285 2053 3417 2090 cum
3466 2037 3743 2108 episcopis

372 2129 428 2179 et
464 2123 632 2195 plebe
662 2122 871 2177 Christi
898 2122 1321 2177 communicare
1348 2136 1466 2176 non
1497 2137 1678 2190 posse.
1711 2143 1739 2170 »
1772 2122 1880 2176 Has
1912 2121 2100 2175 minas
2125 2137 2238 2175 non
2271 2121 2505 2176 omnino
2534 2122 2592 2176 in
2621 2139 2740 2178 rem
2785 2124 3030 2179 contulit
3067 2124 3400 2196 Cyprianus.
3433 2126 3552 2195 Ipse
3584 2125 3740 2180 enim

365 2217 600 2267 testatur
645 2210 704 2266 in
742 2211 914 2282 Epist.
963 2227 1050 2278 Lv,
1096 2211 1304 2265 multas
1333 2226 1365 2263 a
1397 2226 1454 2264 se
1497 2227 1527 2264 e
1569 2209 1875 2264 schismate
1919 2210 2222 2264 redeuntes
2271 2227 2390 2265 esse
2433 2215 2742 2282 susceptas,
2786 2229 2848 2267 ac
2895 2213 3120 2284 plebem
3169 2213 3421 2285 gaudere
3467 2217 3524 2268 et
3562 2214 3743 2269 latari

364 2302 591 2356 solitam
636 2317 766 2356 cum
795 2322 822 2351 ‹‹
854 2300 1170 2356 tolerabiles
1197 2305 1255 2354 et
1283 2299 1473 2354 minus
1518 2299 1888 2370 culpabiles»
1923 2298 2194 2352 redirent.
2239 2298 2388 2362 Quin
2429 2299 2601 2354 etiam
2645 2301 2795 2370 plebi
2834 2301 3129 2356 interdum
3173 2301 3577 2373 persuadebat,
3625 2304 3740 2358 imo

365 2392 758 2465 extorquebat,
788 2395 851 2446 ut
877 2407 945 2447 ex
975 2392 1044 2448 iis
1076 2391 1173 2463 qui
1215 2389 1665 2446 inemendabiles
1709 2393 1764 2443 et
1795 2387 2041 2458 protervi
2068 2393 2251 2456 erant,
2297 2388 2559 2442 nonnulli
2593 2388 3053 2459 susciperentur;
3101 2395 3159 2445 et
3198 2407 3344 2444 unus
3377 2395 3547 2461 atque
3575 2391 3737 2453 alius,

372 2483 668 2538 obnitente
691 2481 852 2554 plebe
875 2485 933 2537 et
954 2479 1671 2551 contradicente,Cypriani
1694 2484 1884 2532 tamen
1912 2476 2179 2530 facilitate
2208 2477 2476 2547 suscepti,
2502 2477 2723 2548 pejores
2749 2478 3087 2534 exstiterunt
3111 2495 3281 2550 quam
3312 2480 3466 2550 prius
3492 2481 3735 2536 fuerant.

364 2575 489 2630 Non
516 2573 760 2630 absimili
788 2574 1065 2629 sententia
1093 2573 1406 2644 Cyprianus
1445 2587 1573 2625 cum
1602 2570 1860 2642 pluribus
1886 2569 2014 2624 aliis
2045 2568 2323 2638 episcopis
2351 2567 2420 2622 de
2451 2565 2770 2637 virginibus
2811 2583 2940 2637 qua
2976 2585 3104 2622 cum
3138 2569 3405 2622 masculis
3437 2568 3494 2622 in
3537 2569 3737 2623 eodem

365 2665 506 2719 lecto
545 2664 922 2736 deprehensa
963 2664 1207 2731 fuerant,
1239 2662 1318 2716 sic
1359 2661 1634 2716 decernit.
1672 2682 1699 2709 α
1726 2659 1883 2724 Quod
1931 2658 1978 2713 si
2022 2658 2301 2712 obstinate
2354 2659 2734 2727 perseverant,
2780 2673 2884 2710 nec
2931 2674 2987 2710 se
3040 2658 3110 2711 ab
3154 2657 3398 2712 invicem
3448 2665 3736 2729 separant,

367 2753 550 2807 sciant
575 2769 633 2808 se
659 2769 787 2808 cum
817 2753 924 2808 hac
949 2769 1052 2807 sua
1080 2752 1366 2822 impudica
1403 2748 1784 2805 obstinatione
1815 2763 2109 2818 nunquam
2144 2763 2178 2801 a
2215 2746 2383 2800 nobis
2424 2745 2649 2800 admitti
2678 2744 2737 2799 in
2765 2746 3070 2801 Ecclesiam
3101 2764 3286 2817 posse,
3317 2765 3386 2802 ne
3416 2747 3739 2818 exemplum

369 2841 592 2896 cateris
637 2842 707 2897 ad
751 2843 976 2897 ruinam
1019 2841 1240 2896 delictis
1276 2840 1391 2894 suis
1430 2838 1612 2893 facere
1653 2837 1941 2908 incipiant.
1978 2856 2006 2885 »
2035 2834 2230 2889 Merito
2280 2833 2578 2888 obstinatis
2627 2833 2908 2904 ejusmodi
2961 2835 3377 2906 peccatoribus,
3430 2835 3632 2890 itidem
3678 2839 3741 2890 ut

366 2932 752 3004 pertinacibus
778 2931 1166 2997 schismaticis,
1197 2946 1309 2984 non
1341 2928 1511 2982 modo
1541 2927 1725 2993 venia,
1762 2925 1864 2980 sed
1894 2924 2065 2979 etiam
2104 2923 2372 2977 introitus
2401 2922 2457 2976 in
2488 2923 2782 2978 ecclesiam
2815 2924 3146 2994 negabatur.
3178 2925 3289 2980 Sed
3315 2925 3358 2978 si
3382 2941 3512 2979 cum
3541 2925 3742 2979 debitis

368 3021 622 3076 conversi
665 3019 854 3076 cordis
899 3017 1408 3091 significationibus
1451 3015 1770 3081 rediissent,
1818 3029 1882 3066 ac
1927 3011 2024 3066 diu
2068 3012 2428 3082 multumque
2473 3011 2624 3065 fares
2669 3011 2930 3066 Ecclesia
2967 3011 3307 3083 pulsassent,
3354 3030 3465 3067 non
3505 3013 3740 3068 dubium

361 3110 499 3181 quin
539 3127 633 3165 eos
664 3115 904 3181 paterno
943 3111 1068 3164 sinu
1104 3109 1414 3179 excepisset
1453 3106 1763 3176 Cyprianus
1806 3107 1864 3156 et
1906 3101 1980 3155 ad
2019 3099 2408 3171 panitentiam
2453 3100 2792 3155 admisisset.
2847 3101 3022 3172 Igitur
3067 3101 3444 3157 Felicissimus
3493 3103 3736 3173 ejusque

358 3199 633 3270 pracipui
673 3204 978 3254 sectatores
1016 3215 1146 3254 cum
1189 3197 1450 3252 homines
1485 3197 1675 3250 essent
1715 3193 1788 3246 ad
1835 3207 2008 3246 omne
2053 3191 2236 3246 scelus
2283 3190 2485 3261 parati,
2534 3206 2648 3244 non
2699 3190 3040 3246 discessisset
3087 3192 3158 3245 ab
3207 3191 3467 3246 Ecclesia
3527 3191 3741 3262 regulis

359 3287 694 3358 Cyprianus,
725 3287 768 3340 si
794 3302 1024 3341 omnem
1053 3287 1160 3340 illis
1189 3286 1244 3339 in
1273 3284 1576 3339 Ecclesiam
1604 3282 1852 3337 reditum
1880 3279 2256 3351 praclusisset
2284 3297 2299 3332 :
2337 3294 2520 3349 neque
2551 3278 2604 3332 id
2637 3277 2812 3332 videri
2845 3279 3084 3332 deberet
3114 3279 3416 3350 vestigium
3445 3279 3738 3350 quoddam

362 3376 676 3446 disciplina
718 3378 849 3429 ante
873 3376 1221 3445 Cyprianum
1260 3375 1319 3426 in
1359 3389 1560 3427 omnes
1599 3371 1922 3442 graviorum
1960 3368 2264 3423 criminum
2308 3383 2430 3421 reos
2470 3367 2798 3421 observata.
2845 3370 2903 3422 3°
2951 3367 3216 3437 Objectus
3263 3368 3334 3421 ab
3380 3367 3740 3438 Albaspinao

362 3465 521 3520 locus
547 3463 817 3536 Cypriani
849 3480 964 3518 non
991 3464 1129 3518 dicit
1156 3467 1435 3534 apostatas
1462 3465 1519 3516 et
1545 3461 1883 3525 desertores,
1911 3458 2132 3513 etiamsi
2159 3456 2356 3511 relicto
2385 3457 2684 3511 schismate
2714 3456 3055 3526 sanguinem
3087 3473 3188 3526 pro
3215 3457 3438 3511 Christo
3471 3457 3740 3524 fundant,

363 3554 434 3608 ad
461 3553 724 3607 Ecclesia
751 3569 947 3624 pacem
983 3551 1210 3606 admitti
1248 3568 1360 3605 non
1390 3566 1575 3620 posse,
1608 3548 1706 3604 sed
1745 3551 1969 3602 tantum
2002 3545 2145 3600 nihil
2185 3544 2294 3599 illis
2338 3545 2676 3616 martyrium
2715 3549 2878 3599 extra
2910 3545 3219 3600 Ecclesiam
3252 3545 3322 3599 ad
3367 3563 3570 3616 pacem
3603 3563 3738 3617 pra-

365 3642 525 3697 desse
555 3658 743 3713 posse,
773 3641 918 3712 fquia
949 3661 976 3690 «
1003 3657 1108 3695 nec
1143 3639 1399 3695 Ecclesia
1439 3637 1716 3692 unitatem
1743 3638 2081 3700 tenuerunt;
2111 3656 2138 3684 »
2175 3634 2230 3688 id
2273 3633 2427 3705 quod
2463 3649 2616 3704 sape
2653 3633 2794 3688 alias
2833 3634 3148 3704 Cyprianus
3181 3633 3440 3688 inculcat.
3493 3633 3743 3706 Opponit

364 3730 640 3801 ejusmodi
667 3731 982 3785 desertores
1006 3729 1126 3784 aliis
1151 3729 1323 3800 lapsis
1353 3726 1752 3800 paenitentiam
1792 3725 1851 3779 in
1879 3723 2126 3780 Ecclesia
2167 3721 2490 3794 agentibus,
2531 3729 2583 3776 et
2626 3739 2768 3794 quos
2812 3723 3086 3778 Dominus
3126 3723 3281 3777 intus
3316 3723 3569 3779 inveniet
3610 3740 3740 3778 cum

365 3818 649 3874 mundum
671 3818 1030 3889 judicaturus
1061 3817 1378 3890 apparebit.

359 3953 448 4008 ΧῘ.
489 3983 558 3994 --
597 3969 777 4010 ΟἸἬῸΜ
817 3970 860 4007 S.
904 3970 1198 4009 CYPRIANUS
1237 3967 1414 4009 LAPSIS
1447 3969 1498 4008 IN
1538 3969 1775 4008 DECURSU
1816 3967 2155 4008 PCENITENTIE
2192 3966 2542 4008 MORIENTIBUS
2582 3967 2753 4008 PACEI
2795 3968 3109 4022 NEGAVERIT,
3154 3969 3241 4008 [IIS
3280 3969 3495 4009 TANTUM
3537 3943 3743 4009 EXCEP-

1387 4059 1467 4099 TIS
1506 4059 1596 4104 QUI
1631 4058 1881 4098 LIBEILOS
1918 4063 1950 4097 Δ
1989 4057 2321 4097 MARTYRIBUS
2359 4057 2716 4097 ACCEPERANT.

435 4162 741 4231 Postquam
772 4159 1132 4230 probavimus
1160 4159 1504 4232 Cyprianum
1539 4159 1680 4214 nihil
1712 4159 1841 4214 navi
1875 4159 2066 4214 fecisse
2103 4175 2234 4213 cum
2270 4158 2439 4229 lapsis
2480 4158 2885 4229 pauitantibus
2927 4175 3124 4230 pacem
3156 4159 3452 4230 concessit,
3485 4161 3746 4232 sequitur

364 4253 429 4302 ut
455 4248 813 4320 inquiramus
852 4265 925 4303 an
961 4249 1164 4304 iisdem
1206 4255 1337 4304 ante
1376 4253 1632 4304 exactam
1671 4247 2062 4320 panitentiam
2102 4247 2416 4318 periculose
2461 4247 2871 4318 agratantibus
2913 4249 3379 4303 communionem
3425 4250 3746 4320 negaverit»

363 4339 472 4394 nisi
513 4339 731 4394 libellos
763 4356 795 4393 a
834 4339 1176 4411 martyribus
1219 4341 1588 4411 accepissent.
1631 4337 1977 4410 Cyprianum
2021 4335 2314 4392 contendit
2354 4336 2608 4391 Petavius
2645 4336 2713 4390 iis
2761 4339 2984 4390 tantum
3029 4353 3228 4408 pacem
3275 4337 3600 4407 indulsisse,
3646 4339 3744 4410 qui

365 4428 582 4484 libellos
611 4447 642 4484 a
673 4430 1018 4502 martyribus
1047 4431 1414 4502 accepissent,
1449 4429 1670 4484 cateris
1704 4443 1834 4482 vero
1872 4443 1945 4480 ne
1983 4426 2040 4480 in
2082 4425 2350 4497 praesenti
2391 4426 2628 4498 quidem
2671 4425 2868 4479 mortis
2907 4425 3236 4480 discrimine
3278 4425 3335 4480 id
3372 4427 3744 4493 concessisse;

369 4519 584 4590 alioqui
614 4519 753 4574 nihil
788 4519 1131 4574 discriminis
1167 4520 1427 4574 futurum
1460 4518 1628 4572 fuisse
1657 4517 1806 4572 inter
1845 4515 1977 4570 istos
2006 4521 2062 4569 et
2101 4515 2340 4586 priores,
2387 4532 2526 4586 quos
2572 4518 2762 4568 tamen
2798 4514 3015 4568 meliori
3065 4515 3251 4586 aliqua
3297 4515 3621 4570 conditione
3668 4515 3747 4569 uti

370 4609 643 4679 oportuit.
695 4608 805 4664 Sed
845 4607 964 4679 ipsa
1003 4609 1060 4664 S.
1103 4609 1360 4679 Martyris
1401 4607 1575 4662 verba
1620 4606 1968 4678 proferenda
2011 4609 2142 4659 sunt
2181 4621 2193 4658 :
2241 4625 2268 4653 «
2301 4603 2581 4668 Quoniam
2625 4607 2816 4658 tamen
2856 4603 3041 4668 video,
3093 4602 3277 4674 inquit
3325 4603 3383 4656 in
3431 4603 3604 4674 Epist.
3653 4619 3745 4671 xu,

366 4697 696 4752 facultatem
723 4697 993 4752 veniendi
1019 4697 1089 4751 ad
1117 4713 1212 4751 vos
1238 4697 1493 4751 nondum
1523 4711 1643 4751 esse
1672 4698 1727 4750 et
1749 4695 1869 4766 jam
1907 4697 2166 4749 astatem
2207 4693 2460 4764 capisse,
2504 4692 2650 4763 quod
2697 4697 2921 4762 tempus
2968 4691 3392 4746 infirmitatibus
3420 4691 3660 4746 assiduis
3692 4697 3749 4746 et

369 4787 636 4860 gravibus
665 4787 977 4852 infestatur,
1006 4785 1419 4841 occurrendum
1454 4787 1588 4856 puta
1614 4782 1890 4838 fratribus
1920 4782 2145 4849 nostris,
2180 4786 2241 4835 ut
2275 4781 2368 4853 qui
2411 4781 2630 4834 libellos
2657 4797 2689 4833 a
2723 4779 3066 4851 martyribus
3105 4784 3465 4851 acceperunt,
3501 4785 3559 4835 et
3589 4797 3739 4851 pra-

368 4877 626 4948 ragativa
653 4893 848 4931 eorum
875 4875 1028 4947 apud
1053 4877 1228 4930 Deum
1259 4873 1512 4946 adjuvari
1540 4877 1796 4944 possunt,
1819 4871 1864 4924 si
1887 4870 2252 4926 incommodo
2273 4869 2462 4942 aliqua
2486 4876 2543 4925 et
2566 4869 2912 4924 inﬁrmitatis
2939 4869 3192 4939 periculo
3221 4869 3478 4940 occupati
3505 4871 3742 4938 fuerint,

368 4983 483 5020 non
519 4971 831 5037 exspectata
876 4966 1176 5036 prasentia
1213 4969 1426 5030 nostra,
1461 4962 1614 5034 apud
1655 4961 2048 5032 presbyterum
2090 4975 2490 5030 quemcunque
2538 4961 2898 5029 prasentem,
2930 4959 3015 5011 vel
3060 4958 3104 5012 si
3151 4958 3446 5029 presbyter
3485 4962 3748 5029 repertus

367 5072 485 5111 non
518 5054 706 5122 fuerit,
737 5061 791 5109 et
823 5070 1031 5125 urgere
1061 5054 1242 5108 exitus
1268 5052 1518 5123 caperit,
1552 5050 1706 5122 apud
1737 5048 2038 5104 diaconum
2071 5065 2300 5120 quoque
2331 5047 2775 5118 examologesim
2819 5047 3003 5102 facere
3041 5046 3242 5100 delecti
3272 5047 3356 5101 sui
3391 5047 3625 5116 possint,
3654 5050 3741 5113 ut,

370 5161 547 5200 manu
576 5145 657 5200 eis
681 5144 742 5200 in
776 5143 1170 5216 panitentiam
1213 5139 1755 5214 imposita,.veniant
1783 5137 1851 5192 ad
1893 5137 2198 5192 Dominum
2237 5153 2366 5191 cum
2403 5153 2564 5208 pace,
2610 5151 2784 5207 quam
2823 5135 2944 5191 dari
2984 5140 3263 5206 martyres
3302 5134 3506 5190 litteris
3534 5136 3604 5190 ad
3645 5151 3748 5190 nos

376 5234 540 5290 factis
566 5233 1049 5290 desideraverunt.
1085 5253 1113 5282 ››

441 5324 740 5381 Immerito
775 5321 1030 5378 Petavius
1060 5337 1129 5378 ex
1161 5322 1268 5376 hac
1313 5318 1642 5375 testimonio
1685 5315 1901 5387 colligit
1946 5330 2146 5387 pacem
2177 5313 2246 5368 iis
2277 5313 2374 5386 qui
2414 5313 2634 5368 libellos
2675 5328 2794 5368 non
2833 5311 3138 5378 habebant,
3174 5311 3517 5382 denegatam
3547 5309 3744 5366 fuisse.

369 5415 509 5470 Nam
542 5417 598 5468 1ο
623 5412 721 5484 qui
747 5411 1095 5484 Cyprianum
1123 5411 1283 5482 putet
1312 5408 1458 5464 adeo
1487 5404 1771 5480 aquitatis
1801 5405 2042 5460 oblitum
2070 5401 2264 5471 fuisse,
2303 5405 2370 5457 ut
2405 5402 2474 5456 iis
2511 5402 2611 5473 qui
2649 5400 3043 5472 panitentiam
3083 5399 3600 5470 subterfugiebant,
3632 5419 3661 5448 α
3690 5401 3749 5453 et

369 5501 568 5558 audaci
595 5501 942 5574 ﬂagitatione
967 5516 1032 5554 ac
1060 5500 1299 5554 violento
1326 5498 1541 5569 impetu
1570 5511 1764 5567 pacem
1789 5499 2130 5565 extorquere
2153 5513 2180 5541 ››
2208 5491 2558 5558 nitebantur,
2588 5494 2704 5544 tam
2727 5488 2976 5559 benigne
3003 5487 3346 5560 provideret,
3371 5507 3398 5537 «
3421 5486 3493 5542 ad
3518 5485 3747 5542 illorum

370 5591 702 5647 violentiam
733 5589 970 5645 interim
996 5604 1226 5662 quoque
1255 5602 1468 5659 genere
1494 5583 1869 5656 mitigandam
1899 5603 1927 5632 ››
1963 5582 2083 5651 (Ep.
2116 5579 2206 5648 xv)
2223 5596 2239 5648 ς
2281 5578 2520 5634 fervidos
2547 5582 2741 5632 autem
2771 5575 3132 5648 pauitantes,
3163 5575 3262 5647 qui
3289 5591 3348 5630 se
3376 5574 3742 5662 episcopiisui

365 5680 582 5753 judicia
607 5679 964 5736 committere
993 5661 1165 5751 quam
1194 5675 1585 5748 paenitentiam
1616 5671 1899 5728 declinare
1929 5669 2270 5734 maluerant,
2296 5667 2417 5722 sine
2443 5681 2582 5737 pace
2621 5667 2680 5719 et
2717 5663 3122 5720 communione
3152 5663 3301 5719 mori
3331 5661 3658 5753 pateretur?
3683 5665 3744 5720 2°

367 5749 561 5826 Clerus
592 5766 879 5844 57-58
920 5749 1209 5827 Romanus
1244 5763 1780 5839 Carthaginensem,
1808 5759 2043 5818 absente
2078 5757 2363 5833 Cypriano
2399 5756 2705 5814 monuerat
2731 5776 2758 5805 «
2795 5757 2860 5811 ut
2886 5753 2952 5810 iis
2986 5757 3117 5827 post
3152 5753 3374 5828 lapsum
3407 5749 3735 5811 inﬁrmitate
