4104 6192
214 250 263 301 57
1637 235 2007 292 PREFATIO.
3456 237 3521 291 58

214 364 494 439 apprehensi
542 365 729 418 essent
769 366 826 417 et
854 362 1191 434 pcenitentes
1217 362 1685 417 communionem
1714 361 2126 427 desiderarent,
2160 359 2559 414 subveniretur
2580 360 2769 431 (Epist.
2805 377 2862 415 ιιι
2895 364 2951 414 et
2998 358 3109 429 xv).
3143 382 3171 410 ››
3203 361 3387 431 Atque
3414 361 3520 415 hoc

210 457 450 511 consilium
493 470 600 507 non
659 453 835 508 modo
886 471 999 507 non
1046 452 1390 523 improbavit
1420 452 1757 522 Cyprianus,
1790 450 1892 503 sed
1922 449 2092 504 etiam
2123 450 2181 503 in
2214 449 2386 519 Epist.
2420 466 2491 502 xv
2533 450 2777 504 declarat
2813 466 2871 503 se
2918 448 3189 503 standum
3224 472 3250 498 »
3285 454 3515 520 putasse

210 574 227 593 ιι
257 549 299 600 et
329 561 437 598 cum
475 564 497 591 η
530 558 728 596 eorum
773 564 799 591 ‹‹
838 541 1138 606 sententia,
1186 557 1257 594 ne
1300 544 1459 594 actus
1498 546 1711 606 noster,
1768 539 1970 609 inquit,
2027 540 2123 610 qui
2179 540 2457 593 adunatus
2510 555 2629 591 esse
2683 543 2740 592 et
2787 540 3106 594 consentire
3147 540 3296 594 circa
3323 540 3519 594 omnia

208 636 353 699 debet,
382 635 432 686 in
460 632 642 702 aliquo
671 631 1089 701 discreparet.»
1116 635 1184 686 At
1212 630 1469 682 immane
1502 632 1781 699 quantum
1810 629 1959 681 inter
1988 627 2253 699 Cypriani
2275 632 2331 681 et
2360 629 2747 682 Romanorum
2789 630 2995 698 agendi
3036 632 3319 685 rationem
3351 631 3519 685 dista-

205 728 286 789 ret,
312 724 350 775 si
376 737 492 774 cum
522 720 608 773 isti
657 734 854 790 pacem
897 719 1160 773 omnibus
1202 734 1331 772 vere
1380 718 1782 788 paenitentibus
1826 716 2073 770 dandam
2125 733 2247 770 esse
2296 716 2747 782 admonuissent,
2795 717 3107 788 Cyprianus
3160 720 3517 789 indulgentia

203 818 243 868 et
264 811 582 866 humanitate
613 809 668 862 in
700 825 793 863 eos
823 809 966 862 solus
995 825 1125 861 usus
1164 808 1361 861 fuisset
1392 809 1487 878 qui
1536 810 1768 876 peccato
1818 824 1917 859 suo
1963 806 2312 876 poenitentiae
2365 806 2559 876 fugam
2603 813 2659 859 et
2712 806 2970 861 Ecclesim
3027 808 3516 877 perturbationem

204 900 506 971 adjecerant?
548 902 606 953 3°
648 899 771 953 Non
815 898 1053 952 obscure
1097 897 1306 951 indicat
1358 897 1667 967 Cyprianus
1717 898 1775 949 in
1825 896 2001 966 Epist.
2055 911 2150 960 xu,
2199 894 2405 965 quibus
2436 912 2543 949 non
2594 896 2767 948 libelli
2819 896 2916 949 sed
2967 897 3310 965 pcenitentize
3343 914 3517 967 Opera

200 991 617 1061 sutiragabantur,
660 988 737 1042 eis
780 987 1091 1058 periculose
1131 986 1541 1057 aegrotantibus
1592 1001 1789 1055 pacem
1836 986 2014 1039 multo
2046 983 2250 1054 potiori
2288 984 2418 1052 jure
2458 1000 2577 1037 esse
2612 984 2882 1037 dandam.
2916 1007 2940 1033 ››
2980 986 3254 1039 Caeterum
3287 1002 3513 1056 quoque

202 1086 376 1151 partem
419 1078 585 1149 plebis
617 1094 741 1147 quae
781 1077 933 1146 lapsa
959 1080 1064 1142 est,
1101 1075 1302 1146 inquit,
1339 1073 1641 1145 prmsentia
1682 1078 1868 1127 vestra
1908 1073 2114 1141 fovete,
2166 1078 2222 1125 et
2266 1077 2325 1125 ut
2368 1088 2401 1124 a
2444 1072 2553 1125 fide
2596 1077 2650 1126 et
2696 1073 3086 1127 misericordia
3126 1073 3349 1128 Domini
3401 1090 3513 1127 non

202 1170 433 1235 deﬁciant,
471 1173 652 1222 vestro
678 1167 877 1220 solatio
910 1166 1175 1221 focillate.
1215 1166 1409 1234 Neque
1441 1164 1593 1217 enim
1634 1162 1970 1217 deserentur
2005 1161 2074 1215 ab
2105 1177 2211 1232 ope
2246 1165 2301 1215 et
2340 1161 2551 1215 auxilio
2586 1162 2805 1215 Domini
2846 1162 2945 1232 qui
2986 1161 3153 1215 mites
3185 1168 3240 1216 et
3275 1162 3518 1216 humiles

202 1269 241 1314 et
262 1258 620 1329 paenitentiam
647 1273 778 1311 vere
807 1260 1042 1327 agentes
1059 1256 1115 1309 in
1131 1254 1296 1308 bonis
1326 1253 1592 1324 operibus
1615 1252 2119 1323 perseveraverint,
2143 1250 2566 1321 quominusillis
2591 1268 2814 1322 quoque
2839 1252 3028 1306 divino
3044 1252 3297 1306 remedio
3321 1268 3519 1305 consu-

200 1349 330 1402 latur.
358 1369 381 1396 »
413 1348 742 1400 Persuasum
790 1362 929 1417 ergo
964 1362 1086 1399 esse
1134 1344 1251 1398 vult
1297 1342 1579 1413 ejusmodi
1616 1342 2018 1412 paenitentibus
2047 1342 2169 1395 fore
2202 1346 2264 1394 ut
2294 1361 2320 1389 ‹‹
2351 1340 2458 1393 illis
2501 1356 2725 1411 quoque
2773 1340 2966 1394 divino
3020 1341 3273 1396 remedio
3311 1357 3513 1395 consu-

201 1437 315 1490 latur
341 1453 351 1488 :
382 1454 405 1485 ι)
435 1441 600 1506 atque
634 1434 739 1487 hoc
764 1434 875 1488 illis
914 1433 1169 1488 concedit
1209 1437 1270 1486 ut
1296 1431 1555 1485 solatium
1609 1430 1865 1485 Ecclesiae
1899 1430 2115 1501 legibus
2151 1435 2621 1498 consentaneum,
2664 1430 2933 1501 quodque
2974 1448 3116 1485 nova
3152 1432 3376 1485 decreta
3402 1447 3516 1485 non

201 1524 512 1578 desideraret.
566 1524 753 1594 Neque
802 1524 959 1577 enim
998 1523 1127 1576 data
1172 1537 1342 1592 opera
1376 1519 1658 1575 scribebat
1704 1519 2013 1589 Epistolam
2062 1535 2157 1573 xm
2200 1522 2260 1573 ut
2300 1519 2579 1588 ejusmodi
2625 1519 2793 1589 lapsis
2834 1520 3163 1589 provideret
3210 1520 3417 1590 quibus
3459 1523 3517 1574 et

198 1613 407 1667 Ecclesiae
448 1612 793 1667 consuetudo
822 1616 881 1666 et
922 1612 1161 1667 Romani
1209 1611 1356 1666 Cleri
1400 1610 1621 1665 monita
1655 1610 1785 1663 satis
1824 1610 2211 1679 providerant,
2263 1610 2358 1663 sed
2403 1614 2466 1663 ut
2505 1626 2705 1663 eorum
2758 1611 3063 1663 tumultum
3103 1611 3517 1680 comprimeret

197 1702 267 1772 qui
289 1701 511 1771 querelis
548 1701 665 1755 suis
703 1702 1209 1772 Carthaginensem
1257 1700 1561 1755 Ecclesiam
1598 1700 1995 1754 incendebant.
2029 1701 2212 1769 Atque
2250 1699 2308 1753 id
2343 1716 2525 1754 causa:
2568 1715 2689 1753 esse
2718 1700 2967 1754 arbitror
2999 1716 3099 1753 cur
3118 1700 3426 1771 Cyprianus
3459 1700 3516 1753 in

195 1790 327 1859 Epist.
372 1806 455 1843 xiv
506 1793 808 1844 conﬁrmas
854 1806 981 1860 quae
1026 1790 1084 1843 in
1132 1789 1355 1843 decima
1400 1790 1566 1844 tertia
1610 1790 1959 1858 decreverat,
1996 1790 2137 1843 nihil
2180 1791 2514 1845 nominatim
2563 1791 2715 1845 dicat
2759 1792 2825 1845 de
2864 1808 2997 1861 pace
3040 1791 3184 1845 veris
3234 1790 3513 1860 poeniten-

195 1879 310 1931 tibus
332 1879 381 1931 in
412 1885 661 1933 extremo
695 1879 947 1949 periculo
974 1878 1351 1933 concedenda.
1390 1880 1692 1950 Postquam
1726 1878 1882 1932 enim
1909 1880 2130 1933 locutus
2162 1883 2247 1932 est
2274 1878 2341 1932 de
2370 1879 2435 1932 iis
2466 1880 2561 1950 qui
2591 1880 2811 1934 libellos
2844 1897 2875 1932 a
2918 1880 3259 1950 martyribus
3285 1895 3514 1949 accepe-

196 1973 307 2035 rant,
336 1969 444 2023 haec
467 1968 663 2023 addit:
699 1990 725 2017 «
753 1969 951 2024 Caeteri
998 1984 1131 2022 vero
1164 1968 1287 2039 qui,
1334 1968 1487 2022 nullo
1516 1967 1704 2021 libello
1743 1984 1776 2020 a
1818 1968 2160 2040 martyribus
2200 1974 2453 2037 accepto,
2492 1968 2769 2022 invidiam
2814 1968 3051 2034 faciunt,
3100 1967 3367 2038 quoniam
3403 1983 3517 2020 non

195 2074 447 2127 paucorum
478 2073 583 2111 nec
615 2057 875 2112 Ecclesiae
904 2057 1069 2111 unius
1101 2060 1200 2111 aut
1223 2056 1389 2111 unius
1416 2056 1738 2127 provinciae,
1779 2058 1877 2111 sed
1910 2057 2083 2111 totius
2126 2056 2276 2110 orbis
2309 2057 2424 2110 haec
2465 2074 2636 2111 causa
2677 2062 2781 2125 est,
2832 2061 3126 2128 expectent
3177 2057 3246 2110 de
3294 2055 3517 2109 Domini

194 2146 490 2215 protectione
529 2147 789 2202 Ecclesia:
830 2147 1005 2217 ipsius
1037 2146 1320 2217 publicam
1371 2162 1590 2217 pacem.
1626 2168 1651 2195 ››
1687 2147 1810 2200 Non
1852 2146 1907 2199 id
1937 2145 2194 2216 profecto
2231 2146 2412 2200 sancit
2441 2146 2777 2217 Cyprianus,
2823 2153 2881 2200 ut
2925 2146 3069 2200 veris
3114 2144 3516 2215 pmnitentibus

192 2252 270 2304 pax
291 2235 338 2288 in
366 2235 505 2290 exitu
547 2241 796 2306 negetur
827 2236 1038 2306 (neque
1085 2234 1237 2289 enim
1272 2234 1480 2289 retexit
1520 2250 1648 2304 quae
1686 2235 1744 2288 in
1782 2234 2070 2305 superiore
2115 2235 2354 2305 epistola
2392 2235 2787 2303 constituerat,
2829 2237 2921 2289 sed
2965 2251 3034 2289 ea
3084 2235 3265 2306 potius
3307 2233 3514 2287 contir-

193 2330 296 2391 mat,
333 2326 458 2379 dum
498 2325 581 2380 ait
618 2343 678 2379 se
722 2345 747 2376 α
784 2326 956 2396 plene
997 2325 1283 2396 scripsisse
1328 2325 1398 2379 ad
1440 2325 1590 2377 hanc
1637 2339 1758 2377 rem
1814 2322 2085 2393 proximis
2138 2324 2384 2394 litteris),
2430 2346 2455 2373 ν
2494 2324 2593 2378 sed
2642 2326 3047 2379 nonnullorum
3088 2323 3515 2377 festinationem

195 2416 467 2486 comprimit
496 2415 599 2485 qui
624 2414 1085 2470 communionem
1109 2415 1384 2485 petebant
1410 2420 1539 2468 ante
1559 2413 1843 2467 redditam
1864 2412 2125 2467 Ecclesiae
2153 2430 2351 2484 pacem
2372 2418 2677 2485 antequam
2697 2415 2851 2485 gravi
2871 2414 3073 2468 morbo
3097 2417 3454 2468 tentarentur
3485 2432 3512 2459 »

190 2502 267 2557 hos
282 2504 426 2572 jubet
449 2511 746 2575 expectare
778 2505 915 2558 dum
948 2520 1053 2574 pax
1102 2503 1359 2559 Ecclesrae
1404 2502 1682 2556 reddatur
1707 2506 1763 2555 at
1816 2518 2013 2572 pacem
2064 2502 2123 2556 in
2170 2504 2322 2557 exitu
2362 2520 2473 2557 non
2513 2507 2716 2573 negat:
2767 2520 2954 2574 neque
3001 2520 3096 2557 eos
3145 2499 3519 2573 reprehendit

190 2593 352 2662 quoda
378 2593 777 2647 communione
807 2593 989 2647 arceri
1016 2610 1074 2646 se
1104 2593 1159 2647 in
1188 2592 1343 2647 exitu
1375 2593 1619 2661 nollent,
1660 2592 1761 2646 sed
1800 2593 1953 2663 quod
1995 2609 2124 2647 eam
2170 2597 2301 2646 ante
2348 2592 2609 2646 exsulum
2643 2592 2885 2647 reditum
2918 2594 3201 2662 peterent,
3238 2606 3301 2644 ac
3338 2612 3364 2638 ‹‹
3388 2605 3515 2643 con-

191 2682 387 2735 iessores
410 2682 556 2753 ipsos
590 2681 911 2753 praevenire
933 2704 961 2731 ››
986 2683 1213 2736 vellent.

243 2807 329 2861 Sed
356 2808 541 2878 objicit
581 2808 836 2863 Petavius
876 2808 1095 2862 meliori
1128 2807 1450 2861 conditione
1481 2807 1559 2861 uti
1589 2806 1851 2861 debuisse
1883 2806 1979 2877 qui
2010 2808 2227 2862 libellos
2252 2811 2609 2879 acceperant,
2644 2824 2817 2877 quam
2862 2808 2959 2877 qui
3000 2824 3112 2860 non
3143 2810 3513 2877 acceperant;

192 2898 309 2965 quod
327 2898 365 2950 si
387 2899 654 2952 omnibus
684 2913 951 2951 concessa
978 2914 1105 2967 pax,
1139 2897 1363 2950 nullum
1394 2912 1624 2966 prorsus
1652 2901 1801 2949 Inter
1827 2900 2100 2967 utrosque
2126 2897 2432 2950 discrimen
2457 2895 2757 2949 exstitisse.
2792 2896 3093 2948 Existimat
3125 2894 3516 2949 Tillemontius

194 2987 479 3055 Cyprianum
512 2988 816 3058 ingeniosa
844 2987 1095 3057 quadam
1128 2986 1404 3040 charitate
1426 2984 1646 3047 fecisse,
1679 2989 1741 3039 ut
1769 3000 1900 3038 cum
1932 2985 2216 3054 praecipue
2239 2984 2448 3055 aliquid
2479 2984 2532 3037 in
2554 2985 2835 3038 honorem
2863 2990 3177 3054 martyrum
3199 2982 3513 3037 concedere

198 3074 447 3141 videretur,-
481 3077 625 3130 nihil
666 3082 857 3130 tamen
904 3076 1191 3146 praecipue
1235 3075 1603 3138 concederet;
1635 3076 1692 3125 et
1732 3090 1863 3126 cum
1911 3088 2105 3142 pacem
2161 3073 2227 3125 iis
2274 3079 2496 3127 tantum
2534 3074 2629 3143 qui
2669 3074 2889 3126 libellos
2937 3072 3184 3126 habeant
3215 3070 3514 3141 pollicere-

194 3173 276 3227 tur,
297 3165 567 3219 neminem
586 3182 820 3235 prorsus
852 3165 921 3218 ab
950 3165 1056 3218 hac
1086 3164 1447 3234 indulgentia
1471 3163 1812 3227 excluderet,
1838 3161 2053 3231 quippe
2077 3178 2207 3214 cum
2244 3165 2529 3231 martyres
2551 3163 2696 3216 adeo
2732 3162 3053 3215 libellorum
3084 3162 3305 3232 prodigi
3334 3166 3517 3214 essent

190 3253 485 3306 utomnibus
512 3270 715 3308 eorum
746 3253 1051 3307 liberalitas
1070 3256 1306 3323 pateret.
1340 3252 1443 3307 Sed
1468 3251 1512 3304 si
1558 3268 1622 3304 ea
1660 3249 2192 3304 accommodatione
2226 3266 2357 3303 usus
2387 3251 2558 3303 fuisse
2586 3268 2699 3321 qua
2736 3252 2894 3304 illum
2940 3251 3332 3305 Tillemontius
3356 3267 3514 3303 usum

190 3356 280 3394 esse
317 3343 616 3411 existimat,
647 3360 711 3397 ac
750 3344 919 3397 tacite
960 3344 1145 3413 lapsos
1193 3358 1395 3397 omnes
1437 3340 1639 3394 fuisset
1684 3339 1938 3393 hortatus
1984 3342 2047 3392 ut
2089 3356 2146 3392 se
2198 3338 2519 3393 libellorum
2562 3340 2828 3409 praesidio
2874 3340 3191 3408 munirent,
3234 3358 3307 3394 an
3350 3341 3519 3410 paulo

186 3434 287 3497 post
312 3435 451 3484 tanta
480 3432 713 3485 arsisset
741 3431 1135 3502 indignatione
1167 3431 1225 3484 in
1275 3430 1606 3493 Lucianum,
1644 3430 1742 3499 qui
1773 3428 2047 3481 universis
2086 3428 2255 3498 lapsis
2292 3428 2603 3481 concedere
2636 3445 2807 3481 ausus
2855 3433 2939 3482 est
2986 3430 3139 3500 quod
3178 3430 3297 3499 jam
3346 3432 3516 3483 antea

186 3519 399 3587 plurimis
446 3527 823 3574 concesserat.
876 3521 1090 3574 Deinde
1148 3536 1281 3573 vero
1344 3518 1642 3589 perinique
1705 3516 2025 3586 Cyprianus
2078 3532 2241 3570 veros
2304 3516 2645 3586 pcenitentes
2698 3518 2982 3587 ejusmodi
3032 3518 3282 3588 periculo
3346 3534 3520 3588 expo-

185 3606 347 3661 suisset
408 3614 466 3662 ut
544 3626 682 3680 pace
761 3608 1079 3663 defraudati
1158 3613 1552 3671 morerentur;
1630 3621 1815 3675 neque
1894 3605 2043 3659 enim
2125 3604 2431 3658 verisimile
2510 3611 2633 3659 erat
2697 3622 2791 3659 eos
2876 3608 2973 3677 qui
3048 3607 3322 3661 hactenus
3404 3612 3520 3661 tam

184 3696 329 3749 timidi
368 3714 424 3750 ac
464 3699 751 3768 pudentes
790 3698 1040 3764 fuerant,
1082 3696 1418 3751 audaciores
1478 3695 1749 3765 deinceps
1813 3696 1869 3748 in
1929 3694 2135 3748 libellis
2197 3694 2461 3765 petendis
2500 3696 2759 3750 futuros:
2806 3702 2905 3750 aut
2966 3697 3122 3767 ipsos
3182 3697 3353 3750 etiam
3384 3713 3515 3750 con-

183 3784 383 3839 fessores
412 3786 468 3840 in
498 3787 878 3842 concedendis
905 3786 1188 3841 cautiores
1220 3802 1336 3840 non
1367 3786 1486 3839 fore
1528 3788 1826 3855 postquam
1870 3800 2070 3838 eorum
2106 3783 2345 3837 nimiam
2371 3783 2709 3838 facilitatem
2758 3784 3132 3856 castigaverat
3179 3784 3514 3856 Cyprianus.

237 3910 528 3980 Cyprianus
556 3914 641 3966 sic
669 3913 1083 3983 interpretatur
1112 3911 1360 3967 Morinus
1389 3930 1398 3965 :
1428 3912 1567 3964 Cum
1597 3910 1681 3964 lex
1697 3914 1844 3963 esset
1879 3914 1935 3963 ut
1965 3925 2163 3979 pacem
2182 3910 2508 3964 moribundi
2540 3927 2657 3965 non
2699 3910 3076 3981 impetrarent
3105 3910 3200 3981 qui
3232 3911 3520 3981 pceniten-

185 3998 291 4052 tiam
319 4001 432 4054 sani
462 4018 577 4056 non
612 4006 871 4072 egerant,
904 4002 1191 4057 existimat
1221 4000 1476 4055 eruditus
1518 4000 1756 4071 scriptor
1799 3999 2106 4054 decernere
2156 4001 2511 4071 Cyprianum
2540 4008 2599 4054 ut
2628 4001 2685 4055 in
2713 4000 2779 4055 iis
2810 4000 2909 4071 qui
2950 4000 3167 4055 libellos
3196 4018 3227 4054 a
3259 4002 3521 4071 martyri-

183 4086 263 4141 bus
296 4094 648 4161 acceperant,
690 4091 834 4162 legis
887 4091 1151 4145 severitas
1205 4107 1323 4144 non
1379 4092 1657 4156 servetur,
1704 4105 1769 4142 ac
1812 4088 1923 4142 illis
1964 4090 2022 4142 in
2075 4089 2352 4143 honorem
2410 4095 2729 4158 martyrum
2780 4108 2887 4161 pax
2936 4089 3299 4158 concedatur,
3347 4106 3519 4160 quam

186 4178 351 4231 frustm
372 4181 476 4234 hoc
504 4180 770 4250 praesidio
802 4180 1055 4235 destituti
1084 4179 1394 4251 petiissent.
1425 4178 1535 4233 Sed
1568 4179 1688 4232 haec
1715 4178 2109 4247 interpretatio
2151 4195 2254 4232 nec
2292 4195 2420 4232 cum
2480 4179 2665 4233 verbis
2707 4196 2811 4234 nec
2854 4196 2983 4233 cum
3030 4183 3223 4233 mente
3254 4179 3518 4249 Cypriani

184 4269 427 4337 congruit.
458 4273 515 4323 l°
544 4269 893 4323 Nominatim
923 4269 1163 4339 requirit
1190 4267 1503 4339 Cyprianus
1528 4269 1590 4320 ut
1610 4266 1949 4337 quilibellos
1969 4282 1999 4319 a
2024 4267 2368 4336 martyribus
2394 4274 2751 4339 acceperunt,
2776 4292 2801 4318 υ
2826 4269 3204 4339 praerogativa
3236 4268 3515 4323 ctauxilio

186 4370 338 4410 eorum
369 4358 620 4427 adjuvari
655 4359 803 4429 apud
832 4358 1142 4413 Dominum
1175 4358 1233 4411 in
1260 4356 1491 4412 delectis
1518 4355 1629 4409 suis
1659 4374 1685 4405 ι)
1725 4354 1961 4425 possint.
1992 4356 2162 4409 Porro
2208 4356 2263 4409 in
2293 4356 2381 4409 his
2421 4356 2672 4427 epistolis
2700 4363 2755 4412 et
2780 4357 2836 4411 in
2868 4357 3009 4411 libro
3036 4359 3101 4412 de
3148 4360 3336 4427 Lapsis
3380 4358 3518 4412 illud

184 4450 305 4499 arcte
324 4450 473 4501 tenet
499 4450 884 4518 accurateque
919 4447 1198 4515 defendit,
1230 4464 1343 4502 non
1372 4446 1642 4517 prodesse
1673 4444 1851 4513 lapsis
1879 4443 2439 4499 commendationem
2491 4451 2807 4517 martyrum
2839 4447 2885 4500 si
2914 4447 3306 4517 paenitentiam
3348 4463 3517 4517 agere

186 4530 474 4603 detrectent,
508 4552 710 4607 quare,
735 4537 778 4590 si
802 4537 963 4607 lapsi,
993 4542 1115 4606 post
1144 4540 1226 4591 tot
1246 4537 1515 4607 Cypriani
1547 4545 1602 4592 et
1628 4538 2090 4609 presbyterorum
2104 4541 2334 4605 monita,
2368 4542 2425 4594 in
2452 4541 2731 4596 obstinato
2758 4541 3104 4613 poenitentiae
3128 4559 3244 4596 non
3270 4541 3512 4613 agendas

184 4623 373 4678 consilio
402 4631 881 4695 perseverassent,
912 4641 984 4679 an
1023 4626 1303 4697 Cypriano
1330 4625 1431 4679 visi
1458 4632 1647 4681 essent
1674 4628 1861 4682 idonei
1890 4629 1988 4699 qui
2021 4633 2331 4698 martyrum
2361 4629 2570 4684 auxilio
2610 4630 2760 4702 apud
2789 4631 3466 4701 Dominumjuvarentur
3488 4630 3515 4682 ?

185 4710 357 4767 Deinde
387 4732 544 4782 vero,
574 4716 620 4768 si
654 4714 921 4769 omnibus
949 4714 1170 4769 libellos
1191 4714 1530 4770 habentibus
1547 4732 1743 4786 pacem
1760 4717 2119 4783 decernebat,
2140 4717 2254 4771 sive
2282 4718 2680 4787 paenitentiam
2700 4719 2972 4789 egissent,
2995 4720 3108 4773 sive
3131 4736 3244 4773 non
3269 4720 3517 4789 egissent

183 4799 286 4867 quid
308 4818 527 4858 necesse
564 4808 689 4857 erat
713 4801 979 4856 delictum
1011 4803 1241 4868 habere,
1272 4819 1337 4857 ac
1369 4804 1427 4857 in
1450 4804 1792 4860 conditionis
1821 4806 1942 4861 loco
1972 4808 2284 4878 requirere,
2307 4812 2372 4861 ut
2400 4813 2715 4878 martyrum
2746 4808 2959 4862 auxilio
2980 4808 3234 4877 adjuvari
3255 4806 3515 4877 possent?

183 4885 334 4958 Lapsis
352 4908 486 4962 ergo
513 4891 833 4962 Cyprianus
865 4907 976 4945 non
1008 4892 1359 4962 poenitentiae
1407 4909 1552 4947 onus
1580 4895 1799 4957 eximit,
1829 4895 1932 4949 sed
1980 4895 2167 4966 potius
2196 4896 2266 4950 ad
2307 4896 2703 4966 paenitentiam
2748 4897 2954 4951 blande
2998 4902 3054 4952 et
3087 4896 3291 4951 leniter
3316 4897 3521 4951 horta-

182 4978 267 5041 tur,
294 4978 421 5033 dum
458 4996 665 5049 pacem
720 4978 889 5033 offert
932 4976 1331 5050 morientibus,
1375 4981 1544 5036 modo
1596 4985 1913 5053 martyrum
1962 4984 2182 5038 meritis
2214 4985 2397 5055 juvari
2441 4986 2676 5056 possint.
2721 4986 2860 5039 Hinc
2892 4986 2951 5039 in
2994 4985 3172 5057 Epist.
3209 5002 3295 5040 xxv
3327 4986 3517 5040 laudat

180 5066 499 5137 presbyteros
546 5070 607 5121 et
649 5067 914 5121 diaconos
958 5068 1107 5138 quod
1152 5068 1325 5139 lapsis
1368 5069 1439 5122 ad
1482 5070 1816 5139 patientiam
1859 5071 2068 5127 hortati
2115 5079 2344 5142 essent,
2380 5091 2445 5129 ac
2475 5074 2867 5145 paenitentiam
2915 5074 2986 5128 ab
3024 5075 3120 5128 illo
3153 5075 3244 5145 agi
3272 5074 3519 5129 declarat

181 5152 256 5221 qui
278 5152 473 5210 divinis
501 5157 801 5227 praceptis
828 5156 981 5211 mitis
1010 5159 1067 5211 et
1092 5157 1315 5228 patiens
1342 5162 1399 5212 et
1437 5158 1824 5213 sacerdotibus
1872 5159 1970 5213 Dei
2016 5160 2438 5231 obtemperans,
2472 5163 2759 5234 obsequiis
2806 5163 2921 5217 suis
2951 5167 3008 5217 et
3037 5164 3302 5234 operibus
3348 5163 3518 5233 justis

179 5241 444 5299 Dominum
490 5248 874 5317 promeretur.
928 5246 990 5301 Id
1038 5252 1230 5302 autem
1280 5247 1511 5304 deferre
1564 5247 1790 5302 videtur
1833 5252 2149 5319 martyrum
2189 5251 2406 5307 meritis
2448 5257 2511 5307 ut
2553 5251 2723 5323 lapsis
2757 5252 3013 5307 nondum
3067 5268 3134 5307 ea
3184 5252 3518 5324 poenitentia

181 5332 381 5400 expiatis
408 5351 543 5406 qua:
571 5351 771 5406 pacem
802 5352 905 5406 per
930 5352 988 5391 se
1015 5336 1138 5407 ipsa
1168 5336 1223 5391 in
1252 5337 1455 5391 mortis
1484 5334 1812 5391 discrimine
1838 5335 2135 5406 impetret,
2162 5344 2484 5411 martyrum
2524 5340 2946 5396 commendatio
2988 5340 3353 5411 suffragetur.
3402 5341 3515 5394 Nec

179 5417 286 5473 levis
309 5422 480 5478 videri
504 5424 679 5479 debet
720 5425 843 5479 haec
885 5424 1273 5496 indulgentia,
1299 5425 1346 5479 si
1386 5428 1717 5495 temporum
1764 5425 1989 5479 illorum
2028 5426 2295 5480 severitas
2338 5427 2687 5482 attendatur.
2741 5428 2855 5481 Etsi
2900 5428 3057 5481 enim
3111 5426 3510 5497 posnitentibus

180 5508 452 5572 periculose
475 5513 887 5583 mgrotantibns
906 5530 1011 5584 pax
1044 5512 1163 5567 dari
1196 5512 1435 5580 solebat,
1463 5529 1577 5567 non
1609 5516 1803 5568 tamen
1829 5514 1884 5568 id
1911 5515 2034 5568 sine
2064 5514 2281 5570 delectu
2311 5521 2367 5570 et
2400 5516 2617 5585 judicio
2661 5516 3097 5571 concedebatur.
3139 5516 3278 5571 Hinc
3315 5516 3514 5571 Clerus

181 5594 449 5663 Romanus,
474 5618 535 5655 se
568 5618 697 5657 cum
726 5603 985 5673 pluribus
998 5600 1275 5673 episcopis
1307 5600 1634 5672 deliberata,
1664 5603 1885 5657 censuit
1919 5624 1946 5652 «
1976 5619 2175 5657 eorum
2203 5621 2452 5675 quorum
2473 5605 2603 5659 vita:
2634 5622 2749 5659 suae
2776 5606 2953 5659 ﬁnem
2984 5621 3198 5676 urgens
3217 5608 3303 5659 est
3334 5603 3514 5659 exitus

184 5681 477 5745 dilationem
504 5707 625 5745 non
645 5696 834 5763 potest
856 5692 1031 5761 ferre,
1062 5694 1182 5747 acta
1204 5690 1543 5763 poenitentia
1571 5694 1626 5745 et
1654 5691 1905 5762 professa
1929 5690 2205 5765 59-60
2226 5693 2558 5765 frequenter
2572 5709 2803 5748 suorum
2824 5693 3196 5748 detestatione
3214 5693 3511 5757 factorum,

184 5771 216 5827 Si
252 5775 527 5854 lacrymis,
570 5780 616 5836 si
660 5781 980 5855 gemitibus,
1020 5782 1068 5838 si
1118 5781 1347 5847 ﬂetibus
1399 5782 1641 5840 dolentis
1680 5798 1746 5838 ac
1774 5797 1906 5839 vere
1964 5781 2289 5855 pmnitentis
2339 5782 2516 5839 animi
2554 5782 2718 5856 signa
2772 5782 3151 5855 prodiderint,
3207 5797 3333 5837 cum
3386 5794 3514 5852 spes
