4084 6208
406 248 471 305 59
1678 256 1741 310 D.
1774 255 2134 312 PRUDENTII
2159 257 2417 312 MARANI
3697 259 3764 312 60

402 379 626 434 vivendi
654 381 966 435 secundum
994 380 1289 434 hominem
1319 380 1477 434 nulla
1502 380 1831 452 substiterit)
1872 381 1950 434 ita
1993 381 2228 436 demum
2267 385 2432 436 caute
2460 387 2518 436 et
2543 380 2781 436 sollicite
2813 379 3123 447 subveniri,
3153 399 3175 430 »
3215 382 3321 434 etc.
3359 382 3557 451 (Epist.
3590 383 3762 451 xxxr).

408 470 529 539 Ipse
570 469 906 539 Cyprianus,
960 467 1016 521 in
1048 468 1222 537 Epist.
1273 485 1387 536 x111,
1432 485 1633 539 pacem
1682 468 1749 522 iis
1794 469 1922 522 solis
1966 469 2296 540 promittitcc
2338 472 2434 541 qui
2483 471 2650 527 mites
2701 476 2758 526 et
2802 471 3051 526 humiles
3101 476 3158 525 et
3201 472 3591 541 paenitentiam
3634 488 3768 526 vere

399 561 634 628 agentes
665 559 721 610 in
751 557 912 610 bonis
935 557 1203 626 operibus
1235 558 1778 628 perseveraverint.»
1804 559 1880 613 Ex
1910 558 1994 610 his
2023 560 2260 628 perspici
2281 564 2468 629 potest
2497 577 2613 630 quo
2637 561 2934 615 leuitatem
2958 566 3012 615 et
3041 560 3464 630 indulgentiam
3493 560 3770 630 perducat

402 648 732 717 Cyprianus.
762 646 975 709 Quibus
1001 646 1154 700 enim
1184 649 1507 702 consultum
1536 647 1712 700 voluit
1737 647 1796 700 in
1830 645 2084 717 Epistolis
2125 664 2220 703 xm
2266 652 2320 703 et
2366 665 2473 718 xw,
2529 649 2588 703 hi
2620 651 2706 703 vel
2764 648 3156 720 paenitentiam
3210 650 3462 717 segniter
3501 657 3765 719 egerant,

402 737 485 790 vel
506 735 677 788 etiam
703 735 1034 806 gravissimo
1061 736 1260 790 delicto
1282 736 1416 790 illud
1439 735 1865 803 addiderant,ut
1897 736 2264 807 declinarent,
2287 755 2350 792 ac
2379 739 2820 794 dissensionibus
2849 745 2904 794 et
2931 739 3178 810 querelis
3204 739 3504 794 Ecclesiam
3530 741 3766 810 permis-

401 828 595 878 cereut
624 841 635 877 :
662 823 868 894 quibus
899 825 1054 878 factis
1084 830 1414 878 meruerant
1446 831 1506 878 ut
1542 841 1642 894 pax
1677 825 2052 880 morientibus
2083 832 2416 897 negaretur,
2447 827 2667 882 etiamsi
2697 828 3088 899 paenitentiam
3119 829 3286 899 paulo
3340 835 3470 883 ante
3503 829 3766 883 morbum

403 913 765 982 incepissent.
799 913 1184 976 Quamobrem
1217 913 1415 983 primis
1454 913 1715 968 concedit
1743 915 1798 969 S.
1847 917 2056 988 Martyr
2096 920 2153 970 et
2195 917 2351 988 quod
2395 934 2594 972 eorum
2629 919 2983 989 pcenitentiae
3014 919 3082 972 ad
3111 934 3306 988 pacem
3341 918 3766 988 impetrandam

404 1001 615 1066 deerat,
637 1002 689 1055 id
708 1007 1025 1073 martyrum
1045 1003 1260 1056 meritis
1278 1003 1587 1072 expleatur.
1614 1003 1916 1058 Postremis
1938 1005 2152 1074 pariter
2170 1006 2432 1072 consulit,
2461 1014 2632 1076 atque
2655 1012 2719 1061 ut
2743 1008 3050 1060 tumultum
3074 1008 3435 1078 comprimat,
3469 1007 3765 1077 indulgen-

405 1088 478 1142 tia
532 1089 586 1142 in
630 1107 725 1145 eos
761 1091 970 1160 utitur;
1007 1092 1174 1146 modo
1217 1107 1473 1145 aVersum
1504 1091 1854 1162 pmnitentiaa
1882 1093 2145 1148 remediis
2174 1096 2433 1150 animum
2467 1097 2774 1166 deponant,
2817 1097 2970 1166 quod
3011 1113 3110 1150 sua
3151 1100 3354 1167 sponte
3400 1113 3667 1151 mancum
3713 1100 3772 1149 et

402 1178 730 1232 inchoatum
759 1180 1069 1249 videretur,
1102 1181 1158 1235 id
1186 1186 1503 1251 martyrum
1537 1181 1752 1236 meritis
1785 1189 2230 1252 compensatum,
2259 1188 2316 1237 et
2342 1184 2684 1255 presbyteris
2711 1191 2900 1239 ratum
2935 1185 3133 1240 haberi
3175 1185 3359 1256 jubet.

491 1315 600 1369 ΧΠ.
629 1345 696 1354 ·-
723 1331 901 1370 UTRUM
940 1331 1228 1372 CONCILIUM
1272 1332 1712 1372 CARTHAGINENSE
1751 1334 2117 1374 PCENITEN'I'IAM
2159 1335 2521 1375 SACRIF‘ICATIS
2564 1337 2661 1382 PER
2701 1336 2882 1376 TOTUM
2923 1337 3056 1376 ἯΤᾸΞ
3097 1337 3302 1376 TEMPUS
3331 1336 3678 1376 IMPOSL‘ERIT.

473 1432 631 1485 Nunc
653 1431 806 1486 aliud
840 1433 1286 1486 examinandum
1317 1434 1590 1504 sequitur,
1624 1451 1696 1488 an
1727 1451 1844 1488 non
1873 1437 2079 1489 saltem
2111 1439 2276 1490 aetate
2314 1436 2576 1507 Cypriani
2627 1437 2982 1508 gravioribus
3015 1439 3254 1508 peccatis
3297 1436 3634 1506 poenitentia
3666 1451 3770 1506 per

403 1523 585 1574 totum
639 1522 765 1575 vita:
814 1526 1038 1592 tempus
1097 1523 1361 1593 imposita
1408 1523 1580 1577 fuerit
1629 1530 1686 1578 et
1740 1525 2066 1578 communio
2120 1526 2191 1579 ad
2243 1525 2430 1596 ipsum
2485 1526 2680 1579 mortis
2735 1527 3040 1580 articulum
3099 1527 3296 1580 dilata.
3326 1528 3434 1580 Res
3468 1524 3769 1591 diiudicari

403 1615 590 1679 potest
621 1627 685 1664 ex
708 1613 1119 1667 consuetudine
1142 1630 1267 1683 quae
1297 1617 1429 1668 tunc
1455 1613 1700 1684 vigebat,
1731 1618 1791 1667 ut
1817 1615 1914 1685 qui
1941 1631 2134 1684 pacem
2166 1617 2222 1668 in
2257 1616 2412 1686 gravi
2441 1615 2640 1668 morbo
2665 1616 3030 1684 accepissent,
3057 1615 3116 1680 ii,
3138 1614 3461 1669 valetudine
3487 1613 3766 1672 restituta,

404 1697 688 1767 reliquum
745 1700 1094 1769 pmnitentiae
1142 1705 1367 1772 tempus
1410 1717 1526 1756 non
1572 1703 1884 1772 explerent,
1933 1703 2026 1756 sed
2076 1703 2281 1757 eodem
2317 1704 2446 1774 jure
2489 1709 2674 1758 essent
2706 1721 2769 1757 ac
2813 1704 3031 1757 fideles.
3076 1704 3132 1757 ld
3180 1704 3526 1774 prospicitur
3571 1719 3635 1756 ex
3688 1702 3774 1754 his

405 1789 670 1858 Cypriani
706 1791 888 1844 verbis
917 1791 971 1844 in
1024 1791 1177 1860 Epist
1227 1807 1297 1846 cu
1355 1793 1509 1862 (pag.
1559 1794 1645 1861 69)
1678 1808 1690 1844 :
1727 1813 1753 1839 ‹‹
1802 1792 1857 1845 Si
1906 1793 2007 1864 qui
2059 1793 2233 1859 enim,
2291 1793 2496 1862 inquit,
2549 1792 2979 1846 inﬁrmitatibus
3021 1796 3388 1862 occupantur,
3443 1791 3575 1856 illis,
3631 1791 3777 1844 sicut

404 1878 634 1946 placuit,
665 1879 1020 1933 subvenitur.
1059 1883 1260 1934 Postea
1283 1885 1474 1935 tamen
1503 1897 1675 1952 quam
1705 1881 2044 1934 subventum
2066 1884 2150 1934 est
2170 1887 2226 1934 et
2245 1881 2694 1951 periclitantibus
2723 1898 2829 1951 pax
2853 1881 2984 1934 data
3019 1887 3122 1946 est,
3153 1881 3382 1935 otfocari
3412 1898 3442 1934 a
3473 1880 3639 1934 nobis
3662 1895 3776 1931 non

403 1972 640 2035 possunt
669 1969 936 2038 opprimi,
969 1972 1068 2023 aut
1095 1969 1144 2023 vi
1178 1976 1233 2024 et
1265 1987 1439 2024 manu
1487 1976 1682 2025 nostra
1727 1970 1785 2024 in
1817 1969 2034 2023 exitum
2068 1971 2267 2023 mortis
2310 1970 2526 2040 urgeri,
2573 1977 2654 2038 ut,
2706 1971 2979 2041 quoniam
3032 1970 3403 2024 morientibus
3450 1986 3555 2039 pax
3580 1968 3772 2035 datur,

405 2072 629 2109 necesse
670 2056 744 2110 sit
773 2059 916 2111 mori
963 2075 1060 2112 eos
1095 2059 1192 2129 qui
1244 2060 1565 2129 acceperint
1609 2076 1829 2130 pacem,
1876 2075 2003 2112 cum
2051 2059 2234 2129 magis
2279 2059 2335 2112 in
2388 2059 2494 2112 hoc
2553 2059 2830 2113 indicium
2876 2058 3083 2112 divinae
3132 2058 3356 2128 pietatis
3411 2062 3469 2112 et
3527 2063 3778 2128 paterna:

405 2145 654 2199 lenitatis
675 2151 966 2216 appareat,
999 2149 1152 2218 quod
1192 2149 1289 2219 qui
1332 2149 1540 2220 pignus
1578 2150 1705 2203 vita:
1743 2150 1800 2202 in
1833 2149 1962 2203 data
1991 2165 2126 2219 pace
2155 2149 2494 2219 percipiunt,
2528 2148 2587 2202 hi
2619 2165 2847 2219 quoque
2881 2148 2952 2201 ad
3003 2149 3170 2202 vitam
3212 2149 3340 2202 data
3369 2165 3504 2219 pace
3535 2152 3776 2201 tenean-

407 2241 517 2287 tur.
546 2235 610 2288 Et
651 2235 858 2289 idcirco
907 2237 974 2298 si,
1013 2244 1242 2308 accepta
1297 2255 1451 2309 pace,
1494 2244 1842 2292 commeatus
1871 2256 1903 2292 a
1959 2240 2071 2292 Deo
2102 2239 2285 2305 datur,
2333 2255 2502 2292 nemo
2556 2239 2663 2293 hoc
2716 2238 2970 2293 debetin
3021 2237 3408 2292 sacerdotibus
3460 2235 3776 2303 criminari,

406 2340 534 2376 cum
564 2325 736 2378 semel
769 2326 1042 2395 placuerit
1073 2327 1342 2381 fratribus
1369 2328 1426 2381 in
1457 2329 1607 2382 exitu
1635 2328 1942 2383 subveniri.
1978 2349 2004 2376 ››
2035 2329 2154 2382 Non
2183 2328 2426 2398 quadrat
2448 2332 2602 2382 tanta
2621 2328 2825 2382 lenitas
2873 2345 3003 2382 cum
3034 2328 3280 2397 irrogata
3310 2343 3414 2397 per
3443 2329 3627 2380 totum
3649 2324 3779 2377 vitae

406 2414 633 2482 tempus
662 2415 1024 2482 poenitentia;
1059 2416 1310 2487 alioquin
1337 2433 1486 2487 smpe
1519 2433 1623 2470 usu
1658 2418 1954 2484 evenisset,
1983 2423 2046 2471 ut
2069 2418 2163 2488 qui
2197 2420 2326 2487 post
2357 2433 2534 2472 unum
2579 2423 2677 2471 aut
2711 2418 2958 2472 alterum
3002 2417 3354 2488 paenitentiae
3394 2431 3619 2470 annum
3651 2429 3780 2467 con-

406 2501 737 2554 munionem
769 2503 825 2555 in
854 2503 1015 2573 gravi
1047 2505 1243 2559 morbo
1283 2505 1647 2576 accepissent,
1701 2505 1769 2558 iis
1806 2523 1835 2559 e
1867 2506 2063 2559 morbo
2091 2505 2470 2560 evadentibus
2497 2506 2621 2576 jam
2663 2506 2938 2560 emeritus
2978 2510 3125 2560 esset
3167 2505 3519 2576 poenitentiae
3557 2518 3775 2567 cursus,

407 2605 538 2642 cum
565 2590 795 2645 interim
824 2592 948 2645 aliis
977 2593 1034 2646 in
1067 2594 1270 2648 eadem
1301 2610 1467 2647 causa
1507 2611 1572 2648 ac
1602 2596 1746 2649 forte
1774 2595 1946 2649 etiam
1981 2596 2039 2648 in
2066 2595 2274 2648 leviore
2295 2597 2461 2666 culpa
2484 2596 2718 2665 triginta
2747 2601 2842 2650 aut
2866 2594 3246 2666 quadraginta
3260 2594 3397 2648 anni
3419 2594 3780 2663 superessent

407 2680 766 2736 decurrendi.
797 2683 978 2737 Nimia
1009 2700 1139 2737 sane
1188 2687 1312 2737 erat
1357 2684 1755 2755 episcoporum
1795 2685 1852 2737 iu
1899 2683 2212 2753 judicando
2257 2684 2675 2738 animadversio
2704 2686 2759 2737 et
2789 2700 2977 2737 rerum
3018 2683 3274 2736 omnium
3317 2680 3695 2736 consideratio
3723 2682 3780 2732 et

407 2770 672 2838 provisio,
703 2788 876 2841 quam
907 2776 968 2825 ut
1000 2776 1110 2827 tam
1143 2789 1313 2843 grave
1340 2774 1766 2827 incommodum
1796 2789 1909 2827 non
1949 2773 2286 2842 effugerent.
2330 2773 2439 2828 Sed
2481 2779 2675 2826 tamen
2715 2772 3020 2826 videndum
3051 2772 3218 2825 nobis
3251 2777 3333 2824 est
3366 2770 3500 2841 quid
3529 2786 3593 2823 ea
3621 2769 3691 2821 de
3718 2783 3780 2821 re

409 2856 721 2912 decreverit
748 2861 1049 2914 concilium
1101 2862 1573 2932 Carthaginense,
1623 2862 1678 2915 in
1713 2879 1824 2932 quo
1858 2863 2142 2932 lapsorum
2190 2879 2357 2915 causa
2407 2864 2576 2932 paulo
2607 2867 2735 2932 post
2766 2861 3008 2914 reditum
3039 2860 3301 2930 Cypriani
3334 2858 3646 2929 dijudicata
3670 2863 3776 2910 est.

477 2947 774 3002 Decretum
803 2949 975 3020 hujus
1005 2951 1227 3004 concilii
1256 2951 1332 3005 sic
1359 2951 1621 3022 exposuit
1644 2951 1697 3005 S.
1739 2952 1944 3020 Martyr
1967 2950 2025 3003 in
2059 2954 2160 3020 Ep.
2196 2968 2261 3005 LII
2295 2951 2374 3020 (p.
2411 2951 2501 3021 7t)
2539 2967 2550 3003 :
2589 2970 2614 3000 «
2648 2951 2714 3003 Et
2755 2949 2902 3015 ideo,
2931 2948 3136 3020 inquit,
3171 2947 3399 3018 placuit,
3433 2945 3778 3000 examinatis

408 3035 592 3088 causis
615 3036 996 3107 singulorum,
1029 3040 1380 3094 Libellaticos
1407 3041 1634 3095 interim
1665 3039 1906 3103 admitti,
1945 3039 2277 3092 sacriﬁcatis
2310 3040 2367 3092 in
2411 3039 2565 3092 exitu
2606 3039 2909 3092 subveniri.
2949 3039 3068 3091 Non
3116 3053 3233 3089 una
3279 3036 3384 3088 fuit
3422 3034 3778 3118 eruditorum

410 3124 478 3176 de
526 3125 634 3180 hoc
686 3143 906 3182 canone
957 3131 1495 3189 sententiaAuctor
1550 3130 1990 3185 Observationum
2038 3132 2346 3183 criticarum
2392 3131 2451 3182 in
2501 3129 2882 3184 Bibliothecam
2926 3129 3250 3197 scriptorum
3293 3125 3783 3178 Ecclesiasticorum

411 3217 582 3283 negat
611 3215 1057 3272 Libellaticos‘in
1089 3218 1211 3288 ipso
1243 3218 1479 3273 concilio
1508 3219 1579 3272 ad
1608 3234 1806 3289 pacem
1833 3218 2092 3288 protinus
2113 3219 2382 3271 admissos
2407 3218 2612 3282 fuisse;
2644 3233 2709 3270 ac
2729 3217 2880 3270 inter
2921 3231 3018 3269 eos
3045 3218 3102 3268 et
3148 3214 3487 3268 sacriticatos
3531 3211 3585 3263 id
3627 3209 3783 3279 ponit

408 3303 770 3372 discriminis,
809 3307 956 3376 quod
993 3308 1080 3360 isti
1116 3325 1218 3377 per
1243 3313 1423 3361 totum
1452 3308 1577 3362 vitae
1608 3313 1836 3376 tempus
1882 3307 2226 3376 pcenitentim
2255 3306 2465 3360 addicti
2492 3307 2723 3366 fuerint,
2768 3305 2939 3376 primi
2978 3321 3108 3358 vero
3160 3303 3388 3357 interim
3429 3299 3682 3365 admissi,
3724 3297 3783 3350 id

409 3395 494 3445 est
521 3399 644 3462 post
671 3400 893 3448 certum
925 3396 1274 3465 poenitentiae
1301 3401 1523 3466 tempus
1556 3401 1837 3449 exactum.
1875 3399 2080 3450 Auctor
2111 3396 2230 3466 ipse
2256 3395 2601 3450 Bibliotheca
2627 3396 2780 3450 idem
2825 3395 2895 3448 de
2923 3393 3246 3448 sacriﬁcatis
3286 3397 3494 3458 censet,
3524 3390 3783 3462 quamvis

410 3497 609 3550 pacem
632 3481 970 3536 Libellaticis
1000 3485 1058 3537 in
1093 3485 1212 3554 ipso
1241 3485 1480 3539 concilio
1513 3501 1832 3538 concessam
1869 3485 2153 3539 existimet
2181 3485 2371 3540 fuisse.
2405 3486 2724 3539 Assentilur
2753 3484 2802 3538 ei
2831 3483 3230 3537 Tillemoutius
3259 3483 3325 3536 de
3357 3479 3695 3536 Libellaticis
3721 3496 3784 3532 ac

408 3569 555 3623 illius
582 3586 879 3624 censorem
913 3571 1249 3643 impugnat;
1283 3574 1382 3628 sed
1410 3574 1667 3644 pluribus
1699 3573 1904 3627 refellit
1933 3574 2085 3644 quod
2121 3578 2358 3644 uterque
2399 3591 2501 3644 pro
2546 3579 2702 3627 certo
2747 3578 3038 3644 posuerat,
3081 3572 3147 3625 iis
3189 3572 3286 3642 qui
3329 3569 3786 3654 sacriﬁcaverant

408 3675 522 3712 non
549 3661 685 3714 alios
725 3661 1073 3732 poenitentiae
1101 3680 1273 3733 quam
1323 3663 1450 3717 vitae
1492 3663 1635 3717 ﬁnes
1681 3664 2037 3733 praescriptos
2077 3663 2269 3717 fuisse.
2314 3665 2438 3718 Haec
2488 3661 2829 3717 Tillemontii
2871 3662 3156 3716 sententia
3208 3661 3402 3714 multis
3457 3658 3784 3713 hominibus

407 3749 630 3803 videtur
653 3752 1074 3821 anteponenda.
1111 3752 1256 3806 Illud
1285 3756 1480 3808 autem
1529 3754 1585 3808 in
1638 3754 1835 3824 primis
1887 3753 2300 3808 observandum
2329 3756 2412 3806 est
2449 3752 2590 3806 duas
2618 3753 2745 3806 illas
2777 3751 2847 3806 de
2891 3751 3228 3806 Libellaticis
3266 3757 3322 3805 et
3360 3751 3428 3804 de
3461 3749 3782 3806 sacriﬁcatis

408 3840 752 3910 quzestiones
783 3840 860 3893 sic
886 3841 1032 3895 inter
1057 3858 1113 3895 se
1146 3857 1316 3895 nexas
1345 3859 1488 3906 esse,
1525 3846 1585 3896 ut
1615 3859 1742 3914 qum
1775 3843 1844 3897 de
1883 3844 2156 3897 alterutra
2188 3843 2465 3907 dicantur,
2501 3841 2569 3895 de
2605 3847 2843 3912 utraque
2884 3841 3030 3895 dicta
3056 3840 3235 3896 videri
3267 3840 3535 3894 debeant.
3564 3839 3706 3892 Nam
3737 3836 3785 3891 si

412 3929 721 3983 Libellatici
764 3929 953 3983 statim
982 3931 1039 3984 in
1073 3931 1193 4001 ipso
1225 3931 1461 3986 concilio
1502 3932 1938 4003 perhumaniter
1963 3931 2204 3985 restituti
2235 3937 2368 3985 sunt
2395 3931 2807 3998 communioni,
2833 3930 3128 4003 probabile
3159 3947 3273 3985 non
3307 3935 3389 3985 est
3430 3928 3780 3983 saeriﬁcatos

410 4019 469 4072 in
494 4023 815 4073 extremum
843 4019 973 4073 vita;
1004 4019 1308 4074 discrimen
1330 4021 1566 4090 rejectos
1596 4022 1789 4075 fuisse.
1819 4021 2030 4074 Rursus
2057 4019 2100 4074 si
2130 4019 2216 4073 his
2241 4020 2450 4088 verhis,
2488 4043 2514 4070 ‹‹
2541 4020 2756 4091 placuit
2782 4020 3102 4074 sacriﬁcatis
3132 4022 3189 4074 in
3218 4021 3372 4075 exitu
3411 4016 3717 4081 subveniri,
3752 4037 3780 4064 ››

412 4124 525 4161 non
581 4107 920 4177 prohibetur
969 4125 1040 4163 ne
1087 4125 1192 4179 pax
1247 4116 1378 4162 ante
1423 4110 1634 4164 exitum
1690 4109 1874 4175 detur,
1927 4109 2027 4162 sed
2083 4110 2272 4179 potius
2337 4110 2659 4165 decernitur
2711 4113 2771 4164 ut
2824 4109 3135 4181 periculose
3189 4110 3336 4162 intra
3385 4106 3780 4178 praescriptum

413 4200 641 4267 tempus
685 4196 1096 4267 aegrotantibus
1126 4197 1501 4266 concedatur;
1538 4198 1895 4268 perspicuum
1937 4197 2044 4251 erit
2082 4198 2436 4265 Libellaticis,
2498 4215 2744 4270 quorum
2794 4199 2972 4253 multo
3030 4198 3205 4251 levior
3256 4200 3380 4252 erat
3432 4196 3617 4266 culpa,
3665 4209 3784 4248 non

411 4285 800 4355 paenitentiam
854 4285 911 4339 in
950 4286 1184 4341 concilio
1221 4287 1544 4359 impositam
1593 4286 1782 4356 fuisse,
1819 4286 1919 4340 sed
1971 4303 2296 4342 concessam
2327 4288 2833 4356 communionem;
2866 4286 3122 4357 alioquin
3152 4288 3430 4340 statutum
3463 4284 3678 4350 fuisset,
3722 4286 3782 4336 ut

412 4374 531 4429 istis
558 4391 786 4446 quoque
815 4375 874 4428 in
904 4376 1057 4430 exitu
1090 4376 1507 4431 subveniretur.

485 4467 647 4529 Quod
689 4469 904 4536 spectat
944 4467 1014 4521 ad
1045 4466 1420 4535 Libellaticos,
1449 4467 1626 4536 liquet
1642 4466 1845 4519 horum
1870 4464 2169 4519 verborum
2205 4483 2231 4513 α
2261 4463 2476 4535 placuit
2506 4463 2862 4518 Libellaticos
2894 4461 3124 4516 interim
3153 4460 3396 4530 admitti,
3428 4482 3455 4510 »
3485 4461 3631 4514 hanc
3655 4474 3779 4512 esse

411 4555 776 4620 sententiam,
808 4555 1156 4610 Libellaticos
1184 4555 1418 4609 interim
1462 4554 1735 4608 admissos
1767 4554 1840 4608 ad
1878 4569 2078 4623 pacem
2120 4552 2319 4617 fuisse,
2353 4552 2488 4606 dum
2529 4553 2826 4607 sacriﬁcati
2864 4551 3260 4623 paenitentiam
3308 4554 3563 4620 agerent,
3597 4546 3654 4600 id
3693 4549 3783 4599 est

415 4645 621 4700 eodem
657 4645 886 4700 decreto
915 4647 972 4699 et
996 4661 1194 4715 pacem
1235 4644 1572 4699 Libellaticis
1600 4648 1655 4697 et
1685 4641 2085 4713 penitentiam
2116 4641 2442 4695 sacriﬁcatis
2466 4641 2750 4696 decretam
2778 4640 2966 4694 fuisse.
3000 4638 3140 4692 Hinc
3169 4637 3481 4708 Cyprianus
3511 4636 3571 4689 in
3605 4635 3784 4705 Epist.

413 4750 500 4789 le
531 4739 802 4788 statutum
834 4733 1006 4789 fuisse
1037 4733 1116 4787 ait
1143 4734 1200 4786 in
1234 4733 1339 4788 hoc
1365 4733 1603 4786 concilio
1645 4731 1714 4786 de
1740 4731 1808 4784 iis
1836 4731 1934 4802 qui
1953 4729 2432 4798 sacriﬁcaverant,
2469 4733 2527 4783 ut
2558 4733 2796 4799 agerent
2841 4727 2938 4782 diu
2980 4725 3373 4798 pcenitentiam
3420 4725 3647 4794 plenam
3680 4739 3693 4776 :
3724 4727 3785 4776 at

416 4823 770 4878 Libellaticos
809 4823 1014 4878 eodem
1044 4823 1267 4877 decreto
1302 4822 1537 4876 minime
1578 4818 2028 4891 comprehendit.
2079 4822 2238 4871 Anno
2289 4817 2556 4888 sequenti
2598 4834 2727 4872 cum
2767 4817 3061 4871 statuisset
3099 4816 3351 4869 instante
3387 4811 3786 4884 persecutione

411 4913 478 4965 iis
501 4912 597 4984 qui
621 4929 654 4966 a
681 4911 865 4982 primo
898 4913 1081 4982 lapsus
1111 4912 1200 4966 die
1234 4911 1631 4983 poenitentiam
1657 4911 1910 4980 egerant;
1948 4907 2414 4961 communionem
2443 4907 2775 4973 concedere,
2808 4906 2930 4960 haec
2955 4903 3308 4974 indulgentia
3334 4903 3402 4956 ad
3429 4917 3524 4955 eos
3552 4905 3775 4955 tantum

419 5000 706 5071 spectabat
744 4999 841 5070 qui
881 4999 1355 5068 sacriﬁcaverant,
1386 4999 1705 5070 quibusque
1744 4996 2008 5067 imposita
2040 4997 2231 5050 fuerat
2257 4996 2425 5064 plena
2466 4995 2823 5065 poenitentia.
2853 4996 2923 5047 At
2945 4993 3014 5046 de
3062 4990 3402 5045 Libellaticis
3434 4989 3582 5042 nulla
3618 5004 3786 5042 men-

413 5088 516 5154 tio,
550 5105 692 5158 quos
722 5091 915 5141 tamen
944 5087 1184 5141 maxime
1223 5087 1518 5158 oportebat
1549 5085 1936 5155 indulgentia:
1981 5084 2294 5154 participes
2336 5082 2548 5150 tieri,si
2593 5099 2717 5137 eam
2762 5082 2918 5152 prius
2961 5081 3018 5134 in
3066 5079 3306 5133 concilio
3333 5076 3624 5132 consecuti
3665 5092 3786 5130 non

416 5177 675 5232 fuissent.
706 5175 1030 5239 Quinetiam
1057 5176 1397 5246 Cyprianum
1429 5192 1558 5229 cum
1598 5174 1934 5230 Libellaticis
1962 5179 2088 5244 post
2115 5171 2418 5228 concilium
2451 5172 2897 5226 communicasse
2935 5167 3310 5240 perspicimus
3356 5182 3427 5219 ex
3464 5166 3639 5235 Epist.
3685 5181 3783 5219 Lu.

416 5265 576 5329 Quod
615 5263 770 5319 enim
809 5264 889 5318 ait
914 5264 1227 5335 Cyprianus
1255 5280 1315 5318 se
1361 5263 1584 5317 nemini
1613 5263 1843 5333 quidem
1877 5279 1942 5316 ex
1971 5262 2138 5332 lapsis
2157 5261 2314 5331 prius
2342 5259 2817 5324 communicasse,
2853 5278 2881 5308 ››
2915 5255 3184 5327 quamdiu
3233 5253 3412 5308 saeviit
3443 5252 3786 5323 persecutio,

420 5375 447 5406 (ι
481 5362 672 5425 postea
691 5359 882 5408 tamen
907 5353 1227 5407 necessitati
1243 5358 1568 5423 temporum
1583 5350 1943 5405 succubuisse
1966 5368 1982 5419 ;
2013 5370 2041 5399 »
2066 5350 2120 5403 id
2135 5349 2334 5403 referri
2359 5363 2471 5401 non
2490 5350 2679 5418 potest
2702 5346 2775 5400 ad
2789 5345 3127 5399 sacriﬁcatos
3149 5342 3259 5414 (his
3276 5341 3428 5396 enim
3448 5339 3792 5411 poenitentia

419 5441 686 5514 imposita
716 5445 950 5517 fuerat),
980 5446 1075 5500 sed
1103 5449 1324 5501 tantum
1357 5445 1430 5500 ad
1459 5444 1829 5500 Libellaticos.
1855 5441 2135 5515 61-62
2163 5442 2231 5495 Et
2258 5455 2387 5493 cum
2414 5438 2535 5492 haec
2565 5433 3014 5490 communicatio
3042 5430 3387 5486 ininvidiam
3420 5445 3453 5483 a
3479 5428 3790 5481 Novatiano

420 5538 737 5602 vocaretur,
769 5534 850 5589 sic
878 5551 1011 5589 eum
1040 5534 1248 5590 refellit
1279 5533 1594 5604 Cyprianus
1619 5532 1678 5585 in
1720 5532 1922 5585 eadem
1951 5529 2192 5600 epistola
2220 5546 2233 5581 :
2276 5547 2304 5575 κ
2333 5531 2440 5582 Aut
2470 5525 2584 5578 sive
2629 5522 2836 5589 cordis,
2865 5519 3071 5592 inquit,
3119 5523 3176 5572 et
3218 5518 3372 5572 renis
3410 5519 3792 5570 scrutatorem

420 5622 708 5677 constituit
741 5628 797 5678 et
819 5623 1099 5695 judicem,
1128 5639 1233 5694 per
1284 5621 1478 5676 omnia
1529 5619 1828 5693 aequaliter
1867 5617 2085 5690 judicet
2126 5622 2184 5672 et
2229 5632 2360 5670 cum
2410 5613 2550 5668 sciat
2580 5611 2858 5682 scriptum
2896 5625 3017 5664 esse
3066 5625 3079 5662 :
3118 5611 3250 5663 Ecce
3293 5620 3464 5662 sanus
3502 5607 3685 5672 factus
3712 5618 3787 5671 es,

421 5707 538 5779 jam
563 5713 675 5767 noli
691 5727 915 5782 peccare
937 5727 1004 5766 ne
1027 5712 1163 5781 quid
1195 5712 1293 5766 tibi
1330 5711 1562 5765 deterius
1591 5712 1709 5778 ﬁat,
1750 5707 2099 5762 fraudatores
2144 5710 2200 5760 et
2256 5704 2512 5760 moechos
2558 5719 2591 5756 a
2625 5703 2799 5755 latere
2845 5702 3015 5770 atque
3067 5698 3336 5752 comitatu
3390 5710 3492 5748 suo
3544 5696 3787 5782 separet,

422 5800 650 5873 quando
692 5780 874 5858 inulto
922 5805 979 5857 et
1020 5780 1244 5874 gravior
1285 5804 1343 5857 et
1378 5797 1540 5871 pejor
1583 5797 1656 5853 sit
1690 5795 1901 5853 moechi
1929 5811 2105 5868 quam
2149 5792 2458 5851 Libellatici
2509 5806 2697 5860 causa,
2729 5804 2860 5845 cum
2909 5788 3000 5843 hic
3038 5784 3394 5854 necessitate,
3439 5782 3537 5838 illo
3588 5780 3786 5836 volun-
