4084 6208
315 229 351 281 6
365 230 385 281 l
1842 231 2212 289 PREFATIO.
3615 237 3686 291 62

306 354 423 406 tate
454 352 793 422 peccaverit.
830 370 857 402 »
890 352 1227 423 Exagitabat
1258 369 1396 423 ergo
1426 354 1770 409 Novatianus
1804 354 2107 410 catholicos
2135 357 2431 429 episcopos
2458 358 2611 429 quod
2640 373 2768 413 cum
2797 357 3137 413 Libellaticis
3163 360 3674 419 communicarent.

306 448 422 502 Nec
455 452 649 501 tamen
682 447 949 502 omnibus
974 448 1307 503 Libellaticis
1335 466 1597 504 concessa
1626 466 1736 520 pax
1768 450 1826 503 in
1857 451 2110 518 concilio,
2149 450 2250 505 sed
2282 449 2348 503 iis
2366 454 2588 502 tantum
2614 449 2712 517 qui
2738 448 3138 519 paenitentiam
3167 454 3430 520 egerant.
3461 453 3675 514 Quam-

306 536 516 591 obrem
564 538 778 591 frustra
808 544 1005 592 auctor
1036 538 1478 593 Observationum
1518 542 1578 594 in
1618 540 2004 595 Bibliothecam
2044 539 2303 610 pluribus
2346 537 2583 609 probat,
2621 535 2772 606 quod
2822 553 2855 589 a
2903 538 3127 595 nemine
3171 542 3453 608 negatur,
3496 539 3676 597 libelli

302 626 536 680 crimen
562 625 682 680 sine
714 626 1047 697 poenitentia
1076 626 1377 681 dimissum
1413 645 1526 682 non
1552 629 1747 682 fuisse.

378 716 571 769 Altera
594 732 720 786 pars
746 716 954 770 decreti
971 716 1134 770 facile
1158 716 1487 772 illustratur.
1515 721 1592 771 Ac
1630 722 1684 772 1°
1714 719 1948 789 quidem
1968 720 2101 774 illud
2120 763 2133 786 ,
2170 742 2196 769 ‹‹
2227 719 2549 774 sacriﬁcatis
2586 718 2645 771 in
2675 716 2827 771 exitu
2852 717 3169 785 subveniri,
3209 739 3235 768 ››
3258 735 3375 773 non
3400 720 3675 790 poeniten-

302 803 445 857 tiam
469 802 543 856 ad
564 810 887 857 extremum
913 804 1172 875 spiritum
1197 803 1643 874 producendam,
1678 807 1775 861 sed
1809 807 1865 861 in
1890 808 2047 878 gravi
2081 810 2280 863 morbo
2312 807 2620 861 ﬁniendam
2650 804 2883 872 indicat,
2913 822 3018 859 nec
3036 805 3094 858 in
3118 821 3295 875 poenae
3316 807 3415 862 sed
3435 808 3494 861 in
3512 808 3683 863 bene—

302 892 419 946 ﬁcii
444 894 569 947 loco
598 893 891 948 decretum
923 893 1049 960 fuit,
1083 893 1127 946 si
1167 894 1397 965 quidem
1424 895 1738 966 Cyprianus
1768 896 1825 949 in
1866 896 2038 967 Epist.
2082 914 2151 952 ιιι
2186 898 2380 951 nimim
2408 894 2757 950 remissionis
2788 893 3168 964 suspicionem
3194 896 3263 950 ab
3304 896 3412 951 hoc
3448 896 3674 951 decreto

300 987 588 1049 removet,
622 999 685 1035 ac
718 982 997 1036 rationem
1026 982 1211 1037 reddit
1233 999 1333 1036 cur
1358 984 1606 1055 episcOpi
1638 984 1713 1038 ad
1736 985 1882 1039 hanc
1907 986 2205 1041 lenitatem
2236 991 2292 1039 et
2319 983 2744 1054 indulgentiam
2771 983 3186 1037 descenderint.
3220 988 3278 1037 2°
3304 984 3458 1038 Idem
3487 985 3678 1040 decre-

302 1073 430 1123 tum
461 1071 643 1125 refert
664 1071 720 1124 in
752 1071 923 1142 Epist.
956 1088 1059 1137 LIV,
1084 1071 1182 1125 sed
1212 1072 1379 1142 paulo
1406 1073 1610 1127 clarius
1638 1091 1650 1128 :
1683 1096 1710 1124 «
1740 1075 2132 1129 Statueramus
2149 1074 2521 1145 jampridem,
2550 1073 2751 1144 inquit,
2779 1073 2951 1126 frater
2974 1073 3324 1141 charissime,
3344 1075 3678 1144 participato

302 1158 558 1213 invicem
585 1160 886 1214 nobiscum
925 1159 1176 1228 consilio,
1207 1165 1270 1214 ut
1298 1161 1395 1232 qui
1422 1162 1481 1215 in
1512 1164 1929 1233 persecutionis
1950 1164 2313 1218 infestatione
2341 1162 2683 1234 supplantuti
2719 1162 2788 1215 ab
2817 1162 3141 1218 adversario
3169 1168 3223 1217 et
3250 1163 3388 1232 lapsi
3419 1163 3675 1229 fuissent,

303 1251 366 1300 et
396 1248 687 1302 sacrificiis
717 1265 776 1303 se
806 1248 1013 1303 illicitis
1038 1249 1433 1313 maculassent,
1469 1257 1705 1320 agerent
1730 1251 1826 1305 diu
1858 1252 2254 1322 pcenitentiam
2275 1252 2528 1323 plenam,
2553 1256 2611 1306 et
2641 1252 2681 1305 si
2713 1251 3031 1321 periculum
3051 1250 3403 1306 inﬁrmitatis
3427 1256 3677 1322 urgeret,

304 1352 512 1406 pacem
539 1337 642 1390 sub
670 1337 783 1392 ictu
813 1339 1009 1392 mortis
1038 1338 1379 1408 acciperent.
1409 1360 1436 1387 η
1465 1341 1603 1394 Tota
1631 1356 1721 1393 res
1747 1357 1885 1411 ergo
1912 1342 1970 1395 in
1994 1358 2060 1395 eo
2086 1342 2323 1395 vertitur
2352 1344 2413 1394 ut
2433 1340 2571 1412 quid
2599 1339 2669 1392 sit
2698 1340 3027 1410 poenitentia
3054 1340 3240 1411 plena,
3273 1345 3465 1394 utrum
3496 1342 3679 1394 totum

301 1423 437 1478 vita:
473 1430 703 1496 tempus
741 1426 1057 1497 complexa,
1096 1444 1167 1480 an
1206 1430 1359 1481 certo
1389 1428 1635 1498 quodam
1681 1429 1862 1500 spatio
1896 1430 2128 1483 definita
2170 1429 2365 1499 fuerit,
2410 1428 2781 1499 expendatur.
2820 1432 2887 1483 At
2916 1427 2974 1481 id
3017 1427 3179 1481 facile
3223 1428 3562 1498 perspicitur
3608 1444 3680 1482 ex

306 1514 486 1584 Epist.
530 1531 649 1582 le,
695 1514 790 1569 ubi
831 1515 1090 1586 queritur
1142 1515 1461 1587 Cyprianus
1501 1517 1653 1587 quod
1696 1517 1925 1584 Victori,
1973 1517 2263 1588 quondam
2301 1518 2668 1589 presbytero,
2719 1534 2914 1587 pacem
2960 1517 3324 1571 concessisset
3359 1516 3678 1587 Therapius

300 1621 331 1653 α
368 1607 681 1673 antequam
711 1605 1100 1674 paenitentiam
1136 1605 1367 1675 plenam
1395 1605 1637 1676 egisset,
1667 1612 1796 1660 ante
1824 1605 2143 1676 legitimum
2170 1610 2225 1659 et
2254 1607 2491 1676 plenum
2525 1605 2919 1659 satisfactionis
2967 1611 3224 1675 tempus,
3259 1605 3378 1658 sine
3411 1604 3591 1675 petitu
3624 1610 3681 1658 et

299 1694 655 1747 conscientia
686 1694 885 1764 plebis,
929 1694 1083 1748 nulla
1113 1694 1443 1750 inﬁrmitate
1482 1711 1548 1748 ac
1588 1696 1919 1750 necessitate
1953 1702 2211 1766 cogente.
2256 1716 2283 1744 »
2330 1697 2460 1748 Erat
2491 1709 2628 1763 ergo
2662 1693 3007 1763 praefinitum
3050 1692 3275 1764 aliquod
3319 1691 3670 1763 poenitentiae

312 1786 576 1853 tempus,
622 1784 781 1853 cujus
822 1783 1200 1837 imminuendi
1230 1785 1486 1853 potestas
1515 1789 1637 1837 erat
1667 1800 1839 1854 penes
1864 1784 2210 1854 episcopum,
2242 1782 2411 1837 modo
2442 1798 2606 1836 causa
2636 1781 2821 1851 aliqua
2847 1780 3033 1851 gravis
3064 1781 3365 1835 incidisset.
3398 1780 3674 1834 Eamdem

302 1871 663 1943 paenitentiae
689 1873 872 1942 plena:
900 1873 1192 1927 notionem
1226 1872 1554 1943 suppeditat
1584 1872 1759 1942 Epist.
1793 1889 1930 1941 an,
1964 1873 2024 1926 in
2054 1889 2163 1943 qua
2187 1871 2498 1942 Cyprianus
2523 1875 2576 1925 et
2605 1870 2699 1924 alii
2738 1886 2866 1924 cum
2898 1886 2965 1925 co
2994 1870 3239 1941 episcopi
3266 1871 3335 1924 dc
3362 1868 3676 1939 virginibus

301 1977 433 2030 quae
469 1976 605 2014 cum
637 1960 898 2014 masculis
926 1961 1300 2032 deprehensas
1332 1961 1389 2014 in
1419 1961 1620 2016 eodem
1654 1962 1797 2015 lecto
1824 1961 2070 2028 fuerant,
2101 1961 2429 2028 decernunt,
2459 1962 2537 2027 ut,
2570 1980 2596 2008 ‹‹
2632 1959 2679 2013 si
2707 1959 3099 2029 paenitentiam
3128 1959 3296 2030 hujus
3326 1957 3507 2013 illiciti
3538 1974 3676 2013 con-

297 2049 531 2103 cubitus
559 2049 643 2103 sui
677 2051 903 2120 egerint
928 2054 986 2104 et
1009 2067 1040 2105 a
1069 2067 1128 2105 se
1159 2050 1405 2105 invicem
1430 2050 1785 2117 recesserint,
1817 2051 2188 2121 inspicientur
2216 2050 2446 2104 interim
2475 2048 2720 2118 virgines
2746 2048 2815 2102 ab
2842 2048 3233 2103 obstetricibus
3266 2047 3588 2118 diligenter,
3621 2051 3678 2102 et

298 2139 346 2190 si
376 2139 634 2209 virgines
658 2138 906 2195 inventa:
935 2140 1170 2207 fuerint,
1201 2146 1431 2212 accepta
1458 2140 1974 2195 communicatione
2003 2139 2068 2193 ad
2107 2138 2411 2192 Ecclesiam
2438 2137 2883 2192 admittuntur...
2910 2154 2923 2202 ;
2966 2137 3011 2191 si
3040 2140 3233 2192 autem
3279 2138 3347 2192 de
3376 2137 3455 2193 eis
3484 2137 3679 2208 aliqua

298 2234 573 2298 corrupta
616 2229 786 2283 fuerit
836 2229 1210 2300 deprehensa,
1251 2234 1380 2301 agat
1428 2228 1824 2300 paenitentiam
1868 2227 2121 2299 plenam,
2154 2226 2286 2298 quia
2327 2243 2456 2298 quae
2500 2227 2608 2281 hoc
2649 2225 2860 2280 crimen
2892 2225 3161 2293 admisit,
3194 2242 3311 2281 non
3345 2225 3538 2280 mariti
3577 2225 3677 2279 sed

297 2317 513 2372 Christi
545 2317 807 2372 adultera
851 2324 974 2385 est;
1020 2322 1079 2373 et
1109 2318 1239 2373 ideo
1280 2319 1563 2373 aestimato
1590 2319 1741 2389 justo
1785 2321 2062 2387 tempore,
2103 2319 2304 2387 postea
2333 2314 2712 2386 exomologesi
2749 2315 2913 2383 facta,
2945 2315 3016 2369 ad
3053 2314 3359 2370 Ecclesiam
3404 2314 3615 2368 redeat.
3649 2335 3676 2363 ››

298 2407 495 2462 Brevis
521 2423 658 2478 ergo
681 2407 1017 2478 poenitentia
1044 2408 1287 2479 integris
1309 2408 1622 2478 virginibus
1642 2405 1978 2478 imponitur,
2003 2404 2281 2475 corruptis
2298 2409 2490 2459 autem
2513 2405 2683 2475 plena
2711 2426 2738 2453 ‹‹
2770 2412 2825 2459 et
2840 2406 2993 2474 justo
3014 2408 3271 2477 tempore
3301 2405 3583 2459 aestimato
3608 2420 3621 2458 :
3649 2425 3677 2454 ››

302 2502 359 2550 et
406 2495 905 2566 quemadmodum
947 2497 1008 2550 in
1051 2498 1289 2551 concilio
1328 2496 1761 2568 Carthaginensi
1803 2494 2076 2549 sancitum
2106 2498 2170 2547 ut
2213 2494 2351 2564 lapsi
2382 2494 2609 2547 interim
2644 2493 3108 2562 admitterentur,
3159 2492 3459 2548 sacriﬁcati
3494 2493 3677 2563 poeni-

301 2585 547 2639 tentiam
578 2586 806 2655 plenam
836 2592 1090 2657 agerent,
1121 2587 1201 2642 ita
1229 2588 1399 2643 etiam
1424 2588 1529 2642 hoc
1558 2587 1681 2641 loco
1703 2586 2022 2639 decernunt
2052 2583 2303 2655 episcopi
2326 2586 2387 2636 ut
2405 2582 2652 2652 virgines
2678 2584 2906 2637 interim
2932 2583 3325 2654 inspiciantur,
3356 2588 3412 2638 et
3439 2583 3678 2655 integris

302 2673 359 2727 in
392 2674 703 2729 Ecclesiam
733 2675 1016 2743 admissis,
1041 2683 1320 2748 corrupta:
1343 2677 1733 2748 paenitentiam
1765 2676 1996 2746 plenam
2025 2678 2220 2745 agant.
2254 2677 2311 2728 3°
2335 2673 2391 2728 Si
2420 2674 2711 2727 sacriﬁcati
2734 2691 2836 2744 per
2863 2680 3041 2728 totum
3071 2674 3195 2728 vitae
3221 2680 3443 2745 tempus
3468 2672 3673 2728 addicti

301 2763 657 2834 paenitentia:
697 2763 967 2829 fuissent,
1000 2782 1229 2819 necesse
1270 2782 1385 2821 non
1426 2766 1623 2820 fuisset
1654 2785 1681 2814 «
1713 2769 1773 2818 ut
1804 2763 2268 2818 examinarentur
2297 2778 2483 2817 causae
2514 2769 2569 2817 et
2599 2763 2911 2817 voluntates
2940 2768 2995 2817 et
3023 2762 3385 2818 necessitates
3415 2762 3671 2835 singulo-

302 2869 435 2906 rum
465 2870 479 2919 ;
512 2874 540 2902 ››
566 2853 682 2924 sed,
715 2856 775 2907 ut
806 2853 1063 2908 observat
1088 2854 1499 2922 Tillemontius,
1534 2854 1751 2909 nullum
1784 2869 2014 2923 prorsus
2042 2851 2375 2920 discrimen,
2406 2851 2596 2905 nullus
2626 2851 2875 2906 delectus
2903 2852 3226 2907 exstitisset.

1292 2992 1423 3046 Xlll.
1454 3007 1610 3044 —DE
1649 3006 1857 3045 CHRISTI
1895 3005 1948 3044 1N
1991 3004 2342 3043 EUCHARISTIA
2380 3004 2697 3043 PRESENTIA.

374 3103 646 3158 Ecclesiae
691 3102 952 3158 doctrina
998 3105 1066 3160 de
1112 3122 1357 3178 corpore
1399 3110 1454 3161 et
1489 3105 1765 3176 sanguine
1808 3104 2030 3159 Domini
2064 3104 2275 3174 apertis
2311 3105 2577 3175 Cypriani
2619 3105 2955 3160 testimoniis
2991 3104 3335 3159 continetur.
3384 3102 3672 3173 Quidquid

303 3192 375 3246 de
408 3192 759 3246 Eucharistia
776 3193 1044 3263 praedicat
1068 3195 1123 3250 S.
1156 3198 1379 3266 Martyr,
1407 3213 1472 3249 eo
1503 3198 1714 3266 spectat
1741 3199 1805 3248 ut
1830 3193 1986 3248 notio
2016 3194 2106 3247 illa
2126 3193 2497 3247 confirmetur
2517 3209 2690 3264 quam
2718 3195 2902 3264 prima
2932 3194 3224 3248 auditione
3256 3192 3465 3250 Christi
3492 3191 3669 3246 verba

301 3281 512 3335 animis
551 3281 816 3335 aﬂ'erunt.
855 3283 1100 3354 Perspici
1140 3288 1331 3354 potest
1359 3284 1510 3338 illius
1551 3283 1830 3337 sententia
1874 3299 1944 3335 ex
1986 3282 2073 3336 his
2112 3298 2239 3353 quas
2286 3282 2357 3335 de
2401 3282 2770 3336 sacramentis
2816 3283 3218 3337 haereticorum
3261 3281 3507 3337 disserit.
3554 3282 3671 3335 Cur

302 3371 462 3424 enim
502 3369 561 3424 in
593 3370 763 3440 Epist.
791 3388 912 3437 Lxx,
950 3392 977 3421 ‹‹
1005 3373 1415 3427 Eucharistiam
1444 3372 1571 3426 fieri
1613 3370 1765 3441 apud
1797 3371 1924 3425 illos
1954 3371 2187 3425 omnino
2226 3387 2341 3424 non
2381 3387 2541 3440 posse
2572 3392 2599 3420 υ
2644 3371 2927 3439 censebat,
2961 3371 3069 3424 nisi
3099 3371 3231 3442 quia
3259 3369 3472 3426 Christi
3504 3368 3675 3423 verba

302 3460 375 3514 ab
409 3460 523 3514 illis
554 3461 758 3514 frustra
800 3462 1161 3531 pronuntiari
1203 3461 1590 3527 existimabat,
1636 3460 1849 3514 frustra
1879 3460 2128 3514 invocari
2173 3458 2443 3529 Spiritum
2491 3466 2769 3528 sanctum,
2820 3464 2885 3514 ut
2931 3478 3137 3532 panem
3183 3466 3240 3515 et
3268 3460 3461 3515 vinum
3502 3459 3678 3514 faciat

298 3566 517 3619 corpus
548 3552 606 3603 et
641 3550 979 3619 sanguinem
1006 3550 1257 3605 Christi?
1295 3548 1382 3605 Sic
1421 3549 1594 3604 etiam
1628 3547 1985 3603 Firmilianus
2028 3552 2088 3601 ut
2130 3548 2330 3618 probet
2359 3565 2475 3602 non
2506 3549 2640 3602 satis
2670 3565 2790 3603 esse
2818 3550 2889 3604 ad
2921 3550 3156 3604 effectus
3185 3554 3671 3604 sacramentorum

302 3646 365 3692 ut
397 3640 664 3694 Ecclesiae
699 3656 893 3710 preces
933 3645 989 3695 et
1018 3641 1159 3694 ritus
1184 3645 1500 3708 serventur,
1539 3639 1806 3709 exemplo
1847 3637 2023 3691 utitur
2049 3636 2261 3691 insana:
2300 3637 2593 3707 cujusdam
2641 3639 2991 3693 mulierculae
3019 3656 3146 3710 qure
3183 3639 3514 3709 frequenter
3541 3653 3673 3691 ausa

303 3728 514 3795 fuerat,
547 3732 607 3782 ut
638 3750 667 3777 ‹‹
710 3734 765 3783 et
800 3729 1156 3784 invocatione
1192 3745 1306 3783 non
1338 3727 1754 3799 coutemptibili
1792 3726 2109 3780 sacriﬁcare
2145 3743 2206 3780 se
2246 3742 2453 3797 panem
2491 3730 2550 3780 et
2579 3728 2992 3782 Eucharistiam
3040 3728 3227 3782 facere
3262 3727 3582 3793 simularet,
3614 3730 3672 3779 et

297 3818 645 3873 sacriﬁcium
674 3819 909 3873 Domino
932 3836 1047 3873 non
1077 3818 1198 3872 sine
1237 3821 1586 3872 sacramento
1612 3815 1790 3871 solitae
1820 3815 2236 3886 praedicationis
2264 3815 2511 3871 otferret.
2542 3838 2569 3865 ››
2605 3817 2745 3871 lllud
2769 3833 2909 3888 ergo
2934 3817 3276 3872 discriminis
3304 3815 3667 3872 Firmilianus

301 3914 359 3961 et
386 3907 706 3977 Cyprianus
738 3907 885 3960 inter
915 3907 1333 3962 Catholicoruni
1356 3912 1413 3961 et
1439 3905 1835 3961 haereticorum
1859 3904 2268 3959 Eucharistiam
2292 3905 2597 3975 ponebant,
2628 3905 2781 3977 quod
2804 3907 3079 3961 haereticis
3100 3906 3371 3977 Spiritum
3406 3909 3665 3959 sanctum

299 3995 708 4050 invocantibus
745 3996 897 4052 nulla
941 3997 1102 4052 fieret
1142 3996 1424 4053 donorum
1465 3996 1725 4062 mutatio,
1767 3995 2188 4051 Catholicorum
2227 3998 2420 4049 autem
2454 4011 2645 4065 preces
2684 4011 2980 4067 nunquam
3025 3996 3130 4050 hoc
3173 3994 3423 4049 mirabili
3466 3993 3671 4048 effectu

300 4088 595 4138 carerent.

374 4172 533 4225 Adeo
567 4187 901 4242 persuasum
928 4176 984 4227 et
1010 4174 1365 4244 exploratum
1398 4178 1520 4229 erat
1558 4174 1837 4245 Cypriano
1875 4173 1945 4228 de
1974 4172 2218 4227 mirabili
2251 4173 2345 4226 illo
2395 4172 2785 4226 ecclesiasticm
2830 4172 3196 4227 invocationis
3238 4172 3459 4238 effectu,
3497 4176 3557 4225 ut
3599 4170 3669 4225 de

300 4261 480 4332 lapsis
508 4265 643 4315 ante
665 4267 970 4332 purgatam
995 4262 1399 4317 conscientiam
1430 4262 1982 4317 communicantibus
2001 4261 2188 4316 dicere
2210 4278 2324 4316 non
2356 4260 2581 4315 dubitet
2606 4261 2703 4315 lib.
2735 4262 2800 4315 de
2817 4264 2977 4331 Laps.
3004 4262 3082 4333 (p.
3118 4260 3237 4331 186)
3270 4278 3283 4315 :
3313 4282 3340 4310 ‹‹
3372 4260 3464 4315 Vis
3490 4260 3664 4315 infer-

300 4355 402 4404 tur
430 4349 657 4420 corpori
687 4350 809 4420 ejus
845 4355 901 4405 et
934 4351 1214 4422 sanguini,
1247 4354 1304 4405 et
1334 4352 1460 4421 plus
1485 4351 1654 4406 modo
1690 4351 1748 4404 in
1778 4350 2088 4405 Dominum
2108 4350 2369 4404 manibus
2396 4355 2567 4419 atque
2600 4365 2698 4403 ore
2731 4349 3091 4421 delinquunt,
3126 4366 3302 4421 quam
3334 4367 3463 4405 cum
3487 4349 3671 4405 Domi-

303 4453 447 4491 num
489 4441 863 4508 negaverunt.
904 4457 931 4486 ››
979 4438 1102 4493 Non
1131 4455 1269 4510 ergo
1310 4439 1424 4493 sola
1459 4439 1568 4493 fide
1614 4455 1817 4509 corpus
1860 4439 2065 4495 Christi
2111 4438 2169 4492 in
2213 4438 2561 4493 Eucharistia
2588 4438 2853 4506 sumitur,
2902 4438 2997 4492 sed
3041 4454 3170 4493 vere
3212 4444 3268 4493 et
3296 4439 3368 4494 ab
3420 4438 3670 4511 indignis

304 4525 443 4596 ipsis
474 4524 820 4596 percipitur;
866 4541 968 4581 nec
997 4543 1203 4597 corpus
1230 4527 1301 4581 ab
1347 4528 1542 4581 anima
1581 4533 1635 4582 et
1681 4528 1974 4582 divinitate
2018 4532 2341 4597 separatum
2379 4533 2481 4594 est,
2531 4527 2631 4582 sed
2678 4529 2798 4599 ipse
2842 4529 3113 4583 Dominus
3142 4530 3318 4597 adest,
3354 4547 3419 4585 ac
3450 4530 3509 4584 in
3541 4546 3671 4584 eum

302 4613 581 4667 manibus
626 4617 683 4666 et
723 4629 821 4667 ore
853 4613 1194 4684 delinquunt
1234 4613 1329 4685 qui
1370 4614 1604 4686 indigne
1637 4617 2083 4672 communicant.
2123 4616 2261 4670 Hinc
2304 4616 2487 4686 ipsam
2514 4616 2741 4670 Domini
2776 4616 3133 4687 majestatem
3184 4618 3377 4672 adesse
3417 4618 3673 4671 declarat

304 4701 365 4755 in
401 4700 605 4755 eodem
633 4701 775 4756 libro
804 4717 818 4756 :
850 4702 928 4755 sic
953 4703 1102 4756 enim
1132 4702 1382 4774 loquitur
1411 4702 1480 4757 de
1513 4704 1702 4774 puella
1732 4721 1881 4775 quae,
1912 4723 1944 4760 a
1969 4705 2188 4760 nutrice
2228 4703 2301 4758 ad
2328 4703 2565 4771 idolum,
2595 4704 2802 4759 deinde
2832 4722 2862 4758 a
2890 4706 3227 4775 parentibus
3255 4707 3324 4761 ad
3357 4706 3667 4762 Ecclesiam

300 4789 517 4855 delata,
562 4788 899 4859 sanguinem
941 4789 1186 4857 Domini,
1237 4806 1411 4860 quem
1449 4790 1714 4845 diaconus
1749 4793 2051 4847 reluctanti
2083 4792 2395 4860 infuderat,
2422 4806 2540 4845 non
2579 4792 2700 4846 sine
2728 4792 2985 4862 singultu
3013 4794 3233 4863 rejecit.
3266 4814 3293 4846 α
3327 4796 3389 4849 In
3430 4810 3668 4865 corpore

302 4881 485 4946 atque
528 4891 626 4930 ore
651 4876 880 4939 violato,
923 4876 1132 4946 inquit,
1173 4876 1516 4932 Eucharistia
1554 4894 1888 4948 permanere
1930 4896 2046 4935 non
2083 4880 2285 4951 potuit.
2316 4878 2705 4935 Sanctiﬁcatus
2737 4878 2797 4933 in
2827 4880 3053 4935 Domini
3079 4883 3357 4954 sanguine
3385 4886 3555 4955 potus
3598 4884 3669 4939 de

302 4965 545 5036 pollutis
589 4964 898 5019 visceribus
938 4965 1149 5036 erupit.
1192 4966 1369 5021 Tanta
1416 4972 1501 5021 est
1543 4970 1795 5037 potestas
1847 4969 2105 5036 Domini,
2152 4973 2311 5023 tanta
2354 4967 2663 5037 majestasl
2720 4986 2748 5018 ι)
2798 4970 2954 5039 (Pag.
3016 4972 3158 5038 l89.)
3210 4971 3411 5027 Narrat
3456 4973 3668 5029 ibidem

298 5051 628 5122 Cyprianus
651 5051 803 5106 aliud
833 5051 1175 5107 miraculum
1199 5069 1211 5107 :
1246 5073 1274 5102 ‹‹
1301 5055 1371 5108 Et
1397 5054 1627 5126 quidem
1654 5055 1814 5123 alius,
1844 5055 2049 5127 inquit,
2080 5055 2213 5127 quia
2241 5058 2297 5111 et
2322 5056 2442 5126 ipse
2470 5055 2779 5110 maculatus
2817 5056 3091 5112 sacriﬁcio
3123 5074 3157 5112 a
3183 5060 3479 5117 sacerdote
3516 5063 3663 5117 cele-

298 5139 474 5193 brato
518 5144 743 5210 partem
784 5154 916 5194 cum
957 5140 1177 5195 caeteris
1216 5156 1387 5196 ausus
1429 5145 1517 5196 est
1536 5142 1779 5198 latenter
1804 5143 2076 5215 accipere,
2105 5148 2365 5200 sanctum
2392 5144 2620 5200 Domini
2650 5143 2819 5199 edere
2844 5148 2904 5199 et
2933 5148 3286 5202 contrectare
3318 5165 3432 5203 non
3463 5151 3668 5219 potuit,

298 5228 561 5282 cinerem
601 5226 749 5281 ferre
790 5243 848 5282 se
895 5227 1105 5299 apertis
1160 5228 1426 5284 manibus
1480 5229 1719 5287 invenit.
1767 5232 2118 5291 Documento
2175 5232 2346 5288 unius
2390 5237 2684 5287 ostensum
2728 5234 2814 5287 est
2869 5233 3170 5289 Dominum
3222 5237 3492 5293 recedere
3537 5254 3668 5293 cum

303 5319 572 5385 negatur.
604 5335 632 5363 ιι
664 5315 789 5369 Non
819 5331 953 5386 ergo
980 5315 1142 5387 panis
1168 5332 1235 5372 ex
1276 5317 1541 5373 manibus
1570 5318 1743 5390 hujus
1768 5318 2020 5374 hominis
2052 5325 2385 5388 evanueret,
2422 5320 2520 5376 sed
2558 5321 2678 5392 ipse
2707 5321 2981 5377 Dominus
3007 5327 3342 5379 recesserat.
3380 5323 3670 5398 63-64

301 5405 436 5458 Haec
452 5408 648 5457 autem
662 5403 973 5474 Cyprianus
998 5419 1066 5458 ea
1086 5409 1279 5459 mente
1301 5406 1547 5471 disserit,
1574 5409 1639 5460 ut
1658 5407 1983 5462 hominibus
2008 5424 2212 5479 parum
2241 5413 2403 5464 caute
2424 5409 3001 5475 communicantibus,
3022 5411 3159 5484 quid
3180 5412 3248 5468 de
3266 5413 3377 5468 hoc
3400 5414 3674 5485 mysterio

302 5490 613 5546 sciendum
657 5492 729 5546 sit
772 5492 1059 5563 explanat.
1112 5493 1499 5556 Quamobrem
1544 5494 1706 5550 facile
1752 5495 2092 5567 perspicitur
2144 5511 2258 5566 quo
2306 5512 2475 5552 sensu
2531 5497 2733 5568 primis
2781 5498 3004 5553 saeculis
3050 5501 3172 5556 haec
3216 5502 3425 5557 Christi
3481 5502 3671 5571 verba,

306 5597 417 5638 HOC
449 5596 547 5636 nsr
593 5595 798 5637 conrus
844 5596 1016 5648 unum,
1056 5596 1150 5647 mc
1186 5598 1277 5636 asr
1305 5598 1548 5652 SANGUIS,
1588 5588 1732 5650 etc.,
1772 5583 2023 5655 episcopi
2059 5584 2409 5654 acciperent,
2442 5599 2574 5638 cum
2613 5600 2677 5639 ex
2718 5584 2806 5639 his
2850 5587 3193 5644 concludant
3235 5588 3441 5645 Christi
3470 5605 3677 5660 corpus

305 5676 366 5724 et
404 5668 750 5741 sanguinem
786 5670 957 5738 sumi,
996 5669 1055 5724 in
1098 5670 1285 5741 ipsum
1326 5670 1636 5726 Dominum
1672 5687 1770 5727 ore
1795 5673 1853 5726 et
1895 5668 2155 5725 manibus
2181 5669 2512 5742 delinquere
2564 5672 2663 5743 qui
2700 5672 2935 5745 indigne
2962 5677 3401 5745 communicant,
3429 5681 3668 5748 potesta-

308 5764 430 5816 tem
478 5759 703 5816 Domini
745 5762 805 5816 et
848 5759 1209 5833 majestatem
1258 5760 1474 5831 adesse,
1518 5776 1583 5816 ac
1620 5760 1811 5832 ipsum
1859 5759 2170 5823 Dominum
2214 5775 2331 5819 non
2364 5758 2502 5833 sine
2552 5759 2826 5817 miraculo
2875 5777 2906 5817 e
2955 5763 3223 5819 manibus
3267 5765 3667 5822 contaminatis
