4084 6208
362 299 424 357 63
1664 300 1725 354 D.
1772 300 2134 356 PRUDENTII
2176 303 2430 358 MARANI
3634 307 3700 362 64

331 422 647 478 recessisse.
704 421 761 477 Si
807 421 1020 476 credita
1067 427 1200 476 tunc
1246 437 1363 477 non
1411 421 1607 477 fuisset
1657 423 1904 478 mutatio
1961 424 2077 477 vini
2128 424 2185 478 in
2232 427 2574 498 sanguinem
2639 425 2886 495 Christi,
2938 443 3114 495 num,
3168 443 3400 499 quasso,
3458 432 3585 499 post
3639 445 3708 482 ea

329 533 525 586 preces
613 515 816 586 quibus
882 517 1028 570 Deus
1091 520 1326 587 rogatur
1389 522 1452 570 ut
1516 515 1712 570 vinum
1781 516 1952 570 faciat
2011 516 2352 588 sanguinem
2411 516 2651 582 Christi,
2711 515 2852 570 nihil
2912 516 3066 570 aliud
3114 517 3238 586 jam
3299 517 3404 570 nisi
3469 517 3704 587 sanguis

329 606 536 662 Christi
566 606 622 659 in
664 605 836 660 calice
877 606 1329 675 agnosceretur?
1372 605 1518 660 Nihil
1552 605 1704 659 aliud
1744 605 1994 676 profecto
2026 607 2280 676 agnoscit
2307 605 2622 677 Cyprianus
2662 605 2939 660 sexcentis
2978 605 3132 659 locis.
3178 605 3384 660 Statuit
3427 605 3708 660 adversus

328 713 426 751 eos
456 697 551 767 qui
581 712 787 767 aquam
817 700 1044 751 tantum
1077 697 1133 751 in
1165 697 1455 752 matutinis
1481 697 1765 751 sacrificiis
1793 696 2142 766 offerebant,
2172 696 2478 766 indignum
2522 711 2641 749 esse
2674 694 2993 749 Christiano
3021 695 3205 748 vereri
3237 714 3263 743 «
3296 711 3368 749 ne
3401 711 3502 764 per
3535 711 3706 765 sapo-

328 801 453 839 rem
484 785 601 838 vini
639 785 887 840 redoleat
931 787 1274 857 sanguinem
1321 787 1547 842 Christi.
1584 787 1674 842 Sic
1719 802 1879 854 ergo,
1928 786 2132 857 inquit,
2168 786 2366 857 incipit
2403 791 2457 839 et
2491 801 2524 838 a
2567 785 2824 854 passione
2867 784 3073 838 Christi
3113 785 3170 838 in
3212 784 3702 855 persecutionibus

330 873 659 928 fraternitas
687 874 985 944 retardari,
1020 875 1152 930 dum
1183 876 1240 930 in
1273 876 1652 930 oblationibus
1673 875 1831 929 discit
1855 875 1924 929 de
1954 875 2233 946 sanguine
2261 877 2381 946 ejus
2413 882 2462 930 et
2501 891 2815 929 cruore.....
2842 875 3144 938 Quomodo
3176 877 3366 928 autem
3397 890 3705 944 possumus

332 967 569 1034 propter
601 964 888 1018 Christum
922 965 1262 1035 sanguinem
1294 966 1552 1034 fundere,
1585 965 1684 1036 qui
1711 964 2052 1036 sanguinem
2085 965 2295 1020 Christi
2330 963 2723 1018 erubescimus
2753 963 2948 1018 bibere
2971 963 3056 1033 (p.
3095 965 3212 1032 l09)
3247 963 3274 1017 ?
3308 985 3334 1013 ››
3370 964 3489 1017 Non
3521 964 3703 1017 solum

331 1053 677 1122 sanguinem
705 1057 882 1120 vocat,
913 1053 1013 1107 sed
1034 1054 1210 1108 etiam
1236 1071 1517 1122 cruorem,
1549 1058 1608 1109 et
1636 1070 1766 1108 cum
1788 1071 1853 1108 eo
1877 1055 2152 1126 sanguine
2179 1070 2512 1125 comparare
2537 1070 2649 1106 non
2680 1052 2900 1106 dubitat
2923 1053 3021 1123 qui
3051 1053 3110 1105 in
3140 1054 3299 1105 venis
3328 1052 3533 1105 nostris
3556 1052 3702 1105 fluit.

333 1140 429 1194 Ait
459 1141 656 1209 etiam,
700 1159 832 1213 pag.
870 1145 1010 1196 106ε
1059 1164 1086 1190 ‹‹
1131 1143 1430 1206 Quomodo
1473 1143 1546 1197 ad
1589 1145 1899 1214 potandum
1940 1143 2137 1197 vinum
2182 1143 2360 1197 veniri
2410 1159 2524 1197 non
2568 1144 2748 1212 potest
2781 1141 2887 1194 nisi
2930 1141 3132 1195 botrus
3177 1143 3424 1194 calcetur
3471 1143 3603 1194 ante
3647 1144 3706 1193 et

333 1233 650 1301 prematur,
675 1231 752 1285 sic
780 1248 880 1285 nos
905 1248 1012 1286 nec
1053 1233 1392 1304 sanguinem
1422 1234 1625 1288 Christi
1658 1250 1953 1306 possemus
1983 1233 2194 1298 bibere,
2228 1233 2334 1287 nisi
2365 1232 2619 1289 Christus
2646 1231 2894 1284 calcatus
2924 1230 3080 1302 prius
3125 1230 3325 1284 fuisset
3357 1234 3415 1284 et
3444 1246 3699 1301 pressus,

333 1322 389 1373 et
419 1319 648 1374 calicem
691 1321 849 1390 prior
877 1320 1118 1388 biberet,
1153 1321 1213 1375 in
1245 1339 1356 1393 quo
1388 1322 1754 1377 credentibus
1780 1323 2111 1394 propinaret
2131 1323 2158 1375 ‘l
2186 1343 2213 1371 »

406 1435 906 1499 Quemadmodum
932 1438 1245 1508 Cyprianus
1259 1440 1695 1494 communiones
1727 1441 1990 1510 indignas
2018 1439 2353 1508 detestatur,
2387 1441 2521 1510 quia
2551 1460 2578 1490 (ι
2612 1443 2870 1494 sanctum
2902 1439 3124 1494 Domini
3152 1455 3361 1511 corpus
3389 1462 3415 1489 ››
3446 1438 3708 1510 profana-

332 1529 425 1578 tur
459 1526 532 1595 (p.
562 1528 668 1594 20),
699 1527 832 1597 quia
860 1549 886 1576 «
921 1529 1000 1581 vis
1037 1529 1283 1582 infertur
1307 1530 1532 1600 corpori
1563 1535 1619 1584 et
1656 1529 1924 1600 sanguini
1956 1530 2205 1596 Domini,
2249 1533 2306 1582 et
2334 1528 2392 1582 in
2425 1529 2722 1583 Dominum
2765 1529 3027 1582 manibus
3055 1533 3111 1582 et
3139 1545 3235 1583 ore
3289 1549 3316 1580 »
3355 1528 3706 1599 delinquitur

332 1613 410 1683 (p.
449 1616 588 1680 186),
613 1615 1104 1685 quemadmodum
1127 1618 1485 1672 Firmiliauus
1514 1618 1689 1672 instar
1716 1618 1919 1687 piaculi
1948 1618 2193 1672 ducebat
2213 1617 2362 1688 quod
2391 1617 2671 1683 homines,
2703 1625 2764 1670 ut
2791 1618 2894 1688 ipsi
2927 1617 3245 1682 videbatur,
3279 1633 3391 1670 non
3431 1614 3698 1688 baptizati

335 1723 361 1749 ‹‹
404 1709 668 1773 usurpata
707 1710 916 1758 temere
945 1707 1462 1760 communicatione
1503 1707 1834 1778 contingant
1864 1725 2072 1779 corpus
2102 1714 2158 1762 et
2193 1707 2535 1778 sanguinem
2576 1708 2804 1761 Domini
2847 1709 2922 1778 (p.
2973 1709 3112 1778 149),
3150 1729 3176 1756 ››
3211 1709 3289 1761 sic
3322 1707 3519 1776 gratim
3549 1706 3705 1760 dona

329 1807 454 1861 quae
471 1807 541 1845 ex
565 1793 919 1848 Eucharistia
950 1795 1159 1865 percipi
1179 1796 1382 1860 solent,
1411 1812 1479 1849 ex
1508 1813 1744 1868 corpore
1774 1805 1829 1851 et
1856 1798 2136 1868 sanguine
2159 1796 2361 1851 Christi
2392 1797 2766 1866 praesentibus
2793 1800 3151 1866 repetuntur.
3179 1797 3352 1850 Docet
3378 1796 3703 1866 Cyprianus

331 1879 538 1934 milites
573 1881 776 1936 Christi
821 1884 1174 1938 considerare
1207 1884 1416 1939 debere
1455 1905 1482 1932 ‹‹
1517 1885 1722 1939 idcirco
1762 1904 1819 1939 se
1858 1885 2116 1956 quotidie
2148 1885 2384 1939 calicem
2419 1885 2715 1954 sanguinis
2758 1885 2965 1940 Christi
2998 1885 3214 1951 bibere,
3266 1890 3325 1938 ut
3375 1884 3597 1955 possint
3649 1887 3708 1937 et

332 1967 438 2037 ipsi
482 1973 715 2039 propter
758 1970 1044 2026 Christum
1091 1973 1435 2043 sanguinem
1484 1973 1746 2028 fundere.
1798 1995 1823 2023 ››
1877 1975 2048 2039 Hinc,
2099 1990 2264 2039 cum,
2312 1973 2560 2027 instante
2618 1973 2757 2027 Galli
2808 1980 2864 2028 et
2922 1973 3209 2028 Volusiaui
3264 1973 3659 2044 persecutione
3691 2014 3704 2038 ,

332 2058 800 2113 communionem
827 2060 893 2113 iis
924 2061 1021 2131 qui
1060 2063 1163 2115 sub
1197 2063 1357 2116 Decio
1385 2063 1527 2134 lapsi
1561 2064 1809 2130 fuerant,
1841 2063 2151 2117 concedere
2183 2062 2545 2127 decrevisset,
2591 2063 2965 2134 indulgentiae
3007 2064 3152 2118 hanc
3184 2063 3467 2118 rationem
3523 2062 3713 2116 reddit

333 2144 390 2197 in
441 2147 538 2216 Ep.
590 2164 696 2213 LIV,
743 2166 798 2220 p.
841 2151 906 2203 78
945 2166 957 2202 :
1005 2171 1031 2199 ‹‹
1082 2151 1221 2204 Nam
1264 2152 1586 2222 quomodo,
1637 2151 1856 2222 inquit,
1901 2151 2169 2204 docemus
2217 2156 2315 2204 aut
2363 2167 2737 2220 provocamus
2791 2169 2883 2206 eos
2932 2153 2989 2206 in
3041 2153 3398 2207 confessione
3450 2152 3708 2207 nominis

331 2236 665 2303 sanguinem
701 2254 868 2292 suum
897 2239 1158 2307 fundere,
1192 2241 1237 2293 si
1276 2241 1355 2294 eis
1401 2241 1722 2294 militaturis
1755 2241 1961 2294 Christi
2006 2239 2348 2309 sanguinem
2392 2240 2793 2310 denegamus?
2841 2244 2953 2295 Aut
2987 2241 3277 2313 quomodo
3321 2242 3390 2295 ad
3447 2241 3709 2310 martyrii

329 2324 595 2391 poculum
633 2326 866 2380 idoneos
908 2328 1165 2396 facimus,
1208 2329 1254 2382 si
1284 2346 1394 2382 non
1437 2346 1532 2383 eos
1563 2329 1716 2400 prius
1755 2329 1822 2382 ad
1863 2328 2177 2382 bibendum
2211 2330 2266 2381 in
2296 2329 2536 2383 Ecclesia
2567 2332 2829 2399 poculum
2876 2331 3096 2386 Domini
3125 2332 3255 2400 jure
3310 2331 3703 2385 communica-

334 2411 506 2465 tionis
543 2414 935 2470 admittimus‘?
973 2440 998 2466 »
1046 2420 1110 2472 Et
1138 2418 1198 2472 in
1235 2421 1332 2488 Ep.
1373 2435 1498 2473 LXlll
1544 2419 1620 2488 (p.
1669 2421 1786 2482 107)
1822 2438 1848 2466 ‹‹
1895 2417 2048 2472 Calix
2085 2417 2410 2471 Dominicus
2447 2418 2524 2470 sic
2561 2418 2821 2472 bibentes
2865 2419 3108 2473 inebriat
3159 2423 3218 2473 ut
3259 2420 3475 2474 sobrios
3516 2419 3706 2482 faciat,

338 2504 398 2552 ut
429 2508 646 2557 mentes
675 2505 746 2558 ad
802 2506 1112 2576 spiritalem
1153 2508 1494 2577 sapientiam
1541 2506 1788 2577 dirigat,
1819 2512 1878 2559 ut
1914 2523 1946 2559 a
1987 2522 2187 2576 sapore
2229 2505 2334 2559 isto
2363 2506 2614 2559 smeulari
2660 2506 2747 2562 ad.
2777 2508 3124 2562 intellectum
3160 2509 3257 2562 Dei
3300 2508 3701 2578 unusquisque

332 2589 663 2660 resipiscat:
708 2599 765 2648 et
803 2596 1291 2665 quemadmodum
1335 2597 1464 2650 vino
1498 2596 1604 2650 isto
1646 2595 1938 2649 communi
1979 2611 2138 2649 meus
2183 2595 2416 2648 solvitur
2460 2600 2515 2648 et
2544 2595 2735 2649 anima
2783 2597 3092 2663 relaxatur,
3135 2604 3193 2652 et
3251 2597 3482 2650 tristitia
3514 2596 3704 2649 omnis

337 2680 672 2750 exponitur,
721 2682 796 2737 ita
831 2689 1055 2754 epotato
1090 2685 1366 2755 sanguine
1404 2684 1626 2738 Domini
1657 2701 1687 2738 e
1719 2683 1923 2754 poculo
1972 2683 2237 2749 salutari,
2281 2690 2596 2753 exponatur
2637 2685 2911 2738 memoria
2949 2686 3153 2739 veteris
3200 2685 3467 2750 hominis,
3517 2691 3574 2739 et
3613 2684 3709 2738 tiat

335 2767 538 2822 oblivio
583 2771 1023 2826 conversationis
1062 2774 1314 2843 pristinae
1362 2773 1678 2838 suacularis,
1729 2777 1786 2827 et
1829 2778 2092 2827 moestum
2143 2780 2337 2843 pectus
2373 2791 2436 2827 ac
2465 2775 2644 2842 triste,
2688 2775 2840 2844 quod
2891 2776 3045 2845 prius
3079 2776 3324 2844 peccatis
3365 2774 3709 2844 augentibus

335 2859 718 2928 premebatur,
747 2861 952 2916 divinm
971 2863 1343 2932 indulgentia:
1372 2862 1564 2916 laetitia
1593 2863 1924 2916 resolvatur.
1959 2885 1984 2909 η
2017 2863 2304 2933 Quidquid
2334 2879 2472 2932 ergo
2502 2862 2665 2917 docet
2693 2865 2936 2918 Ecclesia
2968 2866 3248 2920 catholica
3275 2866 3345 2920 de
3376 2865 3700 2918 mutatione

332 2947 495 3018 panis
525 2954 582 3002 et
610 2949 720 3002 vini
743 2951 800 3002 in
829 2967 1030 3019 corpus
1056 2958 1111 3005 et
1135 2951 1476 3022 sanguinem
1502 2951 1728 3017 Christi,
1756 2951 2035 3022 quidquid
2064 2952 2259 3005 animo
2289 2951 2392 3005 hac
2420 2951 2530 3006 fide
2557 2951 2776 3007 imbuto
2809 2953 3095 3008 observari
3127 2958 3330 3025 potest,
3359 2954 3414 3007 id
3435 2951 3708 3024 Cypriani

340 3035 522 3090 menti
554 3035 898 3108 impressum
927 3046 983 3093 et
1012 3039 1359 3110 insculptum
1388 3039 1560 3093 fuisse
1601 3040 2006 3110 perspicimus.

408 3154 614 3224 Objicit
641 3156 805 3211 nobis
831 3157 1017 3212 editor
1041 3159 1374 3213 Oxoniensis
1400 3158 1552 3212 hunc
1575 3158 1759 3211 locum
1789 3173 1855 3211 ex
1886 3156 2062 3226 Epist.
2089 3173 2219 3211 Lxm
2251 3177 2261 3210 :
2299 3177 2324 3208 «
2355 3158 2440 3213 Sic
2461 3162 2652 3213 autem
2681 3158 2734 3212 in
2768 3159 3176 3213 sanctiﬁcando
3201 3159 3368 3213 calice
3399 3158 3652 3226 Domini,
3678 3181 3704 3207 ››

335 3243 521 3314 inquit
562 3247 638 3315 (p.
686 3248 805 3315 108)
839 3247 1182 3317 Cyprianus,
1227 3267 1254 3295 «
1298 3247 1491 3300 offerri
1530 3263 1679 3317 aqua
1717 3247 1839 3300 sola
1869 3262 1985 3299 non
2026 3249 2233 3316 potest,
2279 3249 2567 3316 quomodo
2603 3265 2707 3302 nec
2754 3249 2950 3302 vinum
2983 3249 3169 3302 solum
3211 3250 3444 3319 potest?
3477 3250 3617 3303 Nam
3663 3250 3708 3302 si

337 3333 533 3386 vinum
593 3339 816 3388 tantum
865 3336 992 3406 quis
1045 3337 1283 3401 offerat,
1342 3337 1573 3405 sanguis
1613 3335 1817 3390 Christi
1874 3334 2072 3405 incipit
2123 3351 2242 3389 esse
2297 3335 2417 3389 sine
2475 3336 2656 3390 nobis.
2716 3338 2770 3392 Si
2822 3354 2956 3392 vero
3011 3354 3156 3408 aqua
3211 3338 3284 3390 sit
3333 3338 3491 3404 sola,
3547 3337 3705 3407 plebs

334 3422 537 3492 incipit
579 3439 700 3478 esse
752 3424 870 3478 sine
919 3425 1162 3480 Christo.
1213 3425 1372 3489 Quod
1431 3431 1630 3480 autem
1684 3430 1994 3494 utrumque
2051 3424 2346 3491 miscetur,
2393 3430 2529 3479 tunc
2587 3429 3008 3480 sacramentum
3061 3427 3314 3497 spiritale
3366 3434 3422 3481 et
3480 3429 3703 3480 caeleste

335 3511 646 3580 perﬁcitur.
695 3533 722 3561 »
757 3515 836 3567 Ex
884 3513 972 3567 his
1017 3513 1233 3584 colligit
1261 3515 1601 3584 sanguinem
1641 3512 1844 3570 Christi
1888 3529 2008 3566 esse
2053 3514 2110 3566 in
2166 3513 2362 3578 calice,
2409 3515 2898 3584 quemadmodum
2938 3515 3062 3586 ipsa
3092 3516 3252 3586 plebs
3300 3532 3497 3570 eorum
3537 3515 3706 3569 calice

336 3601 612 3656 contineri
639 3603 861 3657 dicitur.
893 3603 1003 3658 Sed
1033 3603 1179 3658 adeo
1208 3603 1569 3658 manifestum
1600 3608 1685 3658 est
1715 3601 2046 3668 discrimen,
2081 3607 2145 3654 ut
2188 3601 2362 3655 mirer
2392 3602 2688 3656 hominem
2728 3604 3015 3658 eruditum
3059 3605 3116 3658 in
3147 3605 3233 3658 his
3261 3603 3706 3659 cavillationibus

338 3690 656 3745 immorari.
695 3693 826 3755 Quis
853 3693 1009 3747 enim
1042 3709 1296 3764 unquam
1331 3693 1471 3746 dixit
1501 3693 1775 3764 populum
1807 3692 2070 3746 recedere
2103 3707 2232 3745 cum
2267 3691 2480 3762 species
2511 3692 2822 3747 immutata;
2852 3696 3007 3759 sunt,
3039 3698 3096 3746 et
3121 3693 3234 3747 alia
3264 3693 3545 3763 ejusmodi
3576 3709 3704 3764 quae

337 3781 407 3834 de
449 3780 653 3837 Christi
697 3781 970 3851 sanguine
1014 3782 1163 3836 dicta
1210 3782 1376 3836 modo
1409 3782 1760 3836 retulimus?
1793 3781 2200 3848 Quamobrem,
2244 3799 2373 3836 cum
2421 3783 2628 3836 dicitur
2674 3783 2832 3853 plebs
2877 3799 2996 3837 esse
3046 3783 3103 3836 in
3149 3782 3351 3848 calice,
3406 3783 3705 3837 manifesta

336 3877 420 3929 est
462 3874 645 3945 ﬁgura
677 3891 803 3944 quas
833 3877 1125 3930 neminem
1158 3877 1350 3943 latere,
1397 3875 1692 3929 neminem
1728 3874 1788 3927 in
1833 3872 2039 3928 erroris
2083 3872 2400 3942 periculum
2442 3872 2720 3942 conjicere
2753 3873 2942 3944 possit.
2982 3875 3052 3928 At
3081 3876 3209 3943 post
3261 3872 3470 3927 Christi
3508 3873 3701 3934 verba,

336 3965 420 4017 hic
450 3970 527 4018 est
554 3967 798 4034 sanguis,
831 3970 963 4030 etc.,
996 3964 1245 4037 quotidie
1280 3967 1728 4018 commemorata
1755 3965 1812 4017 et
1843 3963 2139 4028 inculcata,
2186 3965 2310 4031 post
2338 3961 2698 4031 quotidianas
2741 3962 2798 4015 in
2841 3961 3113 4016 sacrificio
3161 3978 3377 4033 preces,
3407 3967 3469 4016 ut
3505 3961 3700 4015 vinum

336 4051 432 4106 fiat
489 4052 718 4123 sanguis
767 4053 994 4121 Christi,
1049 4053 1178 4124 quis
1238 4053 1482 4123 figuram
1536 4052 1804 4120 suspicari
1863 4050 2132 4122 potuisset
2187 4048 2330 4102 nihil
2388 4050 2542 4103 aliud
2623 4050 2856 4104 audiens
2914 4051 3022 4104 nisi
3074 4050 3281 4107 Christi
3360 4051 3701 4121 sanguinem

338 4157 458 4196 esse
512 4143 569 4196 in
616 4142 806 4211 calice,
857 4143 1048 4199 offerri
1102 4142 1162 4196 in
1207 4144 1421 4212 calice,
1471 4148 1526 4197 et
1569 4141 1707 4210 bibi,
1760 4157 1824 4195 ac
1873 4141 2099 4195 animas
2145 4141 2370 4193 nostras
2414 4139 2783 4194 corroborare
2828 4142 2889 4194 ut
2937 4139 3282 4211 sanguinem
3329 4156 3432 4211 pro
3481 4140 3702 4196 Christo

340 4231 689 4286 fundamus?

409 4341 519 4396 Sed
545 4340 788 4396 breviter
815 4340 976 4394 nobis
1003 4340 1450 4394 examinandum
1477 4338 1614 4411 quid
1648 4338 1873 4393 intersit
1899 4336 2046 4392 inter
2087 4337 2333 4390 rationes
2379 4335 2585 4407 quibus
2616 4353 2828 4408 aquam
2855 4335 3172 4408 Cyprianus
3199 4337 3359 4392 calici
3385 4337 3698 4391 infunden-

338 4433 491 4498 dam,
531 4434 588 4484 et
635 4447 702 4484 ea
735 4430 940 4501 quibus
978 4431 1174 4483 vinum
1215 4430 1448 4484 omnino
1482 4427 1861 4484 necessarium
1907 4442 2028 4480 esse
2077 4425 2397 4496 persuadet.
2431 4424 2520 4480 Sic
2568 4425 2725 4480 enim
2756 4429 2814 4480 et
2851 4426 3122 4481 Dominici
3163 4427 3462 4498 sanguinis
3492 4427 3700 4480 veritas

339 4519 571 4589 patebit,
604 4523 660 4574 et
688 4519 866 4574 obiter
894 4520 1224 4574 refellentur
1249 4520 1345 4591 qui
1389 4535 1600 4590 aquam
1627 4535 1658 4572 a
1684 4514 1985 4587 Cypriano,
2015 4520 2077 4567 ut
2099 4515 2227 4584 jure
2267 4513 2479 4582 divino,
2522 4532 2637 4569 non
2670 4516 2850 4569 solum
2881 4515 3275 4583 ecclesiastico,
3305 4514 3698 4586 praescriptam

337 4611 733 4665 commendari
761 4611 977 4665 volunt.
1001 4611 1055 4666 S.
1098 4612 1305 4682 Martyr
1333 4616 1586 4665 evertere
1636 4609 1906 4662 statuerat
1935 4605 2242 4676 pessimam
2285 4603 2772 4671 consuetudinem,
2805 4620 2932 4675 quae
2981 4604 3131 4674 apud
3163 4605 3470 4658 nonnullos
3500 4603 3700 4674 obrep~

338 4705 505 4766 serat,
538 4706 601 4754 ut
628 4717 775 4771 aqua
803 4701 920 4754 sola
957 4700 1014 4754 in
1055 4701 1335 4756 matutino
1363 4698 1638 4754 sacrificio
1668 4697 1985 4751 offerretur.
2026 4695 2410 4759 Quamobrem
2442 4695 2795 4749 demonstrat
2833 4710 3042 4766 aquam
3071 4710 3184 4748 non
3230 4694 3288 4748 in
3322 4693 3699 4756 Eucharistia,

339 4788 435 4843 sed
466 4794 685 4844 tantum
715 4789 774 4843 in
804 4788 1086 4860 Baptismo
1111 4789 1180 4844 ad
1207 4789 1503 4860 proprium
1534 4784 1872 4840 sacramenti
1901 4783 2168 4838 effectum
2204 4783 2562 4838 essentialem
2595 4798 2713 4838 esse
2745 4783 3075 4850 materiam,
3107 4787 3161 4837 et
3191 4803 3218 4830 ‹‹
3249 4781 3699 4853 quotiescunque

340 4895 485 4950 aqua
535 4879 650 4933 sola
691 4879 750 4932 in
799 4879 1101 4950 Scripturis
1145 4879 1500 4944 nominatur,
1551 4875 1834 4946 Baptisma
1883 4872 2198 4943 praedicari,
2242 4877 2297 4926 et
2338 4870 2722 4946 appellatione
2766 4887 2931 4941 aqua:
2979 4871 3267 4940 Baptisma
3312 4869 3696 4941 signiﬁcatum

337 4981 561 5037 semper
601 4983 759 5035 esse;
808 4990 834 5016 »
890 4973 947 5021 at
994 4983 1125 5021 vero
1171 4966 1229 5020 in
1283 4964 1635 5020 Eucharistia
1686 4982 1713 5010 ‹‹
1761 4961 1997 5015 calicem
2051 4960 2288 5013 mistum
2334 4960 2506 5014 fuisse
2530 4960 2720 5031 fquem
2775 4959 3048 5012 Dominus
3099 4958 3344 5026 obtulit,
3394 4964 3451 5012 et
3502 4958 3697 5013 vinum

335 5054 506 5108 fuisse
541 5055 695 5125 quod
725 5055 1065 5126 sanguinem
1099 5070 1266 5108 suum
1299 5054 1457 5119 dixit,
1488 5066 1740 5121 eumque
1775 5050 2032 5104 docuisse
2071 5049 2338 5120 exemplo
2381 5049 2696 5120 magisterii
2734 5049 2820 5101 sui
2858 5048 3094 5102 calicem
3125 5047 3239 5100 vini
3273 5052 3330 5102 et
3365 5063 3529 5118 aquas
3560 5064 3696 5102 con-

329 5143 626 5215 junctione
655 5146 899 5200 misceri.
933 5167 960 5194 »
991 5146 1131 5200 Hinc
1159 5161 1368 5215 aquam
1391 5145 1460 5199 ad
1491 5144 1751 5215 mysticas
1784 5148 2004 5196 tantum
2035 5141 2478 5211 significationes
2506 5136 2768 5191 adhiberi
2801 5135 3196 5190 demonstrat:
3231 5156 3259 5183 «
3312 5137 3499 5206 Aquas
3542 5153 3697 5190 nam-

336 5249 446 5304 que
477 5234 729 5303 populos,
766 5233 952 5305 inquit
979 5233 1056 5302 (p.
1095 5233 1235 5301 l08),
1266 5233 1581 5304 signiﬁcare
1604 5233 1662 5287 in
1690 5234 2019 5304 Apocalypsi
2042 5231 2331 5302 Scriptura
2356 5228 2543 5284 divina
2569 5227 2816 5281 declarat
2842 5225 3032 5280 dicens
3065 5241 3078 5279 :
3111 5227 3285 5294 Aqua:
3312 5241 3450 5294 quas
3479 5227 3697 5292 vidisti,

336 5337 500 5391 super
544 5337 678 5390 quas
722 5321 865 5376 sedet
914 5323 1174 5376 meretrix
1223 5322 1364 5382 illa.
1411 5323 1602 5391 populi
1656 5329 1706 5376 et
1755 5321 1929 5376 turbae
1979 5324 2028 5374 et
2086 5324 2267 5388 gentes
2323 5317 2653 5372 ethnicorum
2703 5320 2833 5369 sunt
2889 5319 2941 5368 ei
2994 5314 3217 5382 linguas.
3266 5315 3424 5378 Quod
3479 5314 3699 5368 scilicet

336 5408 716 5481 perspicimus
755 5414 812 5464 et
849 5410 908 5463 in
945 5412 1300 5463 sacramento
1339 5409 1522 5463 calicis
1564 5407 1864 5464 contineri.
1904 5409 2067 5474 Nam,
2109 5406 2242 5478 quia
2269 5421 2373 5460 nos
2415 5420 2618 5459 omnes
2639 5401 2907 5474 portabat
2933 5402 3216 5469 Christus,
3250 5402 3350 5474 qui
3381 5404 3437 5456 et
3467 5406 3698 5472 peccata

337 5500 529 5552 nostra
555 5495 832 5567 portabat,
864 5495 1120 5550 videmus
1146 5495 1205 5549 in
1244 5511 1390 5568 aqua
1421 5496 1695 5568 populum
1727 5494 1989 5566 intelligi,
2029 5495 2088 5548 in
2123 5494 2253 5548 vino
2287 5509 2416 5548 vero
2455 5491 2680 5547 ostendi
2709 5490 3055 5562 sanguinem
3081 5491 3308 5545 Christi.
3340 5513 3369 5541 »
3416 5492 3697 5546 Hactenus

336 5583 645 5656 Cyprianus
664 5582 1060 5638 necessitatem
1078 5601 1242 5656 aquae
1262 5585 1447 5639 elevat
1471 5583 1659 5654 potius
1679 5599 1855 5656 quam
1877 5580 2265 5638 commendat.
2290 5580 2396 5634 Sed
2421 5582 2611 5634 tamen
2637 5583 2840 5650 postea
2869 5579 2947 5633 ait
2975 5594 3182 5650 aquam
3208 5577 3495 5652 65-66
3517 5579 3698 5634 solam

336 5671 527 5728 offerri
555 5687 674 5726 non
702 5687 861 5742 posse
899 5691 928 5720 «
957 5673 1246 5742 quomodo
1273 5688 1376 5728 nec
1404 5671 1600 5726 vinum
1631 5672 1816 5726 solum
1841 5673 2050 5742 potest,
2082 5691 2109 5718 »
2147 5672 2203 5724 et
2246 5667 2672 5740 copulationem
2715 5673 2770 5723 et
2795 5667 3256 5738 conjunctionem
3289 5682 3454 5738 aqua:
3495 5669 3553 5722 et
3581 5668 3697 5722 vini

336 5760 415 5816 sic
441 5759 667 5819 misceri
694 5760 752 5816 in
795 5759 968 5816 calice
1015 5761 1254 5829 Domini,
1289 5784 1315 5811 «
1357 5765 1420 5815 ut
1449 5759 1779 5816 commixtio
1821 5759 1912 5813 illa
1949 5773 2068 5813 non
2112 5757 2285 5829 possit
2328 5756 2398 5811 ab
2436 5756 2680 5811 invicem
2720 5756 2993 5828 separari.
3037 5775 3065 5807 »
3112 5753 3694 5810 Animadvertendum

341 5851 426 5903 est
454 5848 721 5922 Cypriani
747 5848 1070 5908 consilium.
1100 5849 1388 5909 Disserens
1416 5865 1549 5908 cum
1578 5848 1907 5906 hominibus
1939 5861 2148 5921 aquam
2177 5847 2351 5903 solam
2382 5843 2804 5916 adhibentibus,
2835 5845 3014 5901 utitur
3038 5843 3321 5916 principio
3352 5844 3503 5915 quod
3531 5843 3693 5899 facile
