4084 6208
278 216 344 270 65
1802 208 2171 270 PREFATIO.
3565 216 3631 269 66

275 340 596 395 concessuri
642 344 822 409 erant,
864 354 936 394 ne
975 334 1168 393 vinum
1205 337 1437 409 quidem
1485 338 1671 407 solum
1711 337 1973 393 adhiberi
2003 336 2235 391 debere.
2268 336 2427 389 Nullo
2469 350 2603 390 sane
2645 333 2754 389 illis
2800 330 3055 390 obstabat
3102 333 3409 406 anticipata
3443 338 3637 408 opinio

272 430 580 499 quominus
609 428 666 481 id
695 429 1045 495 faterentur;
1078 427 1453 497 quamobrem
1482 428 1801 498 Cyprianus
1830 428 2029 482 statuit
2061 443 2267 497 aquam
2298 427 2473 479 solam
2504 426 2763 479 adhiberi
2804 442 2920 479 non
2952 425 3179 493 debere,
3213 427 3505 496 quomodo
3534 444 3639 481 nec

273 518 473 571 vinum
512 518 692 570 solum
718 533 731 581 ;
768 532 883 569 non
908 516 1059 586 quod
1094 518 1375 569 metueret
1403 531 1472 569 ne
1503 516 1787 586 ejusmodi
1814 516 2079 570 homines
2112 516 2307 569 vinum
2347 514 2531 568 solum
2561 514 2835 568 offerrent
2862 530 2874 579 ;
2904 531 3016 568 non
3057 516 3211 585 quod
3239 532 3447 586 aquam
3477 532 3638 587 aeque

267 624 333 660 ac
360 608 559 659 vinum
590 623 623 659 a
654 606 878 660 Christo
908 604 1295 675 prmscriptam
1325 609 1383 659 et
1412 605 1485 658 ad
1514 607 1823 660 essentiam
1852 607 2191 659 sacramenti
2225 604 2511 674 pertinere
2540 603 2795 671 duceret,
2831 604 2966 656 satis
2995 604 3147 656 enim
3182 603 3489 659 declaravit
3515 622 3641 659 eam

269 696 345 749 ad
396 696 666 766 mysticas
712 694 1157 765 signiﬁcationes
1197 694 1457 749 adhiberi
1490 712 1503 749 :
1531 696 1628 750 sed
1671 697 1806 767 quia
1849 698 1968 750 haec
2013 695 2369 766 comparatio
2419 694 2490 747 ad
2535 693 2650 746 vini
2688 692 3083 747 necessitatem
3129 694 3639 749 demonstrandam

271 785 541 856 apposita
567 790 707 852 erat,
741 789 796 838 et
841 800 909 837 ex
941 783 1325 838 incommodis
1353 801 1479 855 quas
1510 784 1643 839 vino
1689 785 1805 839 solo
1834 784 2089 840 adhibito
2130 788 2635 854 consequerentur,
2664 782 2843 835 multo
2884 781 3145 852 graviora
3173 783 3440 853 consequi
3480 789 3637 853 pate-

265 876 371 929 bat
398 874 441 928 si
486 891 636 945 aqua
676 875 792 928 sola
842 873 1204 928 adhibeatur.
1238 874 1378 927 Hinc
1424 873 1647 944 quoties
1690 874 1747 927 in
1782 875 1888 928 hac
1930 875 2169 945 epistola
2216 873 2444 927 calicem
2494 870 2725 924 mistum
2770 887 2889 925 esse
2932 869 3139 924 debere
3183 872 3398 939 statuit,
3430 888 3543 926 non
3586 871 3641 926 id

266 980 509 1035 proprie
536 964 707 1017 refert
737 962 807 1017 ad
842 978 1072 1034 aquam,
1107 963 1208 1016 sed
1237 963 1305 1016 ad
1340 962 1556 1029 vinum,
1591 964 1744 1033 quod
1776 962 1837 1016 hi
1866 978 2007 1033 quos
2036 962 2349 1028 refellebat,
2382 959 2745 1013 omittebant.

346 1053 750 1107 Necessitatem
793 1052 909 1105 vini
952 1053 1122 1121 longe
1155 1051 1321 1105 aliter
1346 1050 1605 1105 defendit
1646 1052 1976 1122 Cyprianus.
2009 1052 2371 1105 Demonstrat
2416 1054 2471 1103 1ο
2499 1048 2805 1118 Scripturae
2839 1049 3196 1119 testimoniis,
3230 1061 3293 1103 ut
3325 1068 3534 1121 aquam
3580 1054 3641 1107 in

269 1144 585 1213 Baptismo,
620 1142 698 1195 ita
723 1141 915 1194 vinum
944 1141 1001 1194 in
1030 1141 1385 1194 Eucharistia
1414 1141 1745 1211 designari;
1776 1144 1836 1195 2°
1865 1145 2213 1210 praeceptum
2247 1136 2449 1193 Christi
2478 1138 2646 1206 longe
2682 1136 3079 1206 gravissimum
3110 1138 3333 1205 violari,
3368 1141 3414 1193 si
3441 1140 3638 1195 vinum

271 1231 592 1285 omittatur.
629 1252 655 1277 α
680 1232 821 1286 Cum
847 1245 1006 1299 ergo,
1029 1228 1219 1299 inquit
1244 1230 1323 1299 (p.
1354 1230 1496 1299 107),
1526 1245 1715 1299 neque
1736 1229 1857 1299 ipse
1885 1228 2171 1298 apostolus
2197 1244 2385 1298 neque
2410 1226 2647 1296 angelus
2668 1226 2734 1279 de
2758 1226 2893 1280 cmlo
2918 1228 3259 1282 annuntiare
3282 1230 3458 1298 possit
3477 1230 3644 1284 aliter

272 1324 371 1372 aut
398 1320 605 1373 docere
632 1324 1017 1388 praeterquam
1047 1316 1201 1387 quod
1225 1316 1402 1370 semel
1433 1316 1686 1372 Christus
1716 1317 1911 1371 docuit
1942 1320 1999 1370 et
2028 1316 2271 1388 apostoli
2302 1317 2423 1386 ejus
2450 1314 2956 1382 annuntiaverunt,
2988 1316 3167 1369 miror
3193 1318 3324 1371 satis
3353 1318 3506 1372 unde
3532 1319 3641 1373 hoc

273 1412 616 1478 usurpatum
657 1407 746 1473 sit,
778 1410 861 1472 ut,
889 1410 1087 1460 contra
1118 1405 1507 1475 evangelicam
1537 1411 1593 1459 et
1633 1405 2001 1476 apostolicam
2043 1406 2417 1475 disciplinam,
2449 1402 2792 1474 quibusdam
2836 1404 2893 1457 in
2924 1404 3061 1457 locis
3104 1422 3253 1476 aqua
3284 1405 3556 1459 offeratur
3582 1407 3640 1459 in

271 1497 569 1552 Dominico
595 1497 781 1563 calice,
807 1512 935 1565 qua).
963 1494 1087 1548 sola
1111 1494 1314 1549 Christi
1345 1495 1683 1565 sanguinem
1716 1510 1830 1547 non
1860 1493 2036 1564 possit
2062 1495 2399 1565 exprimere.
2429 1514 2456 1542 »
2490 1494 2557 1547 Et
2581 1509 2640 1563 p.
2668 1495 2768 1545 109
2803 1508 2815 1545 :
2852 1514 2877 1541 ‹‹
2907 1491 3067 1555 Quod
3099 1494 3144 1545 si
3175 1510 3278 1548 nec
3311 1495 3548 1548 minima
3570 1496 3640 1549 de

273 1586 562 1640 mandatis
584 1584 896 1639 Dominicis
926 1584 1057 1636 licet
1082 1583 1320 1651 solvere,
1356 1587 1569 1653 quanto
1602 1583 1786 1652 magis
1821 1588 1935 1637 tam
1965 1598 2197 1652 magna,
2223 1589 2338 1636 tam
2370 1582 2625 1653 grandia,
2652 1585 2767 1635 tam
2796 1581 2867 1635 ad
2888 1581 3073 1653 ipsum
3104 1584 3405 1637 Dominicas
3427 1585 3639 1654 passio-

272 1675 356 1727 nis
386 1680 447 1727 et
478 1678 688 1727 nostras
716 1671 1127 1741 redemptionis
1154 1676 1570 1726 sacramentum
1597 1673 1946 1742 pertinentia
1981 1674 2066 1726 fas
2096 1689 2209 1726 non
2242 1677 2327 1727 est
2355 1674 2697 1743 infringere,
2724 1677 2822 1726 aut
2852 1672 2909 1725 in
2936 1671 3089 1725 aliud
3117 1690 3287 1743 quam
3314 1675 3465 1745 quod
3496 1675 3638 1728 divi-

274 1765 429 1817 nitus
475 1762 799 1817 institutum
848 1761 937 1827 sit,
978 1760 1232 1814 humana
1282 1761 1590 1815 traditione
1635 1763 1905 1816 mutare?
1940 1783 1968 1811 ››
2015 1765 2074 1816 3°
2121 1762 2199 1814 Ex
2242 1761 2345 1815 hac
2388 1762 2563 1815 divini
2602 1760 2843 1815 instituti
2892 1761 3193 1815 temeraria
3240 1764 3640 1818 immutatione

272 1868 544 1923 quaenam
585 1849 951 1904 incommoda
980 1848 1252 1919 consequi
1297 1850 1583 1904 existimat
1608 1850 1969 1920 Cyprianus?
2001 1872 2027 1899 ‹‹
2057 1850 2307 1905 Calicem
2334 1851 2566 1917 etenim,
2596 1849 2783 1920 inquit
2814 1850 2890 1919 (p.
2925 1850 3066 1919 106),
3101 1851 3202 1904 sub
3234 1851 3323 1905 die
3362 1853 3640 1922 passionis

273 1942 585 2012 accipiens,
617 1941 906 1995 benedixit
933 1944 990 1995 et
1015 1940 1169 1995 dedit
1207 1939 1493 2010 discipulis
1526 1940 1639 1994 suis
1679 1941 1873 1996 dicens
1903 1956 1915 1994 :
1945 1941 2121 1995 Bibite
2152 1957 2218 1994 ex
2256 1941 2349 1994 hoc
2378 1954 2575 1993 omnes.
2610 1941 2708 1993 Hic
2740 1945 2819 1992 est
2864 1941 3009 1993 enim
3036 1943 3259 2007 sanguis
3288 1942 3415 1993 novi
3458 1944 3638 1995 Testa-

272 2035 461 2094 menti,
494 2037 602 2086 etc.
634 2030 755 2094 Qua
784 2031 840 2083 in
882 2035 1040 2099 parte
1083 2030 1409 2083 invenimus
1439 2030 1673 2084 calicem
1704 2031 1939 2086 mistum
1965 2031 2137 2085 fuisse
2171 2046 2342 2101 quem
2384 2030 2655 2084 Dominus
2692 2028 2915 2095 obtulit,
2945 2034 3003 2082 et
3049 2028 3240 2082 vinum
3272 2028 3443 2083 fuisse
3489 2030 3641 2100 quod

273 2122 621 2191 sanguinem
649 2136 815 2174 suum
852 2119 1011 2173 dixit.
1045 2119 1205 2173 Unde
1237 2124 1473 2189 apparet
1504 2121 1840 2191 sanguinem
1868 2120 2076 2175 Christi
2105 2136 2217 2174 non
2245 2118 2455 2184 offerri,
2480 2118 2528 2170 si
2555 2116 2704 2170 desit
2734 2116 2926 2171 vinum
2952 2117 3143 2183 calici;
3174 2134 3279 2171 nec
3308 2118 3644 2173 sacriﬁcium

273 2210 637 2263 Dominicum
678 2208 940 2279 legitima
987 2207 1433 2263 sanctiﬁcatione
1468 2208 1764 2274 celebrari,
1796 2208 1905 2261 nisi
1955 2208 2166 2263 oblatio
2199 2212 2255 2263 et
2294 2206 2631 2262 sacriﬁcium
2677 2211 2935 2263 nostrum
2978 2206 3335 2276 responderit
3376 2208 3640 2277 passioni.

272 2300 469 2351 Passio
500 2300 588 2350 est
616 2296 768 2350 enim
802 2297 1044 2364 Domini,
1080 2320 1106 2345 «
1141 2303 1199 2351 ut
1226 2298 1304 2351 ait
1327 2300 1402 2367 (p.
1438 2298 1579 2367 109),
1617 2319 1642 2346 ‹‹
1672 2297 2009 2351 sacriﬁcium
2040 2298 2189 2368 quod
2234 2296 2541 2351 offerimus.
2580 2316 2607 2344 n
2638 2294 2849 2349 Idcirco
2877 2310 3012 2365 ergo
3039 2310 3107 2348 ex
3139 2295 3415 2366 Cypriano
3445 2296 3643 2351 vinum

270 2387 669 2441 adhibendum
700 2388 760 2439 in
801 2386 996 2452 calice,
1025 2387 1157 2457 quia
1199 2403 1331 2441 cum
1367 2387 1622 2442 Christus
1653 2392 1883 2456 accepto
1930 2387 2064 2440 vino
2096 2386 2299 2440 dixerit
2330 2403 2341 2438 :
2377 2386 2475 2439 Hic
2510 2388 2585 2437 est
2623 2385 2868 2449 sanguis,
2897 2387 3029 2451 etc.,
3057 2384 3102 2437 si
3145 2400 3295 2453 aqua
3322 2386 3439 2438 sola
3474 2384 3642 2439 adbi-

272 2477 502 2543 beatur,
528 2493 674 2546 aqua
700 2475 1041 2542 remanebit,
1066 2492 1173 2529 nec
1187 2476 1311 2546 jam
1342 2476 1610 2531 offeretur
1635 2475 1842 2531 Christi
1873 2474 2128 2545 sanguis,
2156 2491 2267 2528 non
2289 2474 2397 2528 erit
2414 2472 2598 2543 passio
2620 2472 2846 2526 Domini
2870 2472 3210 2527 sacriﬁcium
3234 2481 3512 2542 nostrum,
3537 2491 3643 2529 nec

273 2568 428 2621 idem
470 2566 740 2620 offeretur
770 2567 920 2636 quod
956 2566 1015 2619 in
1042 2565 1301 2637 passione
1341 2566 1594 2620 oblatum
1625 2569 1727 2620 est.
1754 2567 1813 2619 4ο
1840 2567 2269 2621 Commemorat
2294 2564 2469 2619 etiam
2498 2562 2812 2633 Cyprianus
2856 2568 2996 2634 quot
3035 2569 3092 2617 et
3116 2567 3329 2632 quanta
3363 2564 3644 2619 beneﬁcia

274 2680 299 2703 ‹‹
342 2673 374 2710 e
402 2659 601 2726 potato
630 2655 908 2726 sanguine
945 2655 1163 2709 Domini
1188 2659 1246 2709 et
1275 2656 1477 2725 poculo
1507 2655 1734 2709 salutari
1764 2676 1789 2703 ››
1821 2654 2223 2725 pereipiamus,
2254 2659 2317 2708 ut
2358 2653 2712 2707 demonstret
2756 2668 2932 2723 quam
2963 2652 3313 2707 damnosum
3337 2653 3407 2706 sit
3435 2670 3643 2724 aquam

271 2746 453 2799 solam
485 2744 779 2798 adhibere.
807 2744 975 2798 Addit
1000 2743 1215 2814 grande
1245 2744 1514 2799 delictum
1536 2761 1655 2798 esse
1697 2745 1765 2798 de
1791 2743 1997 2799 Christi
2032 2764 2059 2793 «
2089 2744 2371 2813 sanguine
2393 2747 2449 2798 et
2477 2759 2675 2797 cruore
2709 2741 3049 2811 confundi,»
3089 2758 3192 2796 nec
3214 2742 3337 2812 jam
3359 2758 3455 2797 eos
3480 2760 3643 2813 posse

274 2856 299 2885 α
338 2840 582 2904 propter
622 2833 910 2887 Christum
957 2834 1300 2903 sanguinem
1347 2834 1589 2887 fundere
1635 2834 1732 2903 qui
1782 2833 2123 2904 sanguinem
2170 2832 2375 2888 Christi
2425 2833 2765 2887 erubescunt
2804 2832 3088 2886 bibere.»
3139 2834 3260 2886 Jam
3307 2849 3440 2886 vero
3483 2832 3643 2887 facile

269 2924 616 2993 perspicitur
657 2939 769 2993 quo
808 2939 978 2976 sensu
1024 2924 1266 2992 plebem,
1304 2940 1417 2995 quo
1462 2939 1629 2977 sensu
1658 2921 1998 2993 sanguinem
2044 2920 2251 2976 Christi
2295 2922 2354 2975 in
2382 2922 2555 2976 calice
2602 2937 2720 2976 esse
2765 2920 3055 2975 existimet
3098 2920 3430 2991 Cyprianus.
3460 2920 3644 2974 Plebis

270 3029 402 3065 cum
435 3012 661 3067 Christo
686 3012 1150 3082 conjunctionem
1180 3029 1342 3082 aquae
1372 3028 1502 3065 cum
1528 3012 1658 3065 vino
1681 3010 2081 3081 conjunctione
2104 3010 2413 3080 signiﬁcari
2440 3010 2640 3078 docet;
2665 3015 2739 3071 et,
2761 3026 2907 3080 aqua
2936 3009 3161 3079 omissa,
3181 3009 3386 3065 Christi
3412 3009 3645 3080 quidem

270 3102 622 3172 sanguinem
670 3100 859 3155 oﬁ‘erri
898 3108 955 3156 et
994 3102 1314 3172 passionem
1357 3101 1796 3156 commemorari
1832 3100 2061 3166 fatetur,
2094 3099 2193 3153 sed
2229 3105 2418 3153 tanem
2466 3117 2578 3153 non
2626 3100 2745 3153 leve
2780 3100 3216 3155 incommodum
3247 3099 3370 3153 fore
3402 3099 3447 3152 si
3496 3098 3645 3153 desit

272 3191 459 3261 plebis
504 3207 635 3244 cum
680 3191 899 3247 Christo
943 3191 1282 3261 conjunctio.
1318 3193 1391 3245 At
1433 3207 1563 3245 vero
1608 3190 1950 3260 sanguinem
1990 3188 2193 3245 Christi
2246 3189 2305 3242 in
2344 3189 2514 3243 calice
2549 3205 2667 3244 esse
2696 3189 2962 3254 declarat,
2998 3188 3130 3258 quia
3169 3188 3422 3243 Christus
3454 3187 3595 3241 dixit
3627 3206 3639 3242 :

266 3284 373 3336 Hic
423 3288 501 3334 est
543 3283 793 3350 sanguis,
834 3285 967 3347 etc.,
996 3297 1097 3336 nec
1141 3282 1280 3351 jam,
1324 3284 1370 3335 si
1418 3282 1652 3353 sanguis
1694 3280 1860 3347 desit,
1896 3279 2232 3334 sacriﬁcium
2281 3278 2472 3333 oﬁ‘erri
2513 3278 2686 3349 possit
2733 3281 2791 3331 et
2835 3277 3017 3348 passio
3065 3278 3292 3333 Domini
3332 3277 3642 3347 celebrari;

268 3369 601 3440 quinetiam
627 3369 811 3436 donis,
840 3385 969 3440 quae
999 3371 1342 3441 sanguinem
1368 3370 1576 3426 Christi
1607 3370 1931 3441 potantibus
1954 3369 2232 3439 promissa
2262 3373 2413 3433 sunt,
2444 3366 2675 3438 penitus
2705 3366 3197 3422 defraudabimur.

1266 3551 1394 3605 XIV.
1440 3583 1507 3592 —
1546 3569 1613 3608 ns
1646 3569 2000 3612 COMMUNIONE
2038 3570 2135 3611 sua
2174 3570 2419 3616 UTRAQUE
2459 3570 2661 3610 srecra.

342 3706 631 3771 Quamvis
660 3708 972 3779 Cyprianus
997 3709 1334 3766 sacriﬁcium
1363 3714 1466 3768 sub
1498 3720 1731 3787 utraque
1761 3717 1948 3788 specie
1980 3714 2339 3771 offerendum
2359 3731 2497 3781 esse,
2531 3715 2703 3785 idque
2731 3731 2764 3769 a
2791 3714 3015 3769 Christo
3048 3713 3375 3768 institutum
3404 3718 3458 3768 et
3494 3729 3643 3785 prie-

264 3800 561 3869 scriptum
590 3815 713 3852 esse
743 3800 1072 3867 contendat,
1099 3817 1217 3855 non
1247 3806 1442 3857 tamen
1476 3807 1940 3861 communionem
1969 3805 2074 3860 sub
2098 3808 2341 3876 utraque
2373 3804 2558 3875 specie
2585 3804 2959 3859 necessariam
2982 3804 3302 3873 judicabat,
3331 3809 3395 3858 ut
3422 3820 3489 3856 ex
3524 3803 3646 3872 ejus

260 3887 579 3958 principiis
606 3894 662 3941 et
688 3904 757 3942 ex
788 3888 1202 3944 consuetudine
1238 3891 1389 3945 illius
1418 3894 1599 3948 aetatis
1626 3895 1869 3965 perspici
1898 3898 2103 3965 potest.
2137 3896 2330 3965 Neque
2363 3893 2515 3948 enim
2546 3910 2903 3964 quaecunque
2944 3892 3198 3947 Christus
3225 3892 3357 3947 fecit
3386 3894 3445 3946 in
3480 3891 3644 3946 insti-

265 3977 503 4029 tutione
554 3978 891 4030 sacramenti
932 3993 997 4030 ea
1038 3978 1232 4031 omnia
1258 3979 1439 4035 instar
1464 3982 1604 4053 legis
1644 3984 1988 4037 observanda
2029 3983 2294 4052 ducebat,
2325 3984 2421 4038 sed
2466 3999 2533 4038 ea
2574 3988 2799 4037 tantum
2829 3998 2955 4053 quae
2999 3981 3069 4061 ad
3111 3981 3416 4035 essentiam
3458 3996 3644 4034 sacra-

264 4066 463 4121 menti
515 4066 832 4137 pertinent.
866 4066 1026 4133 Nam,
1069 4083 1201 4121 cum
1248 4069 1298 4123 ei
1343 4071 1686 4141 objiceretur
1730 4074 2039 4128 Dominum
2087 4077 2217 4144 post
2259 4090 2477 4128 ccenam
2525 4074 2813 4139 obtulisse,
2855 4074 2931 4126 sic
2983 4071 3288 4143 respondet
3336 4074 3456 4142 (Ep.
3496 4086 3644 4136 Lxm,

261 4174 325 4227 p.
362 4157 495 4224 109)
529 4174 541 4209 :
578 4177 605 4203 ‹‹
638 4156 922 4227 Numquid
957 4173 1093 4227 ergo
1136 4158 1496 4214 dominicum
1538 4164 1667 4231 post
1693 4178 1907 4216 coenam
1951 4163 2237 4217 celebrare
2280 4163 2579 4229 debemus,
2612 4168 2677 4218 ut
2716 4164 2792 4217 sic
2825 4163 3059 4216 mistum
3104 4162 3332 4216 calicem
3372 4161 3645 4232 frequen-

264 4245 468 4299 tandis
498 4243 803 4298 dominicis
840 4244 1495 4302 oﬁ'eramus?Christum
1528 4248 1729 4304 offerre
1760 4251 2056 4322 oportebat
2082 4253 2229 4305 circa
2266 4268 2562 4324 vesperam
2594 4252 2724 4319 diei,
2752 4256 2813 4306 ut
2842 4252 2983 4306 hora
3015 4251 3134 4322 ipsa
3164 4250 3417 4305 sacriﬁcii
3458 4253 3647 4303 osten-

262 4336 446 4388 deret
472 4349 749 4405 occasum,
769 4339 825 4387 et
854 4349 1148 4403 vesperam
1195 4335 1506 4390 mundi.....
1541 4338 1649 4392 Nos
1686 4343 1881 4393 autem
1921 4341 2403 4396 resurrectionem
2432 4342 2656 4396 Domini
2701 4358 2866 4395 mane
2906 4341 3274 4395 celebramus.
3308 4362 3335 4389 ››
3368 4340 3482 4394 Cur
3509 4355 3646 4410 ergo

260 4423 689 4493 prescriptum
720 4440 840 4477 esse
869 4430 1042 4494 negat
1066 4428 1131 4477 ut
1156 4424 1309 4478 idem
1344 4426 1450 4480 hac
1482 4426 1537 4480 in
1568 4444 1627 4480 re
1654 4428 1923 4481 faciamus
1951 4430 2103 4498 quod
2131 4430 2386 4484 Christus
2412 4432 2547 4485 fecit
2582 4450 2594 4486 :
2632 4431 2687 4484 in
2718 4430 3001 4485 oblatione
3031 4435 3225 4485 autem
3253 4430 3416 4499 panis
3446 4433 3501 4483 et
3529 4428 3646 4482 vini

261 4529 409 4565 eum
439 4512 804 4566 sacerdotem
825 4512 1033 4568 Christi
1062 4513 1179 4567 vice
1206 4530 1334 4568 vere
1360 4514 1523 4585 fungi
1555 4517 1867 4583 contendit,
1893 4538 1919 4566 α
1941 4518 2037 4587 qui
2063 4518 2118 4572 id
2140 4519 2293 4589 quod
2312 4518 2567 4574 Christus
2593 4518 2727 4573 fecit
2752 4518 3034 4590 imitatur,
3057 4522 3114 4573 et
3139 4518 3303 4573 offert
3329 4517 3647 4572 secundum

262 4602 437 4673 quod
488 4602 681 4672 ipsum
721 4602 1011 4657 Christum
1052 4602 1234 4658 videat
1275 4603 1589 4660 obtulisse?
1620 4629 1646 4655 »
1676 4606 1837 4664 Ratio
1882 4606 2052 4676 hujus
2097 4607 2181 4661 rei
2221 4614 2351 4662 ante
2394 4608 2586 4662 oculos
2633 4608 2831 4677 posita.
2863 4608 3013 4661 Nihil
3065 4608 3236 4662 refert
3265 4607 3337 4661 ad
3380 4611 3648 4660 naturam

258 4691 570 4755 sacriﬁcii,
604 4694 794 4744 utrum
838 4707 1009 4745 mane
1049 4708 1121 4745 an
1161 4699 1290 4763 post
1329 4710 1545 4748 coenam
1589 4695 1874 4749 offeratur.
1907 4695 2033 4763 Sed,
2068 4696 2113 4750 si
2160 4712 2309 4767 aqua
2348 4713 2452 4767 pro
2494 4696 2624 4749 vino
2661 4695 2953 4763 offeratur,
2983 4696 3309 4751 institutum
3352 4712 3385 4749 a
3423 4696 3644 4750 Christo

258 4779 629 4834 sacriﬁcium
660 4780 887 4849 penitus
927 4781 1215 4847 evertitur,
1250 4798 1355 4835 nec
1396 4782 1515 4852 ejus
1546 4785 1728 4854 passio
1766 4784 2104 4852 celebratur,
2134 4801 2238 4839 nec
2277 4784 2506 4854 sanguis
2538 4785 2595 4837 in
2627 4785 2793 4837 calice
2825 4784 3099 4838 offeretur
3141 4788 3239 4837 aut
3266 4784 3511 4850 bibetur,
3546 4784 3648 4838 sed

254 4886 427 4941 aqua
484 4870 828 4923 communis.
876 4870 955 4923 Ex
1006 4869 1096 4923 his
1142 4870 1430 4941 principiis
1471 4873 1713 4944 perspici
1749 4877 1931 4943 potest
1975 4872 2114 4944 quid
2156 4873 2225 4928 de
2268 4872 2674 4928 communione
2723 4872 2828 4926 sub
2885 4875 3122 4942 utraque
3175 4872 3362 4943 specie
3412 4872 3651 4927 senserit

253 4959 630 5030 Cyprianus.
661 4958 1040 5012 Necessariam
1068 4964 1126 5014 et
1151 4975 1184 5013 a
1211 4960 1431 5014 Christo
1459 4953 1804 5031 praeceptam
1834 4960 2067 5016 credere
2094 4977 2210 5015 non
2240 4961 2447 5032 potuit,
2481 4960 2694 5032 quippe
2723 4976 2854 5015 cum
2882 4962 2952 5015 ad
2979 4961 3279 5016 essentiam
3307 4963 3651 5016 sacramenti

253 5066 386 5103 non
418 5046 740 5118 pertineat.
768 5047 969 5100 Totum
1014 5048 1167 5101 enim
1195 5048 1483 5103 Christum
1514 5050 1616 5103 sub
1646 5054 1886 5121 utraque
1927 5051 2111 5121 specie
2142 5052 2401 5121 agnoscit
2428 5052 2765 5123 Cyprianus,
2796 5051 2948 5106 illius
2975 5053 3348 5122 majestatem
3386 5051 3444 5105 in
3475 5052 3651 5107 calice

252 5142 608 5205 reveretur,
642 5154 887 5210 eumque
927 5139 1221 5194 recessisse
1248 5140 1496 5195 declarat
1524 5157 1554 5195 e
1586 5142 1848 5196 manibus
1880 5142 2125 5196 hominis
2165 5140 2563 5209 contaminati,
2594 5141 2656 5196 in
2700 5140 2907 5211 quibus
2937 5142 3060 5195 loco
3100 5140 3471 5195 Eucharistia
3510 5140 3651 5194 cinis

251 5233 565 5287 inventus
593 5232 696 5282 est.

329 5317 742 5375 Consentiunt
764 5319 1011 5389 antiquae
1038 5318 1297 5375 Ecclesiae
1316 5319 1756 5376 consuetudines
1781 5334 1910 5373 cum
1939 5318 2119 5390 ipsius
2137 5318 2248 5374 ﬁde
2276 5321 2335 5373 et
2357 5317 2640 5387 doctrina,
2659 5316 2780 5388 jam
2799 5318 3044 5373 vidimus
3065 5334 3131 5373 ex
3158 5317 3438 5389 Cypriano
3462 5330 3654 5372 exem-

250 5410 438 5482 plum
482 5407 692 5477 puella
736 5423 799 5461 ex
824 5408 944 5461 solo
990 5408 1162 5463 calice
1190 5410 1680 5477 communicantis,
1716 5426 1892 5481 quam
1942 5409 2418 5464 consuetudinem
2455 5423 2627 5462 nemo
2677 5407 2857 5462 nescit
2896 5408 2954 5462 in
3006 5407 3312 5463 Occidente
3362 5422 3539 5478 usque
3584 5406 3656 5461 ad

252 5493 590 5571 67-68
617 5496 1018 5551 duodecimum
1040 5498 1308 5551 saeculum
1335 5515 1743 5569 perseverasse.
1771 5500 1915 5553 Luce
1940 5499 2143 5553 clarius
2170 5500 2254 5552 est
2278 5498 2428 5552 hanc
2448 5496 2697 5568 puellam
2721 5496 2823 5549 sub
2854 5495 3039 5565 specie
3071 5496 3234 5565 panis
3254 5512 3369 5550 non
3391 5511 3653 5550 commu-

248 5589 545 5651 nicasse;
576 5584 721 5637 hanc
749 5584 902 5638 enim
937 5584 1228 5639 historiam
1254 5586 1431 5639 refert
1454 5588 1771 5657 Cyprianus
1814 5590 1875 5641 ut
1901 5591 2094 5658 pateat
2118 5587 2177 5641 in
2206 5601 2441 5656 corpore
2475 5591 2649 5655 atque
2680 5601 2777 5638 ore
2822 5584 3031 5638 violato
3070 5584 3482 5638 Eucharistiam
3517 5598 3649 5653 per»

252 5688 534 5732 manere
554 5689 668 5727 non
688 5673 933 5743 potuisse
955 5690 968 5727 :
996 5679 1071 5743 at,
1091 5674 1136 5727 si
1157 5674 1405 5745 speciem
1428 5677 1589 5746 panis
1608 5680 1779 5731 antea
1798 5676 2146 5747 sumpsisset,
2167 5676 2391 5730 nullum
2409 5690 2638 5745 prorsus
2660 5672 3023 5739 miraculum,
3044 5672 3199 5726 nulla
3220 5670 3487 5743 Cypriani
3508 5668 3654 5723 ratio

258 5762 628 5827 exstitisset.
652 5761 952 5819 Attulimus
974 5763 1144 5819 etiam
1172 5765 1506 5839 exemplum
1532 5765 1685 5821 illius
1706 5765 1808 5838 qui
1832 5766 1892 5820 in
1916 5764 2173 5820 manibus
2196 5763 2567 5820 Eucharistia
2591 5763 2717 5819 loco
2740 5762 2990 5819 cinerem
3015 5760 3233 5817 invenit
3261 5777 3275 5817 :
3300 5759 3455 5815 aliud
3474 5758 3658 5819 exstat
