4084 6208
404 277 468 327 67
1715 260 1779 320 D.
1813 261 2175 322 PRUDENTII
2215 263 2470 320 MARAN]
3693 269 3758 322 68

409 395 766 452 simillimum
799 393 859 446 in
882 391 1085 447 eodem
1126 390 1190 444 de
1219 391 1407 458 Lapsis
1451 388 1597 443 libro
1628 388 1884 442 mulieris
1909 388 2204 458 cujusdam
2230 404 2378 458 quae,
2413 404 2543 440 cum
2585 408 2612 436 «
2640 403 2824 442 arcam
2870 404 3052 456 suam,
3088 389 3144 442 in
3179 405 3292 460 qua
3335 389 3560 444 Domini
3595 406 3758 444 sanc-

402 493 523 540 tum
555 486 677 549 fuit,
714 482 973 537 manibus
999 479 1250 550 indignis
1273 484 1550 534 tentasset
1576 479 1818 548 aperire,
1847 479 1982 547 igne
2008 477 2139 530 inde
2170 481 2437 546 surgente
2472 477 2740 530 deterrita
2768 482 2851 531 est
2878 494 2948 530 ne
2981 478 3222 532 auderet
3247 479 3554 547 attingere.
3587 500 3613 526 ››

865 657 932 666 --
973 643 1019 679 S.
1061 639 1302 678 CYPRIANI
1343 638 1629 678 SENTENTIA
1668 638 1734 676 DE
1771 636 2084 686 SACRIFKCIO,
2127 637 2194 674 DE
2236 637 2570 676 PURGATORIO
2613 638 2671 676 ET
2707 637 3062 677 INVOCATIONE
3103 637 3448 678 SANCTORUM.

477 734 888 789 Eucharistiam
934 748 1133 787 verum
1164 748 1282 785 esse
1313 747 1374 784 ac
1417 730 1646 801 proprie
1677 730 1892 784 dictum
1937 728 2274 782 sacriﬁcium
2305 729 2626 783 testimonio
2655 746 2755 783 suo
2802 729 3104 784 conﬁrmat
3142 730 3474 800 Cyprianus.
3510 749 3537 780 ι(
3573 729 3760 782 1)οωί-

405 826 546 880 uicae
594 823 792 878 hostia:
837 822 1144 876 veritatem
1173 843 1198 869 ››
1232 820 1622 874 schismaticos
1650 841 1677 868 «
1712 835 1814 888 per
1856 818 1990 872 falsa
2016 818 2281 872 sacriﬁcia
2312 818 2608 888 profanare
2643 840 2670 865 »
2709 817 2787 871 ait
2823 819 2881 872 in
2927 818 3068 871 libro
3098 819 3168 872 de
3200 821 3345 873 Unit.
3378 819 3571 874 Eccles.
3608 821 3762 888 (pag.

403 914 553 982 200).
585 914 726 966 Vera
772 912 862 964 illa
892 910 1076 964 hostia
1115 926 1284 980 quam
1313 909 1623 978 Cyprianus
1665 907 1855 962 oﬁerri
1888 908 2181 962 contendit
2209 907 2264 960 in
2291 909 2405 961 sola
2433 907 2695 970 Ecclesia,
2727 907 2846 978 ipse
2887 908 3140 961 Christus
3175 911 3258 960 est
3301 907 3358 960 in
3395 908 3559 961 altari
3593 907 3763 961 modo

405 1002 703 1056 incruento
734 1000 1080 1054 immolatus.
1114 1020 1140 1047 ‹‹
1167 1001 1320 1052 Jesus
1363 998 1618 1052 Christus
1647 997 1917 1051 Dominus
1945 1000 2000 1050 et
2024 998 2170 1051 Deus
2198 1000 2409 1062 noster,
2439 997 2625 1066 inquit
2661 997 2758 1066 Ep.
2788 1013 2915 1050 Lmi
2942 996 3016 1065 (p.
3053 996 3196 1060 {09),
3229 996 3347 1066 ipse
3395 1001 3480 1049 est
3506 1012 3767 1048 summus

407 1091 671 1143 sacerdos
725 1089 825 1143 Dei
883 1089 1082 1153 Patris,
1126 1093 1183 1142 et
1232 1087 1573 1141 sacriﬁcium
1621 1087 1866 1157 seipsum
1921 1086 2139 1156 primus
2183 1085 2404 1152 obtulit,
2455 1091 2512 1138 et
2566 1085 2674 1138 hoc
2730 1084 2852 1138 ﬁeri
2913 1085 2969 1137 in
3015 1085 3100 1138 sui
3157 1084 3768 1138 commemorationem

407 1180 698 1250 praecepit.
737 1202 762 1227 ››
805 1181 944 1234 Cum
992 1193 1132 1247 ergo
1178 1177 1380 1231 eadem
1425 1175 1655 1230 victima
1698 1193 1823 1246 quae
1870 1174 1927 1228 in
1975 1191 2142 1228 cruce
2193 1174 2377 1228 oblata
2419 1176 2522 1239 est,
2555 1172 2827 1227 offeratur
2869 1173 2926 1226 in
2971 1175 3154 1240 altari,
3187 1190 3304 1227 non
3353 1173 3642 1226 immerito
3690 1172 3770 1226 ait

405 1267 770 1339 Cyprianus:
807 1289 833 1314 υ
878 1265 1070 1320 Passio
1102 1272 1185 1320 est
1230 1265 1457 1318 Domini
1503 1265 1841 1319 sacrificium
1881 1263 2033 1334 quod
2082 1263 2374 1316 offerimus
2423 1284 2470 1315 ν.
2507 1264 2685 1331 Negat
2726 1263 2785 1314 in
2818 1262 3028 1316 eadem
3074 1263 3309 1332 epistola
3355 1282 3382 1312 ι(
3433 1261 3768 1315 sacriﬁcium

407 1357 768 1411 Dominicum
810 1355 1070 1425 legitima
1103 1353 1549 1408 sanctificatione
1577 1352 1876 1418 celebrari,
1907 1352 2012 1404 nisi
2047 1351 2252 1404 oblatio
2286 1354 2341 1403 et
2383 1349 2722 1404 sacrificium
2754 1356 3009 1404 nostrum
3043 1350 3400 1421 responderit
3442 1349 3704 1420 passioni.
3743 1372 3770 1399 η

409 1445 673 1503 Sacriﬁcii
720 1463 749 1498 a
781 1445 1008 1500 Christo
1041 1443 1285 1497 instituti
1334 1443 1629 1496 veritatem
1673 1441 1807 1495 inde
1839 1440 2011 1494 etiam
2053 1440 2423 1505 demonstrat,
2457 1441 2607 1510 quod
2657 1456 2688 1492 a
2719 1440 3011 1493 sacerdote
3051 1440 3456 1495 Melchisedech
3503 1439 3772 1508 praeﬁgu-

409 1539 596 1587 ratum
628 1534 819 1587 fuerit.
859 1554 885 1580 ‹‹
918 1534 1056 1584 Item
1105 1532 1163 1584 in
1191 1531 1481 1585 sacerdote
1523 1529 1951 1594 Melchisedech,
1983 1529 2170 1598 inquit
2199 1529 2276 1599 (p.
2312 1530 2455 1596 105),
2486 1529 2748 1583 sacriﬁcii
2794 1528 3070 1583 Dominici
3115 1534 3534 1582 sacramentum
3579 1527 3770 1598 praeﬁ-

413 1629 683 1694 guratum
733 1622 1010 1687 videmus,
1049 1621 1360 1676 secundum
1412 1621 1558 1690 quod
1599 1621 1885 1689 Scriptura
1932 1617 2119 1671 divina
2160 1621 2398 1671 testatur
2443 1623 2497 1672 et
2527 1618 2700 1672 dicit:
2742 1621 2810 1673 Et
2856 1619 3252 1678 MelchiSedech,
3281 1634 3378 1671 rem
3419 1618 3616 1677 Salem,
3643 1632 3768 1685 pro-

411 1714 538 1767 tulit
567 1726 762 1781 panem
791 1717 840 1765 et
879 1712 1086 1763 vinum.
1123 1709 1248 1762 Fuit
1273 1714 1462 1763 autem
1502 1709 1762 1763 sacerdos
1793 1707 1885 1760 Dei
1913 1708 2145 1775 summi,
2182 1713 2236 1760 et
2277 1707 2574 1760 benedixit
2599 1707 2906 1760 Abraham.
2941 1707 3100 1769 Quod
3143 1710 3334 1760 autem
3367 1705 3774 1760 Melchisedech

409 1804 610 1870 typum
659 1797 862 1852 Christi
909 1801 1161 1867 portaret
1188 1797 1442 1851 declarat
1487 1798 1545 1851 in
1576 1797 1816 1852 Psalmis
1843 1797 2087 1868 Spiritus
2131 1800 2356 1850 sanctus
2387 1813 2454 1850 ex
2489 1813 2734 1866 persona
2779 1795 2958 1849 Patris
3004 1795 3076 1849 ad
3124 1795 3324 1848 Filium
3359 1795 3553 1849 dicens
3587 1817 3596 1847 :
3631 1796 3776 1848 Ante

414 1890 696 1955 luciferum
743 1890 907 1956 genui
936 1893 1003 1940 te.
1043 1888 1121 1939 Tu
1163 1902 1216 1939 es
1259 1887 1507 1940 sacerdos
1551 1889 1610 1939 in
1642 1892 1904 1940 aeternum
1935 1888 2230 1940 secundum
2267 1888 2506 1941 ordinem
2556 1886 2952 1940 Melchisedech.
2990 1883 3098 1948 Qui
3145 1885 3284 1938 ordo
3330 1884 3529 1954 utique
3559 1883 3648 1936 hic
3693 1890 3776 1936 est

415 1977 481 2030 de
529 1975 801 2030 sacriﬁcio
835 1974 932 2027 illo
979 1972 1212 2026 veniens
1247 1977 1303 2026 et
1335 1973 1467 2026 inde
1499 1973 1851 2027 descendens
1897 1974 2049 2044 quod
2091 1975 2497 2028 Melchisedech
2526 1973 2783 2027 sacerdos
2812 1972 2908 2026 Dei
2957 1972 3165 2026 summi
3207 1973 3336 2041 fuit,
3366 1972 3520 2042 quod
3569 1988 3774 2042 panem

414 2068 471 2118 et
510 2064 704 2116 vinum
740 2061 963 2126 obtulit,
991 2061 1138 2130 quod
1190 2060 1479 2114 Abraham
1512 2061 1822 2117 benedixit.
1857 2064 1997 2116 Nam
2033 2063 2159 2132 quis
2189 2062 2371 2133 magis
2399 2062 2661 2115 sacerdos
2692 2060 2789 2114 Dei
2828 2061 3041 2114 summi
3075 2077 3244 2130 quam
3293 2061 3560 2113 Dominus
3588 2065 3778 2114 noster

411 2155 574 2206 Jesus
623 2151 900 2215 Christus,
936 2149 1033 2220 qui
1067 2149 1400 2202 sacriﬁcium
1442 2150 1554 2203 Deo
1598 2150 1744 2204 Patri
1791 2152 2034 2218 obtulit;
2063 2157 2119 2206 et
2167 2151 2370 2205 obtulit
2411 2151 2516 2205 hoc
2543 2149 2700 2203 idem
2746 2150 2898 2220 quod
2941 2148 3348 2202 Melchisedech
3389 2147 3690 2215 obtulerat,
3719 2148 3773 2201 id

417 2244 503 2294 est
528 2255 738 2311 panem
765 2243 822 2292 et
853 2237 1068 2303 vinum,
1094 2254 1259 2291 suum
1290 2237 1505 2292 scilicet
1528 2254 1732 2308 corpus
1759 2244 1815 2293 et
1843 2241 2182 2310 sanguinem
2202 2241 2228 2293 ?
2261 2259 2287 2290 »

484 2328 828 2384 Sacriﬁcium
874 2344 978 2399 pro
1007 2327 1269 2380 vivorum
1317 2331 1372 2380 et
1401 2332 1757 2381 mortuorum
1801 2329 2049 2398 peccatis
2090 2328 2347 2383 offertur.
2379 2327 2520 2381 l‘linc
2566 2326 2826 2398 queritur
2850 2326 3164 2398 Cyprianus
3191 2327 3249 2379 in
3294 2325 3437 2382 libro
3482 2325 3547 2378 de
3589 2326 3778 2393 Lapsis

416 2421 489 2489 (p.
529 2419 669 2487 186),
701 2417 854 2487 quod
889 2417 1176 2486 lapsorum
1223 2415 1513 2469 nonnullis
1544 2417 1874 2471 communio
1906 2417 2038 2470 data
2082 2418 2153 2471 sit
2184 2438 2210 2466 ‹‹
2243 2421 2374 2471 ante
2401 2422 2707 2487 purgatam
2753 2415 3158 2469 conscientiam
3199 2414 3474 2468 sacriﬁcio
3505 2419 3562 2467 et
3602 2429 3773 2467 manu

409 2506 734 2572 sacerdotis,
761 2510 890 2558 ante
923 2502 1196 2558 offensam
1241 2504 1516 2574 placatam
1562 2504 1926 2574 indignantis
1958 2507 2182 2560 Domini
2233 2509 2290 2559 et
2333 2505 2624 2559 minantis.
2659 2528 2684 2553 »
2716 2505 3045 2576 Cyprianus,
3076 2505 3134 2557 in
3166 2504 3408 2574 Epistola
3452 2520 3516 2557 1.x
3548 2505 3621 2556 ad
3663 2505 3776 2571 epi-

409 2611 590 2664 scopos
631 2594 919 2659 Numidas,
953 2596 1194 2647 testatur
1225 2609 1283 2645 se
1312 2592 1667 2662 singulorum
1695 2594 1792 2664 qui
1821 2595 1892 2648 ad
1921 2595 2378 2665 redemptionem
2421 2595 2774 2664 captivorum
2824 2597 3087 2663 prompte
3116 2609 3181 2647 ac
3214 2591 3519 2646 liberaliter
3558 2591 3775 2662 Operati

413 2689 564 2750 sunt,
598 2682 836 2737 nomina
868 2681 1202 2746 subdidisse,
1232 2687 1295 2734 ut
1327 2697 1422 2735 eos
1450 2681 1696 2751 episcopi
1723 2682 1780 2734 in
1811 2686 2003 2736 mente
2033 2682 2299 2747 habeant,
2326 2684 2383 2735 in
2412 2682 2764 2736 orationibus
2795 2682 2929 2750 suis,
2957 2701 2984 2731 «
3016 2685 3073 2735 et
3106 2682 3186 2735 eis
3213 2682 3390 2735 vicem
3417 2681 3556 2735 boni
3586 2680 3774 2750 operis

410 2772 471 2827 in
518 2771 806 2826 sacriﬁciis
831 2773 888 2825 et
933 2769 1196 2840 precibus
1225 2774 1658 2839 repraesentem.
1687 2790 1714 2819 ››
1762 2771 1920 2834 Quod
1949 2775 2166 2841 spectat
2197 2772 2270 2825 ad
2299 2777 2575 2838 mortuos,
2609 2772 2909 2842 egregium
2959 2771 3355 2825 testimonium
3388 2770 3687 2836 habemus,
3715 2770 3772 2822 in

411 2863 514 2932 Ep.
548 2877 689 2927 wa,
719 2861 792 2913 ad
835 2861 1034 2913 clerum
1062 2862 1111 2912 et
1135 2859 1341 2927 plebem
1369 2859 1568 2912 Famis
1609 2861 1996 2913 consistentem.
2030 2862 2433 2914 Antecessores
2473 2861 2736 2931 Cypriani
2768 2858 3089 2914 statuerant
3129 2876 3202 2913 ne
3235 2862 3362 2929 quis
3405 2861 3577 2912 frater
3603 2875 3769 2913 exce-

416 2949 559 3003 dens
605 2949 673 3002 ad
708 2949 946 3002 tutelam
973 2946 1061 3000 vel
1107 2962 1300 2999 curam
1329 2946 1600 3000 clericum
1633 2947 1992 3012 nominaret;
2028 2964 2092 3002 ac
2135 2949 2177 3002 si
2207 2949 2332 3019 quis
2360 2949 2464 3002 hoc
2506 2949 2751 3015 fecisset,
2785 2966 2901 3003 non
2932 2947 3234 3002 offerretur
3260 2964 3361 3019 pro
3387 2963 3453 3001 eo
3500 2963 3572 3000 ne
3598 2947 3771 3001 sacri-

407 3037 599 3091 ﬁcium
644 3053 748 3107 pro
781 3034 1121 3089 dormitione
1152 3035 1274 3104 ejus
1314 3035 1715 3091 celebraretur.
1750 3037 1945 3106 Neque
1994 3037 2147 3091 enim
2179 3039 2328 3108 apud
2363 3039 2540 3092 altare
2582 3039 2682 3092 Dei
2714 3043 2963 3092 meretur
3003 3037 3284 3090 nominari
3325 3037 3381 3089 in
3411 3037 3768 3091 sacerdotum

410 3142 599 3198 prece,
628 3125 726 3196 qui
769 3125 838 3178 ab
885 3125 1049 3178 altari
1076 3125 1397 3178 sacerdotes
1425 3130 1485 3178 et
1511 3125 1798 3179 ministros
1842 3126 2020 3181 voluit
2063 3143 2318 3182 evocare.
2351 3128 2758 3192 Quamobrem,
2789 3143 2918 3180 cum
2961 3127 3148 3180 Victor
3175 3125 3403 3196 quidam
3448 3125 3770 3179 Geminium

413 3213 743 3268 Faustinum
790 3213 1186 3283 presbyterum
1213 3228 1380 3266 ausus
1411 3219 1557 3267 esset
1583 3217 1832 3269 tutorem
1879 3216 2246 3282 constituere,
2281 3223 2431 3272 vetat
2458 3219 2773 3287 Cyprianus
2817 3232 2888 3270 ne
2921 3237 2948 3266 «
2998 3231 3101 3286 pro
3129 3215 3482 3269 dormitione
3509 3216 3629 3285 ejus
3672 3216 3775 3268 ﬁat

413 3303 641 3369 oblatio,
671 3306 767 3354 aut
807 3299 1132 3370 deprecatio
1163 3300 1351 3370 aliqua
1386 3302 1619 3356 nomine
1650 3303 1770 3373 ejus
1797 3305 1856 3357 in
1905 3305 2150 3360 Ecclesia
2176 3305 2589 3376 frequentetur.
2622 3327 2649 3355 ››
2686 3306 2911 3358 Frustra
2944 3303 3235 3358 contendit
3280 3307 3476 3357 auctor
3505 3303 3772 3357 editionis

415 3389 752 3445 Oxoniensis
791 3409 816 3440 (ε
871 3388 988 3442 haec
1016 3389 1072 3442 in
1120 3387 1270 3455 ﬁdei,
1304 3390 1424 3458 spei
1461 3396 1517 3444 et
1546 3392 1836 3446 charitatis
1882 3397 2172 3461 tesseram,
2203 3411 2318 3448 non
2365 3401 2558 3449 autem
2588 3396 2646 3447 in
2684 3394 3006 3448 animarum
3051 3393 3383 3460 subsidium,
3415 3399 3514 3447 aut
3555 3408 3770 3463 purga-

414 3479 547 3533 torii
590 3478 738 3548 ignis
768 3477 1064 3532 ardoribus
1108 3478 1470 3532 aastuantium
1523 3480 1884 3550 refrigerium
1916 3483 2165 3552 praestita
2212 3483 2406 3550 fuisse,
2436 3483 2570 3552 quia
2616 3483 2737 3536 haec
2782 3483 2851 3536 ad
2902 3488 3177 3552 martyres
3223 3481 3504 3550 imprimis
3550 3484 3770 3551 specta-

412 3568 572 3622 bant.
620 3587 646 3616 ››
708 3567 856 3620 Nihil
905 3567 1023 3636 agit
1077 3567 1179 3619 hoc
1234 3569 1552 3637 martyrum
1607 3571 1934 3640 exemplum
1986 3590 1997 3625 :
2045 3588 2163 3626 non
2219 3572 2564 3626 offerebatur
2607 3571 2948 3625 sacriﬁcium
2993 3587 3093 3640 pro
3143 3571 3386 3641 peccatis
3428 3573 3770 3640 martyrum,

415 3657 625 3728 quippe
655 3671 783 3709 cum
812 3655 1074 3708 omnibus
1123 3655 1481 3724 exploratum
1515 3662 1663 3711 esset
1691 3676 1783 3712 eos
1827 3661 1884 3712 in
1917 3660 2054 3714 coelo
2085 3661 2257 3714 Deum
2294 3660 2506 3714 videre.
2537 3659 2924 3723 Quamobrem
2959 3675 3072 3711 non
3102 3659 3306 3711 eodem
3332 3659 3456 3712 loco
3504 3659 3768 3712 nomina-

415 3744 630 3798 bantur
656 3760 720 3797 ac
748 3743 841 3796 alii
869 3743 924 3795 in
956 3743 1214 3796 Ecclesiae
1243 3759 1380 3813 pace
1409 3747 1620 3799 mortui
1645 3763 1657 3800 :
1686 3751 1743 3800 et
1764 3748 1914 3818 quod
1946 3749 2026 3802 ait
2049 3736 2360 3819 Cyprianus
2388 3749 2442 3802 in
2473 3751 2572 3820 Ep.
2597 3765 2778 3814 xxxw,
2804 3747 3079 3802 sacriﬁcia
3108 3763 3210 3817 pro
3233 3747 3343 3800 illis
3371 3745 3562 3800 offerri
3587 3747 3769 3812 solita,

413 3833 470 3887 id
514 3833 636 3902 ipse
669 3831 986 3902 Cyprianus
1033 3831 1272 3901 explicat
1302 3833 1356 3886 in
1409 3835 1509 3903 Ep.
1541 3851 1746 3902 xxxvn,
1780 3835 1878 3889 ubi
1923 3837 2001 3890 ait
2047 3836 2361 3892 oblationes
2405 3843 2463 3891 et
2505 3837 2776 3891 sacriﬁcia
2819 3858 2846 3884 ‹‹
2888 3835 3464 3890 commemorationes
3510 3850 3768 3888 eorum»

408 3922 704 3976 celebrari.
734 3920 856 3976 Alia
898 3921 1005 3974 fuit
1030 3922 1178 3974 ratio
1226 3922 1601 3977 morientium
1645 3925 1704 3978 in
1752 3925 2013 3979 Ecclesiae
2059 3941 2218 3996 pace.
2255 3927 2360 3980 Pro
2407 3943 2605 3981 eorum
2641 3925 2886 3996 peccatis
2926 3925 3263 3978 sacriﬁcium
3308 3923 3674 3990 offerebatur,
3710 3927 3773 3977 ut

410 4010 601 4065 videre
635 4016 719 4066 est
757 4011 813 4064 in
862 4009 1096 4080 liturgia
1140 4027 1267 4080 quae.
1308 4015 1490 4066 exstat
1535 4014 1633 4068 lib.
1665 4031 1756 4068 vni
1787 4015 2074 4070 Constitut.
2105 4017 2324 4085 Apost.,
2357 4031 2479 4085 cap.
2509 4017 2599 4082 41,
2629 4014 2725 4068 ubi
2772 4014 2895 4067 haec
2944 4014 3218 4084 leguntur
3247 4030 3258 4065 :
3292 4033 3317 4061 ‹‹
3362 4013 3465 4066 Pro
3508 4011 3773 4066 fratribus

412 4101 618 4154 nostris
665 4101 760 4171 qui
792 4100 852 4178 in
901 4097 1118 4152 Christo
1163 4100 1570 4169 requieverunt
1619 4119 1864 4169 oremus,
1896 4109 1959 4157 ut
2006 4104 2307 4159 hominum
2337 4121 2537 4159 amans
2583 4105 2749 4168 Deus,
2781 4102 2878 4173 qui
2917 4103 3169 4156 animam
3212 4102 3462 4156 defuncti
3504 4102 3771 4172 suscepit,

414 4194 467 4247 ei
514 4192 770 4247 remittat
814 4209 980 4246 omne
1025 4197 1319 4263 peccatum
1365 4197 1742 4251 voluntarium
1773 4213 1837 4251 ac
1881 4214 1998 4252 non
2029 4198 2439 4260 voluntarium,
2473 4199 2528 4248 et
2575 4192 2856 4263 propitius
2893 4191 3264 4261 clemensque
3312 4191 3491 4245 factus
3535 4191 3776 4245 collocet

413 4297 543 4336 eum
575 4281 632 4334 in
661 4281 897 4352 regione
925 4281 1173 4351 piorum,
1205 4285 1312 4337 etc.
1349 4304 1376 4331 ››

485 4371 592 4424 Nec
641 4369 852 4423 mirum
909 4386 1044 4423 sane
1093 4376 1175 4424 est
1231 4371 1274 4424 si
1325 4376 1544 4426 veteres
1593 4375 1894 4430 Christiani
1938 4375 2200 4431 ﬁdelibus
2250 4375 2529 4431 defunctis
2583 4369 2915 4426 sacriﬁcium
2973 4370 3340 4440 profuturum
3390 4368 3698 4440 sperabant
3753 4386 3769 4436 ;

411 4459 624 4531 quippe
651 4475 778 4512 cum
807 4476 1146 4530 persuasum
1175 4461 1436 4515 omnibus
1462 4465 1635 4534 atque
1664 4465 2018 4536 exploratum
2062 4470 2209 4520 esset
2228 4467 2515 4536 justorum
2547 4462 2768 4516 animas
2795 4477 2922 4532 quae
2952 4477 2982 4514 e
3011 4476 3246 4530 corpore
3273 4461 3568 4514 solvuntur
3608 4465 3768 4514 ante-

413 4565 587 4621 quam
635 4551 863 4618 peccata
905 4549 1100 4602 omnia
1145 4550 1514 4620 expiaverint,
1547 4553 1726 4622 pennis
1773 4554 1921 4608 afﬁci
1973 4554 2030 4608 in
2071 4555 2249 4609 altera
2295 4555 2408 4608 vita
2454 4567 2770 4622 eorumque
2813 4549 3223 4604 beatitudinem
3270 4549 3501 4604 differri.
3532 4549 3670 4603 Hinc
3703 4549 3774 4602 iis

410 4637 704 4692 metuebat
731 4637 912 4691 clerus
939 4638 1225 4692 Romanus
1258 4639 1358 4710 qui
1397 4645 1528 4694 ante
1558 4648 1810 4697 exactam
1841 4645 2232 4714 paenitentiam
2271 4645 2682 4710 moriebantur,
2714 4663 2739 4689 ‹‹
2773 4643 2882 4695 Deo
2924 4641 3156 4707 sciente,
3191 4640 3374 4712 inquit
3420 4640 3590 4710 Epist.
3618 4656 3768 4708 xxxt,

413 4726 550 4798 quid
578 4726 648 4780 de
693 4726 903 4780 talibus
948 4726 1134 4794 faciat,
1170 4732 1225 4781 et
1253 4728 1502 4798 qualiter
1536 4730 1738 4799 judicii
1763 4733 1849 4787 sui
1877 4735 2124 4803 pondera
2154 4735 2464 4790 examinet.
2498 4754 2524 4782 υ
2562 4729 2849 4801 Ejusmodi
2890 4729 3153 4784 homines
3199 4735 3494 4799 comparat
3534 4730 3769 4798 Cypria-

412 4831 520 4868 nus
565 4830 699 4868 cum
744 4815 814 4869 iis
841 4815 938 4885 qui
978 4815 1088 4869 vita
1132 4832 1235 4885 pro
1264 4817 1487 4872 Christo
1535 4820 1768 4888 profusa
1813 4825 1914 4875 aut
1957 4823 2155 4878 saltem
2203 4829 2390 4878 sancte
2437 4825 2631 4875 exacta
2673 4818 3018 4873 moriuntur.
3058 4839 3084 4866 ‹‹
3132 4818 3297 4872 Aliud
3341 4821 3444 4885 est,
3476 4816 3665 4888 inquit
3710 4819 3771 4872 in

411 4902 586 4972 Epist.
616 4919 686 4957 LII
727 4905 804 4974 (p.
833 4901 945 4971 72),
990 4903 1062 4957 ad
1109 4903 1330 4958 veniam
1370 4909 1538 4974 stare,
1566 4908 1718 4962 aliud
1765 4909 1837 4963 ad
1874 4909 2113 4980 gloriam
2157 4911 2494 4982 pervenire;
2535 4907 2688 4962 aliud
2739 4907 2978 4960 missum
3023 4906 3083 4960 in
3125 4921 3405 4960 carcerem
3451 4922 3568 4961 non
3613 4907 3769 4959 exire

411 4992 546 5048 inde
573 4992 754 5046 donec
798 4993 980 5046 solvat
1007 4991 1380 5048 novissimum
1424 4995 1822 5068 quadrantem,
1846 4999 1994 5053 aliud
2027 4999 2218 5054 statim
2266 4999 2401 5053 ﬁdei
2440 5003 2496 5053 et
2538 4996 2760 5051 virtutis
2797 4996 3052 5066 accipere
3082 4995 3450 5061 mercedem;
3479 4994 3631 5048 aliud
3666 5011 3771 5065 pro

413 5081 659 5154 peccatis
702 5081 875 5150 longo
902 5080 1101 5135 dolore
1131 5081 1444 5136 cruciatum
1472 5085 1776 5140 emundari
1825 5092 1882 5142 et
1910 5089 2145 5159 purgari
2171 5089 2268 5142 diu
2296 5089 2448 5158 igne,
2485 5087 2636 5140 aliud
2663 5089 2896 5157 peccata
2923 5085 3116 5139 omnia
3160 5085 3416 5154 passione
3443 5099 3716 5155 purgasse
3755 5101 3768 5138 :

416 5169 574 5224 aliud
619 5169 866 5239 denique
904 5166 1158 5239 pendere
1182 5169 1243 5223 in
1269 5170 1420 5225 diem
1443 5171 1646 5242 judicii
1681 5175 1751 5229 ad
1780 5176 2122 5232 sententiam
2150 5177 2392 5245 Domini,
2421 5175 2576 5230 aliud
2619 5175 2808 5229 statim
2840 5191 2873 5228 a
2899 5173 3136 5229 Domino
3174 5173 3459 5228 coronari.
3491 5195 3520 5222 »
3551 5172 3774 5227 Inutilis

417 5272 650 5328 prorsus
677 5256 906 5328 Rigaltii
937 5254 1226 5330 69-70
1255 5261 1312 5312 et
1339 5259 1568 5315 editoris
1598 5262 1930 5319 Oxoniensis
1949 5265 2112 5320 labor
2138 5265 2198 5320 in
2231 5265 2337 5319 hoc
2365 5263 2684 5318 testimonio
2709 5262 3013 5318 eludendo.
3038 5263 3197 5316 Hunc
3225 5277 3510 5316 carcerem
3537 5267 3592 5316 et
3610 5262 3776 5332 longi

415 5344 628 5400 doloris
671 5343 984 5398 cruciatum
1016 5351 1074 5399 et
1110 5345 1302 5414 ignem
1347 5347 1441 5401 diu
1468 5356 1808 5420 purgantem
1853 5351 2196 5424 detorquent
2238 5353 2309 5407 ad
2341 5351 2727 5423 paenitentiam
2772 5350 2944 5420 lapsis
2974 5349 3192 5421 imponi
3237 5350 3456 5404 solitam
3497 5366 3530 5404 a
3578 5365 3771 5404 sacer-

415 5431 664 5488 dotibus.
690 5431 800 5486 Sed
837 5435 893 5486 1°
933 5432 1077 5487 Illud
1111 5433 1307 5488 saltem
1348 5435 1511 5490 fateri
1537 5438 1749 5495 debent
1790 5457 1854 5496 ex
1880 5442 2144 5511 Cypriani
2186 5442 2375 5496 verbis
2417 5441 2704 5511 consequi,
2732 5440 3075 5510 temporales
3113 5456 3306 5510 poenas
3333 5440 3400 5494 iis
3443 5442 3772 5510 persolven-

413 5519 516 5576 das
541 5535 835 5590 superesse
861 5519 1068 5590 quibus
1097 5519 1352 5576 remissae
1381 5531 1512 5577 sunt
1540 5529 1790 5582 aeternae.
1820 5534 1878 5583 2°
1906 5529 1961 5584 Si
1989 5530 2336 5600 paenitentiae
2378 5530 2600 5584 labores
2627 5528 2942 5599 Cyprianus
2975 5527 3259 5596 describit,
3291 5530 3472 5583 multo
3502 5529 3556 5583 id
3588 5529 3776 5601 magis

412 5606 484 5664 iis
539 5608 810 5678 congruit
854 5608 953 5678 qui
1005 5613 1139 5663 ante
1187 5616 1447 5666 exactum
1493 5615 1843 5683 poenitentiae
1887 5634 2113 5672 cursum
2167 5619 2515 5674 moriuntur.
2564 5619 2739 5672 Nemo
2792 5617 2949 5673 enim
2994 5618 3142 5672 hanc
3185 5618 3516 5687 opinionem
3540 5619 3776 5689 attinget

415 5697 721 5769 Cypriano,
752 5697 1034 5768 ejusmodi
1080 5699 1345 5754 homines
1388 5717 1507 5755 non
1547 5703 1620 5757 ad
1662 5704 1884 5758 veniam
1919 5710 2086 5773 stare,
2116 5706 2217 5760 sed
2259 5708 2328 5762 ad
2377 5706 2600 5761 veniam
2646 5708 2974 5778 pervenire;
3009 5725 3119 5762 non
3160 5707 3306 5761 mitti
3349 5708 3409 5761 in
3456 5724 3773 5776 carcerem,

409 5785 595 5844 donec
619 5787 838 5842 solvant
879 5788 1252 5845 novissimum
1289 5789 1681 5864 quadrantem,
1710 5794 1811 5849 sed
1838 5793 2011 5850 etiam
2051 5794 2185 5852 ﬁdei
2227 5802 2286 5853 et
2323 5797 2545 5853 virtutis
2571 5796 2824 5868 accipere
2855 5797 3212 5864 mercedem;
3244 5813 3358 5852 non
3393 5814 3496 5868 pro
3527 5797 3774 5870 peccatis
