4084 6208
266 288 324 337 69
1766 277 2137 334 ΡΒᾹΞῈΑΤΙΟ.
3548 282 3614 339 70

253 408 413 479 longo
440 408 630 464 dolore
661 408 933 462 cruciatos
957 406 1226 461 mundari
1252 411 1307 461 et
1336 405 1568 476 purgari
1598 405 1694 460 diu
1728 406 1882 474 igne,
1916 419 2027 457 non
2076 402 2326 473 pendere
2374 403 2431 455 in
2463 402 2615 457 diem
2655 402 2881 473 judicii,
2916 403 3015 457 sed
3062 402 3256 459 statim
3301 422 3330 459 a
3375 407 3613 462 Domino

253 500 511 552 coronari.
553 502 611 551 3°
655 499 967 568 Cyprianus
1012 513 1122 550 non
1170 497 1352 549 solum
1394 501 1668 566 martyres
1722 510 1852 548 cum
1893 492 2085 564 lapsis,
2135 492 2234 545 sed
2281 491 2454 545 etiam
2500 492 2756 562 virgines
2800 510 2931 547 cum
2981 494 3252 548 adulteris
3302 504 3610 567 comparat.

253 588 478 640 Dubium
524 604 640 640 non
687 593 771 639 est
806 586 947 657 quin
996 586 1064 639 de
1115 585 1457 653 martyribus
1504 594 1560 637 et
1588 584 1903 654 virginibus
1935 580 2175 635 mortuis
2204 581 2485 651 loquatur,
2532 598 2661 634 cum
2709 598 2980 636 coronam
3035 582 3142 635 illis
3182 584 3373 637 statim
3416 586 3611 639 donari

251 676 593 745 pronuntiat.
622 678 732 731 Cur
758 691 892 745 ergo
925 690 1056 728 eum
1094 675 1162 727 de
1196 674 1595 744 poenitentium
1626 679 1771 727 statu
1812 673 1868 725 in
1912 672 2017 724 hac
2060 674 2291 724 tantum
2335 671 2450 723 vita
2493 671 2747 724 locutum
2782 672 3125 725 credamus?
3166 674 3438 727 Praeclara
3475 692 3613 729 sane

250 771 382 818 esset
412 772 583 834 atque
609 764 840 835 egregia
866 763 1232 833 comparatio,
1266 766 1548 833 martyres
1577 768 1634 816 et
1677 763 1922 832 virgines
1969 777 2100 814 cum
2152 759 2465 814 idololatris
2508 767 2562 813 et
2603 760 2874 814 adulteris
2919 761 2976 813 in
3017 762 3124 814 hoc
3156 763 3432 829 conferre,
3463 766 3612 833 quod

249 854 402 922 primi
434 854 629 906 statim
654 853 713 905 in
740 853 916 906 altera
944 852 1055 905 vita
1081 857 1445 917 coronentur,
1493 851 1794 920 postremis
1837 866 1970 904 vero
2016 849 2368 919 poenitentiae
2409 849 2573 903 labor
2614 849 2674 901 in
2718 849 2821 902 hac
2864 848 2978 903 vita
3020 850 3344 904 subeundus
3384 852 3472 905 sit.
3505 854 3612 907 Sed

248 943 284 995 si
312 943 394 996 isti
422 942 743 995 idololatrae
779 948 833 994 et
863 939 1103 996 adulteri
1147 948 1267 1010 post
1297 941 1625 994 inchoatam
1665 939 2062 1009 pmnitentiam
2098 937 2437 1001 moriantur,
2466 954 2538 990 an
2581 937 2794 1002 statim,
2830 943 2892 990 ut
2933 941 3212 1007 martyres
3250 943 3305 992 et
3344 940 3610 1009 virgines,

246 1030 562 1083 mercedem
608 1034 664 1084 et
706 1046 969 1084 coronam
1014 1029 1313 1099 accipient,
1361 1032 1419 1082 et
1466 1036 1697 1099 peccata
1740 1028 1927 1082 omnia
1976 1027 2309 1098 pcenitentia
2355 1042 2627 1096 purgasse
2692 1025 3081 1079 videbuntur?
3128 1026 3262 1088 Quis
3304 1044 3416 1081 non
3464 1030 3616 1083 videt

247 1119 553 1171 insti:utam
598 1136 630 1171 a
672 1119 953 1189 Cypriano
995 1118 1486 1189 comparationem
1528 1118 1599 1171 ad
1637 1118 1892 1171 futuram
1944 1116 2303 1187 potissimum
2339 1116 2507 1170 vitam
2548 1116 2789 1169 referri?
2822 1116 3035 1185 quippe
3079 1132 3207 1168 cum
3257 1116 3311 1169 in
3356 1118 3460 1170 hac
3505 1120 3614 1173 vita

244 1208 636 1277 pcenitentium
671 1208 919 1261 laborem
948 1224 1118 1261 sacrae
1151 1208 1419 1276 virgines,
1451 1223 1695 1277 quarum
1739 1212 1864 1260 erat
1909 1210 2201 1260 austerum
2242 1205 2468 1258 vivendi
2509 1221 2714 1273 genus,
2745 1206 3136 1275 adaequarent,
3169 1209 3441 1277 martyres
3484 1224 3612 1262 vero

244 1296 405 1365 longe
437 1301 800 1365 superarent.
837 1298 892 1349 4ο
922 1295 1066 1349 Illud
1100 1318 1125 1344 ‹‹
1162 1296 1411 1365 pendere
1446 1296 1503 1348 in
1538 1296 1690 1349 diem
1713 1296 1916 1366 judicii
1949 1316 1976 1346 »
1994 1296 2155 1349 valde
2183 1295 2520 1349 adversariis
2551 1295 2875 1347 molestum.
2908 1296 3115 1347 Putant
3148 1295 3409 1348 Nicolaus
3440 1297 3619 1351 Faber

244 1390 292 1437 et
321 1385 604 1453 ltigaltius
632 1384 1349 1454 beatitudinemjustorum
1371 1402 1403 1439 a
1425 1387 1709 1456 Cypriano
1730 1386 1785 1438 in
1808 1384 2207 1455 diemjudicii,
2236 1384 2486 1453 exceptis
2508 1383 2876 1452 martyribus,
2895 1383 3131 1436 differri.
3151 1384 3258 1437 Sed
3281 1385 3401 1439 haec
3422 1387 3613 1456 opinio

244 1472 433 1542 afﬁngi
466 1475 747 1543 Cypriano
788 1490 898 1527 non
940 1478 1143 1543 potest,
1190 1475 1287 1545 qui
1326 1475 1432 1528 hoc
1473 1476 1618 1541 loco,
1661 1479 1721 1527 ut
1759 1475 1883 1543 jam
1929 1474 2243 1537 observavi,
2282 1490 2395 1526 non
2435 1472 2623 1526 solum
2668 1473 2735 1525 de
2782 1472 3149 1542 martyribus,
3194 1474 3291 1527 sed
3329 1474 3501 1528 etiam
3544 1478 3611 1529 de

245 1560 552 1630 virginibus
583 1562 857 1631 loquitur.
893 1563 1053 1633 Saepe
1081 1563 1220 1615 alias
1246 1563 1429 1629 docet,
1450 1564 1736 1635 praecipue
1764 1580 1900 1617 vero
1930 1564 1988 1616 in
2023 1562 2165 1616 libro
2197 1564 2259 1616 de
2284 1564 2641 1623 Mortulz'tatc,
2670 1578 2785 1614 non
2812 1562 2996 1615 solum
3024 1566 3321 1631 martyres,
3350 1564 3448 1618 sed
3475 1565 3614 1619 alios

244 1650 405 1702 etiam
438 1653 685 1716 sanctos,
718 1667 849 1704 cum
882 1666 946 1703 ex
977 1651 1080 1704 hac
1112 1652 1225 1704 vita
1252 1651 1555 1719 decedunt,
1581 1669 1711 1705 cum
1739 1652 1961 1708 Christo
1984 1651 2236 1721 incipere
2260 1667 2503 1720 regnare
2532 1670 2544 1717 ;
2571 1650 2824 1720 virgines
2850 1653 2907 1703 et
2938 1667 3146 1720 pueros
3165 1652 3233 1704 ad
3252 1653 3614 1707 continentia:

244 1745 293 1793 ct
319 1739 671 1793 innocentiae
707 1741 1010 1810 praemium
1034 1740 1279 1794 feliciter
1310 1741 1626 1810 pervenire,
1650 1742 1835 1811 justos
1865 1740 1938 1794 ad
1969 1740 2337 1810 refrigerium
2385 1740 2590 1794 vocari.
2630 1740 2770 1793 Illud
2808 1756 2945 1809 ergo
2975 1742 3365 1795 testimonium
3401 1742 3470 1795 de
3499 1760 3610 1813 quo

243 1845 385 1881 nunc
434 1828 691 1898 agimus,
731 1829 800 1881 ad
842 1846 936 1883 eos
976 1830 1173 1883 referri
1218 1829 1389 1883 debet
1423 1846 1567 1899 quos
1605 1836 1737 1885 ante
1778 1832 2007 1901 plenam
2050 1828 2446 1899 penitentiam
2492 1832 2750 1883 mortuos
2784 1830 2844 1882 in
2892 1830 3043 1882 diem
3082 1830 3285 1899 judicii
3326 1832 3612 1900 generalis

246 1917 517 1970 reservari
565 1918 849 1971 existimat
888 1918 1221 1987 Cyprianus.
1271 1919 1379 1973 Nec
1424 1920 1632 1972 mirum
1677 1920 1721 1972 si
1766 1919 2049 1990 ejusmodi
2098 1919 2394 1973 hominum
2438 1919 2852 1973 beatitudinem
2914 1935 3090 1988 usque
3119 1921 3190 1973 ad
3234 1921 3344 1974 hoc
3390 1924 3612 1991 tempus

242 2008 454 2060 differat
478 2024 495 2073 ;
533 2023 664 2060 cum
693 2007 852 2061 enim
886 2007 1093 2061 instare
1124 2008 1377 2061 crederet
1406 2008 1716 2062 adventum
1746 2008 1995 2074 Domini,
2021 2008 2290 2078 temporis
2312 2008 2561 2077 spatium
2584 2008 2738 2077 justo
2768 2008 2991 2077 longius
3015 2025 3127 2061 non
3158 2013 3384 2078 poterat
3411 2012 3610 2065 videri.

242 2097 410 2149 Porro
440 2096 713 2166 Cypriani
740 2096 1176 2151 sententiainde
1221 2097 1394 2151 etiam
1438 2098 1770 2163 illustratur,
1801 2097 1957 2168 quod
1994 2097 2053 2150 in
2090 2096 2178 2151 die
2211 2096 2414 2166 judicii
2461 2100 2784 2167 martyrum
2812 2096 3013 2151 merita
3059 2098 3319 2167 pluribus
3364 2100 3420 2152 in
3462 2102 3613 2155 hunc

241 2185 380 2237 diem
412 2185 804 2255 pendentibus
830 2185 1134 2255 profutura
1161 2185 1409 2239 declaret
1439 2204 1448 2239 :
1489 2206 1516 2235 α
1545 2186 1839 2242 Credimus
1880 2186 2130 2256 quidem,
2173 2207 2201 2233 ››
2234 2186 2422 2255 inquit
2448 2185 2505 2237 in
2535 2185 2679 2239 libro
2703 2186 2768 2239 de
2793 2189 2982 2254 Lupsis
3016 2188 3166 2257 (pag.
3205 2187 3346 2255 187),
3381 2209 3406 2237 ‹‹
3451 2206 3613 2259 posse

242 2274 378 2342 apud
416 2273 681 2342 judicem
724 2274 1037 2343 plurimum
1078 2277 1397 2344 martyrum
1440 2276 1645 2329 merita
1684 2278 1742 2327 et
1776 2289 1951 2343 opera
1988 2274 2301 2344 justorum,
2341 2274 2436 2327 sed
2477 2290 2607 2327 cum
2639 2274 2840 2343 judicii
2886 2274 3006 2328 dies
3036 2276 3274 2343 venerit,
3304 2293 3437 2330 cum
3488 2284 3616 2348 post

240 2378 499 2415 occasum
529 2362 721 2415 saeculi
755 2363 926 2431 hujus
952 2368 1007 2417 et
1036 2363 1236 2416 mundi
1268 2367 1401 2416 ante
1430 2363 1682 2417 tribunal
1712 2362 1923 2417 Christi
1963 2363 2211 2432 populus
2239 2364 2363 2432 ejus
2396 2363 2699 2416 adstiterit.
2736 2384 2762 2412 »
2795 2367 2979 2434 Atque
3019 2365 3141 2417 haac
3178 2366 3407 2435 quidem
3446 2368 3513 2421 de
3548 2369 3612 2422 iis

239 2452 326 2520 qui
353 2468 473 2504 sese
503 2452 562 2504 in
597 2452 840 2505 Ecclesia
866 2453 1211 2521 pcenitentiae
1238 2452 1614 2519 submittunt;
1650 2452 1747 2523 qui
1784 2455 1974 2506 autem
1996 2458 2158 2505 extra
2189 2453 2492 2507 Ecclesiam
2512 2453 2856 2520 moriuntur,
2881 2470 2977 2507 eos
3002 2455 3320 2525 Cyprianus
3341 2458 3608 2525 declarat,

238 2541 452 2593 etiamsi
486 2556 589 2609 pro
616 2540 851 2593 nomine
884 2540 1052 2593 occisi
1084 2540 1213 2605 sint,
1249 2557 1561 2611 numquam
1593 2540 1665 2594 ad
1694 2541 2115 2611 indulgentiam
2149 2541 2271 2594 aliis
2299 2542 2356 2594 in
2390 2542 2515 2595 sinu
2562 2542 2823 2597 Ecclesiae
2868 2542 3240 2597 morientibus
3274 2548 3613 2615 promissam

238 2632 627 2697 perventuros.
661 2650 687 2677 ‹‹
715 2631 780 2683 Et
809 2628 943 2698 quia
973 2628 1123 2699 apud
1153 2629 1364 2683 inferos
1390 2630 1667 2683 confessio
1713 2647 1823 2684 non
1856 2634 1959 2698 est,
1988 2629 2175 2701 inquit
2222 2630 2280 2683 in
2326 2632 2530 2685 eadem
2568 2631 2743 2700 Epist.
2788 2647 2876 2696 LII,
2906 2648 3008 2685 nec
3052 2634 3469 2705 exomologesis
3504 2637 3613 2691 illic

232 2716 347 2770 ﬁeri
374 2720 581 2786 potest,
612 2718 709 2786 qui
744 2733 812 2770 ex
852 2721 967 2770 toto
1004 2716 1171 2770 corde
1209 2717 1583 2787 prenituerint
1620 2721 1679 2771 et
1723 2720 2050 2789 rogaverint
2082 2720 2139 2772 in
2182 2720 2481 2774 Ecclesiam
2527 2721 2742 2774 debent
2780 2722 3020 2775 interius
3060 2723 3265 2793 suscipi
3303 2730 3359 2779 et
3394 2725 3450 2779 in
3489 2728 3611 2796 ipsa

232 2807 464 2859 Domino
498 2807 798 2872 reservari,
834 2806 952 2876 qui,
986 2806 1054 2859 ad
1083 2806 1383 2860 Ecclesiam
1416 2822 1575 2859 suam
1610 2815 1903 2877 venturus,
1937 2808 2003 2863 de
2030 2809 2139 2862 illis
2168 2809 2364 2880 utique
2407 2826 2549 2880 quos
2577 2811 2635 2863 in
2675 2826 2742 2864 ea
2781 2811 2933 2865 intus
2972 2812 3273 2881 invenerit,
3306 2814 3608 2883 judicabit.

232 2898 521 2965 Apostatze
559 2911 686 2949 vero
731 2899 787 2947 et
829 2895 1145 2948 desertores
1188 2900 1244 2948 et
1283 2895 1592 2948 adversarii
1642 2902 1697 2951 et
1746 2898 1933 2952 hostes
1976 2903 2032 2951 et
2075 2898 2280 2954 Christi
2312 2899 2617 2953 Ecclesiam
2662 2899 3020 2970 dissipantes,
3053 2918 3158 2955 nec
3199 2903 3245 2956 si
3290 2904 3454 2958 occisi
3507 2922 3608 2975 pro

235 2984 461 3037 nomine
512 2984 743 3050 fuerint,
789 2982 1014 3036 admitti
1054 2983 1373 3037 secundum
1428 2987 1757 3053 Apostolum
1808 2990 2045 3057 possunt
2085 2987 2157 3041 ad
2206 2987 2465 3041 Ecclesiae
2518 3004 2739 3058 pacem,
2786 2990 3011 3059 quando
3060 3006 3161 3044 nec
3212 2992 3451 3061 Spiritus
3504 3011 3609 3049 nec

236 3078 502 3129 Ecclesiae
536 3079 850 3129 tenuerunt
883 3075 1181 3128 unitatem.
1218 3097 1245 3124 »
1289 3074 1486 3128 Merito
1522 3077 1687 3145 regat
1720 3076 2035 3145 Cyprianus
2069 3076 2496 3145 exomologesin
2537 3093 2663 3146 quae
2702 3078 2759 3131 in
2803 3079 2903 3131 hac
2942 3078 3055 3131 vita
3093 3081 3494 3149 praescribitur,
3552 3083 3607 3136 in

236 3165 415 3219 altera
449 3164 649 3236 perﬁci
680 3182 868 3236 posse.
900 3164 1002 3218 Sed
1028 3164 1389 3234 perspicuum
1414 3170 1495 3218 est
1521 3164 1590 3217 ab
1621 3180 1685 3218 eo
1707 3166 1939 3233 agnosci
1967 3164 2380 3235 indulgentiam
2411 3167 2723 3236 quamdam
2748 3174 2804 3221 et
2831 3184 3050 3238 pacem,
3086 3186 3215 3240 quae
3241 3172 3609 3227 schismaticis

241 3258 291 3306 et
323 3254 623 3308 haereticis
668 3258 824 3307 extra
867 3253 1168 3307 Ecclesiam
1205 3253 1466 3319 mortuis,
1499 3253 1719 3307 etiamsi
1760 3269 1862 3322 pro
1900 3252 2134 3307 nomine
2175 3254 2342 3308 occisi
2378 3255 2612 3323 fuerint,
2645 3258 2921 3327 praeclusa
2963 3261 3021 3311 et
3058 3260 3358 3330 denegata,
3388 3262 3510 3316 aliis
3547 3263 3607 3316 in

233 3344 477 3397 Ecclesia
508 3343 754 3397 mortuis
785 3347 843 3396 et
872 3342 927 3395 in
959 3342 1271 3396 adventum
1300 3341 1530 3396 Domini
1564 3342 1860 3395 reservatis
1882 3342 2237 3396 concedetur.

297 3460 374 3512 Ex
404 3460 502 3513 his
536 3462 698 3531 patet
735 3458 1203 3514 communionem
1230 3459 1383 3512 illam
1412 3474 1586 3529 quam
1619 3459 1864 3512 Ecclesia
1895 3459 2169 3513 catholica
2194 3475 2324 3514 cum
2352 3462 2559 3515 sanctis
2585 3466 2640 3515 et
2668 3463 3013 3533 martyribus
3040 3468 3095 3518 et
3122 3481 3250 3519 cum
3275 3466 3447 3535 justis
3475 3471 3608 3523 ante

230 3549 456 3617 plenam
509 3548 906 3618 pcenitentiam
951 3547 1187 3600 mortuis
1228 3546 1400 3614 fovet,
1431 3563 1544 3600 non
1582 3562 1791 3601 novum
1832 3563 1948 3601 esse
1986 3554 2403 3619 commentum,
2440 3551 2538 3604 sed
2575 3550 2784 3621 dogma
2824 3552 3022 3621 primis
3059 3554 3277 3607 smculis
3315 3559 3514 3610 notum
3556 3562 3612 3611 et

230 3640 537 3692 creditum.
568 3641 679 3693 Nec
709 3640 923 3694 mirum
955 3640 1001 3693 si
1030 3640 1149 3693 haec
1177 3641 1502 3694 communio
1523 3640 1611 3693 his
1628 3657 1742 3695 non
1766 3640 1953 3710 placet
1974 3640 2071 3711 qui
2099 3640 2168 3694 ab
2193 3640 2409 3693 unitate
2431 3640 2692 3694 Ecclesia:
2719 3639 3130 3707 discesserunt;
3156 3642 3251 3695 sed
3275 3646 3605 3714 Cyprianus,

228 3730 385 3797 cujus
414 3729 579 3782 inter
611 3729 927 3799 praecipuas
954 3730 1194 3783 virtutes
1221 3730 1425 3784 enituit
1454 3730 1686 3783 unitatis
1717 3746 1903 3796 amor,
1931 3732 2144 3799 praeter
2171 3746 2236 3782 ea
2259 3746 2383 3799 qua
2411 3729 2481 3782 ab
2510 3728 2605 3782 illo
2639 3729 2697 3781 in
2726 3729 3008 3783 honorem
3039 3734 3359 3801 martyrum
3385 3734 3608 3789 decreta

229 3819 556 3883 retulimus,
588 3817 813 3873 duobus
842 3818 962 3872 aliis
989 3819 1046 3872 in
1074 3819 1215 3873 locis
1247 3824 1485 3873 testatur
1509 3834 1684 3889 quam
1715 3822 1870 3872 arcta
1892 3817 2205 3872 intercedat
2233 3818 2491 3872 Ecclesiae
2512 3818 2775 3886 praesenti
2796 3834 2926 3872 cum
2950 3820 3159 3873 sanctis
3181 3825 3236 3873 et
3260 3823 3607 3893 martyribus

228 3907 621 3961 necessitudo.
656 3907 876 3962 Primus
907 3912 1085 3962 exstat
1111 3908 1169 3962 in
1212 3907 1355 3961 libro
1394 3909 1459 3962 de
1497 3909 1637 3963 Hub.
1674 3908 1852 3974 Virg.,
1886 3922 2058 3975 quem
2098 3905 2174 3959 sic
2217 3906 2501 3960 concludit
2526 3906 2836 3975 Cyprianus
2870 3924 2881 3960 :
2923 3926 2949 3953 ‹‹
2982 3908 3225 3961 Tantum
3257 3917 3607 3967 mementote

226 3999 360 4049 tunc
415 3995 605 4048 nostri
655 4012 782 4049 cum
834 3996 1065 4067 incipiet
1104 3997 1164 4050 in
1206 3996 1365 4051 vobis
1413 3996 1710 4067 virginitas
1749 3995 2042 4049 honorari.
2086 4016 2112 4045 »
2151 3996 2403 4050 Alterum
2441 3994 2832 4049 testimonium
2874 3995 3086 4065 legitur
3130 3996 3188 4050 in
3240 3999 3341 4069 Ep.
3391 4016 3499 4054 Lvu
3536 4002 3608 4055 ad

229 4084 564 4147 Cvmielium,
594 4100 769 4154 quem
807 4085 883 4138 sic
910 4085 1222 4155 alloquitur
1249 4085 1559 4157 Cyprianus
1589 4104 1601 4139 :
1639 4106 1665 4133 ‹‹
1696 4085 1974 4139 Memores
2014 4086 2190 4138 nostri
2227 4085 2468 4138 invicem
2502 4084 2697 4150 simus,
2737 4085 3041 4138 concordes
3076 4092 3242 4157 atque
3284 4090 3604 4157 unanimes,

226 4173 539 4242 utrobique
570 4188 674 4242 pro
712 4172 873 4226 nobis
900 4189 1121 4243 semper
1147 4188 1393 4240 oremus,
1430 4189 1725 4244 pressuras
1764 4178 1819 4226 et
1848 4172 2139 4242 angustias
2179 4179 2376 4227 mutua
2416 4172 2693 4226 charitate
2731 4174 3070 4240 relevemus,
3101 4178 3156 4229 et
3196 4175 3242 4228 si
3278 4177 3401 4246 quis
3440 4178 3606 4233 istinc

228 4264 494 4313 nostrum
525 4260 687 4330 prior
729 4261 939 4314 divinae
982 4261 1328 4331 dignationis
1363 4262 1648 4316 celeritate
1685 4262 2054 4332 praecesserit,
2095 4269 2418 4334 perseveret
2457 4264 2610 4333 apud
2652 4265 2954 4318 Dominum
2989 4270 3180 4320 nostra
3222 4266 3468 4335 dilectio,
3500 4285 3605 4340 pro

226 4350 505 4402 fratribus
535 4352 595 4402 et
622 4349 907 4403 sororibus
936 4349 1145 4403 nostris
1173 4350 1325 4420 apud
1356 4350 1798 4405 misericordiam
1818 4351 1996 4406 Patris
2024 4368 2138 4406 non
2168 4360 2348 4407 cesset
2376 4353 2579 4408 oratio.
2610 4375 2635 4401 ››
2672 4355 2898 4407 Frustra
2919 4354 3043 4408 haec
3066 4354 3253 4410 editor
3279 4356 3606 4411 Oxonicnsis

226 4440 458 4494 eludere
494 4443 759 4493 conatur.
798 4438 1191 4509 Virginitatem
1224 4439 1303 4493 ait
1337 4439 1593 4510 incipere
1634 4440 1900 4493 honorari
1930 4457 2059 4494 cum
2097 4442 2165 4493 ad
2207 4442 2572 4495 confessionis
2610 4443 2781 4496 decus
2825 4444 3119 4513 pervenit;
3160 4444 3260 4498 sed
3296 4447 3607 4516 Cyprianus

225 4528 483 4597 virgines
516 4543 723 4581 omnes
751 4528 1067 4597 generatim
1094 4527 1419 4597 alloquitur,
1449 4544 1562 4580 non
1586 4529 1730 4581 solas
1775 4534 2069 4599 martyres,
2106 4546 2206 4583 nec
2247 4530 2480 4599 proinde
2525 4531 2779 4602 martyrii
2820 4533 2918 4586 sed
2955 4533 3300 4603 virginitatis
3341 4550 3607 4589 coronam

225 4616 459 4670 indicat.
501 4616 762 4669 Alterum
812 4616 996 4669 locum
1037 4616 1117 4669 sic
1159 4616 1571 4684 interpretatur
1611 4615 1816 4683 Fellus,
1860 4616 2019 4686 quasi
2067 4616 2379 4686 Cyprianus
2421 4634 2551 4673 cum
2593 4619 2853 4674 Cornelio
2898 4620 3214 4691 paciscatur
3256 4642 3281 4669 ‹‹
3322 4624 3388 4674 ut
3433 4622 3477 4675 is
3506 4622 3603 4692 qui

225 4711 523 4775 superstes
550 4705 744 4771 fuerit,
776 4706 861 4757 cui
895 4704 952 4758 in
999 4705 1132 4758 vivis
1171 4703 1380 4757 diutius
1425 4721 1544 4759 esse
1584 4706 1910 4775 contigerit,
1956 4706 2170 4775 precari
2212 4712 2435 4776 pergat.
2469 4728 2495 4755 »
2543 4710 2611 4760 At
2656 4708 2956 4760 manifesta
2999 4712 3085 4760 est
3121 4709 3440 4777 cavillatio;
3492 4726 3605 4762 non

226 4794 375 4847 enim
412 4795 531 4848 hoc
558 4793 825 4863 precandi
856 4810 1066 4847 munus
1094 4793 1145 4847 ei
1177 4793 1547 4847 commendat
1573 4794 1907 4863 Cyprianus,
1939 4794 2034 4865 qui
2079 4798 2361 4864 superstes
2396 4796 2582 4861 fuerit,
2617 4796 2715 4848 sed
2759 4795 2857 4865 qui
2903 4817 2929 4844 ‹‹
2974 4797 3132 4865 prior
3170 4797 3539 4866 praecesserit.
3574 4819 3600 4847 »

225 4883 329 4936 Sed
366 4884 565 4938 [-‘ellus
591 4900 653 4937 ex
682 4887 877 4938 nostra
904 4883 1376 4955 interpretatione
1419 4885 1684 4955 consequi
1730 4887 1923 4955 negat,
1954 4887 2019 4938 ut
2059 4892 2284 4940 sanctos
2324 4884 2493 4937 liceat
2530 4884 2770 4953 precari.
2797 4886 3003 4937 Verum
3048 4901 3161 4937 non
3204 4884 3607 4939 animadvertit

225 4988 397 5043 quam
431 4974 562 5026 haec
591 4980 740 5027 arcte
766 4974 1099 5027 cohzrreant
1128 4989 1255 5027 cum
1287 4973 1645 5028 invocatione
1676 4978 2031 5042 sanctorum,
2054 4990 2181 5045 quae
2201 4973 2246 5027 si
2268 4971 2462 5043 priscis
2491 4970 2710 5024 saeculis
2731 4972 2911 5025 instar
2936 4974 3357 5042 superstitionis
3384 4974 3605 5030 Christo

224 5063 531 5131 injuriosae.
564 5062 758 5117 habita
787 5062 1009 5127 fuisset,
1040 5064 1128 5115 vel
1156 5063 1341 5133 potius
1368 5063 1414 5115 si
1441 5080 1558 5117 non
1588 5063 1855 5134 viguisset
1888 5063 1946 5116 in
1981 5066 2100 5117 tota
2130 5061 2396 5127 Ecclesia,
2426 5065 2487 5113 ut
2517 5076 2637 5114 eam
2681 5060 2927 5130 viguisse
2961 5059 3255 5135 71-72
3287 5064 3604 5118 certissima

224 5155 615 5204 monumenta
644 5154 942 5217 testantur,
974 5166 1269 5220 nunquam
1294 5152 1575 5222 Cypriane
1603 5152 1661 5205 in
1692 5155 1944 5206 mentem
1976 5152 2224 5206 venisset
2250 5149 2496 5219 virgines
2521 5152 2577 5202 et
2606 5152 2882 5219 martyres
2914 5150 2971 5203 in
3006 5156 3357 5207 antecessum
3387 5154 3607 5225 precari

224 5243 275 5291 et
299 5240 601 5293 invocare.

1184 5409 1315 5474 XVI.
1348 5450 1416 5460 —
1445 5434 1514 5475 ne
1552 5434 1757 5476 CHRISTI
1797 5435 2119 5487 nmmum,
2160 5432 2391 5483 muscus
2428 5425 2645 5475 castra.

294 5570 669 5629 Praefationis
697 5572 939 5629 modum
966 5577 1399 5647 transgrederer
1423 5580 1468 5633 si
1495 5580 1556 5633 in
1583 5581 1707 5635 aliis
1735 5581 2001 5652 Cypriani
2038 5581 2333 5635 sententiis
2369 5584 2629 5634 accurate
2673 5578 3021 5649 vestigandis
3067 5579 3426 5635 immorarer.
3458 5579 3608 5635 Nihil

228 5662 377 5716 enim
409 5661 629 5715 erroris
654 5663 1045 5733 excogitatum
1076 5667 1163 5719 est
1188 5666 1274 5719 his
1302 5668 1713 5737 posterioribus
1744 5669 1984 5737 saeculis,
2016 5672 2079 5722 ut
2108 5674 2259 5723 recte
2288 5668 2547 5722 observat
2576 5668 2880 5735 Pamelius,
2903 5667 3052 5737 quod
3085 5684 3199 5721 non
3228 5686 3297 5721 ex
3338 5668 3603 5739 Cypriani

228 5749 583 5804 testimoniis
611 5751 922 5807 refellatur.
948 5753 1023 5807 De
1051 5754 1259 5809 Christi
1285 5756 1579 5811 divinitate
1617 5762 1842 5812 sanctus
1868 5758 2077 5828 Martyr
2112 5757 2244 5811 data
2283 5773 2459 5828 opera
2502 5772 2619 5810 non
2667 5756 3049 5825 pertractavit,
3080 5756 3196 5823 sed,
3228 5756 3423 5809 breves
3451 5757 3602 5810 illius

231 5837 296 5896 de
326 5840 445 5895 Deo
479 5838 781 5895 incarnato
819 5841 1117 5897 sententiae
1146 5858 1262 5898 non
1290 5845 1482 5900 minus
1518 5846 1736 5902 habent
1763 5846 1980 5901 roboris
2009 5850 2066 5900 et
2096 5845 2395 5916 momenti,
2424 5862 2600 5918 quam
2628 5844 2864 5899 uberior
2900 5844 3285 5916 pertractatio.
3315 5845 3602 5902 Christum
