4084 6208
456 276 515 331 71
1776 265 1836 326 D.
1868 271 2235 328 PRUDENTII
2260 267 2527 327 MARANI
3755 275 3820 328 72

452 401 758 456 Dominum
786 404 842 455 et
869 400 1048 454 Deum
1078 401 1336 452 nostrum
1367 396 1662 468 appellare
1698 397 1860 463 solet,
1889 397 2045 451 velut
2086 413 2214 450 cum
2259 396 2337 449 ait
2374 396 2432 449 in
2476 396 2578 466 Ep.
2610 411 2707 451 VIII
2738 397 2814 466 (p.
2863 393 2970 463 l5).
3003 414 3031 443 ‹‹
3070 394 3355 449 Habemus
3394 394 3730 450 advocatum
3769 402 3822 451 et

459 491 884 561 deprecatorem
934 504 1040 558 pro
1088 486 1334 558 peccatis
1377 486 1584 540 nostris
1622 487 1809 538 Jesum
1855 486 2142 541 Christum
2188 487 2494 541 Dominum
2538 492 2593 541 et
2632 487 2806 540 Deum
2851 491 3128 540 nostrum.
3172 505 3200 536 ι)
3244 484 3660 540 Elaborandum
3703 501 3821 540 esse

452 578 614 632 docet
638 578 696 630 in
727 579 828 647 Ep.
867 592 930 629 Lx
982 576 1196 645 (p.99),
1228 595 1256 622 «
1301 579 1361 628 ut
1394 573 1679 628 Christum
1713 573 1970 643 judicem
2012 580 2068 628 et
2110 575 2414 629 Dominum
2451 580 2508 629 et
2546 575 2724 629 Deum
2763 578 3025 630 nostrum
3066 590 3503 645 promereamur
3539 573 3820 645 obsequiis

450 666 678 723 nostris.
704 687 730 715 ››
757 667 817 719 In
846 668 946 736 Ep.
981 681 1104 719 Lxm
1137 664 1212 734 (p.
1250 663 1370 732 104)
1405 682 1418 716 :
1451 686 1475 712 ‹‹
1499 665 1654 718 Jesus
1676 663 1930 719 Christus
1955 663 2224 718 Dominus
2251 668 2308 716 et
2340 664 2484 716 Deus
2513 668 2704 717 noster
2731 665 2989 718 sacriﬁcii
3019 663 3186 733 hujus
3211 665 3406 718 auctor
3435 669 3491 717 et
3521 663 3762 730 doctor;
3791 685 3815 712 ››

455 759 512 811 et
541 773 598 825 p.
637 756 736 808 109
771 771 784 808 :
816 775 844 803 «
875 756 1038 808 Jesus
1069 752 1326 809 Christus
1365 753 1637 806 Dominus
1667 755 1724 806 et
1764 753 1908 806 Deus
1933 755 2130 806 noster
2156 753 2274 822 ipse
2301 756 2387 806 est
2413 769 2669 807 summus
2707 754 2966 808 sacerdos
3007 753 3103 807 Dei
3147 754 3345 807 Patris.
3381 775 3407 802 ››
3446 755 3508 808 lu
3548 755 3650 824 Ep.
3679 769 3822 808 XLVII

453 847 531 916 (p.
563 848 671 912 6t),
702 844 916 914 gratias
949 843 1068 914 agit
1099 865 1125 892 ι(
1156 845 1271 897 Deo
1301 842 1448 913 patri
1491 842 1870 912 omnipotenti
1899 847 1956 896 et
1991 842 2212 896 Christo
2255 843 2378 912 ejus
2418 843 2658 897 Domino
2701 851 2758 899 et
2801 845 2913 899 Deo
2945 849 3138 898 nostro
3178 842 3458 898 salvatori.
3495 866 3522 892 ››
3566 843 3688 898 Vid.
3720 846 3816 915 Ep.

459 951 565 1001 LIV,
598 951 692 1005 pp.
727 936 795 986 92
822 938 876 987 et
904 934 1006 1002 94;
1041 934 1142 1003 Ep.
1179 948 1300 998 va,
1333 949 1388 1002 p.
1429 933 1562 998 H3;
1595 933 1696 1002 Ep.
1727 947 1909 999 Luiv,
1934 948 2028 1001 pp.
2070 933 2168 985 139
2196 936 2250 984 et
2286 932 2424 999 140;
2458 934 2559 1003 Ep.
2597 948 2794 1001 Lxxvn,
2831 936 2950 988 158.

525 1052 585 1104 In
617 1050 760 1104 libro
794 1051 859 1104 dc
887 1051 1040 1106 Orat.
1070 1053 1216 1104 Dom.
1250 1051 1324 1119 (p.
1358 1048 1487 1119 204)
1517 1064 1530 1102 :
1565 1069 1592 1096 ‹‹
1624 1048 1866 1102 Oremus
1894 1047 2104 1118 itaque,
2137 1048 2340 1101 fratres
2368 1047 2737 1116 dilectissimi,
2773 1049 2917 1104 sicut
2949 1049 3221 1120 magister
3257 1050 3402 1104 Deus
3437 1049 3666 1120 docuit;
3703 1071 3730 1099 ››
3765 1055 3819 1106 et

455 1141 534 1212 (p.
571 1138 696 1206 206)
731 1161 742 1192 :
776 1159 803 1186 «
835 1139 981 1193 Deus
1011 1138 1162 1208 pacis
1195 1143 1251 1192 et
1277 1136 1906 1206 concordiaa’magister
1931 1135 2029 1206 qui
2068 1135 2260 1190 docuit
2297 1137 2595 1206 unitatem,
2627 1139 2705 1192 sic
2746 1155 2912 1192 orare
2953 1155 3130 1192 unum
3176 1154 3277 1208 pro
3320 1139 3586 1193 omnibus
3623 1140 3815 1209 voluit,

457 1227 740 1300 quomodo
769 1227 826 1281 in
855 1243 969 1281 uno
1007 1243 1212 1281 omnes
1254 1227 1372 1296 ipse
1410 1226 1673 1296 portavit.
1708 1246 1734 1274 ››
1768 1227 1831 1279 In
1876 1224 2018 1278 libro
2060 1225 2124 1277 de
2160 1227 2416 1280 Vanitate
2442 1227 2710 1281 idolorum
2743 1228 2823 1298 (p.
2865 1229 2988 1295 228)
3031 1227 3316 1282 Christum
3354 1227 3616 1282 similiter
3660 1234 3819 1283 vocat

455 1319 636 1372 Deum
669 1319 949 1382 nostrum,
985 1315 1159 1369 Deum
1193 1331 1321 1368 cum
1351 1314 1582 1368 homine
1622 1313 1853 1368 mistum
1888 1329 1900 1366 :
1941 1313 2002 1366 in
2047 1313 2192 1367 libro
2222 1330 2258 1368 Il
2300 1317 2535 1381 Testim.,
2566 1315 2857 1369 hominem
2886 1321 2941 1368 et
2981 1316 3161 1370 Deum
3203 1332 3273 1370 ex
3317 1322 3561 1388 utroque
3607 1334 3818 1388 genere

459 1412 827 1472 concretum;
856 1407 1036 1459 Deum
1071 1399 1191 1458 eSse
1231 1406 1286 1457 et
1315 1404 1493 1456 Deum
1527 1402 1714 1456 vocari
1755 1402 1952 1473 probat
1988 1401 2046 1456 in
2089 1403 2396 1473 Scripturis
2431 1403 2634 1458 veteris
2675 1408 2731 1458 et
2770 1404 2896 1458 novi
2936 1405 3203 1472 Testam.,
3243 1422 3339 1475 pp.
3383 1408 3506 1472 286,
3537 1410 3661 1473 287,
3695 1409 3815 1473 288,

391 1565 396 1570 δ
459 1499 514 1550 et
547 1495 619 1548 ad
647 1511 778 1548 eum
809 1494 981 1546 refert
1008 1492 1445 1562 praeclarissima
1477 1508 1715 1562 quasque
1752 1490 2096 1546 testimonia.
2137 1494 2195 1545 In
2231 1491 2374 1546 libro
2413 1493 2478 1547 de
2517 1493 2742 1548 Emhort.
2780 1499 2944 1548 mart.
2981 1494 3058 1564 (p.
3094 1496 3237 1562 267),
3281 1497 3585 1565 postquam
3629 1495 3819 1549 retulit

458 1587 598 1639 illud
632 1583 808 1650 Isaiw,
842 1585 953 1651 Ego
981 1585 1236 1636 Dominus
1267 1584 1404 1635 Deus
1431 1586 1554 1636 tuus
1595 1586 1815 1635 sanctus
1849 1581 2020 1634 Israel
2043 1582 2140 1650 qui
2182 1586 2230 1635 te
2267 1582 2475 1636 salvum
2512 1584 2680 1649 facio,
2713 1581 2908 1636 addit:
2943 1602 2970 1633 ι(
3000 1583 3104 1646 Qui
3148 1589 3204 1638 et
3247 1582 3305 1636 in
3344 1584 3648 1655 Evangelio
3685 1601 3820 1655 pro-

459 1675 634 1728 mittit
662 1673 932 1727 auxilium
965 1671 1222 1725 divinum
1258 1671 1361 1725 Dei
1385 1671 1580 1737 servis,
1611 1671 1666 1724 in
1699 1669 2184 1741 persecutionibus
2213 1686 2328 1724 non
2356 1670 2684 1725 defuturum
2719 1671 2914 1726 dicens
2946 1689 2958 1725 :
2996 1672 3128 1726 Cum
3157 1677 3338 1727 autem
3362 1689 3451 1727 vos
3471 1674 3818 1740 tradiderint,

465 1768 574 1818 etc.
607 1783 633 1814 η
668 1764 727 1816 ln
758 1761 898 1815 libro
926 1761 991 1814 de
1018 1765 1163 1816 Bono
1188 1763 1470 1830 patientia:
1498 1760 1663 1814 docet
1685 1759 1972 1814 Christum
1993 1757 2051 1811 in
2081 1758 2234 1812 coelis
2261 1759 2510 1826 adorari,
2531 1775 2596 1813 ac
2623 1759 2956 1830 prmcepisse
2987 1761 3208 1815 Patrem
3239 1766 3299 1815 ut
3326 1760 3493 1814 Filius
3519 1760 3816 1830 adoretur;

456 1853 528 1908 ad
557 1868 685 1906 eum
721 1850 896 1904 refert
929 1850 1049 1903 haec
1081 1849 1390 1920 Scriptura:
1419 1847 1747 1902 testimonia
1778 1864 1790 1901 :
1826 1849 1964 1901 Deus
2000 1849 2327 1913 manifestus
2362 1851 2555 1910 veniet,
2584 1850 2724 1902 Deus
2752 1854 2932 1904 noster
2956 1854 3006 1903 et
3037 1865 3146 1903 non
3171 1850 3368 1908 silebit.
3398 1852 3656 1905 Dominus
3684 1853 3821 1905 Deus

452 1945 723 1996 virtutum
749 1940 1012 2010 prodibit,
1046 1944 1102 1992 et
1128 1937 1240 1992 alia
1265 1938 1544 2009 ejusmodi
1571 1955 1584 2002 ;
1619 1941 1739 1991 tum
1771 1936 1960 1991 addit:
1987 1957 2014 1985 ‹‹
2040 1936 2175 1999 Quis
2202 1942 2394 1991 autem
2417 1941 2502 1990 est
2529 1937 2629 2008 qui
2655 1937 2894 1992 tacuisse
2923 1954 2980 1992 se
3008 1937 3165 2008 prius
3193 1938 3332 1993 dicit
3357 1941 3416 1992 et
3437 1956 3549 1993 non
3580 1939 3822 1995 tacebit?

455 2031 659 2100 Utique
691 2029 784 2082 ille
817 2028 914 2098 qui
942 2028 1088 2082 sicut
1115 2027 1234 2081 ovis
1259 2026 1332 2081 ad
1363 2026 1644 2081 victimam
1677 2026 1876 2079 ductus
1903 2030 2101 2080 est.....
2134 2027 2237 2079 Hic
2261 2032 2336 2080 est
2366 2028 2506 2081 Deus
2539 2033 2735 2090 noster,
2766 2027 2826 2081 id
2854 2031 2958 2095 est,
2991 2044 3103 2081 non
3137 2028 3418 2095 omnium,
3443 2029 3544 2082 sed
3567 2029 3818 2084 fidelium

455 2123 511 2172 et
555 2117 910 2172 credentium
960 2117 1127 2182 Deus,
1156 2115 1252 2186 qui
1297 2131 1429 2168 cum
1475 2121 1532 2168 in
1577 2114 1828 2168 secundo
1873 2113 2120 2168 adventu
2169 2114 2498 2169 manifestus
2530 2117 2767 2183 venerit,
2815 2133 2929 2170 non
2981 2116 3188 2171 silebit.
3235 2139 3261 2166 ››
3306 2119 3423 2171 Non
3467 2118 3822 2173 omittendus

454 2208 692 2278 insignis
719 2207 875 2260 locus
900 2221 967 2260 ex
998 2205 1174 2275 Epist.
1202 2205 1280 2258 ad
1305 2205 1638 2258 Jubaianum
1673 2204 1751 2273 (p.
1786 2205 1928 2273 133),
1962 2203 2061 2257 ubi
2089 2203 2256 2258 docet
2283 2205 2598 2274 Cyprianus
2628 2205 2915 2276 conceptis
2941 2204 3126 2258 verbis
3155 2208 3272 2259 tres
3300 2222 3566 2276 personas
3594 2208 3818 2261 Patrem

455 2301 513 2350 et
537 2297 737 2350 Filium
767 2300 822 2349 et
851 2294 1128 2365 Spiritum
1160 2298 1417 2347 sanctum
1449 2309 1625 2346 unum
1656 2308 1776 2346 esse
1809 2293 1988 2346 Deum
2023 2312 2033 2346 :
2071 2314 2097 2341 ‹‹
2131 2293 2265 2346 Nam
2298 2293 2362 2359 si,
2393 2293 2596 2364 inquit,
2628 2293 2901 2363 baptizari
2931 2295 3056 2364 quis
3084 2295 3238 2364 apud
3276 2295 3572 2350 haereticos
3613 2298 3818 2366 potuit,

452 2385 655 2456 utique
688 2391 744 2438 et
780 2383 1071 2437 remissam
1107 2385 1473 2453 peccatorum
1505 2381 1774 2451 consequi
1809 2382 2011 2452 potuit.
2044 2381 2098 2436 Si
2129 2385 2495 2453 peccatorum
2523 2382 2818 2436 remissam
2849 2389 3183 2436 consecutus
3211 2387 3316 2451 est,
3351 2386 3410 2436 et
3444 2383 3822 2438 sanctiﬁcatus

456 2478 562 2539 est,
592 2477 648 2528 et
679 2473 956 2542 templum
989 2471 1087 2524 Dei
1109 2471 1287 2524 factus
1313 2477 1416 2524 est.
1449 2469 1507 2524 Si
1536 2469 1918 2524 sanctiﬁcatus
1940 2473 2025 2524 est
2051 2477 2105 2524 et
2124 2471 2397 2541 templum
2423 2471 2518 2524 Dei
2543 2471 2722 2524 factus
2745 2473 2847 2538 est,
2873 2486 3067 2540 quaero
3085 2472 3245 2541 cujus
3267 2472 3367 2526 Dei
3389 2472 3416 2525 ‘I
3438 2472 3494 2526 Si
3516 2472 3817 2539 Creatoris,

459 2580 573 2618 non
624 2562 832 2632 potuit,
877 2561 1013 2631 quia
1060 2561 1117 2615 in
1163 2577 1293 2614 eum
1330 2577 1439 2616 non
1481 2559 1763 2614 credidit:
1818 2561 1862 2614 si
1909 2561 2136 2629 Christi,
2184 2577 2288 2614 nec
2328 2561 2496 2630 hujus
2539 2560 2662 2613 fieri
2711 2558 2896 2629 potuit
2934 2559 3233 2630 templum,
3284 2559 3380 2630 qui
3423 2564 3596 2630 negat
3641 2563 3818 2615 Deum

447 2653 773 2709 Christum:
804 2650 849 2704 si
875 2649 1114 2720 Spiritus
1142 2650 1346 2715 sancti,
1373 2665 1502 2703 cum
1535 2655 1649 2703 tres
1677 2665 1856 2702 unum
1883 2649 2016 2715 sint,
2053 2649 2341 2718 quomodo
2384 2649 2628 2719 Spiritus
2669 2653 2892 2702 sanctus
2936 2649 3188 2718 placatus
3229 2665 3350 2703 esse
3391 2649 3443 2703 ei
3493 2653 3680 2720 potest
3723 2650 3821 2720 qui

445 2747 543 2797 aut
570 2741 747 2796 Patris
777 2744 876 2794 aut
915 2739 1038 2794 Filii
1071 2739 1334 2793 inimicus
1364 2739 1548 2792 est?»
1583 2737 1704 2791 Vid.
1740 2738 1950 2792 librum
1985 2737 2050 2792 de
2083 2740 2230 2792 Unit.
2261 2739 2486 2802 Eccles.,
2522 2739 2620 2792 ubi
2650 2739 2788 2792 citat
2817 2739 2938 2792 hinc
2965 2738 3268 2809 Scriptura).
3295 2739 3629 2794 testimonia
3663 2758 3674 2792 :
3711 2742 3822 2808 Ego

444 2838 494 2888 et
533 2835 694 2887 Pater
719 2846 889 2884 unum
915 2845 1119 2891 sumus,
1148 2831 1205 2882 et
1235 2830 1293 2883 hi
1317 2834 1422 2883 tres
1449 2844 1618 2882 unum
1645 2832 1793 2881 sunt.
1830 2827 1952 2881 Vid.
1987 2826 2156 2881 etiam
2189 2827 2362 2898 Epist.
2392 2845 2585 2883 Lxxxv1
2618 2829 2695 2898 (p.
2731 2830 2872 2899 139),
2901 2828 2996 2883 ubi
3026 2828 3376 2899 perabsurde
3399 2827 3506 2882 dici
3531 2829 3823 2883 contendit

451 2936 546 2976 eos
576 2919 676 2990 qui
701 2918 839 2973 foris
871 2917 1142 2989 baptizati
1171 2921 1302 2971 sunt
1330 2937 1358 2965 «
1389 2916 1674 2971 Christum
1702 2916 1935 2986 quidem
1977 2916 2248 2982 induisse,
2277 2917 2375 2971 sed
2416 2917 2687 2988 Spiritum
2734 2922 2994 2972 sanctum
3041 2934 3154 2972 non
3203 2918 3452 2988 potuisse
3499 2917 3818 2988 percipere,

450 3009 614 3081 quasi
641 3008 819 3080 possit
847 3013 943 3062 aut
973 3007 1094 3063 sine
1116 3006 1328 3078 Spiritu
1359 3007 1614 3061 Christus
1641 3005 1823 3075 indui,
1853 3011 1949 3060 aut
1977 3022 2009 3059 a
2036 3005 2261 3061 Christo
2291 3005 2532 3077 Spiritus
2562 3006 2828 3077 separari.
2866 3027 2894 3056 »

521 3119 755 3173 Summa
785 3116 879 3170 illa
925 3116 982 3169 in
1021 3116 1203 3169 Deum
1250 3114 1608 3169 incarnatum
1659 3114 1860 3184 pietas,
1890 3129 2016 3184 quae
2058 3113 2117 3166 in
2164 3113 2386 3184 scriptis
2423 3113 2692 3185 Cypriani
2729 3112 2940 3167 mirum
2981 3111 3038 3166 in
3080 3113 3312 3167 modum
3352 3113 3558 3181 elucet,
3606 3114 3824 3185 pariter

452 3207 670 3263 calebat
692 3207 752 3259 in
781 3205 1022 3260 aliorum
1053 3204 1256 3258 Africae
1289 3204 1689 3275 episc0porum
1715 3203 1940 3269 animis,
1971 3206 2036 3258 ut
2065 3204 2386 3275 perspicere
2431 3219 2735 3275 possumus
2765 3219 2834 3256 ex
2861 3203 3100 3256 concilio
3128 3203 3579 3273 (Zarthaginensi,
3609 3205 3668 3258 in
3699 3222 3819 3276 quo

451 3297 759 3351 adfuerunt
807 3295 875 3346 87
915 3293 1161 3362 episcopi
1207 3309 1271 3346 ex
1307 3292 1514 3359 Africa,
1548 3292 1808 3347 Numidia
1851 3298 1906 3347 et
1945 3293 2301 3359 Mauritania,
2345 3309 2473 3348 cum
2522 3292 2865 3364 presbyteris
2910 3295 2967 3346 et
3007 3291 3274 3358 diaconis,
3320 3298 3598 3362 praesente
3647 3294 3819 3348 etiam

454 3383 640 3455 plebis
664 3381 917 3436 maxima
938 3384 1123 3451 parte.
1157 3381 1526 3436 Nemesianus
1554 3398 1586 3435 a
1613 3381 1905 3436 Thubunis
1933 3382 1990 3434 in
2017 3381 2123 3436 hoc
2151 3381 2389 3436 concilio
2415 3382 2491 3436 sic
2521 3381 2771 3451 loquitur
2791 3383 2866 3450 (p.
2899 3380 3022 3449 330)
3043 3379 3111 3434 de
3133 3379 3341 3450 Spiritu
3363 3386 3554 3434 sancto
3579 3398 3592 3434 :
3615 3401 3642 3430 «
3670 3383 3824 3449 Quod

455 3479 650 3527 natum
679 3477 755 3526 est
789 3471 854 3525 de
885 3487 1047 3526 carne
1071 3486 1196 3525 caro
1227 3476 1322 3533 est,
1351 3476 1402 3525 et
1433 3473 1580 3540 quod
1615 3477 1806 3524 natum
1848 3475 1923 3525 est
1958 3471 2024 3524 de
2061 3470 2271 3541 Spiritu
2308 3471 2544 3541 Spiritus
2583 3476 2682 3532 est,
2721 3470 2854 3539 quia
2894 3470 3038 3524 Deus
3072 3468 3311 3538 Spiritus
3356 3475 3459 3538 est,
3505 3475 3561 3525 et
3597 3470 3665 3525 de
3710 3472 3821 3526 Deo

455 3565 630 3616 natus
658 3567 761 3615 est.
789 3580 816 3613 )›
850 3559 1032 3614 Minus
1061 3561 1355 3614 commode
1382 3560 1564 3614 editor
1591 3559 1922 3614 Oxoniensis
1946 3559 2106 3630 illud,
2139 3581 2164 3608 ‹‹
2197 3559 2266 3615 de
2297 3560 2411 3614 Deo
2444 3565 2607 3614 natus
2639 3562 2794 3627 est,»
2823 3558 2902 3612 sic
2937 3558 3178 3630 explicat
3209 3574 3222 3612 :
3249 3579 3277 3608 ‹‹
3307 3559 3481 3613 Natus
3509 3559 3576 3614 de
3607 3560 3819 3632 Spiritu

461 3652 529 3706 de
560 3653 672 3706 Deo
706 3652 871 3704 natus
898 3654 1004 3704 est.
1038 3670 1065 3698 ››
1096 3653 1162 3704 At
1189 3649 1378 3704 dicere
1405 3649 1690 3704 debuisset
1719 3648 2090 3703 Nemesianus
2121 3669 2147 3699 (ι
2181 3649 2251 3704 de
2281 3650 2392 3703 Deo
2423 3651 2622 3703 natum
2650 3654 2754 3702 est.
2789 3667 2816 3698 ι)
2845 3648 2950 3711 Qui
2978 3647 3343 3702 mediocriter
3368 3648 3646 3718 attendet,
3675 3649 3822 3703 hanc

456 3741 626 3810 hujus
660 3739 766 3793 loci
792 3737 1010 3792 videbit
1039 3753 1160 3792 esse
1187 3737 1557 3806 sententiam,
1586 3737 1739 3810 quod
1770 3753 1836 3790 ex
1866 3737 2076 3808 Spiritu
2113 3743 2314 3792 natum
2356 3743 2441 3793 est
2483 3739 2757 3810 Spiritum
2791 3754 2934 3806 esse,
2962 3737 3094 3808 quia
3135 3735 3374 3807 Spiritus
3416 3743 3660 3805 sanctus,
3688 3753 3820 3792 cum

453 3831 598 3883 Deus
636 3827 710 3881 sit
741 3833 796 3882 et
826 3843 891 3881 ex
922 3827 1040 3881 Deo
1071 3829 1242 3881 natus
1271 3826 1342 3881 sit
1369 3826 1486 3881 sive
1513 3826 1846 3898 processerit
1871 3826 2016 3898 (haec
2043 3828 2197 3882 enim
2226 3828 2515 3884 interdum
2543 3828 2692 3882 idem
2723 3827 2972 3898 sonant),
3007 3844 3110 3898 pro
3149 3843 3378 3882 summa
3406 3844 3509 3882 sua
3544 3831 3818 3899 potestate

447 3917 689 3988 Spiritus
716 3932 814 3970 eos
840 3915 1007 3970 efﬁcit
1041 3932 1185 3987 quos
1216 3921 1538 3986 regenerat.
1573 3917 1911 3970 Fortunatus
1934 3932 1967 3969 a
1987 3917 2304 3972 Tuchabori
2325 3917 2383 3970 in
2408 3917 2612 3971 eodem
2639 3915 2876 3971 concilio
2905 3916 2983 3970 sic
3014 3916 3271 3987 loquitur
3301 3919 3379 3987 (p.
3411 3919 3532 3984 332)
3560 3933 3572 3971 :
3599 3938 3625 3966 ι(
3657 3918 3819 3972 Jesus

445 4006 700 4063 Christus
735 4005 1012 4059 Dominus
1045 4010 1101 4059 et
1124 4006 1264 4058 Deus
1291 4007 1502 4072 noster,
1537 4004 1634 4058 Dei
1663 4004 1840 4059 Patris
1865 4009 1925 4060 et
1948 4005 2216 4061 creatoris
2243 4007 2411 4074 ﬁlius,
2445 4023 2616 4078 super
2641 4009 2870 4078 petram
2903 4006 3198 4061 aediﬁcavit
3229 4006 3533 4061 Ecclesiam
3562 4023 3746 4064 suam.
3784 4029 3812 4057 ››

459 4094 804 4149 Euchartius
831 4110 862 4148 a
889 4093 1099 4148 Thenis
1141 4094 1214 4163 (p.
1245 4094 1368 4163 333)
1405 4110 1418 4147 :
1450 4114 1477 4142 «
1519 4094 1708 4148 Fidem
1751 4099 1999 4149 nostram
2040 4099 2097 4151 et
2138 4095 2498 4166 baptismatis
2541 4096 2784 4166 gratiam
2822 4097 2969 4150 Deus
3012 4098 3070 4150 et
3105 4094 3379 4149 Dominus
3422 4099 3618 4151 noster
3657 4099 3819 4153 Jesus

451 4183 711 4240 Christus
737 4199 837 4238 suo
864 4199 961 4238 ore
988 4183 1274 4254 apostolos
1303 4182 1514 4237 docens
1540 4184 1898 4255 perimplevit
1917 4185 2111 4240 dicens
2141 4202 2153 4239 :
2182 4188 2262 4240 Ite
2299 4191 2348 4241 et
2377 4187 2556 4240 docete
2586 4201 2760 4240 omnes
2795 4190 2992 4253 gentes,
3023 4185 3362 4255 baptizantes
3399 4201 3481 4242 eos
3513 4189 3571 4240 in
3601 4191 3819 4245 nomine

446 4277 633 4330 Patris
661 4278 712 4327 et
738 4273 866 4328 Filii
891 4278 939 4326 et
964 4275 1206 4342 Spiritus
1231 4275 1427 4327 sancti.
1459 4294 1486 4322 »
1513 4272 1730 4328 Ibidem
1761 4275 1914 4329 Felix
1943 4275 2014 4328 ab
2043 4274 2290 4329 Uthina:
2319 4295 2344 4324 ‹‹
2374 4274 2595 4329 Nemini
2613 4274 2850 4329 dubium
2875 4277 2978 4342 est,
3001 4274 3344 4329 sanctissimi
3364 4277 3818 4344 consacerdotes,

455 4379 571 4417 non
629 4366 849 4416 tantum
907 4377 1071 4432 posse
1126 4361 1437 4416 humanam
1488 4364 2016 4434 praesumptionem,
2069 4370 2351 4434 quantum
2404 4363 2621 4417 Domini
2681 4363 2859 4418 nostri
2907 4366 3038 4419 Jesu
3091 4364 3299 4420 Christi
3351 4364 3702 4421 adorandam
3760 4371 3821 4421 et

455 4449 855 4506 venerabilem
887 4451 1261 4521 majestatem.
1295 4473 1322 4500 »
1355 4452 1664 4506 Venantius
1695 4469 1728 4506 a
1771 4453 1978 4507 Timisa
2010 4454 2088 4524 (p.
2121 4452 2242 4523 335)
2275 4469 2287 4506 :
2319 4474 2346 4501 «
2378 4452 2632 4508 Christus
2666 4454 2938 4508 Dominus
2976 4457 3035 4508 et
3076 4453 3220 4509 Deus
3256 4457 3450 4509 noster
3489 4455 3562 4510 ad
3595 4457 3824 4511 Patrem

451 4539 822 4613 proﬁciscens
850 4555 1119 4609 sponsam
1151 4556 1308 4594 suam
1337 4539 1500 4594 nobis
1522 4541 1956 4598 commendavit.
1984 4563 2012 4592 »

515 4655 1020 4719 Quemadmodum
1063 4655 1133 4709 de
1163 4656 1568 4711 lncarnationis
1597 4658 1893 4728 mysterio,
1922 4659 1999 4713 sic
2024 4658 2195 4713 etiam
2235 4657 2305 4712 de
2335 4659 2578 4730 acceptis
2605 4660 2675 4714 ab
2701 4660 2992 4715 incarnato
3024 4661 3135 4716 Deo
3183 4661 3473 4718 beneﬁciis
3510 4663 3818 4736 magniﬁce

450 4744 736 4800 sentiebat
776 4742 1110 4814 Cyprianus.
1157 4745 1503 4800 Jamdudum
1540 4744 1912 4802 observarunt
1953 4746 2158 4802 eruditi
2207 4747 2460 4819 theologi
2503 4749 2943 4820 Pelagianorum
2995 4766 3215 4805 errores
3265 4753 3446 4806 multo
3489 4758 3621 4808 ante
3673 4771 3706 4808 a
3755 4756 3816 4809 S.

459 4833 703 4902 Martyre
719 4832 1035 4886 confutatos
1049 4832 1238 4899 fuisse,
1255 4849 1499 4904 eumque
1514 4837 1550 4888 A
1563 4835 1828 4905 ugustino
1848 4836 2097 4906 plurima
2108 4835 2178 4890 ad
2191 4835 2363 4906 hujus
2377 4836 2606 4892 haeresis
2619 4839 2972 4894 eversionem
2990 4840 3397 4910 suppeditasse.
3411 4842 3592 4897 Probe
3604 4841 3820 4897 sciebat

451 4920 767 4993 Cyprianus
788 4919 1082 4993 '73-'74
1106 4921 1409 4976 Dominum
1428 4921 1826 4978 advenientem
1850 4940 2073 4979 sanasse
2096 4923 2238 4979 «illa
2254 4941 2384 4996 quas
2405 4925 2581 4979 Adam
2604 4929 2931 4997 portaverat
2945 4928 3197 4996 vulnera,
3215 4935 3272 4984 et
3290 4945 3512 4986 venena
3532 4931 3819 5002 serpentis

455 5011 694 5081 antiqua
725 5025 952 5063 curasse
985 5028 1013 5062 »
1048 5012 1290 5081 (p.237).
1315 5011 1453 5065 Hinc
1467 5011 1810 5083 baptismum
1835 5013 2102 5067 omnibus
2119 5013 2352 5068 omnino
2372 5016 2752 5070 necessarium
2775 5032 2895 5071 esse
2911 5017 3210 5072 credebat:
3238 5039 3265 5068 ‹(
3288 5019 3496 5073 Omnes
3515 5019 3750 5090 quidem
3778 5040 3810 5070 ››

443 5098 631 5170 inquit
660 5099 719 5152 in
747 5098 894 5153 libro
933 5097 1000 5152 de
1035 5099 1222 5153 Habit.
1271 5099 1410 5166 virg.
1441 5099 1519 5170 (p.
1564 5102 1707 5170 180),
1740 5122 1768 5150 ‹‹
1809 5103 1907 5174 qui
1942 5103 2014 5158 ad
2051 5104 2304 5158 divinum
2343 5103 2626 5160 lavacrum
2666 5105 2942 5176 baptismi
2979 5107 3415 5163 sanctiﬁcatione
3452 5110 3816 5182 perveniunt,

447 5185 747 5242 hominem
772 5186 886 5241 illic
917 5191 1167 5241 veterem
1195 5187 1382 5257 gratia
1406 5187 1617 5243 lavacri
1645 5189 1906 5246 salutaris
1933 5195 2251 5263 exponunt,
2281 5197 2337 5248 et
2367 5192 2625 5248 innovati
2656 5193 2875 5265 Spiritu
2902 5200 3094 5251 sancto
3118 5213 3150 5250 a
3174 5197 3434 5253 sordibus
3463 5198 3819 5271 contagionis

443 5273 696 5347 antique
741 5275 946 5329 iterata
989 5274 1281 5330 nativitate
1324 5282 1663 5347 purgantur.
1703 5301 1730 5327 ι)
1776 5280 1835 5336 ln
1870 5284 2074 5354 primis
2109 5288 2302 5340 autem
2341 5288 2683 5344 catholicum
2730 5289 2943 5360 dogma
2985 5289 3312 5347 defenditur
3351 5292 3410 5346 in
3446 5293 3686 5363 epistola
3722 5297 3814 5363 59,

444 5382 615 5437 quam
645 5381 758 5455 non
791 5363 944 5418 solus
966 5364 1309 5455 Cyprianus,
1336 5366 1434 5420 sed
1465 5370 1522 5422 et
1548 5369 1737 5455 casteri
1765 5371 1999 5444 collega:
2022 5375 2120 5445 qui
2144 5375 2203 5430 in
2227 5377 2468 5433 concilio
2493 5378 2800 5436 adfuerunt
2827 5395 3070 5436 numero
3101 5382 3168 5436 66
3189 5382 3260 5436 ad
3283 5381 3486 5437 Fidum
3513 5383 3814 5455 scripsere.

443 5455 495 5508 ls
539 5453 726 5507 nescio
779 5467 894 5522 quo
945 5451 1230 5542 opinionis
1283 5469 1480 5508 errore
1535 5453 1643 5510 sibi
1688 5456 1934 5515 ﬁnxerat
1984 5462 2232 5518 infantes
2278 5486 2305 5513 «
2357 5466 2509 5520 intra
2557 5468 2872 5523 secundum
2925 5469 3012 5523 vel
3057 5470 3290 5524 tertium
3334 5471 3484 5526 diem
3530 5451 3646 5542 quo
3695 5471 3817 5528 nati

449 5546 583 5596 sunt
617 5540 956 5630 constitutos
993 5539 1262 5630 baptizari
1314 5559 1432 5597 non
1475 5550 1758 5614 oportere,
1792 5553 1850 5602 et
1883 5551 2352 5607 considerandam
2398 5571 2516 5608 esse
2556 5555 2740 5626 legem
2786 5557 3234 5613 circumcisionis
3270 5539 3630 5630 antiqua—ut
3664 5561 3818 5615 intra

445 5632 710 5684 octavum
739 5627 890 5682 diem
917 5643 1052 5682 eum
1080 5628 1178 5700 qui
1208 5633 1371 5686 natus
1401 5635 1486 5685 est
1511 5631 1921 5704 baptizandum
1951 5643 2009 5693 et
2036 5638 2503 5696 sanctiﬁcandum
2545 5658 2660 5697 non
2701 5649 2947 5715 putaret.
2981 5667 3010 5696 »
3052 5647 3243 5717 Longe
3281 5627 3430 5703 aliud
3473 5648 3531 5702 in
3571 5648 3816 5704 concilio

448 5719 718 5809 omnibus
745 5718 926 5772 visum
956 5721 1057 5788 est,
1090 5735 1154 5809 ac
1184 5720 1435 5775 universi
1463 5722 1861 5792 judicaverunt
1894 5747 1921 5776 «
1951 5727 2091 5782 nulli
2121 5729 2343 5785 homini
2372 5736 2506 5787 nato
2533 5731 2981 5790 misericordiam
3018 5736 3116 5791 Dei
3152 5743 3208 5792 et
3243 5737 3487 5808 gratiam
3517 5736 3813 5809 denegem

443 5807 594 5867 dam.
641 5807 815 5862 Porro
855 5813 1068 5880 autem,
1111 5808 1404 5883 inquiunt,
1452 5811 1498 5866 si
1539 5812 1711 5870 etiam
1758 5815 2110 5891 gravissimis
2150 5819 2513 5878 delictoribus
2560 5827 2617 5878 et
2663 5822 2723 5878 in
2763 5823 2942 5883 Deum
2981 5826 3227 5882 multum
3256 5807 3394 5897 ante
3439 5807 3815 5902 peccantibus
