4084 6208
238 279 304 333 73
1589 278 1739 334 VITA
1778 280 1835 333 S.
1866 295 1870 322 ι

1973 278 2202 335 ἪΙΑΝΙ.
3526 279 3595 334 74

234 404 475 458 remissa
506 410 868 474 peccatorum
897 404 1083 472 datur,
1114 410 1169 459 et
1199 422 1232 460 a
1260 405 1546 476 baptismo
1574 410 1741 477 atque
1768 424 1798 460 a
1836 408 2022 475 gratia
2058 423 2230 461 nemo
2270 406 2621 477 prohibetur,
2665 410 2880 477 quanto
2919 406 3101 477 magis
3140 403 3431 477 prohiberi
3478 424 3594 462 non

237 492 405 546 debet
433 494 646 558 infans,
665 492 761 565 qui
784 510 980 547 recens
1002 497 1169 547 natus
1183 493 1326 548 nihil
1354 495 1626 564 peccavit,
1654 496 1761 549 nisi
1789 497 1960 567 quod,
1979 497 2287 551 secundum
2310 497 2487 551 Adam
2512 498 2812 549 carnaliter
2834 501 3021 559 natus,
3044 496 3373 565 contagium
3402 498 3597 552 mortis

233 582 487 651 antiquae
532 583 711 653 prima
750 584 1035 637 nativitate
1077 583 1379 650 contraxit,
1408 584 1505 654 qui
1545 584 1617 637 ad
1654 585 1953 639 remissam
1991 590 2349 656 peccatorum
2385 586 2775 656 accipiendam
2823 587 2925 639 hoc
2967 587 3087 655 ipso
3126 585 3342 639 facilius
3384 587 3600 641 accedit

234 672 386 740 quod
420 672 501 724 illi
536 672 905 726 remittuntur
936 689 1048 727 non
1081 673 1311 743 propria
1344 672 1441 725 sed
1468 673 1655 726 aliena
1696 679 1945 744 peccata.
1978 695 2005 723 »
2047 675 2253 727 Contra
2295 675 2537 744 superba
2583 676 3017 744 Pelagianorum
3059 681 3403 741 commenta,
3432 676 3599 730 docet

238 761 562 830 Cyprianus
588 760 846 831 pluribus
867 761 1005 815 locis
1030 778 1131 815 nos
1160 760 1413 831 quotidie
1442 777 1698 832 peccare,
1726 768 1791 817 ut
1822 762 1879 816 in
1904 762 2062 817 libris
2092 764 2156 817 de
2192 763 2346 818 Orat.
2379 767 2554 831 Dom.,
2588 781 2642 834 p.
2678 767 2771 817 2H
2804 780 2816 829 ;
2846 764 2910 817 de
2941 765 3105 832 Opere
3140 771 3189 818 et
3216 766 3597 835 Eleemosym's,

232 866 331 919 pp.
372 852 481 903 238
512 855 568 903 et
596 850 722 915 243,
750 855 805 904 et
834 852 871 903 l.
906 867 959 903 Ill
998 854 1233 912 Testim.,
1263 868 1319 921 p.
1349 852 1434 903 54.

302 938 521 991 Christi
550 940 795 1007 gratiam
826 938 1142 993 innumeris
1167 939 1223 992 in
1258 938 1393 992 locis
1422 938 1656 993 miriﬁce
1682 939 2047 995 commendat
2073 942 2401 1011 Cyprianus,
2432 942 2549 1012 qui,
2578 958 2707 995 cum
2739 941 2923 994 adhuc
2968 941 3021 995 in
3052 942 3302 995 tenebris
3338 946 3394 996 et
3440 948 3599 997 nocte

234 1044 384 1080 caeca
410 1028 655 1096 jaceret,
688 1026 807 1081 ﬁeri
842 1044 955 1082 non
986 1045 1151 1099 posse
1190 1027 1454 1082 credebat
1489 1028 1641 1098 quod
1680 1028 1978 1082 Christiani
2020 1030 2322 1098 docebant,
2357 1053 2381 1077 ‹‹
2424 1036 2483 1084 ut
2523 1030 2646 1101 quis
2679 1030 2895 1084 renasci
2939 1029 3125 1083 denuo
3161 1036 3369 1099 posset,
3400 1038 3600 1101 utque,

234 1118 289 1170 in
326 1133 541 1169 novam
575 1117 743 1170 vitam
774 1117 995 1170 lavacro
1022 1133 1183 1186 aqua:
1211 1116 1471 1170 salutaris
1500 1115 1801 1182 animatus,
1832 1117 1983 1187 quod
2018 1118 2173 1188 prius
2201 1120 2388 1173 fuerat
2416 1122 2746 1189 exponeret,
2773 1124 2848 1184 et,
2879 1118 3131 1188 corporis
3163 1118 3295 1171 licet
3333 1125 3599 1173 manente.

236 1221 550 1275 compage,
579 1205 875 1258 hominem
924 1206 1115 1259 animo
1155 1222 1219 1258 ac
1248 1210 1445 1259 mente
1487 1212 1735 1259 mutaret
1782 1206 1973 1276 (Epist.
2018 1209 2091 1261 ad
2127 1210 2368 1278 Donat).
2412 1228 2437 1259 ››
2480 1209 2582 1262 Sed
2620 1208 2771 1261 hunc
2806 1223 3062 1261 errorem
3106 1207 3271 1260 simul
3313 1224 3440 1261 cum
3485 1210 3605 1261 aliis

234 1295 387 1348 vitiis
424 1298 483 1346 et
510 1292 802 1347 erroribus
831 1295 1116 1364 deposuit,
1146 1298 1207 1347 et
1230 1294 1435 1347 Christi
1466 1295 1701 1365 gratiam
1731 1312 1797 1348 eo
1826 1296 2091 1350 libentius
2119 1296 2381 1368 deinceps
2408 1298 2752 1368 prmdicavit,
2781 1313 2893 1368 quo
2922 1298 3265 1367 pertinacius
3300 1298 3597 1368 rejecerat.

236 1386 433 1438 V'ideri
462 1387 695 1453 possunt
728 1400 856 1453 qua:
879 1384 935 1437 in
964 1384 1111 1437 hanc
1141 1383 1481 1437 sententiam
1512 1384 1736 1437 disserit
1765 1384 1821 1437 in
1852 1387 2092 1455 Epistola
2125 1387 2197 1439 ad
2230 1390 2520 1441 Donatum.
2555 1388 2759 1440 Probat
2796 1387 2852 1439 in
2900 1388 3119 1441 Emhort.
3148 1393 3309 1441 mart.
3348 1387 3424 1457 (p.
3462 1387 3603 1457 167),

238 1492 301 1527 ex
339 1474 610 1544 pluribus
639 1474 945 1542 Scriptura:
974 1472 1307 1526 testimoniis
1340 1495 1368 1521 (ε
1403 1472 1687 1526 timendas
1714 1490 1825 1527 non
1866 1490 1985 1528 esse
2024 1475 2258 1544 injurias
2289 1482 2343 1528 et
2383 1492 2577 1545 pcenas
2614 1474 3094 1546 persecutionum,
3123 1476 3254 1545 quia
3299 1477 3481 1545 major
3522 1484 3605 1528 est

240 1563 523 1615 Dominus
554 1562 622 1616 ad
653 1562 1071 1632 protegendum
1103 1578 1272 1632 quam
1305 1562 1559 1616 diabolus
1589 1561 1663 1615 ad
1697 1563 2176 1632 impugnandum.
2206 1585 2233 1612 ››
2265 1564 2387 1617 Vid.
2422 1582 2515 1634 pp.
2537 1567 2660 1630 262,
2685 1566 2952 1629 268,273.
2984 1566 3041 1616 ln
3071 1563 3232 1633 epist.
3264 1566 3294 1616 9
3326 1569 3603 1633 martyres

236 1651 508 1705 hortatur
538 1652 605 1705 ad
629 1652 1033 1718 constantiam,
1070 1673 1096 1700 ‹‹
1127 1651 1257 1722 quia
1284 1652 1458 1720 major
1484 1656 1560 1705 est
1586 1654 1765 1719 quiin
1795 1654 1942 1707 nobis
1971 1669 2133 1722 quam
2160 1656 2216 1708 in
2247 1654 2339 1707 hoc
2364 1654 2580 1715 mundo,
2612 1669 2715 1707 nec
2742 1654 2868 1723 plus
2898 1654 2966 1706 ad
2998 1652 3381 1721 dejiciendum
3415 1655 3604 1721 potest

236 1750 471 1795 terrena
506 1759 671 1812 poena
700 1758 869 1811 quam
901 1742 973 1795 ad
1005 1742 1342 1811 erigendum
1371 1742 1544 1795 tutela
1575 1741 1785 1795 divina.
1812 1764 1839 1791 »
1873 1742 2039 1795 Plura
2068 1743 2192 1796 vide
2220 1742 2277 1795 in
2307 1742 2504 1795 eadem
2530 1743 2764 1812 epistola
2794 1748 2848 1795 et
2876 1742 2930 1795 in
2962 1742 3126 1812 epist.
3149 1744 3212 1794 55
3241 1742 3318 1811 (p.
3346 1742 3457 1810 88).
3487 1744 3603 1795 lluc

236 1832 440 1883 referri
475 1839 709 1901 possunt
740 1831 988 1900 plurima
1032 1832 1142 1884 alia
1184 1831 1455 1901 Cypriani
1502 1830 1815 1900 principia;
1849 1830 1999 1884 velut
2039 1847 2169 1884 cum
2214 1833 2375 1886 docet
2412 1832 2707 1887 victoriam
2750 1848 2781 1884 a
2821 1832 2936 1885 Deo
2982 1831 3103 1884 dari
3152 1832 3225 1901 (p.
3257 1832 3375 1900 79);
3430 1833 3607 1885 Deum

237 1920 481 1973 victores
515 1938 615 1973 sua
646 1920 978 1989 dignatione
1011 1920 1199 1973 facere
1233 1922 1375 1989 (l62,
1404 1920 1566 1991 285);
1612 1921 1785 1973 Deum
1826 1934 2195 1973 remunerare
2236 1920 2293 1972 in
2332 1920 2495 1973 nobis
2522 1921 2804 1991 quidquid
2848 1921 2966 1990 ipse
3012 1920 3292 1989 praestitit,
3323 1921 3603 1974 honorare

238 2011 387 2080 quod
422 2012 549 2081 ipse
580 2012 713 2065 fecit
738 2012 920 2081 (169);
958 2015 1213 2065 nostrum
1244 2010 1385 2063 nihil
1412 2027 1532 2064 esse
1578 2011 1754 2079 (305);
1800 2009 2092 2062 neminem
2133 2008 2237 2062 sibi
2270 2009 2583 2080 quidquam
2622 2025 2915 2063 assumere
2959 2009 3165 2063 debere
3199 2009 3376 2078 (2t2);
3418 2013 3601 2063 totum

243 2101 349 2153 Deo
384 2100 649 2153 dandum
682 2101 886 2171 (Ibid)
923 2100 1278 2155 Evolvendus
1304 2100 1360 2153 in
1392 2100 1589 2170 primis
1618 2099 1762 2151 liber
1786 2099 1851 2151 de
1881 2098 2030 2152 Orat.
2054 2100 2229 2163 Dom,
2250 2098 2344 2152 ubi
2371 2100 2534 2153 docet
2559 2099 2841 2154 orandum
2865 2104 2924 2153 ut
2954 2099 3051 2151 fiat
3077 2099 3134 2151 in
3162 2098 3323 2151 nobis
3345 2100 3607 2152 voluntas

238 2189 351 2254 Dei,
401 2194 466 2243 ut
518 2191 614 2243 Dei
660 2191 921 2243 voluntas
961 2190 1061 2243 fiat
1101 2190 1156 2242 in
1199 2205 1434 2259 corpore
1472 2194 1527 2242 et
1566 2188 1788 2258 spiritu,
1840 2192 1898 2240 ut
1938 2187 2125 2241 facere
2173 2188 2451 2257 possimus
2506 2189 2656 2259 quod
2716 2190 2862 2242 Deus
2903 2188 3059 2254 vult;
3110 2194 3171 2242 ut
3222 2188 3277 2240 in
3328 2188 3437 2241 illis
3492 2205 3605 2242 non

238 2278 608 2332 credentibus
638 2278 735 2332 fiat
761 2277 1021 2332 voluntas
1053 2279 1165 2344 Dei,
1196 2278 1679 2348 quemadmodum
1717 2278 1776 2329 in
1824 2275 1985 2329 nobis
2023 2292 2125 2345 per
2158 2276 2336 2329 tidem
2382 2280 2633 2331 nostram
2675 2278 2936 2332 voluntas
2977 2278 3070 2331 Dei
3107 2279 3254 2331 facta
3293 2282 3414 2347 est;
3461 2295 3604 2348 opus

239 2369 398 2421 enim
436 2385 557 2422 esse
586 2368 678 2422 Dei
712 2369 999 2423 voluntate
1031 2368 1176 2421 utin
1218 2368 1380 2421 nobis
1410 2368 1508 2421 ﬁat
1533 2368 1791 2422 voluntas
1820 2366 1960 2435 Dei;
2002 2371 2062 2420 ut
2096 2366 2191 2436 qui
2234 2366 2293 2419 in
2332 2365 2612 2436 baptismo
2642 2366 2971 2421 sanctiﬁcati
3007 2382 3222 2435 sumus,
3258 2367 3317 2420 in
3354 2384 3422 2421 eo
3453 2368 3602 2437 quod

238 2474 355 2511 esse
388 2458 666 2528 ccepimus
692 2473 1153 2528 perseveremus;
1182 2460 1245 2510 ut
1272 2456 1642 2511 sanctiﬁcatio
1670 2462 1726 2511 et
1765 2455 2058 2510 viviﬁcatio
2096 2471 2224 2526 qua:
2262 2455 2330 2509 de
2376 2454 2474 2510 Dei
2521 2455 2700 2525 gratia
2738 2455 3003 2523 sumitur,
3044 2455 3218 2526 ipsius
3256 2456 3605 2527 perfectione

235 2552 512 2601 servetur.

1763 2924 2062 3016 VITA

1004 3137 1745 3308 SANCTI
1848 3139 2851 3305 ‘CYPRIANI

1228 3431 1524 3486 EPISCOPI
1561 3430 2141 3486 CARTHAGINENSIS
2180 3431 2261 3485 ET
2297 3428 2633 3486 MARTYRIS

804 3614 1017 3680 CURA
1094 3616 1170 3679 D.
1253 3615 1688 3682 PRUDENTII
1768 3616 2047 3683 MARAN
2126 3616 2200 3681 Ο.
2287 3617 2352 3681 S.
2432 3617 2500 3680 B.
2584 3614 3040 3681 ADORNATA.

298 4026 580 4097 Magnum
608 4028 939 4085 Christianae
979 4033 1271 4102 religionis
1303 4034 1499 4089 lumen
1537 4036 1867 4106 Cyprianus,
1894 4056 1952 4128 Α
1974 4033 2099 4107 75
2130 4038 2169 4091 Ι.
2204 4066 2269 4075 --
2298 4051 2363 4088 ne
2391 4050 2438 4089 s.
2470 4049 2731 4089 CYPRIANO
2765 4050 2993 4089 NONDUM
3024 4050 3355 4092 cumsruno.
3386 4068 3453 4079 ——
3482 4054 3596 4096 ms-

229 4122 497 4190 quandiu
539 4122 598 4174 in
634 4124 871 4177 Ecclesia
903 4126 1118 4191 micuit,
1148 4144 1356 4197 magna
1384 4145 1515 4198 pars
1541 4130 1646 4183 fuit
1671 4146 1870 4184 earum

2192 4131 2525 4171 TINGUENDUS
2558 4130 2652 4169 EST
2676 4132 2709 4170 Α
2739 4130 2998 4170 CYPRIANO
3026 4132 3381 4171 ANTIOCHENO.

230 4231 426 4268 rerum
470 4232 601 4285 quae
643 4221 777 4270 tunc
820 4222 995 4287 gestm
1036 4220 1287 4275 fuerunt.
1316 4222 1701 4285 Quamobrem
1738 4240 1867 4293 sup-
2044 4226 2388 4296 Cyprianum
2424 4224 2479 4277 in
2506 4224 2688 4278 Africa
2727 4227 2925 4276 natum
2955 4239 3073 4276 esse
3104 4239 3274 4277 nemo
3314 4224 3593 4297 dissentit,

223 4310 453 4378 peditat
486 4309 611 4378 ejus
643 4310 752 4364 vita
788 4312 1200 4381 amplissimam
1237 4314 1553 4370 disserendi
1594 4321 1869 4387 segetem,

224 4418 286 4453 ac
315 4406 438 4455 toto
468 4402 760 4457 volumine
796 4421 936 4475 opus
965 4410 1112 4461 esset
1152 4407 1198 4461 si
1231 4424 1421 4463 rerum
1453 4409 1526 4463 ad
1565 4426 1697 4464 eum
1741 4426 1869 4480 per-

222 4496 547 4548 tinentium
604 4500 661 4550 et
711 4513 892 4567 genus
941 4502 998 4552 et
1046 4501 1241 4555 modos
1294 4503 1581 4574 persequi,
1630 4503 1674 4556 si
1721 4503 1873 4557 edita

224 4590 597 4658 singularum
642 4590 918 4645 virtutum
968 4595 1227 4665 exempla
1276 4596 1453 4649 oculis
1492 4596 1787 4667 subjicere,
1828 4597 1872 4650 si

222 4682 480 4736 eximios
520 4683 695 4736 animi
739 4702 937 4739 sensus
975 4704 1040 4741 ex
1080 4688 1331 4758 epistolis
1368 4694 1423 4743 et
1467 4690 1590 4743 aliis
1626 4691 1869 4761 scriptis,

222 4777 278 4830 in
312 4777 535 4847 quibus
564 4777 708 4831 illius
740 4796 931 4833 mores
964 4781 1195 4836 miriﬁce
1240 4782 1632 4854 depinguntur
1672 4800 1871 4838 eruere

222 4870 628 4924 instituerem.
664 4871 775 4926 Sed
805 4890 919 4927 non
953 4879 1037 4928 est
1064 4876 1231 4946 hujus
1272 4877 1377 4930 loci
1416 4877 1697 4947 ejusmodi
1741 4894 1867 4948 per-

225 4965 542 5029 tractatio,
594 4981 695 5018 nec
747 4967 889 5020 mihi
943 4970 1299 5039 propositum
1352 4970 1427 5024 sic
1484 4971 1552 5024 de
1606 4971 1871 5041 Cypriani

220 5057 402 5113 rebus
438 5058 736 5124 disserere,
764 5060 863 5114 sed
906 5064 1130 5116 tantum
1175 5080 1270 5117 eas
1317 5064 1519 5117 ordine
1568 5065 1869 5134 explicare,

219 5168 282 5204 ac
351 5153 485 5222 ipsa
552 5151 720 5205 etiam
775 5155 983 5225 scripta
1036 5158 1388 5227 temporibus
1444 5162 1662 5211 notare.
1711 5160 1869 5224 Nam,

221 5262 356 5299 cum
388 5246 523 5299 haec
549 5246 896 5302 elucubratio
924 5250 1229 5321 conjuncte
1258 5267 1384 5305 cum
1417 5254 1591 5306 sancti
1622 5252 1872 5323 Martyris

224 5340 465 5409 scriptis
522 5339 793 5409 prodeat,
845 5345 1161 5397 necessaria
1221 5362 1330 5399 non
1395 5348 1480 5399 est
1546 5347 1870 5416 longiorum

1972 4316 2314 4385 Carthagine
2354 4317 2541 4367 ortum
2580 4311 2922 4366 Prudentius
2964 4316 3023 4366 et
3061 4312 3264 4367 Suidas
3305 4315 3594 4370 existima-

1974 4410 2142 4473 runt;
2172 4404 2268 4457 sed
2287 4421 2414 4457 cum
2447 4406 2500 4458 S.
2532 4404 2742 4472 Martyr
2765 4402 2869 4455 hoc
2899 4402 3244 4457 beneﬁcium
3268 4404 3596 4476 Carthagini

1973 4500 2271 4565 acceptum
2306 4510 2420 4546 non
2454 4492 2676 4557 referat,
2707 4491 2806 4544 sed
2840 4495 3061 4545 tantum
3104 4492 3255 4545 dicat
3286 4494 3453 4565 epist.
3485 4498 3550 4550 36
3579 4512 3591 4550 :

1978 4611 2003 4638 ‹‹
2032 4589 2136 4642 Ubi
2165 4588 2317 4642 enim
2348 4587 2486 4640 mihi
2520 4592 2616 4639 aut
2646 4585 2849 4638 melius
2882 4586 3053 4655 possit
3080 4602 3201 4640 esse
3243 4590 3342 4639 aut
3385 4589 3587 4657 laetius,

1975 4699 2146 4753 quam
2190 4682 2321 4749 illic,
2369 4680 2468 4734 ubi
2515 4696 2605 4733 me
2654 4680 2795 4731 Deus
2842 4679 3070 4732 credere
3122 4680 3297 4733 voluit
3341 4686 3397 4735 et
3444 4699 3593 4735 cres-

1974 4793 2174 4839 cere,»
2208 4776 2312 4828 alia
2338 4791 2466 4827 eum
2500 4772 2677 4843 patria
2716 4770 2943 4824 videtur
2980 4772 3037 4824 iu
3078 4772 3263 4825 lucem
3301 4776 3589 4832 extulisse.

1974 4870 2289 4924 Vocabatur
2316 4868 2577 4921 Thascius
2605 4865 2939 4936 Cyprianus,
2963 4868 3026 4918 ut
3052 4870 3211 4934 patet
3232 4882 3295 4919 ex
3316 4870 3594 4925 sententia

1973 4962 2323 5035 proconsulis
2370 4964 2427 5014 et
2468 4960 2629 5030 epist.
2670 4961 2761 5013 69.
2790 4957 2933 5020 Quin
2975 4958 3144 5012 etiam
3183 4960 3453 5017 asciverat
3488 4964 3595 5020 sibi

1973 5058 2179 5113 chilii
2228 5072 2455 5121 nomen,
2483 5059 2627 5107 teste
2672 5053 3035 5123 Hieronymo,
3081 5059 3142 5107 ut
3188 5058 3412 5124 gratum
3463 5059 3589 5113 ani-

1973 5168 2132 5206 mum
2170 5155 2227 5203 et
2263 5165 2518 5203 amorem
2562 5148 2617 5201 in
2654 5146 3049 5218 presbyterum
3087 5149 3395 5219 Caecilium,
3433 5154 3590 5223 cujus

1972 5262 2143 5317 Opera
2188 5244 2259 5297 ad
2307 5244 2591 5297 Christum
2634 5257 2932 5296 conversus
2980 5241 3184 5309 fuerat,
3230 5244 3336 5298 hoc
3386 5263 3590 5303 monu-

1973 5345 2165 5393 mento
2208 5339 2528 5392 testaretur.
2571 5337 2800 5389 Pontius
2854 5334 3145 5404 diaconus,
3190 5338 3285 5407 qui
3330 5340 3595 5410 Cypriani

222 5433 703 5486 testimoniorum
751 5438 1053 5506 appositio,
1105 5454 1232 5508 quae
1286 5440 1526 5510 quisque
1574 5443 1759 5509 potest
1805 5456 1869 5493 ex
1893 5447 1948 5517 B
1974 5433 2153 5485 Vitam
2182 5431 2420 5501 scripsit,
2453 5446 2540 5482 res
2572 5428 2641 5482 ab
2673 5446 2741 5482 eo
2770 5434 2900 5481 ante
2944 5430 3369 5485 conversionem
3411 5438 3593 5503 gestas

224 5530 352 5595 ipso
440 5526 601 5579 fonte
672 5527 947 5595 haurire;
1021 5532 1301 5603 variisque
1383 5533 1871 5604 supersedendum
1976 5526 2167 5580 minus
2205 5525 2402 5594 dignas
2447 5540 2567 5578 esse
2609 5522 2904 5593 judicavit,
2936 5540 3073 5593 quas
3110 5523 3313 5577 litteris
3354 5530 3593 5583 manda-

227 5618 755 5687 observationibus,
786 5638 911 5692 quae
936 5624 1084 5678 forte
1115 5642 1231 5679 non
1260 5630 1452 5680 essent
1472 5627 1802 5681 omittenda;
1828 5626 1872 5679 si
1974 5623 2077 5673 ret.
2114 5621 2303 5689 Itaque
2340 5618 2459 5672 haec
2494 5618 2641 5671 illius
2668 5616 2797 5671 vita:
2829 5633 2959 5687 pars
2982 5617 3037 5670 in
3058 5616 3340 5673 oblivione
3369 5625 3423 5674 et
3449 5626 3596 5678 tene-

228 5714 285 5767 S.
340 5714 622 5783 Cypriani
672 5714 787 5769 vita
843 5719 1150 5787 separatim
1206 5720 1275 5774 ab
1325 5720 1447 5792 ejus
1494 5721 1763 5794 operibus
1816 5720 1873 5774 in
1973 5713 2087 5767 bris
2120 5714 2303 5783 jacet;
2345 5728 2448 5765 nec
2488 5710 2801 5782 quidquam
2850 5714 3001 5764 certo
3048 5712 3275 5780 scimus,
3322 5715 3427 5768 nisi
3465 5733 3596 5770 eum

227 5808 427 5864 lucem
462 5807 744 5863 ederetur.
1975 5806 2320 5863 rhetoricam
2352 5822 2575 5860 summa
2605 5803 2935 5858 celebritate
2965 5802 3240 5875 docuisse,
3273 5825 3375 5863 nec
3403 5810 3471 5864 iis
3510 5826 3603 5864 ca-

580 5903 853 5970 PATROL.
907 5906 1004 5972 IV.
3242 5912 3276 5966 3
