4104 6192
459 275 527 327 '75
1813 268 1957 323 VlTA
1999 268 2053 323 8.
2096 267 2381 324 CYPRIAN
2389 268 2430 322 Ι.
3742 264 3811 316 '76

458 395 639 451 ruisse
664 393 811 448 vitiis
837 409 965 464 quae
993 408 1122 447 cum
1150 389 1586 447 simulacrorum
1612 390 1766 445 cultu
1797 394 1853 445 et
1876 390 2081 445 Christi
2103 406 2160 477 Α
2180 389 2442 445 Eudocia.
2500 390 2780 443 Praeterea
2823 389 2955 441 ante
3001 385 3109 441 hoc
3152 400 3294 456 opus
3333 383 3539 458 scripta
3583 383 3815 439 fuerant

459 487 824 559 ignoratione
872 485 1177 556 conjuncta
1223 501 1343 540 esse
1393 484 1597 541 solent.
1640 505 1669 533 «
1715 485 1908 540 Mutati
1950 488 2083 538 sunt

458 582 787 653 piscatores,
829 600 856 627 ››
901 578 1090 650 inquit
1137 579 1377 649 August.
1418 594 1588 633 serm.
1628 581 1721 634 311
1771 578 1919 648 (nov.
1948 578 2082 648 ed.),

465 694 493 724 ‹‹
521 673 718 728 mutati
745 675 877 726 sunt
911 677 1105 742 postea
1136 672 1307 726 etiam
1347 671 1581 742 plurimi
1623 678 1925 739 senatores,
1956 688 2082 725 mu-

459 771 610 821 tatus
655 770 741 819 est
783 765 1114 837 Cyprianus,
1162 764 1324 835 cujus
1372 764 1546 819 hodie
1593 766 1928 819 memoriam
1971 766 2082 819 fre-

462 865 919 931 quentamus.....
975 861 1098 929 Ipse
1160 857 1375 927 scribit,
1428 858 1550 929 ipse
1617 861 1864 913 testatur
1927 858 2087 928 cujus

460 953 587 1009 vita:
612 952 783 1007 fuerit
811 951 1131 1023 aliquando,
1159 968 1329 1023 quam
1373 951 1632 1021 nefariae,
1663 968 1839 1023 quam
1872 951 2083 1023 impiae,

460 1063 632 1118 quam
670 1045 1065 1116 improbandae
1112 1060 1176 1099 ac
1227 1044 1594 1100 detestandae.
1642 1066 1670 1095 »
1712 1046 2086 1116 Nequaquam

461 1146 657 1196 tamen
678 1139 736 1193 in
766 1138 1111 1210 Cyprianum
1141 1142 1399 1193 nostrum
1427 1139 1772 1194 conveniunt
1790 1155 1917 1210 quae
1936 1138 2087 1210 apud

461 1233 798 1304 Gregorium
824 1232 1242 1288 Nazianzenum
1269 1231 1341 1286 de
1368 1232 1651 1303 Cypriano
1684 1231 1922 1303 magicis
1949 1230 2085 1285 arti-

458 1327 568 1383 bus
597 1332 726 1383 ante
754 1326 1185 1381 conversionem
1215 1324 1407 1380 dedito
1438 1325 1681 1396 legimus
1707 1325 1767 1379 in
1795 1330 1938 1380 orat.
1976 1327 2040 1379 18
2070 1341 2083 1379 :

459 1421 826 1493 perspicuum
870 1422 957 1473 est
1003 1419 1123 1473 haec
1162 1418 1228 1473 ad
1279 1418 1624 1489 Cyprianum
1667 1417 2087 1472 Antiochenum

460 1515 766 1584 respicere,
795 1527 969 1583 quem
1001 1511 1304 1583 Gregorius
1333 1527 1463 1565 cum
1491 1511 1924 1583 Carthaginensi
1953 1528 2087 1566 con-

458 1606 667 1672 fundit,
701 1621 876 1659 unam
924 1621 991 1658 ex
1032 1605 1249 1659 duabus
1285 1620 1590 1676 personam
1638 1604 1943 1676 efﬁngens.
1977 1604 2088 1660 Sed

458 1702 677 1766 tamen,
711 1699 845 1769 quia
868 1697 1122 1753 eruditus
1146 1697 1474 1753 Oxoniensis
1497 1698 1687 1753 editor
1717 1714 1896 1752 unum
1924 1698 2090 1753 exsti-

2186 490 2315 539 acta
2358 481 2591 538 Iustinae
2638 486 2695 537 et
2741 479 3033 551 Cypriani,
3080 483 3141 534 ut
3190 478 3464 533 discimus
3509 495 3576 532 ex
3622 478 3813 533 libello

2185 577 2256 632 de
2283 576 2581 647 utriusque
2604 576 2889 646 passione.
2918 577 2977 628 2°
2998 572 3276 631 Credibile
3301 588 3415 626 non
3436 576 3517 626 est
3536 570 3814 642 ejusmodi

2186 673 2557 726 monumenta
2573 669 2649 723 ad
2665 685 2756 723 res
2766 667 3034 739 Cypriani
3049 665 3511 736 Carthaginensis
3526 664 3814 719 ornandas

2185 764 2314 818 ﬁcta
2340 763 2535 829 fuisse,
2564 763 2623 817 in
2649 761 2857 834 quibus
2895 760 3040 815 nihil
3079 763 3207 815 erat
3242 758 3477 813 omnino
3518 757 3676 829 quod
3702 762 3812 829 Cy-

2185 858 2389 929 priano
2436 854 2871 926 Carthaginensi
2909 854 3094 925 aptari
3134 858 3365 924 posset;
3412 867 3529 906 non
3561 856 3813 922 tempus,

2185 967 2303 1007 non
2342 952 2499 1006 locus
2543 947 2806 1019 martyrii
2846 950 2905 1001 et
2945 946 3323 1018 episcopatus,
3360 962 3476 1000 non
3515 960 3604 999 res
3640 948 3815 1015 gestae

2187 1050 2244 1100 et
2267 1042 2781 1115 peregrinationes.
2813 1043 2872 1096 3°
2914 1040 2973 1096 Si
3012 1040 3202 1095 nullus
3242 1039 3543 1094 exstitisset
3580 1037 3815 1108 Cypria-

2189 1155 2294 1192 nus
2341 1137 2435 1191 ille
2480 1136 2877 1202 Antiochenus,
2907 1133 3005 1204 qui
3049 1149 3179 1187 cum
3217 1131 3436 1187 Iustina
3476 1147 3674 1202 passus
3713 1131 3811 1184 Ni-

2189 1230 2463 1286 comediae
2508 1229 2733 1295 dicitur,
2778 1227 3068 1299 quomodo
3112 1226 3184 1280 de
3234 1225 3533 1296 utriusque
3579 1224 3815 1279 nomine

2188 1324 2306 1379 dies
2336 1323 2513 1378 festus
2538 1324 2743 1377 saeculo
2786 1324 2992 1393 quarto
3028 1320 3087 1374 in
3114 1320 3232 1373 loca
3259 1318 3607 1373 Nicomedia:
3634 1317 3817 1371 vicina

2189 1416 2402 1485 induci,
2462 1415 2755 1487 quomodo
2820 1414 3113 1485 utriusque
3175 1414 3332 1467 fama
3397 1411 3655 1466 omnium
3720 1426 3817 1464 ore

2188 1510 2466 1565 celebrari
2509 1508 2739 1580 potuit?
2782 1506 2926 1562 Illud
2972 1509 3167 1561 autem
3205 1520 3275 1560 ex
3319 1505 3584 1559 oratione
3636 1505 3701 1559 18
3751 1503 3812 1558 8.

2190 1602 2451 1674 Gregorii
2475 1604 2630 1670 Naz.,
2659 1618 2787 1673 quae
2813 1600 3002 1655 habita
3045 1604 3129 1654 est
3169 1596 3671 1668 Constantinopoli,
3699 1613 3816 1652 non

2190 1697 2423 1752 obscure
2471 1695 2829 1767 perspicitur,
2873 1693 3219 1766 Cyprianum
3270 1692 3457 1759 illum,
3496 1690 3654 1762 cujus
3695 1690 3816 1745 dies

458 1793 592 1847 tisse
634 1792 977 1863 Cyprianum
1016 1790 1328 1860 contendit,
1357 1794 1414 1844 et
1453 1807 1579 1863 quae
1621 1790 1691 1845 de
1736 1791 2087 1847 Antiocheno
2109 1774 2165 1845 Β
2187 1791 2366 1846 festus
2387 1791 2684 1861 agebatur,
2708 1804 2819 1843 non
2840 1786 3376 1858 Carthaginensem,
3401 1784 3496 1840 sed
3520 1783 3818 1839 Antioche-

458 1885 721 1940 feruntur
738 1884 798 1938 in
824 1884 1031 1938 faliulis
1052 1887 1341 1952 numerat,
1362 1887 1418 1938 et
1432 1884 1501 1939 ad
1525 1901 1616 1938 res
1630 1884 2088 1956 Carthaginensis

459 1977 746 2033 ornandas
787 1978 1094 2048 composita
1135 1977 1305 2032 fuisse
1350 1979 1707 2049 pronuntiat,
1737 1995 1850 2033 non
1887 1978 2086 2033 inutile

460 2072 683 2127 videtur
708 2088 831 2126 rem
854 2072 1174 2142 explorare.

531 2166 671 2219 Illud
719 2168 776 2219 1ο
826 2165 1025 2237 negari
1063 2181 1179 2219 non
1216 2168 1422 2236 potest,
1463 2181 1552 2219 res
1595 2167 1780 2237 gestas
1822 2165 2087 2237 Cypriani

459 2258 802 2313 Antiocheni
882 2258 1276 2317 vetustissimis
1355 2258 1744 2314 monumentis
1830 2259 2087 2330 proditas

459 2353 657 2407 fuisse.
693 2352 852 2405 Illum
882 2352 1133 2407 Eudocia
1165 2352 1502 2423 imperatrix
1542 2352 1770 2407 eximiis
1807 2353 2083 2421 versibus,

459 2442 602 2499 teste
651 2444 850 2499 Photio
904 2444 1057 2513 (Cod.
1104 2445 1248 2512 184),
1293 2444 1621 2500 celebravit.
1667 2445 1819 2516 Opus
1859 2446 1917 2499 in
1971 2449 2086 2500 tres

460 2539 633 2595 libros
662 2537 902 2592 divisum
928 2541 1088 2605 erat;
1128 2554 1373 2609 quorum
1408 2538 1626 2609 primus
1662 2539 1899 2594 Justinaz
1943 2557 2078 2595 con-

458 2632 781 2686 versionem
810 2636 868 2686 et
906 2631 1177 2686 invictam
1210 2648 1243 2685 a
1282 2632 1641 2686 daemonibus
1668 2632 2082 2703 virginitatem,

460 2740 525 2778 ac
548 2723 725 2794 ipsius
754 2723 928 2778 etiam
957 2724 1223 2795 Cypriani
1247 2730 1375 2796 post
1399 2725 1537 2778 artis
1565 2724 1804 2796 magicae
1830 2725 2086 2779 facinora

462 2816 782 2871 mirabilem
820 2817 1263 2884 conversionem,
1289 2817 1657 2888 baptismum,
1692 2817 1911 2874 ostiarii
1952 2834 2081 2872 mu-

464 2925 593 2975 nus,
628 2908 901 2964 miracula
937 2926 1001 2964 ac
1030 2910 1267 2964 tandem
1302 2910 1697 2981 episcopatum
1738 2911 2080 2966 continebat.

462 3004 523 3057 In
568 3003 680 3058 alio
720 3003 841 3074 ipse
891 3003 1204 3075 Cyprianus
1250 3009 1554 3059 eventuum
1598 3022 1828 3060 suorum
1876 3005 2084 3060 seriem

462 3097 715 3167 texebat,
762 3101 821 3150 et
850 3097 1104 3168 magicas
1145 3102 1294 3152 artes
1338 3098 1544 3168 quibus
1588 3104 1646 3153 et
1690 3115 1811 3153 sese
1858 3099 1978 3170 ipse
2028 3102 2086 3153 et

461 3190 601 3245 alios
644 3190 703 3244 in
745 3190 929 3244 varias
974 3191 1183 3244 formas
1222 3195 1564 3258 mutaverat,
1598 3193 2087 3263 peregrinationes

462 3299 527 3337 ac
572 3283 807 3337 tandem
860 3283 1094 3337 nefariae
1146 3284 1283 3337 artis
1332 3283 1663 3351 fastidium,
1722 3291 1778 3340 et
1827 3287 2085 3341 animum

460 3392 529 3429 ex
567 3376 982 3446 desperatione,
1029 3392 1202 3447 quam
1246 3377 1593 3432 conscientia
1635 3380 1918 3433 scelerum
1960 3380 2087 3449 inji-

461 3467 665 3536 ciebat,
696 3468 769 3522 ad
795 3483 957 3538 spem
994 3469 1401 3524 misericordiae
1432 3470 1634 3525 divinas
1664 3488 1835 3542 opera
1862 3472 2089 3527 Eusebii

461 3566 791 3616 revocatum
830 3561 1116 3616 narrabat.
1156 3564 1218 3617 In
1258 3564 1426 3617 tertio
1467 3563 1712 3635 denique
1748 3567 2088 3638 martyrium

462 3653 694 3709 Iustina:
740 3660 796 3709 et
840 3655 1104 3726 Cypriani
1149 3654 1496 3728 descriptum
1544 3660 1683 3713 erat.
1731 3660 1857 3713 Haec
1900 3665 2086 3715 autem

462 3748 767 3805 Eudociam
783 3764 897 3802 non
915 3749 984 3803 ad
1003 3749 1138 3803 artis
1150 3749 1558 3821 licentiam,sed
1573 3752 1644 3806 ad
1656 3752 1905 3807 historias
1917 3754 2089 3809 fidem

462 3841 749 3913 scripsisse
789 3841 1149 3912 perspicitur,
1178 3846 1300 3897 tum
1329 3860 1397 3899 ex
1422 3846 1691 3917 Gregorio
1718 3847 2085 3915 Nazianzeno,

464 3936 562 4008 qui
601 3935 867 4006 scriptam
899 3936 968 3989 ab
1008 3936 1128 4007 ipso
1158 3936 1437 4008 Cypriano
1479 3940 1753 3994 scelerum
1785 3940 2085 3997 confessio-

466 4045 602 4085 nem
629 4028 786 4096 citat,
817 4032 874 4084 et
901 4029 1098 4084 eadem
1136 4046 1200 4084 ac
1228 4031 1469 4087 Eudocia
1497 4033 1567 4088 de
1592 4033 1692 4088 illo
1732 4050 2086 4090 commemo-

464 4126 552 4178 rat
579 4121 708 4194 ‘76
739 4126 883 4177 orat.
919 4126 1005 4190 18,
1035 4130 1157 4178 tum
1195 4140 1259 4180 ex
1296 4125 1498 4196 triplici
1527 4134 1901 4183 monumento
1933 4129 2088 4200 quod

465 4215 673 4271 eruditi
716 4215 1072 4286 antiquitatis
1104 4218 1468 4288 indagatores
1499 4220 1559 4273 D.
1590 4220 1921 4275 Edmundus
1944 4222 2087 4277 Mar-

466 4316 598 4365 tene
627 4314 685 4363 et
706 4310 771 4364 D.
802 4309 1036 4363 Ursinus
1064 4311 1292 4366 Durand
1324 4310 1383 4365 in
1403 4329 1504 4366 suo
1536 4315 1930 4370 Anecdotorum
1953 4317 2085 4372 The—

462 4418 626 4458 sauro
677 4402 1018 4471 ediderunt,
1078 4421 1285 4475 nempe
1346 4405 1697 4462 Conuersione
1747 4411 1979 4464 Justinz
2040 4416 2090 4466 et

2188 1901 2328 1939 num
2353 1900 2490 1939 esse.
2521 1884 2657 1937 Nam
2686 1882 2939 1953 magicas
2969 1886 3120 1935 artes
3164 1882 3220 1935 et
3274 1879 3723 1946 conversionem,
3756 1880 3818 1931 ut

2186 1977 2504 2049 praecipuos
2528 1975 2677 2030 illius
2707 1974 2837 2029 vitae
2875 1978 2932 2029 et
2973 1973 3294 2028 notissimos
3335 1978 3570 2028 eventus
3607 1969 3813 2042 praedi-

2188 2075 2276 2126 cat
2304 2070 2627 2142 Gregorius,
2657 2068 2739 2123 ita
2778 2071 2839 2122 ut
2878 2068 3098 2123 dubitet
3140 2083 3212 2121 an
3259 2067 3559 2138 quisquam
3603 2080 3672 2120 ex
3712 2079 3811 2118 au-

2187 2164 2470 2221 dientibus
2524 2180 2615 2217 res
2666 2162 2815 2216 illius
2868 2165 3057 2232 gestas
3097 2160 3327 2231 ignoret
3357 2160 3434 2231 (p.
3476 2162 3622 2225 277).
3666 2156 3813 2220 Quin

2187 2258 2359 2314 etiam
2386 2300 2400 2326 ,
2455 2244 2607 2328 quod
2659 2255 2737 2311 ait
2789 2255 3139 2326 Cyprianum
3195 2258 3324 2324 post
3388 2251 3815 2307 conversionem

2186 2353 2397 2407 factum
2454 2366 2574 2405 esse
2618 2349 2915 2415 aedituum,
2965 2348 3021 2405 id
3075 2364 3135 2402 se
3188 2363 3250 2402 ex
3302 2345 3491 2417 aliquo
3536 2344 3815 2399 audivisse

2185 2448 2426 2500 testatur
2453 2446 2532 2515 (p.
2560 2443 2705 2514 281).
2739 2441 3035 2496 Probabile
3061 2457 3180 2496 non
3205 2446 3289 2495 est
3318 2439 3663 2511 Cyprianum
3689 2438 3816 2491 Car-

2185 2543 2589 2614 thaginensem
2618 2541 2764 2596 adeo
2793 2546 2988 2594 notum
3023 2539 3109 2593 his
3144 2538 3203 2593 in
3241 2536 3571 2607 regionibus
3613 2535 3812 2604 fuisse,

2185 2638 2499 2708 praesertim
2530 2652 2595 2690 ex
2620 2634 2790 2689 rebus
2817 2634 2887 2688 ad
2922 2648 3054 2687 eum
3089 2631 3327 2686 minime
3366 2628 3811 2702 pertinentibus,

2186 2736 2249 2784 ut
2270 2729 2610 2800 Gregorium
2646 2727 2849 2781 incolas
2884 2726 3187 2781 edocerent
3207 2742 3224 2793 ;
3257 2723 3357 2778 sed
3394 2724 3513 2777 htec
3558 2722 3718 2777 fama
3758 2725 3817 2775 et

2186 2823 2305 2877 dies
2332 2823 2510 2876 festus
2539 2821 2609 2875 ad
2634 2820 2807 2875 alium
2840 2819 3050 2874 debent
3073 2816 3293 2873 referri.

2255 2916 2459 2987 Objicit
2501 2914 2685 2968 Fellus
2728 2913 2786 2968 S.
2829 2912 3167 2983 Gregorium
3209 2914 3329 2965 tam
3373 2909 3679 2965 oscitanter
3722 2924 3813 2963 er-

2184 3024 2310 3065 rare
2340 3025 2457 3064 non
2487 3008 2763 3079 potuisse,
2795 3012 2859 3061 ut
2885 3005 3214 3076 episcopum
3235 3003 3657 3058 Antiochenum
3680 3017 3814 3056 cum

2187 3100 2621 3174 Carthaginensi
2666 3099 3077 3168 confunderet;
3134 3113 3324 3169 neque
3379 3098 3533 3152 enim
3585 3095 3629 3150 si
3681 3111 3814 3149 vere

2183 3196 2491 3251 exstitisset
2535 3194 2846 3265 Cyprianus
2876 3193 2971 3247 ille
3012 3191 3321 3247 Antiochiae
3366 3191 3681 3261 episcopus,
3713 3189 3813 3260 qui
3862 3224 3873 3231 ι

2186 3288 2525 3344 Nicomediae
2567 3304 2765 3358 passus
2805 3286 3027 3356 dicitur,
3058 3284 3199 3339 nihil
3239 3284 3308 3339 de
3349 3283 3444 3337 illo
3481 3283 3552 3337 ad
3596 3282 3811 3353 Grego-

2186 3382 2257 3439 rii
2281 3399 2447 3437 aures
2482 3384 2889 3452 perventurum
2910 3379 3102 3446 fuisse,
3125 3377 3225 3448 qui
3245 3383 3299 3432 et
3332 3393 3365 3430 a
3391 3380 3553 3447 patre
3579 3391 3670 3430 res
3694 3383 3815 3430 tam

2188 3476 2472 3531 mirabiles
2504 3481 2731 3529 mature
2760 3473 2977 3528 discere
3005 3473 3218 3541 debuit,
3254 3476 3311 3525 et
3343 3486 3447 3541 per
3482 3486 3539 3524 se
3565 3469 3686 3540 ipse
3713 3468 3814 3523 Ni-

2188 3569 2505 3624 comediam
2564 3575 2623 3623 et
2674 3568 2800 3622 loca
2853 3566 3035 3620 vicina
3088 3564 3400 3637 pervadens
3452 3578 3815 3633 cognoscere.

2190 3664 2315 3730 Sed,
2347 3662 2487 3717 dum
2515 3660 2856 3733 Gregorium
2882 3660 2967 3713 vir
2993 3658 3247 3714 eruditus
3270 3657 3489 3728 culpari
3515 3672 3632 3710 non
3668 3656 3815 3727 pati-

2187 3761 2299 3825 tur,
2339 3755 2492 3827 quod
2538 3770 2717 3809 unum
2759 3770 2824 3808 ex
2867 3753 3086 3808 duobus
3133 3750 3433 3823 Cyprianis
3472 3750 3721 3818 ﬁnxerit,
3755 3749 3818 3803 in

2187 3850 2362 3905 alium
2408 3850 2564 3904 illam
2611 3847 3116 3918 reprehensionem
3161 3861 3280 3900 non
3319 3844 3498 3899 multo
3544 3843 3819 3899 leviorem

2189 3943 2432 4014 conjicit,
2476 3943 2629 4015 quod
2675 3941 2749 3997 ad
2794 3941 3139 4012 Cyprianum
3177 3938 3688 4008 Carthaginensem
3726 3952 3818 3991 re-

2188 4035 2384 4092 tulerit
2415 4039 2793 4091 monumenta
2830 4034 2980 4088 illius
3016 4033 3173 4087 aetati
3217 4035 3275 4085 et
3310 4030 3510 4101 patriae
3551 4035 3608 4084 et
3646 4028 3819 4084 rebus

2191 4131 2360 4202 gestis
2405 4129 2810 4200 repugnantia.
2840 4126 3206 4182 Verisimilior
3252 4124 3394 4179 mihi
3434 4124 3655 4178 videtur
3690 4123 3821 4178 haec

2189 4225 2337 4280 illius
2380 4221 2685 4279 excusandi
2734 4222 2880 4277 ratio
2916 4238 2929 4275 :
2974 4237 3102 4275 cum
3152 4221 3207 4273 ei
3259 4234 3454 4274 recens
3498 4216 3819 4272 admodum

2190 4335 2320 4373 cum
2374 4318 2442 4372 iis
2487 4334 2627 4389 quos
2665 4315 2970 4386 alloquitur
3018 4314 3398 4368 intercederet
3440 4310 3818 4378 consuetudo,

2193 4412 2314 4484 77
2350 4416 2408 4468 et
2444 4417 2571 4482 post
2606 4411 2829 4482 aliquot
2862 4409 3086 4464 dierum
3123 4423 3406 4463 secessum
3445 4409 3822 4477 attemperate

466 4496 752 4566 Cypriani,
786 4496 1128 4564 Confessione
1162 4498 1404 4566 ejusdem
1444 4500 1731 4571 Cypriani,
1771 4518 1838 4556 ac
1878 4502 2088 4558 utrius-
2111 4505 2263 4577 Dad
2312 4507 2497 4577 ipsum
2543 4504 2696 4560 diem
2748 4505 2955 4559 festum
2995 4501 3273 4570 rediisset,
3318 4504 3381 4555 ut
3418 4501 3544 4571 ipse
3577 4502 3823 4554 testatur

464 4607 574 4662 que
611 4592 882 4645 Passione.
924 4590 1014 4646 Sic
1053 4607 1184 4645 cum
1220 4591 1479 4648 Eudociaa
1517 4595 1771 4650 versibus
1809 4598 2093 4652 consentit

462 4683 813 4755 tripartitum
869 4684 1014 4739 illud
1066 4701 1208 4756 opus
1240 4728 1254 4754 ,
1312 4690 1374 4740 ut
1420 4687 1657 4743 minime
1722 4690 1959 4745 dubium
2022 4691 2093 4746 sit

464 4779 603 4849 quin
645 4777 793 4832 illius
830 4778 1094 4833 manibus
1130 4779 1327 4835 tritum
1374 4780 1564 4839 fuerit.
1600 4783 1740 4847 Quis
1778 4800 1915 4855 ergo
1957 4801 2089 4840 eum

461 4888 763 4942 nunquam
792 4872 1073 4927 exstitisse
1096 4873 1201 4928 sibi
1234 4876 1595 4946 persuadeat,
1625 4877 1693 4932 de
1720 4894 1833 4949 quo
1865 4886 2092 4936 exstant

462 4969 832 5019 monumenta
868 4965 1016 5020 illius
1043 4968 1316 5039 temporis
1341 4986 1454 5040 quo
1487 4970 1687 5026 vixisse
1710 4971 1917 5027 dicitur
1941 4990 2087 5044 pene

464 5058 744 5129 aequalia?
774 5058 994 5114 Fabula:
1019 5060 1078 5114 in
1108 5063 1345 5116 remotis
1375 5064 1633 5119 aetatibus
1662 5065 1899 5121 latebras
1931 5085 2086 5138 quaa-

460 5155 615 5216 runt,
645 5168 750 5205 nec
796 5153 1097 5224 quisquam
1136 5161 1248 5209 tam
1292 5157 1485 5228 inepte
1530 5160 1824 5229 mentitur,
1859 5164 1921 5215 ut
1960 5179 2089 5233 quae

464 5261 636 5299 nemo
681 5246 883 5301 vidisse
918 5263 977 5301 se
1023 5254 1121 5303 aut
1162 5248 1445 5305 audivisse
1485 5254 1767 5320 meminit,
1805 5271 1864 5308 ea
1905 5273 2089 5327 nuper

459 5339 518 5393 in
543 5340 848 5394 clarissima
890 5341 1013 5396 luce
1050 5349 1106 5396 et
1148 5345 1405 5399 omnium
1449 5346 1625 5401 oculis
1663 5348 1949 5404 invenisse
1976 5350 2085 5404 fin-

460 5436 578 5503 gat.
608 5436 780 5489 Porro
805 5435 1016 5489 fatetur
1040 5438 1159 5507 ipse
1200 5439 1399 5508 Fellus,
1437 5441 1529 5494 cui
1567 5444 1760 5496 tamen
1792 5442 1897 5498 hac
1940 5444 1998 5498 in
2027 5461 2087 5499 re

458 5549 572 5587 non
613 5534 850 5588 omnino
891 5536 1189 5605 assentior,
1223 5537 1617 5605 Confessionem
1656 5543 1921 5611 Cypriani
1954 5549 2085 5597 ante

453 5628 809 5683 Constantini
852 5632 1115 5700 tempora
1156 5632 1425 5703 scriptam
1467 5633 1663 5704 fuisse,
1708 5636 1762 5689 id
1807 5640 1892 5690 est
1930 5636 2087 5691 circa

462 5722 604 5776 illud
660 5728 885 5794 tempus
948 5739 1059 5795 quo
1112 5726 1437 5795 perfunctus
1488 5729 1758 5799 martyrio
1812 5731 2083 5798 creditur,

459 5832 664 5889 nempe
708 5816 809 5871 sub
848 5816 1192 5875 Diocletiano
1244 5827 1299 5875 ct
1336 5821 1694 5893 Maximiano,
1740 5827 1801 5878 ut
1842 5827 2088 5881 testatur

2192 4606 2272 4675 (p.
2300 4603 2449 4672 275),
2477 4603 2613 4658 satis
2642 4602 2887 4674 proclive
2924 4602 3034 4656 fuit
3066 4601 3128 4655 in
3164 4603 3284 4656 tam
3324 4597 3576 4670 angustis
3610 4598 3681 4653 ad
3722 4613 3822 4653 res

2190 4704 2446 4753 accurate
2492 4697 2819 4752 ediscendas
2870 4694 3066 4769 spatiis
3115 4694 3230 4749 labi
3285 4697 3342 4749 et
3395 4708 3602 4748 errare.
3656 4690 3817 4755 Quod

2189 4798 2380 4846 autem
2445 4792 2522 4845 ait
2582 4791 2734 4845 idem
2801 4791 3027 4858 Fellus,
3106 4789 3328 4843 nullum
3397 4788 3545 4843 inter
3618 4786 3819 4841 Antio-

2190 4886 2333 4940 chiae
2396 4886 2689 4957 episcopos
2751 4885 3097 4956 Cyprianum
3159 4882 3448 4949 inveniri,
3522 4880 3577 4935 id
3651 4880 3821 4935 facile

2188 4980 2501 5051 expeditur.
2552 4980 2676 5034 Non
2726 4978 2879 5034 enim
2932 4977 3246 5034 Antiochiae
3314 4991 3537 5046 magna:
3600 4974 3818 5045 episco-

2188 5090 2293 5144 pus
2355 5074 2529 5128 fuisse
2590 5074 2905 5144 Cyprianus
2970 5072 3195 5139 dicitur,
3262 5071 3359 5125 sed
3424 5068 3690 5136 alterius,
3758 5073 3825 5123 ut

2188 5168 2448 5222 observat
2506 5167 2935 5234 Tillemontius,
3019 5167 3073 5220 in
3141 5165 3429 5220 thnicia
3499 5163 3618 5218 sita:
3653 5204 3667 5233 ,
3745 5179 3823 5217 ex

2187 5279 2300 5335 qua
2327 5264 2664 5317 Damascum
2706 5261 3014 5332 perductus
3044 5263 3153 5331 est,
3178 5263 3293 5315 uta
3332 5258 3523 5330 judice
3564 5257 3818 5312 interro-

2188 5363 2443 5429 garetur.

2258 5452 2378 5505 Duo
2405 5466 2542 5521 ergo
2570 5448 2963 5520 distinguendi
3005 5453 3137 5504 sunt
3171 5445 3457 5519 Cypriani,
3488 5448 3546 5499 et
3582 5444 3641 5499 in
3683 5459 3820 5499 ora-

2186 5545 2343 5599 tione
2381 5547 2444 5600 18
2477 5542 2731 5614 Gregorii
2767 5544 2897 5597 Naz.
2931 5543 3069 5614 quid
3099 5540 3470 5609 Antiocheno,
3501 5539 3639 5611 quid
3680 5538 3819 5594 Car-

2184 5637 2504 5709 thaginensi
2532 5636 2833 5692 conveniat
2864 5635 3325 5707 expendendum.
3358 5633 3521 5698 Quod
3548 5634 3627 5689 ait
3674 5632 3820 5689 Gre-

2185 5731 2400 5803 gorius,
2432 5731 2774 5803 Cyprianum
2806 5730 2986 5785 nobili
3013 5732 3071 5786 et
3108 5727 3393 5784 senatoria
3423 5729 3596 5783 domo
3623 5730 3819 5782 ortum

2185 5842 2327 5896 esse,
2368 5824 2424 5880 id
2460 5825 2852 5880 Tillemontius
2894 5825 3176 5896 Cypriano
3215 5827 3410 5878 nostro
3443 5821 3719 5893 attribuit,
3752 5824 3819 5877 ut
