  <div class='ocr_page' id='page_1' title='image "/cluster/home/n/w/nwhite01/storage/ocr_20150623/4/hvd.32044073549446/044.png"; bbox 0 0 4084 6208; ppageno 0'>
   <div class='ocr_carea' id='block_1_1' title="bbox 210 260 3532 360">
    <p class='ocr_par' dir='ltr' id='par_1_1' title="bbox 210 260 3532 360">
     <span class='ocr_line' id='line_1_1' title="bbox 210 260 3532 360; baseline -0.006 0"><span class='ocrx_word' id='word_1_1' title='bbox 210 309 267 360; x_wconf 77' lang='lat'><strong>77</strong></span> <span class='ocrx_word' id='word_1_2' title='bbox 1362 260 1363 263; x_wconf 4' lang='grc' dir='ltr'>γ</span> <span class='ocrx_word' id='word_1_3' title='bbox 1529 297 1685 352; x_wconf 78' lang='lat' dir='ltr'>vm</span> <span class='ocrx_word' id='word_1_4' title='bbox 1723 297 1777 350; x_wconf 91' lang='lat' dir='ltr'>s.</span> <span class='ocrx_word' id='word_1_5' title='bbox 1819 295 2153 352; x_wconf 74' lang='lat' dir='ltr'>CYPRIANI.</span> <span class='ocrx_word' id='word_1_6' title='bbox 3467 300 3532 354; x_wconf 69' lang='grc' dir='ltr'>τε</span> 
     </span>
    </p>
   </div>
   <div class='ocr_carea' id='block_1_2' title="bbox 212 419 3534 504">
    <p class='ocr_par' dir='ltr' id='par_1_2' title="bbox 212 419 3534 504">
     <span class='ocr_line' id='line_1_2' title="bbox 212 419 3534 504; baseline -0.001 -23"><span class='ocrx_word' id='word_1_7' title='bbox 212 428 347 482; x_wconf 81' lang='lat' dir='ltr'>alteri</span> <span class='ocrx_word' id='word_1_8' title='bbox 372 426 447 480; x_wconf 93' lang='lat' dir='ltr'>illi</span> <span class='ocrx_word' id='word_1_9' title='bbox 471 440 680 497; x_wconf 90' lang='lat' dir='ltr'>magno</span> <span class='ocrx_word' id='word_1_10' title='bbox 704 440 822 479; x_wconf 90' lang='lat' dir='ltr'>non</span> <span class='ocrx_word' id='word_1_11' title='bbox 842 423 1007 477; x_wconf 87' lang='lat' dir='ltr'>valde</span> <span class='ocrx_word' id='word_1_12' title='bbox 1030 426 1479 477; x_wconf 84' lang='lat' dir='ltr'>consentaneum</span> <span class='ocrx_word' id='word_1_13' title='bbox 1508 422 1640 489; x_wconf 88' lang='lat' dir='ltr'>;sed</span> <span class='ocrx_word' id='word_1_14' title='bbox 1666 424 1807 474; x_wconf 90' lang='lat' dir='ltr'>tom.</span> <span class='ocrx_word' id='word_1_15' title='bbox 1834 434 1891 504; x_wconf 79' lang='grc' dir='ltr'><strong>Α</strong></span> <span class='ocrx_word' id='word_1_16' title='bbox 1913 436 2055 473; x_wconf 64' lang='lat' dir='ltr'>meae</span> <span class='ocrx_word' id='word_1_17' title='bbox 2104 419 2348 481; x_wconf 88' lang='lat' dir='ltr'>nescius,</span> <span class='ocrx_word' id='word_1_18' title='bbox 2399 421 2649 475; x_wconf 72' lang='lat' dir='ltr'>veritatis</span> <span class='ocrx_word' id='word_1_19' title='bbox 2707 424 2792 475; x_wconf 76' lang='lat' dir='ltr'>ac&#39;</span> <span class='ocrx_word' id='word_1_20' title='bbox 2820 422 2958 476; x_wconf 90' lang='lat' dir='ltr'>lucis</span> <span class='ocrx_word' id='word_1_21' title='bbox 3015 422 3257 488; x_wconf 88' lang='lat' dir='ltr'>alienus,</span> <span class='ocrx_word' id='word_1_22' title='bbox 3305 423 3534 479; x_wconf 82' lang='lat' dir='ltr'>difficile</span> 
     </span>
    </p>
   </div>
   <div class='ocr_carea' id='block_1_3' title="bbox 214 518 1811 593">
    <p class='ocr_par' dir='ltr' id='par_1_3' title="bbox 214 518 1811 593">
     <span class='ocr_line' id='line_1_3' title="bbox 214 518 1811 593; baseline -0.004 -16"><span class='ocrx_word' id='word_1_23' title='bbox 214 526 262 591; x_wconf 84' lang='lat' dir='ltr'>V,</span> <span class='ocrx_word' id='word_1_24' title='bbox 286 524 370 577; x_wconf 89' lang='lat' dir='ltr'>ubi</span> <span class='ocrx_word' id='word_1_25' title='bbox 400 524 516 593; x_wconf 92' lang='lat' dir='ltr'>agit</span> <span class='ocrx_word' id='word_1_26' title='bbox 541 524 608 577; x_wconf 87' lang='lat' dir='ltr'>de</span> <span class='ocrx_word' id='word_1_27' title='bbox 638 522 921 593; x_wconf 84' lang='lat' dir='ltr'>Cypriane</span> <span class='ocrx_word' id='word_1_28' title='bbox 961 520 1333 581; x_wconf 87' lang='lat' dir='ltr'>Antiocheno,</span> <span class='ocrx_word' id='word_1_29' title='bbox 1368 520 1578 573; x_wconf 77' lang='lat' dir='ltr'>fatetur</span> <span class='ocrx_word' id='word_1_30' title='bbox 1606 518 1659 571; x_wconf 91' lang='lat' dir='ltr'>id</span> <span class='ocrx_word' id='word_1_31' title='bbox 1699 534 1811 571; x_wconf 91' lang='lat' dir='ltr'>non</span> 
     </span>
    </p>
   </div>
   <div class='ocr_carea' id='block_1_4' title="bbox 210 610 1814 690">
    <p class='ocr_par' dir='ltr' id='par_1_4' title="bbox 210 610 1814 690">
     <span class='ocr_line' id='line_1_4' title="bbox 210 610 1814 690; baseline -0.005 -19"><span class='ocrx_word' id='word_1_32' title='bbox 210 635 351 690; x_wconf 85' lang='lat' dir='ltr'>posse</span> <span class='ocrx_word' id='word_1_33' title='bbox 383 617 646 671; x_wconf 82' lang='lat' dir='ltr'>discerni.</span> <span class='ocrx_word' id='word_1_34' title='bbox 683 618 805 671; x_wconf 83' lang='lat' dir='ltr'>Non</span> <span class='ocrx_word' id='word_1_35' title='bbox 840 615 1194 669; x_wconf 90' lang='lat' dir='ltr'>immorabor</span> <span class='ocrx_word' id='word_1_36' title='bbox 1221 614 1277 667; x_wconf 93' lang='lat' dir='ltr'>in</span> <span class='ocrx_word' id='word_1_37' title='bbox 1311 612 1662 667; x_wconf 78' lang='lat' dir='ltr'>excutiendis</span> <span class='ocrx_word' id='word_1_38' title='bbox 1690 610 1814 665; x_wconf 88' lang='lat' dir='ltr'>aliis</span> 
     </span>
    </p>
   </div>
   <div class='ocr_carea' id='block_1_5' title="bbox 211 706 1815 781">
    <p class='ocr_par' dir='ltr' id='par_1_5' title="bbox 211 706 1815 781">
     <span class='ocr_line' id='line_1_5' title="bbox 211 706 1815 781; baseline -0.004 -16"><span class='ocrx_word' id='word_1_39' title='bbox 211 712 523 781; x_wconf 87' lang='lat' dir='ltr'>conjecturis</span> <span class='ocrx_word' id='word_1_40' title='bbox 574 727 701 781; x_wconf 80' lang='lat' dir='ltr'>quae</span> <span class='ocrx_word' id='word_1_41' title='bbox 760 710 828 764; x_wconf 93' lang='lat' dir='ltr'>de</span> <span class='ocrx_word' id='word_1_42' title='bbox 877 709 1157 779; x_wconf 88' lang='lat' dir='ltr'>Cypriano</span> <span class='ocrx_word' id='word_1_43' title='bbox 1212 706 1336 761; x_wconf 87' lang='lat' dir='ltr'>ﬁeri</span> <span class='ocrx_word' id='word_1_44' title='bbox 1392 707 1601 771; x_wconf 87' lang='lat' dir='ltr'>solent,</span> <span class='ocrx_word' id='word_1_45' title='bbox 1662 706 1815 759; x_wconf 87' lang='lat' dir='ltr'>velut</span> 
     </span>
    </p>
   </div>
   <div class='ocr_carea' id='block_1_6' title="bbox 211 794 1810 871">
    <p class='ocr_par' dir='ltr' id='par_1_6' title="bbox 211 794 1810 871">
     <span class='ocr_line' id='line_1_6' title="bbox 211 794 1810 871; baseline -0.004 -18"><span class='ocrx_word' id='word_1_46' title='bbox 211 800 343 871; x_wconf 89' lang='lat' dir='ltr'>quod</span> <span class='ocrx_word' id='word_1_47' title='bbox 382 799 654 853; x_wconf 90' lang='lat' dir='ltr'>Baronius</span> <span class='ocrx_word' id='word_1_48' title='bbox 685 802 741 851; x_wconf 89' lang='lat' dir='ltr'>et</span> <span class='ocrx_word' id='word_1_49' title='bbox 772 802 901 868; x_wconf 90' lang='lat' dir='ltr'>post</span> <span class='ocrx_word' id='word_1_50' title='bbox 926 814 1057 850; x_wconf 90' lang='lat' dir='ltr'>eum</span> <span class='ocrx_word' id='word_1_51' title='bbox 1095 796 1193 850; x_wconf 85' lang='lat' dir='ltr'>alii</span> <span class='ocrx_word' id='word_1_52' title='bbox 1228 796 1486 850; x_wconf 90' lang='lat' dir='ltr'>nonnulli</span> <span class='ocrx_word' id='word_1_53' title='bbox 1527 794 1810 848; x_wconf 85' lang='lat' dir='ltr'>existima-</span> 
     </span>
    </p>
   </div>
   <div class='ocr_carea' id='block_1_7' title="bbox 213 887 1813 963">
    <p class='ocr_par' dir='ltr' id='par_1_7' title="bbox 213 887 1813 963">
     <span class='ocr_line' id='line_1_7' title="bbox 213 887 1813 963; baseline -0.004 -17"><span class='ocrx_word' id='word_1_54' title='bbox 213 899 328 946; x_wconf 83' lang='lat' dir='ltr'>runt</span> <span class='ocrx_word' id='word_1_55' title='bbox 353 893 700 963; x_wconf 72' lang='lat' dir='ltr'>Cyprianum</span> <span class='ocrx_word' id='word_1_56' title='bbox 719 892 838 961; x_wconf 87' lang='lat' dir='ltr'>jam</span> <span class='ocrx_word' id='word_1_57' title='bbox 860 906 1057 944; x_wconf 91' lang='lat' dir='ltr'>senem</span> <span class='ocrx_word' id='word_1_58' title='bbox 1086 890 1155 944; x_wconf 90' lang='lat' dir='ltr'>ad</span> <span class='ocrx_word' id='word_1_59' title='bbox 1178 888 1561 944; x_wconf 85' lang='lat' dir='ltr'>Christianam</span> <span class='ocrx_word' id='word_1_60' title='bbox 1582 887 1813 958; x_wconf 88' lang='lat' dir='ltr'>religio-</span> 
     </span>
    </p>
   </div>
   <div class='ocr_carea' id='block_1_8' title="bbox 211 978 1815 1049">
    <p class='ocr_par' dir='ltr' id='par_1_8' title="bbox 211 978 1815 1049">
     <span class='ocr_line' id='line_1_8' title="bbox 211 978 1815 1049; baseline -0.004 -14"><span class='ocrx_word' id='word_1_61' title='bbox 211 999 322 1035; x_wconf 86' lang='lat' dir='ltr'>nem</span> <span class='ocrx_word' id='word_1_62' title='bbox 364 980 681 1035; x_wconf 84' lang='lat' dir='ltr'>accessisse.</span> <span class='ocrx_word' id='word_1_63' title='bbox 710 981 980 1034; x_wconf 85' lang='lat' dir='ltr'>Nituntur</span> <span class='ocrx_word' id='word_1_64' title='bbox 1017 979 1263 1049; x_wconf 89' lang='lat' dir='ltr'>quodam</span> <span class='ocrx_word' id='word_1_65' title='bbox 1301 979 1420 1031; x_wconf 92' lang='lat' dir='ltr'>loco</span> <span class='ocrx_word' id='word_1_66' title='bbox 1460 993 1525 1031; x_wconf 86' lang='lat' dir='ltr'>ex</span> <span class='ocrx_word' id='word_1_67' title='bbox 1568 978 1815 1046; x_wconf 84' lang='lat' dir='ltr'>Epistola</span> 
     </span>
    </p>
   </div>
   <div class='ocr_carea' id='block_1_9' title="bbox 209 1070 1817 1143">
    <p class='ocr_par' dir='ltr' id='par_1_9' title="bbox 209 1070 1817 1143">
     <span class='ocr_line' id='line_1_9' title="bbox 209 1070 1817 1143; baseline -0.004 -15"><span class='ocrx_word' id='word_1_68' title='bbox 209 1076 271 1128; x_wconf 82' lang='lat' dir='ltr'>ad</span> <span class='ocrx_word' id='word_1_69' title='bbox 316 1077 597 1136; x_wconf 80' lang='lat' dir='ltr'>Donatum,</span> <span class='ocrx_word' id='word_1_70' title='bbox 651 1073 747 1127; x_wconf 88' lang='lat' dir='ltr'>ubi</span> <span class='ocrx_word' id='word_1_71' title='bbox 794 1074 873 1127; x_wconf 92' lang='lat' dir='ltr'>sic</span> <span class='ocrx_word' id='word_1_72' title='bbox 918 1073 1169 1143; x_wconf 83' lang='lat' dir='ltr'>loquitur</span> <span class='ocrx_word' id='word_1_73' title='bbox 1212 1071 1524 1142; x_wconf 83' lang='lat' dir='ltr'>Cyprianus</span> <span class='ocrx_word' id='word_1_74' title='bbox 1573 1087 1586 1124; x_wconf 91' lang='lat'><strong>:</strong></span> <span class='ocrx_word' id='word_1_75' title='bbox 1640 1089 1668 1117; x_wconf 91' lang='grc'>‹‹</span> <span class='ocrx_word' id='word_1_76' title='bbox 1708 1070 1817 1132; x_wconf 86' lang='lat' dir='ltr'>Qui</span> 
     </span>
    </p>
   </div>
   <div class='ocr_carea' id='block_1_10' title="bbox 208 1165 1817 1239">
    <p class='ocr_par' dir='ltr' id='par_1_10' title="bbox 208 1165 1817 1239">
     <span class='ocr_line' id='line_1_10' title="bbox 208 1165 1817 1239; baseline -0.002 -18"><span class='ocrx_word' id='word_1_77' title='bbox 208 1169 487 1239; x_wconf 87' lang='lat' dir='ltr'>possibilis,</span> <span class='ocrx_word' id='word_1_78' title='bbox 535 1168 777 1233; x_wconf 85' lang='lat' dir='ltr'>aiebam,</span> <span class='ocrx_word' id='word_1_79' title='bbox 810 1173 894 1221; x_wconf 91' lang='lat' dir='ltr'>est</span> <span class='ocrx_word' id='word_1_80' title='bbox 935 1173 1094 1220; x_wconf 90' lang='lat' dir='ltr'>tanta</span> <span class='ocrx_word' id='word_1_81' title='bbox 1132 1165 1442 1230; x_wconf 83' lang='lat' dir='ltr'>conversio,</span> <span class='ocrx_word' id='word_1_82' title='bbox 1483 1170 1543 1218; x_wconf 91' lang='lat' dir='ltr'>ut</span> <span class='ocrx_word' id='word_1_83' title='bbox 1578 1169 1817 1234; x_wconf 88' lang='lat' dir='ltr'>repente</span> 
     </span>
    </p>
   </div>
   <div class='ocr_carea' id='block_1_11' title="bbox 208 1258 1814 1332">
    <p class='ocr_par' dir='ltr' id='par_1_11' title="bbox 208 1258 1814 1332">
     <span class='ocr_line' id='line_1_11' title="bbox 208 1258 1814 1332; baseline -0.003 -17"><span class='ocrx_word' id='word_1_84' title='bbox 208 1279 260 1316; x_wconf 88' lang='lat' dir='ltr'>ac</span> <span class='ocrx_word' id='word_1_85' title='bbox 286 1262 587 1332; x_wconf 86' lang='lat' dir='ltr'>perniciter</span> <span class='ocrx_word' id='word_1_86' title='bbox 624 1264 862 1315; x_wconf 80' lang='lat' dir='ltr'>ematur</span> <span class='ocrx_word' id='word_1_87' title='bbox 887 1260 1035 1331; x_wconf 91' lang='lat' dir='ltr'>quod</span> <span class='ocrx_word' id='word_1_88' title='bbox 1072 1261 1157 1313; x_wconf 87' lang='lat' dir='ltr'>vel</span> <span class='ocrx_word' id='word_1_89' title='bbox 1199 1259 1511 1330; x_wconf 89' lang='lat' dir='ltr'>genuinum</span> <span class='ocrx_word' id='word_1_90' title='bbox 1542 1258 1648 1311; x_wconf 90' lang='lat' dir='ltr'>situ</span> <span class='ocrx_word' id='word_1_91' title='bbox 1691 1274 1814 1311; x_wconf 89' lang='lat' dir='ltr'>ma-</span> 
     </span>
    </p>
   </div>
   <div class='ocr_carea' id='block_1_12' title="bbox 208 1351 1816 1423">
    <p class='ocr_par' dir='ltr' id='par_1_12' title="bbox 208 1351 1816 1423">
     <span class='ocr_line' id='line_1_12' title="bbox 208 1351 1816 1423; baseline -0.004 -14"><span class='ocrx_word' id='word_1_92' title='bbox 208 1358 345 1409; x_wconf 68' lang='lat' dir='ltr'>teriae</span> <span class='ocrx_word' id='word_1_93' title='bbox 399 1355 672 1409; x_wconf 83' lang='lat' dir='ltr'>naturalis</span> <span class='ocrx_word' id='word_1_94' title='bbox 715 1355 1002 1419; x_wconf 90' lang='lat' dir='ltr'>obduruit,</span> <span class='ocrx_word' id='word_1_95' title='bbox 1036 1355 1122 1407; x_wconf 91' lang='lat' dir='ltr'>vel</span> <span class='ocrx_word' id='word_1_96' title='bbox 1174 1358 1503 1423; x_wconf 88' lang='lat' dir='ltr'>usurpatum</span> <span class='ocrx_word' id='word_1_97' title='bbox 1531 1352 1625 1406; x_wconf 93' lang='lat' dir='ltr'>diu</span> <span class='ocrx_word' id='word_1_98' title='bbox 1657 1351 1816 1405; x_wconf 90' lang='lat' dir='ltr'>senio</span> 
     </span>
    </p>
   </div>
   <div class='ocr_carea' id='block_1_13' title="bbox 207 1448 1819 1519">
    <p class='ocr_par' dir='ltr' id='par_1_13' title="bbox 207 1448 1819 1519">
     <span class='ocr_line' id='line_1_13' title="bbox 207 1448 1819 1519; baseline -0.001 -20"><span class='ocrx_word' id='word_1_99' title='bbox 207 1450 480 1503; x_wconf 80' lang='lat' dir='ltr'>vetustatis</span> <span class='ocrx_word' id='word_1_100' title='bbox 510 1448 783 1502; x_wconf 83' lang='lat' dir='ltr'>inolevit?</span> <span class='ocrx_word' id='word_1_101' title='bbox 814 1471 839 1497; x_wconf 92' lang='grc'><strong>››</strong></span> <span class='ocrx_word' id='word_1_102' title='bbox 872 1453 940 1502; x_wconf 85' lang='lat' dir='ltr'>At</span> <span class='ocrx_word' id='word_1_103' title='bbox 978 1448 1296 1519; x_wconf 78' lang='lat' dir='ltr'>Cyprianus</span> <span class='ocrx_word' id='word_1_104' title='bbox 1323 1463 1439 1500; x_wconf 92' lang='lat' dir='ltr'>non</span> <span class='ocrx_word' id='word_1_105' title='bbox 1471 1462 1601 1499; x_wconf 89' lang='lat' dir='ltr'>suos</span> <span class='ocrx_word' id='word_1_106' title='bbox 1641 1461 1819 1498; x_wconf 89' lang='lat' dir='ltr'>annos</span> 
     </span>
    </p>
   </div>
   <div class='ocr_carea' id='block_1_14' title="bbox 208 1539 1817 1611">
    <p class='ocr_par' dir='ltr' id='par_1_14' title="bbox 208 1539 1817 1611">
     <span class='ocr_line' id='line_1_14' title="bbox 208 1539 1817 1611; baseline -0.003 -15"><span class='ocrx_word' id='word_1_107' title='bbox 208 1546 471 1609; x_wconf 86' lang='lat' dir='ltr'>numerat,</span> <span class='ocrx_word' id='word_1_108' title='bbox 519 1543 620 1595; x_wconf 87' lang='lat' dir='ltr'>sed</span> <span class='ocrx_word' id='word_1_109' title='bbox 666 1542 736 1595; x_wconf 89' lang='lat' dir='ltr'>de</span> <span class='ocrx_word' id='word_1_110' title='bbox 788 1542 935 1595; x_wconf 85' lang='lat' dir='ltr'>vitiis</span> <span class='ocrx_word' id='word_1_111' title='bbox 990 1541 1261 1611; x_wconf 87' lang='lat' dir='ltr'>loquitur,</span> <span class='ocrx_word' id='word_1_112' title='bbox 1313 1557 1440 1611; x_wconf 72' lang='lat' dir='ltr'>quae</span> <span class='ocrx_word' id='word_1_113' title='bbox 1486 1540 1543 1593; x_wconf 90' lang='lat' dir='ltr'>in</span> <span class='ocrx_word' id='word_1_114' title='bbox 1588 1539 1817 1593; x_wconf 89' lang='lat' dir='ltr'>homine</span> 
     </span>
    </p>
   </div>
   <div class='ocr_carea' id='block_1_15' title="bbox 208 1634 1821 1701">
    <p class='ocr_par' dir='ltr' id='par_1_15' title="bbox 208 1634 1821 1701">
     <span class='ocr_line' id='line_1_15' title="bbox 208 1634 1821 1701; baseline -0.002 -12"><span class='ocrx_word' id='word_1_115' title='bbox 208 1637 360 1689; x_wconf 86' lang='lat' dir='ltr'>etiam</span> <span class='ocrx_word' id='word_1_116' title='bbox 388 1654 507 1690; x_wconf 91' lang='lat' dir='ltr'>non</span> <span class='ocrx_word' id='word_1_117' title='bbox 539 1653 675 1689; x_wconf 90' lang='lat' dir='ltr'>sene</span> <span class='ocrx_word' id='word_1_118' title='bbox 704 1640 1042 1690; x_wconf 77' lang='lat' dir='ltr'>vetustatem</span> <span class='ocrx_word' id='word_1_119' title='bbox 1064 1634 1298 1701; x_wconf 86' lang='lat' dir='ltr'>habent,</span> <span class='ocrx_word' id='word_1_120' title='bbox 1321 1650 1448 1688; x_wconf 91' lang='lat' dir='ltr'>cum</span> <span class='ocrx_word' id='word_1_121' title='bbox 1492 1654 1517 1682; x_wconf 83' lang='lat'><strong>«</strong></span> <span class='ocrx_word' id='word_1_122' title='bbox 1546 1634 1681 1699; x_wconf 91' lang='lat' dir='ltr'>alta,</span> <span class='ocrx_word' id='word_1_123' title='bbox 1708 1652 1735 1682; x_wconf 76' lang='grc' dir='ltr'>ι)</span> <span class='ocrx_word' id='word_1_124' title='bbox 1758 1637 1821 1686; x_wconf 91' lang='lat' dir='ltr'>ut</span> 
     </span>
    </p>
   </div>
   <div class='ocr_carea' id='block_1_16' title="bbox 208 1726 1815 1799">
    <p class='ocr_par' dir='ltr' id='par_1_16' title="bbox 208 1726 1815 1799">
     <span class='ocr_line' id='line_1_16' title="bbox 208 1726 1815 1799; baseline -0.002 -16"><span class='ocrx_word' id='word_1_125' title='bbox 208 1730 396 1783; x_wconf 83' lang='lat' dir='ltr'>ibidem</span> <span class='ocrx_word' id='word_1_126' title='bbox 425 1731 697 1799; x_wconf 80' lang='lat' dir='ltr'>legimus,</span> <span class='ocrx_word' id='word_1_127' title='bbox 726 1751 753 1777; x_wconf 92' lang='grc'>‹‹</span> <span class='ocrx_word' id='word_1_128' title='bbox 786 1735 840 1783; x_wconf 89' lang='lat' dir='ltr'>et</span> <span class='ocrx_word' id='word_1_129' title='bbox 870 1729 1153 1799; x_wconf 89' lang='lat' dir='ltr'>profunda</span> <span class='ocrx_word' id='word_1_130' title='bbox 1190 1728 1417 1798; x_wconf 88' lang='lat' dir='ltr'>penitus</span> <span class='ocrx_word' id='word_1_131' title='bbox 1443 1726 1628 1780; x_wconf 88' lang='lat' dir='ltr'>radice</span> <span class='ocrx_word' id='word_1_132' title='bbox 1657 1726 1815 1779; x_wconf 89' lang='lat' dir='ltr'>seda-</span> 
     </span>
    </p>
   </div>
   <div class='ocr_carea' id='block_1_17' title="bbox 206 1806 1895 1894">
    <p class='ocr_par' dir='ltr' id='par_1_17' title="bbox 206 1806 1895 1894">
     <span class='ocr_line' id='line_1_17' title="bbox 206 1806 1895 1894; baseline 0.001 -19"><span class='ocrx_word' id='word_1_133' title='bbox 206 1829 338 1877; x_wconf 87' lang='lat' dir='ltr'>runt.</span> <span class='ocrx_word' id='word_1_134' title='bbox 372 1843 398 1873; x_wconf 68' lang='grc' dir='ltr'>ι)</span> <span class='ocrx_word' id='word_1_135' title='bbox 444 1826 561 1877; x_wconf 84' lang='lat' dir='ltr'>Huc</span> <span class='ocrx_word' id='word_1_136' title='bbox 601 1824 741 1877; x_wconf 89' lang='lat' dir='ltr'>adde</span> <span class='ocrx_word' id='word_1_137' title='bbox 782 1823 1127 1894; x_wconf 73' lang='lat' dir='ltr'>Cyprianum</span> <span class='ocrx_word' id='word_1_138' title='bbox 1168 1838 1284 1875; x_wconf 92' lang='lat' dir='ltr'>non</span> <span class='ocrx_word' id='word_1_139' title='bbox 1330 1821 1398 1875; x_wconf 91' lang='lat' dir='ltr'>de</span> <span class='ocrx_word' id='word_1_140' title='bbox 1444 1821 1555 1874; x_wconf 90' lang='lat' dir='ltr'>suis</span> <span class='ocrx_word' id='word_1_141' title='bbox 1596 1806 1895 1877; x_wconf 84' lang='lat' dir='ltr'>tantumB</span> 
     </span>
    </p>
   </div>
   <div class='ocr_carea' id='block_1_18' title="bbox 208 1915 1819 1987">
    <p class='ocr_par' dir='ltr' id='par_1_18' title="bbox 208 1915 1819 1987">
     <span class='ocr_line' id='line_1_18' title="bbox 208 1915 1819 1987; baseline -0.002 -18"><span class='ocrx_word' id='word_1_142' title='bbox 208 1918 353 1971; x_wconf 87' lang='lat' dir='ltr'>rebus</span> <span class='ocrx_word' id='word_1_143' title='bbox 402 1916 706 1983; x_wconf 88' lang='lat' dir='ltr'>disserere,</span> <span class='ocrx_word' id='word_1_144' title='bbox 754 1918 854 1970; x_wconf 92' lang='lat' dir='ltr'>sed</span> <span class='ocrx_word' id='word_1_145' title='bbox 905 1915 1223 1987; x_wconf 85' lang='lat' dir='ltr'>generatim</span> <span class='ocrx_word' id='word_1_146' title='bbox 1281 1931 1483 1968; x_wconf 90' lang='lat' dir='ltr'>omnes</span> <span class='ocrx_word' id='word_1_147' title='bbox 1525 1917 1716 1967; x_wconf 85' lang='lat' dir='ltr'>aetates</span> <span class='ocrx_word' id='word_1_148' title='bbox 1757 1930 1819 1967; x_wconf 91' lang='lat' dir='ltr'>ac</span> 
     </span>
    </p>
   </div>
   <div class='ocr_carea' id='block_1_19' title="bbox 207 2009 1819 2081">
    <p class='ocr_par' dir='ltr' id='par_1_19' title="bbox 207 2009 1819 2081">
     <span class='ocr_line' id='line_1_19' title="bbox 207 2009 1819 2081; baseline -0.002 -19"><span class='ocrx_word' id='word_1_149' title='bbox 207 2011 317 2064; x_wconf 66' lang='lat' dir='ltr'>vitae.</span> <span class='ocrx_word' id='word_1_150' title='bbox 338 2010 699 2064; x_wconf 90' lang='lat' dir='ltr'>conditiones</span> <span class='ocrx_word' id='word_1_151' title='bbox 727 2011 1047 2081; x_wconf 87' lang='lat' dir='ltr'>complecti,</span> <span class='ocrx_word' id='word_1_152' title='bbox 1076 2026 1316 2081; x_wconf 89' lang='lat' dir='ltr'>quarum</span> <span class='ocrx_word' id='word_1_153' title='bbox 1343 2009 1556 2062; x_wconf 91' lang='lat' dir='ltr'>nullam</span> <span class='ocrx_word' id='word_1_154' title='bbox 1588 2023 1819 2079; x_wconf 88' lang='lat' dir='ltr'>prorsus</span> 
     </span>
    </p>
   </div>
   <div class='ocr_carea' id='block_1_20' title="bbox 207 2101 1820 2174">
    <p class='ocr_par' dir='ltr' id='par_1_20' title="bbox 207 2101 1820 2174">
     <span class='ocr_line' id='line_1_20' title="bbox 207 2101 1820 2174; baseline -0.002 -18"><span class='ocrx_word' id='word_1_155' title='bbox 207 2104 549 2173; x_wconf 83' lang='lat' dir='ltr'>excipiebant</span> <span class='ocrx_word' id='word_1_156' title='bbox 579 2104 901 2171; x_wconf 84' lang='lat' dir='ltr'>Christiani,</span> <span class='ocrx_word' id='word_1_157' title='bbox 935 2120 1103 2174; x_wconf 89' lang='lat' dir='ltr'>quam</span> <span class='ocrx_word' id='word_1_158' title='bbox 1140 2119 1253 2156; x_wconf 91' lang='lat' dir='ltr'>non</span> <span class='ocrx_word' id='word_1_159' title='bbox 1283 2101 1489 2157; x_wconf 87' lang='lat' dir='ltr'>Christi</span> <span class='ocrx_word' id='word_1_160' title='bbox 1516 2102 1700 2170; x_wconf 85' lang='lat' dir='ltr'>gratia</span> <span class='ocrx_word' id='word_1_161' title='bbox 1729 2117 1820 2153; x_wconf 92' lang='lat' dir='ltr'>re-</span> 
     </span>
    </p>
   </div>
   <div class='ocr_carea' id='block_1_21' title="bbox 206 2194 1820 2268">
    <p class='ocr_par' dir='ltr' id='par_1_21' title="bbox 206 2194 1820 2268">
     <span class='ocr_line' id='line_1_21' title="bbox 206 2194 1820 2268; baseline -0.002 -18"><span class='ocrx_word' id='word_1_162' title='bbox 206 2200 378 2251; x_wconf 80' lang='lat' dir='ltr'>novari</span> <span class='ocrx_word' id='word_1_163' title='bbox 420 2202 481 2251; x_wconf 89' lang='lat' dir='ltr'>et</span> <span class='ocrx_word' id='word_1_164' title='bbox 520 2198 738 2252; x_wconf 89' lang='lat' dir='ltr'>renasci</span> <span class='ocrx_word' id='word_1_165' title='bbox 782 2214 945 2268; x_wconf 92' lang='lat' dir='ltr'>posse</span> <span class='ocrx_word' id='word_1_166' title='bbox 987 2198 1259 2251; x_wconf 91' lang='lat' dir='ltr'>dicerent.</span> <span class='ocrx_word' id='word_1_167' title='bbox 1292 2196 1491 2266; x_wconf 88' lang='lat' dir='ltr'>Liquet</span> <span class='ocrx_word' id='word_1_168' title='bbox 1527 2195 1584 2248; x_wconf 93' lang='lat' dir='ltr'>id</span> <span class='ocrx_word' id='word_1_169' title='bbox 1626 2211 1689 2247; x_wconf 87' lang='lat' dir='ltr'>ex</span> <span class='ocrx_word' id='word_1_170' title='bbox 1736 2194 1820 2248; x_wconf 89' lang='lat' dir='ltr'>his</span> 
     </span>
    </p>
   </div>
   <div class='ocr_carea' id='block_1_22' title="bbox 206 2287 1818 2363">
    <p class='ocr_par' dir='ltr' id='par_1_22' title="bbox 206 2287 1818 2363">
     <span class='ocr_line' id='line_1_22' title="bbox 206 2287 1818 2363; baseline -0.003 -17"><span class='ocrx_word' id='word_1_171' title='bbox 206 2310 316 2363; x_wconf 71' lang='lat' dir='ltr'>quae</span> <span class='ocrx_word' id='word_1_172' title='bbox 359 2296 684 2363; x_wconf 88' lang='lat' dir='ltr'>sequuntur</span> <span class='ocrx_word' id='word_1_173' title='bbox 728 2309 739 2345; x_wconf 92' lang='lat'>:</span> <span class='ocrx_word' id='word_1_174' title='bbox 789 2314 816 2337; x_wconf 86' lang='grc'>‹‹</span> <span class='ocrx_word' id='word_1_175' title='bbox 863 2292 1118 2355; x_wconf 86' lang='lat' dir='ltr'>Quando,</span> <span class='ocrx_word' id='word_1_176' title='bbox 1160 2290 1363 2360; x_wconf 88' lang='lat' dir='ltr'>inquit,</span> <span class='ocrx_word' id='word_1_177' title='bbox 1402 2287 1818 2359; x_wconf 89' lang='lat' dir='ltr'>parcimoniam</span> 
     </span>
    </p>
   </div>
   <div class='ocr_carea' id='block_1_23' title="bbox 207 2383 1816 2457">
    <p class='ocr_par' dir='ltr' id='par_1_23' title="bbox 207 2383 1816 2457">
     <span class='ocr_line' id='line_1_23' title="bbox 207 2383 1816 2457; baseline -0.002 -18"><span class='ocrx_word' id='word_1_178' title='bbox 207 2388 351 2441; x_wconf 87' lang='lat' dir='ltr'>discit</span> <span class='ocrx_word' id='word_1_179' title='bbox 381 2387 438 2440; x_wconf 91' lang='lat' dir='ltr'>in</span> <span class='ocrx_word' id='word_1_180' title='bbox 486 2385 817 2457; x_wconf 89' lang='lat' dir='ltr'>epularibus</span> <span class='ocrx_word' id='word_1_181' title='bbox 854 2385 1024 2439; x_wconf 70' lang='lat' dir='ltr'>omnis</span> <span class='ocrx_word' id='word_1_182' title='bbox 1054 2387 1111 2438; x_wconf 92' lang='lat' dir='ltr'>et</span> <span class='ocrx_word' id='word_1_183' title='bbox 1137 2383 1308 2453; x_wconf 83' lang='lat' dir='ltr'>largis</span> <span class='ocrx_word' id='word_1_184' title='bbox 1348 2383 1583 2453; x_wconf 90' lang='lat' dir='ltr'>dapibus</span> <span class='ocrx_word' id='word_1_185' title='bbox 1627 2398 1816 2436; x_wconf 89' lang='lat' dir='ltr'>assue-</span> 
     </span>
    </p>
   </div>
   <div class='ocr_carea' id='block_1_24' title="bbox 205 2477 1820 2551">
    <p class='ocr_par' dir='ltr' id='par_1_24' title="bbox 205 2477 1820 2551">
     <span class='ocr_line' id='line_1_24' title="bbox 205 2477 1820 2551; baseline 0.001 -21"><span class='ocrx_word' id='word_1_186' title='bbox 205 2482 315 2533; x_wconf 80' lang='lat' dir='ltr'>vit?</span> <span class='ocrx_word' id='word_1_187' title='bbox 342 2486 398 2535; x_wconf 89' lang='lat' dir='ltr'>et</span> <span class='ocrx_word' id='word_1_188' title='bbox 428 2481 528 2551; x_wconf 87' lang='lat' dir='ltr'>qui</span> <span class='ocrx_word' id='word_1_189' title='bbox 567 2480 815 2551; x_wconf 89' lang='lat' dir='ltr'>pretiosa</span> <span class='ocrx_word' id='word_1_190' title='bbox 845 2486 996 2533; x_wconf 83' lang='lat' dir='ltr'>veste</span> <span class='ocrx_word' id='word_1_191' title='bbox 1028 2478 1358 2548; x_wconf 90' lang='lat' dir='ltr'>conspicuus</span> <span class='ocrx_word' id='word_1_192' title='bbox 1391 2477 1444 2531; x_wconf 89' lang='lat' dir='ltr'>in</span> <span class='ocrx_word' id='word_1_193' title='bbox 1489 2494 1628 2531; x_wconf 89' lang='lat' dir='ltr'>auro</span> <span class='ocrx_word' id='word_1_194' title='bbox 1654 2481 1820 2548; x_wconf 89' lang='lat' dir='ltr'>atque</span> 
     </span>
    </p>
   </div>
   <div class='ocr_carea' id='block_1_25' title="bbox 202 2570 1819 2644">
    <p class='ocr_par' dir='ltr' id='par_1_25' title="bbox 202 2570 1819 2644">
     <span class='ocr_line' id='line_1_25' title="bbox 202 2570 1819 2644; baseline -0.002 -18"><span class='ocrx_word' id='word_1_195' title='bbox 202 2575 249 2626; x_wconf 92' lang='lat' dir='ltr'>in</span> <span class='ocrx_word' id='word_1_196' title='bbox 293 2590 541 2644; x_wconf 88' lang='lat' dir='ltr'>purpura</span> <span class='ocrx_word' id='word_1_197' title='bbox 603 2573 776 2641; x_wconf 90' lang='lat' dir='ltr'>fulsit,</span> <span class='ocrx_word' id='word_1_198' title='bbox 819 2573 888 2626; x_wconf 89' lang='lat' dir='ltr'>ad</span> <span class='ocrx_word' id='word_1_199' title='bbox 942 2572 1229 2642; x_wconf 89' lang='lat' dir='ltr'>plebeium</span> <span class='ocrx_word' id='word_1_200' title='bbox 1278 2588 1335 2625; x_wconf 90' lang='lat' dir='ltr'>se</span> <span class='ocrx_word' id='word_1_201' title='bbox 1389 2588 1451 2623; x_wconf 92' lang='lat' dir='ltr'>ac</span> <span class='ocrx_word' id='word_1_202' title='bbox 1504 2570 1819 2641; x_wconf 88' lang='lat' dir='ltr'>simplicem</span> 
     </span>
    </p>
   </div>
   <div class='ocr_carea' id='block_1_26' title="bbox 202 2664 1822 2737">
    <p class='ocr_par' dir='ltr' id='par_1_26' title="bbox 202 2664 1822 2737">
     <span class='ocr_line' id='line_1_26' title="bbox 202 2664 1822 2737; baseline -0.001 -18"><span class='ocrx_word' id='word_1_203' title='bbox 202 2668 399 2721; x_wconf 83' lang='lat' dir='ltr'>cultum</span> <span class='ocrx_word' id='word_1_204' title='bbox 441 2668 676 2737; x_wconf 87' lang='lat' dir='ltr'>quando</span> <span class='ocrx_word' id='word_1_205' title='bbox 707 2665 983 2735; x_wconf 78' lang='lat' dir='ltr'>deponit?</span> <span class='ocrx_word' id='word_1_206' title='bbox 1012 2666 1271 2718; x_wconf 84' lang='lat' dir='ltr'>Fascibus</span> <span class='ocrx_word' id='word_1_207' title='bbox 1310 2664 1400 2718; x_wconf 93' lang='lat' dir='ltr'>ille</span> <span class='ocrx_word' id='word_1_208' title='bbox 1434 2664 1742 2718; x_wconf 88' lang='lat' dir='ltr'>oblectatus</span> <span class='ocrx_word' id='word_1_209' title='bbox 1767 2668 1822 2717; x_wconf 91' lang='lat' dir='ltr'>et</span> 
     </span>
    </p>
   </div>
   <div class='ocr_carea' id='block_1_27' title="bbox 201 2758 1817 2831">
    <p class='ocr_par' dir='ltr' id='par_1_27' title="bbox 201 2758 1817 2831">
     <span class='ocr_line' id='line_1_27' title="bbox 201 2758 1817 2831; baseline -0.001 -18"><span class='ocrx_word' id='word_1_210' title='bbox 201 2760 523 2823; x_wconf 87' lang='lat' dir='ltr'>honoribus,</span> <span class='ocrx_word' id='word_1_211' title='bbox 569 2761 828 2831; x_wconf 86' lang='lat' dir='ltr'>privatus</span> <span class='ocrx_word' id='word_1_212' title='bbox 867 2762 922 2812; x_wconf 85' lang='lat' dir='ltr'>et</span> <span class='ocrx_word' id='word_1_213' title='bbox 960 2758 1238 2828; x_wconf 83' lang='lat' dir='ltr'>inglorius</span> <span class='ocrx_word' id='word_1_214' title='bbox 1288 2774 1408 2811; x_wconf 89' lang='lat' dir='ltr'>esse</span> <span class='ocrx_word' id='word_1_215' title='bbox 1451 2774 1567 2811; x_wconf 92' lang='lat' dir='ltr'>non</span> <span class='ocrx_word' id='word_1_216' title='bbox 1612 2760 1817 2827; x_wconf 88' lang='lat' dir='ltr'>potest.</span> 
     </span>
    </p>
   </div>
   <div class='ocr_carea' id='block_1_28' title="bbox 204 2851 1819 2925">
    <p class='ocr_par' dir='ltr' id='par_1_28' title="bbox 204 2851 1819 2925">
     <span class='ocr_line' id='line_1_28' title="bbox 204 2851 1819 2925; baseline -0.002 -19"><span class='ocrx_word' id='word_1_217' title='bbox 204 2854 285 2906; x_wconf 83' lang='lat' dir='ltr'>Hic</span> <span class='ocrx_word' id='word_1_218' title='bbox 325 2855 570 2925; x_wconf 89' lang='lat' dir='ltr'>stipatus</span> <span class='ocrx_word' id='word_1_219' title='bbox 614 2853 907 2907; x_wconf 89' lang='lat' dir='ltr'>clientium</span> <span class='ocrx_word' id='word_1_220' title='bbox 952 2852 1167 2919; x_wconf 90' lang='lat' dir='ltr'>cuneis,</span> <span class='ocrx_word' id='word_1_221' title='bbox 1210 2851 1596 2922; x_wconf 85' lang='lat' dir='ltr'>frequentiore</span> <span class='ocrx_word' id='word_1_222' title='bbox 1641 2851 1819 2904; x_wconf 91' lang='lat' dir='ltr'>comi-</span> 
     </span>
    </p>
   </div>
   <div class='ocr_carea' id='block_1_29' title="bbox 200 2946 1821 3015">
    <p class='ocr_par' dir='ltr' id='par_1_29' title="bbox 200 2946 1821 3015">
     <span class='ocr_line' id='line_1_29' title="bbox 200 2946 1821 3015; baseline -0.001 -14"><span class='ocrx_word' id='word_1_223' title='bbox 200 2954 304 3001; x_wconf 86' lang='lat' dir='ltr'>tatu</span> <span class='ocrx_word' id='word_1_224' title='bbox 334 2947 571 3001; x_wconf 74' lang='lat' dir='ltr'>officiosi</span> <span class='ocrx_word' id='word_1_225' title='bbox 607 2947 854 3015; x_wconf 84' lang='lat' dir='ltr'>agminis</span> <span class='ocrx_word' id='word_1_226' title='bbox 882 2946 1229 3012; x_wconf 90' lang='lat' dir='ltr'>honestatus,</span> <span class='ocrx_word' id='word_1_227' title='bbox 1256 2961 1482 3015; x_wconf 74' lang='lat' dir='ltr'>pmnam</span> <span class='ocrx_word' id='word_1_228' title='bbox 1512 2950 1672 3015; x_wconf 86' lang='lat' dir='ltr'>putat</span> <span class='ocrx_word' id='word_1_229' title='bbox 1703 2960 1821 2999; x_wconf 89' lang='lat' dir='ltr'>esse</span> 
     </span>
    </p>
   </div>
   <div class='ocr_carea' id='block_1_30' title="bbox 201 3039 1820 3110">
    <p class='ocr_par' dir='ltr' id='par_1_30' title="bbox 201 3039 1820 3110">
     <span class='ocr_line' id='line_1_30' title="bbox 201 3039 1820 3110; baseline -0.001 -17"><span class='ocrx_word' id='word_1_230' title='bbox 201 3057 317 3094; x_wconf 88' lang='lat' dir='ltr'>cum</span> <span class='ocrx_word' id='word_1_231' title='bbox 360 3041 517 3095; x_wconf 82' lang='lat' dir='ltr'>solus</span> <span class='ocrx_word' id='word_1_232' title='bbox 546 3044 649 3094; x_wconf 86' lang='lat' dir='ltr'>est.</span> <span class='ocrx_word' id='word_1_233' title='bbox 681 3040 993 3094; x_wconf 89' lang='lat' dir='ltr'>Tenacihus</span> <span class='ocrx_word' id='word_1_234' title='bbox 1019 3055 1249 3110; x_wconf 81' lang='lat' dir='ltr'>semper</span> <span class='ocrx_word' id='word_1_235' title='bbox 1290 3039 1568 3093; x_wconf 89' lang='lat' dir='ltr'>illecebris</span> <span class='ocrx_word' id='word_1_236' title='bbox 1598 3054 1820 3092; x_wconf 90' lang='lat' dir='ltr'>necesse</span> 
     </span>
    </p>
   </div>
   <div class='ocr_carea' id='block_1_31' title="bbox 201 3132 1817 3202">
    <p class='ocr_par' dir='ltr' id='par_1_31' title="bbox 201 3132 1817 3202">
     <span class='ocr_line' id='line_1_31' title="bbox 201 3132 1817 3202; baseline -0.001 -16"><span class='ocrx_word' id='word_1_237' title='bbox 201 3140 291 3201; x_wconf 85' lang='lat' dir='ltr'>est,</span> <span class='ocrx_word' id='word_1_238' title='bbox 323 3139 386 3188; x_wconf 88' lang='lat' dir='ltr'>ut</span> <span class='ocrx_word' id='word_1_239' title='bbox 425 3134 667 3198; x_wconf 87' lang='lat' dir='ltr'>solebat,</span> <span class='ocrx_word' id='word_1_240' title='bbox 708 3133 1019 3187; x_wconf 85' lang='lat' dir='ltr'>vinolentia</span> <span class='ocrx_word' id='word_1_241' title='bbox 1060 3133 1278 3198; x_wconf 85' lang='lat' dir='ltr'>invitet,</span> <span class='ocrx_word' id='word_1_242' title='bbox 1323 3132 1485 3185; x_wconf 89' lang='lat' dir='ltr'>inﬂet</span> <span class='ocrx_word' id='word_1_243' title='bbox 1528 3132 1817 3202; x_wconf 87' lang='lat' dir='ltr'>superbia,</span> 
     </span>
    </p>
   </div>
   <div class='ocr_carea' id='block_1_32' title="bbox 204 3225 1821 3297">
    <p class='ocr_par' dir='ltr' id='par_1_32' title="bbox 204 3225 1821 3297">
     <span class='ocr_line' id='line_1_32' title="bbox 204 3225 1821 3297; baseline -0.001 -19"><span class='ocrx_word' id='word_1_244' title='bbox 204 3228 487 3281; x_wconf 84' lang='lat' dir='ltr'>iracundia</span> <span class='ocrx_word' id='word_1_245' title='bbox 516 3228 863 3291; x_wconf 87' lang='lat' dir='ltr'>inﬂammet,</span> <span class='ocrx_word' id='word_1_246' title='bbox 893 3227 1174 3296; x_wconf 86' lang='lat' dir='ltr'>rapacitas</span> <span class='ocrx_word' id='word_1_247' title='bbox 1202 3226 1491 3297; x_wconf 88' lang='lat' dir='ltr'>inquietet,</span> <span class='ocrx_word' id='word_1_248' title='bbox 1521 3225 1821 3279; x_wconf 88' lang='lat' dir='ltr'>crudelitas</span> 
     </span>
    </p>
   </div>
   <div class='ocr_carea' id='block_1_33' title="bbox 202 3315 1822 3386">
    <p class='ocr_par' dir='ltr' id='par_1_33' title="bbox 202 3315 1822 3386">
     <span class='ocr_line' id='line_1_33' title="bbox 202 3315 1822 3386; baseline -0.002 -15"><span class='ocrx_word' id='word_1_249' title='bbox 202 3318 464 3383; x_wconf 87' lang='lat' dir='ltr'>stimulet,</span> <span class='ocrx_word' id='word_1_250' title='bbox 490 3317 731 3371; x_wconf 87' lang='lat' dir='ltr'>ambitio</span> <span class='ocrx_word' id='word_1_251' title='bbox 778 3317 1033 3382; x_wconf 86' lang='lat' dir='ltr'>delectet,</span> <span class='ocrx_word' id='word_1_252' title='bbox 1065 3315 1242 3369; x_wconf 91' lang='lat' dir='ltr'>libido</span> <span class='ocrx_word' id='word_1_253' title='bbox 1271 3315 1606 3386; x_wconf 61' lang='lat' dir='ltr'>praecipitet.</span> <span class='ocrx_word' id='word_1_254' title='bbox 1635 3336 1663 3364; x_wconf 82' lang='grc'><strong>››</strong></span> <span class='ocrx_word' id='word_1_255' title='bbox 1696 3316 1822 3367; x_wconf 67' lang='grc' dir='ltr'>Ηωο</span> 
     </span>
    </p>
   </div>
   <div class='ocr_carea' id='block_1_34' title="bbox 202 3404 1822 3475">
    <p class='ocr_par' dir='ltr' id='par_1_34' title="bbox 202 3404 1822 3475">
     <span class='ocr_line' id='line_1_34' title="bbox 202 3404 1822 3475; baseline -0.002 -15"><span class='ocrx_word' id='word_1_256' title='bbox 202 3408 487 3461; x_wconf 85' lang='lat' dir='ltr'>referenda</span> <span class='ocrx_word' id='word_1_257' title='bbox 533 3407 696 3471; x_wconf 77' lang='lat' dir='ltr'>duxi,</span> <span class='ocrx_word' id='word_1_258' title='bbox 723 3411 788 3458; x_wconf 88' lang='lat' dir='ltr'>ut</span> <span class='ocrx_word' id='word_1_259' title='bbox 817 3410 1037 3475; x_wconf 89' lang='lat' dir='ltr'>pateret</span> <span class='ocrx_word' id='word_1_260' title='bbox 1063 3405 1252 3458; x_wconf 91' lang='lat' dir='ltr'>minus</span> <span class='ocrx_word' id='word_1_261' title='bbox 1289 3408 1678 3474; x_wconf 88' lang='lat' dir='ltr'>temperanter</span> <span class='ocrx_word' id='word_1_262' title='bbox 1707 3404 1822 3457; x_wconf 89' lang='lat' dir='ltr'>otio</span> 
     </span>
    </p>
   </div>
   <div class='ocr_carea' id='block_1_35' title="bbox 199 3493 1819 3566">
    <p class='ocr_par' dir='ltr' id='par_1_35' title="bbox 199 3493 1819 3566">
     <span class='ocr_line' id='line_1_35' title="bbox 199 3493 1819 3566; baseline -0.001 -19"><span class='ocrx_word' id='word_1_263' title='bbox 199 3494 343 3549; x_wconf 88' lang='lat' dir='ltr'>abuti</span> <span class='ocrx_word' id='word_1_264' title='bbox 392 3496 489 3566; x_wconf 91' lang='lat' dir='ltr'>qui</span> <span class='ocrx_word' id='word_1_265' title='bbox 525 3494 875 3565; x_wconf 83' lang='lat' dir='ltr'>Cyprianum</span> <span class='ocrx_word' id='word_1_266' title='bbox 916 3494 1023 3547; x_wconf 89' lang='lat' dir='ltr'>hac</span> <span class='ocrx_word' id='word_1_267' title='bbox 1053 3493 1274 3563; x_wconf 84' lang='lat' dir='ltr'>pictura</span> <span class='ocrx_word' id='word_1_268' title='bbox 1316 3508 1505 3547; x_wconf 89' lang='lat' dir='ltr'>mores</span> <span class='ocrx_word' id='word_1_269' title='bbox 1545 3508 1677 3546; x_wconf 90' lang='lat' dir='ltr'>suos</span> <span class='ocrx_word' id='word_1_270' title='bbox 1724 3508 1819 3546; x_wconf 80' lang='lat' dir='ltr'>ex-</span> 
     </span>
    </p>
   </div>
   <div class='ocr_carea' id='block_1_36' title="bbox 201 3586 1823 3658">
    <p class='ocr_par' dir='ltr' id='par_1_36' title="bbox 201 3586 1823 3658">
     <span class='ocr_line' id='line_1_36' title="bbox 201 3586 1823 3658; baseline -0.002 -16"><span class='ocrx_word' id='word_1_271' title='bbox 201 3590 478 3656; x_wconf 79' lang='lat' dir='ltr'>pressisse,</span> <span class='ocrx_word' id='word_1_272' title='bbox 509 3594 567 3643; x_wconf 91' lang='lat' dir='ltr'>et</span> <span class='ocrx_word' id='word_1_273' title='bbox 590 3588 843 3658; x_wconf 73' lang='lat' dir='ltr'>pristinae</span> <span class='ocrx_word' id='word_1_274' title='bbox 866 3587 1207 3640; x_wconf 84' lang='lat' dir='ltr'>conditionis</span> <span class='ocrx_word' id='word_1_275' title='bbox 1230 3586 1588 3657; x_wconf 87' lang='lat' dir='ltr'>splendorem</span> <span class='ocrx_word' id='word_1_276' title='bbox 1612 3589 1669 3639; x_wconf 91' lang='lat' dir='ltr'>et</span> <span class='ocrx_word' id='word_1_277' title='bbox 1688 3603 1823 3657; x_wconf 90' lang='lat' dir='ltr'>opes</span> 
     </span>
    </p>
   </div>
   <div class='ocr_carea' id='block_1_37' title="bbox 201 3679 1819 3752">
    <p class='ocr_par' dir='ltr' id='par_1_37' title="bbox 201 3679 1819 3752">
     <span class='ocr_line' id='line_1_37' title="bbox 201 3679 1819 3752; baseline -0.001 -17"><span class='ocrx_word' id='word_1_278' title='bbox 201 3681 557 3752; x_wconf 87' lang='lat' dir='ltr'>descripsisse</span> <span class='ocrx_word' id='word_1_279' title='bbox 598 3680 923 3751; x_wconf 87' lang='lat' dir='ltr'>opinantur.</span> <span class='ocrx_word' id='word_1_280' title='bbox 951 3681 1087 3743; x_wconf 64' lang='lat' dir='ltr'>Quae</span> <span class='ocrx_word' id='word_1_281' title='bbox 1126 3679 1466 3749; x_wconf 71' lang='lat' dir='ltr'>conjecturae</span> <span class='ocrx_word' id='word_1_282' title='bbox 1505 3681 1551 3733; x_wconf 90' lang='lat' dir='ltr'>si</span> <span class='ocrx_word' id='word_1_283' title='bbox 1577 3680 1819 3749; x_wconf 89' lang='lat' dir='ltr'>valeant,</span> 
     </span>
    </p>
   </div>
   <div class='ocr_carea' id='block_1_38' title="bbox 197 3773 1822 3839">
    <p class='ocr_par' dir='ltr' id='par_1_38' title="bbox 197 3773 1822 3839">
     <span class='ocr_line' id='line_1_38' title="bbox 197 3773 1822 3839; baseline 0 -12"><span class='ocrx_word' id='word_1_284' title='bbox 197 3776 485 3829; x_wconf 89' lang='lat' dir='ltr'>dicendum</span> <span class='ocrx_word' id='word_1_285' title='bbox 538 3776 647 3830; x_wconf 89' lang='lat' dir='ltr'>erit</span> <span class='ocrx_word' id='word_1_286' title='bbox 691 3791 824 3828; x_wconf 89' lang='lat' dir='ltr'>eum</span> <span class='ocrx_word' id='word_1_287' title='bbox 856 3774 1095 3827; x_wconf 86' lang='lat' dir='ltr'>fascibus</span> <span class='ocrx_word' id='word_1_288' title='bbox 1133 3774 1376 3839; x_wconf 75' lang='lat' dir='ltr'>fulsisse,</span> <span class='ocrx_word' id='word_1_289' title='bbox 1406 3779 1460 3827; x_wconf 91' lang='lat' dir='ltr'>et</span> <span class='ocrx_word' id='word_1_290' title='bbox 1500 3773 1822 3828; x_wconf 69' lang='lat' dir='ltr'>vinolentia:</span> 
     </span>
    </p>
   </div>
   <div class='ocr_carea' id='block_1_39' title="bbox 195 3867 1819 3940">
    <p class='ocr_par' dir='ltr' id='par_1_39' title="bbox 195 3867 1819 3940">
     <span class='ocr_line' id='line_1_39' title="bbox 195 3867 1819 3940; baseline 0.001 -20"><span class='ocrx_word' id='word_1_291' title='bbox 195 3884 249 3921; x_wconf 89' lang='lat' dir='ltr'>ac</span> <span class='ocrx_word' id='word_1_292' title='bbox 286 3869 615 3940; x_wconf 85' lang='lat' dir='ltr'>rapacitatis</span> <span class='ocrx_word' id='word_1_293' title='bbox 653 3869 800 3923; x_wconf 90' lang='lat' dir='ltr'>vitiis</span> <span class='ocrx_word' id='word_1_294' title='bbox 828 3867 1135 3934; x_wconf 87' lang='lat' dir='ltr'>laborasse,</span> <span class='ocrx_word' id='word_1_295' title='bbox 1167 3868 1319 3938; x_wconf 92' lang='lat' dir='ltr'>quod</span> <span class='ocrx_word' id='word_1_296' title='bbox 1356 3867 1647 3921; x_wconf 88' lang='lat' dir='ltr'>neminem</span> <span class='ocrx_word' id='word_1_297' title='bbox 1688 3868 1819 3921; x_wconf 90' lang='lat' dir='ltr'>hac-</span> 
     </span>
    </p>
   </div>
   <div class='ocr_carea' id='block_1_40' title="bbox 197 3964 934 4033">
    <p class='ocr_par' dir='ltr' id='par_1_40' title="bbox 197 3964 934 4033">
     <span class='ocr_line' id='line_1_40' title="bbox 197 3964 934 4033; baseline 0.003 -20"><span class='ocrx_word' id='word_1_298' title='bbox 197 3969 346 4015; x_wconf 88' lang='lat' dir='ltr'>tenus</span> <span class='ocrx_word' id='word_1_299' title='bbox 374 3964 538 4017; x_wconf 85' lang='lat' dir='ltr'>video</span> <span class='ocrx_word' id='word_1_300' title='bbox 569 3964 934 4033; x_wconf 89' lang='lat' dir='ltr'>suspicatum.</span> 
     </span>
    </p>
   </div>
   <div class='ocr_carea' id='block_1_41' title="bbox 198 4087 1823 4158">
    <p class='ocr_par' dir='ltr' id='par_1_41' title="bbox 198 4087 1823 4158">
     <span class='ocr_line' id='line_1_41' title="bbox 198 4087 1823 4158; baseline -0.001 -15"><span class='ocrx_word' id='word_1_301' title='bbox 198 4092 251 4145; x_wconf 88' lang='lat' dir='ltr'>ll.</span> <span class='ocrx_word' id='word_1_302' title='bbox 280 4121 342 4130; x_wconf 94' lang='lat'><strong>—</strong></span> <span class='ocrx_word' id='word_1_303' title='bbox 373 4094 446 4145; x_wconf 82' lang='lat' dir='ltr'>De</span> <span class='ocrx_word' id='word_1_304' title='bbox 494 4092 553 4143; x_wconf 88' lang='lat' dir='ltr'>S.</span> <span class='ocrx_word' id='word_1_305' title='bbox 590 4090 859 4158; x_wconf 71' lang='lat' dir='ltr'>Cypri/mi</span> <span class='ocrx_word' id='word_1_306' title='bbox 901 4091 1258 4143; x_wconf 79' lang='lat' dir='ltr'>conversione.</span> <span class='ocrx_word' id='word_1_307' title='bbox 1290 4117 1356 4128; x_wconf 92' lang='lat'><em>—</em></span> <span class='ocrx_word' id='word_1_308' title='bbox 1403 4087 1823 4142; x_wconf 85' lang='lat' dir='ltr'>Catcchumenus</span> 
     </span>
    </p>
   </div>
   <div class='ocr_carea' id='block_1_42' title="bbox 260 4169 1819 4237">
    <p class='ocr_par' dir='ltr' id='par_1_42' title="bbox 260 4169 1819 4237">
     <span class='ocr_line' id='line_1_42' title="bbox 260 4169 1819 4237; baseline -0.001 -14"><span class='ocrx_word' id='word_1_309' title='bbox 260 4172 391 4225; x_wconf 75' lang='lat' dir='ltr'>bona</span> <span class='ocrx_word' id='word_1_310' title='bbox 456 4188 561 4225; x_wconf 83' lang='lat' dir='ltr'>sua</span> <span class='ocrx_word' id='word_1_311' title='bbox 607 4172 912 4234; x_wconf 75' lang='lat' dir='ltr'>distribuit,</span> <span class='ocrx_word' id='word_1_312' title='bbox 962 4184 1125 4237; x_wconf 81' lang='lat' dir='ltr'>seque</span> <span class='ocrx_word' id='word_1_313' title='bbox 1175 4175 1296 4222; x_wconf 83' lang='lat' dir='ltr'>voto</span> <span class='ocrx_word' id='word_1_314' title='bbox 1350 4172 1683 4223; x_wconf 72' lang='lat' dir='ltr'>continentiae</span> <span class='ocrx_word' id='word_1_315' title='bbox 1730 4169 1819 4222; x_wconf 89' lang='lat' dir='ltr'>ob-</span> 
     </span>
    </p>
   </div>
   <div class='ocr_carea' id='block_1_43' title="bbox 255 4250 1821 4319">
    <p class='ocr_par' dir='ltr' id='par_1_43' title="bbox 255 4250 1821 4319">
     <span class='ocr_line' id='line_1_43' title="bbox 255 4250 1821 4319; baseline -0.002 -14"><span class='ocrx_word' id='word_1_316' title='bbox 255 4255 502 4306; x_wconf 69' lang='lat' dir='ltr'>stmwit.</span> <span class='ocrx_word' id='word_1_317' title='bbox 537 4283 605 4290; x_wconf 92' lang='lat'>——</span> <span class='ocrx_word' id='word_1_318' title='bbox 636 4253 905 4304; x_wconf 81' lang='lat' dir='ltr'>Incertum</span> <span class='ocrx_word' id='word_1_319' title='bbox 946 4265 1050 4318; x_wconf 89' lang='lat' dir='ltr'>quo</span> <span class='ocrx_word' id='word_1_320' title='bbox 1091 4264 1237 4302; x_wconf 88' lang='lat' dir='ltr'>anno</span> <span class='ocrx_word' id='word_1_321' title='bbox 1277 4252 1324 4302; x_wconf 84' lang='lat' dir='ltr'>et</span> <span class='ocrx_word' id='word_1_322' title='bbox 1371 4253 1601 4317; x_wconf 78' lang='lat' dir='ltr'>tempore</span> <span class='ocrx_word' id='word_1_323' title='bbox 1643 4250 1821 4319; x_wconf 79' lang='lat' dir='ltr'>bapti-</span> 
     </span>
    </p>
   </div>
   <div class='ocr_carea' id='block_1_44' title="bbox 256 4339 425 4385">
    <p class='ocr_par' dir='ltr' id='par_1_44' title="bbox 256 4339 425 4385">
     <span class='ocr_line' id='line_1_44' title="bbox 256 4339 425 4385; baseline 0.006 -1"><span class='ocrx_word' id='word_1_324' title='bbox 256 4339 425 4385; x_wconf 77' lang='lat' dir='ltr'>mtus.</span> 
     </span>
    </p>
   </div>
   <div class='ocr_carea' id='block_1_45' title="bbox 257 4431 1819 4501">
    <p class='ocr_par' dir='ltr' id='par_1_45' title="bbox 257 4431 1819 4501">
     <span class='ocr_line' id='line_1_45' title="bbox 257 4431 1819 4501; baseline -0.003 -14"><span class='ocrx_word' id='word_1_325' title='bbox 257 4435 577 4489; x_wconf 89' lang='lat' dir='ltr'>Plurimum</span> <span class='ocrx_word' id='word_1_326' title='bbox 620 4450 758 4487; x_wconf 90' lang='lat' dir='ltr'>sane</span> <span class='ocrx_word' id='word_1_327' title='bbox 787 4432 1121 4487; x_wconf 55' lang='lat' dir='ltr'>Christiana</span> <span class='ocrx_word' id='word_1_328' title='bbox 1173 4431 1435 4501; x_wconf 83' lang='lat' dir='ltr'>religioni</span> <span class='ocrx_word' id='word_1_329' title='bbox 1464 4431 1695 4485; x_wconf 89' lang='lat' dir='ltr'>accessit</span> <span class='ocrx_word' id='word_1_330' title='bbox 1726 4446 1819 4485; x_wconf 92' lang='lat' dir='ltr'>or-</span> 
     </span>
    </p>
   </div>
   <div class='ocr_carea' id='block_1_46' title="bbox 1914 514 3539 588">
    <p class='ocr_par' dir='ltr' id='par_1_46' title="bbox 1914 514 3539 588">
     <span class='ocr_line' id='line_1_46' title="bbox 1914 514 3539 588; baseline 0.003 -22"><span class='ocrx_word' id='word_1_331' title='bbox 1914 530 2148 584; x_wconf 90' lang='lat' dir='ltr'>prorsus</span> <span class='ocrx_word' id='word_1_332' title='bbox 2176 530 2240 567; x_wconf 89' lang='lat' dir='ltr'>ac</span> <span class='ocrx_word' id='word_1_333' title='bbox 2278 514 2483 567; x_wconf 90' lang='lat' dir='ltr'>durum</span> <span class='ocrx_word' id='word_1_334' title='bbox 2514 532 2615 585; x_wconf 92' lang='lat' dir='ltr'>pro</span> <span class='ocrx_word' id='word_1_335' title='bbox 2663 516 2769 569; x_wconf 93' lang='lat' dir='ltr'>illis</span> <span class='ocrx_word' id='word_1_336' title='bbox 2807 520 2939 570; x_wconf 90' lang='lat' dir='ltr'>tunc</span> <span class='ocrx_word' id='word_1_337' title='bbox 2984 517 3233 570; x_wconf 89' lang='lat' dir='ltr'>moribus</span> <span class='ocrx_word' id='word_1_338' title='bbox 3264 519 3539 588; x_wconf 85' lang='lat' dir='ltr'>opinabar</span> 
     </span>
    </p>
   </div>
   <div class='ocr_carea' id='block_1_47' title="bbox 1915 608 3537 681">
    <p class='ocr_par' dir='ltr' id='par_1_47' title="bbox 1915 608 3537 681">
     <span class='ocr_line' id='line_1_47' title="bbox 1915 608 3537 681; baseline 0.003 -20"><span class='ocrx_word' id='word_1_339' title='bbox 1915 608 2067 678; x_wconf 92' lang='lat' dir='ltr'>quod</span> <span class='ocrx_word' id='word_1_340' title='bbox 2100 608 2153 661; x_wconf 93' lang='lat' dir='ltr'>in</span> <span class='ocrx_word' id='word_1_341' title='bbox 2185 608 2426 661; x_wconf 88' lang='lat' dir='ltr'>salutem</span> <span class='ocrx_word' id='word_1_342' title='bbox 2458 608 2597 661; x_wconf 90' lang='lat' dir='ltr'>mihi</span> <span class='ocrx_word' id='word_1_343' title='bbox 2626 608 2818 663; x_wconf 90' lang='lat' dir='ltr'>divina</span> <span class='ocrx_word' id='word_1_344' title='bbox 2854 611 3202 680; x_wconf 89' lang='lat' dir='ltr'>indulgentia</span> <span class='ocrx_word' id='word_1_345' title='bbox 3233 612 3537 681; x_wconf 90' lang='lat' dir='ltr'>polliceba-</span> 
     </span>
    </p>
   </div>
   <div class='ocr_carea' id='block_1_48' title="bbox 1914 702 3539 775">
    <p class='ocr_par' dir='ltr' id='par_1_48' title="bbox 1914 702 3539 775">
     <span class='ocr_line' id='line_1_48' title="bbox 1914 702 3539 775; baseline 0.002 -20"><span class='ocrx_word' id='word_1_346' title='bbox 1914 708 2026 767; x_wconf 87' lang='lat' dir='ltr'>tur,</span> <span class='ocrx_word' id='word_1_347' title='bbox 2062 706 2121 755; x_wconf 90' lang='lat' dir='ltr'>ut</span> <span class='ocrx_word' id='word_1_348' title='bbox 2148 702 2273 772; x_wconf 88' lang='lat' dir='ltr'>quis</span> <span class='ocrx_word' id='word_1_349' title='bbox 2316 702 2529 756; x_wconf 90' lang='lat' dir='ltr'>renasci</span> <span class='ocrx_word' id='word_1_350' title='bbox 2561 703 2744 756; x_wconf 89' lang='lat' dir='ltr'>denuo</span> <span class='ocrx_word' id='word_1_351' title='bbox 2783 707 2990 773; x_wconf 88' lang='lat' dir='ltr'>posset,</span> <span class='ocrx_word' id='word_1_352' title='bbox 3024 710 3200 775; x_wconf 84' lang='lat' dir='ltr'>utque</span> <span class='ocrx_word' id='word_1_353' title='bbox 3233 705 3289 758; x_wconf 88' lang='lat' dir='ltr'>in</span> <span class='ocrx_word' id='word_1_354' title='bbox 3335 722 3539 760; x_wconf 89' lang='lat' dir='ltr'>novam</span> 
     </span>
    </p>
   </div>
   <div class='ocr_carea' id='block_1_49' title="bbox 1915 795 3540 869">
    <p class='ocr_par' dir='ltr' id='par_1_49' title="bbox 1915 795 3540 869">
     <span class='ocr_line' id='line_1_49' title="bbox 1915 795 3540 869; baseline 0.006 -24"><span class='ocrx_word' id='word_1_355' title='bbox 1915 795 2085 849; x_wconf 87' lang='lat' dir='ltr'>vitam</span> <span class='ocrx_word' id='word_1_356' title='bbox 2128 796 2343 849; x_wconf 89' lang='lat' dir='ltr'>lavacro</span> <span class='ocrx_word' id='word_1_357' title='bbox 2371 812 2532 865; x_wconf 84' lang='lat' dir='ltr'>aquae</span> <span class='ocrx_word' id='word_1_358' title='bbox 2574 796 2830 850; x_wconf 89' lang='lat' dir='ltr'>salutaris</span> <span class='ocrx_word' id='word_1_359' title='bbox 2873 797 3153 851; x_wconf 90' lang='lat' dir='ltr'>animatus</span> <span class='ocrx_word' id='word_1_360' title='bbox 3194 800 3341 869; x_wconf 89' lang='lat' dir='ltr'>quod</span> <span class='ocrx_word' id='word_1_361' title='bbox 3385 799 3540 869; x_wconf 88' lang='lat' dir='ltr'>prius</span> 
     </span>
    </p>
   </div>
   <div class='ocr_carea' id='block_1_50' title="bbox 1914 888 3539 960">
    <p class='ocr_par' dir='ltr' id='par_1_50' title="bbox 1914 888 3539 960">
     <span class='ocr_line' id='line_1_50' title="bbox 1914 888 3539 960; baseline 0.003 -19"><span class='ocrx_word' id='word_1_362' title='bbox 1914 888 2101 942; x_wconf 87' lang='lat' dir='ltr'>fuerat</span> <span class='ocrx_word' id='word_1_363' title='bbox 2150 894 2479 959; x_wconf 84' lang='lat' dir='ltr'>exponeret,</span> <span class='ocrx_word' id='word_1_364' title='bbox 2514 894 2589 957; x_wconf 90' lang='lat' dir='ltr'>et,</span> <span class='ocrx_word' id='word_1_365' title='bbox 2628 890 2879 960; x_wconf 88' lang='lat' dir='ltr'>corporis</span> <span class='ocrx_word' id='word_1_366' title='bbox 2910 890 3041 943; x_wconf 90' lang='lat' dir='ltr'>licet</span> <span class='ocrx_word' id='word_1_367' title='bbox 3080 899 3343 946; x_wconf 88' lang='lat' dir='ltr'>manente</span> <span class='ocrx_word' id='word_1_368' title='bbox 3386 909 3539 947; x_wconf 89' lang='lat' dir='ltr'>com-</span> 
     </span>
    </p>
   </div>
   <div class='ocr_carea' id='block_1_51' title="bbox 1916 983 3539 1055">
    <p class='ocr_par' dir='ltr' id='par_1_51' title="bbox 1916 983 3539 1055">
     <span class='ocr_line' id='line_1_51' title="bbox 1916 983 3539 1055; baseline 0.003 -21"><span class='ocrx_word' id='word_1_369' title='bbox 1916 998 2081 1051; x_wconf 87' lang='lat' dir='ltr'>page,</span> <span class='ocrx_word' id='word_1_370' title='bbox 2113 983 2409 1036; x_wconf 88' lang='lat' dir='ltr'>hominem</span> <span class='ocrx_word' id='word_1_371' title='bbox 2437 984 2627 1037; x_wconf 89' lang='lat' dir='ltr'>animo</span> <span class='ocrx_word' id='word_1_372' title='bbox 2656 1000 2721 1037; x_wconf 90' lang='lat' dir='ltr'>ac</span> <span class='ocrx_word' id='word_1_373' title='bbox 2748 987 2937 1037; x_wconf 85' lang='lat' dir='ltr'>mente</span> <span class='ocrx_word' id='word_1_374' title='bbox 2976 990 3236 1037; x_wconf 88' lang='lat' dir='ltr'>mutaret.</span> <span class='ocrx_word' id='word_1_375' title='bbox 3268 986 3370 1047; x_wconf 88' lang='lat' dir='ltr'>Qui</span> <span class='ocrx_word' id='word_1_376' title='bbox 3410 1003 3539 1055; x_wconf 86' lang='lat' dir='ltr'>pos-</span> 
     </span>
    </p>
   </div>
   <div class='ocr_carea' id='block_1_52' title="bbox 1918 1076 3541 1141">
    <p class='ocr_par' dir='ltr' id='par_1_52' title="bbox 1918 1076 3541 1141">
     <span class='ocr_line' id='line_1_52' title="bbox 1918 1076 3541 1141; baseline 0.003 -13"><span class='ocrx_word' id='word_1_377' title='bbox 1918 1076 2091 1129; x_wconf 90' lang='lat' dir='ltr'>sibilis</span> <span class='ocrx_word' id='word_1_378' title='bbox 2143 1082 2245 1141; x_wconf 91' lang='lat' dir='ltr'>est,</span> <span class='ocrx_word' id='word_1_379' title='bbox 2298 1076 2540 1141; x_wconf 88' lang='lat' dir='ltr'>aiebam,</span> <span class='ocrx_word' id='word_1_380' title='bbox 2588 1081 2749 1131; x_wconf 92' lang='lat' dir='ltr'>tanta</span> <span class='ocrx_word' id='word_1_381' title='bbox 2806 1078 3139 1132; x_wconf 85' lang='lat' dir='ltr'>conversio?</span> <span class='ocrx_word' id='word_1_382' title='bbox 3184 1082 3291 1132; x_wconf 89' lang='lat' dir='ltr'>etc.</span> <span class='ocrx_word' id='word_1_383' title='bbox 3344 1100 3371 1125; x_wconf 84' lang='lat'>»</span> <span class='ocrx_word' id='word_1_384' title='bbox 3430 1080 3541 1133; x_wconf 90' lang='lat' dir='ltr'>Sed</span> 
     </span>
    </p>
   </div>
   <div class='ocr_carea' id='block_1_53' title="bbox 1919 1169 3545 1238">
    <p class='ocr_par' dir='ltr' id='par_1_53' title="bbox 1919 1169 3545 1238">
     <span class='ocr_line' id='line_1_53' title="bbox 1919 1169 3545 1238; baseline 0.003 -17"><span class='ocrx_word' id='word_1_385' title='bbox 1919 1169 2150 1222; x_wconf 89' lang='lat' dir='ltr'>tandem</span> <span class='ocrx_word' id='word_1_386' title='bbox 2198 1169 2348 1223; x_wconf 89' lang='lat' dir='ltr'>illius</span> <span class='ocrx_word' id='word_1_387' title='bbox 2380 1171 2636 1223; x_wconf 89' lang='lat' dir='ltr'>animum</span> <span class='ocrx_word' id='word_1_388' title='bbox 2664 1171 2917 1226; x_wconf 83' lang='lat' dir='ltr'>Christus</span> <span class='ocrx_word' id='word_1_389' title='bbox 2953 1171 3186 1238; x_wconf 83' lang='lat' dir='ltr'>inflexit,</span> <span class='ocrx_word' id='word_1_390' title='bbox 3216 1188 3278 1224; x_wconf 87' lang='lat' dir='ltr'>ac</span> <span class='ocrx_word' id='word_1_391' title='bbox 3308 1172 3545 1226; x_wconf 90' lang='lat' dir='ltr'>docilem</span> 
     </span>
    </p>
   </div>
   <div class='ocr_carea' id='block_1_54' title="bbox 1918 1263 3547 1335">
    <p class='ocr_par' dir='ltr' id='par_1_54' title="bbox 1918 1263 3547 1335">
     <span class='ocr_line' id='line_1_54' title="bbox 1918 1263 3547 1335; baseline 0.002 -20"><span class='ocrx_word' id='word_1_392' title='bbox 1918 1263 2051 1316; x_wconf 90' lang='lat' dir='ltr'>fecit</span> <span class='ocrx_word' id='word_1_393' title='bbox 2083 1264 2403 1317; x_wconf 88' lang='lat' dir='ltr'>hortatibus</span> <span class='ocrx_word' id='word_1_394' title='bbox 2429 1264 2633 1319; x_wconf 58' lang='lat' dir='ltr'>Cascilii</span> <span class='ocrx_word' id='word_1_395' title='bbox 2661 1264 2996 1335; x_wconf 80' lang='lat' dir='ltr'>presbyteri,</span> <span class='ocrx_word' id='word_1_396' title='bbox 3022 1264 3119 1335; x_wconf 89' lang='lat' dir='ltr'>qui</span> <span class='ocrx_word' id='word_1_397' title='bbox 3146 1269 3259 1318; x_wconf 90' lang='lat' dir='ltr'>tam</span> <span class='ocrx_word' id='word_1_398' title='bbox 3289 1266 3547 1335; x_wconf 79' lang='lat' dir='ltr'>praeclari</span> 
     </span>
    </p>
   </div>
   <div class='ocr_carea' id='block_1_55' title="bbox 1918 1356 3545 1429">
    <p class='ocr_par' dir='ltr' id='par_1_55' title="bbox 1918 1356 3545 1429">
     <span class='ocr_line' id='line_1_55' title="bbox 1918 1356 3545 1429; baseline 0.001 -20"><span class='ocrx_word' id='word_1_399' title='bbox 1918 1356 2105 1425; x_wconf 88' lang='lat' dir='ltr'>operis</span> <span class='ocrx_word' id='word_1_400' title='bbox 2153 1356 2492 1411; x_wconf 88' lang='lat' dir='ltr'>administer</span> <span class='ocrx_word' id='word_1_401' title='bbox 2537 1362 2593 1410; x_wconf 90' lang='lat' dir='ltr'>et</span> <span class='ocrx_word' id='word_1_402' title='bbox 2623 1358 2903 1426; x_wconf 89' lang='lat' dir='ltr'>interpres</span> <span class='ocrx_word' id='word_1_403' title='bbox 2945 1357 3085 1424; x_wconf 87' lang='lat' dir='ltr'>fuit;</span> <span class='ocrx_word' id='word_1_404' title='bbox 3116 1374 3231 1412; x_wconf 92' lang='lat' dir='ltr'>non</span> <span class='ocrx_word' id='word_1_405' title='bbox 3281 1359 3371 1412; x_wconf 90' lang='lat' dir='ltr'>ille</span> <span class='ocrx_word' id='word_1_406' title='bbox 3418 1359 3545 1429; x_wconf 90' lang='lat' dir='ltr'>qui-</span> 
     </span>
    </p>
   </div>
   <div class='ocr_carea' id='block_1_56' title="bbox 1920 1449 3547 1523">
    <p class='ocr_par' dir='ltr' id='par_1_56' title="bbox 1920 1449 3547 1523">
     <span class='ocr_line' id='line_1_56' title="bbox 1920 1449 3547 1523; baseline 0.001 -20"><span class='ocrx_word' id='word_1_407' title='bbox 1920 1449 2071 1516; x_wconf 91' lang='lat' dir='ltr'>dem,</span> <span class='ocrx_word' id='word_1_408' title='bbox 2107 1456 2166 1503; x_wconf 88' lang='lat' dir='ltr'>ut</span> <span class='ocrx_word' id='word_1_409' title='bbox 2211 1450 2469 1503; x_wconf 90' lang='lat' dir='ltr'>nonnulli</span> <span class='ocrx_word' id='word_1_410' title='bbox 2500 1451 2710 1520; x_wconf 90' lang='lat' dir='ltr'>opinati</span> <span class='ocrx_word' id='word_1_411' title='bbox 2752 1454 2905 1515; x_wconf 88' lang='lat' dir='ltr'>sunt,</span> <span class='ocrx_word' id='word_1_412' title='bbox 2936 1451 3268 1505; x_wconf 89' lang='lat' dir='ltr'>Diadumeni</span> <span class='ocrx_word' id='word_1_413' title='bbox 3293 1469 3547 1523; x_wconf 61' lang='lat' dir='ltr'>praecep-</span> 
     </span>
    </p>
   </div>
   <div class='ocr_carea' id='block_1_57' title="bbox 1918 1544 3547 1614">
    <p class='ocr_par' dir='ltr' id='par_1_57' title="bbox 1918 1544 3547 1614">
     <span class='ocr_line' id='line_1_57' title="bbox 1918 1544 3547 1614; baseline 0.002 -18"><span class='ocrx_word' id='word_1_414' title='bbox 1918 1548 2024 1610; x_wconf 88' lang='lat' dir='ltr'>tor,</span> <span class='ocrx_word' id='word_1_415' title='bbox 2049 1544 2146 1597; x_wconf 92' lang='lat' dir='ltr'>sed</span> <span class='ocrx_word' id='word_1_416' title='bbox 2195 1544 2346 1597; x_wconf 88' lang='lat' dir='ltr'>idem</span> <span class='ocrx_word' id='word_1_417' title='bbox 2396 1544 2583 1613; x_wconf 90' lang='lat' dir='ltr'>potius</span> <span class='ocrx_word' id='word_1_418' title='bbox 2609 1544 2707 1614; x_wconf 88' lang='lat' dir='ltr'>qui</span> <span class='ocrx_word' id='word_1_419' title='bbox 2737 1544 2793 1597; x_wconf 91' lang='lat' dir='ltr'>in</span> <span class='ocrx_word' id='word_1_420' title='bbox 2838 1544 3067 1613; x_wconf 87' lang='lat' dir='ltr'>dialogo</span> <span class='ocrx_word' id='word_1_421' title='bbox 3096 1545 3318 1599; x_wconf 82' lang='lat' dir='ltr'>Minucii</span> <span class='ocrx_word' id='word_1_422' title='bbox 3354 1546 3547 1599; x_wconf 83' lang='lat' dir='ltr'>Felicis</span> 
     </span>
    </p>
   </div>
   <div class='ocr_carea' id='block_1_58' title="bbox 1918 1637 3545 1709">
    <p class='ocr_par' dir='ltr' id='par_1_58' title="bbox 1918 1637 3545 1709">
     <span class='ocr_line' id='line_1_58' title="bbox 1918 1637 3545 1709; baseline 0.001 -18"><span class='ocrx_word' id='word_1_423' title='bbox 1918 1637 2293 1691; x_wconf 87' lang='lat' dir='ltr'>Christianam</span> <span class='ocrx_word' id='word_1_424' title='bbox 2336 1637 2663 1706; x_wconf 84' lang='lat' dir='ltr'>religionem</span> <span class='ocrx_word' id='word_1_425' title='bbox 2698 1654 2801 1706; x_wconf 89' lang='lat' dir='ltr'>per</span> <span class='ocrx_word' id='word_1_426' title='bbox 2834 1638 2910 1690; x_wconf 88' lang='lat' dir='ltr'>fas</span> <span class='ocrx_word' id='word_1_427' title='bbox 2941 1641 2999 1690; x_wconf 92' lang='lat' dir='ltr'>et</span> <span class='ocrx_word' id='word_1_428' title='bbox 3040 1640 3197 1692; x_wconf 89' lang='lat' dir='ltr'>nefas</span> <span class='ocrx_word' id='word_1_429' title='bbox 3229 1646 3545 1709; x_wconf 87' lang='lat' dir='ltr'>oppugnat,</span> 
     </span>
    </p>
   </div>
   <div class='ocr_carea' id='block_1_59' title="bbox 1922 1730 3546 1786">
    <p class='ocr_par' dir='ltr' id='par_1_59' title="bbox 1922 1730 3546 1786">
     <span class='ocr_line' id='line_1_59' title="bbox 1922 1730 3546 1786; baseline 0.001 -2"><span class='ocrx_word' id='word_1_430' title='bbox 1922 1731 2133 1785; x_wconf 91' lang='lat' dir='ltr'>deinde</span> <span class='ocrx_word' id='word_1_431' title='bbox 2165 1730 2234 1783; x_wconf 91' lang='lat' dir='ltr'>ab</span> <span class='ocrx_word' id='word_1_432' title='bbox 2277 1730 2505 1784; x_wconf 89' lang='lat' dir='ltr'>Octavio</span> <span class='ocrx_word' id='word_1_433' title='bbox 2551 1736 2780 1785; x_wconf 87' lang='lat' dir='ltr'>strenue</span> <span class='ocrx_word' id='word_1_434' title='bbox 2818 1731 3115 1785; x_wconf 80' lang='lat' dir='ltr'>defensam</span> <span class='ocrx_word' id='word_1_435' title='bbox 3142 1733 3385 1785; x_wconf 89' lang='lat' dir='ltr'>libenter</span> <span class='ocrx_word' id='word_1_436' title='bbox 3427 1750 3546 1786; x_wconf 86' lang='lat' dir='ltr'>am-</span> 
     </span>
    </p>
   </div>
   <div class='ocr_carea' id='block_1_60' title="bbox 1920 1823 3549 1895">
    <p class='ocr_par' dir='ltr' id='par_1_60' title="bbox 1920 1823 3549 1895">
     <span class='ocr_line' id='line_1_60' title="bbox 1920 1823 3549 1895; baseline 0.002 -18"><span class='ocrx_word' id='word_1_437' title='bbox 1920 1825 2210 1895; x_wconf 84' lang='lat' dir='ltr'>plectitur.</span> <span class='ocrx_word' id='word_1_438' title='bbox 2244 1823 2503 1877; x_wconf 86' lang='lat' dir='ltr'>Amicitia</span> <span class='ocrx_word' id='word_1_439' title='bbox 2530 1840 2655 1893; x_wconf 55' lang='lat' dir='ltr'>qua‘,</span> <span class='ocrx_word' id='word_1_440' title='bbox 2694 1824 2974 1893; x_wconf 84' lang='lat' dir='ltr'>Cypriano</span> <span class='ocrx_word' id='word_1_441' title='bbox 3006 1825 3393 1879; x_wconf 89' lang='lat' dir='ltr'>intercedebat</span> <span class='ocrx_word' id='word_1_442' title='bbox 3421 1843 3549 1880; x_wconf 89' lang='lat' dir='ltr'>cum</span> 
     </span>
    </p>
   </div>
   <div class='ocr_carea' id='block_1_61' title="bbox 1920 1917 3553 1987">
    <p class='ocr_par' dir='ltr' id='par_1_61' title="bbox 1920 1917 3553 1987">
     <span class='ocr_line' id='line_1_61' title="bbox 1920 1917 3553 1987; baseline 0.002 -16"><span class='ocrx_word' id='word_1_443' title='bbox 1920 1918 2167 1983; x_wconf 75' lang='lat' dir='ltr'>Czccilio,</span> <span class='ocrx_word' id='word_1_444' title='bbox 2198 1921 2314 1971; x_wconf 89' lang='lat' dir='ltr'>tam</span> <span class='ocrx_word' id='word_1_445' title='bbox 2355 1922 2505 1970; x_wconf 89' lang='lat' dir='ltr'>arcte</span> <span class='ocrx_word' id='word_1_446' title='bbox 2534 1917 2794 1971; x_wconf 82' lang='lat' dir='ltr'>beneﬁcii</span> <span class='ocrx_word' id='word_1_447' title='bbox 2830 1918 3219 1987; x_wconf 87' lang='lat' dir='ltr'>magnitudine</span> <span class='ocrx_word' id='word_1_448' title='bbox 3246 1920 3553 1974; x_wconf 89' lang='lat' dir='ltr'>constricta</span> 
     </span>
    </p>
   </div>
   <div class='ocr_carea' id='block_1_62' title="bbox 1921 2010 3549 2083">
    <p class='ocr_par' dir='ltr' id='par_1_62' title="bbox 1921 2010 3549 2083">
     <span class='ocr_line' id='line_1_62' title="bbox 1921 2010 3549 2083; baseline 0.001 -20"><span class='ocrx_word' id='word_1_449' title='bbox 1921 2014 2027 2077; x_wconf 90' lang='lat' dir='ltr'>est,</span> <span class='ocrx_word' id='word_1_450' title='bbox 2062 2015 2125 2065; x_wconf 87' lang='lat' dir='ltr'>ut</span> <span class='ocrx_word' id='word_1_451' title='bbox 2169 2028 2298 2065; x_wconf 90' lang='lat' dir='ltr'>eum</span> <span class='ocrx_word' id='word_1_452' title='bbox 2346 2011 2401 2064; x_wconf 90' lang='lat' dir='ltr'>in</span> <span class='ocrx_word' id='word_1_453' title='bbox 2446 2010 2699 2080; x_wconf 89' lang='lat' dir='ltr'>parentis</span> <span class='ocrx_word' id='word_1_454' title='bbox 2746 2012 2866 2065; x_wconf 91' lang='lat' dir='ltr'>loco</span> <span class='ocrx_word' id='word_1_455' title='bbox 2908 2010 3171 2081; x_wconf 88' lang='lat' dir='ltr'>diligeret</span> <span class='ocrx_word' id='word_1_456' title='bbox 3214 2012 3549 2083; x_wconf 84' lang='lat' dir='ltr'>Cyprianus,</span> 
     </span>
    </p>
   </div>
   <div class='ocr_carea' id='block_1_63' title="bbox 1924 2104 3549 2175">
    <p class='ocr_par' dir='ltr' id='par_1_63' title="bbox 1924 2104 3549 2175">
     <span class='ocr_line' id='line_1_63' title="bbox 1924 2104 3549 2175; baseline 0.002 -18"><span class='ocrx_word' id='word_1_457' title='bbox 1924 2106 2163 2175; x_wconf 82' lang='lat' dir='ltr'>ejusque</span> <span class='ocrx_word' id='word_1_458' title='bbox 2213 2121 2431 2159; x_wconf 91' lang='lat' dir='ltr'>nomen</span> <span class='ocrx_word' id='word_1_459' title='bbox 2473 2105 2621 2158; x_wconf 87' lang='lat' dir='ltr'>ferre</span> <span class='ocrx_word' id='word_1_460' title='bbox 2663 2104 2921 2172; x_wconf 91' lang='lat' dir='ltr'>voluerit,</span> <span class='ocrx_word' id='word_1_461' title='bbox 2953 2122 3016 2158; x_wconf 92' lang='lat' dir='ltr'>ac</span> <span class='ocrx_word' id='word_1_462' title='bbox 3057 2106 3116 2158; x_wconf 91' lang='lat' dir='ltr'>in</span> <span class='ocrx_word' id='word_1_463' title='bbox 3156 2106 3331 2175; x_wconf 91' lang='lat' dir='ltr'>ipsius</span> <span class='ocrx_word' id='word_1_464' title='bbox 3378 2107 3549 2160; x_wconf 92' lang='lat' dir='ltr'>domo</span> 
     </span>
    </p>
   </div>
   <div class='ocr_carea' id='block_1_64' title="bbox 1921 2198 3553 2270">
    <p class='ocr_par' dir='ltr' id='par_1_64' title="bbox 1921 2198 3553 2270">
     <span class='ocr_line' id='line_1_64' title="bbox 1921 2198 3553 2270; baseline 0.001 -19"><span class='ocrx_word' id='word_1_465' title='bbox 1921 2198 2127 2252; x_wconf 83' lang='lat' dir='ltr'>vixisse</span> <span class='ocrx_word' id='word_1_466' title='bbox 2172 2199 2468 2253; x_wconf 91' lang='lat' dir='ltr'>videatur:</span> <span class='ocrx_word' id='word_1_467' title='bbox 2520 2220 2546 2247; x_wconf 85' lang='lat'>«</span> <span class='ocrx_word' id='word_1_468' title='bbox 2584 2200 2717 2253; x_wconf 86' lang='lat' dir='ltr'>Erat</span> <span class='ocrx_word' id='word_1_469' title='bbox 2749 2215 2879 2251; x_wconf 88' lang='lat' dir='ltr'>sane</span> <span class='ocrx_word' id='word_1_470' title='bbox 2924 2198 3003 2251; x_wconf 92' lang='lat' dir='ltr'>illi</span> <span class='ocrx_word' id='word_1_471' title='bbox 3045 2199 3113 2252; x_wconf 91' lang='lat' dir='ltr'>de</span> <span class='ocrx_word' id='word_1_472' title='bbox 3155 2200 3335 2265; x_wconf 90' lang='lat' dir='ltr'>nobis,</span> <span class='ocrx_word' id='word_1_473' title='bbox 3364 2200 3553 2270; x_wconf 91' lang='lat' dir='ltr'>inquit</span> 
     </span>
    </p>
   </div>
   <div class='ocr_carea' id='block_1_65' title="bbox 1921 2291 3547 2361">
    <p class='ocr_par' dir='ltr' id='par_1_65' title="bbox 1921 2291 3547 2361">
     <span class='ocr_line' id='line_1_65' title="bbox 1921 2291 3547 2361; baseline 0.001 -15"><span class='ocrx_word' id='word_1_474' title='bbox 1921 2292 2179 2359; x_wconf 87' lang='lat' dir='ltr'>Pontius,</span> <span class='ocrx_word' id='word_1_475' title='bbox 2227 2292 2665 2345; x_wconf 90' lang='lat' dir='ltr'>contubernium</span> <span class='ocrx_word' id='word_1_476' title='bbox 2703 2292 2806 2345; x_wconf 86' lang='lat' dir='ltr'>viri</span> <span class='ocrx_word' id='word_1_477' title='bbox 2828 2291 2970 2361; x_wconf 86' lang='lat' dir='ltr'>justi</span> <span class='ocrx_word' id='word_1_478' title='bbox 3000 2294 3056 2346; x_wconf 91' lang='lat' dir='ltr'>et</span> <span class='ocrx_word' id='word_1_479' title='bbox 3094 2292 3389 2346; x_wconf 88' lang='lat' dir='ltr'>laudabilis</span> <span class='ocrx_word' id='word_1_480' title='bbox 3426 2310 3547 2347; x_wconf 90' lang='lat' dir='ltr'>me-</span> 
     </span>
    </p>
   </div>
   <div class='ocr_carea' id='block_1_66' title="bbox 1922 2386 3550 2456">
    <p class='ocr_par' dir='ltr' id='par_1_66' title="bbox 1922 2386 3550 2456">
     <span class='ocr_line' id='line_1_66' title="bbox 1922 2386 3550 2456; baseline 0.001 -18"><span class='ocrx_word' id='word_1_481' title='bbox 1922 2386 2124 2440; x_wconf 78' lang='lat' dir='ltr'>moriae</span> <span class='ocrx_word' id='word_1_482' title='bbox 2155 2386 2389 2453; x_wconf 67' lang='lat' dir='ltr'>Caecilii,</span> <span class='ocrx_word' id='word_1_483' title='bbox 2416 2389 2471 2439; x_wconf 91' lang='lat' dir='ltr'>et</span> <span class='ocrx_word' id='word_1_484' title='bbox 2510 2388 2672 2438; x_wconf 55' lang='lat' dir='ltr'>astate</span> <span class='ocrx_word' id='word_1_485' title='bbox 2703 2390 2836 2439; x_wconf 90' lang='lat' dir='ltr'>tunc</span> <span class='ocrx_word' id='word_1_486' title='bbox 2864 2389 2921 2439; x_wconf 91' lang='lat' dir='ltr'>et</span> <span class='ocrx_word' id='word_1_487' title='bbox 2949 2386 3169 2439; x_wconf 90' lang='lat' dir='ltr'>honore</span> <span class='ocrx_word' id='word_1_488' title='bbox 3213 2386 3550 2456; x_wconf 84' lang='lat' dir='ltr'>presbyteri,</span> 
     </span>
    </p>
   </div>
   <div class='ocr_carea' id='block_1_67' title="bbox 1921 2479 3555 2551">
    <p class='ocr_par' dir='ltr' id='par_1_67' title="bbox 1921 2479 3555 2551">
     <span class='ocr_line' id='line_1_67' title="bbox 1921 2479 3555 2551; baseline 0.001 -20"><span class='ocrx_word' id='word_1_489' title='bbox 1921 2480 2019 2551; x_wconf 91' lang='lat' dir='ltr'>qui</span> <span class='ocrx_word' id='word_1_490' title='bbox 2076 2496 2207 2533; x_wconf 91' lang='lat' dir='ltr'>eum</span> <span class='ocrx_word' id='word_1_491' title='bbox 2238 2480 2307 2533; x_wconf 90' lang='lat' dir='ltr'>ad</span> <span class='ocrx_word' id='word_1_492' title='bbox 2356 2479 2709 2548; x_wconf 90' lang='lat' dir='ltr'>agnitionem</span> <span class='ocrx_word' id='word_1_493' title='bbox 2750 2496 2895 2533; x_wconf 64' lang='lat' dir='ltr'>verm</span> <span class='ocrx_word' id='word_1_494' title='bbox 2936 2479 3246 2532; x_wconf 87' lang='lat' dir='ltr'>Divinitatis</span> <span class='ocrx_word' id='word_1_495' title='bbox 3290 2497 3322 2533; x_wconf 91' lang='lat' dir='ltr'>a</span> <span class='ocrx_word' id='word_1_496' title='bbox 3368 2481 3555 2534; x_wconf 63' lang='lat' dir='ltr'>saeculi</span> 
     </span>
    </p>
   </div>
   <div class='ocr_carea' id='block_1_68' title="bbox 1924 2573 3555 2643">
    <p class='ocr_par' dir='ltr' id='par_1_68' title="bbox 1924 2573 3555 2643">
     <span class='ocr_line' id='line_1_68' title="bbox 1924 2573 3555 2643; baseline 0.001 -17"><span class='ocrx_word' id='word_1_497' title='bbox 1924 2589 2117 2627; x_wconf 89' lang='lat' dir='ltr'>errore</span> <span class='ocrx_word' id='word_1_498' title='bbox 2169 2576 2510 2627; x_wconf 75' lang='lat' dir='ltr'>correxerat,</span> <span class='ocrx_word' id='word_1_499' title='bbox 2554 2574 2711 2626; x_wconf 89' lang='lat' dir='ltr'>Hunc</span> <span class='ocrx_word' id='word_1_500' title='bbox 2762 2576 2877 2626; x_wconf 88' lang='lat' dir='ltr'>toto</span> <span class='ocrx_word' id='word_1_501' title='bbox 2918 2573 3138 2627; x_wconf 90' lang='lat' dir='ltr'>honore</span> <span class='ocrx_word' id='word_1_502' title='bbox 3180 2580 3351 2643; x_wconf 91' lang='lat' dir='ltr'>atque</span> <span class='ocrx_word' id='word_1_503' title='bbox 3397 2574 3555 2627; x_wconf 91' lang='lat' dir='ltr'>omni</span> 
     </span>
    </p>
   </div>
   <div class='ocr_carea' id='block_1_69' title="bbox 1925 2666 3553 2737">
    <p class='ocr_par' dir='ltr' id='par_1_69' title="bbox 1925 2666 3553 2737">
     <span class='ocr_line' id='line_1_69' title="bbox 1925 2666 3553 2737; baseline 0 -16"><span class='ocrx_word' id='word_1_504' title='bbox 1925 2667 2285 2721; x_wconf 88' lang='lat' dir='ltr'>observantia</span> <span class='ocrx_word' id='word_1_505' title='bbox 2337 2666 2633 2737; x_wconf 90' lang='lat' dir='ltr'>diligebat,</span> <span class='ocrx_word' id='word_1_506' title='bbox 2680 2666 3014 2737; x_wconf 86' lang='lat' dir='ltr'>obsequenti</span> <span class='ocrx_word' id='word_1_507' title='bbox 3061 2668 3416 2721; x_wconf 87' lang='lat' dir='ltr'>veneratione</span> <span class='ocrx_word' id='word_1_508' title='bbox 3462 2685 3553 2721; x_wconf 91' lang='lat' dir='ltr'>su-</span> 
     </span>
    </p>
   </div>
   <div class='ocr_carea' id='block_1_70' title="bbox 1922 2760 3551 2831">
    <p class='ocr_par' dir='ltr' id='par_1_70' title="bbox 1922 2760 3551 2831">
     <span class='ocr_line' id='line_1_70' title="bbox 1922 2760 3551 2831; baseline 0 -18"><span class='ocrx_word' id='word_1_509' title='bbox 1922 2760 2191 2831; x_wconf 89' lang='lat' dir='ltr'>spiciens,</span> <span class='ocrx_word' id='word_1_510' title='bbox 2220 2777 2333 2813; x_wconf 89' lang='lat' dir='ltr'>non</span> <span class='ocrx_word' id='word_1_511' title='bbox 2371 2761 2491 2829; x_wconf 87' lang='lat' dir='ltr'>jam</span> <span class='ocrx_word' id='word_1_512' title='bbox 2537 2764 2599 2813; x_wconf 91' lang='lat' dir='ltr'>ut</span> <span class='ocrx_word' id='word_1_513' title='bbox 2638 2760 2881 2814; x_wconf 87' lang='lat' dir='ltr'>amicum</span> <span class='ocrx_word' id='word_1_514' title='bbox 2924 2762 3134 2814; x_wconf 66' lang='lat' dir='ltr'>anima:</span> <span class='ocrx_word' id='word_1_515' title='bbox 3179 2762 3551 2831; x_wconf 75' lang='lat' dir='ltr'>coasqualem,</span> 
     </span>
    </p>
   </div>
   <div class='ocr_carea' id='block_1_71' title="bbox 1924 2854 3556 2925">
    <p class='ocr_par' dir='ltr' id='par_1_71' title="bbox 1924 2854 3556 2925">
     <span class='ocr_line' id='line_1_71' title="bbox 1924 2854 3556 2925; baseline 0.001 -18"><span class='ocrx_word' id='word_1_516' title='bbox 1924 2854 2026 2907; x_wconf 91' lang='lat' dir='ltr'>sed</span> <span class='ocrx_word' id='word_1_517' title='bbox 2074 2859 2343 2924; x_wconf 87' lang='lat' dir='ltr'>tanquam</span> <span class='ocrx_word' id='word_1_518' title='bbox 2391 2870 2547 2907; x_wconf 84' lang='lat' dir='ltr'>novae</span> <span class='ocrx_word' id='word_1_519' title='bbox 2602 2855 2728 2908; x_wconf 71' lang='lat' dir='ltr'>vitae</span> <span class='ocrx_word' id='word_1_520' title='bbox 2772 2861 3087 2925; x_wconf 84' lang='lat' dir='ltr'>parentem.</span> <span class='ocrx_word' id='word_1_521' title='bbox 3134 2855 3389 2925; x_wconf 88' lang='lat' dir='ltr'>Denique</span> <span class='ocrx_word' id='word_1_522' title='bbox 3442 2856 3556 2925; x_wconf 91' lang='lat' dir='ltr'>ille,</span> 
     </span>
    </p>
   </div>
   <div class='ocr_carea' id='block_1_72' title="bbox 1924 2946 3553 3017">
    <p class='ocr_par' dir='ltr' id='par_1_72' title="bbox 1924 2946 3553 3017">
     <span class='ocr_line' id='line_1_72' title="bbox 1924 2946 3553 3017; baseline 0 -16"><span class='ocrx_word' id='word_1_523' title='bbox 1924 2948 2222 3001; x_wconf 90' lang='lat' dir='ltr'>demulsus</span> <span class='ocrx_word' id='word_1_524' title='bbox 2263 2948 2385 3017; x_wconf 88' lang='lat' dir='ltr'>ejus</span> <span class='ocrx_word' id='word_1_525' title='bbox 2418 2946 2719 3017; x_wconf 90' lang='lat' dir='ltr'>obsequiis,</span> <span class='ocrx_word' id='word_1_526' title='bbox 2749 2948 2805 3001; x_wconf 91' lang='lat' dir='ltr'>in</span> <span class='ocrx_word' id='word_1_527' title='bbox 2843 2950 3063 3001; x_wconf 88' lang='lat' dir='ltr'>tantum</span> <span class='ocrx_word' id='word_1_528' title='bbox 3102 2947 3413 3001; x_wconf 90' lang='lat' dir='ltr'>dilectionis</span> <span class='ocrx_word' id='word_1_529' title='bbox 3445 2947 3553 3001; x_wconf 87' lang='lat' dir='ltr'>im-</span> 
     </span>
    </p>
   </div>
   <div class='ocr_carea' id='block_1_73' title="bbox 1926 3040 3552 3111">
    <p class='ocr_par' dir='ltr' id='par_1_73' title="bbox 1926 3040 3552 3111">
     <span class='ocr_line' id='line_1_73' title="bbox 1926 3040 3552 3111; baseline 0 -16"><span class='ocrx_word' id='word_1_530' title='bbox 1926 3057 2139 3095; x_wconf 62' lang='lat' dir='ltr'>mensa}</span> <span class='ocrx_word' id='word_1_531' title='bbox 2185 3041 2392 3095; x_wconf 88' lang='lat' dir='ltr'>merito</span> <span class='ocrx_word' id='word_1_532' title='bbox 2425 3046 2752 3111; x_wconf 89' lang='lat' dir='ltr'>provocatus</span> <span class='ocrx_word' id='word_1_533' title='bbox 2793 3045 2895 3107; x_wconf 90' lang='lat' dir='ltr'>est,</span> <span class='ocrx_word' id='word_1_534' title='bbox 2928 3045 2988 3094; x_wconf 92' lang='lat' dir='ltr'>ut</span> <span class='ocrx_word' id='word_1_535' title='bbox 3027 3040 3097 3093; x_wconf 92' lang='lat' dir='ltr'>de</span> <span class='ocrx_word' id='word_1_536' title='bbox 3140 3041 3343 3095; x_wconf 67' lang='lat' dir='ltr'>saeculo</span> <span class='ocrx_word' id='word_1_537' title='bbox 3387 3058 3552 3095; x_wconf 86' lang='lat' dir='ltr'>exce-</span> 
     </span>
    </p>
   </div>
   <div class='ocr_carea' id='block_1_74' title="bbox 1922 3134 3557 3205">
    <p class='ocr_par' dir='ltr' id='par_1_74' title="bbox 1922 3134 3557 3205">
     <span class='ocr_line' id='line_1_74' title="bbox 1922 3134 3557 3205; baseline 0.001 -18"><span class='ocrx_word' id='word_1_538' title='bbox 1922 3134 2065 3188; x_wconf 89' lang='lat' dir='ltr'>dens</span> <span class='ocrx_word' id='word_1_539' title='bbox 2123 3134 2485 3188; x_wconf 89' lang='lat' dir='ltr'>arcessitione</span> <span class='ocrx_word' id='word_1_540' title='bbox 2524 3134 2645 3204; x_wconf 89' lang='lat' dir='ltr'>jam</span> <span class='ocrx_word' id='word_1_541' title='bbox 2692 3134 2951 3205; x_wconf 84' lang='lat' dir='ltr'>proxima</span> <span class='ocrx_word' id='word_1_542' title='bbox 2999 3135 3427 3190; x_wconf 84' lang='lat' dir='ltr'>commendaret</span> <span class='ocrx_word' id='word_1_543' title='bbox 3475 3134 3557 3188; x_wconf 92' lang='lat' dir='ltr'>illi</span> 
     </span>
    </p>
   </div>
   <div class='ocr_carea' id='block_1_75' title="bbox 1923 3228 3555 3299">
    <p class='ocr_par' dir='ltr' id='par_1_75' title="bbox 1923 3228 3555 3299">
     <span class='ocr_line' id='line_1_75' title="bbox 1923 3228 3555 3299; baseline 0 -16"><span class='ocrx_word' id='word_1_544' title='bbox 1923 3229 2229 3299; x_wconf 86' lang='lat' dir='ltr'>conjugem</span> <span class='ocrx_word' id='word_1_545' title='bbox 2266 3245 2329 3282; x_wconf 89' lang='lat' dir='ltr'>ac</span> <span class='ocrx_word' id='word_1_546' title='bbox 2360 3228 2568 3283; x_wconf 90' lang='lat' dir='ltr'>liberos</span> <span class='ocrx_word' id='word_1_547' title='bbox 2593 3244 2745 3294; x_wconf 91' lang='lat' dir='ltr'>suos,</span> <span class='ocrx_word' id='word_1_548' title='bbox 2771 3235 2827 3282; x_wconf 88' lang='lat' dir='ltr'>et</span> <span class='ocrx_word' id='word_1_549' title='bbox 2854 3244 3025 3299; x_wconf 91' lang='lat' dir='ltr'>quem</span> <span class='ocrx_word' id='word_1_550' title='bbox 3052 3228 3263 3282; x_wconf 87' lang='lat' dir='ltr'>fecerat</span> <span class='ocrx_word' id='word_1_551' title='bbox 3290 3228 3360 3283; x_wconf 92' lang='lat' dir='ltr'>de</span> <span class='ocrx_word' id='word_1_552' title='bbox 3386 3232 3555 3284; x_wconf 65' lang='lat' dir='ltr'>secta:</span> 
     </span>
    </p>
   </div>
   <div class='ocr_carea' id='block_1_76' title="bbox 1921 3321 3555 3393">
    <p class='ocr_par' dir='ltr' id='par_1_76' title="bbox 1921 3321 3555 3393">
     <span class='ocr_line' id='line_1_76' title="bbox 1921 3321 3555 3393; baseline 0.001 -18"><span class='ocrx_word' id='word_1_553' title='bbox 1921 3322 2329 3377; x_wconf 91' lang='lat' dir='ltr'>communione</span> <span class='ocrx_word' id='word_1_554' title='bbox 2355 3321 2718 3393; x_wconf 86' lang='lat' dir='ltr'>participem,</span> <span class='ocrx_word' id='word_1_555' title='bbox 2747 3322 3115 3393; x_wconf 89' lang='lat' dir='ltr'>postmodum</span> <span class='ocrx_word' id='word_1_556' title='bbox 3136 3322 3349 3376; x_wconf 90' lang='lat' dir='ltr'>faceret</span> <span class='ocrx_word' id='word_1_557' title='bbox 3375 3322 3555 3392; x_wconf 87' lang='lat' dir='ltr'>pieta-</span> 
     </span>
    </p>
   </div>
   <div class='ocr_carea' id='block_1_77' title="bbox 1920 3415 3555 3486">
    <p class='ocr_par' dir='ltr' id='par_1_77' title="bbox 1920 3415 3555 3486">
     <span class='ocr_line' id='line_1_77' title="bbox 1920 3415 3555 3486; baseline 0.001 -17"><span class='ocrx_word' id='word_1_558' title='bbox 1920 3416 1993 3469; x_wconf 89' lang='lat' dir='ltr'>tis</span> <span class='ocrx_word' id='word_1_559' title='bbox 2024 3416 2330 3470; x_wconf 65' lang='lat' dir='ltr'>haaredem.</span> <span class='ocrx_word' id='word_1_560' title='bbox 2356 3436 2384 3464; x_wconf 84' lang='lat'>»</span> <span class='ocrx_word' id='word_1_561' title='bbox 2418 3418 2529 3471; x_wconf 90' lang='lat' dir='ltr'>Iloc</span> <span class='ocrx_word' id='word_1_562' title='bbox 2556 3415 3014 3485; x_wconf 84' lang='lat' dir='ltr'>contubernium,</span> <span class='ocrx_word' id='word_1_563' title='bbox 3042 3416 3189 3485; x_wconf 86' lang='lat' dir='ltr'>quod</span> <span class='ocrx_word' id='word_1_564' title='bbox 3211 3416 3555 3486; x_wconf 82' lang='lat' dir='ltr'>Cyprianum</span> 
     </span>
    </p>
   </div>
   <div class='ocr_carea' id='block_1_78' title="bbox 1923 3509 3557 3581">
    <p class='ocr_par' dir='ltr' id='par_1_78' title="bbox 1923 3509 3557 3581">
     <span class='ocr_line' id='line_1_78' title="bbox 1923 3509 3557 3581; baseline 0.001 -19"><span class='ocrx_word' id='word_1_565' title='bbox 1923 3510 1982 3562; x_wconf 92' lang='lat' dir='ltr'>in</span> <span class='ocrx_word' id='word_1_566' title='bbox 2036 3509 2243 3565; x_wconf 56' lang='lat' dir='ltr'>Caecilii</span> <span class='ocrx_word' id='word_1_567' title='bbox 2297 3510 2467 3563; x_wconf 92' lang='lat' dir='ltr'>domo</span> <span class='ocrx_word' id='word_1_568' title='bbox 2529 3509 2738 3563; x_wconf 85' lang='lat' dir='ltr'>indicat</span> <span class='ocrx_word' id='word_1_569' title='bbox 2778 3510 3004 3576; x_wconf 85' lang='lat' dir='ltr'>vixisse,</span> <span class='ocrx_word' id='word_1_570' title='bbox 3050 3510 3240 3563; x_wconf 89' lang='lat' dir='ltr'>minus</span> <span class='ocrx_word' id='word_1_571' title='bbox 3295 3510 3557 3581; x_wconf 86' lang='lat' dir='ltr'>congruit</span> 
     </span>
    </p>
   </div>
   <div class='ocr_carea' id='block_1_79' title="bbox 1922 3603 3552 3675">
    <p class='ocr_par' dir='ltr' id='par_1_79' title="bbox 1922 3603 3552 3675">
     <span class='ocr_line' id='line_1_79' title="bbox 1922 3603 3552 3675; baseline 0.001 -18"><span class='ocrx_word' id='word_1_572' title='bbox 1922 3619 2050 3657; x_wconf 90' lang='lat' dir='ltr'>cum</span> <span class='ocrx_word' id='word_1_573' title='bbox 2080 3604 2383 3657; x_wconf 90' lang='lat' dir='ltr'>hominum</span> <span class='ocrx_word' id='word_1_574' title='bbox 2424 3603 2776 3657; x_wconf 88' lang='lat' dir='ltr'>eruditorum</span> <span class='ocrx_word' id='word_1_575' title='bbox 2805 3604 3165 3673; x_wconf 88' lang='lat' dir='ltr'>conjecturis,</span> <span class='ocrx_word' id='word_1_576' title='bbox 3187 3604 3283 3674; x_wconf 92' lang='lat' dir='ltr'>qui</span> <span class='ocrx_word' id='word_1_577' title='bbox 3321 3604 3552 3675; x_wconf 88' lang='lat' dir='ltr'>Cypria-</span> 
     </span>
    </p>
   </div>
   <div class='ocr_carea' id='block_1_80' title="bbox 1923 3697 3556 3752">
    <p class='ocr_par' dir='ltr' id='par_1_80' title="bbox 1923 3697 3556 3752">
     <span class='ocr_line' id='line_1_80' title="bbox 1923 3697 3556 3752; baseline 0.001 -2"><span class='ocrx_word' id='word_1_578' title='bbox 1923 3713 2061 3751; x_wconf 90' lang='lat' dir='ltr'>num</span> <span class='ocrx_word' id='word_1_579' title='bbox 2093 3714 2327 3751; x_wconf 84' lang='lat' dir='ltr'>uxorem</span> <span class='ocrx_word' id='word_1_580' title='bbox 2359 3713 2422 3751; x_wconf 89' lang='lat' dir='ltr'>ac</span> <span class='ocrx_word' id='word_1_581' title='bbox 2450 3697 2592 3750; x_wconf 90' lang='lat' dir='ltr'>forte</span> <span class='ocrx_word' id='word_1_582' title='bbox 2627 3697 2795 3750; x_wconf 88' lang='lat' dir='ltr'>etiam</span> <span class='ocrx_word' id='word_1_583' title='bbox 2826 3697 3033 3751; x_wconf 90' lang='lat' dir='ltr'>liberos</span> <span class='ocrx_word' id='word_1_584' title='bbox 3062 3697 3320 3752; x_wconf 89' lang='lat' dir='ltr'>habuisse</span> <span class='ocrx_word' id='word_1_585' title='bbox 3358 3698 3556 3751; x_wconf 91' lang='lat' dir='ltr'>volunt</span> 
     </span>
    </p>
   </div>
   <div class='ocr_carea' id='block_1_81' title="bbox 1922 3790 3554 3862">
    <p class='ocr_par' dir='ltr' id='par_1_81' title="bbox 1922 3790 3554 3862">
     <span class='ocr_line' id='line_1_81' title="bbox 1922 3790 3554 3862; baseline 0.001 -18"><span class='ocrx_word' id='word_1_586' title='bbox 1922 3807 2051 3844; x_wconf 91' lang='lat' dir='ltr'>cum</span> <span class='ocrx_word' id='word_1_587' title='bbox 2084 3791 2418 3860; x_wconf 89' lang='lat' dir='ltr'>religionem</span> <span class='ocrx_word' id='word_1_588' title='bbox 2444 3790 2806 3844; x_wconf 82' lang='lat' dir='ltr'>christianum</span> <span class='ocrx_word' id='word_1_589' title='bbox 2834 3792 3131 3861; x_wconf 83' lang='lat' dir='ltr'>amplexus</span> <span class='ocrx_word' id='word_1_590' title='bbox 3161 3796 3265 3860; x_wconf 90' lang='lat' dir='ltr'>est,</span> <span class='ocrx_word' id='word_1_591' title='bbox 3294 3792 3554 3862; x_wconf 85' lang='lat' dir='ltr'>quamvis</span> 
     </span>
    </p>
   </div>
   <div class='ocr_carea' id='block_1_82' title="bbox 1923 3884 3555 3955">
    <p class='ocr_par' dir='ltr' id='par_1_82' title="bbox 1923 3884 3555 3955">
     <span class='ocr_line' id='line_1_82' title="bbox 1923 3884 3555 3955; baseline 0.001 -18"><span class='ocrx_word' id='word_1_592' title='bbox 1923 3884 2142 3938; x_wconf 90' lang='lat' dir='ltr'>nullum</span> <span class='ocrx_word' id='word_1_593' title='bbox 2190 3900 2421 3954; x_wconf 90' lang='lat' dir='ltr'>prorsus</span> <span class='ocrx_word' id='word_1_594' title='bbox 2462 3884 2630 3954; x_wconf 85' lang='lat' dir='ltr'>hujus</span> <span class='ocrx_word' id='word_1_595' title='bbox 2678 3884 2759 3937; x_wconf 88' lang='lat' dir='ltr'>rei</span> <span class='ocrx_word' id='word_1_596' title='bbox 2817 3884 3141 3954; x_wconf 89' lang='lat' dir='ltr'>vestigium,</span> <span class='ocrx_word' id='word_1_597' title='bbox 3183 3901 3287 3939; x_wconf 90' lang='lat' dir='ltr'>nec</span> <span class='ocrx_word' id='word_1_598' title='bbox 3328 3886 3387 3938; x_wconf 90' lang='lat' dir='ltr'>in</span> <span class='ocrx_word' id='word_1_599' title='bbox 3432 3885 3555 3955; x_wconf 82' lang='lat' dir='ltr'>ejus</span> 
     </span>
    </p>
   </div>
   <div class='ocr_carea' id='block_1_83' title="bbox 1923 3978 3554 4049">
    <p class='ocr_par' dir='ltr' id='par_1_83' title="bbox 1923 3978 3554 4049">
     <span class='ocr_line' id='line_1_83' title="bbox 1923 3978 3554 4049; baseline 0.001 -18"><span class='ocrx_word' id='word_1_600' title='bbox 1923 3978 2146 4048; x_wconf 88' lang='lat' dir='ltr'>scriptis</span> <span class='ocrx_word' id='word_1_601' title='bbox 2195 3994 2299 4031; x_wconf 92' lang='lat' dir='ltr'>nec</span> <span class='ocrx_word' id='word_1_602' title='bbox 2345 3979 2401 4031; x_wconf 93' lang='lat' dir='ltr'>in</span> <span class='ocrx_word' id='word_1_603' title='bbox 2450 3978 2599 4031; x_wconf 91' lang='lat' dir='ltr'>illius</span> <span class='ocrx_word' id='word_1_604' title='bbox 2648 3978 2767 4032; x_wconf 88' lang='lat' dir='ltr'>Vita</span> <span class='ocrx_word' id='word_1_605' title='bbox 2813 3994 2985 4049; x_wconf 88' lang='lat' dir='ltr'>quam</span> <span class='ocrx_word' id='word_1_606' title='bbox 3039 3980 3258 4049; x_wconf 89' lang='lat' dir='ltr'>scripsit</span> <span class='ocrx_word' id='word_1_607' title='bbox 3304 3979 3554 4048; x_wconf 84' lang='lat' dir='ltr'>Pontius,</span> 
     </span>
    </p>
   </div>
   <div class='ocr_carea' id='block_1_84' title="bbox 1924 4072 2411 4142">
    <p class='ocr_par' dir='ltr' id='par_1_84' title="bbox 1924 4072 2411 4142">
     <span class='ocr_line' id='line_1_84' title="bbox 1924 4072 2411 4142; baseline 0 -17"><span class='ocrx_word' id='word_1_608' title='bbox 1924 4072 2411 4142; x_wconf 85' lang='lat' dir='ltr'>deprehendatur.</span> 
     </span>
    </p>
   </div>
   <div class='ocr_carea' id='block_1_85' title="bbox 1997 4164 3553 4235">
    <p class='ocr_par' dir='ltr' id='par_1_85' title="bbox 1997 4164 3553 4235">
     <span class='ocr_line' id='line_1_85' title="bbox 1997 4164 3553 4235; baseline 0.004 -20"><span class='ocrx_word' id='word_1_609' title='bbox 1997 4165 2142 4218; x_wconf 87' lang='lat' dir='ltr'>Varii</span> <span class='ocrx_word' id='word_1_610' title='bbox 2201 4166 2612 4235; x_wconf 89' lang='lat' dir='ltr'>cogitationum</span> <span class='ocrx_word' id='word_1_611' title='bbox 2667 4171 2834 4219; x_wconf 70' lang='lat' dir='ltr'>aestus</span> <span class='ocrx_word' id='word_1_612' title='bbox 2900 4164 3162 4235; x_wconf 85' lang='lat' dir='ltr'>Cypriani</span> <span class='ocrx_word' id='word_1_613' title='bbox 3222 4167 3553 4221; x_wconf 88' lang='lat' dir='ltr'>alternantis</span> 
     </span>
    </p>
   </div>
   <div class='ocr_carea' id='block_1_86' title="bbox 1923 4259 3552 4331">
    <p class='ocr_par' dir='ltr' id='par_1_86' title="bbox 1923 4259 3552 4331">
     <span class='ocr_line' id='line_1_86' title="bbox 1923 4259 3552 4331; baseline 0.002 -19"><span class='ocrx_word' id='word_1_614' title='bbox 1923 4261 2352 4313; x_wconf 87' lang='lat' dir='ltr'>conversionem</span> <span class='ocrx_word' id='word_1_615' title='bbox 2392 4259 2669 4313; x_wconf 89' lang='lat' dir='ltr'>demorati</span> <span class='ocrx_word' id='word_1_616' title='bbox 2698 4263 2868 4327; x_wconf 86' lang='lat' dir='ltr'>sunt;</span> <span class='ocrx_word' id='word_1_617' title='bbox 2903 4259 3001 4313; x_wconf 88' lang='lat' dir='ltr'>sed</span> <span class='ocrx_word' id='word_1_618' title='bbox 3040 4259 3228 4313; x_wconf 88' lang='lat' dir='ltr'>statim</span> <span class='ocrx_word' id='word_1_619' title='bbox 3260 4266 3429 4331; x_wconf 88' lang='lat' dir='ltr'>atque</span> <span class='ocrx_word' id='word_1_620' title='bbox 3455 4278 3552 4315; x_wconf 90' lang='lat' dir='ltr'>ve-</span> 
     </span>
    </p>
   </div>
   <div class='ocr_carea' id='block_1_87' title="bbox 1923 4352 3551 4423">
    <p class='ocr_par' dir='ltr' id='par_1_87' title="bbox 1923 4352 3551 4423">
     <span class='ocr_line' id='line_1_87' title="bbox 1923 4352 3551 4423; baseline 0.002 -17"><span class='ocrx_word' id='word_1_621' title='bbox 1923 4354 2075 4407; x_wconf 90' lang='lat' dir='ltr'>ritati</span> <span class='ocrx_word' id='word_1_622' title='bbox 2122 4354 2189 4407; x_wconf 89' lang='lat' dir='ltr'>ad</span> <span class='ocrx_word' id='word_1_623' title='bbox 2242 4355 2431 4407; x_wconf 90' lang='lat' dir='ltr'>oculos</span> <span class='ocrx_word' id='word_1_624' title='bbox 2484 4352 2783 4423; x_wconf 80' lang='lat' dir='ltr'>affulgenti</span> <span class='ocrx_word' id='word_1_625' title='bbox 2823 4353 3011 4419; x_wconf 88' lang='lat' dir='ltr'>cessit,</span> <span class='ocrx_word' id='word_1_626' title='bbox 3052 4359 3228 4407; x_wconf 89' lang='lat' dir='ltr'>totam</span> <span class='ocrx_word' id='word_1_627' title='bbox 3270 4371 3327 4408; x_wconf 91' lang='lat' dir='ltr'>se</span> <span class='ocrx_word' id='word_1_628' title='bbox 3376 4355 3434 4409; x_wconf 90' lang='lat' dir='ltr'>in</span> <span class='ocrx_word' id='word_1_629' title='bbox 3483 4371 3551 4409; x_wconf 91' lang='lat' dir='ltr'>eo</span> 
     </span>
    </p>
   </div>
   <div class='ocr_carea' id='block_1_88' title="bbox 1923 4447 3553 4518">
    <p class='ocr_par' dir='ltr' id='par_1_88' title="bbox 1923 4447 3553 4518">
     <span class='ocr_line' id='line_1_88' title="bbox 1923 4447 3553 4518; baseline 0.002 -18"><span class='ocrx_word' id='word_1_630' title='bbox 1923 4447 2177 4517; x_wconf 84' lang='lat' dir='ltr'>profudit</span> <span class='ocrx_word' id='word_1_631' title='bbox 2223 4447 2417 4518; x_wconf 88' lang='lat' dir='ltr'>pietas,</span> <span class='ocrx_word' id='word_1_632' title='bbox 2463 4463 2525 4501; x_wconf 90' lang='lat' dir='ltr'>ac</span> <span class='ocrx_word' id='word_1_633' title='bbox 2572 4447 2992 4517; x_wconf 89' lang='lat' dir='ltr'>Seripturarum</span> <span class='ocrx_word' id='word_1_634' title='bbox 3040 4449 3283 4501; x_wconf 89' lang='lat' dir='ltr'>oraculis</span> <span class='ocrx_word' id='word_1_635' title='bbox 3329 4451 3553 4504; x_wconf 83' lang='lat' dir='ltr'>exculta</span> 
     </span>
    </p>
   </div>
   <div class='ocr_carea' id='block_1_89' title="bbox 199 4524 3553 4616">
    <p class='ocr_par' dir='ltr' id='par_1_89' title="bbox 199 4524 3553 4616">
     <span class='ocr_line' id='line_1_89' title="bbox 199 4524 3553 4616; baseline -0 -18"><span class='ocrx_word' id='word_1_636' title='bbox 199 4530 437 4582; x_wconf 51' lang='lat' dir='ltr'>“amenti</span> <span class='ocrx_word' id='word_1_637' title='bbox 482 4534 543 4582; x_wconf 65' lang='lat' dir='ltr'>et</span> <span class='ocrx_word' id='word_1_638' title='bbox 587 4528 835 4598; x_wconf 63' lang='grc' dir='ltr'>Ρνδέδίάίί</span> <span class='ocrx_word' id='word_1_639' title='bbox 877 4526 1249 4581; x_wconf 52' lang='lat' dir='ltr'>convenio“</span> <span class='ocrx_word' id='word_1_640' title='bbox 1292 4526 1431 4579; x_wconf 65' lang='grc' dir='ltr'>ίδηίί</span> <span class='ocrx_word' id='word_1_641' title='bbox 1468 4524 1719 4595; x_wconf 66' lang='lat' dir='ltr'>ingenii;</span> <span class='ocrx_word' id='word_1_642' title='bbox 1754 4541 1897 4616; x_wconf 76' lang='lat' dir='ltr'>ac1)</span> <span class='ocrx_word' id='word_1_643' title='bbox 1924 4547 2171 4594; x_wconf 89' lang='lat' dir='ltr'>maturos</span> <span class='ocrx_word' id='word_1_644' title='bbox 2203 4541 2419 4593; x_wconf 90' lang='lat' dir='ltr'>fructus</span> <span class='ocrx_word' id='word_1_645' title='bbox 2461 4540 2517 4593; x_wconf 91' lang='lat' dir='ltr'>in</span> <span class='ocrx_word' id='word_1_646' title='bbox 2547 4541 2669 4610; x_wconf 91' lang='lat' dir='ltr'>ipso</span> <span class='ocrx_word' id='word_1_647' title='bbox 2712 4541 3025 4610; x_wconf 90' lang='lat' dir='ltr'>primordio</span> <span class='ocrx_word' id='word_1_648' title='bbox 3076 4542 3296 4595; x_wconf 82' lang='lat' dir='ltr'>extulit.</span> <span class='ocrx_word' id='word_1_649' title='bbox 3330 4564 3357 4589; x_wconf 89' lang='grc'><strong><em>‹‹</em></strong></span> <span class='ocrx_word' id='word_1_650' title='bbox 3400 4545 3553 4597; x_wconf 88' lang='lat' dir='ltr'>Inter</span> 
     </span>
    </p>
   </div>
   <div class='ocr_carea' id='block_1_90' title="bbox 196 4619 1816 4690">
    <p class='ocr_par' dir='ltr' id='par_1_90' title="bbox 196 4619 1816 4690">
     <span class='ocr_line' id='line_1_90' title="bbox 196 4619 1816 4690; baseline -0.001 -17"><span class='ocrx_word' id='word_1_651' title='bbox 196 4627 302 4675; x_wconf 87' lang='lat' dir='ltr'>tum</span> <span class='ocrx_word' id='word_1_652' title='bbox 324 4623 579 4676; x_wconf 79' lang='lat' dir='ltr'>maxime</span> <span class='ocrx_word' id='word_1_653' title='bbox 600 4622 801 4675; x_wconf 87' lang='lat' dir='ltr'>veritas</span> <span class='ocrx_word' id='word_1_654' title='bbox 818 4620 1175 4690; x_wconf 86' lang='lat' dir='ltr'>triumphare</span> <span class='ocrx_word' id='word_1_655' title='bbox 1193 4619 1307 4673; x_wconf 87' lang='lat' dir='ltr'>visa</span> <span class='ocrx_word' id='word_1_656' title='bbox 1324 4623 1407 4673; x_wconf 89' lang='lat' dir='ltr'>est</span> <span class='ocrx_word' id='word_1_657' title='bbox 1422 4634 1549 4673; x_wconf 89' lang='lat' dir='ltr'>cum</span> <span class='ocrx_word' id='word_1_658' title='bbox 1571 4619 1816 4672; x_wconf 82' lang='lat' dir='ltr'>celeber-</span> 
     </span>
    </p>
   </div>
   <div class='ocr_carea' id='block_1_91' title="bbox 198 4712 1812 4788">
    <p class='ocr_par' dir='ltr' id='par_1_91' title="bbox 198 4712 1812 4788">
     <span class='ocr_line' id='line_1_91' title="bbox 198 4712 1812 4788; baseline -0.001 -22"><span class='ocrx_word' id='word_1_659' title='bbox 198 4715 394 4770; x_wconf 88' lang='lat' dir='ltr'>rimum</span> <span class='ocrx_word' id='word_1_660' title='bbox 423 4714 556 4788; x_wconf 83' lang='lat'><strong>78</strong></span> <span class='ocrx_word' id='word_1_661' title='bbox 585 4713 863 4769; x_wconf 88' lang='lat' dir='ltr'>mendacii</span> <span class='ocrx_word' id='word_1_662' title='bbox 882 4714 1166 4768; x_wconf 89' lang='lat' dir='ltr'>doctorem</span> <span class='ocrx_word' id='word_1_663' title='bbox 1188 4729 1252 4767; x_wconf 90' lang='lat' dir='ltr'>ac</span> <span class='ocrx_word' id='word_1_664' title='bbox 1270 4712 1624 4767; x_wconf 89' lang='lat' dir='ltr'>defensorem</span> <span class='ocrx_word' id='word_1_665' title='bbox 1648 4713 1812 4783; x_wconf 89' lang='lat' dir='ltr'>cepit.</span> 
     </span>
    </p>
   </div>
   <div class='ocr_carea' id='block_1_92' title="bbox 198 4806 1815 4879">
    <p class='ocr_par' dir='ltr' id='par_1_92' title="bbox 198 4806 1815 4879">
     <span class='ocr_line' id='line_1_92' title="bbox 198 4806 1815 4879; baseline -0.002 -18"><span class='ocrx_word' id='word_1_666' title='bbox 198 4807 305 4863; x_wconf 76' lang='lat' dir='ltr'>Non</span> <span class='ocrx_word' id='word_1_667' title='bbox 335 4816 537 4864; x_wconf 82' lang='lat' dir='ltr'>tamen</span> <span class='ocrx_word' id='word_1_668' title='bbox 570 4810 755 4879; x_wconf 89' lang='lat' dir='ltr'>prima</span> <span class='ocrx_word' id='word_1_669' title='bbox 778 4808 1145 4879; x_wconf 87' lang='lat' dir='ltr'>aggressione</span> <span class='ocrx_word' id='word_1_670' title='bbox 1167 4807 1344 4860; x_wconf 89' lang='lat' dir='ltr'>victus</span> <span class='ocrx_word' id='word_1_671' title='bbox 1374 4810 1460 4859; x_wconf 91' lang='lat' dir='ltr'>est</span> <span class='ocrx_word' id='word_1_672' title='bbox 1480 4806 1815 4876; x_wconf 89' lang='lat' dir='ltr'>Cyprianus,</span> 
     </span>
    </p>
   </div>
   <div class='ocr_carea' id='block_1_93' title="bbox 197 4901 1818 4974">
    <p class='ocr_par' dir='ltr' id='par_1_93' title="bbox 197 4901 1818 4974">
     <span class='ocr_line' id='line_1_93' title="bbox 197 4901 1818 4974; baseline 0 -19"><span class='ocrx_word' id='word_1_673' title='bbox 197 4904 307 4969; x_wconf 84' lang='lat' dir='ltr'>sed,</span> <span class='ocrx_word' id='word_1_674' title='bbox 352 4904 512 4974; x_wconf 88' lang='lat' dir='ltr'>quod</span> <span class='ocrx_word' id='word_1_675' title='bbox 561 4904 617 4956; x_wconf 93' lang='lat' dir='ltr'>in</span> <span class='ocrx_word' id='word_1_676' title='bbox 662 4903 895 4956; x_wconf 91' lang='lat' dir='ltr'>homine</span> <span class='ocrx_word' id='word_1_677' title='bbox 953 4902 1207 4955; x_wconf 90' lang='lat' dir='ltr'>inanium</span> <span class='ocrx_word' id='word_1_678' title='bbox 1259 4917 1447 4955; x_wconf 88' lang='lat' dir='ltr'>rerum</span> <span class='ocrx_word' id='word_1_679' title='bbox 1496 4901 1818 4971; x_wconf 87' lang='lat' dir='ltr'>cognitione</span> 
     </span>
    </p>
   </div>
   <div class='ocr_carea' id='block_1_94' title="bbox 195 4995 1821 5061">
    <p class='ocr_par' dir='ltr' id='par_1_94' title="bbox 195 4995 1821 5061">
     <span class='ocr_line' id='line_1_94' title="bbox 195 4995 1821 5061; baseline -0.001 -13"><span class='ocrx_word' id='word_1_680' title='bbox 195 4996 383 5052; x_wconf 82' lang='lat' dir='ltr'>inflato</span> <span class='ocrx_word' id='word_1_681' title='bbox 414 5014 537 5051; x_wconf 90' lang='lat' dir='ltr'>non</span> <span class='ocrx_word' id='word_1_682' title='bbox 568 4998 724 5050; x_wconf 89' lang='lat' dir='ltr'>valde</span> <span class='ocrx_word' id='word_1_683' title='bbox 752 4996 963 5049; x_wconf 89' lang='lat' dir='ltr'>mirum</span> <span class='ocrx_word' id='word_1_684' title='bbox 998 5002 1099 5061; x_wconf 91' lang='lat' dir='ltr'>est,</span> <span class='ocrx_word' id='word_1_685' title='bbox 1133 4995 1228 5048; x_wconf 91' lang='lat' dir='ltr'>diu</span> <span class='ocrx_word' id='word_1_686' title='bbox 1268 4996 1560 5049; x_wconf 87' lang='lat' dir='ltr'>veritatem</span> <span class='ocrx_word' id='word_1_687' title='bbox 1590 4995 1737 5048; x_wconf 90' lang='lat' dir='ltr'>inter</span> <span class='ocrx_word' id='word_1_688' title='bbox 1763 4997 1821 5048; x_wconf 93' lang='lat' dir='ltr'>et</span> 
     </span>
    </p>
   </div>
   <div class='ocr_carea' id='block_1_95' title="bbox 195 5088 1816 5160">
    <p class='ocr_par' dir='ltr' id='par_1_95' title="bbox 195 5088 1816 5160">
     <span class='ocr_line' id='line_1_95' title="bbox 195 5088 1816 5160; baseline -0.001 -17"><span class='ocrx_word' id='word_1_689' title='bbox 195 5108 430 5145; x_wconf 79' lang='lat' dir='ltr'>errorem</span> <span class='ocrx_word' id='word_1_690' title='bbox 462 5090 696 5160; x_wconf 88' lang='lat' dir='ltr'>ancipiti</span> <span class='ocrx_word' id='word_1_691' title='bbox 720 5091 998 5145; x_wconf 89' lang='lat' dir='ltr'>sententia</span> <span class='ocrx_word' id='word_1_692' title='bbox 1027 5089 1334 5143; x_wconf 87' lang='lat' dir='ltr'>ﬂuctuavit.</span> <span class='ocrx_word' id='word_1_693' title='bbox 1357 5090 1512 5152; x_wconf 88' lang='lat' dir='ltr'>Quod</span> <span class='ocrx_word' id='word_1_694' title='bbox 1535 5089 1690 5142; x_wconf 90' lang='lat' dir='ltr'>enim</span> <span class='ocrx_word' id='word_1_695' title='bbox 1713 5088 1816 5142; x_wconf 89' lang='lat' dir='ltr'>do-</span> 
     </span>
    </p>
   </div>
   <div class='ocr_carea' id='block_1_96' title="bbox 196 5183 1817 5255">
    <p class='ocr_par' dir='ltr' id='par_1_96' title="bbox 196 5183 1817 5255">
     <span class='ocr_line' id='line_1_96' title="bbox 196 5183 1817 5255; baseline 0.001 -20"><span class='ocrx_word' id='word_1_696' title='bbox 196 5189 273 5237; x_wconf 84' lang='lat' dir='ltr'>cet</span> <span class='ocrx_word' id='word_1_697' title='bbox 291 5186 610 5239; x_wconf 88' lang='lat' dir='ltr'>christiana</span> <span class='ocrx_word' id='word_1_698' title='bbox 634 5185 833 5255; x_wconf 88' lang='lat' dir='ltr'>religio</span> <span class='ocrx_word' id='word_1_699' title='bbox 857 5185 925 5238; x_wconf 91' lang='lat' dir='ltr'>de</span> <span class='ocrx_word' id='word_1_700' title='bbox 948 5200 1091 5238; x_wconf 90' lang='lat' dir='ltr'>nova</span> <span class='ocrx_word' id='word_1_701' title='bbox 1114 5183 1170 5236; x_wconf 90' lang='lat' dir='ltr'>in</span> <span class='ocrx_word' id='word_1_702' title='bbox 1194 5184 1411 5238; x_wconf 88' lang='lat' dir='ltr'>Christo</span> <span class='ocrx_word' id='word_1_703' title='bbox 1434 5184 1740 5251; x_wconf 88' lang='lat' dir='ltr'>creatione,</span> <span class='ocrx_word' id='word_1_704' title='bbox 1764 5183 1817 5237; x_wconf 90' lang='lat' dir='ltr'>id</span> 
     </span>
    </p>
   </div>
   <div class='ocr_carea' id='block_1_97' title="bbox 197 5277 1822 5348">
    <p class='ocr_par' dir='ltr' id='par_1_97' title="bbox 197 5277 1822 5348">
     <span class='ocr_line' id='line_1_97' title="bbox 197 5277 1822 5348; baseline 0.001 -19"><span class='ocrx_word' id='word_1_705' title='bbox 197 5280 387 5333; x_wconf 80' lang='lat' dir='ltr'>somnii</span> <span class='ocrx_word' id='word_1_706' title='bbox 418 5281 606 5333; x_wconf 90' lang='lat' dir='ltr'>instar</span> <span class='ocrx_word' id='word_1_707' title='bbox 634 5278 940 5333; x_wconf 87' lang='lat' dir='ltr'>domestico</span> <span class='ocrx_word' id='word_1_708' title='bbox 965 5280 1305 5348; x_wconf 89' lang='lat' dir='ltr'>argumento</span> <span class='ocrx_word' id='word_1_709' title='bbox 1338 5277 1653 5344; x_wconf 82' lang='lat' dir='ltr'>refellebat,</span> <span class='ocrx_word' id='word_1_710' title='bbox 1685 5278 1822 5331; x_wconf 88' lang='lat' dir='ltr'>vitia</span> 
     </span>
    </p>
   </div>
   <div class='ocr_carea' id='block_1_98' title="bbox 198 5372 1819 5442">
    <p class='ocr_par' dir='ltr' id='par_1_98' title="bbox 198 5372 1819 5442">
     <span class='ocr_line' id='line_1_98' title="bbox 198 5372 1819 5442; baseline 0.001 -18"><span class='ocrx_word' id='word_1_711' title='bbox 198 5389 284 5427; x_wconf 74' lang='lat' dir='ltr'>sua</span> <span class='ocrx_word' id='word_1_712' title='bbox 315 5376 568 5428; x_wconf 87' lang='lat' dir='ltr'>necdum</span> <span class='ocrx_word' id='word_1_713' title='bbox 594 5374 789 5427; x_wconf 90' lang='lat' dir='ltr'>volens</span> <span class='ocrx_word' id='word_1_714' title='bbox 832 5373 1156 5438; x_wconf 90' lang='lat' dir='ltr'>emendare,</span> <span class='ocrx_word' id='word_1_715' title='bbox 1189 5388 1289 5426; x_wconf 91' lang='lat' dir='ltr'>nec</span> <span class='ocrx_word' id='word_1_716' title='bbox 1322 5372 1612 5427; x_wconf 89' lang='lat' dir='ltr'>emendari</span> <span class='ocrx_word' id='word_1_717' title='bbox 1658 5388 1819 5442; x_wconf 89' lang='lat' dir='ltr'>posse</span> 
     </span>
    </p>
   </div>
   <div class='ocr_carea' id='block_1_99' title="bbox 197 5466 1818 5536">
    <p class='ocr_par' dir='ltr' id='par_1_99' title="bbox 197 5466 1818 5536">
     <span class='ocr_line' id='line_1_99' title="bbox 197 5466 1818 5536; baseline 0.001 -19"><span class='ocrx_word' id='word_1_718' title='bbox 197 5468 550 5521; x_wconf 80' lang='lat' dir='ltr'>existimans.</span> <span class='ocrx_word' id='word_1_719' title='bbox 604 5468 754 5531; x_wconf 91' lang='lat' dir='ltr'>Quos</span> <span class='ocrx_word' id='word_1_720' title='bbox 797 5472 921 5521; x_wconf 90' lang='lat' dir='ltr'>tum</span> <span class='ocrx_word' id='word_1_721' title='bbox 970 5466 1149 5520; x_wconf 90' lang='lat' dir='ltr'>animi</span> <span class='ocrx_word' id='word_1_722' title='bbox 1202 5470 1372 5520; x_wconf 63' lang='lat' dir='ltr'>(estus</span> <span class='ocrx_word' id='word_1_723' title='bbox 1416 5472 1681 5536; x_wconf 84' lang='lat' dir='ltr'>expertus</span> <span class='ocrx_word' id='word_1_724' title='bbox 1728 5467 1818 5533; x_wconf 91' lang='lat' dir='ltr'>sit,</span> 
     </span>
    </p>
   </div>
   <div class='ocr_carea' id='block_1_100' title="bbox 202 5560 1818 5632">
    <p class='ocr_par' dir='ltr' id='par_1_100' title="bbox 202 5560 1818 5632">
     <span class='ocr_line' id='line_1_100' title="bbox 202 5560 1818 5632; baseline 0.004 -23"><span class='ocrx_word' id='word_1_725' title='bbox 202 5560 264 5611; x_wconf 76' lang='lat' dir='ltr'>sic</span> <span class='ocrx_word' id='word_1_726' title='bbox 304 5562 425 5632; x_wconf 84' lang='lat' dir='ltr'>ipse</span> <span class='ocrx_word' id='word_1_727' title='bbox 454 5562 514 5615; x_wconf 90' lang='lat' dir='ltr'>in</span> <span class='ocrx_word' id='word_1_728' title='bbox 564 5564 803 5631; x_wconf 80' lang='lat' dir='ltr'>Epistola</span> <span class='ocrx_word' id='word_1_729' title='bbox 848 5564 920 5615; x_wconf 83' lang='lat' dir='ltr'>ad</span> <span class='ocrx_word' id='word_1_730' title='bbox 950 5565 1219 5616; x_wconf 81' lang='lat' dir='ltr'>Donatum</span> <span class='ocrx_word' id='word_1_731' title='bbox 1270 5562 1569 5616; x_wconf 90' lang='lat' dir='ltr'>edisserit:</span> <span class='ocrx_word' id='word_1_732' title='bbox 1607 5582 1633 5610; x_wconf 90' lang='grc'>‹‹</span> <span class='ocrx_word' id='word_1_733' title='bbox 1680 5564 1818 5631; x_wconf 87' lang='lat' dir='ltr'>Ego,</span> 
     </span>
    </p>
   </div>
   <div class='ocr_carea' id='block_1_101' title="bbox 202 5654 1818 5726">
    <p class='ocr_par' dir='ltr' id='par_1_101' title="bbox 202 5654 1818 5726">
     <span class='ocr_line' id='line_1_101' title="bbox 202 5654 1818 5726; baseline 0.004 -23"><span class='ocrx_word' id='word_1_734' title='bbox 202 5654 390 5724; x_wconf 85' lang='lat' dir='ltr'>inquit,</span> <span class='ocrx_word' id='word_1_735' title='bbox 426 5671 559 5709; x_wconf 86' lang='lat' dir='ltr'>cum</span> <span class='ocrx_word' id='word_1_736' title='bbox 601 5656 658 5710; x_wconf 92' lang='lat' dir='ltr'>in</span> <span class='ocrx_word' id='word_1_737' title='bbox 688 5655 939 5710; x_wconf 89' lang='lat' dir='ltr'>tenebris</span> <span class='ocrx_word' id='word_1_738' title='bbox 984 5662 1153 5726; x_wconf 90' lang='lat' dir='ltr'>atque</span> <span class='ocrx_word' id='word_1_739' title='bbox 1185 5656 1242 5709; x_wconf 89' lang='lat' dir='ltr'>in</span> <span class='ocrx_word' id='word_1_740' title='bbox 1290 5662 1453 5710; x_wconf 91' lang='lat' dir='ltr'>nocte</span> <span class='ocrx_word' id='word_1_741' title='bbox 1484 5672 1629 5710; x_wconf 58' lang='lat' dir='ltr'>caeca</span> <span class='ocrx_word' id='word_1_742' title='bbox 1662 5656 1818 5725; x_wconf 81' lang='lat' dir='ltr'>jace-</span> 
     </span>
    </p>
   </div>
   <div class='ocr_carea' id='block_1_102' title="bbox 207 5750 1822 5820">
    <p class='ocr_par' dir='ltr' id='par_1_102' title="bbox 207 5750 1822 5820">
     <span class='ocr_line' id='line_1_102' title="bbox 207 5750 1822 5820; baseline 0.003 -21"><span class='ocrx_word' id='word_1_743' title='bbox 207 5761 329 5816; x_wconf 82' lang='lat' dir='ltr'>rem,</span> <span class='ocrx_word' id='word_1_744' title='bbox 367 5765 613 5820; x_wconf 86' lang='lat' dir='ltr'>cumque</span> <span class='ocrx_word' id='word_1_745' title='bbox 654 5751 711 5804; x_wconf 93' lang='lat' dir='ltr'>in</span> <span class='ocrx_word' id='word_1_746' title='bbox 758 5750 876 5803; x_wconf 90' lang='lat' dir='ltr'>salo</span> <span class='ocrx_word' id='word_1_747' title='bbox 914 5750 1177 5819; x_wconf 80' lang='lat' dir='ltr'>jactantis</span> <span class='ocrx_word' id='word_1_748' title='bbox 1221 5752 1409 5805; x_wconf 64' lang='lat' dir='ltr'>sicculi</span> <span class='ocrx_word' id='word_1_749' title='bbox 1456 5750 1822 5805; x_wconf 86' lang='lat' dir='ltr'>nutabundus</span> 
     </span>
    </p>
   </div>
   <div class='ocr_carea' id='block_1_103' title="bbox 206 5843 1822 5917">
    <p class='ocr_par' dir='ltr' id='par_1_103' title="bbox 206 5843 1822 5917">
     <span class='ocr_line' id='line_1_103' title="bbox 206 5843 1822 5917; baseline 0.006 -25"><span class='ocrx_word' id='word_1_750' title='bbox 206 5858 259 5894; x_wconf 77' lang='lat' dir='ltr'>ac</span> <span class='ocrx_word' id='word_1_751' title='bbox 303 5843 511 5898; x_wconf 86' lang='lat' dir='ltr'>dubius</span> <span class='ocrx_word' id='word_1_752' title='bbox 553 5844 802 5917; x_wconf 87' lang='lat' dir='ltr'>vestigiis</span> <span class='ocrx_word' id='word_1_753' title='bbox 851 5844 1246 5900; x_wconf 83' lang='lat' dir='ltr'>oberrantibus</span> <span class='ocrx_word' id='word_1_754' title='bbox 1294 5846 1648 5917; x_wconf 85' lang='lat' dir='ltr'>fluctuarem,</span> <span class='ocrx_word' id='word_1_755' title='bbox 1696 5847 1822 5901; x_wconf 71' lang='lat' dir='ltr'>vita:</span> 
     </span>
    </p>
   </div>
   <div class='ocr_carea' id='block_1_104' title="bbox 1920 4634 3550 4704">
    <p class='ocr_par' dir='ltr' id='par_1_104' title="bbox 1920 4634 3550 4704">
     <span class='ocr_line' id='line_1_104' title="bbox 1920 4634 3550 4704; baseline 0.002 -17"><span class='ocrx_word' id='word_1_756' title='bbox 1920 4634 2053 4687; x_wconf 83' lang='lat' dir='ltr'>fidei</span> <span class='ocrx_word' id='word_1_757' title='bbox 2082 4652 2196 4687; x_wconf 68' lang='lat' dir='ltr'>suae.</span> <span class='ocrx_word' id='word_1_758' title='bbox 2229 4634 2411 4704; x_wconf 87' lang='lat' dir='ltr'>prima</span> <span class='ocrx_word' id='word_1_759' title='bbox 2445 4634 2796 4701; x_wconf 88' lang='lat' dir='ltr'>rudimenta,</span> <span class='ocrx_word' id='word_1_760' title='bbox 2828 4636 2907 4687; x_wconf 90' lang='lat' dir='ltr'>ait</span> <span class='ocrx_word' id='word_1_761' title='bbox 2942 4635 3194 4700; x_wconf 89' lang='lat' dir='ltr'>Pontius,</span> <span class='ocrx_word' id='word_1_762' title='bbox 3226 4636 3365 4689; x_wconf 87' lang='lat' dir='ltr'>nihil</span> <span class='ocrx_word' id='word_1_763' title='bbox 3396 4636 3550 4690; x_wconf 89' lang='lat' dir='ltr'>aliud</span> 
     </span>
    </p>
   </div>
   <div class='ocr_carea' id='block_1_105' title="bbox 1920 4723 3547 4793">
    <p class='ocr_par' dir='ltr' id='par_1_105' title="bbox 1920 4723 3547 4793">
     <span class='ocr_line' id='line_1_105' title="bbox 1920 4723 3547 4793; baseline 0.001 -16"><span class='ocrx_word' id='word_1_764' title='bbox 1920 4723 2161 4777; x_wconf 90' lang='lat' dir='ltr'>credidit</span> <span class='ocrx_word' id='word_1_765' title='bbox 2189 4725 2304 4777; x_wconf 88' lang='lat' dir='ltr'>Deo</span> <span class='ocrx_word' id='word_1_766' title='bbox 2339 4723 2599 4793; x_wconf 90' lang='lat' dir='ltr'>dignum,</span> <span class='ocrx_word' id='word_1_767' title='bbox 2631 4740 2804 4793; x_wconf 87' lang='lat' dir='ltr'>quam</span> <span class='ocrx_word' id='word_1_768' title='bbox 2847 4724 2889 4776; x_wconf 91' lang='lat' dir='ltr'>si</span> <span class='ocrx_word' id='word_1_769' title='bbox 2921 4724 3325 4777; x_wconf 86' lang='lat' dir='ltr'>continentiam</span> <span class='ocrx_word' id='word_1_770' title='bbox 3356 4731 3547 4778; x_wconf 86' lang='lat' dir='ltr'>tuere-</span> 
     </span>
    </p>
   </div>
   <div class='ocr_carea' id='block_1_106' title="bbox 1920 4816 3548 4886">
    <p class='ocr_par' dir='ltr' id='par_1_106' title="bbox 1920 4816 3548 4886">
     <span class='ocr_line' id='line_1_106' title="bbox 1920 4816 3548 4886; baseline 0.002 -16"><span class='ocrx_word' id='word_1_771' title='bbox 1920 4821 2048 4884; x_wconf 85' lang='lat' dir='ltr'>tur;</span> <span class='ocrx_word' id='word_1_772' title='bbox 2082 4822 2213 4870; x_wconf 90' lang='lat' dir='ltr'>tunc</span> <span class='ocrx_word' id='word_1_773' title='bbox 2254 4816 2404 4870; x_wconf 90' lang='lat' dir='ltr'>enim</span> <span class='ocrx_word' id='word_1_774' title='bbox 2440 4833 2599 4886; x_wconf 89' lang='lat' dir='ltr'>posse</span> <span class='ocrx_word' id='word_1_775' title='bbox 2630 4817 2900 4870; x_wconf 90' lang='lat' dir='ltr'>idoneum</span> <span class='ocrx_word' id='word_1_776' title='bbox 2932 4816 3055 4869; x_wconf 76' lang='lat' dir='ltr'>fieri</span> <span class='ocrx_word' id='word_1_777' title='bbox 3101 4822 3295 4886; x_wconf 90' lang='lat' dir='ltr'>pectus</span> <span class='ocrx_word' id='word_1_778' title='bbox 3326 4823 3383 4872; x_wconf 85' lang='lat' dir='ltr'>et</span> <span class='ocrx_word' id='word_1_779' title='bbox 3421 4833 3548 4873; x_wconf 88' lang='lat' dir='ltr'>sen-</span> 
     </span>
    </p>
   </div>
   <div class='ocr_carea' id='block_1_107' title="bbox 1919 4907 3551 4982">
    <p class='ocr_par' dir='ltr' id='par_1_107' title="bbox 1919 4907 3551 4982">
     <span class='ocr_line' id='line_1_107' title="bbox 1919 4907 3551 4982; baseline 0.002 -19"><span class='ocrx_word' id='word_1_780' title='bbox 1919 4926 2045 4963; x_wconf 90' lang='lat' dir='ltr'>sum</span> <span class='ocrx_word' id='word_1_781' title='bbox 2105 4910 2175 4963; x_wconf 90' lang='lat' dir='ltr'>ad</span> <span class='ocrx_word' id='word_1_782' title='bbox 2240 4911 2471 4980; x_wconf 90' lang='lat' dir='ltr'>plenam</span> <span class='ocrx_word' id='word_1_783' title='bbox 2530 4907 2654 4980; x_wconf 83' lang='lat'><strong>79</strong></span> <span class='ocrx_word' id='word_1_784' title='bbox 2717 4910 2830 4963; x_wconf 88' lang='lat' dir='ltr'>veri</span> <span class='ocrx_word' id='word_1_785' title='bbox 2902 4910 3274 4979; x_wconf 88' lang='lat' dir='ltr'>capacitatem</span> <span class='ocrx_word' id='word_1_786' title='bbox 3352 4927 3551 4982; x_wconf 89' lang='lat' dir='ltr'>perve-</span> 
     </span>
    </p>
   </div>
   <div class='ocr_carea' id='block_1_108' title="bbox 1922 5000 3549 5072">
    <p class='ocr_par' dir='ltr' id='par_1_108' title="bbox 1922 5000 3549 5072">
     <span class='ocr_line' id='line_1_108' title="bbox 1922 5000 3549 5072; baseline 0.001 -18"><span class='ocrx_word' id='word_1_787' title='bbox 1922 5002 2065 5066; x_wconf 89' lang='lat' dir='ltr'>nire,</span> <span class='ocrx_word' id='word_1_788' title='bbox 2096 5001 2139 5053; x_wconf 89' lang='lat' dir='ltr'>si</span> <span class='ocrx_word' id='word_1_789' title='bbox 2188 5000 2699 5070; x_wconf 89' lang='lat' dir='ltr'>concupiscentiam</span> <span class='ocrx_word' id='word_1_790' title='bbox 2743 5001 2928 5054; x_wconf 90' lang='lat' dir='ltr'>carnis</span> <span class='ocrx_word' id='word_1_791' title='bbox 2974 5000 3204 5055; x_wconf 87' lang='lat' dir='ltr'>robusto</span> <span class='ocrx_word' id='word_1_792' title='bbox 3244 5004 3412 5072; x_wconf 88' lang='lat' dir='ltr'>atque</span> <span class='ocrx_word' id='word_1_793' title='bbox 3458 5002 3549 5056; x_wconf 93' lang='lat' dir='ltr'>in-</span> 
     </span>
    </p>
   </div>
   <div class='ocr_carea' id='block_1_109' title="bbox 1919 5094 3549 5166">
    <p class='ocr_par' dir='ltr' id='par_1_109' title="bbox 1919 5094 3549 5166">
     <span class='ocr_line' id='line_1_109' title="bbox 1919 5094 3549 5166; baseline 0.001 -18"><span class='ocrx_word' id='word_1_794' title='bbox 1919 5101 2083 5165; x_wconf 86' lang='lat' dir='ltr'>tegro</span> <span class='ocrx_word' id='word_1_795' title='bbox 2130 5094 2516 5147; x_wconf 87' lang='lat' dir='ltr'>sanctimoniae</span> <span class='ocrx_word' id='word_1_796' title='bbox 2558 5094 2750 5163; x_wconf 86' lang='lat' dir='ltr'>vigore</span> <span class='ocrx_word' id='word_1_797' title='bbox 2795 5095 3057 5149; x_wconf 87' lang='lat' dir='ltr'>calcaret.</span> <span class='ocrx_word' id='word_1_798' title='bbox 3091 5094 3228 5159; x_wconf 90' lang='lat' dir='ltr'>Quis</span> <span class='ocrx_word' id='word_1_799' title='bbox 3273 5112 3549 5166; x_wconf 86' lang='lat' dir='ltr'>umquam</span> 
     </span>
    </p>
   </div>
   <div class='ocr_carea' id='block_1_110' title="bbox 1921 5188 3553 5245">
    <p class='ocr_par' dir='ltr' id='par_1_110' title="bbox 1921 5188 3553 5245">
     <span class='ocr_line' id='line_1_110' title="bbox 1921 5188 3553 5245; baseline 0.001 -3"><span class='ocrx_word' id='word_1_800' title='bbox 1921 5189 2063 5242; x_wconf 89' lang='lat' dir='ltr'>tanti</span> <span class='ocrx_word' id='word_1_801' title='bbox 2096 5188 2349 5242; x_wconf 84' lang='lat' dir='ltr'>miraculi</span> <span class='ocrx_word' id='word_1_802' title='bbox 2385 5188 2691 5242; x_wconf 79' lang='lat' dir='ltr'>meminit?</span> <span class='ocrx_word' id='word_1_803' title='bbox 2723 5188 2983 5242; x_wconf 83' lang='lat' dir='ltr'>Nondum</span> <span class='ocrx_word' id='word_1_804' title='bbox 3016 5190 3265 5243; x_wconf 82' lang='lat' dir='ltr'>secunda</span> <span class='ocrx_word' id='word_1_805' title='bbox 3295 5190 3553 5245; x_wconf 87' lang='lat' dir='ltr'>nativitas</span> 
     </span>
    </p>
   </div>
   <div class='ocr_carea' id='block_1_111' title="bbox 1922 5282 3547 5352">
    <p class='ocr_par' dir='ltr' id='par_1_111' title="bbox 1922 5282 3547 5352">
     <span class='ocr_line' id='line_1_111' title="bbox 1922 5282 3547 5352; baseline 0.002 -16"><span class='ocrx_word' id='word_1_806' title='bbox 1922 5299 2131 5337; x_wconf 90' lang='lat' dir='ltr'>novum</span> <span class='ocrx_word' id='word_1_807' title='bbox 2163 5282 2458 5336; x_wconf 88' lang='lat' dir='ltr'>hominem</span> <span class='ocrx_word' id='word_1_808' title='bbox 2487 5283 2783 5352; x_wconf 87' lang='lat' dir='ltr'>splendore</span> <span class='ocrx_word' id='word_1_809' title='bbox 2814 5286 2932 5337; x_wconf 90' lang='lat' dir='ltr'>toto</span> <span class='ocrx_word' id='word_1_810' title='bbox 2965 5283 3168 5337; x_wconf 71' lang='lat' dir='ltr'>divinae</span> <span class='ocrx_word' id='word_1_811' title='bbox 3192 5284 3331 5337; x_wconf 89' lang='lat' dir='ltr'>lucis</span> <span class='ocrx_word' id='word_1_812' title='bbox 3362 5285 3547 5339; x_wconf 85' lang='lat' dir='ltr'>ocula-</span> 
     </span>
    </p>
   </div>
   <div class='ocr_carea' id='block_1_112' title="bbox 1922 5377 3553 5446">
    <p class='ocr_par' dir='ltr' id='par_1_112' title="bbox 1922 5377 3553 5446">
     <span class='ocr_line' id='line_1_112' title="bbox 1922 5377 3553 5446; baseline 0.001 -17"><span class='ocrx_word' id='word_1_813' title='bbox 1922 5382 2095 5443; x_wconf 89' lang='lat' dir='ltr'>verat,</span> <span class='ocrx_word' id='word_1_814' title='bbox 2129 5381 2184 5430; x_wconf 87' lang='lat' dir='ltr'>et</span> <span class='ocrx_word' id='word_1_815' title='bbox 2217 5377 2337 5445; x_wconf 86' lang='lat' dir='ltr'>jam</span> <span class='ocrx_word' id='word_1_816' title='bbox 2373 5380 2591 5431; x_wconf 91' lang='lat' dir='ltr'>veteres</span> <span class='ocrx_word' id='word_1_817' title='bbox 2621 5393 2684 5430; x_wconf 91' lang='lat' dir='ltr'>ac</span> <span class='ocrx_word' id='word_1_818' title='bbox 2716 5377 2982 5446; x_wconf 89' lang='lat' dir='ltr'>pristinas</span> <span class='ocrx_word' id='word_1_819' title='bbox 3022 5378 3286 5431; x_wconf 87' lang='lat' dir='ltr'>tenebras</span> <span class='ocrx_word' id='word_1_820' title='bbox 3319 5378 3435 5431; x_wconf 89' lang='lat' dir='ltr'>sola</span> <span class='ocrx_word' id='word_1_821' title='bbox 3466 5378 3553 5431; x_wconf 93' lang='lat' dir='ltr'>lu-</span> 
     </span>
    </p>
   </div>
   <div class='ocr_carea' id='block_1_113' title="bbox 1923 5470 3553 5541">
    <p class='ocr_par' dir='ltr' id='par_1_113' title="bbox 1923 5470 3553 5541">
     <span class='ocr_line' id='line_1_113' title="bbox 1923 5470 3553 5541; baseline 0.001 -18"><span class='ocrx_word' id='word_1_822' title='bbox 1923 5471 2000 5523; x_wconf 92' lang='lat' dir='ltr'>eis</span> <span class='ocrx_word' id='word_1_823' title='bbox 2026 5476 2289 5541; x_wconf 88' lang='lat' dir='ltr'>paratura</span> <span class='ocrx_word' id='word_1_824' title='bbox 2329 5470 2602 5523; x_wconf 85' lang='lat' dir='ltr'>vincebat.</span> <span class='ocrx_word' id='word_1_825' title='bbox 2634 5470 2867 5536; x_wconf 89' lang='lat' dir='ltr'>Deinde,</span> <span class='ocrx_word' id='word_1_826' title='bbox 2898 5471 3051 5541; x_wconf 89' lang='lat' dir='ltr'>quod</span> <span class='ocrx_word' id='word_1_827' title='bbox 3083 5471 3262 5540; x_wconf 83' lang='lat' dir='ltr'>majus</span> <span class='ocrx_word' id='word_1_828' title='bbox 3290 5476 3392 5535; x_wconf 87' lang='lat' dir='ltr'>est,</span> <span class='ocrx_word' id='word_1_829' title='bbox 3422 5486 3553 5525; x_wconf 90' lang='lat' dir='ltr'>cum</span> 
     </span>
    </p>
   </div>
   <div class='ocr_carea' id='block_1_114' title="bbox 1923 5564 3551 5635">
    <p class='ocr_par' dir='ltr' id='par_1_114' title="bbox 1923 5564 3551 5635">
     <span class='ocr_line' id='line_1_114' title="bbox 1923 5564 3551 5635; baseline -0.001 -17"><span class='ocrx_word' id='word_1_830' title='bbox 1923 5566 1989 5618; x_wconf 91' lang='lat' dir='ltr'>de</span> <span class='ocrx_word' id='word_1_831' title='bbox 2019 5565 2259 5618; x_wconf 86' lang='lat' dir='ltr'>lectione</span> <span class='ocrx_word' id='word_1_832' title='bbox 2287 5564 2474 5618; x_wconf 90' lang='lat' dir='ltr'>divina</span> <span class='ocrx_word' id='word_1_833' title='bbox 2506 5564 2767 5634; x_wconf 58' lang='lat' dir='ltr'>quaedam</span> <span class='ocrx_word' id='word_1_834' title='bbox 2791 5565 2911 5634; x_wconf 84' lang='lat' dir='ltr'>jam</span> <span class='ocrx_word' id='word_1_835' title='bbox 2957 5582 3067 5617; x_wconf 90' lang='lat' dir='ltr'>non</span> <span class='ocrx_word' id='word_1_836' title='bbox 3098 5581 3199 5635; x_wconf 87' lang='lat' dir='ltr'>pro</span> <span class='ocrx_word' id='word_1_837' title='bbox 3228 5564 3551 5619; x_wconf 90' lang='lat' dir='ltr'>conditione</span> 
     </span>
    </p>
   </div>
   <div class='ocr_carea' id='block_1_115' title="bbox 1926 5657 3548 5728">
    <p class='ocr_par' dir='ltr' id='par_1_115' title="bbox 1926 5657 3548 5728">
     <span class='ocr_line' id='line_1_115' title="bbox 1926 5657 3548 5728; baseline 0.001 -17"><span class='ocrx_word' id='word_1_838' title='bbox 1926 5658 2207 5724; x_wconf 87' lang='lat' dir='ltr'>novitatis,</span> <span class='ocrx_word' id='word_1_839' title='bbox 2238 5658 2335 5712; x_wconf 90' lang='lat' dir='ltr'>sed</span> <span class='ocrx_word' id='word_1_840' title='bbox 2377 5675 2478 5728; x_wconf 89' lang='lat' dir='ltr'>pro</span> <span class='ocrx_word' id='word_1_841' title='bbox 2518 5657 2652 5712; x_wconf 80' lang='lat' dir='ltr'>fidei</span> <span class='ocrx_word' id='word_1_842' title='bbox 2695 5658 3059 5712; x_wconf 81' lang='lat' dir='ltr'>festinatione</span> <span class='ocrx_word' id='word_1_843' title='bbox 3100 5658 3407 5725; x_wconf 82' lang='lat' dir='ltr'>didicisset,</span> <span class='ocrx_word' id='word_1_844' title='bbox 3440 5664 3548 5712; x_wconf 86' lang='lat' dir='ltr'>sta-</span> 
     </span>
    </p>
   </div>
   <div class='ocr_carea' id='block_1_116' title="bbox 1926 5752 3549 5824">
    <p class='ocr_par' dir='ltr' id='par_1_116' title="bbox 1926 5752 3549 5824">
     <span class='ocr_line' id='line_1_116' title="bbox 1926 5752 3549 5824; baseline 0.001 -18"><span class='ocrx_word' id='word_1_845' title='bbox 1926 5754 2028 5806; x_wconf 89' lang='lat' dir='ltr'>tim</span> <span class='ocrx_word' id='word_1_846' title='bbox 2074 5753 2261 5824; x_wconf 91' lang='lat' dir='ltr'>rapuit</span> <span class='ocrx_word' id='word_1_847' title='bbox 2288 5754 2437 5823; x_wconf 88' lang='lat' dir='ltr'>quod</span> <span class='ocrx_word' id='word_1_848' title='bbox 2480 5752 2698 5807; x_wconf 89' lang='lat' dir='ltr'>invenit</span> <span class='ocrx_word' id='word_1_849' title='bbox 2726 5753 3105 5823; x_wconf 89' lang='lat' dir='ltr'>promerendo</span> <span class='ocrx_word' id='word_1_850' title='bbox 3154 5753 3388 5807; x_wconf 87' lang='lat' dir='ltr'>Domino</span> <span class='ocrx_word' id='word_1_851' title='bbox 3420 5768 3549 5824; x_wconf 88' lang='lat' dir='ltr'>pro-</span> 
     </span>
    </p>
   </div>
   <div class='ocr_carea' id='block_1_117' title="bbox 1924 5846 3553 5919">
    <p class='ocr_par' dir='ltr' id='par_1_117' title="bbox 1924 5846 3553 5919">
     <span class='ocr_line' id='line_1_117' title="bbox 1924 5846 3553 5919; baseline 0.001 -17"><span class='ocrx_word' id='word_1_852' title='bbox 1924 5848 2199 5902; x_wconf 88' lang='lat' dir='ltr'>futurum.</span> <span class='ocrx_word' id='word_1_853' title='bbox 2265 5846 2550 5902; x_wconf 81' lang='lat' dir='ltr'>Distractis</span> <span class='ocrx_word' id='word_1_854' title='bbox 2620 5846 2787 5902; x_wconf 90' lang='lat' dir='ltr'>rebus</span> <span class='ocrx_word' id='word_1_855' title='bbox 2850 5848 2983 5917; x_wconf 88' lang='lat' dir='ltr'>suis,</span> <span class='ocrx_word' id='word_1_856' title='bbox 3042 5847 3109 5901; x_wconf 89' lang='lat' dir='ltr'>ad</span> <span class='ocrx_word' id='word_1_857' title='bbox 3176 5847 3553 5919; x_wconf 79' lang='lat' dir='ltr'>indigentiam</span> 
     </span>
    </p>
   </div>
  </div>
