4084 6208
2705 13 2716 17 -
2733 13 2792 18 -ω
2817 13 2840 20 ..-
2857 14 2968 21 ._.--._
2993 16 3012 20 .-
3031 15 3120 20 -----
3165 17 3188 20 -ς
3207 19 3212 22 .
3269 18 3308 22 ,ἡ

467 314 533 366 79
1807 302 1959 364 VITA
1999 308 2052 364 S.
2094 302 2419 366 CYPRlANl.
3745 316 3810 367 80

439 454 760 510 pauperum
785 436 1212 492 sustentandam
1240 440 1354 492 tota
1390 435 1604 508 praedia
1635 437 1817 508 pretio
1848 437 2072 507 dispen-
2094 450 2152 522 Α
2173 436 2531 492 ecclesiastici
2573 435 2926 491 consuetudo
2952 432 3252 502 sermonis,
3290 438 3372 505 ut,
3407 452 3541 491 cum
3569 437 3638 491 ad
3669 437 3805 508 bap-

444 549 591 599 sans,
640 533 752 586 duo
806 532 957 585 bona
1001 531 1169 584 simul
1217 531 1428 601 junxit,
1481 537 1542 585 ut
1586 535 1642 584 et
1694 530 2070 584 ambitionem

443 627 634 680 saeculi
691 630 1010 695 sperneret,
1068 640 1179 694 quo
1249 624 1625 696 perniciosius
1681 625 1821 677 nihil
1880 629 1964 678 est
2017 630 2072 678 et

440 717 912 784 misericordiam,
965 734 1139 788 quam
1183 719 1331 772 Deus
1378 719 1551 772 etiam
1609 718 1899 771 sacriﬁciis
1957 718 2070 770 suis

436 812 708 882 prmtulit,
744 827 919 882 quam
960 827 1064 864 nec
1110 811 1204 864 ille
1241 812 1339 882 qui
1385 811 1530 881 legis
1562 813 1754 866 omnia
1799 811 2068 864 mandata

436 921 682 960 servasse
715 922 772 958 se
811 905 1047 973 dixerat,
1079 905 1233 970 fecit,
1269 905 1532 975 impleret
1561 922 1572 960 :
1609 910 1666 958 et
1708 920 2071 974 praepropera

435 1000 730 1053 velocitate
772 997 1014 1069 pietatis,
1048 1015 1193 1068 pene
1239 1002 1370 1053 ante
1397 999 1562 1068 coepit
1603 998 1885 1068 perfectus
1927 1014 2066 1065 esse,

437 1109 608 1164 quam
637 1092 898 1147 disceret.
929 1114 956 1142 »

508 1187 626 1240 Non
677 1185 938 1240 convenit
992 1185 1142 1239 inter
1184 1186 1434 1239 eruditos
1490 1188 1685 1239 utrum
1736 1184 2068 1241 Christianis

436 1280 608 1335 sacris
637 1280 892 1334 initiatus
925 1283 1073 1333 esset
1110 1280 1421 1350 Cyprianus
1451 1296 1580 1333 cum
1610 1296 1666 1333 se
1697 1279 2066 1332 continentiae

434 1375 562 1443 lege
605 1373 923 1440 obstrinxit,
958 1389 1019 1426 ac
1060 1373 1211 1426 bona
1261 1373 1606 1442 pauperibus
1647 1371 1952 1438 distribuit,
1994 1388 2065 1425 an

434 1468 620 1520 adhuc
666 1467 1113 1521 catechumenus
1166 1465 1436 1536 prazclara
1481 1466 1599 1519 haec
1649 1466 1761 1518 duo
1819 1465 2066 1519 facinora

437 1560 696 1614 ediderit.
722 1561 847 1624 Sed,
873 1559 916 1612 si
936 1559 1120 1612 Pontii
1143 1559 1310 1612 verba
1331 1558 2062 1622 consideranturattentius,

432 1653 524 1707 vix
587 1652 916 1722 ambigendi
969 1654 1123 1706 locus
1189 1653 1489 1723 supererit.
1547 1652 1848 1722 Conceptis
1909 1652 2063 1705 enim

431 1750 614 1805 verbis
683 1751 927 1804 declarat
993 1750 1248 1804 nondum
1313 1750 1595 1819 Baptismo
1662 1755 2064 1820 regeneratum

2173 533 2400 588 tismum
2437 547 2604 585 nemo
2646 530 3051 584 admitteretur
3093 529 3202 582 nisi
3235 533 3362 599 post
3408 532 3586 585 multa
3615 547 3809 586 emen-

2171 625 2318 680 data:
2363 625 2487 678 vita:
2545 624 2770 690 indicia,
2821 624 2944 694 ipsa
2989 629 3178 677 tamen
3227 625 3514 678 renovatio
3561 628 3618 678 et
3668 642 3809 679 nova

2170 719 2382 772 creatio
2423 718 2693 788 baptismi
2743 719 2956 771 fructus
2989 734 3112 770 esse
3158 717 3459 771 diceretur.
3493 719 3631 772 Hinc
3671 719 3811 772 illud

2171 811 2364 883 Cyrilli
2435 811 2932 881 Hierosolymitani
3007 810 3281 864 Cutechesi
3343 813 3424 866 ΙΙΙ
3481 812 3558 881 (p.
3634 814 3719 879 45)
3793 829 3804 865 :

2171 906 2486 959 «Mortuus
2567 904 2624 957 in
2716 904 2957 974 peccatis
3040 903 3411 966 descendisti,
3491 903 3807 958 viviﬁcatus

2170 999 2427 1053 ascendis
2473 997 2798 1067 injustitia.
2831 1019 2856 1047 ››
2891 999 3008 1050 Non
3060 996 3295 1050 dubium
3325 1000 3516 1051 tamen
3563 999 3700 1068 quin
3740 1015 3806 1051 ex

2169 1091 2590 1146 catechumenis
2635 1107 2775 1161 quos
2819 1091 3056 1161 Cyrillus
3103 1090 3423 1157 erudiebat,
3473 1107 3585 1144 non
3637 1091 3807 1162 pauci

2163 1186 2280 1255 jam
2331 1200 2574 1255 magnos
2615 1183 2897 1237 haberent
2954 1183 3012 1236 in
3057 1183 3264 1237 virtute
3322 1199 3698 1254 progressus;
3741 1201 3805 1237 ac

2166 1278 2313 1332 forte
2346 1279 2524 1332 etiam
2565 1276 2929 1330 continentiae
2971 1282 3099 1330 voto
3126 1292 3247 1330 sese
3286 1276 3550 1331 nonnulli
3582 1276 3802 1347 obliga-

2167 1375 2384 1438 verant,
2417 1373 2478 1424 ut
2523 1371 2783 1424 observat
2828 1369 3183 1423 doctissimus
3229 1370 3412 1423 editor
3451 1370 3506 1423 in
3537 1369 3688 1424 notis
3732 1371 3802 1424 ad

2169 1464 2287 1518 Cat.
2328 1467 2412 1520 IV
2453 1464 2530 1534 (p.
2571 1463 2682 1529 62).
2725 1464 2844 1516 Νοη
2895 1468 2980 1516 est
3023 1463 3193 1532 hujus
3237 1463 3482 1516 instituti
3534 1463 3800 1517 usitatam

2166 1557 2375 1611 sanctis
2422 1556 2678 1610 Patribus
2723 1563 2777 1610 et
2825 1556 3108 1626 theologis
3155 1555 3471 1610 disserendi
3520 1556 3799 1610 rationem

2167 1652 2497 1721 explanare,
2530 1651 2629 1704 sed
2655 1657 2806 1704 certe
2838 1667 2902 1704 ex
2931 1666 2996 1703 ea
3033 1649 3395 1720 perspicuum
3426 1652 3510 1702 est
3536 1650 3796 1704 Pontium

2165 1751 2220 1799 et
2247 1744 2591 1814 Cyprianum
2621 1745 2772 1797 inter
2799 1760 2856 1797 se
2886 1760 3002 1797 non
3032 1759 3289 1812 pugnare
3322 1743 3456 1796 dum
3486 1743 3632 1797 alter
3659 1760 3801 1813 prse-

432 1844 607 1898 fuisse
648 1843 993 1913 Cyprianum
1033 1859 1164 1896 cum
1198 1844 1320 1895 haec
1359 1842 1674 1912 designavit
1703 1859 1715 1895 :
1753 1864 1778 1890 α
1817 1843 1936 1896 Non
1972 1860 2059 1896 se-
2083 1849 2139 1920 B
2165 1840 2311 1891 clare
2340 1839 2488 1891 facta
2517 1837 2782 1908 Cypriani
2813 1853 2936 1890 sese
2973 1836 3044 1890 ad
3076 1836 3420 1906 baptismum
3460 1852 3794 1906 praeparau-

433 1936 622 1990 cunda
691 1936 950 1989 nativitas
1007 1952 1138 1990 eum
1198 1936 1542 2002 oculaverat,
1603 1935 1703 1989 sed
1758 1935 1875 1989 sola
1925 1936 2062 1990 lucis

433 2035 702 2101 paratura
748 2035 967 2084 veteres
1006 2046 1068 2083 ac
1114 2029 1378 2099 pristinas
1414 2028 1681 2082 tenebras
1725 2029 2060 2084 vincebat.»

434 2125 604 2178 Paulo
635 2129 758 2193 post
794 2124 962 2176 allata
992 2123 1181 2189 verba,
1211 2123 1531 2193 Cyprianus
1573 2122 1779 2176 dicitur
1817 2143 1843 2170 «
1879 2123 2064 2177 adhuc

433 2217 590 2271 rudis
628 2216 762 2270 fidei
795 2217 990 2283 homo,
1025 2222 1080 2270 et
1118 2216 1207 2270 cui
1242 2216 1474 2270 forsitan
1521 2216 1774 2270 nondum
1804 2217 2058 2270 credere-

429 2315 541 2364 tur.
579 2330 606 2360 »
655 2311 806 2364 Idem
839 2309 1085 2364 efficitur
1109 2326 1176 2363 ex
1220 2311 1308 2364 his
1340 2310 1526 2363 verbis
1559 2327 1568 2357 :
1606 2331 1631 2357 ‹‹
1661 2311 1936 2363 Prmvenit
1963 2310 2061 2363 tri-

432 2408 564 2458 tura
613 2411 949 2471 sementem,
989 2403 1274 2458 vindemia
1327 2403 1650 2474 palmitem,
1693 2421 1863 2474 poma
1909 2403 2060 2457 radi-

431 2513 686 2554 cem...»
733 2499 800 2552 Et
847 2497 990 2551 infra
1032 2513 1044 2550 :
1093 2518 1118 2545 ‹‹
1160 2497 1304 2561 Quid
1351 2503 1543 2551 autem
1592 2498 1738 2550 circa
1783 2513 2063 2568 pauperes

431 2591 726 2661 episcopus
767 2592 999 2655 faceret,
1032 2607 1174 2661 quos
1205 2591 1646 2645 catechumenos
1685 2591 2002 2660 diligebat?
2031 2612 2058 2640 »

435 2684 540 2739 Sed
589 2684 1001 2750 Tillemontius,
1051 2684 1361 2738 acutissimi
1403 2685 1605 2754 judicii
1656 2685 1918 2755 scriptor,
1960 2684 2064 2738 hoc

435 2777 822 2831 testimonium
852 2778 1055 2844 Pontii,
1077 2778 1226 2848 quod
1249 2777 1483 2848 quidem
1508 2779 1718 2832 fatetur
1738 2777 1796 2832 in
1823 2777 2061 2831 dubium

438 2871 686 2925 revocari
717 2887 830 2924 non
866 2870 1094 2939 debere,
1125 2871 1416 2925 conciliari
1457 2871 1547 2924 vix
1579 2888 1744 2940 posse
1777 2871 2066 2925 existimat

431 2981 564 3018 cum
611 2966 857 3034 Epistola
898 2965 970 3018 ad
1015 2967 1310 3034 Donatum,
1358 2965 1416 3018 in
1465 2982 1576 3034 qua
1621 2965 1954 3036 Cyprianus,
2003 2968 2065 3018 ut

430 3059 601 3113 modo
627 3059 892 3125 vidimus,
927 3057 1391 3112 emendationem
1431 3075 1663 3113 morum
1697 3063 1753 3112 et
1780 3060 1905 3113 vitae
1934 3075 2054 3112 mu-

433 3152 712 3206 tationem
758 3168 828 3205 ne
871 3151 1218 3221 cogitatione
1273 3150 1505 3221 quidem
1562 3153 1619 3205 in
1679 3152 2064 3206 conversionis

2167 1931 2237 1984 tis
2266 1936 2480 1999 narrat,
2513 1933 2655 1984 alter
2682 1930 2964 2001 baptismo
3009 1929 3295 1999 adjudicat
3327 1929 3606 1999 quidquid
3656 1934 3712 1983 et
3741 1929 3800 1982 in

2166 2024 2283 2094 ipsa
2307 2025 2574 2095 baptismi
2607 2023 3095 2078 administratione
3135 2026 3192 2076 et
3225 2023 3282 2076 in
3311 2023 3524 2093 praevia
3561 2022 3796 2076 medita-

2163 2119 2319 2172 tione
2344 2122 2400 2172 et
2425 2118 2822 2173 exercitatione
2846 2123 3178 2171 consecutus
3206 2118 3426 2183 fuerat;
3451 2115 3600 2170 addo
3627 2115 3795 2169 etiam

2166 2212 2442 2282 quidquid
2482 2213 2539 2265 in
2579 2211 3038 2268 Conﬁrmationis
3077 2213 3432 2263 sacramento
3475 2215 3531 2263 et
3572 2209 3628 2262 in
3673 2225 3796 2262 cor-

2164 2306 2318 2376 poris
2362 2311 2416 2359 et
2458 2306 2752 2376 sanguinis
2796 2305 2997 2359 Christi
3047 2304 3475 2367 communione,
3506 2319 3634 2373 quae
3682 2303 3794 2356 duo

2164 2403 2521 2453 sacramenta
2551 2399 2718 2453 simul
2748 2416 2877 2453 cum
2911 2398 3196 2468 baptismo
3227 2398 3474 2451 conferri
3519 2397 3792 2450 solebant.

2237 2494 2361 2558 Quo
2408 2511 2560 2549 anno
2590 2511 2892 2548 conversus
2932 2495 3104 2548 fuerit
3135 2499 3190 2548 et
3216 2493 3531 2564 baptizatus
3569 2492 3799 2563 Cypria-

2164 2605 2272 2642 nus
2324 2605 2394 2642 ex
2443 2589 2563 2658 ejus
2614 2589 2972 2659 episcopatus
3024 2588 3181 2641 initio
3234 2587 3544 2641 existimari
3605 2585 3794 2640 debet.

2162 2684 2326 2750 Nam,
2374 2687 2435 2736 ut
2481 2683 2560 2736 ait
2610 2682 2859 2747 Pontius,
2908 2705 2934 2730 ‹‹
2980 2682 3050 2735 ad
3098 2681 3348 2735 officium
3393 2679 3692 2733 sacerdotii
3739 2681 3799 2732 et

2165 2776 2523 2847 episcopatus
2557 2776 2796 2847 gradum
2831 2775 3014 2829 adhuc
3049 2775 3371 2845 neophytus
3402 2778 3501 2836 est,
3536 2775 3599 2827 ut
3627 2778 3794 2843 puta-

2163 2871 2354 2936 batur,
2392 2870 2644 2924 novellus
2685 2871 2894 2924 electus
2934 2874 3034 2923 est.
3068 2890 3095 2917 »
3137 2869 3346 2936 Quare,
3385 2883 3517 2922 cum
3572 2867 3794 2937 episco-

2164 2981 2274 3034 pus
2301 2980 2455 3018 anno
2484 2964 2587 3018 248
2612 2966 2710 3016 aut
2741 2964 2841 3016 249
2875 2968 3095 3016 creatus
3125 2961 3314 3028 fuerit,
3345 2967 3406 3015 ut
3435 2961 3603 3014 modo
3639 2959 3796 3014 vide-

2163 3057 2374 3125 bimus,
2416 3058 2732 3127 baptismus
2773 3073 2887 3110 non
2933 3056 3287 3110 incommode
3328 3055 3396 3108 ad
3440 3070 3655 3108 annum
3695 3054 3798 3107 244

2164 3155 2262 3205 aut
2304 3153 2406 3205 245
2437 3152 2730 3205 referetur.
2762 3151 2865 3205 Alii
2900 3151 2969 3204 ad
2995 3167 3210 3204 annum
3242 3150 3344 3204 246
3391 3148 3665 3214 referunt,
3695 3147 3793 3200 sed

429 3245 746 3316 primordio
779 3245 1003 3314 assequi
1029 3259 1087 3297 se
1118 3244 1367 3314 potuisse
1407 3243 1670 3308 declarat,
1708 3245 1922 3300 nedum
1952 3215 2140 3298 tamC
2167 3246 2236 3299 de
2286 3245 2374 3299 his
2419 3245 2588 3299 rebus
2636 3245 2776 3298 nihil
2824 3245 3045 3299 videtur
3090 3249 3242 3298 certo
3295 3258 3463 3314 posse
3508 3240 3799 3295 constitui.

436 3337 666 3392 fervidis
707 3337 884 3391 initiis
928 3352 1156 3391 exorsus
1194 3337 1304 3390 sit:
1346 3358 1372 3383 ‹‹
1418 3338 1814 3407 Desperatione
1864 3339 2064 3392 melio-

438 3447 589 3497 rum,
645 3431 852 3500 inquit,
900 3430 1062 3483 malis
1112 3430 1252 3484 meis
1301 3431 1476 3484 veluti
1527 3432 1646 3501 jam
1701 3432 1949 3502 propriis
2003 3449 2065 3486 ac

430 3525 742 3578 vernaculis
768 3523 1050 3577 favebam.
1087 3546 1113 3572 ››
1143 3525 1424 3578 Praeterea
1456 3524 1738 3594 baptismo
1773 3529 2061 3595 acceptam

428 3618 609 3671 refert
623 3617 1085 3672 emendationem
1108 3633 1332 3671 morum
1351 3633 1606 3684 suorum,
1629 3624 1683 3672 et
1709 3640 1734 3667 «
1761 3623 2061 3689 postquam

429 3712 599 3765 undae
642 3710 900 3780 genitalis
928 3710 1133 3764 auxilio
1173 3711 1480 3781 superioris
1509 3712 1611 3765 aevi
1643 3711 1771 3764 labe
1817 3712 2060 3780 detersa,

427 3805 487 3859 in
535 3805 822 3874 expiatum
871 3811 1067 3874 pectus
1115 3821 1179 3857 ac
1226 3821 1434 3873 purum
1479 3805 1717 3874 desuper
1761 3822 1820 3858 se
1866 3805 2060 3859 lumen

425 3898 656 3965 infudit,
695 3920 722 3947 »
769 3901 890 3950 tum
936 3913 1069 3951 vero
1114 3898 1408 3967 agnovisse
1454 3914 1510 3951 se
1557 3898 1692 3952 dicit
1734 3898 1892 3952 facile
1939 3915 2061 3952 esse

431 4013 456 4042 ‹‹
503 3992 654 4062 quod
703 3995 874 4044 antea
911 3991 1141 4044 difﬁcile
1189 3991 1504 4058 videbatur,
1538 3991 1659 4060 geri
1696 4008 1860 4061 posse
1905 3992 2055 4062 quod

426 4085 778 4156 impossibile
821 4084 1141 4155 putabatur.
1179 4105 1206 4134 »
1249 4083 1539 4147 Quomodo
1583 4100 1719 4154 ergo
1760 4088 1842 4139 tot
1878 4085 2055 4139 virtu-

423 4185 547 4234 tum
591 4185 924 4233 ornamenta
961 4181 1092 4231 ante
1134 4177 1483 4249 baptismum
1526 4179 1792 4249 consequi
1837 4180 2058 4248 potuit?

498 4275 570 4327 Ut
609 4273 732 4326 haec
778 4271 1079 4325 difficultas
1122 4271 1480 4342 expediatur,
1514 4271 1934 4326 observandum
1975 4279 2059 4328 est

427 4371 480 4421 1ο
535 4367 726 4420 minus
770 4369 1032 4418 accurate
1078 4364 1498 4418 Tillemontium
1555 4365 1623 4418 ad
1670 4365 1833 4419 initia
1861 4366 2052 4420 Chris-

421 4460 589 4513 tianae
638 4458 1004 4530 professionis
1045 4458 1255 4512 referre
1289 4457 1485 4511 dubias
1530 4457 1652 4511 illas
1682 4459 2056 4528 cogitationes

2166 3340 2392 3392 Frustra
2427 3342 2616 3392 autem
2646 3338 2970 3408 inquiratur
3009 3354 3122 3408 quo
3151 3336 3284 3390 anni
3323 3342 3578 3406 tempore
3604 3335 3792 3405 bapti-

2166 3437 2322 3486 zatus
2370 3433 2459 3486 sit.
2506 3434 2618 3486 Hoc
2665 3435 3023 3486 sacramento
3076 3431 3367 3484 initiatum
3419 3430 3590 3483 fuisse
3648 3431 3802 3482 inter

2162 3527 2374 3579 Pascha
2423 3529 2478 3579 et
2530 3528 2898 3581 Pentecosten
2947 3525 3279 3579 existimant
3348 3523 3680 3576 Pearsonius
3736 3527 3804 3575 et

2164 3620 2261 3672 alii
2309 3620 2587 3685 nonnulli,
2634 3640 2660 3667 «
2709 3620 2841 3689 quia
2887 3619 2992 3672 hoc
3035 3617 3310 3688 temporis
3347 3617 3591 3687 spatium
3637 3615 3798 3670 ordi-

2167 3714 2372 3767 nandis
2401 3713 2636 3766 lavacris
2665 3712 2722 3766 in
2750 3713 2934 3766 Africa
2971 3713 3304 3782 deputatum
3334 3713 3475 3765 erat.
3509 3730 3534 3761 »
3563 3711 3795 3778 Verum,

2166 3807 2271 3860 etsi
2303 3807 2361 3859 hi
2411 3806 2529 3861 dies
2573 3806 2856 3876 prmeipue
2898 3810 3086 3860 essent
3128 3805 3412 3876 baptismo
3457 3804 3796 3872 consecrati,

2163 3900 2303 3954 nihil
2349 3906 2540 3954 tamen
2571 3899 2794 3954 vetabat
2830 3899 3138 3969 quominus
3167 3899 3443 3969 baptisma
3472 3899 3595 3952 aliis
3638 3904 3793 3952 tem-

2160 3995 2395 4065 poribus
2431 3993 2680 4060 daretur,
2712 3993 2757 4046 si
2783 4010 2909 4064 que:
2947 4009 3134 4047 causa)
3170 3993 3488 4046 inciderent
3518 3992 3794 4063 baptismi

2160 4090 2289 4158 post
2341 4088 2618 4142 solemnes
2670 4087 2790 4141 dies
2841 4086 3165 4154 differendi,
3213 4087 3299 4140 vel
3360 4087 3535 4140 etiam
3585 4084 3790 4138 antici-

2158 4181 2348 4252 pandi.
2404 4180 2602 4234 Probat
2656 4181 3037 4234 Tertullianus
3092 4180 3149 4233 in
3203 4179 3349 4233 libro
3400 4180 3460 4233 κιρ
3511 4181 3791 4247 Baptismo

2159 4274 2298 4328 nihil
2341 4291 2462 4328 esse
2508 4275 2857 4328 incommodi
2903 4275 2948 4327 si
2986 4274 3268 4344 baptisma
3313 4277 3465 4326 extra
3507 4273 3791 4327 solemnes

2158 4368 2279 4422 dies
2314 4369 2482 4438 justis
2509 4369 2576 4422 de
2607 4368 2789 4423 causis
2830 4367 3172 4438 suscipiatur
3203 4384 3214 4420 :
3251 4389 3277 4414 «
3307 4366 3460 4420 Diem
3504 4366 3788 4435 baptismo

2156 4462 2578 4528 solemniorem,
2633 4462 2841 4532 inquit,
2895 4461 3107 4515 Pascha
3172 4464 3515 4530 praestat.....
3570 4460 3790 4514 Exinde

419 4569 549 4624 quae
601 4552 942 4623 Cyprianum
994 4555 1129 4605 ante
1175 4551 1601 4605 conversionem
1657 4552 1767 4605 huc
1811 4559 1866 4607 et
1921 4553 2128 4652 illucD
2155 4557 2480 4610 Pentecoste
2512 4555 2840 4610 ordinandis
2885 4555 3122 4608 lavacris
3163 4553 3500 4607 latissimum
3539 4553 3787 4623 spatium

421 4646 746 4701 trahebant.
773 4645 1032 4699 Nondum
1055 4644 1208 4698 enim
1233 4644 1498 4699 credebat
1523 4645 1580 4698 in
1601 4645 1887 4700 Christum
1914 4663 2045 4700 cum

414 4741 496 4795 sic
522 4739 715 4794 animo
744 4738 1063 4803 fluctuaret,
1099 4737 1219 4806 sed,
1249 4742 1312 4790 ut
1347 4738 1466 4808 ipse
1497 4742 1708 4805 narrat,
1741 4759 1768 4787 «
1798 4740 1855 4792 in
1884 4745 2044 4795 tene-

419 4835 537 4889 bris
573 4837 744 4904 atque
785 4833 841 4885 in
874 4835 1037 4886 nocte
1070 4847 1220 4886 caeca
1253 4831 1512 4902 jacebat;
1545 4832 1602 4885 in
1633 4833 1747 4886 salo
1782 4834 2046 4903 jactantis

418 4928 604 4983 saeculi
649 4925 1020 4979 nutabundus
1066 4941 1131 4978 ac
1179 4925 1382 4978 dubius
1428 4924 1679 4995 vestigiis
1726 4927 2041 4981 oberranti-

414 5021 518 5074 bus
548 5043 573 5069 ››
622 5019 950 5084 ﬂuctuabat,
985 5039 1012 5065 ‹‹
1054 5019 1182 5072 vitze
1228 5035 1345 5072 sure
1397 5020 1640 5084 nescius,
1676 5020 1931 5074 veritatis
1981 5039 2044 5076 ac

412 5115 551 5169 lucis
593 5115 833 5168 alienus.
869 5134 894 5158 ››
1090 5112 1265 5165 Facile
1315 5129 1449 5182 ergo
1488 5113 1720 5167 Pontius
1762 5131 1888 5168 cum
1935 5117 2042 5186 Cy-

410 5209 610 5281 priano
629 5207 996 5271 conciliatur;
1024 5221 1127 5259 nec
1145 5205 1353 5259 mirum
1379 5207 1421 5258 si
1440 5207 1657 5276 primus
1675 5208 2040 5277 Cyprianum,

410 5307 708 5375 postquam
731 5299 951 5354 veritati
979 5315 1182 5353 manus
1205 5299 1381 5366 dedit,
1404 5301 1472 5354 ad
1502 5300 1724 5354 virtutis
1751 5319 2038 5357 summum

412 5397 655 5450 evolasse
701 5397 958 5461 testatur,
998 5392 1257 5463 quamvis
1299 5393 1613 5463 Cyprianus
1651 5396 1766 5465 ipse
1813 5413 2040 5451 morum

408 5506 637 5546 suorum
659 5487 1127 5542 emendationem
1151 5490 1284 5541 ante
1328 5491 1628 5558 acceptum
1663 5489 1794 5542 fidei
1824 5492 2037 5545 donum

406 5587 782 5655 desperasset.
815 5585 876 5633 2ο
904 5582 1023 5634 Non
1051 5580 1346 5634 immerito
1375 5581 1686 5650 Cyprianus
1723 5586 2035 5638 renovatio-

406 5696 536 5733 nem
570 5676 744 5730 animi
789 5674 875 5728 sui
909 5677 966 5728 et
1005 5690 1212 5728 novam
1247 5675 1596 5728 creationem
1643 5677 1918 5747 baptismo
1950 5682 2034 5732 at-

407 5772 624 5836 tribuit,
668 5768 929 5841 quamvis
972 5768 1169 5822 multis
1212 5769 1331 5838 jam
1380 5768 1683 5823 virtutibus
1731 5771 2036 5826 instructus

405 5867 476 5924 ad
516 5865 868 5940 baptismum
905 5864 1251 5919 accessisset.
1299 5862 1389 5918 Sic
1433 5863 1587 5918 enim
1631 5882 1853 5938 semper
1907 5867 2035 5922 tulit

2152 4655 2348 4704 est.....
2402 4650 2686 4704 Caeterum
2742 4649 2926 4702 omnis
2982 4649 3103 4701 dies
3159 4647 3378 4701 Domini
3431 4653 3536 4716 est,
3592 4647 3786 4700 omnis

2150 4743 2304 4809 hora,
2333 4760 2502 4798 omne
2531 4750 2753 4814 tempus
2780 4742 2964 4796 habile
2988 4742 3270 4812 baptismo
3301 4758 3311 4794 :
3342 4741 3387 4794 si
3409 4741 3479 4795 de
3511 4741 3790 4795 solemni-

2148 4841 2259 4892 tate
2287 4838 2542 4903 interest,
2575 4839 2644 4891 de
2673 4836 2856 4907 gratia
2882 4836 3023 4889 nihil
3053 4836 3244 4890 refert.
3275 4854 3302 4886 ι)
3337 4837 3556 4889 lnertes
3585 4840 3786 4889 autem

2145 4931 2408 5001 baptismi
2464 4933 2731 4985 dilatores
2783 4931 3037 5000 pluribus
3089 4929 3328 4999 castigat
3375 4930 3430 4983 S.
3477 4929 3786 4999 Gregorius

2147 5025 2524 5079 Nazianzenus
2565 5027 2625 5081 in
2681 5029 2825 5079 orat.
2869 5026 2958 5088 40,
3002 5040 3106 5078 nec
3151 5025 3351 5094 probat
3397 5026 3550 5093 quod
3593 5023 3786 5078 dicere

2147 5120 2402 5173 solebant
2433 5137 2444 5171 :
2481 5140 2506 5169 (ι
2537 5121 2839 5173 Luminum
2881 5120 3088 5172 festum
3133 5123 3403 5188 exspecto
3435 5135 3447 5171 :
3501 5118 3787 5170 Paschatis

2143 5213 2347 5267 festum
2389 5214 2562 5283 pluris
2600 5215 2742 5267 facio
2783 5231 2795 5266 :
2832 5216 3198 5267 Pentecosten
3250 5211 3603 5282 exspectabo.
3633 5212 3782 5264 Cum

2142 5307 2363 5361 Christo
2607 5306 2878 5376 baptizari
2942 5313 3194 5376 praestat,
3250 5323 3376 5358 cum
3443 5304 3665 5357 Christo
3721 5302 3781 5356 in

2142 5402 2568 5454 resurrectionis
2621 5401 2710 5454 die
2759 5399 2831 5452 ad
2893 5399 3064 5453 vitam
3128 5399 3335 5464 redire,
3388 5397 3631 5469 Spiritus
3675 5397 3779 5450 ad-

2142 5501 2374 5548 ventum
2403 5495 2706 5548 honorare.
2748 5512 2774 5545 »

2213 5587 2299 5640 Ait
2327 5588 2560 5640 Pontius
2589 5587 2765 5640 multa
2793 5587 3137 5657 Cyprianum
3167 5587 3350 5640 adhuc
3379 5584 3670 5656 plebeium
3704 5585 3781 5638 fe-

2139 5680 2277 5735 cisse
2314 5680 2385 5733 ad
2419 5686 2673 5735 veterum
2704 5682 2962 5751 exempla
2994 5681 3302 5751 justorum,
3333 5683 3390 5733 et
3417 5680 3458 5733 si
3500 5679 3654 5750 quod
3681 5694 3778 5733 eo-

2139 5791 2266 5829 rum
2292 5776 2562 5846 prteclare
2590 5776 2802 5830 factum
2827 5776 3130 5845 Scripturaa
3151 5773 3489 5829 auctoritate
3517 5789 3779 5844 compro-

2137 5868 2333 5924 batum
2376 5876 2433 5926 et
2467 5871 2762 5925 laudatum
2803 5869 3038 5939 videret,
3080 5869 3136 5923 id
3182 5868 3498 5923 imitatione
3545 5868 3776 5942 assequi
