4084 6208
258 277 306 331 8t
1571 271 1721 327 VITA
1759 272 1815 326 S.
1854 272 2189 327 CYPRIANL
3513 279 3580 333 32

246 404 480 453 conatum
511 411 650 450 esse.
684 393 1007 466 Prophetia
1039 375 1191 448 dono
1232 396 1497 448 ornatum
1526 394 1698 450 fuisse
1728 395 1832 465 Cy-
1858 407 1917 480 Α
1938 396 2145 450 sanitas
2177 396 2246 450 ab
2278 395 2403 467 ipsa
2444 395 2817 452 redundantia
2858 397 3219 463 revocaverit,
3252 400 3307 453 et
3348 397 3421 452 ad
3454 400 3574 454 elo-

246 490 476 563 prianum
518 489 697 544 multa
734 489 804 543 ab
834 505 904 542 eo
934 488 1006 541 ad
1048 487 1306 541 Ecclesia
1348 487 1653 543 utilitatem
1692 505 1833 559 pra-

241 586 442 655 cognita
468 587 527 637 et
546 583 816 654 pradicta
836 586 1133 636 testantur.
1157 581 1266 637 Sed
1290 599 1402 636 non
1424 582 1628 638 desunt
1652 583 1751 653 qui
1772 598 1836 637 ex

242 678 454 748 Epistolu
480 678 557 731 ad
575 679 867 742 Donatum,
893 691 1066 746 quam
1087 691 1283 730 recens
1303 692 1336 730 a
1362 676 1644 746 Baptismo
1669 677 1838 746 scrip-

238 772 312 837 sit,
336 772 448 841 jam
489 777 611 824 tum
640 769 799 824 ﬂium
836 770 1004 839 hujus
1041 768 1176 823 doni
1221 770 1280 823 et
1315 769 1562 839 plurium
1591 770 1833 824 aliorum

239 864 542 936 participem
569 863 743 917 fuisse
770 863 1053 933 colligant.
1087 861 1173 916 Sic
1207 861 1361 916 enim
1388 863 1539 917 dona
1569 862 1666 916 illa
1690 879 1837 918 com-

239 962 508 1022 memorat,
538 956 622 1010 sic
654 956 795 1010 alios
834 957 1089 1010 hortatur
1127 956 1197 1009 ad
1229 972 1294 1009 ea
1323 956 1738 1026 consequenda,
1772 962 1835 1010 ut

235 1052 331 1122 ipse
357 1051 459 1104 illis
487 1050 734 1104 caruisse
767 1066 882 1104 non
912 1048 1172 1103 videatur
1204 1065 1217 1103 :
1258 1069 1287 1100 α
1315 1050 1583 1103 Nostrum
1610 1054 1835 1105 tantum

232 1145 362 1199 sitiat
391 1149 605 1215 pectus,
639 1144 848 1213 inquit,
875 1148 933 1197 et
959 1146 1154 1213 pateat
1185 1159 1198 1196 :
1230 1148 1511 1213 quantum
1541 1143 1671 1198 illuc
1701 1143 1835 1198 ﬁdei

232 1237 419 1309 capacis
453 1237 764 1303 aﬁ‘erimus,
798 1240 1016 1290 tantum
1045 1236 1245 1307 gratia
1282 1237 1610 1292 inundantis
1635 1238 1830 1292 hauri-

231 1346 355 1385 mus.
378 1330 514 1385 lnde
528 1331 649 1400 jam
676 1331 908 1386 facultas
928 1332 1113 1396 datur,
1139 1330 1397 1385 castitate
1419 1331 1623 1398 sobria,
1644 1338 1832 1386 mente

231 1424 441 1494 integra,
469 1439 604 1479 voce
636 1439 799 1494 pura,
833 1423 1036 1478 virtute
1063 1424 1296 1489 sincera,
1331 1424 1393 1477 in
1421 1424 1696 1479 medelam
1727 1423 1830 1478 do-

231 1518 437 1571 lentium
473 1534 637 1588 posse
666 1532 1023 1572 venenorum
1062 1517 1239 1571 virtus
1280 1518 1665 1588 exstinguere,
1705 1518 1828 1572 ani-

228 1627 425 1665 morum
450 1611 858 1682 desipientium
877 1610 1031 1665 labes
1051 1610 1279 1665 reddita
1299 1611 1541 1666 sanitate
1560 1627 1827 1682 purgare,

227 1705 418 1758 infestis
441 1705 647 1775 jubere
672 1720 894 1775 pacem,
924 1704 1188 1758 violentis
1213 1704 1485 1775 quietem,
1518 1704 1832 1758 ferocienti-

1940 489 2231 559 quentiam
2269 489 2589 559 graviorem
2629 491 3151 562 modestioremque
3190 492 3574 562 restrinxerit,

1937 582 2119 654 qualis
2140 582 2200 636 in
2226 583 2345 653 ejus
2366 584 2839 654 consequentibus
2866 584 3067 638 litteris
3090 600 3288 638 secure
3312 591 3566 652 amatur,

1939 678 2197 749 religiose
2245 681 2549 749 appetitur,
2598 679 2942 733 difficillime
2993 680 3282 750 impletur.
3331 703 3359 730 »
3412 682 3571 737 Hunc

1936 772 2146 826 librum
2171 773 2403 827 Pontius
2432 773 2582 827 inter
2606 789 2783 845 opera
2805 772 3066 844 Cypriani
3099 774 3346 844 primum
3376 791 3575 829 recen-

1936 871 2039 931 set,
2063 866 2201 919 dum
2229 866 2310 919 ait
2336 866 2686 937 Cyprianum
2709 887 2737 914 «
2762 866 3215 920 emolumentum
3242 868 3443 937 gratia
3471 884 3575 940 per

1933 959 2102 1014 ﬁdem
2127 958 2468 1029 proﬁcientis
2489 981 2516 1009 ››
2541 960 2870 1014 ostendisse.
2897 959 3163 1023 Quamvis
3189 965 3381 1015 autem
3410 963 3560 1016 solus

1932 1054 2197 1123 loquatur
2250 1053 2590 1123 Cyprianus,
2644 1052 2988 1123 perspicitur
3050 1056 3244 1107 tamen
3297 1054 3565 1124 quadam

1935 1148 2121 1201 forma
2162 1146 2398 1217 dialogi.
2447 1146 2796 1201 Promissum
2846 1160 3194 1214 sermonem,
3241 1153 3569 1217 reposcente

1934 1242 2179 1307 Donato,
2201 1240 2531 1310 exsequitur
2554 1240 2869 1311 Cyprianus
2895 1240 3231 1310 indulgente
3259 1240 3566 1306 vindemia,

1932 1334 1989 1388 in
2017 1335 2184 1388 horto
2216 1333 2633 1399 amanissimo;
2666 1333 2901 1405 egregie
2933 1333 3200 1389 describit
3227 1333 3409 1404 qualis
3436 1336 3569 1390 ante

1929 1427 2279 1498 baptismum
2322 1426 2522 1482 fuisset
2563 1432 2619 1480 et
2663 1427 2800 1497 quid
2844 1427 2903 1480 in
2948 1426 3070 1497 ipso
3118 1432 3382 1497 operatus
3425 1432 3571 1483 esset

1929 1520 2277 1591 baptismus;
2330 1524 2523 1591 atque,
2572 1523 2637 1574 ut
2678 1519 2943 1575 beneﬁcii
2991 1536 3025 1573 a
3073 1520 3295 1577 Christo
3348 1520 3567 1591 accepti

1930 1613 2393 1683 magnitudinem
2423 1612 2810 1681 commendet,
2839 1612 3031 1667 saeculi
3057 1613 3195 1667 vitia
3224 1616 3281 1667 et
3310 1613 3565 1684 pericula

1930 1707 2218 1776 eleganter
2239 1705 2519 1777 depingit.
2544 1706 2739 1760 Finem
2760 1706 2984 1761 dicendi
3001 1705 3136 1760 facit
3158 1706 3425 1761 inclinato
3438 1707 3563 1777 jam

224 1798 309 1852 bus
340 1799 649 1865 lenitatem,
681 1797 1011 1852 immundos
1052 1800 1111 1851 et
1139 1798 1405 1851 erraticos
1444 1798 1697 1868 spiritus,
1730 1798 1828 1869 qui
1850 1775 1906 1846 B
1929 1775 2048 1853 sole
2084 1815 2097 1853 :
2135 1804 2277 1865 tum,
2314 1775 2383 1853 ut
2422 1775 2704 1868 reliquum
2754 1798 2866 1852 diei
2907 1798 2966 1851 in
3011 1798 3205 1853 latitia
3234 1775 3564 1869 duceretur,

225 1908 270 1946 se
292 1892 676 1963 expugnandis
707 1891 1032 1946 hominibus
1061 1891 1463 1956 immerserint,
1496 1891 1570 1945 ad
1602 1890 1824 1945 confes-

223 1987 408 2040 sionem
436 1986 614 2039 uimis
640 1985 1069 2056 increpantibus
1094 2000 1316 2055 cogere,
1352 1990 1461 2038 etc.
1493 2005 1520 2033 »

222 2090 296 2143 ΙΙΙ.
328 2119 386 2127 -
414 2092 489 2142 De
527 2089 727 2142 studiis
766 2094 815 2141 et
853 2090 1070 2157 scriptis
1106 2089 1163 2144 S.
1202 2088 1465 2156 Cypriani
1493 2102 1527 2140 ιι
1555 2089 1827 2157 Buptismo

653 2185 820 2238 usque
850 2168 925 2222 ad
950 2169 1375 2225 Ordinationem.

275 2270 381 2323 Non
426 2268 671 2322 dubium
725 2270 811 2320 est
854 2266 993 2337 quin
1040 2266 1193 2337 quod
1231 2265 1452 2320 efﬂuxit
1487 2266 1758 2337 temporis
1794 2281 1828 2319 a

217 2364 480 2433 Baptismo
538 2361 608 2415 ad
659 2359 1116 2425 Ordinationem,
1176 2360 1233 2413 id
1290 2376 1459 2413 omne
1510 2360 1827 2430 Cyprianus

215 2457 571 2527 insumpserit
609 2455 666 2509 in
700 2455 1008 2524 Scripturis
1046 2453 1323 2523 legendis,
1364 2453 1423 2506 in
1462 2453 1826 2523 scriptoribus

212 2550 591 2605 ecclesiasticis
616 2547 962 2616 evolvendis,
986 2547 1166 2618 iisque
1191 2547 1455 2601 omnibus
1482 2546 1826 2601 meditandis

211 2646 260 2695 et
281 2644 613 2713 colligendis
641 2658 770 2713 qua
807 2647 1002 2713 postea
1031 2641 1088 2694 in
1121 2641 1245 2694 luce
1274 2647 1328 2695 et
1356 2641 1417 2694 in
1448 2640 1623 2694 oculis
1654 2640 1825 2694 totius

208 2737 448 2791 Ecclesia
479 2731 858 2807 deprompsit.
894 2734 1301 2789 Tertullianum
1345 2734 1497 2787 inter
1525 2733 1824 2804 scriptores

209 2831 591 2884 ecclesiasticos
617 2829 909 2901 pracipue
928 2827 1153 2882 videtur
1172 2827 1481 2881 adamasse.
1508 2827 1711 2880 Notum
1740 2831 1825 2881 est

207 2924 454 2978 omnibus
480 2923 636 2994 quod
663 2922 841 2976 refert
871 2921 1248 2992 Hieronymus
1276 2921 1335 2974 in
1365 2920 1513 2975 libro
1544 2921 1610 2975 de
1638 2921 1820 2990 Scrip-

1927 1894 2228 1959 Donatum,
2260 1892 2349 1946 cui
2391 1892 2670 1947 memoria
2710 1897 2883 1946 tenax
2923 1897 3049 1946 erat
3086 1898 3143 1947 et
3180 1908 3289 1947 vox
3330 1908 3561 1962 canora,

1928 1986 2187 2040 hortatur
2208 1988 2273 2040 ut
2292 1985 2541 2040 Psalmos
2566 2002 2632 2039 ex
2658 2001 2815 2039 more
2838 1985 3212 2056 aggrediatur
3228 1985 3287 2040 in
3310 1986 3564 2041 convivio

1926 2079 2137 2134 sobrio.
2172 2079 2410 2134 Videtur
2448 2095 2586 2149 ergo
2632 2080 2882 2133 Donatus
2930 2095 3047 2134 non
3087 2079 3306 2134 amicus
3352 2080 3561 2147 solum,

1926 2172 2026 2226 sed
2066 2172 2242 2227 etiam
2287 2172 2575 2226 convictor
2615 2172 2894 2243 Cypriano
2934 2172 3130 2228 fuisse.
3160 2171 3386 2227 Sciebat
3427 2173 3562 2244 quid

1925 2265 2207 2336 Cypriano
2260 2265 2599 2327 detraxisset
2639 2264 2892 2337 quidque
2939 2265 2991 2320 ei
3035 2266 3365 2321 contulisset
3412 2283 3564 2320 mors

1925 2359 2253 2428 criminum,
2309 2359 2423 2413 vita
2475 2360 2789 2428 virtutum;
2840 2375 3049 2414 nomen
3102 2376 3269 2414 suum
3323 2360 3563 2415 dederat

1925 2453 2163 2507 calestis
2204 2452 2420 2506 militia
2456 2451 2673 2519 castris,
2713 2456 2790 2520 et,
2829 2468 2961 2507 cum
2996 2453 3140 2508 nihil
3172 2453 3295 2523 ejus
3322 2453 3556 2507 auribus

1926 2549 2041 2600 tam
2064 2551 2291 2617 gratum
2314 2550 2460 2600 esset
2478 2561 2652 2616 quam
2675 2545 2828 2616 quod
2851 2546 2960 2600 Deo
2982 2550 3209 2616 gratum
3230 2552 3335 2614 est,
3354 2562 3562 2602 sermo-

1924 2639 2095 2694 nibus
2119 2640 2384 2710 Cypriani
2419 2639 2628 2693 mirum
2658 2638 2719 2693 in
2756 2638 2993 2693 modum
3033 2639 3368 2695 ducebatur.
3400 2640 3562 2696 Circa

1925 2733 2078 2788 idem
2104 2739 2326 2804 tempus
2354 2732 2593 2803 scriptus
2623 2732 2850 2786 videtur
2874 2732 3021 2787 liber
3046 2733 3113 2787 de
3142 2734 3401 2790 Vunitate
3428 2735 3554 2789 Ido-

1925 2828 2119 2895 lorum,
2146 2827 2204 2881 in
2240 2828 2372 2897 quo,
2404 2827 2582 2880 multa
2611 2826 2937 2881 imitatione
2964 2841 3248 2897 expressa,
3288 2829 3561 2882 nonnulla

1925 2922 2101 2976 etiam
2139 2920 2374 2974 totidem
2416 2918 2600 2974 verbis
2642 2919 2916 2973 translata
2954 2924 3257 2974 occurrunt
3295 2936 3362 2974 ex
3399 2921 3558 2975 libris

206 3018 387 3071 toribus
424 3018 800 3072 ecclesiasticis
828 3015 1033 3069 vidisse
1074 3031 1134 3070 se
1177 3035 1203 3064 «
1238 3014 1546 3085 quemdam
1588 3015 1822 3069 Paulum
1921 3014 2253 3069 Tertulliani
2279 3013 2546 3068 adversus
2575 3012 2850 3080 ethnicos,
2879 3016 2939 3066 et
2972 3028 3043 3068 ex
3072 3013 3299 3084 dialogo
3334 3014 3557 3069 Minucii

204 3110 537 3174 Concordia,
566 3109 725 3181 quod
750 3109 923 3163 ltalia
950 3108 1225 3180 oppidum
1260 3110 1364 3176 est,
1397 3124 1616 3175 senem,
1638 3108 1736 3179 qui
1762 3124 1821 3162 se
1844 3150 1894 3181 η
1925 3108 2145 3163 Felicis.
2177 3106 2458 3162 Redolent
2496 3106 2817 3178 primordia
2854 3106 3244 3162 conversionis
3283 3110 3560 3163 nonnulla

206 3150 537 3174 ......w.......,,
566 3150 725 3181 3......
750 3150 922 3163 κωκυ
951 3150 1225 3180 unum...
1260 3150 1364 3176 νυν,
1397 3150 1616 3175 suum,
1638 3150 1736 3179 ιι...
1762 3150 1821 3162 υυ
1927 3150 1944 3162 .
1967 3150 2145 3163 sum...
2178 3150 2458 3162 mw.-."
2496 3150 2817 3178 p.-.-...-.....
2856 3150 3244 3162 νειμ-...κωκυ
3283 3150 3556 3163 ..............

204 3203 332 3257 beati
348 3204 617 3275 Cypriani
629 3204 751 3273 jam
775 3202 1007 3274 grandis
1025 3202 1205 3257 atatis
1228 3201 1681 3267 notarium,cum
1704 3150 1897 3273 ipseC
1922 3217 2130 3274 parum
2166 3207 2423 3255 accurate
2466 3200 2524 3254 in
2566 3202 2676 3255 hoc
2717 3201 2862 3255 libro
2903 3201 3071 3268 dicta,
3113 3200 3268 3256 velut
3306 3218 3436 3256 cum
3475 3203 3556 3258 ait

201 3297 501 3352 admodum
531 3300 686 3351 esset
724 3297 1072 3364 adolescens,
1110 3296 1308 3350 Roma
1349 3295 1551 3350 vidisse
1588 3295 1819 3363 diceret,
1890 3295 2237 3366 'Cyprianus
2268 3310 2449 3364 regna
2479 3300 2631 3349 sorte
2663 3293 2888 3361 variari,
2917 3294 3235 3365 oportuisse
3265 3295 3553 3352 Christum

201 3392 516 3463 referreque
540 3390 650 3445 sibi
673 3389 901 3444 solitum
921 3404 1218 3460 nunquam
1242 3389 1587 3459 Cyprianum
1611 3389 1820 3460 absque
1920 3390 2058 3460 pati,
2083 3394 2288 3443 etcum
2314 3404 2511 3459 passus
2533 3391 2697 3456 esset,
2720 3386 2793 3441 ad
2819 3403 3058 3458 superos
3086 3387 3275 3443 denuo
3302 3390 3549 3460 regredi.

198 3484 516 3539 Tertulliani
546 3484 788 3538 lectione
818 3499 989 3537 unam
1027 3482 1185 3537 diem
1226 3482 1586 3553 prateriisse,
1624 3498 1687 3536 ac
1718 3482 1822 3537 sibi

199 3578 380 3632 crebro
413 3578 615 3632 dicere
647 3594 659 3631 :
698 3580 776 3631 Da
806 3580 1145 3644 magistrum,
1177 3576 1589 3630 Tertullianum
1620 3574 1818 3630 videli-

195 3673 274 3724 cet
296 3672 649 3742 signiﬁcans.
673 3689 701 3722 ν
723 3670 852 3737 Sed,
873 3669 920 3723 si
940 3670 1172 3741 legendi
1196 3669 1525 3725 Tertulliani
1545 3669 1685 3724 adeo
1706 3675 1823 3723 stu-

195 3763 370 3818 diosus
389 3765 504 3819 fuit
521 3764 859 3835 Cyprianus,
884 3780 995 3818 non
1020 3763 1214 3818 minus
1234 3762 1541 3834 diligentia
1560 3762 1824 3817 adhibuit

194 3856 243 3911 in
286 3859 406 3929 ejus
449 3857 747 3912 erroribus
792 3857 1053 3911 cavendis
1102 3857 1189 3911 vel
1235 3856 1423 3927 potius
1470 3856 1816 3911 refellendis.

194 3951 338 4017 Nam,
375 3955 439 4005 ut
472 3951 741 4006 omittam
781 3950 1061 4005 unitatem
1104 3950 1386 4017 Ecclesia,
1420 3966 1595 4022 quam
1625 3967 1657 4003 a
1683 3952 1817 4006 Ter-

192 4044 409 4099 tulliano
447 4046 744 4111 violatam,
776 4050 1007 4098 strenue
1036 4044 1293 4098 defendit
1322 4043 1654 4115 Cyprianus,
1684 4049 1821 4115 quot

192 4142 401 4193 exstant
426 4138 617 4194 sancti
645 4138 899 4208 Martyris
929 4137 1225 4192 sententia
1252 4137 1323 4191 de
1353 4138 1508 4208 justa
1541 4138 1599 4192 in
1634 4138 1818 4209 lapsos

188 4229 564 4304 indulgentia,
595 4231 831 4287 totidem
869 4231 1130 4286 videntur
1158 4246 1279 4286 esse
1316 4232 1376 4285 in
1406 4231 1817 4286 Tertullianum

190 4327 379 4381 aculei.

245 4421 363 4476 Non
392 4420 592 4475 multo
626 4422 755 4490 post
779 4419 1129 4489 baptismum
1154 4419 1226 4474 ad
1254 4420 1644 4475 defensionem
1682 4421 1813 4476 reli-

1922 3502 2009 3556 IV.
2038 3531 2107 3540 ——
2137 3499 2444 3570 Cyprianus
2471 3500 2864 3569 presbyterium
2896 3503 2947 3554 et
2980 3500 3338 3556 sacerdotium
3366 3504 3553 3557 statim

1992 3581 2208 3649 accipit.
2239 3608 2309 3619 -—
2348 3580 2460 3645 Quo
2498 3594 2646 3632 anno
2689 3578 2975 3633 ordinatus
3016 3580 3312 3649 episcopus.
3352 3610 3421 3621 —
3455 3583 3552 3636 Res

1991 3665 2151 3729 gesta
2179 3664 2229 3713 et
2256 3660 2470 3728 scripta
2497 3660 2558 3711 in
2581 3657 2895 3727 primordiis
2923 3660 3281 3729 episcopatus.

1987 3760 2257 3816 Observat
2283 3759 2516 3815 Pontius
2545 3760 2605 3813 in
2642 3759 2921 3831 Cypriano
2961 3760 3033 3815 ob
3074 3759 3311 3815 eximios
3349 3760 3409 3815 in
3435 3761 3548 3815 vir-

1920 3857 2039 3910 tute
2065 3869 2400 3925 progressus
2429 3853 2673 3909 minime
2704 3855 3069 3909 observatum
3093 3853 3265 3910 fuisse
3290 3855 3439 3926 quod
3463 3855 3553 3911 lit-

1919 3950 2056 4003 tera
2078 3947 2327 4019 Apostoli
2357 3947 2840 4018 prascripserant,
2869 3952 2932 4001 ut
2966 3948 3244 4019 neophyti
3272 3948 3346 4003 ad
3375 3965 3553 4003 sacer-

1920 4041 2138 4096 dotium
2170 4056 2285 4095 non
2322 4041 2702 4096 cveherentur
2732 4059 2743 4094 :
2778 4062 2807 4090 «
2833 4040 3253 4112 Presbyterium
3278 4044 3335 4096 et
3361 4059 3547 4098 sacer-

1918 4134 2138 4189 dotium
2159 4134 2353 4189 statim
2375 4134 2613 4204 accepit,
2638 4133 2821 4205 inquit
2846 4150 2860 4189 :
2886 4134 3012 4205 quis
3035 4133 3192 4189 enim
3217 4151 3332 4189 non
3352 4152 3551 4191 omnes

1918 4228 2203 4283 honorum
2245 4227 2455 4299 gradus
2495 4228 2755 4282 crederet
2802 4228 2903 4282 tali
2946 4232 3141 4282 mente
3183 4227 3480 4283 credenti?
3521 4252 3545 4281 υ

1917 4320 2089 4375 Addit
2118 4321 2296 4375 multa
2320 4320 2482 4375 illum
2506 4321 2901 4392 presbyterum
2922 4320 3190 4392 praclare
3211 4321 3425 4390 fecisse,
3451 4324 3552 4378 sed

1917 4431 1983 4470 ea
2013 4413 2312 4469 memoria
2342 4418 2554 4469 nostra
2596 4431 2713 4469 non
2752 4414 3025 4485 prodidit.
3065 4414 3329 4472 Libenter
3357 4433 3547 4472 assen-

188 4515 356 4583 gionis
373 4518 435 4569 et
453 4513 533 4568 ad
553 4528 779 4567 morum
802 4512 1257 4568 informationem
1276 4513 1573 4584 ingenium
1596 4514 1817 4569 exacuit
1834 4519 1894 4592 D
1915 4507 2027 4563 tior
2064 4506 2370 4561 Pearsonio
2410 4510 2467 4562 et
2502 4507 2652 4562 Fello
2692 4514 2809 4562 tres
2843 4507 3015 4562 libros
3050 4511 3494 4565 Testimoniorum
3517 4529 3551 4565 a

185 4605 514 4677 Cyprianus.
548 4607 633 4661 Ad
664 4607 774 4661 hoc
813 4606 969 4660 enim
997 4611 1225 4677 tempus
1256 4608 1548 4679 pertinent
1572 4610 1816 4679 Epistola

185 4702 250 4753 ad
278 4705 579 4768 Donatum,
608 4717 673 4755 ac
701 4700 843 4755 liber
874 4706 940 4755 de
966 4700 1240 4756 Idolorum
1273 4704 1550 4758 Vunitate.
1584 4703 1817 4757 Summa

184 4794 405 4865 quidem
433 4796 627 4850 elucet
651 4793 973 4865 eloquentia
993 4794 1052 4848 in
1077 4794 1202 4848 aliis
1228 4795 1499 4865 operibus
1521 4796 1813 4867 Cypriani,

184 4887 321 4942 inest
347 4888 613 4960 gravitas
638 4888 1056 4942 sententiarum
1089 4904 1155 4942 ac
1181 4888 1483 4944 verborum
1514 4889 1813 4960 splendor;

182 4982 271 5036 sed
308 4982 572 5053 Epistola
609 4981 685 5035 ad
719 4985 987 5036 Donatum
1025 4984 1183 5036 tanto
1222 4982 1461 5037 artiﬁcio
1503 4983 1817 5054 composita

182 5080 258 5129 est
280 5092 345 5130 ac
370 5079 463 5129 tot
484 5074 845 5146 elegantibus
864 5079 1068 5129 ornata
1093 5075 1347 5145 picturis,
1372 5079 1437 5130 ut
1463 5092 1531 5131 ea
1552 5081 1668 5131 tem
1676 5093 1815 5148 pora

183 5167 414 5223 minime
440 5168 719 5237 redoleat,
749 5183 880 5222 cum
912 5168 1224 5239 Cyprianus
1255 5168 1314 5223 in
1345 5169 1614 5224 maximis
1644 5170 1816 5225 rebus

184 5262 438 5329 gerendis
460 5265 529 5315 et
545 5260 890 5316 disserendis
907 5265 1211 5333 occupatus
1230 5278 1345 5317 non
1361 5263 1487 5334 jam
1510 5264 1817 5335 exquisitas

182 5358 515 5409 venustates
538 5351 664 5426 82
682 5354 1018 5421 elaboraret,
1047 5355 1147 5410 sed
1168 5355 1436 5411 orationis
1455 5356 1673 5411 divitias
1694 5357 1815 5413 sine

184 5448 323 5516 fuco,
345 5448 478 5502 sine
503 5446 817 5519 pigmentis
837 5447 1118 5503 funderet.
1145 5449 1281 5504 Hinc
1309 5451 1576 5521 praclare
1602 5453 1817 5522 Augus-

186 5539 327 5596 tinus
366 5542 475 5595 lib.
517 5556 569 5594 IV
610 5542 676 5596 de
714 5543 890 5597 Doctr.
928 5544 1250 5605 christiana,
1282 5561 1329 5598 c.
1363 5547 1426 5599 14
1461 5562 1474 5599 :
1508 5566 1536 5593 «
1571 5547 1663 5600 Est
1702 5544 1815 5600 tale

185 5635 409 5706 aliquid,
432 5634 643 5705 inquit,
670 5635 730 5689 in
754 5634 991 5705 epistola
1015 5636 1323 5692 beatissimi
1342 5637 1625 5710 Cypriani.
1654 5636 1816 5702 Quod

188 5725 304 5781 ideo
329 5733 475 5800 puto
505 5728 593 5781 vel
618 5727 911 5796 accidisse,
938 5730 1021 5785 vel
1050 5732 1310 5787 consulto
1340 5733 1552 5787 factum
1583 5749 1726 5801 esse,
1758 5735 1818 5786 ut

190 5820 419 5878 sciretur
430 5838 466 5875 a
478 5823 717 5893 posteris
731 5838 906 5895 quam
922 5823 1179 5896 linguam
1195 5825 1466 5883 doctrina
1482 5825 1817 5884 Christiana

1916 4600 2194 4673 Cypriano
2244 4601 2579 4673 presbytero
2632 4602 2870 4672 scriptos
2916 4617 3055 4669 esse,
3106 4602 3194 4656 vel
3246 4603 3445 4658 saltem
3488 4604 3548 4658 in

1915 4696 2272 4766 episcopatus
2316 4694 2649 4765 primordiis
2688 4694 2923 4766 scriptos
2964 4694 3321 4750 crediderim.
3361 4699 3422 4750 1n
3458 4697 3547 4751 his

1916 4789 2071 4843 enim
2108 4788 2329 4842 nullum
2366 4793 2548 4843 exstat
2587 4804 2787 4843 eorum
2831 4787 3135 4858 vestigium
3180 4805 3310 4858 qua
3349 4792 3549 4858 postea

1916 4881 2230 4953 Cyprianus
2272 4884 2429 4935 tanto
2468 4881 2643 4935 animi
2689 4881 2893 4935 ardore
2937 4880 3214 4947 defendit,
3261 4880 3378 4936 sive
3420 4899 3551 4938 cum

1914 4976 2102 5046 lapsos
2154 4990 2259 5028 nec
2313 4975 2436 5029 sine
2485 4974 2819 5046 poenitentia
2870 4974 3228 5046 recipiendos
3280 4976 3550 5032 adversus

1917 5067 2347 5137 Felicissimum,
2382 5084 2489 5123 nec
2526 5084 2560 5123 a
2594 5084 2693 5141 spe
2722 5067 2901 5122 venia
2935 5068 3318 5124 excludendos
3348 5070 3548 5128 adver-

1916 5178 2011 5217 sus
2055 5162 2436 5217 Novatianum
2480 5162 2882 5229 contenderet;
2931 5162 3046 5218 sive
3092 5178 3222 5218 cum
3275 5163 3552 5220 unitatem
3628 5210 3639 5221 .

1916 5254 2175 5310 Ecclesia
2230 5255 2502 5311 adversus
2559 5259 2869 5327 utrumque
2916 5260 3204 5323 tueretur;
3253 5255 3381 5330 83
3437 5257 3552 5313 sive

1916 5365 2048 5404 cum
2086 5348 2367 5419 baptisma
2407 5355 2572 5405 extra
2610 5349 2916 5404 Ecclesiam
2960 5349 3181 5406 nullum
3223 5355 3282 5406 et
3324 5351 3553 5407 irritum

1917 5457 2039 5496 esse
2085 5446 2387 5513 pugnaret.
2437 5445 2500 5498 In
2548 5443 2714 5497 tertio
2759 5442 2902 5497 libro
2945 5443 3222 5498 nonnulla
3262 5443 3551 5515 depromit

1916 5535 2220 5608 Scriptura
2261 5536 2590 5591 testimonia
2627 5536 2897 5591 adversus
2937 5536 3236 5592 hareticos
3277 5542 3335 5592 et
3371 5537 3547 5592 schis-

1917 5629 2169 5699 maticos,
2212 5631 2309 5686 sed
2351 5631 2528 5686 multo
2566 5630 2769 5685 fuisset
2808 5629 3039 5684 uberior
3071 5634 3130 5685 et
3158 5631 3551 5686 vehementior

1917 5727 1965 5781 si
2011 5725 2071 5778 in
2114 5723 2235 5795 ipso
2283 5724 2550 5780 incendio
2600 5727 2770 5795 atque
2820 5723 2969 5778 inter
3016 5728 3200 5779 motus
3247 5723 3317 5778 ab
3359 5724 3548 5779 hare-

1920 5820 2047 5878 ticis
2108 5818 2374 5875 excitatos
2429 5818 2760 5891 scripsisset.
2816 5816 2965 5881 Quin
3028 5818 3203 5872 etiam
3266 5817 3417 5888 quod
3474 5816 3553 5872 ait
