4084 6208
415 268 482 320 83
1413 255 1416 259 ’
1765 273 1915 327 νιΤΑ
1953 273 2010 326 s.

2147 270 2384 325 PltlANl.
3703 263 3771 319 84

412 388 509 444 lib.
555 405 632 454 Ill,
681 404 806 460 cap.
850 393 937 457 28,
983 412 1010 438 ‹‹
1053 392 1170 445 Non
1214 407 1377 461 posse
1421 393 1477 446 in
1531 393 1775 449 Ecclesia
1821 394 2031 449 remitti
2059 393 2337 478 Ajulium
2369 407 2626 446 mensem
2652 390 2790 445 anni
2819 393 2941 444 252.
2971 389 3062 444 Sic
3089 388 3245 443 enim
3273 389 3414 441 solet
3443 387 3771 457 Cyprianus

414 483 465 538 ei
496 482 592 554 qui
632 484 692 537 in
736 485 918 538 Deum
957 484 1281 555 deliquerit,
1328 508 1356 536 ››
1396 486 1472 554 id,
1514 487 1618 542 etsi
1661 504 1777 542 non
1818 489 2033 543 incom-

416 577 584 632 mode
620 576 988 648 explanatum
1031 579 1200 634 fuisse
1237 595 1400 650 spero
1447 582 1504 634 in
1543 581 1874 651 prmfatione
1912 599 2036 653 cap.

417 674 467 736 9,
514 670 770 725 animum
816 674 1016 726 tamen
1063 673 1345 744 signiﬁcat
1393 675 1582 729 minus
1636 679 1916 730 attentum
1967 676 2041 730 ad

415 768 766 819 commotam
817 781 850 818 a
900 766 1203 821 Novatiano
1253 769 1713 824 controversiam.
1769 769 2042 824 Observat

417 857 602 912 Fellus
628 874 733 913 nec
761 858 1063 930 Scriptura;
1093 861 1408 916 testimonia
1439 862 1528 917 his
1552 863 1611 917 in
1647 863 1805 918 libris
1831 863 2036 918 eodem

417 951 585 1006 modo
615 953 776 1007 citari
807 970 871 1007 ac
905 954 967 1008 in
1004 955 1144 1023 aliis,
1175 972 1280 1010 nec
1309 956 1611 1028 Scripturaz
1639 958 1812 1013 libros
1837 957 2042 1012 iisdem

416 1045 744 1100 nominibus
786 1046 1106 1118 designari;
1148 1066 1212 1102 ex
1255 1065 1366 1120 quo
1403 1051 1640 1121 scriptos
1681 1067 1802 1105 esse
1833 1050 2038 1106 conﬁr-

416 1141 538 1194 mat
579 1145 710 1194 ante
753 1140 866 1196 alia
905 1142 1172 1213 Cypriani
1215 1159 1409 1213 opera.
1450 1145 1708 1216 Inscripti
1745 1149 1880 1199 sunt
1911 1145 2044 1209 Qui-

411 1233 558 1301 rino,
607 1250 775 1304 quem
831 1236 1013 1290 tilium
1064 1237 1312 1307 appellat
1363 1239 1710 1308 Cyprianus,
1766 1239 2038 1310 cujusque

413 1331 613 1397 rogatu
642 1329 944 1400 Scriptura
983 1331 1315 1385 testimonia
1353 1331 1425 1386 ad
1466 1336 1619 1386 certa
1654 1332 1912 1403 quaedam
1950 1348 2039 1386 ca-

415 1421 536 1492 pita
560 1423 860 1490 revocavit,
901 1423 1043 1477 nihil
1069 1424 1136 1478 de
1168 1440 1268 1477 suo
1293 1441 1583 1495 apponens
1612 1433 1824 1495 praeter
1851 1425 2043 1480 titulos

416 1521 472 1569 et
495 1515 857 1585 praefationes
883 1516 1068 1586 primo
1101 1522 1158 1572 et
1186 1517 1354 1572 tertio
1386 1517 1532 1573 libro
1561 1519 1902 1589 praemissas.
1933 1521 2044 1574 Hos

417 1612 610 1662 autem
653 1608 829 1663 libros
869 1610 967 1679 qui
1003 1610 1288 1681 Cypriano
1328 1611 1676 1682 abjudicant,
1709 1615 1807 1665 aut
1844 1612 2043 1666 saltem

416 1701 648 1755 tertium
674 1701 743 1756 ab
774 1703 1011 1758 Erasmo
1041 1703 1100 1756 in
1129 1704 1314 1758 lucem
1344 1703 1584 1771 editum,
1616 1705 1674 1758 hi
1705 1705 2046 1759 refelluntur

2138 490 2430 543 mchoatos
2477 503 2654 540 annos
2700 501 2802 556 pro
2847 483 3082 554 integris
3129 497 3434 536 numerare
3483 497 3495 534 :
3545 483 3774 550 tempus

2139 583 2391 652 elapsum
2425 597 2458 634 a
2495 595 2690 634 mense
2714 577 2981 648 januario
3020 582 3119 631 aut
3159 575 3443 630 februario
3491 574 3629 628 anni
3671 577 3773 628 250

2141 692 2319 746 usque
2349 675 2416 728 ad
2446 674 2653 730 Pascha
2682 671 2819 727 anni
2846 675 2966 738 251,
2997 669 3298 725 biennium
3327 672 3486 722 vocat
3516 667 3572 721 in
3603 666 3770 738 epist.

2139 773 2240 840 40,
2275 770 2534 824 similiter
2573 766 2882 822 triennium
2923 765 3337 834 interpretatur
3378 763 3436 816 in
3479 761 3646 832 epist.
3684 764 3774 816 53.

2138 867 2343 933 Quare,
2384 865 2428 917 si
2470 862 2764 917 ordinatus
2805 861 3001 915 fuisset
3039 858 3188 912 circa
3231 856 3443 912 Pascha
3471 856 3603 910 anni
3647 857 3772 924 249,

2141 958 2582 1030 quadriennium
2613 970 2918 1010 numerare
2957 957 3179 1024 poterat
3218 967 3417 1005 mense
3451 949 3598 1021 julio
3639 948 3776 1004 anni

2140 1057 2275 1122 252;
2318 1053 2412 1107 sed
2455 1068 2586 1105 eum
2623 1051 2743 1121 jam
2789 1049 3119 1119 episcopum
3164 1046 3334 1100 fuisse
3375 1044 3524 1098 circa
3569 1043 3777 1097 Pascha

2140 1146 2271 1201 anni
2325 1148 2427 1200 249
2481 1142 2855 1216 perspicimus
2909 1158 2978 1196 ex
3030 1139 3270 1211 cpistola
3316 1139 3386 1192 24
3436 1137 3493 1190 in
3550 1153 3773 1191 secessu

2141 1241 2369 1311 scripta,
2403 1240 2462 1293 in
2493 1255 2603 1309 qua
2643 1237 2723 1292 ait
2759 1252 2817 1290 se
2846 1235 3043 1290 Saturo
3083 1234 3171 1288 die
3211 1231 3438 1287 Paschas
3471 1230 3772 1284 lectionem

2142 1335 2314 1389 semel
2342 1338 2512 1404 atque
2541 1332 2750 1386 iterum
2783 1329 3022 1384 dedisse.
3052 1329 3166 1382 Hoc
3207 1327 3363 1380 enim
3394 1324 3606 1380 Pascha
3641 1339 3773 1377 cum

2142 1428 2342 1483 referri
2373 1443 2488 1481 non
2519 1425 2695 1496 possit
2720 1425 2790 1479 ad
2821 1438 3036 1478 annum
3072 1425 3196 1486 250,
3228 1419 3427 1474 aberat
3453 1417 3606 1473 enim
3639 1420 3774 1470 tunc

2141 1521 2470 1592 Cyprianus,
2502 1519 2704 1574 referri
2731 1518 2899 1572 debet
2923 1517 2992 1571 ad
3023 1531 3237 1570 annum
3275 1515 3377 1567 249
3412 1529 3425 1566 :
3464 1512 3563 1566 sed
3600 1511 3772 1578 forte,

2144 1632 2274 1670 cum
2312 1615 2625 1668 lectionem
2657 1613 2859 1668 Saturo
2897 1609 3080 1677 daret,
3113 1624 3310 1663 recens
3344 1612 3467 1661 erat
3500 1604 3570 1659 ab
3608 1603 3774 1658 Ordi-

2147 1709 2398 1775 natione,
2440 1724 2546 1762 nec
2584 1705 2896 1777 quidquam
2933 1708 3088 1758 vetat
3126 1717 3228 1756 cur
3272 1717 3404 1754 eum
3446 1697 3774 1752 ordinatum

415 1795 473 1849 in
506 1794 695 1865 prima
722 1795 929 1849 Baluzii
966 1796 1037 1849 ad
1077 1797 1178 1851 hos
1217 1797 1390 1852 libros
1428 1797 1839 1865 observatione,
1868 1815 2043 1869 quam
2067 1776 2121 1846 Β
2145 1804 2401 1858 dicamus
2439 1801 2603 1856 initio
2644 1800 2780 1854 anni
2823 1800 2948 1854 249.
2996 1797 3050 1853 Si
3101 1802 3294 1850 tamen
3339 1791 3774 1848 Ordinationem

415 1904 602 1958 opera:
629 1888 882 1958 pretium
910 1892 995 1944 est
1022 1891 1232 1961 legere.

487 1983 548 2036 In
590 1981 898 2053 presbyteri
942 1982 1125 2052 gradu
1163 1999 1278 2038 non
1321 1982 1416 2037 diu
1457 1984 1666 2038 mansit
1704 1985 2040 2055 Cyprianus,

416 2075 514 2130 sed
569 2077 741 2146 paulo
791 2077 934 2146 post,
987 2079 1049 2130 ut
1095 2091 1158 2130 ex
1211 2076 1394 2131 Pontii
1446 2077 1774 2132 testimonio
1823 2080 2046 2150 perspi-

415 2171 582 2238 citur,
612 2173 838 2224 mortuo
866 2169 1127 2240 episcopo
1153 2171 1582 2242 Carthaginensi
1611 2171 1889 2227 sufﬁcitur
1912 2193 1938 2220 ‹‹
1955 2173 2044 2244 ju-

414 2263 560 2318 dicio
601 2263 697 2318 Dei
746 2269 801 2318 et
843 2263 1024 2335 plebis
1064 2265 1274 2319 favore.
1308 2286 1335 2313 »
1372 2265 1495 2320 Non
1534 2269 1727 2320 tamen
1768 2265 1932 2321 facile
1973 2267 2042 2321 ab

415 2372 481 2412 eo
527 2357 892 2427 impetratum
939 2362 1021 2412 est
1069 2361 1130 2412 ut
1183 2361 1407 2413 tantum
1457 2374 1616 2426 onus,
1665 2359 1898 2427 subiret,
1945 2361 2042 2414 sed

419 2472 446 2500 α
485 2466 616 2505 cum
661 2451 718 2504 in
761 2450 1126 2506 dilectionem
1166 2452 1286 2522 ejus
1329 2459 1386 2507 et
1422 2453 1700 2508 honorem
1742 2457 1895 2508 totus
1936 2471 2040 2525 po-

413 2544 582 2616 pulus
623 2544 912 2614 aspirante
961 2544 1197 2599 Domino
1245 2547 1548 2616 prosiliret,
1601 2547 1900 2602 humiliter
1946 2548 2041 2602 ille

413 2637 662 2704 secessit,
691 2638 1106 2709 antiquioribus
1144 2639 1347 2695 cedens
1379 2644 1437 2694 et
1462 2640 1766 2712 indignum
1794 2658 1850 2696 se
1880 2641 2042 2697 titulo

415 2731 560 2785 tanti
587 2731 823 2786 honoris
857 2730 1207 2788 existimans.
1236 2751 1265 2784 »
1297 2733 1425 2802 Sed,
1461 2750 1591 2788 cum
1631 2735 1824 2806 pOpuli
1857 2735 2044 2790 studia

412 2824 564 2878 illius
591 2841 820 2879 necesse
847 2825 1028 2896 magis
1067 2827 1532 2896 accenderentur,
1564 2831 1622 2882 et
1655 2829 1804 2882 fores
1841 2829 2044 2882 domus

415 2919 644 2990 copiosa
681 2920 1005 2974 fraternitas
1041 2919 1343 2988 obsideret,
1377 2939 1440 2976 ac
1481 2937 1581 2993 per
1617 2939 1819 2976 omnes
1859 2923 2044 2977 aditus

413 3012 652 3067 sollicita
695 3012 939 3066 Charitas
981 3011 1265 3078 circuiret,
1310 3015 1508 3069 cedere
1559 3019 1782 3070 coactus
1828 3022 1913 3070 est
1955 3016 2040 3070 di-

2145 1897 2392 1967 suscepit
2429 1911 2577 1949 anno
2607 1895 2730 1961 248,
2772 1892 2928 1964 quod
2955 1891 3080 1945 ﬁeri
3119 1889 3334 1960 optime
3363 1886 3614 1958 potuisse
3659 1900 3775 1938 non

2144 1991 2386 2057 inﬁcior,
2407 1995 2560 2044 certe
2592 2005 2703 2042 non
2727 1988 2907 2042 multo
2934 1989 3064 2040 ante
3085 1998 3341 2038 mensem
3362 1981 3569 2051 julium
3594 1994 3774 2032 susce-

2145 2085 2243 2156 pit.
2271 2081 2736 2154 Quinquennium
2778 2081 2936 2135 enim
2970 2096 3070 2133 suo
3103 2092 3280 2144 more,
3316 2091 3430 2129 non
3461 2072 3772 2145 quadrien-

2146 2181 2303 2234 nium
2331 2183 2685 2233 numerasset
2725 2191 2924 2229 mense
2955 2174 3098 2244 julio
3130 2172 3368 2225 ineunte
3406 2168 3542 2223 anni
3571 2170 3696 2235 252,
3725 2164 3775 2218 si

2145 2289 2339 2327 mense
2369 2272 2521 2326 maio
2551 2270 2838 2324 ordinatus
2864 2267 3060 2322 fuisset
3083 2282 3232 2320 anno
3262 2265 3387 2319 248.

2216 2368 2482 2436 Elapsum
2521 2368 2749 2434 tempus
2788 2363 2858 2417 ab
2896 2361 3058 2415 initio
3095 2360 3448 2430 episc0patus
3488 2369 3666 2425 usque
3699 2352 3773 2407 ad

2143 2460 2595 2532 persecutionem
2629 2457 2780 2512 Decii
2810 2455 3114 2524 insumpsit
3139 2453 3453 2524 Cyprianus
3486 2451 3545 2503 in
3577 2465 3772 2502 emen-

2143 2554 2344 2608 dandis
2369 2569 2603 2606 suorum
2631 2550 2882 2605 moribus
2916 2553 2973 2602 et
3001 2547 3313 2617 disciplinas
3344 2544 3567 2614 legibus
3601 2545 3774 2595 tuen-

2144 2649 2247 2701 dis.
2285 2647 2377 2700 Ait
2406 2646 2560 2700 enim
2603 2645 2660 2698 in
2700 2644 2866 2714 epist.
2911 2646 2973 2696 55
3009 2663 3036 2690 ‹‹
3064 2641 3123 2694 in
3167 2641 3354 2710 quiete
3396 2635 3710 2706 disciplina-
3745 2657 3774 2683 »

2143 2739 2416 2795 serviisse.
2448 2742 2588 2795 Cum
2631 2737 2939 2792 maximam
2978 2750 3206 2804 semper
3241 2731 3528 2802 virginum
3573 2743 3775 2782 curam

2145 2834 2399 2905 gesserit,
2433 2849 2548 2886 non
2582 2829 2946 2885 incommode
2975 2827 3237 2882 nonnulli
3269 2826 3339 2880 ad
3368 2824 3529 2878 initia
3555 2822 3774 2892 episco-

2144 2931 2305 2998 patus
2331 2925 2588 2980 referunt
2621 2925 2832 2978 librum
2870 2923 2935 2977 de
2960 2923 3162 2978 Habitu
3190 2922 3488 2989 virginum.
3518 2915 3623 2970 Alii
3655 2915 3778 2968 haec

2143 3019 2336 3086 verba,
2383 3041 2411 3069 ‹‹
2453 3019 2552 3072 has
2601 3019 2974 3072 adhortamur
3026 3015 3324 3070 affectione
3372 3011 3555 3082 magis
3599 3024 3775 3080 quam

413 3106 560 3160 vina:
610 3106 882 3160 voluntati
947 3109 1027 3160 tot
1089 3107 1256 3162 rebus
1311 3109 1626 3163 manifestis
1687 3109 2038 3179 signiﬁcata.
2066 3141 2119 3215 C
2147 3117 2447 3185 potestate,
2489 3132 2516 3164 »
2560 3112 2953 3183 presbyterum
2991 3109 3174 3181 magis
3213 3109 3411 3162 decere
3443 3120 3614 3175 quam
3652 3102 3775 3172 epi-

414 3199 677 3263 Quamvis
705 3205 898 3254 autem
926 3201 1283 3270 episcopatus
1309 3202 1481 3255 invito
1508 3206 1564 3255 et
1594 3203 1837 3272 fugienti
1865 3203 2044 3273 impo-

415 3291 554 3345 situs
579 3291 771 3359 fuerit,
800 3308 917 3346 non
945 3292 1253 3346 defuerunt
1285 3293 1380 3364 qui
1412 3294 1560 3348 illius
1590 3295 1868 3360 electioni,
1898 3295 2045 3350 facta

415 3385 828 3454 conjuratione,
858 3385 1301 3453 intercederent;
1332 3387 1481 3440 inter
1506 3405 1645 3458 quos
1670 3388 1922 3459 quinque
1952 3407 2046 3459 po-

413 3478 695 3533 tissimum
733 3479 1046 3550 presbyteri
1089 3481 1399 3550 nequitiam
1441 3498 1605 3535 suam
1644 3482 2039 3537 nobilitarunt.

413 3572 634 3625 Exarsit
664 3572 842 3643 plebis
869 3572 1187 3643 indignatio
1220 3575 1277 3628 in
1314 3574 1716 3629 obtrectatores
1753 3575 2040 3646 Cypriani,

417 3672 477 3720 ut
502 3669 658 3736 patet
684 3683 747 3720 ex
777 3666 942 3736 epist.
974 3666 1074 3733 40;
1106 3667 1203 3720 sed
1241 3668 1380 3722 nihil
1413 3668 1770 3738 praetermisit
1810 3670 2040 3740 Cypria-

417 3776 523 3814 nus
556 3763 617 3812 ut
657 3760 1005 3814 exulceratas
1036 3765 1261 3814 mentes
1291 3761 1362 3814 ad
1391 3763 1690 3817 sanitatem
1730 3767 2040 3830 revocaret,

422 3874 449 3902 ‹‹
491 3853 861 3907 amicissimos
895 3869 993 3907 eos
1023 3858 1078 3908 et
1115 3853 1266 3908 inter
1307 3856 1652 3909 necessarios
1691 3862 2040 3927 computans,

418 3947 757 4001 mirantibus
802 3947 1018 4013 multis,
1062 3969 1090 3996 ν
1134 3947 1211 4002 ait
1253 3948 1502 4006 Pontius.
1545 3953 1614 4002 At
1663 3951 1914 4021 quinque
1963 3951 2044 4004 illi

417 4040 727 4111 presbyteri
756 4045 1092 4112 conceptum
1122 4057 1407 4094 venenum
1449 4042 1713 4097 medullis
1754 4045 2040 4112 aluerunt,

416 4134 571 4206 quod
593 4140 720 4206 post
745 4134 961 4205 aliquot
985 4151 1161 4189 annos
1180 4135 1421 4190 conﬂato
1447 4136 1746 4191 schismate
1775 4138 2045 4192 violenter

419 4228 622 4298 erupit.
644 4228 990 4299 Augustinus
1018 4227 1115 4281 lib.
1141 4245 1196 4297 ιι,
1222 4229 1286 4283 de
1307 4231 1488 4299 Bapt.,
1513 4246 1565 4283 c.
1586 4234 1638 4298 ‘7,
1665 4231 2042 4301 Agrippinum

418 4321 684 4391 Cypriani
727 4321 1200 4392 praedecessorem
1246 4329 1419 4376 vocat.
1465 4323 1569 4377 Sed
1619 4323 1749 4377 huic
1792 4325 2044 4394 proxime

418 4430 536 4468 non
579 4414 837 4468 successit
876 4414 1206 4485 Cyprianus,
1241 4421 1361 4470 tum
1403 4415 1535 4487 quia
1573 4417 1631 4470 in
1667 4417 1827 4487 epist.
1863 4421 1927 4472 73
1968 4418 2045 4472 ait

2145 3223 2376 3278 scopum
2406 3206 2630 3271 volunt;
2665 3206 2758 3259 sed
2800 3203 3138 3258 Pearsonius
3166 3202 3284 3256 haec
3316 3199 3485 3254 verba
3511 3195 3780 3268 Cypriani

2145 3300 2440 3355 modestia:
2459 3299 2746 3365 attribuit;
2771 3297 3154 3369 episcopalem
3174 3294 3566 3349 auctoritatem
3585 3291 3780 3361 vigere

2145 3394 2267 3447 aliis
2309 3393 2366 3446 in
2409 3393 2544 3447 locis
2589 3393 2868 3458 observat,
2917 3391 3068 3446 velut
3108 3405 3239 3444 cum
3284 3389 3363 3441 ait
3403 3384 3715 3457 Cyprianus
3760 3399 3775 3436 :

2147 3504 2173 3533 «
2225 3483 2427 3538 Audite
2481 3483 2677 3554 igitur,
2729 3481 2998 3552 virgines,
3054 3485 3116 3534 ut
3163 3480 3500 3549 parentem;
3557 3473 3780 3540 audite,

2145 3593 2355 3648 quaeso,
2381 3592 2479 3630 vos
2504 3576 2802 3630 docentem
2836 3574 3050 3645 pariter
3077 3589 3141 3626 ac
3176 3575 3530 3626 monentem.
3562 3590 3588 3617 ››
3619 3568 3781 3620 Hunc

2145 3670 2354 3724 librum
2389 3669 2569 3739 rejicit
2614 3668 2894 3739 Rigaltius
2932 3673 3060 3737 post
3097 3666 3253 3720 Decii
3294 3661 3776 3734 persecutionem,

2144 3765 2250 3818 hoc
2294 3764 2472 3817 fretus
2512 3765 2854 3833 argumento
2899 3761 3053 3832 quod
3101 3777 3133 3814 a
3172 3758 3370 3813 Pontio
3416 3759 3782 3810 recenseatur

2145 3859 2296 3911 inter
2326 3873 2391 3910 ea
2426 3856 2692 3928 Cypriani
2731 3872 2906 3926 opera
2947 3855 3150 3925 quibus
3190 3852 3464 3906 caruisset
3504 3847 3777 3914 Ecclesia,

2146 3951 2253 4004 nisi
2300 3950 2659 4005 ethnicorum
2699 3950 2978 4019 impetum
3021 3946 3333 4018 Cyprianus
3375 3941 3638 4015 prudenti
3685 3957 3778 3993 se-

2143 4060 2304 4098 cessu
2332 4043 2638 4114 effugisset.
2663 4042 2772 4098 Sed
2795 4059 2907 4095 non
2929 4041 3068 4094 vidit
3089 4038 3364 4109 Rigaltius
3386 4038 3570 4107 ipsum
3600 4034 3778 4088 etiam

2144 4139 2352 4192 librum
2402 4138 2477 4191 ad
2521 4141 2794 4192 Donatum
2840 4153 2870 4189 a
2919 4135 3122 4189 Pontio
3174 4133 3254 4186 sic
3309 4128 3779 4192 commemorari,

2144 4248 2318 4304 quem
2370 4237 2560 4285 tamen
2615 4230 2776 4284 initio
2831 4227 3221 4283 conversionis
3274 4225 3550 4295 scriptum
3600 4238 3781 4276 nemo

2144 4324 2457 4395 negaverit.
2490 4323 2646 4377 Unde
2677 4328 2830 4393 patet
2860 4321 3126 4375 Pontium
3153 4318 3415 4390 Cypriani
3450 4333 3622 4387 opera
3650 4315 3786 4369 data

2146 4418 2436 4472 occasione
2462 4432 2823 4484 enumerare,
2849 4431 2962 4469 non
2993 4414 3156 4468 modo
3184 4429 3309 4483 qua:
3339 4416 3465 4482 post
3491 4424 3784 4464 secessum

419 4508 629 4561 multos
652 4507 770 4577 jam
813 4524 996 4562 annos
1037 4525 1154 4562 esse
1197 4514 1253 4563 et
1293 4509 1522 4580 longam
1561 4513 1787 4564 aetatem
1834 4528 1902 4565 ex
1935 4527 2046 4582 quo
2070 4508 2126 4580 D
2151 4511 2468 4581 scripserat.

418 4601 522 4655 sub
548 4601 858 4672 Agrippino
896 4602 1189 4656 decretum
1227 4602 1286 4656 iu
1318 4602 1553 4658 concilio
1593 4603 1780 4658 fuerat
1808 4605 1879 4659 de
1907 4603 2041 4675 reji-

419 4694 624 4749 ciendo
655 4694 1055 4750 haereticorum
1076 4695 1386 4766 baptismo;
1408 4700 1529 4751 tum
1551 4698 1685 4768 quia
1707 4697 1765 4750 in
1791 4698 1954 4768 epist.
1978 4702 2042 4752 55

419 4793 483 4843 ut
524 4789 833 4843 Fabianum
875 4789 1121 4844 Cornelii
1159 4789 1236 4844 ita
1277 4791 1562 4845 Donatum
1603 4791 1854 4862 appellat
1887 4797 2044 4845 ante-

422 4898 700 4936 cessorem
747 4899 931 4936 suum.
977 4883 1112 4938 Huic
1151 4899 1312 4954 ergo,
1343 4889 1403 4938 ut
1433 4883 1911 4939 verisimillimum
1941 4890 2042 4953 est,

418 4975 676 5046 proxime
703 4976 987 5030 successit.

489 5069 802 5140 Cyprianus
837 5070 896 5124 in
939 5070 1103 5141 epist.
1138 5075 1224 5138 55,
1253 5088 1403 5125 anno
1443 5074 1542 5125 252
1580 5071 1806 5142 scripta,
1842 5092 1869 5122 ‹‹
1898 5071 2047 5142 plebi

333 5203 342 5213 .
421 5180 538 5217 sua;
564 5163 623 5218 in
652 5165 984 5235 episcopatu
1023 5164 1397 5235 quadriennio
1426 5165 1551 5236 jam
1590 5165 1892 5236 probatum
1930 5187 1956 5215 ››
1985 5181 2047 5219 se

421 5273 540 5312 esse
570 5258 722 5313 dicit.
743 5259 821 5312 Ex
849 5274 961 5329 quo
991 5274 1123 5312 eum
1151 5257 1479 5313 ordinatum
1504 5259 1678 5314 fuisse
1703 5259 2048 5314 concludunt

421 5367 570 5407 anno
611 5353 735 5418 248,
775 5351 872 5421 qui
909 5351 979 5406 de
1009 5351 1158 5406 illius
1186 5351 1359 5406 rebus
1397 5352 1571 5423 gestis
1610 5357 2043 5423 pertractarunt.

422 5442 534 5498 Sed
561 5447 777 5512 tamen,
808 5443 852 5497 si
881 5444 1124 5500 rationes
1153 5445 1468 5500 accuratius
1497 5444 1894 5515 subducamus,
1931 5463 2046 5500 non

421 5542 540 5590 tam
571 5542 720 5591 certa
759 5543 817 5592 et
856 5537 1150 5608 explorata
1192 5555 1283 5594 res
1313 5545 1414 5606 est,
1454 5554 1624 5610 quam
1665 5538 1901 5593 eruditis
1938 5539 2078 5596 illis.

421 5628 553 5683 viris
594 5627 720 5702 84
759 5630 980 5685 videtur
992 5649 1008 5701 ς
1049 5648 1113 5686 ac
1150 5632 1272 5688 ﬁeri
1313 5632 1529 5704 optime
1559 5631 1746 5703 potuit
1787 5635 1847 5685 ut
1884 5631 2047 5686 initio

421 5722 557 5776 anni
589 5725 691 5778 249
719 5723 1029 5794 ordinatus,
1061 5733 1306 5798 quatuor
1344 5726 1698 5798 episcopatus
1729 5741 1908 5780 annos
1937 5741 2045 5779 nu-

418 5822 665 5873 meraret
695 5819 750 5874 in
783 5820 884 5873 hac
917 5821 1078 5892 epist.
1111 5825 1196 5890 55,
1230 5838 1355 5893 quas
1380 5821 1545 5876 scribi
1583 5821 1669 5875 vix
1703 5819 1888 5892 potuit
1920 5823 2049 5875 ante

2215 4605 2369 4658 Circa
2408 4603 2562 4659 idem
2603 4606 2846 4673 tempus,
2888 4601 2946 4656 id
2989 4604 3093 4667 est,
3133 4605 3260 4654 ante
3298 4597 3783 4670 persecutionem,

2146 4697 2354 4768 scripta
2381 4697 2738 4751 existimatur
2765 4696 2927 4766 epist.
2954 4698 3041 4759 66,
3065 4708 3237 4765 quam
3265 4693 3577 4764 Cyprianus
3608 4689 3782 4759 scrip-

2147 4792 2217 4846 sit
2258 4812 2285 4839 α
2325 4790 2670 4861 presbyteris
2713 4795 2770 4843 et
2815 4788 3065 4843 diaconis
3112 4790 3169 4841 et
3209 4787 3364 4857 plebi
3406 4784 3605 4839 Furuis
3644 4800 3783 4837 con-

2148 4883 2492 4948 sistentibus,
2547 4904 2572 4931 »
2636 4883 2705 4937 de
2761 4882 3011 4953 quodam
3064 4881 3322 4936 Gemiuio
3377 4879 3627 4944 Victore,
3680 4876 3784 4948 qui

2147 4977 2471 5032 Geminium
2512 4976 2842 5030 Faustinum
2882 4975 3276 5046 presbyterum
3315 4977 3564 5028 tutorem
3609 4975 3781 5026 testa-

2149 5075 2345 5126 mento
2379 5086 2478 5125 suo
2507 5071 2919 5124 nominaverat.
2952 5069 3117 5124 Jubet
3144 5067 3430 5122 observari
3459 5065 3785 5137 Cyprianus

2147 5165 2300 5237 quod
2345 5165 2520 5235 ipsius
2563 5170 2944 5219 antecessores
2989 5162 3237 5232 episcopi
3275 5161 3626 5233 jampridem
3667 5162 3780 5213 sta-

2151 5263 2392 5325 tuerant,
2428 5279 2456 5306 «
2487 5274 2559 5312 ne
2597 5258 2721 5329 quis
2765 5258 2941 5311 frater
2980 5256 3258 5310 excedens
3298 5255 3370 5310 ad
3411 5255 3650 5309 tutelam
3691 5255 3784 5308 vel

2148 5367 2345 5406 curam
2386 5351 2658 5405 clericum
2689 5349 3033 5419 nominaret,
3059 5365 3124 5403 ac
3159 5349 3208 5404 si
3241 5349 3367 5420 quis
3398 5348 3503 5402 hoc
3535 5347 3781 5416 fecisset,

2149 5461 2265 5500 non
2301 5445 2600 5499 offerretur
2635 5459 2738 5514 pro
2774 5459 2864 5510 eo,
2896 5459 3001 5497 nec
3039 5441 3378 5497 sacriﬁcium
3418 5458 3520 5512 pro
3567 5441 3776 5496 dormi-

2149 5538 2305 5592 tione
2341 5538 2462 5608 ejus
2510 5536 2913 5591 celebraretur.
2961 5557 2988 5586 »
3031 5536 3454 5592 Deliberaverat
3491 5551 3560 5590 ea
3603 5535 3671 5591 de
3719 5551 3782 5588 re

2151 5632 2460 5702 Cyprianus
2493 5647 2622 5686 cum
2665 5629 2898 5700 collegis
2937 5631 3036 5702 qui
3073 5634 3384 5702 praesentes
3421 5631 3683 5698 aderant,
3725 5637 3787 5686 et

2149 5725 2620 5796 compresbyteris
2646 5725 2742 5796 qui
2777 5724 3114 5779 assidebant.
3146 5724 3306 5795 Saepe
3349 5725 3504 5778 enim
3546 5725 3785 5796 negotia

2152 5820 2446 5892 episcopos
2491 5818 2782 5875 Africanos
2827 5817 2953 5891 85
3000 5817 3408 5890 Carthaginem
3452 5817 3780 5884 trahebant,
