4084 6208
255 276 309 327 85
814 272 829 287 ‘
1595 269 1750 325 VlTA
1787 273 1846 325 S.
1884 272 2217 327 CYPRIANL
3514 275 3581 327 86

249 395 565 467 quibuscum
594 394 892 465 episcopus
920 392 1382 463 Curthaginensis
1401 393 1736 449 continuum
1773 411 1857 448 ve-
1879 399 2161 480 Aposset,
2208 395 2474 466 querelas
2518 397 2588 451 ad
2631 412 2688 451 se
2734 397 3021 452 detulerit.
3072 396 3279 452 Statuit
3323 399 3582 466 oportere

251 488 335 542 luti
363 488 658 542 concilium
696 487 911 542 habere
938 491 1183 557 poterat.
1213 486 1361 542 Satis
1404 490 1599 541 autem
1640 487 1853 557 perspi-

251 587 402 647 citur,
425 586 483 634 ut
510 580 843 635 Pearsonius
868 585 925 635 et
949 579 1336 635 Tillemontius
1364 578 1683 647 observant,
1708 580 1856 634 hanc

249 675 522 746 epistolam
577 674 638 728 in
687 690 827 745 pace
884 674 1153 744 scriptam
1207 672 1399 728 fuisse.
1449 673 1643 744 Neque
1696 673 1855 728 enim

249 768 517 823 Geminius
558 768 668 835 ille,
705 767 964 823 saeviente
1004 767 1421 838 persecutione,
1470 767 1720 821 ﬁliorum
1760 770 1853 821 tu-

248 863 404 916 telam
460 861 792 932 presbytero
839 860 1236 925 commisisset,
1283 875 1456 931 quem
1504 859 1756 930 dignitas
1803 865 1861 913 et

250 971 437 1009 munus
474 971 589 1026 quo
618 954 968 1025 fungebatur
993 954 1053 1008 in
1081 953 1339 1007 medium
1373 952 1679 1007 discrimen
1715 968 1855 1007 con-

242 1050 469 1119 jecisset.
498 1048 811 1102 Verisimile
838 1050 924 1101 est
949 1047 1278 1102 Geminium
1309 1046 1469 1100 illum
1508 1047 1854 1114 Faustinum,

250 1158 403 1213 quem
429 1142 618 1196 Victor
650 1147 896 1196 tutorem
925 1140 1339 1205 nominaverat,
1371 1143 1564 1210 postea
1600 1140 1857 1211 ejusdem

246 1235 385 1288 urbis
411 1235 627 1289 factum
662 1250 787 1289 esse
824 1234 1173 1304 episcopum.
1201 1232 1394 1289 Adfuit
1434 1233 1591 1287 enim
1616 1232 1855 1288 concilio

247 1327 685 1397 Carthaginensi,
717 1342 871 1381 anno
895 1329 1022 1393 256,
1053 1325 1347 1381 Geminius
1379 1326 1735 1381 Furnitanus.

302 1422 427 1475 Tres
455 1420 599 1474 alias
627 1419 902 1491 epistolas
927 1421 1059 1474 ante
1084 1434 1300 1472 annum
1331 1420 1433 1473 250
1461 1418 1697 1490 scriptas
1726 1434 1858 1489 pro-

248 1513 457 1568 nuntiat
496 1512 856 1579 Pearsonius,
886 1511 1298 1583 sexagesimum
1339 1511 1587 1582 primam
1630 1512 1704 1567 ad
1738 1514 1851 1567 Eu-

247 1610 499 1662 chrutium
525 1606 593 1660 de
616 1605 893 1660 histrione
909 1603 1158 1677 quodam
1185 1605 1301 1675 qui,
1327 1604 1429 1660 etsi
1447 1621 1479 1658 a
1498 1604 1721 1660 theatro
1743 1620 1857 1659 ces-

245 1705 466 1770 saverat,
501 1700 687 1754 adhuc
726 1705 919 1754 tamen
949 1703 1132 1753 artem
1173 1713 1337 1752 suam
1376 1698 1651 1766 docebat;
1692 1714 1853 1752 sexa-

242 1798 501 1869 gesimam
544 1788 855 1852 secundam
904 1797 977 1851 ad
1020 1798 1376 1865 Pomponium
1419 1795 1489 1849 de
1536 1772 1932 1865 virginibusB

241 1908 350 1963 quae
380 1907 512 1945 cum
545 1890 828 1958 masculis,
852 1906 917 1944 ex
959 1889 1166 1959 quibus
1208 1905 1355 1943 unus
1397 1894 1521 1943 erat
1557 1889 1851 1956 diaconus,

240 1985 595 2055 deprehensae
622 1985 681 2037 in
711 1982 916 2038 eodem
949 1983 1102 2037 lecto
1130 1983 1394 2049 fuerant;
1439 1982 1855 2052 sexagesimum

241 2078 479 2148 quintam
539 2078 612 2132 ad
655 2079 1019 2146 Rogatianum
1067 2077 1135 2131 de
1181 2075 1431 2146 quodam
1480 2074 1717 2130 diacono
1757 2076 1857 2146 qui

236 2173 280 2225 ei
321 2171 694 2226 contumelias
740 2173 797 2224 et
844 2169 1080 2239 injurias
1128 2168 1360 2234 fecerat,
1409 2184 1512 2222 nec
1559 2168 1856 2238 dignitatis

237 2280 325 2318 nec
366 2263 676 2318 senectutis
717 2261 910 2317 habita
947 2261 1190 2317 ratione.
1233 2262 1289 2316 Si
1332 2260 1557 2331 scriptae
1598 2264 1731 2315 sunt
1765 2261 1855 2315 hue

232 2357 419 2411 litterte
446 2356 612 2411 initio
652 2356 1032 2427 episcopatus,
1065 2370 1297 2409 necesse
1339 2359 1426 2407 est
1471 2360 1534 2409 ut
1569 2354 1693 2425 jam
1732 2360 1855 2408 tum

237 2466 444 2504 summa
484 2449 664 2503 fuerit
691 2448 959 2519 Cypriani
1000 2447 1297 2518 sapientiae
1335 2446 1700 2513 existimatio,
1724 2463 1855 2501 cum

233 2544 363 2597 illius
392 2558 666 2613 responsa
703 2541 954 2612 episc0pi
995 2540 1250 2611 undique
1285 2542 1589 2611 peterent:
1634 2540 1734 2594 sed
1770 2540 1851 2594 fa-

233 2637 457 2690 tendum
474 2636 698 2689 nullam
724 2636 909 2688 inesse
930 2634 1016 2688 his
1034 2633 1289 2704 epistolis
1309 2638 1507 2688 notam
1527 2650 1632 2687 cur
1651 2634 1720 2687 ad
1744 2634 1854 2688 hoc

230 2734 443 2800 tempus
467 2728 820 2783 referantur.
848 2726 1204 2784 Crediderim
1234 2727 1423 2797 potius
1450 2728 1753 2797 Epistulam
1781 2728 1855 2782 ad

231 2826 584 2892 Rogatiauum
634 2821 905 2892 scriptam
964 2836 1082 2875 esse
1133 2828 1261 2891 post
1314 2827 1506 2875 motus
1556 2837 1587 2873 a
1643 2821 1853 2875 Novato

230 2918 449 2988 ejusque
483 2915 817 2987 gregalibus
843 2914 1143 2982 excitatos;
1180 2913 1250 2968 ad
1292 2914 1400 2968 hos
1437 2913 1591 2969 enim
1634 2913 1854 2969 videtur

230 3011 503 3081 respicere
531 3010 849 3080 Cyprianus
873 3023 1003 3062 cum
1029 3008 1109 3062 ait
1131 3024 1143 3062 :
1169 3028 1197 3058 «
1219 3009 1348 3062 Haec
1368 3012 1500 3061 sunt
1519 3007 1673 3062 enim
1695 3007 1854 3062 initia

229 3104 621 3159 hereticorum
650 3107 707 3156 et
731 3107 891 3156 ortus
914 3107 1084 3173 atque
1107 3106 1336 3155 conatus
1361 3100 1850 3155 schismaticorum

230 3198 361 3251 male
397 3196 802 3268 cogitantium,
831 3198 896 3248 ut
925 3194 1029 3248 sibi
1065 3194 1346 3265 placeant,
1377 3197 1442 3248 ut
1483 3194 1852 3264 prazpositum

228 3290 455 3361 superbo
486 3294 715 3343 tumore
752 3291 1139 3343 contemnant.
1170 3287 1259 3342 Sic
1287 3286 1357 3342 de
1406 3287 1654 3343 Ecclesia
1693 3303 1848 3342 rece-

227 3384 386 3451 ditur,
418 3384 499 3437 sic
527 3383 712 3437 altare
743 3381 1042 3453 profanum
1070 3380 1211 3435 foris
1250 3381 1572 3448 collocatur,
1602 3380 1681 3435 sic
1708 3397 1849 3435 con-

227 3479 301 3531 tra
329 3493 531 3549 pacem
560 3475 769 3531 Christi
813 3479 870 3529 et
899 3474 1317 3528 ordinationem
1353 3479 1525 3545 atque
1572 3475 1850 3529 unitatem

226 3571 313 3624 Dei
336 3570 671 3626 rebellatur.
701 3591 730 3619 »

285 3664 555 3736 Cypriani
621 3662 902 3733 sapientia
964 3661 1150 3715 elucet
1208 3660 1266 3715 in
1337 3660 1426 3714 his
1489 3659 1713 3715 litteris.
1785 3664 1849 3716 In

223 3758 573 3830 sexagesima
634 3755 825 3828 prima
897 3754 1145 3809 declarat.
1223 3769 1330 3808 nec
1401 3754 1692 3824 majestati
1761 3754 1845 3809 di-

224 3852 376 3922 vinat,
446 3867 561 3906 nec
629 3847 971 3919 evangelicae
1032 3846 1349 3918 disciplinae
1413 3862 1730 3919 congruere
1783 3853 1848 3904 ut

222 3946 413 4000 histrio
459 3942 872 3999 communicet.
926 3940 1087 4005 Quod
1130 3939 1175 3994 si
1220 3941 1376 3996 enim
1415 3941 1657 4011 penuria
1702 3941 1849 3997 hanc

221 4044 395 4095 artem
449 4052 725 4094 exercere
776 4043 960 4106 cogat,
1014 4033 1283 4089 Ecclesiee'
1343 4034 1665 4105 sumptibus
1726 4051 1844 4089 sus-

220 4132 415 4188 tentari
468 4131 705 4197 debere,
749 4129 920 4184 modo
960 4131 1155 4182 tamen
1199 4130 1499 4182 contentus
1537 4127 1609 4181 sit
1650 4128 1844 4200 fruga-

218 4226 447 4281 lioribus
492 4224 676 4292 cibis;
731 4226 830 4276 aut
882 4222 926 4276 si
975 4221 1088 4276 illic
1142 4220 1390 4276 Ecclesia
1434 4221 1539 4275 hos
1588 4227 1847 4293 sumptus

218 4321 387 4376 iam
430 4335 553 4374 non
596 4316 794 4388 possit,
839 4316 899 4370 in
935 4331 1093 4370 suam
1141 4331 1274 4369 eum
1318 4314 1535 4370 invitat.
1578 4316 1638 4369 1n
1682 4332 1843 4369 sexa-

216 4415 426 4485 gesima
472 4410 728 4467 secunda
782 4409 978 4464 laudat
1020 4408 1403 4479 Pomponium
1461 4409 1612 4479 quod
1668 4410 1844 4464 absti-

1959 490 2262 544 diacouum
2310 511 2337 539 ‹‹
2395 506 2566 560 agere
2609 490 2861 545 audacia:
2904 507 3020 546 sua:
3065 490 3478 563 paenitentiam,
3527 493 3585 545 et

1958 584 2236 639 honorem
2276 583 2578 639 sacerdotis
2621 600 2932 654 agnoscere
2984 606 3012 634 »
3056 584 3183 657 86
3223 589 3280 641 et
3321 588 3581 657 episcopo

1956 676 2262 749 prmposito
2279 693 2379 732 suo
2403 677 2572 748 plena
2591 676 2910 733 humilitate
2938 679 3279 735 satisfacere.
3304 680 3398 734 llic
3419 680 3583 735 facile

1956 771 2297 843 perspicitur
2322 770 2630 825 auctoritas
2659 772 2948 842 Cypriani,
2978 788 3096 827 non
3124 780 3242 828 tam
3285 774 3584 828 consilium

1957 866 2146 921 dantis
2175 880 2350 936 quam
2385 864 2772 935 praecipientis
2801 868 2859 920 et
2890 865 3165 935 jubentis,
3190 870 3312 921 tum
3337 867 3409 921 ob
3437 867 3582 921 sedis

1958 958 2324 1028 dignitatem,
2353 962 2476 1012 tum
2506 958 2642 1029 quia
2678 958 2818 1012 inito
2843 975 2972 1012 cum
3020 959 3300 1030 episcopis
3336 965 3392 1015 et
3426 977 3580 1031 prcs-

1955 1052 2165 1122 byteris
2208 1051 2444 1107 concilio
2493 1067 2767 1121 responsa
2809 1052 2996 1106 dabat.
3026 1053 3166 1107 Nam
3214 1052 3463 1123 epistola:
3506 1054 3582 1108 ad

1956 1148 2307 1215 Pomponium
2347 1148 2403 1199 et
2433 1146 2507 1199 ad
2532 1148 2894 1213 Rogatianum
2934 1145 3158 1217 scriptae
3195 1146 3433 1200 fuerunt
3469 1162 3584 1200 non

1957 1240 2144 1294 solum
2196 1238 2467 1309 Cypriani
2513 1238 2770 1305 nomine,
2819 1239 2915 1293 sed
2970 1239 3140 1293 etiam
3190 1239 3584 1310 episcoporum

1957 1332 2295 1403 quibuscum
2343 1331 2412 1386 de
2452 1331 2757 1402 propositis
2802 1331 2973 1386 rebus
3016 1332 3443 1387 deliberaverat.
3475 1333 3585 1386 Nec

1956 1426 2166 1481 mirum
2194 1440 2328 1479 sane
2359 1429 2445 1479 est
2466 1425 2513 1479 si
2544 1424 2614 1479 de
2642 1424 2997 1496 gravioribus
3023 1425 3190 1480 rebus
3216 1441 3344 1479 cum
3375 1424 3585 1495 episco-

1956 1519 2041 1590 pis
2075 1518 2501 1584 consiliabatur,
2536 1518 2633 1588 qui
2660 1521 2940 1573 statuerat
2956 1518 3026 1572 ab
3048 1517 3211 1573 initio
3230 1517 3585 1589 episcopatus

1957 1614 2044 1668 sui
2092 1611 2236 1667 nihil
2288 1612 2408 1666 sine
2461 1610 2697 1666 consilio
2751 1611 2885 1666 cleri
2944 1617 3001 1666 et
3062 1628 3342 1666 consensu
3404 1612 3584 1683 plebis

1956 1707 2179 1778 privata
2241 1705 2524 1760 sententia
2578 1720 2801 1774 gerere.
2850 1706 2930 1761 Ex
2987 1705 3076 1759 his
3130 1722 3259 1776 quas
3313 1705 3584 1775 deinceps

1959 1800 2216 1854 dicemus
2273 1798 2439 1853 facile
2496 1798 2735 1868 quisque
2790 1798 3095 1869 perspiciet
3144 1804 3358 1869 quanta
3407 1799 3584 1852 fuerit

1955 1893 2221 1964 Cypriani
2249 1892 2307 1946 in
2339 1892 2450 1946 hoc
2477 1907 2688 1962 genere
2730 1891 3025 1962 diligentia
3061 1897 3117 1947 et
3146 1892 3433 1957 sedulitas,
3463 1891 3580 1945 sive

1957 1986 2147 2042 clerici
2172 1984 2470 2040 ordinandi
2503 1988 2710 2051 essent,
2741 2001 2838 2039 seu
2865 1985 3002 2056 quid
3038 1984 3189 2039 aliud
3225 1983 3460 2055 majoris
3499 1984 3580 2039 rei

1956 2079 2374 2151 incipiendum.
2420 2079 2635 2134 Laudat
2674 2079 2904 2133 Pontius
2950 2078 3007 2132 in
3048 2078 3198 2133 illius
3245 2079 3577 2150 episcopatu

1955 2173 2229 2243 pietatem
2272 2175 2330 2227 et
2366 2172 2640 2242 vigorem,
2669 2170 3119 2226 misericordiam
3158 2174 3216 2226 et
3254 2188 3578 2239 censuram,

1957 2278 2189 2334 gravem
2223 2262 2442 2316 vultum
2474 2267 2532 2317 et
2567 2260 2786 2328 laetum,
2814 2276 2919 2315 nec
2960 2261 3317 2316 severitatem
3357 2261 3579 2315 tristem

1954 2372 2059 2411 nec
2081 2356 2407 2411 comitatem
2433 2354 2699 2422 nimiam,
2720 2371 2981 2410 aversum
2999 2371 3031 2408 a
3045 2355 3306 2425 superbia
3323 2354 3584 2409 saeculari

1956 2449 2234 2518 animum,
2255 2449 2354 2504 sed
2373 2454 2564 2503 tamen
2579 2448 2700 2503 sine
2719 2447 2990 2503 aifectatis
3014 2448 3270 2519 penuria:
3295 2447 3577 2517 sordibus,

1954 2559 2238 2598 summam
2296 2542 2541 2613 denique
2591 2542 2649 2595 in
2700 2557 2986 2612 pauperes
3037 2541 3392 2610 charitatem,
3437 2556 3581 2612 quos

1954 2637 2400 2691 catechumenus
2427 2635 2722 2691 dilexerat.

1952 2741 2016 2795 V.
2064 2770 2132 2780 —
2176 2742 2253 2793 De
2292 2740 2664 2808 persecutione
2703 2740 2852 2793 Decii
2893 2738 3116 2807 ejusque
3162 2740 3361 2806 initiis,
3406 2752 3469 2791 ac
3513 2737 3579 2793 de

2147 2835 2341 2886 magno
2383 2820 2654 2888 lapsorum
2680 2824 2729 2872 et
2759 2820 3118 2885 confessorum
3141 2832 3382 2871 numero.

2023 2918 2246 2974 Electus
2274 2916 2335 2970 in
2365 2932 2500 2987 pace
2530 2916 2861 2987 Cyprianus,
2883 2919 2949 2969 ut
2974 2914 3096 2985 ipse
3134 2918 3377 2970 testatur
3408 2915 3573 2985 epist.

1954 3015 2267 3080 55,annum
2302 3025 2475 3064 unum
2502 3010 2591 3063 cui
2614 3009 2758 3064 forte
2792 3008 3066 3063 accedunt
3089 3008 3304 3078 aliquot
3322 3023 3574 3074 menses,

1952 3106 2011 3160 in
2054 3105 2162 3159 hoc
2205 3120 2399 3159 rerum
2440 3107 2587 3158 statu
2632 3102 2900 3157 traduxit.
2938 3102 3098 3156 Circa
3138 3101 3364 3155 initium
3408 3100 3581 3171 hujus

1953 3198 2090 3252 anni
2118 3200 2243 3266 250,
2273 3198 2518 3251 Novatus
2546 3195 2844 3267 presbyter
2870 3194 2940 3249 ob
2971 3194 3159 3249 uxoris
3185 3196 3409 3248 uterum
3429 3193 3579 3247 calce

1952 3306 2283 3363 percussum
2350 3294 2406 3345 et
2469 3292 2695 3361 partum
2756 3288 3052 3343 abortione
3112 3302 3463 3358 expressum,
3520 3289 3579 3339 et

1953 3385 2061 3439 alia
2096 3385 2308 3439 scelera
2350 3384 2411 3438 in
2448 3382 2728 3453 judicium
2770 3380 2922 3452 apud
2961 3380 3307 3452 Cyprianum
3350 3384 3583 3434 vocatus

1952 3481 2075 3547 est;
2092 3479 2330 3549 jamque
2358 3476 2559 3531 aderat
2592 3474 2928 3546 cognitionis
2957 3474 3099 3543 dies,
3131 3474 3227 3528 sed
3260 3472 3579 3544 persecutio

1950 3570 2280 3644 supervenit
2326 3569 2512 3641 (epist.
2560 3570 2670 3639 49).
2712 3569 2942 3623 Jactitat
2988 3584 3048 3621 se
3093 3566 3430 3621 Pearsonius
3471 3566 3582 3620 hoc

1949 3664 2266 3737 presbyteri
2296 3662 2585 3734 conjugati
2623 3662 2930 3734 exemplo:
2973 3661 3073 3716 sed
3114 3664 3304 3715 tamen
3342 3674 3581 3714 uxorem

1950 3776 2065 3815 non
2103 3757 2261 3814 duxit
2300 3758 2551 3812 Novatus
2591 3758 2714 3810 tum
2757 3772 2885 3810 cum
2932 3758 3078 3810 esset
3121 3754 3437 3825 presbyter,
3473 3767 3581 3806 nec

1949 3852 1996 3908 si
2039 3852 2332 3924 presbyter
2384 3849 2636 3917 retinnit,
2683 3848 2890 3904 idcirco
2936 3848 3194 3904 Ecclesiae
3233 3847 3473 3902 vetitum
3510 3860 3581 3901 ex

1949 3946 2363 4002 continentium
2386 3959 2632 3998 numero
2664 3942 3028 4014 presbyteros
3054 3942 3285 4013 eligere.

2018 4038 2282 4111 Cypriani
2322 4037 2619 4092 virtutibus
2661 4036 3003 4091 latissimum
3044 4051 3309 4106 campum
3354 4032 3580 4105 aperuit

1947 4132 2268 4205 persecutio
2299 4131 2469 4199 Decii,
2503 4131 2574 4186 de
2604 4147 2715 4203 qua
2744 4130 2911 4185 nobis
2937 4146 3114 4201 pauca
3145 4129 3388 4183 dicenda
3416 4130 3567 4195 sunt,

1948 4232 2259 4298 antequam
2297 4242 2386 4280 res
2432 4242 2466 4279 a
2505 4225 2788 4295 Cypriano
2827 4224 2917 4278 his
2967 4223 3376 4278 molestissimis
3425 4229 3572 4275 tem-

1948 4320 2183 4392 poribus
2213 4322 2398 4390 gestas
2425 4334 2855 4389 persequamur.
2887 4318 3110 4381 Decius,
3139 4317 3339 4373 occisis
3374 4320 3574 4375 crude-

1948 4414 2078 4468 liter
2104 4412 2378 4484 Philippis
2411 4417 2466 4467 et
2492 4411 2735 4482 imperio
2763 4416 3059 4483 occupato,
3092 4411 3235 4466 nihil
3276 4412 3437 4483 prius
3476 4413 3581 4469 sibi

219 4508 428 4562 nuisset
468 4506 799 4572 diaconum,
846 4502 946 4574 qui
993 4518 1125 4557 cum
1169 4501 1388 4573 virgine
1428 4518 1576 4572 saepe
1622 4519 1843 4557 mansc-
1868 4501 1926 4573 D
1949 4513 2047 4562 aut
2072 4506 2259 4579 potius
2282 4505 2609 4561 faciendum
2638 4521 2756 4560 esse
2783 4505 2964 4574 duxit,
2994 4522 3166 4576 quam
3204 4508 3268 4559 ut
3303 4505 3357 4560 in
3385 4507 3575 4561 Chris-

218 4610 315 4671 rat,
362 4600 467 4655 sed
521 4602 583 4655 et
621 4601 857 4653 caeteros
903 4595 1001 4667 qui
1049 4611 1180 4650 cum
1227 4595 1545 4667 virginibus
1594 4595 1846 4652 dormire

218 4696 646 4751 consueverant.
696 4695 902 4746 Auctor
950 4694 1035 4744 est
1077 4692 1143 4743 ut
1183 4688 1562 4760 inspiciuntur
1598 4690 1846 4761 virgines

219 4789 523 4861 diligenter
564 4787 633 4841 ab
671 4783 1085 4851 obstetricibus,
1122 4786 1179 4838 et
1220 4783 1265 4836 si
1313 4782 1560 4854 virgines
1602 4783 1846 4839 inventa:

214 4883 437 4951 fuerint,
490 4883 725 4951 accepta
753 4876 1270 4933 communicatione
1310 4875 1369 4930 in
1403 4877 1703 4932 Ecclesium
1742 4878 1842 4932 ad-

214 4978 538 5044 mittuntur,
585 4973 630 5028 si
681 4979 877 5028 tamen
918 4971 1196 5025 hactenus
1238 4969 1633 5041 pmnitentium
1677 4970 1845 5042 hujus

213 5071 379 5125 illiciti
420 5066 761 5124 concubitus
799 5064 1044 5137 egerint,
1090 5068 1148 5118 et
1190 5080 1223 5118 a
1266 5080 1325 5118 se
1369 5064 1615 5118 invicem
1658 5080 1840 5120 reces-

220 5164 413 5217 serint.
439 5162 697 5217 Minatur
722 5157 1041 5230 graviorem
1066 5172 1371 5212 censuram
1414 5157 1463 5211 si
1500 5157 1568 5211 ad
1606 5156 1844 5213 eosdem

213 5257 489 5312 masculos
521 5269 762 5309 reversa:
791 5252 1026 5318 fuerint,
1060 5253 1161 5306 aut
1186 5251 1234 5304 si
1260 5266 1386 5305 cum
1418 5249 1633 5305 eisdem
1654 5251 1713 5305 in
1732 5267 1845 5305 una

213 5351 371 5405 domo
399 5354 463 5405 et
512 5348 618 5403 sub
660 5346 860 5402 eodem
897 5350 1049 5400 tecto
1085 5343 1254 5399 simul
1285 5343 1683 5399 habitaverint.
1710 5346 1840 5399 Cor-

214 5445 381 5515 ruptis
415 5441 670 5513 imponit
706 5438 1107 5513 pmnitentiam
1136 5437 1385 5508 plenum,
1421 5454 1485 5492 ac
1521 5454 1634 5506 eas,
1664 5437 1710 5492 si
1741 5438 1839 5494 ob-

214 5537 410 5591 stinate
441 5537 845 5607 perseverent,
871 5547 1165 5602 nunquam
1199 5531 1256 5585 in
1288 5531 1595 5587 Ecclesium
1622 5532 1843 5587 admitti

216 5647 361 5699 posse
392 5629 668 5684 declarat.
700 5630 762 5683 In
792 5626 1147 5696 sexagesima
1184 5625 1382 5697 quinta
1420 5626 1613 5680 laudat
1650 5626 1837 5680 humi-

216 5723 426 5778 litatem
458 5721 759 5794 Rogatiani
780 5719 955 5791 quod,
974 5734 1105 5775 cum
1135 5735 1242 5790 pro
1269 5719 1628 5791 episcopatus
1647 5720 1842 5791 vigore

218 5816 584 5872 etcathedrae
606 5815 939 5870 auctoritate
980 5829 1171 5886 pwnas
1217 5812 1289 5868 de
1330 5813 1568 5868 diacono
1616 5829 1841 5869 sumere

1948 4601 2171 4655 tianam
2200 4598 2559 4670 religionem,
2589 4615 2716 4671 quae
2758 4598 2861 4652 sub
2900 4598 3172 4670 Philippis
3212 4615 3276 4653 ac
3315 4600 3578 4670 superio-

1946 4694 2102 4748 ribus
2150 4692 2591 4765 imperatoribus
2645 4691 2853 4746 mirum
2908 4691 2966 4745 in
3016 4691 3255 4746 modum
3301 4695 3575 4759 creverat,

1946 4804 2144 4841 omnes
2173 4787 2400 4858 imperii
2433 4787 2516 4840 sui
2562 4788 2798 4840 conatus
2836 4789 3218 4839 converteret.
3250 4785 3433 4854 Coepit
3471 4785 3575 4838 itu-

1946 4897 2054 4952 que
2112 4883 2169 4934 et
2219 4895 2319 4934 suo
2378 4879 2435 4933 in
2488 4879 2775 4949 Philippos
2843 4877 2999 4945 odio,
3059 4883 3118 4932 et
3184 4878 3577 4933 Romanarum

1946 4973 2433 5045 superstitionum,
2477 4988 2721 5043 quarum
2787 4972 2967 5025 ruinis
3028 4971 3178 5026 hanc
3232 4971 3576 5043 religionem

1944 5066 2262 5137 superstrui
2289 5065 2534 5135 videbat,
2563 5064 2845 5120 desiderio
2875 5066 2934 5119 in
2963 5065 3420 5122 Christianorum
3447 5082 3574 5121 san-

1945 5160 2120 5231 guine
2147 5160 2456 5231 parentari.

2014 5254 2476 5310 Persecutionem
2519 5251 2689 5307 simul
2736 5268 2866 5307 cum
2921 5252 3164 5323 imperio
3220 5253 3370 5308 Decii
3430 5269 3576 5324 coep-

1943 5351 2063 5402 tam
2108 5347 2280 5402 fuisse
2330 5344 2603 5400 discimus
2649 5362 2718 5401 ex
2768 5346 3045 5416 locuplete
3098 5349 3264 5413 teste,
3313 5346 3578 5419 Dionysio

1942 5440 2343 5507 Alexandrino,
2390 5438 2487 5510 qui
2539 5438 2914 5495 defendendae
2968 5445 3026 5493 et
3077 5440 3305 5494 tuendae
3357 5440 3415 5493 in
3474 5441 3578 5495 huc

1944 5534 2337 5605 persecutione
2396 5532 2658 5587 Ecclesiae
2708 5532 2986 5603 plurimas
3035 5535 3225 5602 partes
3271 5532 3573 5589 sustinuit.

1946 5647 1971 5678 «
2000 5626 2105 5683 Sed
2133 5626 2423 5694 continuo,
2457 5646 2484 5675 »
2513 5625 2703 5696 inquit
2730 5625 2884 5697 apud
2915 5625 3123 5681 Euseb.
3159 5626 3345 5695 (Hist,
3374 5627 3472 5681 lib.
3503 5644 3574 5696 v1,

1944 5737 2066 5791 cap.
2096 5721 2206 5790 41),
2236 5719 2462 5791 imperii
2508 5718 2660 5773 illius
2698 5734 2837 5790 erga
2868 5735 2969 5773 nos
3007 5718 3403 5791 benignissimi
3446 5736 3576 5775 mu-

1947 5814 2086 5869 tatio
2117 5813 2283 5869 nobis
2320 5812 2582 5868 nuntiata
2613 5815 2717 5880 est,
2751 5815 2809 5867 et
2845 5810 3216 5883 gravissimus
3259 5812 3420 5867 nobis
3463 5812 3578 5866 mi.
