4084 6208
403 276 467 329 87
1751 276 1905 331 VITA
1942 275 1997 328 S.
2033 274 2366 331 CYPRIANI.
3687 283 3753 336 88
3775 287 3778 289 “

401 421 606 460 narum
635 408 822 462 terror
845 407 1252 463 intentabatur.
1283 411 1523 478 Jamque
1547 407 1744 460 aderat
1771 406 2020 460 edictum
2043 413 2100 486 Α
2122 405 2359 459 salutari
2393 405 2660 460 fratribus
2700 406 3031 462 tradidistis.
3069 427 3096 459 »
3135 409 3317 479 Negat
3358 409 3755 464 Tillemontius

398 501 784 571 imperatoris,
831 507 939 555 etc.
975 523 1002 552 »
1056 502 1211 556 Idem
1259 504 1539 556 testantur
1579 501 1914 563 Lactantius,
1959 501 2022 554 in

402 594 548 649 libro
575 595 642 649 de
665 597 837 649 Morte
863 611 1066 665 persae.
1099 613 1146 650 c.
1176 598 1228 663 4,
1261 601 1317 650 et
1340 595 1585 662 Orosius,
1619 595 1715 648 lib.
1749 610 1821 658 vi,
1849 611 1897 648 c.
1927 597 2019 648 21.

394 688 600 754 Quare,
630 705 760 742 cum
785 689 1006 743 nullum
1051 691 1230 744 exstet
1261 689 1570 760 vestigium
1605 688 2023 760 persecutionis

404 787 537 836 ante
585 799 841 838 mensem
882 783 1214 854 januarium
1267 783 1402 837 anni
1444 785 1569 850 250,
1617 783 1777 852 cujus
1815 781 2024 836 mensis

402 875 494 930 die
525 877 801 947 vigesimo
833 878 1146 933 Fabianum
1176 893 1382 948 papam
1410 877 1603 930 Romae
1639 893 1870 948 passum
1904 891 2025 929 esse

400 974 637 1038 constat,
670 988 787 1026 non
813 972 1115 1027 assentitur
1140 971 1531 1026 Tillemontius
1577 970 1799 1025 erudito
1839 973 2027 1026 Annu-

407 1064 540 1117 lium
581 1064 1033 1134 Cyprianicarum
1067 1063 1308 1132 auctori,
1337 1065 1434 1135 qui
1471 1063 1792 1135 Philippum
1833 1079 2027 1118 mense

399 1160 651 1228 Augusto
717 1159 853 1212 anni
920 1160 1024 1214 249
1104 1158 1352 1213 occisum
1422 1174 1543 1211 esse
1576 1200 1589 1222 ,
1659 1173 1723 1211 ac
1798 1157 2027 1212 Decium

403 1265 600 1305 mense
618 1251 760 1321 julio
791 1257 1037 1306 exeunte
1063 1267 1374 1323 purpuram
1394 1251 1696 1322 sumpsisse
1719 1251 2020 1305 existimat.

406 1345 528 1398 Non
556 1345 846 1399 immerito
879 1345 1113 1416 quidem
1142 1346 1414 1400 statuitur
1439 1345 1766 1416 Philippum
1806 1348 2026 1399 utrum-

403 1455 511 1509 que
541 1439 773 1509 periisse
801 1445 931 1493 ante
957 1440 1131 1493 finem
1163 1439 1300 1493 anni
1329 1439 1453 1506 249,
1475 1455 1582 1492 nec
1609 1442 1826 1509 septem
1849 1455 2030 1493 annos

403 1532 738 1603 imperasse,
771 1538 830 1587 ut
879 1531 1060 1586 visum
1103 1536 1186 1586 est
1232 1532 1506 1600 Eusebio;
1536 1531 1747 1602 quippe
1795 1548 1925 1586 cum
1970 1532 2028 1585 in

401 1625 605 1680 Codice
634 1625 937 1680 Iustiniani
964 1625 1082 1697 (lib.
1114 1642 1188 1694 1v,
1225 1625 1310 1680 tit.
1347 1626 1431 1695 16)
1473 1629 1653 1680 exstet
1691 1625 2031 1696 rescriptum

404 1719 507 1773 sub
547 1718 694 1773 Decii
739 1720 973 1774 nomine
1015 1719 1214 1773 datum
1260 1735 1348 1775 xw
1389 1719 1504 1774 kal.
1537 1736 1686 1786 nov.,
1728 1719 2029 1774 Emiliano

2124 514 2188 551 ex
2221 498 2306 552 his
2333 499 2515 553 verbis
2542 501 2703 570 sequi
2731 501 2963 572 Moysen
2995 507 3050 556 et
3080 501 3383 557 Maximum
3414 505 3608 558 Romae.
3636 521 3754 559 om-

2124 592 2281 646 nium
2314 593 2529 662 primos
2556 595 2837 650 confessos
2883 611 3024 662 esse,
3055 595 3267 667 quippe
3303 613 3434 651 cum
3473 597 3758 652 Fabianus

2125 689 2260 739 ante
2289 689 2502 757 martyr
2529 687 2733 742 obierit
2761 705 2935 760 quam
2967 688 3056 744 isti
3079 689 3138 742 in
3178 706 3465 744 carcerem
3507 690 3752 762 conjice-

2125 786 2343 847 rentur,
2372 781 2471 834 sed
2503 787 2723 836 tantum
2753 782 2898 836 hanc
2929 799 3022 837 eos
3052 784 3277 838 laudem
3306 790 3439 839 ante
3465 785 3758 855 Carthagi-

2127 889 2332 927 nenses
2364 875 2641 929 retulisse.
2686 875 2798 930 Sed
2834 881 3026 931 tamen
3060 876 3350 932 neminem
3379 879 3583 949 excipit
3627 877 3754 952 88

2127 967 2468 1037 Cyprianus,
2499 985 2564 1022 ac
2591 970 2957 1024 confessores
2983 971 3054 1024 ad
3087 987 3228 1042 quos
3255 972 3553 1039 scribebat,
3587 993 3613 1023 «
3640 973 3755 1043 pri-

2128 1076 2318 1115 mores
2347 1065 2402 1114 et
2435 1062 2602 1116 duces
2631 1062 2702 1116 ad
2735 1065 2909 1117 nostri
2940 1066 3214 1136 temporis
3239 1066 3496 1136 praelium
3525 1088 3552 1117 »
3590 1068 3757 1137 signa

2129 1155 2370 1208 movisse
2399 1155 2667 1210 declarat.
2702 1157 2871 1212 Multo
2899 1173 3037 1229 ergo
3068 1159 3239 1212 satius
3260 1162 3347 1213 est
3371 1160 3492 1214 haec
3512 1160 3580 1215 de
3611 1176 3757 1214 mar-

2137 1251 2330 1318 tyrum
2385 1238 2702 1304 constantia
2747 1250 2804 1304 in
2858 1251 3200 1306 cruciatibus
3253 1253 3643 1324 perferendis,
3699 1259 3760 1309 ut

2129 1346 2252 1396 tota
2279 1342 2586 1396 verborum
2618 1345 2935 1414 complexio
2957 1347 3224 1415 postulat,
3252 1346 3524 1417 accipere.

2200 1437 2437 1490 Causam
2476 1437 2880 1507 persecutionis
2914 1439 3123 1508 repetit
3149 1440 3484 1511 Cyprianus,
3516 1441 3572 1494 in
3610 1441 3754 1496 libro

2131 1529 2196 1583 de
2223 1531 2434 1599 Lapsis,
2469 1547 2535 1584 ex
2581 1531 3037 1585 Christianorum
3073 1533 3332 1603 peccatis,
3361 1551 3606 1605 quorum
3648 1551 3753 1589 an-

2131 1623 2350 1694 tiquam
2392 1624 2664 1694 pietatem
2708 1626 2881 1695 longa
2926 1642 3029 1696 pax
3061 1627 3200 1681 adeo
3224 1633 3572 1698 corruperat,
3600 1634 3662 1682 ut
3696 1628 3757 1682 in

2131 1716 2416 1788 plerisque
2458 1719 2714 1788 pecuniae
2757 1719 2962 1788 fames,
3009 1719 3339 1774 deliciarum
3377 1737 3560 1790 amor,
3597 1721 3754 1775 frau-

410 1817 468 1867 et
493 1813 756 1884 Aquilino
786 1829 924 1868 coss.
953 1831 966 1879 ;
997 1813 1262 1867 videntur
1297 1829 1433 1884 ergo
1461 1813 1586 1884 jam
1624 1782 1748 1867 tum
1786 1782 2108 1885 PhilippiB
2135 1782 2231 1864 des
2270 1782 2342 1864 et—
2362 1782 2597 1881 rapinae,
2627 1782 2983 1867 matrimonia
3026 1829 3156 1868 cum
3194 1782 3761 1885 inﬁdelibus,'pe1ju-

405 1907 638 1979 periisse
662 1924 676 1973 ;
714 1906 814 1961 sed
840 1907 896 1961 id
930 1923 1125 1961 mense
1152 1909 1394 1977 augusto
1420 1907 1724 1978 contigisse
1752 1924 1866 1962 non
1893 1923 2032 1979 pro-

406 2003 577 2057 batur
609 2018 622 2055 :
656 2000 969 2072 quinetiam
996 2000 1132 2054 citat
1155 2000 1545 2055 Tillemontius
1571 2018 1642 2056 ex
1668 2001 1872 2058 Codice
1908 2003 2032 2056 Jus-

411 2094 610 2149 tiniani
639 2094 698 2165 (l.
729 2111 801 2161 v1,
833 2093 918 2148 tit.
949 2096 1032 2162 36)
1065 2094 1256 2164 legem
1301 2111 1332 2147 a
1375 2094 1631 2166 Philippo
1667 2095 1855 2149 datam
1894 2095 2033 2150 idib.

413 2188 632 2243 octobr.
659 2188 864 2242 eodem
906 2187 1206 2242 Emiliano
1237 2188 1482 2255 consule,
1515 2189 1605 2243 cui
1643 2204 1760 2243 non
1794 2188 1913 2243 sine
1954 2204 2035 2243 er-

414 2298 543 2337 rore
571 2283 789 2352 collega
811 2281 1134 2352 assignatur
1159 2281 1514 2352 Peregrinus.

483 2376 611 2443 Sed,
646 2391 1000 2447 quaecunque
1028 2375 1197 2430 Decio
1223 2375 1550 2430 tribuantur
1590 2375 1821 2447 imperii
1853 2375 2034 2446 initia,

412 2470 610 2540 negari
635 2485 753 2523 non
783 2471 970 2540 potest
994 2468 1445 2539 persecutionem
1473 2469 1634 2523 initio
1653 2469 1787 2524 anni
1812 2473 1917 2525 250
1939 2487 2038 2524 εω-

413 2563 600 2616 viisse.
633 2563 956 2618 Caruerunt
992 2562 1303 2633 primordia
1343 2561 1676 2617 crudelitate
1721 2567 2035 2618 tormento—

414 2672 569 2725 rum,
601 2672 714 2710 non
747 2656 804 2710 id
837 2656 1068 2727 quidem
1107 2655 1372 2710 omnibus
1413 2657 1473 2710 in
1517 2657 1674 2725 locis,
1707 2657 1802 2712 sed
1840 2658 2037 2713 saltem

410 2749 774 2819 Carthagine,
796 2748 896 2802 ubi
940 2748 1128 2820 primo
1165 2749 1580 2804 confessoribus
1623 2766 1738 2805 non
1785 2751 1910 2805 aliae
1957 2751 2038 2805 in-

412 2841 578 2896 ﬂictae
591 2846 723 2896 sunt
748 2857 951 2912 pcenw,
967 2858 1137 2913 quam
1157 2858 1368 2911 carcer,
1383 2843 1647 2898 exsilium
1667 2862 1683 2913 ;
1705 2845 1818 2912 sed,
1845 2845 2038 2915 paucis

415 2935 707 2990 mensibus
751 2935 975 3007 elapsis,
1014 2937 1236 2990 nullum
1275 2936 1457 2991 abfuit
1503 2938 1781 2992 cruciatus
1828 2955 2031 3010 genus.

416 3030 504 3087 Sic
529 3028 814 3096 Aurelius,
842 3032 908 3082 ut
933 3029 1008 3084 ait
1034 3029 1355 3100 Cyprianus
1377 3031 1545 3101 epist.
1575 3034 1664 3098 33,
1686 3032 1791 3086 sub
1815 3055 1840 3081 α
1865 3034 2040 3088 oculis

413 3129 545 3178 ante
591 3139 925 3194 paucorum,
973 3123 1202 3193 quando
1248 3123 1485 3178 extorris
1529 3125 1718 3194 fiebat,
1769 3142 2118 3218 congres-C

415 3234 509 3271 sus
539 3221 658 3284 est;
689 3222 746 3270 at
773 3219 975 3286 postea
1005 3215 1219 3270 meruit
1247 3221 1304 3270 et
1343 3216 1401 3270 in
1443 3216 1567 3271 foro
1608 3220 1881 3290 congredi
1921 3222 2034 3276 cla-

415 3309 561 3364 riore
586 3309 814 3373 virtute,
848 3312 911 3362 ut
952 3311 1081 3378 post
1115 3307 1475 3378 magistratus
1514 3309 1684 3364 etiam
1732 3329 2037 3382 proconsu-

414 3403 529 3456 lem
554 3402 804 3456 vinceret
829 3405 887 3455 et
924 3405 1053 3471 post
1083 3400 1317 3454 exilium
1350 3405 1638 3457 tormenta
1664 3410 1979 3474 superaret.
2008 3429 2035 3456 »

413 3495 715 3550 Existimat
743 3494 1144 3549 Tillemontius
1174 3495 1627 3564 persecutionem
1655 3497 1818 3552 citius
1850 3501 2041 3554 Romae

417 3605 588 3661 quam
630 3589 689 3642 in
734 3587 920 3642 Africa
961 3588 1221 3657 saeviisse,
1255 3604 1318 3642 ac
1349 3589 1575 3660 Moysen
1611 3597 1666 3644 et
1711 3591 2038 3658 Maximum,

413 3683 772 3754 presbyteros
812 3684 1115 3749 Romanos,
1148 3683 1270 3753 jam
1312 3683 1370 3735 in
1426 3699 1712 3738 carcerem
1754 3685 2042 3755 conjectos

418 3776 587 3830 fuisse
627 3792 756 3829 cum
802 3775 1122 3846 persecutio
1168 3776 1228 3829 in
1269 3775 1459 3830 Africa
1501 3777 1731 3847 incepit,
1784 3779 2043 3849 quamvis

416 3873 545 3940 post
572 3869 801 3922 Fabiani
840 3883 1006 3940 papae
1048 3869 1388 3939 martyrium
1434 3870 1674 3939 conjecti
1717 3871 1948 3939 fuerint,
1984 3875 2046 3926 ut

418 3963 660 4017 habetur
689 3962 747 4015 in
778 3961 1038 4015 Bucherii
1071 3961 1405 4017 Pontiﬁcali.
1444 3964 1562 4016 Non
1591 3980 1723 4018 sane
1765 3969 2046 4036 repugnat

417 4061 482 4110 ut
509 4055 822 4128 persecutio
851 4055 1014 4110 citius
1041 4056 1238 4110 Romae
1264 4071 1438 4126 quam
1469 4057 1526 4110 in
1566 4057 1868 4127 provinciis
1909 4075 2043 4113 eru-

419 4150 566 4221 perit
593 4167 609 4219 ;
639 4150 736 4205 sed
763 4155 958 4204 tamen
985 4148 1251 4220 Cypriani
1279 4149 1447 4203 verba
1485 4150 1690 4220 quibus
1719 4152 1804 4205 vir
1833 4152 2043 4207 doctis-

418 4245 596 4298 simus
643 4243 862 4309 nititur,
912 4259 1028 4296 non
1070 4242 1126 4296 id
1171 4243 1404 4297 omnino
1450 4244 1863 4312 demonstrant,
1894 4245 2045 4316 quod

417 4337 522 4407 ipsi
562 4337 808 4404 videtur,
838 4337 1187 4390 confessores
1238 4339 1525 4391 Romanos
1565 4344 1698 4392 ante
1747 4339 1803 4391 in
1855 4355 2043 4393 carce-

419 4446 538 4484 rem
585 4424 877 4500 conjectos
926 4429 1094 4484 fuisse
1147 4446 1322 4500 quam
1369 4430 1891 4502 Cartliaginenscs;
1947 4434 2044 4488 sed

419 4527 640 4577 tantum
682 4523 961 4577 cruciatus
1008 4529 1064 4578 et
1110 4528 1396 4577 tormenta
1438 4524 1593 4594 prius
1644 4526 1841 4580 Roma:
1891 4505 2122 4581 ince-D

418 4617 565 4687 pisse
605 4633 776 4688 quam
813 4617 1173 4688 Carthagine.
1207 4617 1293 4672 Sic
1333 4617 1486 4671 enim
1520 4618 1776 4688 loquitur
1808 4619 2042 4690 Cypria-

422 4727 526 4764 nus
555 4711 612 4764 in
644 4710 881 4781 epistola
908 4714 997 4778 25,
1032 4711 1104 4765 ad
1140 4713 1369 4780 Moysem
1411 4717 1462 4765 et
1488 4714 1788 4766 Maximum
1831 4720 1881 4767 et
1913 4715 2045 4769 alios

417 4807 740 4872 confessores
782 4824 798 4858 :
857 4825 884 4854 ‹‹
939 4807 1045 4859 Vos
1100 4805 1256 4858 enim
1307 4804 1586 4876 primores
1639 4810 1695 4860 ct
1747 4805 1917 4861 duces
1971 4808 2044 4862 ad

415 4899 595 4954 nostri
655 4899 926 4969 temporis
987 4898 1252 4969 praelium
1317 4897 1452 4953 facti
1516 4898 1758 4954 caelestis
1826 4901 2044 4956 militiae

415 4992 578 5063 signa
607 4993 858 5047 movistis
884 5011 900 5062 ;
930 5009 1028 5047 vos
1063 4992 1316 5062 spiritale
1356 4997 1670 5062 certamen,
1703 4995 1854 5064 quod
1892 5011 2045 5050 nunc

417 5087 541 5158 geri
585 5088 734 5142 Deus
779 5086 972 5153 voluit,
1002 5087 1199 5141 vestris
1239 5086 1536 5141 virtutibus
1577 5087 1898 5157 imbuistis;
1931 5106 2044 5144 vos

417 5180 701 5252 surgentis
739 5180 871 5235 belli
898 5181 1144 5251 impetus
1174 5180 1388 5251 primos
1414 5181 1692 5236 immobili
1721 5181 1924 5236 robore
1957 5187 2041 5237 at-

414 5291 525 5346 que
551 5274 890 5330 inconcussa
919 5273 1219 5329 stabilitate
1257 5274 1505 5345 fregistis
1537 5291 1549 5329 :
1597 5274 1734 5328 inde
1771 5275 1933 5330 initia
1958 5276 2039 5331 fe-

413 5368 541 5422 licia
583 5367 881 5438 pugnandi
925 5373 1046 5422 orta
1089 5371 1256 5436 sunt;
1307 5367 1437 5422 inde
1483 5368 1745 5422 vincendi
1791 5369 2042 5441 auspicia

415 5464 732 5532 coeperunt.
759 5460 1007 5532 Contigit
1044 5460 1135 5516 hic
1177 5477 1278 5533 per
1316 5466 1608 5515 tormenta
1653 5464 2041 5518 consummari

413 5555 729 5625 martyria;
799 5554 898 5609 sed
962 5555 1060 5626 qui
1117 5555 1174 5609 in
1239 5554 1646 5626 congressione
1708 5557 2041 5627 praacedens

410 5649 732 5720 exemplum
771 5648 990 5703 virtutis
1034 5649 1302 5704 fratribus
1347 5649 1526 5704 factus
1569 5654 1674 5719 est,
1709 5665 1839 5704 cum
1884 5665 2035 5704 mar-

404 5742 626 5813 tyribus
663 5743 720 5796 in
765 5743 978 5798 honore
1021 5743 1342 5798 communis
1380 5748 1483 5798 est.
1530 5745 1777 5798 Coronas
1823 5749 2038 5797 vestras

404 5851 578 5892 manu
643 5844 819 5892 sertas
878 5838 1014 5892 inde
1065 5839 1176 5893 huc
1228 5837 1532 5893 tradidistis
1582 5844 1638 5894 et
1696 5838 1763 5894 de
1824 5838 2031 5910 poculo

2134 1903 2237 1970 ria,
2284 1903 2598 1960 inimicitiae
2641 1910 2698 1960 et
2743 1906 3048 1961 maledicta
3100 1906 3304 1962 merito
3363 1909 3755 1978 culparentur.

2134 1997 2414 2052 Plurimos
2459 1998 2631 2052 etiam
2666 2000 2959 2070 episcopos
2997 2000 3272 2055 infecerat
3319 2001 3661 2072 corruptela,
3700 2002 3761 2055 in

2135 2090 2340 2160 quibus
2393 2091 2729 2162 Cyprianus,
2774 2109 2891 2147 non
2942 2094 3117 2149 modo
3165 2093 3525 2149 saecularium
3571 2110 3764 2148 rerum

2136 2184 2566 2253 procurationes
2597 2190 2652 2240 et
2681 2202 2782 2256 per
2806 2187 3020 2241 alienas
3051 2187 3374 2258 provincias
3414 2188 3759 2259 negotiatio-

2137 2277 2223 2330 nis
2248 2282 2581 2347 quaastuosae
2610 2279 2918 2346 nundinas,
2947 2280 3045 2335 sed
3073 2280 3243 2335 etiam
3272 2281 3501 2336 fraudes
3524 2285 3580 2335 et
3606 2282 3761 2352 rapi-

2139 2387 2242 2424 nas
2269 2375 2324 2425 et
2351 2388 2554 2426 usuras
2582 2372 2842 2443 castigat.
2875 2375 3016 2428 Usus
3053 2380 3138 2429 est
3165 2375 3309 2429 Deus
3338 2374 3410 2429 ad
3461 2378 3546 2429 tot
3580 2375 3759 2430 malo-

2139 2480 2267 2518 rum
2321 2466 2781 2520 emendationem
2833 2468 2985 2522 Decii
3042 2468 3469 2538 persecutione,
3522 2485 3652 2540 quaa
3707 2474 3762 2523 et

2137 2557 2421 2612 bonorum
2449 2558 2720 2629 pietatem
2751 2565 2806 2614 et
2827 2562 3201 2615 constantiam
3230 2561 3465 2616 mirifice
3488 2563 3759 2629 exercuit,

2139 2654 2196 2704 et
2223 2667 2416 2705 eorum
2463 2651 2562 2722 qui
2600 2652 2835 2708 nomine
2876 2654 3058 2724 magis
3097 2671 3270 2725 quam
3319 2655 3426 2708 vita
3469 2655 3765 2709 christiani

2139 2747 2322 2811 erant,
2352 2744 2639 2815 ignaviam
2670 2751 2727 2800 ct
2764 2746 3066 2801 interiores
3100 2748 3274 2802 animi
3317 2749 3473 2803 labes
3511 2749 3760 2803 nudavit.

2139 2839 2254 2892 Hoc
2277 2838 2431 2892 enim
2458 2838 2653 2893 habuit
2673 2839 2962 2911 singulare
2985 2841 3106 2896 haec
3124 2843 3456 2912 persecutio,
3483 2848 3542 2896 ut
3565 2859 3766 2896 omnes

2140 2932 2375 2987 omnino
2415 2932 2763 2988 Christianos
2804 2935 3332 3005 comprehenderet,
3387 2937 3587 2990 saltem
3632 2937 3762 2991 Car-

2140 3025 2396 3095 thagine,
2428 3042 2532 3080 nec
2561 3027 2863 3098 quisquam
2891 3043 2960 3082 ex
2987 3044 3051 3082 ea
3077 3028 3186 3082 nisi
3203 3032 3302 3083 aut
3317 3030 3524 3086 Christi
3545 3031 3764 3085 confes—

2145 3136 2236 3173 sor
2267 3121 2554 3190 egregius,
2587 3128 2686 3176 aut
2715 3121 3144 3176 simulacrorum
3175 3123 3426 3194 perfidus
3458 3124 3656 3190 cultor,
3680 3125 3770 3178 vel

2141 3211 2476 3266 libellaticus
2528 3213 2862 3268 discederet.
2914 3215 3052 3269 Nam
3114 3215 3352 3285 singulis
3400 3217 3770 3287 exploranda:

2139 3305 2268 3359 ﬁdei
2317 3307 2781 3376 prmﬁniebantur
2811 3307 2950 3375 dies,
2986 3312 3049 3362 ut
3075 3308 3152 3362 ait
3193 3310 3504 3380 Cyprianus
3532 3310 3587 3364 in
3624 3310 3770 3365 libro

2140 3400 2206 3452 de
2231 3400 2422 3469 Lapsis
2449 3400 2527 3470 (p.
2556 3400 2697 3471 182),
2732 3401 2920 3472 sicque
2966 3419 3081 3456 non
3129 3403 3310 3456 solum
3351 3403 3450 3474 qui
3488 3420 3612 3458 sese
3659 3421 3766 3458 au-

2142 3491 2334 3546 dacter
2359 3492 2606 3560 sistebat,
2635 3494 2734 3548 sed
2762 3493 2930 3549 etiam
2953 3495 3050 3566 qui
3079 3517 3106 3544 «
3135 3496 3418 3566 professus
3443 3498 3590 3551 intra
3612 3497 3770 3552 diem

2143 3601 2256 3638 non
2296 3591 2400 3652 est,
2436 3592 2491 3641 et
2533 3587 2881 3658 patrimonio
2921 3588 3195 3643 derelicto
3235 3591 3478 3658 secessit,
3505 3591 3767 3646 christia-

2145 3695 2281 3732 num
2314 3695 2372 3734 se
2408 3695 2528 3734 esse
2559 3682 2848 3736 confessus
2885 3689 2988 3736 est.
3020 3703 3046 3731 »
3088 3685 3282 3754 Itaque
3323 3683 3465 3738 nihil
3486 3675 3620 3738 ierat
3647 3701 3769 3738 me-

2147 3773 2305 3826 dium
2337 3789 2350 3827 :
2382 3774 2466 3828 vel
2493 3774 2605 3827 vita
2652 3791 2754 3844 pro
2798 3775 3018 3831 Christo
3061 3777 3464 3842 profundenda
3510 3781 3629 3831 erat
3671 3782 3776 3833 aut

2145 3867 2344 3921 saltem
2388 3867 2804 3939 patrimonium
2846 3869 3288 3939 projiciendum,
3329 3872 3412 3925 vel
3464 3875 3772 3942 utrumque

2147 3975 2279 4014 cum
2307 3963 2519 4016 scelere
2546 3962 2926 4017 retinendum.
2959 3963 3112 4018 Idem
3141 3965 3391 4019 evenisse
3413 3965 3776 4020 Alexandria:

2146 4054 2482 4125 perspicitur
2523 4071 2590 4109 ex
2634 4043 2896 4127 Dionysio
2936 4058 3333 4127 Alexandrino,
3370 4059 3522 4130 apud
3565 4059 3770 4113 Euseb.

2146 4151 2288 4204 Hist.
2319 4149 2374 4219 (l.
2408 4165 2480 4215 γι,
2509 4165 2631 4220 cap.
2666 4150 2778 4218 41).
2815 4151 3122 4221 Deplorant
3150 4153 3391 4206 Romani
3420 4153 3777 4207 confessores

2151 4263 2178 4291 «
2201 4243 2510 4296 multorum
2537 4260 2637 4313 per
2649 4247 2833 4297 totum
2856 4260 3002 4314 pene
3023 4244 3220 4299 orbem
3233 4247 3450 4312 ruinas,
3476 4250 3534 4300 et
3554 4245 3777 4317 grande

2149 4335 2418 4390 delictum
2449 4352 2549 4406 per
2575 4340 2757 4391 totum
2778 4352 2922 4407 pene
2945 4338 3138 4392 orbem
3166 4339 3480 4394 incredibili
3509 4339 3776 4394 vastatio-

2151 4447 2220 4483 ne
2256 4435 2573 4500 grassatum
2617 4429 2811 4501 (Epist.
2840 4433 3001 4500 26).»
3038 4452 3065 4480 ‹‹
3109 4433 3305 4502 Aspice
3348 4436 3530 4487 totum
3572 4433 3778 4488 orbem

2147 4539 2293 4594 pene
2321 4527 2621 4588 vastatum,
2657 4523 2845 4594 inquit
2887 4525 3069 4578 clerus
3102 4527 3392 4580 Romanus
3441 4527 3621 4597 (epist.
3656 4529 3774 4596 31),

2145 4623 2200 4672 et
2229 4617 2437 4688 ubique
2459 4617 2650 4687 jacere
2692 4617 3044 4687 dejectorum
3086 4619 3357 4690 reliquias
3398 4623 3454 4673 et
3493 4621 3708 4674 ruinas.
3745 4641 3775 4672 ιι

2146 4711 2321 4765 Deflet
2347 4711 2518 4765 etiam
2543 4710 2857 4781 Cyprianus
2878 4712 3040 4781 epist.
3077 4716 3128 4779 6,
3161 4734 3187 4760 ‹‹
3215 4713 3488 4767 infestam
3515 4717 3776 4785 tempes-

2145 4807 2342 4870 tatem,
2389 4826 2415 4853 »
2462 4819 2589 4874 quae
2647 4803 2820 4874 ipsius
2871 4805 3122 4875 plebem,
3175 4807 3422 4860 maxima
3471 4824 3538 4861 ex
3587 4812 3776 4880 parte,

2145 4901 2540 4969 prostraverat,
2571 4914 2635 4952 ac
2665 4900 2834 4954 etiam
2870 4899 3002 4953 cleri
3045 4900 3369 4969 portionem
3411 4901 3775 4971 perstrinxe-

2145 4995 2248 5058 rat,
2282 4992 2536 5062 quamvis
2559 4992 2738 5046 serius
2765 4993 2953 5047 clerici
2983 4992 3312 5048 ceciderint.
3344 4995 3465 5048 Non
3493 4994 3613 5049 sine
3641 5012 3777 5065 gra-

2144 5085 2371 5139 vissimo
2399 5085 2593 5140 dolore
2624 5087 2888 5140 meminit
2911 5087 2969 5139 in
3001 5086 3146 5140 libro
3177 5087 3242 5141 de
3272 5088 3462 5158 Lupsis
3509 5088 3584 5158 (p.
3624 5091 3776 5160 183),

2149 5180 2273 5234 «ad
2309 5180 2492 5250 prima
2534 5179 2724 5234 statim
2768 5179 2936 5235 verba
2971 5179 3245 5234 minantis
3293 5180 3532 5249 inimici,
3579 5184 3779 5237 maxi-

2147 5289 2304 5327 mum
2349 5273 2590 5328 fratrum
2644 5289 2951 5328 numerum
2997 5272 3172 5327 fidem
3217 5290 3381 5328 suam
3433 5275 3776 5347 prodidisse,

2143 5383 2246 5421 nec
2277 5371 2616 5438 prostratum
2657 5382 2781 5421 esse
2821 5367 3232 5436 persecutionis
3269 5367 3508 5438 impetu,
3539 5369 3641 5424 sed
3669 5386 3773 5425 vo-

2142 5461 2388 5514 luntario
2419 5461 2582 5530 lapsu
2609 5461 2856 5530 seipsum
2887 5460 3272 5530 prostravisse.
3317 5462 3439 5516 Non
3480 5467 3776 5532 exspecta-

2140 5558 2363 5621 verunt,
2409 5554 2616 5626 inquit,
2643 5555 2845 5608 saltem
2886 5557 2949 5607 ut
2991 5555 3329 5626 interrogati
3375 5561 3676 5626 negarent,
3711 5563 3778 5612 ut

2140 5647 2516 5702 ascenderent
2530 5648 2907 5720 apprehensi;
2933 5650 3063 5703 ante
3084 5648 3266 5703 aciem
3291 5648 3456 5703 multi
3472 5649 3625 5716 victi,
3645 5649 3774 5704 sine

2140 5742 2540 5813 congressione
2589 5742 2874 5813 prostrati,
2925 5758 3033 5796 nec
3086 5743 3190 5796 hoc
3239 5741 3341 5796 sibi
3388 5742 3768 5814 reliquerunt,

2142 5841 2200 5892 ut
2226 5837 2538 5893 sacrificare
2560 5837 2723 5892 idolis
2751 5836 3082 5892 viderentur
3103 5835 3287 5905 inviti;
3309 5837 3458 5892 ultro
3479 5838 3545 5891 ad
3577 5837 3769 5893 forum
