4084 6208
265 233 324 287 89
1588 238 1735 294 VlTA
1774 238 1828 293 S.
1872 238 2205 295 CYPRIANI.
3529 237 3595 292 90

258 374 479 422 currere,
508 358 574 411 ad
604 362 851 413 mortem
886 365 1089 430 sponte
1124 372 1550 433 properare.....
1592 366 1735 429 Quid
1776 366 1852 420 illi
1877 365 2109 451 Atinas
2159 362 2515 418 Libellaticos
2556 362 2965 434 interpretatur
2999 381 3098 419 eos
3138 386 3165 413 «
3198 363 3296 435 qui
3333 367 3589 435 tempore

258 452 400 522 quia
432 452 864 521 magistratibus,
908 470 1141 525 vespera
1182 460 1445 528 urgente,
1496 460 1654 513 dilati
1702 464 1853 527 sunt,
1958 452 2368 524 persecutionis
2400 469 2501 521 per
2540 452 2756 506 libellos
2787 470 2843 507 se
2886 453 3307 507 thuriﬁcaturos
3352 454 3588 523 professi

256 544 391 615 quod
415 561 484 598 ne
528 561 725 599 eorum
764 546 1085 602 differretur
1114 550 1374 604 interitus
1416 552 1586 605 etiam
1618 569 1853 623 rogave-
1957 550 2170 601 erant»
2206 546 2322 613 (lib.
2364 562 2411 597 1v
2457 546 2522 599 dc
2554 547 2739 613 Bupt.,
2776 564 2831 599 n.
2865 548 2941 615 6).
2976 548 3155 617 Negat
3200 546 3473 600 Baronius
3501 546 3589 615 (ad

258 639 472 692 ruut?...
500 643 571 694 Ac
599 640 790 693 multis
818 642 1078 711 proprius
1108 643 1366 697 interitus
1409 647 1541 698 satis
1566 663 1675 699 non
1704 647 1807 701 fuit
1838 666 1852 713 ;
1956 658 2027 693 an
2063 642 2208 708 253),
2235 639 2589 693 Libellaticos
2616 639 2748 692 inde
2779 639 2957 695 dictos
2985 641 3135 710 quod
3159 639 3377 694 libellos
3409 641 3592 695 dedis-

256 731 601 785 hortamentis
672 734 882 787 mutuis
952 736 1011 788 in
1078 737 1312 791 exitium
1383 755 1549 792 suum
1613 742 1855 810 populus
1956 738 2100 800 sent,
2157 733 2253 787 59d
2309 733 2460 802 (Ὶυοδ
2493 732 2868 802 accepissent;
2918 738 2976 786 at
3026 734 3309 788 Christum
3352 734 3421 787 ab
3471 734 3586 789 illis

258 826 512 895 impulsus
529 831 632 893 est,
656 827 1056 883 morsinvicem
1090 830 1287 884 lethali
1315 834 1517 902 poculo
1548 834 1855 903 propinata
1953 830 2223 897 negatum
2241 828 2410 880 fuisse
2437 826 2743 880 contendit.
2777 826 3584 897 DubitatTillemontius(tom.

254 922 339 971 est.
371 941 396 965 ν
420 919 537 971 Non
567 920 823 974 omnium
854 924 1042 975 tamen
1084 924 1372 993 lapsorum
1407 925 1520 979 vita
1557 929 1688 980 ante
1722 944 1850 997 per-
1957 924 2145 987 t,not.
2180 923 2208 973 3
2237 921 2295 973 in
2313 920 2764 989 persecutionem
2784 918 2956 987 Decii)
2979 920 3397 973 utrumlibellos
3414 921 3582 975 dede-

252 1012 574 1065 sscutionem
604 1013 873 1068 illaudata
901 1014 1036 1079 fuit;
1070 1020 1307 1070 testatur
1350 1019 1501 1072 enim
1544 1020 1853 1090 Cyprianus
1953 1013 2067 1067 rint
2090 1030 2161 1066 an
2193 1012 2513 1083 acceperint
2547 1030 2557 1064 :
2591 1012 2813 1065 dedisse
2839 1018 2893 1066 et
2930 1012 3211 1083 accepisse
3243 1013 3579 1082 suspicatur,

252 1104 391 1173 epist.
414 1103 641 1176 27,89
665 1108 969 1161 nonnullos
990 1108 1238 1164 extitisse
1256 1131 1283 1157 ‹‹
1309 1110 1583 1182 delapsis,
1608 1112 1852 1167 humiles
1954 1107 2227 1177 idemque
2255 1107 2495 1160 sensisse
2558 1106 2751 1175 probat
2787 1106 3074 1160 eruditum
3112 1110 3406 1161 auctorem
3458 1106 3588 1160 libri

252 1199 300 1249 et
322 1197 498 1263 mites,
531 1204 585 1251 et
618 1203 923 1253 trementes
950 1204 1003 1255 et
1043 1206 1363 1259 metuentes
1415 1206 1616 1275 Deum,
1657 1212 1710 1261 et
1754 1207 1849 1278 qui
1953 1199 2078 1272 90
2111 1202 2472 1269 defrequenti
2513 1200 2904 1254 Communione.
2930 1200 3082 1254 Multi
3102 1200 3198 1253 alii
3233 1200 3590 1254 Libellaticos

252 1291 298 1342 in
335 1291 567 1345 Ecclesia
607 1309 836 1363 semper
880 1296 1120 1365 gloriose
1170 1303 1226 1351 et
1272 1299 1569 1367 granditer
1630 1301 1849 1370 operati
1951 1293 2581 1348 exdatislibellisdictos
2599 1293 2944 1362 existimant,
2964 1293 3582 1363 velutBosquetus(lib.

248 1390 379 1451 sunt,
410 1391 463 1437 et
494 1402 634 1455 opus
660 1403 823 1441 suum
874 1390 1115 1444 Domino
1164 1391 1605 1461 imputaverunt.
1637 1416 1661 1441 n
1696 1395 1846 1465 Mag-
1952 1404 2012 1441 ιῐῐ
2049 1389 2249 1441 Eccles.
2292 1389 2509 1454 Gallia,
2550 1404 2605 1457 p.
2650 1387 2769 1453 132)
2798 1403 2810 1451 ;
2843 1387 3102 1440 nonnulli
3146 1388 3319 1441 etiam
3361 1386 3419 1440 in
3446 1386 3585 1440 actis

248 1493 368 1530 num
408 1494 543 1532 sane
590 1478 838 1534 dedecus
886 1482 1085 1538 inussit
1139 1485 1356 1538 nomini
1406 1486 1715 1541 christiano
1771 1492 1851 1542 tot
1952 1480 2191 1551 publicis
2212 1480 2601 1550 subscripsisse
2630 1480 3006 1561 volunt.Cum
3030 1480 3148 1534 haec
3167 1480 3584 1533 sententiarum

252 1570 532 1625 hominum
595 1589 626 1625 a
687 1574 891 1629 Christi
962 1576 1133 1631 sacris
1201 1578 1272 1632 ad
1337 1579 1666 1634 dwmonum
1728 1598 1849 1635 aras
1948 1575 2190 1629 varietas
2221 1574 3585 1644 conjiciendietinvestigandilibertatemrelin-

250 1665 576 1719 currentium
617 1667 878 1738 ignavia;
908 1670 1003 1724 sed
1058 1671 1166 1724 alia
1208 1688 1271 1725 ex
1316 1676 1497 1741 parte,
1537 1674 1848 1744 plurimum
1950 1668 2267 1738 quat,quid
2288 1668 2428 1721 mihi
2451 1668 3008 1737 videaturexponere
3028 1683 3143 1720 non
3161 1667 3412 1720 verebor.
3434 1664 3591 1721 Exis-

249 1758 543 1826 splendoris
570 1762 803 1815 accessit
828 1779 940 1816 non
984 1780 1179 1818 eorum
1207 1766 1389 1819 solum
1420 1767 1753 1822 fortitudine
1796 1776 1854 1823 et
1874 1752 1929 1821 B
1956 1761 2092 1815 timo
2128 1761 2320 1830 itaque
2350 1760 2701 1813 Libellaticos
2727 1777 2830 1814 nec
2863 1776 2996 1813 V000
3037 1776 3140 1813 nec
3171 1760 3377 1829 SCI‘iPlo
3406 1760 3581 1829 impie

248 1852 539 1906 constantia
594 1854 689 1925 qui
756 1855 1075 1911 horrendos
1143 1858 1421 1913 cruciatus
1480 1866 1535 1914 et
1596 1860 1855 1916 inaudita
1958 1854 2275 1924 quidquam
2297 1860 2394 1907 aut
2430 1855 2676 1907 facturos
2720 1853 3067 1923 promiSiSSO,
3101 1858 3345 1907 ἅυῐᾶδο
3370 1853 3583 1906 factum

247 1945 498 2014 supplicia
521 1963 623 2017 pro
650 1948 871 2003 Christo
898 1956 1259 2021 superarunt,
1285 1954 1382 2007 sed
1412 1954 1654 2008 aliorum
1682 1955 1856 2010 etiam
1957 1946 2293 2015 declarasse,
2315 1947 2409 2001 sed
2438 1947 2647 2001 idcirco
2668 1947 3011 2017 vituperatos
3038 1951 3093 2000 et
3111 1947 3283 2016 justae
3303 1947 3580 2016 pmniten-

248 2038 729 2096 innumerabilium
768 2043 1037 2113 prudenti
1068 2046 1207 2115 fuga
1249 2046 1367 2116 qui,
1398 2062 1525 2101 cum
1564 2064 1699 2118 opes
1726 2066 1854 2103 suas
1954 2046 2046 2099 tia?
2074 2045 2324 2100 addictos
2343 2045 2535 2114 fuisse,
2557 2045 2708 2115 quod
2732 2045 3049 2099 securitatis
3078 2044 3298 2099 libellos
3326 2062 3356 2097 a
3382 2044 3589 2114 magis-

245 2132 496 2201 projicere
562 2135 873 2190 maluerint
936 2154 1107 2208 quam
1163 2139 1354 2210 impiis
1404 2140 1575 2210 jussis
1625 2159 1851 2213 parere,
1955 2140 2192 2193 tratibus
2223 2139 2624 2209 impetrassent
2665 2155 2731 2192 ea
2774 2140 2899 2209 lege
2932 2141 2989 2194 et
3030 2138 3378 2204 conditione,
3422 2143 3485 2192 ut
3527 2138 3585 2191 in

244 2224 376 2278 inter
426 2227 796 2297 confessores,
843 2231 1123 2302 Cypriano
1167 2232 1396 2302 judice,
1452 2242 1849 2290 numerantur.
1952 2232 2087 2286 actis
2114 2232 2354 2303 publicis
2371 2231 2714 2285 scriberetur
2732 2248 2828 2286 eos
2847 2232 3181 2285 sacriﬁcasse
3199 2237 3256 2285 et
3293 2231 3580 2287 Christum

243 2319 425 2387 Quare,
457 2321 503 2374 si
551 2340 851 2394 nunquam
899 2325 1037 2378 alias
1081 2330 1236 2380 tanta
1276 2328 1570 2397 lapsorum
1612 2329 1726 2382 visa
1770 2335 1854 2384 est
1955 2342 2180 2396 negare,
2212 2326 2472 2396 quamvis
2500 2328 2769 2380 neutrum
2801 2324 3237 2379 commisissent.

246 2414 565 2481 multitudo,
630 2433 929 2488 nunquam
984 2420 1159 2473 etiam
1222 2423 1413 2474 tantus
1466 2423 1852 2477 confessorum
2024 2422 2086 2473 In
2113 2420 2217 2473 hoc
2260 2420 2507 2489 positum
2546 2436 2664 2474 esse
2704 2419 3160 2473 Libellatieorum
3205 2418 3416 2473 crimen
3450 2419 3584 2473 inde

243 2506 407 2561 extitit
432 2524 708 2564 numerus
737 2530 747 2564 :
774 2511 983 2565 deinde
1008 2529 1161 2580 vero,
1183 2514 1283 2568 etsi
1303 2516 1617 2584 persecutio
1648 2516 1852 2589 ubique
1952 2513 2296 2583 perspicitur
2325 2514 2477 2583 quod
2516 2529 2713 2567 eorum
2741 2513 2899 2566 fraus
2943 2529 3073 2566 cum
3119 2529 3181 2565 ea
3222 2517 3585 2583 comparetur

244 2605 479 2669 grassata
507 2606 613 2671 est,
647 2621 759 2658 non
782 2609 971 2659 tamen
1013 2606 1219 2678 ubique
1268 2608 1511 2662 daemoni
1552 2627 1667 2663 suae
1702 2613 1851 2665 artes
1951 2623 2124 2677 quam
2146 2608 2403 2661 Eleazaro
2420 2607 2663 2660 ministri
2684 2606 2836 2677 regis
2860 2612 3310 2677 proposuerant:
3347 2626 3374 2655 «
3400 2611 3474 2660 Ac
3506 2622 3579 2660 ne

251 2702 645 2751 successerunt.
698 2699 901 2754 Scribit
939 2700 1092 2754 enim
1135 2702 1327 2757 Clerus
1361 2703 1647 2757 Romanus
1684 2704 1848 2773 epist.
1952 2700 2076 2770 quis
2109 2701 2193 2754 vel
2223 2700 2417 2767 libelli,
2449 2699 2634 2770 inquit
2657 2700 2969 2770 Cyprianus
2997 2699 3054 2752 in
3082 2699 3221 2752 libro
3253 2699 3318 2753 de
3344 2701 3572 2754 Exhort.

243 2790 285 2853 3,
309 2789 371 2842 ad
400 2791 618 2845 clerum
642 2794 1165 2863 Carthaginensem,
1189 2798 1510 2850 Romanam
1544 2796 1847 2851 Ecclesiam
1950 2798 2113 2847 mart.
2151 2792 2232 2863 (p.
2262 2796 2406 2861 271),
2445 2793 2529 2847 vel
2558 2792 2793 2862 alicujus
2820 2792 2900 2846 rei
2931 2792 3117 2846 oblata
3154 2792 3258 2845 sibi
3291 2792 3583 2847 occasione

241 2886 368 2937 stare
395 2884 607 2939 fortem
636 2886 694 2939 in
744 2886 878 2953 ﬁde,
928 2891 985 2941 et
1034 2889 1305 2957 quosdam
1355 2893 1582 2943 tantum
1632 2893 1846 2944 terrore
1952 2903 2065 2957 qua
2086 2885 3076 2956 fallat,amplectaturdecipientium
3100 2885 3313 2939 malum
3334 2902 3578 2939 munus:

242 2978 544 3047 compulsos
571 2979 773 3034 ruisse.
813 2980 955 3034 lllud
986 2980 1163 3035 etiam
1192 2982 1262 3035 ad
1295 2981 1586 3053 religionis
1624 2984 1849 3038 laudem
1948 2996 2053 3033 nec
2084 2979 2379 3035 Eleazarus
2406 2980 2677 3033 tacendus
2706 2984 2808 3051 est,
2834 2984 2938 3032 etc.
2978 2998 3001 3028 ι)
3045 2979 3185 3032 Illud
3216 2994 3351 3048 ergo
3402 2978 3579 3032 admi-

241 3068 641 3126 observandum
669 3079 772 3142 est,
822 3073 1186 3144 paucissimos
1228 3077 1492 3131 cecidisse
1526 3077 1844 3148 episcopos,
1871 3116 1922 3148 η
1950 3079 2143 3127 serunt
2167 3072 2474 3126 Libellatici
2503 3073 2654 3142 quod
2690 3072 2988 3126 Eleazarus
3028 3072 3330 3126 admittere
3375 3071 3574 3137 noluit,

240 3178 293 3215 ac
357 3164 812 3220 innumerabiles
894 3168 1035 3222 alios
1109 3169 1370 3223 Ecclesiae
1438 3187 1640 3225 navem
1701 3171 1851 3225 inter
1872 3160 1925 3188 υ
1951 3170 2363 3223 consenserunt
2395 3173 2453 3222 ut
2471 3168 2809 3221 sacrificasse
2842 3168 3187 3235 dicerentur,
3206 3168 3438 3237 egregio
3453 3166 3582 3221 seni

239 3255 521 3312 horribiles
552 3260 831 3329 procellas
862 3265 1186 3316 constanter
1203 3264 1572 3333 gubernasse,
1605 3265 1681 3329 et,
1714 3281 1848 3335 pace
1950 3263 2122 3333 longe
2179 3262 2507 3316 dissimiles.
2567 3263 2638 3314 At
2693 3262 2739 3314 si
2793 3277 2928 3315 voce
2976 3261 3462 3331 pronuntiassent,
3499 3262 3584 3314 vel

238 3350 458 3417 reddita,
492 3352 571 3406 sic
602 3353 891 3423 lapsorum
913 3356 1150 3409 vulnera
1171 3372 1412 3423 curasse,
1446 3363 1505 3409 ut
1534 3358 1628 3427 qui
1655 3374 1847 3427 perse-
1950 3356 2157 3425 scripto
2187 3355 2568 3409 declarassent
2594 3371 2653 3407 se
2682 3353 3017 3407 sacrificasse
3059 3359 3114 3408 et
3152 3354 3437 3407 Christum
3482 3368 3582 3407 ne-

238 3444 430 3498 cutioni
456 3446 615 3500 Decii
638 3447 1074 3515 succubuerant,
1120 3449 1509 3520 redintegrato
1543 3451 1850 3505 certamine
1951 3465 2129 3519 gasse,
2160 3448 2231 3501 ab
2260 3447 2544 3517 ejusmodi
2568 3447 2715 3501 facto
2745 3447 3075 3501 dehortatus
3099 3450 3245 3501 esset
3269 3448 3581 3518 Cyprianus

237 3538 326 3590 sub
389 3539 547 3593 Gallo
600 3543 655 3593 et
718 3540 1043 3609 Volusiano,
1108 3542 1421 3609 vincerent,
1477 3546 1542 3596 ut
1609 3548 1845 3598 testatur
1953 3548 2013 3595 ut
2035 3542 2104 3595 ab
2132 3540 2776 3612 apertaimpietate,non
2811 3541 3161 3594 utacallida
3191 3540 3580 3594 simulatione.

234 3634 407 3684 auctor
430 3632 569 3686 libri
596 3634 669 3687 ad
699 3637 1066 3690 Novatianum
1096 3636 1423 3690 haretz’cum.
2022 3634 2178 3689 Idem
2201 3634 2540 3706 perspicitur
2566 3638 2686 3688 tum
2717 3651 2779 3688 ex
2800 3635 2866 3687 iis
2889 3635 3028 3688 locis
3047 3635 3102 3687 in
3119 3634 3323 3705 quibus
3342 3634 3581 3687 Libella-

237 3733 310 3785 Vl.
342 3738 491 3788 —In
508 3752 618 3804 quo
642 3739 882 3806 positum
916 3753 1098 3791 eorum
1127 3739 1385 3792 delictum
1414 3742 1512 3808 qui
1546 3740 1851 3795 Libellatici
1950 3729 2190 3781 ῖίεοιύω
2216 3729 2382 3798 αωΡᾶ
2424 3728 2636 3781 lenitur
2680 3734 2734 3780 θί
2785 3727 3209 3798 Ψιοάθηιωοάο
3255 3732 3581 3791 excusatur.

838 3818 1106 3887 appellati
1128 3823 1277 3871 sunt.
1948 3827 2068 3875 tum
2109 3821 2281 3875 etiam
2332 3838 2395 3875 ex
2444 3821 2555 3874 illis
2598 3821 2655 3873 in
2711 3820 2912 3891 quibus
2956 3821 3203 3873 severius
3242 3822 3568 3891 castigatur.

294 3912 569 3968 Saeviente
618 3914 763 3967 Decii
794 3915 1208 3984 persecutione,
1255 3915 1436 3969 visum
1463 3920 1546 3969 est
1576 3916 1635 3969 in
1664 3918 1848 3971 Africa
1948 3915 2085 3969 Cum
2116 3914 2456 3969 Libellaticis
2479 3930 2743 3969 concessa
2790 3931 2890 3984 pax
2942 3914 3000 3967 in
3046 3914 3265 3985 synodo
3291 3915 3581 3985 Carthagi-

234 4020 428 4060 novum
458 4007 1060 4078 quoddamlapsorum
1084 4025 1262 4079 genus
1290 4010 1385 4079 qui
1413 4010 1721 4064 Libellatici
1744 4029 1840 4081 ap-
1948 4008 2109 4062 nensi
2138 4012 2466 4078 carperetur
2493 4026 2525 4062 a
2570 4009 2865 4061 Novatiani
2908 4008 3295 4076 sectatoribus,
3343 4008 3419 4062 sic
3464 4008 3577 4061 fac-

232 4099 655 4168 pellatisunt,et
683 4101 983 4155 materiam
1005 4102 1357 4156 eruditorum
1386 4103 1684 4157 hominum
1711 4122 1844 4158 cou-
1948 4108 2069 4155 tum
2098 4102 2295 4172 synodi
2327 4102 2575 4156 defendit
2606 4102 2939 4172 Cyprianus,
2965 4102 3129 4172 epist.
3181 4106 3268 4168 55,
3304 4103 3375 4155 ad
3402 4104 3579 4156 Anto—

228 4192 449 4258 jecturis
478 4194 781 4249 dederunt.
805 4194 1027 4264 Opinati
1050 4201 1182 4250 sunt
1203 4196 1483 4265 Rigaltius
1503 4197 1579 4267 (in
1608 4197 1755 4251 notis
1775 4199 1846 4253 ad
1945 4198 2174 4249 nianum
2203 4213 2215 4248 ε
2245 4216 2270 4241 ‹‹
2301 4196 2762 4265 Cumergointer
2789 4196 2937 4265 ipsos
2954 4195 3050 4265 qui
3100 4194 3579 4262 sacriﬁcaverunt,

233 4302 346 4357 epp.
384 4290 465 4355 14,
499 4291 560 4342 31
618 4288 807 4357 Cypr.)
836 4293 891 4341 et
939 4289 1145 4341 Natalis
1191 4289 1510 4343 Alexander
1563 4290 1727 4360 (tom.
1777 4293 1842 4360 ll,
1946 4289 2129 4360 inquit
2163 4292 2239 4359 (p.
2272 4288 2381 4359 70),
2413 4290 2584 4342 multa
2612 4289 2685 4343 sit
2721 4289 3032 4355 diversitas,
3065 4288 3581 4359 quaeinclementia

234 4394 279 4448 p.
322 4382 441 4447 635)
493 4381 848 4435 Libellaticos
891 4381 999 4435 dici
1032 4398 1127 4434 eos
1168 4381 1287 4452 qui,
1332 4387 1631 4437 numerata
1663 4384 1845 4455 judici
1949 4386 2031 4437 est
2084 4386 2139 4436 et
2187 4400 2355 4453 quam
2412 4383 2611 4436 acerba
2662 4383 2868 4436 duritia
2926 4382 3281 4436 Libellaticos
3328 4398 3459 4436 cum
3514 4382 3582 4436 iis

234 4475 475 4540 pecunia,
498 4473 759 4528 libellum
787 4475 1103 4528 securitatis
1119 4475 1490 4545 accipiebant,
1508 4477 1700 4546 sicque
1728 4495 1756 4530 a
1792 4480 1925 4550 seD
1950 4477 2045 4548 qui
2087 4476 2543 4531 sacriﬁcaverunt
2572 4477 2843 4547 jungere,
2889 4477 3116 4546 quando
3158 4476 3202 4529 is
3246 4476 3334 4530 cui
3367 4476 3585 4529 libellus

234 4570 277 4617 et
304 4568 632 4637 impositam
657 4568 1007 4621 sacrificandi
1038 4570 1223 4639 legem
1243 4574 1298 4623 et
1325 4569 1630 4623 intentatas
1656 4571 1843 4625 reluc-
1946 4576 2207 4640 acceptus
2234 4574 2335 4639 est,
2372 4570 2515 4624 dicat
2549 4587 2560 4623 :
2595 4572 2712 4640 Ego
2745 4570 2898 4640 prius
2926 4571 3174 4640 legeram
3227 4576 3282 4624 et
3320 4570 3581 4639 episcopo

232 4662 463 4715 tantibus
494 4678 693 4731 posnas
730 4661 1106 4715 redimebant.
1146 4663 1251 4717 Sed
1289 4663 1407 4717 haec
1453 4665 1736 4719 sententia
1768 4665 1846 4718 sic
1946 4666 2220 4718 tractante
2252 4680 2633 4734 cognoveram
2654 4680 2767 4716 non
2798 4663 3234 4716 sacriﬁcandum
3258 4662 3443 4727 idolis,
3476 4677 3581 4715 nec

230 4768 316 4805 sua
342 4761 544 4824 sponte
578 4755 839 4809 omnibus
858 4756 1206 4825 argumentis
1240 4756 1389 4809 nuda
1416 4760 1472 4809 et
1514 4756 1846 4812 incomitata
1947 4757 2246 4811 simulacra
2278 4773 2497 4810 servum
2538 4756 2637 4808 Dei
2689 4755 2930 4809 adorare
2975 4756 3212 4823 debere;
3248 4757 3302 4807 et
3348 4754 3575 4819 idcirco,

229 4854 318 4910 est,
348 4849 423 4901 sic
447 4848 522 4901 ab
552 4847 789 4902 eruditis
816 4848 946 4901 viris
975 4850 1152 4902 fracta
1181 4850 1506 4919 etexplosa,
1546 4857 1606 4904 ut
1643 4858 1869 4905 novam'
1947 4866 2017 4903 ne
2060 4851 2165 4903 hoc
2221 4850 2469 4903 iacerem
2521 4848 2673 4919 quod
2738 4864 2852 4902 non
2901 4847 3127 4915 licebat,
3182 4863 3312 4901 cum
3366 4847 3581 4901 occasio

229 4940 758 5012 refellendiOperam
780 4958 890 4995 non
907 4941 1211 4996 desideret.
1234 4943 1367 5006 Quis
1397 4943 1551 4997 enim
1575 4944 1681 4998 sibi
1713 4962 1844 5015 per-
1944 4943 2119 4997 libelli
2142 4943 2341 4996 fuisset
2368 4942 2575 5009 oblata,
2596 4957 2770 5011 quem
2795 4957 2898 4994 nec
2928 4940 3114 5011 ipsum
3130 4940 3445 5011 acciperem
3474 4940 3583 4993 nisi

228 5035 449 5091 suadeat
478 5034 697 5106 grande
713 5040 1008 5105 peccatum
1031 5052 1147 5090 esse
1168 5040 1223 5089 et
1248 5035 1578 5106 poenitentia
1606 5039 1843 5108 expian-
1948 5041 2177 5091 ostensa
2207 5035 2400 5090 fuisset
2452 5035 2691 5101 occasio,
2739 5035 2808 5089 ad
2865 5034 3265 5106 magistratum
3302 5034 3386 5088 vel
3429 5034 3580 5103 veni,

229 5126 371 5193 dum,
401 5128 562 5199 quod
588 5127 891 5199 Scriptura
920 5128 1194 5199 exemplis
1226 5131 1284 5183 et
1307 5132 1454 5183 Petri
1482 5130 1845 5185 Alexandrini
1946 5131 2030 5183 vel
2056 5130 2165 5184 alio
2192 5133 2361 5185 eunte
2394 5129 2651 5184 mandavi
2676 5129 3062 5185 Christianum
3097 5145 3187 5183 me
3233 5145 3375 5196 esse,
3420 5129 3587 5182 sacri-

230 5236 429 5276 canone
460 5225 531 5276 l2
561 5222 992 5292 comprobatum
1014 5226 1117 5287 est,
1144 5238 1247 5276 nec
1276 5239 1526 5294 unquam
1557 5224 1843 5278 inconces-
1946 5224 2113 5278 ﬁcare
2164 5223 2306 5277 mihi
2351 5239 2465 5277 non
2506 5223 2693 5290 licere,
2730 5222 2801 5276 ad
2847 5238 2971 5275 aras
3018 5221 3225 5276 diaboli
3266 5238 3358 5275 me
3387 5222 3581 5275 venire

231 5329 339 5366 sum
370 5314 477 5368 fuit
505 5315 618 5368 nisi
654 5314 805 5385 apud
846 5314 1232 5383 Montanistas,
1258 5315 1352 5386 qui
1383 5318 1846 5386 persecutionem
1947 5334 2061 5371 non
2093 5333 2275 5387 posse,
2310 5316 2443 5371 dare
2467 5332 2560 5370 me
2592 5317 2663 5371 ob
2702 5317 2807 5371 hoc
2843 5316 3142 5386 praemium
3179 5332 3251 5370 ne
3278 5315 3427 5387 quod
3466 5330 3582 5369 non

230 5405 406 5476 fugere
449 5409 630 5462 instar
669 5408 892 5462 sceleris
930 5408 1326 5463 damnabant?
1374 5410 1557 5463 Multas
1600 5410 1722 5464 alia:
1773 5412 1843 5465 de
1947 5411 2077 5465 licet
2104 5410 2322 5464 faciam.
2358 5411 2513 5463 Nunc
2544 5414 2734 5464 tamen
2768 5412 2945 5463 etiam
2976 5409 3079 5463 iste
3109 5409 3204 5479 qui
3233 5409 3425 5463 libello
3453 5425 3580 5463 ma-

230 5500 555 5555 l.ibellaticis
581 5502 1290 5572 exstiteruntconjecturm,
1316 5502 1385 5557 de
1412 5503 1845 5573 qnibusnonita
1948 5504 2167 5557 culatus
2197 5508 2299 5569 est,
2352 5509 2726 5574 posteaquam
2759 5503 2923 5557 nobis
2966 5502 3405 5556 admonentibus
3445 5502 3586 5556 didi-

231 5595 371 5647 faeile
400 5597 471 5648 sit
502 5594 838 5663 dijudicare.
870 5594 1162 5650 Existimat
1179 5602 1374 5650 auctor
1410 5598 1708 5651 Annalium
1737 5599 1841 5666 Cy-
1947 5600 2022 5651 cit
2056 5614 2159 5651 nec
2190 5598 2297 5651 hoc
2325 5615 2380 5651 se
2418 5599 2603 5651 facere
2637 5596 2917 5661 debuisse,
2950 5596 3052 5650 etsi
3085 5613 3285 5651 manus
3326 5612 3467 5666 pura
3514 5596 3584 5647 sit

228 5690 676 5759 priam‘corum(p.
696 5692 714 5743 l
734 5693 782 5759 ‘7)
805 5688 1157 5743 Libellaticos
1178 5710 1204 5740 α
1225 5690 1363 5743 actis
1396 5690 1615 5760 publice
1642 5691 1846 5745 habitis
1948 5696 2005 5745 et
2034 5708 2094 5744 os
2121 5691 2242 5760 eius
2264 5692 2458 5745 feralis
2484 5691 2868 5761 cibicontagia
2890 5690 3043 5743 nulla
3060 5690 3384 5759 polluerint,
3409 5706 3574 5741 cous-

233 5795 399 5834 eoram
436 5782 861 5852 magistratibus
881 5782 1165 5837 Christum
1188 5798 1445 5855 negasse.
1476 5805 1501 5832 ››
1537 5785 1592 5837 S.
1626 5788 1841 5855 Augns-
1946 5786 2210 5839 cientiam
2247 5788 2436 5840 tamen
2481 5785 2601 5855 ejus
2631 5800 2749 5839 esse
2780 5784 3078 5855 pollutam,
3114 5783 3208 5837 Περὶ
3240 5781 3446 5835 auditis
3478 5796 3579 5834 no-
