4084 6208
431 269 487 321 91
1785 276 1933 329 VITA
1972 275 2025 329 S.
2057 275 2388 332 CYPRIANI.
3708 273 3776 324 92

425 393 513 447 bis
542 397 600 447 et
623 395 990 464 lamentatur,
1025 401 1080 451 et
1128 398 1276 468 quod
1304 399 1603 471 deliquerit
1639 416 1790 455 nunc
1838 402 2040 456 admo-
2066 403 2380 487 Acrimen,
2415 408 2600 457 tamen
2631 401 2857 472 publice
2890 400 3116 470 legitur.
3149 400 3368 453 Etcum
3411 401 3594 452 totum
3641 395 3779 450 fidei

431 491 619 557 uetur,
654 494 710 542 et
733 505 848 543 non
876 493 993 544 tam
1021 491 1258 546 crimine
1300 509 1471 563 quam
1523 510 1712 548 errore
1755 494 2042 565 deceptus,

427 581 582 650 quod
602 582 724 651 jam
754 582 824 636 de
862 588 1069 638 caatero
1107 585 1414 641 instructus
1453 591 1508 641 et
1538 593 1767 658 paratus
1812 589 1886 642 sit
1911 605 2047 643 cou-

429 677 687 728 testatur.
719 697 746 725 »
777 679 849 731 Ex
878 678 963 731 his
978 678 1162 732 verbis
1200 680 1543 750 perspicitur
1590 685 1644 735 1ο
1695 681 2050 736 Libellaticos

430 783 542 820 non
566 785 632 822 ex
663 769 808 823 datis
841 772 939 824 sed
968 788 1033 825 ex
1058 774 1518 843 acceptislibellis
1548 791 1755 829 nomen
1784 776 2048 843 traxisse;

428 863 485 914 2°
513 868 724 918 secreto
751 865 1035 920 confessos
1067 882 1187 920 esse
1232 867 1590 938 magistratui
1619 869 1965 925 Christianos
1994 886 2052 924 se

430 970 569 1022 esse,
606 973 667 1010 ac
708 961 882 1012 totam
916 975 1036 1013 rem
1084 960 1158 1015 ita
1208 964 1583 1031 attemperate
1630 968 1949 1030 tractatam,
1990 967 2055 1017 ut

429 1064 532 1103 nec
552 1049 900 1106 Christianus
949 1053 1123 1124 impie
1161 1055 1476 1126 quidquam
1503 1056 1687 1110 dicere
1718 1061 1818 1111 aut
1870 1058 2054 1112 facere

431 1142 534 1196 sibi
552 1142 856 1211 videretur,
876 1162 980 1200 nec
996 1147 1173 1217 judex
1190 1148 1247 1202 in
1262 1148 1575 1218 periculum
1593 1151 1847 1219 veniret;
1869 1154 1925 1206 3°
1942 1168 2054 1205 non

430 1252 662 1291 manum
687 1238 1162 1308 Libellaticorum,
1183 1258 1297 1296 non
1315 1258 1376 1296 os
1392 1242 1565 1297 fuisse
1593 1242 1707 1314 91
1738 1244 2052 1314 pollutum.

430 1329 527 1383 sed
559 1331 731 1385 solam
762 1333 1188 1402 conscientiam,
1225 1335 1355 1406 quia
1385 1336 1643 1391 videlicet
1671 1337 1781 1390 illis
1822 1338 2056 1391 consciis

432 1422 627 1477 ﬁctum
658 1425 840 1479 scelus
879 1426 938 1480 in
981 1433 1106 1482 acta
1139 1428 1360 1498 publica
1393 1429 1635 1482 relatum
1667 1430 1874 1484 fuerat.
1915 1432 1986 1484 At
2011 1431 2055 1484 si

433 1531 565 1570 voce
623 1519 704 1571 vel
765 1519 974 1590 scripto
1028 1521 1218 1574 testati
1282 1537 1401 1575 esse
1467 1538 1524 1575 se
1592 1522 1932 1577 sacrificasse
2003 1529 2060 1578 et

433 1609 714 1664 Christum
759 1627 1016 1682 negasse,
1057 1630 1130 1667 an
1183 1631 1382 1669 eorum
1410 1615 1636 1687 linguas
1683 1619 1741 1670 et
1785 1633 1988 1671 manus
2026 1634 2060 1671 a

433 1703 640 1756 scelere
668 1704 954 1759 immunes
992 1709 1049 1760 et
1083 1724 1254 1778 puras
1297 1709 1666 1763 existimasset
1713 1710 2059 1780 Cyprianus?

433 1796 493 1848 4ο
537 1797 813 1867 Denique,
859 1800 955 1869 qui
1007 1817 1069 1854 ex
1127 1802 1230 1854 hac
1272 1803 1509 1872 epistola
1551 1803 1892 1857 concludant
1943 1783 2134 1858 duoB

435 1888 601 1943 fuisse
657 1891 1113 1947 Libellaticorum
1170 1911 1408 1964 genera,
1471 1912 1717 1965 quorum
1778 1897 1870 1950 alii
1934 1898 2059 1951 aliis

433 1984 614 2036 multo
654 1985 884 2053 gravius
931 1992 1275 2056 peccassent,
1323 2005 1392 2042 ex
1423 2005 1492 2043 eo
1538 1990 1871 2044 refellentur
1905 1991 2056 2060 quod

432 2076 536 2130 sibi
559 2078 808 2131 maxime
826 2079 1015 2134 favere
1030 2082 1375 2136 existimant.
1395 2083 1536 2136 Tum
1550 2100 1614 2138 cu
1627 2100 1680 2136 rn
1700 2084 1854 2137 enim
1871 2084 2059 2138 obser-

429 2174 523 2223 vat
560 2171 874 2242 Cyprianus
927 2195 952 2222 ‹‹
999 2175 1149 2229 inter
1183 2177 1335 2246 ipsos
1381 2177 1477 2247 qui
1515 2178 1974 2231 sacrificaverunt
2029 2200 2056 2227 »

436 2265 675 2319 multam
696 2282 813 2321 esse
848 2267 1254 2335 diversitatem,
1285 2286 1401 2324 non
1440 2271 1595 2324 aliud
1642 2271 1791 2324 inter
1820 2272 2055 2325 Libellu-

433 2357 572 2410 ticos
599 2359 903 2414 discrimen
930 2362 1090 2431 ponit
1119 2363 1226 2416 nisi
1252 2364 1398 2434 quod
1425 2363 1518 2417 alii
1549 2364 1617 2417 ad
1657 2366 2056 2436 magistratum

435 2450 752 2520 venissent,
817 2454 912 2507 alii
970 2456 1337 2510 mandassent
1385 2457 1492 2510 alio
1546 2463 1736 2511 eunte.
1785 2459 2057 2528 Utrosque

435 2560 594 2615 aeque
632 2562 888 2616 peccasse
927 2564 1040 2602 non
1083 2548 1324 2603 dubitat.
1375 2550 1512 2604 Hinc
1555 2551 1808 2621 utrisque
1857 2552 2054 2605 eodem

436 2646 692 2710 tempore
709 2656 976 2695 concessa
990 2659 1091 2712 pax
1111 2643 1170 2696 in
1184 2643 1418 2697 concilio
1431 2645 1639 2698 Cartha
1647 2645 1864 2713 ginensi
1876 2687 1887 2710 ,
1901 2645 2055 2715 quod

433 2747 583 2786 anno
604 2735 696 2787 251
737 2738 863 2804 post
889 2736 1100 2789 Pascha
1143 2736 1405 2790 habitum
1437 2742 1538 2791 est.
1585 2737 1705 2800 Quo
1735 2738 1965 2807 quidem
1996 2740 2053 2792 in

433 2826 670 2881 concilio
697 2843 826 2881 cum
857 2829 1102 2900 episcopi
1129 2830 1377 2884 rationes
1401 2847 1603 2885 omnes
1629 2832 2053 2886 accuratissime

433 2919 827 2984 subduxerint,
861 2926 922 2975 ut
966 2923 1024 2976 in
1075 2923 1179 2977 hac
1224 2923 1386 2994 epist.
1447 2927 1512 2978 52
1561 2928 1799 2978 testatur
1823 2927 2051 2996 Cypria-

432 3029 555 3080 nus,
604 3030 720 3068 uon
756 3015 960 3070 eodem
1017 3017 1186 3071 modo
1225 3033 1355 3071 cum
1402 3018 1668 3072 omnibus
1722 3019 2056 3074 Libellaticis

433 3107 678 3176 egissent
705 3109 750 3162 si
792 3109 1030 3180 insignis
1069 3111 1219 3165 inter
1262 3127 1355 3166 eos
1381 3112 1622 3167 varietas
1649 3113 1867 3167 fuisset.
1909 3113 2050 3178 Quid

431 3203 623 3255 autem
653 3202 879 3273 utrique
907 3203 1216 3258 Libellatici
1245 3206 1622 3275 peccaverint,
1655 3212 1710 3260 et
1738 3208 1835 3277 qui
1863 3223 1968 3278 per
1995 3223 2054 3260 se

433 3299 596 3369 etqui
615 3316 715 3370 per
731 3301 871 3354 alios
886 3317 1015 3354 cum
1034 3302 1366 3371 magistratu
1384 3309 1640 3372 egerant,
1659 3321 1769 3357 non
1789 3304 2056 3374 exprimit

430 3398 1066 3466 Cyprianus;uotissima
1089 3399 1243 3453 enim
1262 3416 1351 3454 res
1369 3407 1491 3455 erat
1509 3401 1966 3467 Antoniano;sed
1989 3401 2052 3454 il-

433 3494 529 3547 lud
544 3495 740 3550 saltem
755 3512 822 3549 ex
844 3495 965 3566 ejus
978 3497 1161 3551 verbis
1178 3502 1419 3564 constat,
1436 3499 1548 3552 tale
1569 3506 1863 3569 peccatum
1883 3499 2054 3553 fuisse

437 3592 495 3641 ut
513 3604 584 3640 ne
605 3604 861 3658 peccasse
885 3589 1125 3661 quidem
1147 3590 1250 3644 sibi
1269 3592 1615 3646 viderentur.
1635 3596 1704 3646 At
1720 3593 2055 3647 incredibile

430 3698 658 3752 prorsus
675 3683 1125 3739 estChristianos
1145 3686 1370 3756 optimis
1389 3702 1615 3740 morum
1633 3686 1927 3758 praeceptis
1945 3687 2052 3740 im-

431 3775 598 3830 butos
628 3776 767 3831 adeo
795 3778 1122 3847 cascutiisse,
1145 3785 1204 3833 ut
1221 3796 1280 3833 se
1299 3779 1418 3834 sine
1434 3781 1641 3834 scelere
1664 3780 2052 3851 pronuntiare,

433 3871 531 3920 aut
557 3865 800 3921 scribere
824 3884 980 3938 posse
1003 3869 1320 3923 crederent.
1357 3871 1470 3940 Ego
1486 3869 1590 3923 diis
1608 3870 2055 3941 sacriﬁcavi,ego

432 3959 720 4014 Christum
739 3962 968 4032 negavi;
989 3977 1092 4016 nec
1111 3963 1218 4016 nisi
1236 3963 1512 4018 admoniti
1527 3980 1557 4015 a
1572 3965 1853 4035 Cypriano
1875 3965 2050 4018 disce-

431 4054 684 4110 reuthoc
704 4071 761 4109 se
783 4055 968 4110 facere
1002 4073 1116 4110 non
1133 4056 1408 4111 debuisse.
1437 4059 1571 4111 Tam
1601 4065 1789 4128 aperta
1818 4064 1900 4112 est
1915 4059 2058 4128 ejus-

427 4148 581 4203 modi
602 4150 867 4204 facinoris
893 4150 1177 4220 impietas,
1207 4152 1265 4203 ut
1294 4151 1582 4205 neminem
1615 4169 1846 4222 prorsus
1868 4153 2052 4206 latere

429 4244 696 4315 potuerit,
720 4244 1185 4314 nisiquiomnem
1205 4244 1498 4315 religionis
1533 4262 1759 4300 sensum
1791 4246 2050 4300 exuisset.

499 4338 692 4393 Clerus
718 4339 1027 4404 Romanus,
1059 4338 1222 4408 epist.
1256 4338 1407 4392 inter
1452 4339 1815 4410 Cyprianicas
1847 4343 1905 4394 3t
1966 4339 2052 4395 Li-

431 4430 820 4485 bellaticorum
866 4432 1094 4501 culpam
1152 4449 1269 4486 non
1326 4433 1486 4486 molli
1512 4433 1746 4487 brachio
1792 4432 2052 4503 castigat,

2151 502 2573 551 sacramentum
2629 497 2688 550 in
2733 494 3087 551 confessione
3134 492 3340 551 Christi
3391 491 3638 546 nominis
3685 491 3776 544 in—

2149 591 2436 661 telligatur
2462 607 2581 646 esse
2611 590 2914 660 digestum,
2943 588 3039 660 qui
3077 588 3300 642 fallaces
3321 587 3379 640 in
3407 585 3778 640 excusatione

2152 685 2471 755 praestigias
2511 683 2735 755 quierit,
2764 682 3018 753 negavit,
3051 687 3105 736 et
3142 681 3239 752 qui
3276 680 3393 733 vult
3424 679 3603 732 videri
3649 694 3777 748 pro-

2152 778 2346 849 positis
2385 778 2651 833 adversus
2678 777 3042 848 Evangelium
3073 776 3159 828 vel
3186 773 3383 830 edictis
3429 773 3516 826 vel
3558 771 3782 842 legibus

2153 872 2504 940 satisfecisse,
2546 873 2654 926 hoc
2699 872 2821 942 ipso
2862 871 2982 941 jam
3027 869 3219 941 paruit
3264 868 3412 939 quod
3452 866 3629 921 videri
3680 882 3778 936 pa-

2153 967 2331 1021 ruisse
2361 984 2419 1020 se
2452 967 2644 1019 voluit.
2678 987 2703 1015 ›)
2734 965 3016 1020 Gemellus
3064 979 3196 1016 sane
3243 962 3335 1016 hic
3384 963 3537 1016 locus
3573 965 3659 1014 est
3700 960 3781 1012 al-

2155 1061 2259 1116 teri
2289 1078 2354 1114 ex
2377 1062 2615 1130 Epistola
2645 1060 2718 1114 ad
2739 1060 3111 1114 Antonianum
3137 1057 3498 1127 deprompto,
3522 1055 3782 1125 quamvis

2157 1157 2299 1209 alter
2326 1156 2382 1208 iu
2404 1170 2681 1208 summam
2710 1152 3026 1217 leuitatem,
3050 1152 3194 1204 alter
3220 1150 3280 1202 in
3311 1165 3596 1202 summam
3627 1165 3781 1203 seve-

2157 1249 2378 1302 ritatem
2406 1247 2657 1302 inclinet.
2693 1247 2956 1300 Testatur
2977 1245 3174 1299 Clerus
3219 1245 3511 1298 Romanus
3549 1241 3785 1298 Libella-

2157 1342 2298 1396 ticos
2338 1342 2414 1395 sic
2460 1341 2650 1394 animo
2700 1339 2931 1393 atfcctos
2971 1338 3164 1405 fuisse,
3199 1340 3259 1390 ut
3303 1336 3510 1390 diaboli
3554 1336 3788 1406 laqueos

2160 1436 2377 1490 evasuri
2399 1433 2524 1506 92
2552 1434 2654 1488 sibi
2682 1433 3042 1501 viderentur;
3069 1431 3217 1501 quod
3243 1431 3491 1501 profecto
3523 1428 3791 1483 Christia-

2159 1530 2244 1583 nis
2269 1529 2324 1583 in
2356 1535 2606 1583 mentem
2635 1543 2751 1582 non
2780 1526 3042 1593 venisset,
3074 1526 3119 1579 si
3147 1524 3322 1595 impie
3351 1523 3660 1594 quidquam
3691 1527 3788 1574 aut

2158 1640 2290 1678 voce
2328 1623 2604 1693 prolocuti
2648 1621 2903 1687 fuissent,
2950 1625 3047 1674 aut
3090 1619 3294 1688 scripto
3337 1617 3550 1684 testati,
3595 1616 3788 1670 Clerus

2160 1720 2446 1773 Romanus
2467 1717 2579 1770 duo
2625 1715 2924 1784 distinguit
2955 1713 3417 1769 Libellalicorum
3455 1725 3686 1781 genera,
3723 1712 3789 1761 ut

2161 1812 2216 1864 in
2247 1811 2487 1880 Epistola
2517 1810 2589 1862 ad
2616 1810 3009 1873 Antoniunum,
3039 1823 3236 1861 eorum
3267 1805 3364 1875 qui
3391 1805 3449 1857 in
3491 1803 3789 1856 scribendo

2161 1905 2487 1968 adfuerant,
2536 1907 2591 1956 et
2633 1917 2831 1955 eorum
2879 1901 2973 1971 qui
3019 1917 3091 1953 ne
3141 1899 3333 1953 adesse
3383 1896 3614 1968 quidem
3665 1894 3786 1949 ausi

2159 1998 2386 2051 fuerant
2415 2000 2511 2049 aut
2554 1998 2878 2066 potuerant.
2927 1993 3158 2064 Utrique
3202 1991 3416 2062 pariter
3461 1991 3785 2058 culpantur,

2161 2091 2289 2162 quia
2321 2090 2587 2161 postremi
2612 2089 2743 2142 licet
2774 2110 2801 2137 «
2831 2091 3156 2158 praesentes,
3209 2102 3336 2140 cum
3380 2088 3503 2138 acta
3551 2083 3780 2144 fierent,

2161 2201 2272 2238 non
2303 2184 2636 2248 adfuissent,
2661 2182 3022 2252 praesentiam
3041 2196 3201 2233 suam
3231 2179 3425 2248 utique
3448 2182 3509 2230 ut
3541 2177 3618 2230 sic
3645 2175 3787 2228 scri-

2158 2279 2435 2333 berentur
2467 2276 2796 2332 mandando
2831 2275 3112 2329 fecissent.
3147 2296 3174 2321 ‹‹
3202 2275 3374 2326 Porro
3406 2272 3476 2325 de
3501 2271 3566 2324 iis
3595 2269 3690 2340 qui
3727 2269 3789 2322 in

2159 2372 2457 2426 scribendo
2499 2387 2610 2425 nou
2661 2370 2898 2424 aderant
2935 2384 3106 2422 nemo
3158 2367 3362 2420 dixerit
3402 2381 3498 2419 eos
3534 2363 3788 2417 libellum

2159 2466 2404 2532 dedisse,
2425 2469 2522 2518 aut
2540 2464 2710 2518 verbo
2727 2464 2801 2516 im
2813 2463 2898 2533 pie
2921 2461 3233 2532 quidquam
3246 2460 3576 2514 declarasse.
3595 2460 3654 2510 lu
3680 2457 3789 2510 hoc

2160 2565 2387 2614 taulum
2416 2559 2812 2629 vituperantur
2839 2556 2987 2626 quod
3012 2555 3387 2625 imperassent
3417 2557 3480 2605 ut
3517 2556 3639 2605 acta
3680 2550 3785 2603 ﬁe-

2158 2660 2305 2720 rent,
2321 2653 2472 2723 quod
2488 2667 2687 2705 eorum
2706 2671 2732 2698 ‹‹
2755 2665 3034 2704 consensu
3060 2647 3192 2703 licet
3208 2663 3320 2701 non
3342 2663 3374 2700 a
3397 2662 3454 2699 se
3475 2645 3788 2699 admissum

2157 2748 2376 2801 crimen
2404 2753 2601 2800 tamen
2630 2745 2851 2816 publice
2884 2765 2908 2791 η
2955 2745 3268 2813 legeretur:
3319 2762 3344 2787 ‹‹
3380 2739 3528 2810 quod
3563 2738 3789 2792 fallaces

2157 2842 2214 2895 iu
2233 2839 2600 2894 excusatione
2624 2837 2986 2909 praestigias»
3007 2835 3392 2906 qumsiisseut;
3418 2833 3568 2904 quod
3588 2831 3787 2885 voluis—

2158 2938 2283 2988 seut
2323 2957 2349 2982 ‹‹
2396 2933 2572 2987 videri
2624 2931 2924 3001 propositis
2965 2930 3233 2983 adversus
3287 2925 3656 2996 Evangelium
3702 2925 3791 2977 vel

2158 3028 2354 3082 edictis
2399 3027 2480 3081 vel
2526 3025 2749 3096 legibus
2794 3023 3148 3078 satisfecisse.
3186 3044 3212 3071 ››
3262 3023 3410 3091 Ergo
3454 3020 3546 3090 qui
3593 3019 3793 3072 adfue-

2160 3126 2304 3187 rant,
2335 3136 2464 3174 cum
2493 3120 2548 3173 in
2585 3119 2785 3173 eadem
2816 3134 3043 3188 prorsus
3083 3132 3245 3169 causa
3278 3115 3407 3181 sint,
3449 3113 3586 3167 nihil
3631 3111 3790 3166 aliud

2158 3215 2495 3269 commisere
2542 3213 2651 3266 nisi
2698 3219 2760 3265 ut
2812 3211 3005 3264 tictum
3057 3210 3240 3263 scelus
3293 3209 3353 3262 in
3397 3211 3520 3261 acta
3565 3206 3792 3276 publica

2159 3309 2294 3378 ipsis
2333 3306 2655 3361 videntibus
2702 3306 3028 3359 referretur.
3076 3301 3485 3367 Quamobrem,
3533 3317 3662 3354 cum
3709 3299 3794 3353 ait

2158 3403 2343 3456 clerus
2394 3403 2683 3456 Romanus
2737 3415 2834 3453 eos
2896 3419 2925 3447 «
2976 3414 3094 3451 non
3146 3396 3332 3450 minus
3385 3410 3558 3466 quam
3611 3394 3653 3447 si
3711 3393 3790 3446 ad

2158 3495 2404 3550 nefarias
2455 3510 2576 3548 aras
2622 3491 3018 3560 accessissent,
3071 3491 3179 3545 hoc
3223 3491 3345 3560 ipso
3396 3488 3545 3559 quod
3596 3487 3788 3557 ipsum

2158 3588 2455 3644 contestati
2483 3588 2704 3641 fuerant
2731 3608 2757 3636 ››
2784 3585 2969 3640 teneri
2991 3602 3006 3653 ;
3039 3584 3097 3638 id
3125 3600 3240 3638 non
3284 3582 3366 3636 ita
3393 3580 3787 3652 accipiendum

2157 3683 2314 3754 quasi
2361 3698 2492 3736 voce
2549 3679 3005 3751 pronuntiassent
3061 3694 3121 3731 se
3175 3676 3248 3732 ad
3295 3693 3420 3730 aras
3466 3673 3785 3729 accessisse.

2157 3777 2258 3830 sed
2305 3776 2456 3847 quod
2501 3773 2917 3828 consensissent
2960 3775 3022 3825 ut
3069 3771 3295 3825 sceleris
3339 3786 3454 3824 non
3501 3768 3789 3823 commissi

2160 3871 2445 3941 publicum
2473 3875 2666 3922 tamen
2692 3867 3088 3921 testimonium
3118 3870 3380 3919 exstaret.
3411 3863 3592 3918 Simili
3619 3879 3790 3916 sensu

2157 3964 2307 4017 idem
2337 3963 2532 4017 Clerus
2549 3978 2642 4016 eos
2669 3964 2788 4014 acta
2814 3960 3011 4014 fecisse
3059 3959 3194 4014 dicit
3238 3958 3334 4029 qui
3375 3977 3402 4007 ‹‹
3452 3958 3787 4027 praesentes,

2157 4073 2284 4112 cum
2335 4061 2462 4111 acta
2505 4055 2724 4122 tierent,
2774 4074 2800 4105 »
2849 4070 2966 4108 non
3005 4053 3321 4106 adfuerant.
3350 4050 3565 4106 Eodem
3613 4049 3790 4103 modo

2158 4150 2550 4221 accipiendum
2589 4148 2736 4220 quod
2769 4147 2838 4202 de
2884 4145 3120 4202 Martiali
3161 4145 3365 4199 dicitur
3411 4144 3468 4197 in
3514 4143 3674 4214 epist.
3718 4145 3791 4196 68

2160 4247 2308 4315 (pag.
2366 4243 2508 4313 119),
2561 4249 2678 4296 tum
2728 4242 2905 4296 etiam
2957 4240 3096 4293 illud
3159 4256 3222 4293 ex
3285 4238 3431 4292 libro
3486 4238 3550 4292 de
3595 4241 3791 4306 Lapsis

2161 4342 2235 4410 (p.
2273 4337 2413 4407 190),
2470 4360 2496 4386 ι(
2526 4352 2631 4390 nec
2677 4335 2782 4389 sibi
2819 4334 3126 4405 quominus
3163 4337 3337 4402 agant
3390 4330 3790 4401 paenitentiam

2156 4432 2522 4486 blandiantur
2567 4429 2695 4501 qui,
2759 4429 2865 4483 etsi
2925 4427 3186 4481 nefandis
3235 4425 3521 4479 sacriﬁciis
3583 4440 3792 4478 manus

430 4541 532 4578 nec
591 4531 780 4579 tamen
837 4525 990 4579 aliud
1047 4525 1360 4596 quidquam
1415 4526 1623 4580 iudicat
1674 4542 1848 4596 quam
1905 4515 2267 4596 quoanon
2295 4524 2848 4589 contaminuveruut,
2893 4521 3094 4575 libellis
3142 4524 3334 4574 tamen
3381 4517 3789 4572 conscientiam

428 4618 598 4673 modo
621 4618 1034 4673 observavimus
1058 4636 1068 4672 :
1093 4639 1116 4668 ‹‹
1148 4621 1264 4674 Hoc
1311 4636 1412 4673 nos
1452 4635 1565 4673 non
1609 4620 1746 4673 falso
1785 4619 1990 4686 dicere,
2023 4642 2050 4669 »

429 4717 633 4788 inquit,
660 4739 685 4766 (ι
720 4716 1038 4789 superiores
1081 4722 1289 4771 nostrae
1315 4717 1517 4771 litterae
1544 4717 1950 4787 probaverunt,
1994 4717 2052 4771 in

429 4808 633 4878 quibus
678 4807 830 4861 vobis
875 4807 1220 4861 sententiam
1267 4812 1511 4861 nostram
1547 4806 1793 4860 dilucida
1839 4806 2054 4876 exposi-

429 4901 585 4956 tione
600 4901 1296 4972 protulimus,etadversus
1327 4916 1422 4955 eos
1435 4900 1531 4971 qui
1559 4900 1767 4970 seipsos
1795 4899 2054 4953 infideles

431 4995 628 5050 illicita
659 4993 1011 5048 nefariorum
1039 4993 1359 5049 libellorum
1397 4994 1744 5064 professione
1785 4993 2051 5064 prodide-

429 5095 578 5156 rant,
607 5088 764 5159 quasi
793 5087 1015 5141 evasuri
1042 5086 1363 5141 irretientes
1401 5087 1526 5140 illos
1579 5086 1782 5140 diaboli
1819 5088 2054 5157 laqueos

425 5185 780 5251 viderentur,
819 5201 928 5255 quo
972 5201 1086 5239 non
1146 5185 1334 5238 minus
1383 5201 1554 5254 quam
1606 5183 1649 5237 si
1689 5184 1758 5237 ad
1808 5183 2052 5237 nefarias

429 5296 552 5333 aras
586 5277 948 5333 accessissent
991 5277 1098 5332 hoc
1137 5277 1258 5348 ipso
1309 5277 1458 5347 quod
1515 5277 1700 5347 ipsum
1755 5277 2049 5331 contestati

430 5373 672 5437 fuerant,
725 5375 1085 5437 tenerentur;
1115 5371 1208 5426 sed
1253 5371 1422 5426 etiam
1467 5371 1732 5424 adversus
1785 5370 1908 5423 illos
1954 5369 2052 5440 qui

429 5470 556 5520 acta
595 5465 892 5534 fecissent,
947 5465 1078 5519 licet
1132 5469 1441 5536 praesentes
1494 5480 1624 5518 cum
1679 5464 1880 5518 ﬁerent
1939 5479 2052 5517 non

427 5559 755 5625 adfuissent,
785 5575 915 5613 cum
944 5559 1305 5630 priesentiam
1326 5575 1484 5612 suam
1503 5558 1697 5628 utique
1726 5561 1786 5610 ut
1812 5556 1887 5610 sic
1917 5556 2049 5610 scri-

429 5653 703 5708 berentur
731 5653 1056 5708 mandando
1077 5653 1362 5707 fecissent.
1391 5653 1510 5706 Non
1545 5650 1699 5706 enim
1719 5650 1993 5705 immunis
2019 5666 2052 5702 a

427 5748 635 5802 scelere
679 5747 776 5819 qui
819 5751 879 5801 ut
916 5748 1077 5802 fieret
1126 5745 1443 5817 imperavit,
1493 5762 1596 5800 nec
1643 5748 1726 5799 est
1771 5744 1990 5798 alienus
2021 5760 2052 5795 a

429 5841 665 5898 crimine
707 5842 865 5913 cujus
911 5858 1187 5898 consensu
1227 5840 1353 5896 licet
1402 5856 1518 5895 non
1566 5857 1600 5894 a
1633 5855 1689 5893 se
1736 5838 2051 5893 admissum

2154 4619 2497 4690 polluerunt.
2527 4619 2593 4672 Et
2631 4618 2722 4671 illa
2752 4615 3026 4687 professio
3077 4613 3412 4684 deuegantis
3451 4611 3788 4667 contestatio

2155 4718 2237 4768 est
2281 4712 2581 4769 Christiani
2622 4711 2777 4782 quod
2824 4710 3011 4764 fuerat
3055 4708 3412 4779 abnegantis.
3464 4707 3676 4761 Fecisse
3725 4723 3788 4760 se

2155 4807 2292 4861 dixit
2317 4805 2593 4877 quidquid
2623 4805 2765 4858 alius
2809 4802 3070 4858 faciendo
3103 4801 3411 4856 commisit.
3445 4821 3470 4850 »
3519 4802 3638 4855 Non
3667 4799 3786 4854 dis-

2143 4887 2351 4969 crepat
2377 4899 2467 4953 hic
2503 4900 2662 4952 locus
2707 4897 2996 4951 sententiae
3042 4896 3189 4952 Cleri
3238 4896 3474 4948 Romam
3517 4895 3790 4948 adversus

2155 5011 2250 5048 eos
2278 5015 2305 5043 «
2337 4992 2434 5064 qui
2465 4992 2679 5062 seipsos
2719 4990 2977 5044 infideles
3006 4989 3199 5043 illicita
3243 4989 3583 5042 nefariorum
3623 4987 3788 5042 libel-

2154 5089 2340 5141 lorum
2375 5085 2732 5157 professione
2766 5083 3157 5154 prodiderant.
3193 5103 3219 5131 ››
3251 5082 3396 5135 Dixit
3431 5081 3792 5136 Libellaticos

2154 5181 2348 5236 fecisse
2401 5196 2459 5232 se
2503 5177 2779 5249 quidquid
2826 5177 2968 5231 alius
3021 5175 3276 5230 faciendo
3319 5176 3618 5242 commisit,
3671 5192 3790 5229 non

2154 5275 2300 5346 quod
2325 5290 2458 5327 voce
2488 5271 2892 5343 pronuntiaret
2935 5287 2992 5324 se
3030 5286 3273 5340 negasse
3317 5273 3373 5323 et
3416 5269 3787 5337 sacriﬁcasse,

2154 5385 2286 5421 nam
2315 5367 2538 5421 dicebat
2554 5364 2735 5435 judici
2765 5364 3151 5417 Christianum
3179 5379 3238 5417 se
3276 5379 3394 5417 esse
3430 5367 3487 5416 et
3512 5362 3793 5416 sacrifica-

2154 5479 2233 5528 re,
2267 5461 2338 5515 ad
2364 5477 2490 5514 aras
2517 5458 2734 5513 diaboli
2759 5457 2955 5512 venire
2986 5474 3098 5511 non
3143 5473 3325 5528 posse,
3359 5462 3419 5510 ut
3447 5456 3697 5526 legimus
3729 5457 3791 5511 in

2154 5555 2316 5624 epist.
2370 5557 2464 5619 52;
2514 5553 2610 5607 sed
2661 5552 2798 5623 quia
2845 5551 2942 5604 illa
2980 5550 3155 5604 libelli
3209 5550 3483 5621 professio
3539 5549 3793 5604 hominis

2153 5654 2235 5703 est
2259 5646 2684 5718 quodammodo
2718 5645 3006 5716 negantis.
3041 5645 3126 5699 Sic
3159 5643 3332 5711 enim,
3380 5643 3628 5714 antiquis
3671 5643 3794 5697 edi-

2155 5742 2402 5795 tiouibus
2457 5746 2511 5794 et
2571 5745 2693 5794 octo
2743 5739 3026 5794 codicibus
3082 5755 3213 5792 mss.
3275 5737 3572 5807 inspectis,
3634 5737 3790 5790 hunc

2148 5837 2345 5892 locum
2366 5835 2672 5907 legendum
2703 5833 3054 5906 deprehendi
3084 5850 3096 5886 :
3131 5854 3156 5884 «
3194 5838 3248 5887 et
3276 5832 3370 5885 illa
3399 5829 3676 5903 professio
3701 5834 3793 5885 est
