4084 6208
275 265 333 318 93
1610 265 1764 319 VITA
1802 268 1854 321 S.
1899 268 2231 325 CYPRIANI.
3550 266 3617 321 94

274 385 626 455 denegantis,
666 386 996 440 eontestatio
1042 392 1124 440 est
1164 386 1468 441 Christiani
1515 388 1663 458 quod
1698 388 1887 443 fuerat
1908 392 2081 476 Α(δά
2124 409 2214 446 an.
2259 394 2405 462 253),
2450 392 2769 462 perspicere
2816 391 2917 445 sibi
2960 391 3110 444 visus
3151 394 3235 444 est
3275 389 3334 443 in
3379 389 3617 459 epistola

274 479 625 549 abnegantis,
658 502 682 526 »
712 480 912 534 eodem
943 480 1197 535 videlicet
1224 498 1389 535 sensu
1421 498 1533 552 quo
1563 483 1747 537 clerus
1776 484 1886 537 Ro-

273 589 469 624 manus
502 573 580 625 ait
608 589 736 626 eum
783 590 1019 643 negasse
1059 574 1155 644 qui
1192 575 1417 627 fallaces
1450 592 1505 628 in
1537 576 1889 629 excusatione

272 666 584 736 praestigias
624 667 844 736 quierit,
886 672 942 721 et
984 668 1081 737 qui
1123 668 1239 721 vult
1276 668 1451 722 videri
1494 669 1689 724 edictis
1728 670 1889 723 satis-

270 759 486 826 fecisse,
516 760 625 813 hoc
652 760 773 831 ipso
792 761 911 830 jam
932 761 1208 832 paruisse.

334 853 499 915 Quod
528 858 717 907 autem
748 856 961 923 spectat
986 854 1055 908 ad
1088 855 1312 909 libellos
1338 872 1369 909 a
1392 856 1678 925 judicibus
1708 857 1887 925 datos,

268 945 418 999 idem
449 946 503 999 in
540 946 647 999 illis
675 948 944 1017 scriptum
971 948 1141 1002 fuisse
1169 964 1285 1002 non
1316 949 1538 1003 videtur
1566 966 1629 1003 ac
1659 949 1716 1003 in
1751 950 1891 1004 actis

269 1038 524 1108 publicis.
553 1040 784 1093 Gravius
811 1040 962 1093 enim
993 1040 1189 1095 fuisset
1216 1041 1667 1096 Libellaticorum
1702 1060 1890 1113 pecca-

267 1136 379 1184 tum
416 1134 484 1198 si,
523 1137 732 1203 praeter
758 1133 1146 1187 testimonium
1175 1135 1309 1187 actis
1338 1134 1575 1204 publicis
1596 1135 1889 1206 consigna-

265 1230 401 1289 tum,
428 1226 706 1294 ejusmodi
726 1227 944 1281 libellos
967 1231 1284 1282 servassent
1305 1231 1361 1282 et
1382 1229 1569 1283 oblata
1596 1230 1889 1284 occasione

265 1318 661 1387 ostendissent,
692 1321 842 1390 quod
871 1320 1106 1390 quidem
1134 1321 1241 1374 illis
1270 1337 1423 1375 neca
1452 1322 1755 1392 Cypriane,
1787 1340 1889 1376 nec

262 1428 292 1464 a
316 1412 471 1465 clero
505 1414 759 1467 Remane
799 1413 1087 1482 objeetum
1116 1415 1243 1468 fuit.
1288 1415 1593 1471 Rationum
1622 1432 1887 1470 momen-

263 1505 326 1557 tis
354 1506 631 1561 hactenus
671 1507 943 1561 adhibitis
976 1524 1152 1562 unum
1182 1509 1439 1577 adjiciam
1475 1527 1486 1563 :
1523 1526 1743 1564 morem
1776 1526 1889 1564 non

261 1599 426 1651 fuisse
474 1597 600 1671 93
640 1605 694 1653 ut
729 1583 838 1670 qui
869 1600 1040 1654 tidem
1071 1601 1381 1671 negabant,
1422 1602 1479 1656 id
1519 1603 1725 1673 scripto
1755 1620 1889 1657 cen-

258 1693 565 1761 signarent,
600 1692 697 1745 sed
740 1697 965 1747 tantum
999 1694 1058 1747 in
1090 1700 1213 1748 acta
1251 1694 1668 1749 referebantur.
1710 1697 1888 1750 Aliter

1994 486 2158 539 Plinii
2201 487 2268 539 ad
2314 486 2638 556 Trajanum,
2687 502 2752 538 ex
2802 502 2913 555 qua
2957 485 3175 555 profert
3221 484 3342 537 haec
3387 482 3560 536 verba
3603 498 3615 534 ε

1994 600 2019 628 ‹‹
2051 580 2374 649 Propositus
2401 582 2481 632 est
2511 579 2732 631 libellus
2759 580 2878 633 sine
2908 584 3137 631 auctore
3170 577 3482 631 multorum
3513 592 3613 629 no-

1991 673 2147 727 mina
2187 674 2502 739 continens,
2532 672 2627 743 qui
2672 676 2948 742 negarent
2992 688 3049 725 se
3095 688 3217 725 esse
3262 670 3615 727 Christianos

1992 772 2090 820 aut
2124 767 2313 832 fuisse,
2366 773 2471 820 etc.
2519 787 2545 815 »
2595 766 2699 819 Sed
2740 782 2853 818 non
2894 764 3297 818 animadvertit
3344 764 3616 818 Duronius

1990 859 2141 913 hunc
2168 860 2423 913 libellum
2454 876 2565 912 non
2596 876 2627 912 a
2654 857 2985 914 Christianis
3012 857 3265 910 oblatum
3296 857 3487 923 fuisse,
3518 856 3615 911 sed

1989 953 2058 1005 ab
2090 954 2280 1023 aliquo
2308 970 2513 1006 nomen
2546 969 2709 1005 suum
2741 953 2982 1017 celante,
3017 955 3073 1003 et
3103 951 3308 1003 multos
3350 950 3611 1002 nemina-

1992 1046 2091 1100 tim
2122 1053 2185 1100 ut
2204 1046 2547 1100 Christianos
2577 1046 2911 1113 designante
2935 1045 3028 1115 qui
3050 1049 3242 1097 tamen
3264 1044 3619 1111 negaverunt

1991 1156 2047 1193 se
2080 1156 2199 1193 esse
2229 1146 2326 1193 aut
2351 1140 2519 1193 fuisse
2549 1139 2915 1196 Christianos.
2961 1138 3097 1191 Hinc
3133 1136 3410 1205 Trajanus
3437 1134 3618 1187 Plinio

1990 1234 2341 1303 respondens
2363 1234 2442 1287 ait
2471 1250 2483 1285 :
2510 1256 2538 1281 ι(
2562 1234 2691 1287 Sine
2718 1236 2946 1285 auctore
2972 1247 3104 1283 vero
3135 1228 3413 1300 propositi
3442 1226 3619 1281 libelli

1990 1328 2149 1381 nullo
2177 1327 2411 1381 crimine
2438 1327 2627 1380 locum
2658 1325 2869 1378 habere
2897 1325 3119 1391 debent,
3142 1338 3279 1377 nam
3302 1327 3357 1376 et
3384 1320 3616 1392 pessimi

1990 1421 2254 1491 exempli,
2284 1437 2386 1474 nec
2413 1420 2589 1474 nostri
2617 1420 2802 1472 saeculi
2834 1422 2939 1472 est.
2969 1438 2995 1468 η

1990 1525 2095 1579 Vll.
2127 1553 2195 1564 —
2226 1526 2529 1593 Cyprianus
2572 1522 2765 1577 secedit
2808 1525 2867 1574 in
2904 1524 3271 1590 persecutione
3297 1519 3618 1588 justissimis

2651 1604 2714 1656 de
2754 1604 2950 1656 causis.

2063 1700 2319 1754 Edictum
2348 1700 2514 1768 Decii,
2540 1706 2598 1754 ut
2626 1700 2683 1753 in
2710 1700 2951 1753 Africam
2982 1699 3263 1768 perlatum
3292 1700 3395 1763 est,
3426 1695 3617 1749 statim

258 1786 507 1838 sentiunt
536 1787 803 1839 Barenius
832 1788 919 1853 (ad
949 1804 1039 1841 an.
1074 1788 1197 1857 304)
1225 1792 1280 1842 et
1305 1788 1694 1843 Tillemontius
1722 1792 1878 1860 (tom.
1908 1773 1962 1844 Β
1988 1794 2182 1865 pepuli
2217 1794 2558 1847 clamoribus
2592 1792 2906 1863 exagitatus
2944 1790 3256 1861 Cyprianus
3291 1795 3347 1843 et
3381 1788 3453 1842 ad
3496 1788 3615 1841 leo-

260 1880 314 1943 ν,
355 1897 407 1949 ρ.
439 1880 590 1945 451),
623 1897 685 1933 ac
716 1881 906 1935 locum
949 1881 1245 1951 proferunt
1286 1899 1355 1937 ex
1394 1884 1540 1937 Actis
1566 1888 1885 1937 sanctarum

258 1978 569 2042 martyrum
608 1977 851 2044 Agapes,
897 1974 1148 2029 Chionice
1177 1981 1232 2029 et
1260 1978 1469 2041 Irenes,
1506 1993 1633 2047 qua:
1663 1999 1689 2027 ‹‹
1710 1978 1886 2047 jussu:

255 2066 453 2119 Christi
508 2069 879 2137 negationem
930 2069 1205 2139 scriptam
1249 2070 1501 2139 profiteri
1540 2093 1567 2120 »
1597 2071 1882 2125 dicuntur.

256 2160 354 2213 Sed
393 2160 609 2231 scripta
652 2161 745 2214 illa
785 2162 1039 2233 negatio,
1089 2179 1273 2234 graece
1316 2164 1551 2227 ἔγγραφος
1590 2165 1691 2235 (sic
1730 2166 1883 2219 enim

254 2254 508 2307 Graecum
538 2259 869 2309 contextum
912 2256 1173 2310 habuisse
1204 2256 1500 2327 existimo),
1546 2258 1687 2312 nihil
1730 2259 1884 2313 aliud

253 2354 331 2401 est
370 2364 550 2417 quam
591 2349 823 2419 negatio
867 2350 1006 2404 actis
1048 2350 1397 2421 consignata.
1441 2352 1526 2406 Sic
1571 2352 1723 2421 apud
1773 2354 1882 2407 Eu-

252 2441 365 2494 seb.
404 2442 526 2510 (lib.
557 2458 607 2496 x1
634 2444 799 2509 Hist.,
834 2459 957 2513 cap.
996 2446 1044 2506 5)
1081 2444 1347 2498 mulieres
1375 2445 1639 2515 quaedam
1670 2449 1879 2499 coactae

248 2535 481 2589 fuerunt
516 2552 548 2588 a
572 2536 713 2589 duce
754 2545 903 2605 λέγειν
933 2544 1172 2607 ἐγγραφως
1204 2558 1230 2585 ‹‹
1260 2538 1422 2591 dictis
1454 2539 1522 2592 ad
1556 2545 1676 2592 aeta
1716 2540 1877 2593 testi-

249 2628 454 2682 moniis
480 2629 645 2682 fateri
674 2650 703 2678 »
732 2646 791 2682 se
819 2630 1166 2684 Christianas
1202 2630 1391 2699 fuisse,
1433 2638 1488 2685 et
1525 2632 1879 2703 ﬂagitiorum

248 2739 372 2792 qua:
399 2739 435 2775 a
462 2722 794 2777 Christianis
828 2727 1167 2793 gererentur
1194 2725 1446 2778 conscias
1483 2742 1627 2779 esse.
1668 2727 1878 2780 Messa-

248 2816 381 2869 liani
440 2816 596 2886 apud
650 2817 920 2871 Photium
973 2818 1129 2887 (Cod.
1182 2819 1268 2886 52)
1322 2819 1588 2873 dicuntur
1639 2820 1885 2874 convicti

246 2908 417 2963 fuisse
476 2916 735 2980 ἐγγράφως,
786 2910 840 2963 id
892 2917 997 2976 est,
1050 2933 1076 2960 ‹‹
1132 2912 1290 2965 dictis
1337 2913 1408 2966 ad
1453 2918 1577 2966 acta
1622 2914 1879 2967 testimo-

247 3002 369 3069 niis,
402 3025 430 3051 ››
464 3004 622 3074 quod
662 3005 729 3058 ad
771 3020 993 3059 errores
1032 3022 1162 3058 suos
1200 3006 1517 3060 rediissent.
1554 3006 1688 3060 Hinc
1730 3008 1879 3061 Basi-

245 3096 349 3150 lius
393 3098 458 3166 (Ι.
503 3115 518 3151 ι
558 3100 623 3152 de
672 3101 961 3167 Baptismo,
1006 3115 1126 3169 cap.
1172 3100 1225 3168 3)
1269 3106 1429 3153 vocat
1476 3100 1957 3210 promissionesC

245 3190 453 3259 quibus
508 3192 567 3244 in
626 3192 909 3261 baptismo
958 3192 1387 3262 obstringimur,
1438 3202 1601 3265 ὥσπερ
1643 3203 1879 3266 ἔγγραφον

242 3292 524 3352 ὁμολογίαν,
549 3306 575 3335 α
600 3286 770 3339 veluti
800 3286 1106 3355 quamdam
1135 3286 1207 3340 ad
1235 3290 1357 3339 acta
1385 3288 1826 3357 professionem.
1853 3311 1881 3339 ››

247 3379 401 3432 Unde
449 3379 623 3432 etiam
667 3379 904 3449 Optatus
945 3379 1063 3450 (lib.
1112 3397 1169 3448 ιι,
1214 3397 1272 3435 n.
1316 3383 1403 3451 34)
1445 3398 1457 3434 :
1494 3400 1521 3432 α
1566 3382 1728 3436 Fides
1758 3399 1882 3437 cre-

245 3472 506 3526 dentium
532 3479 588 3526 et
616 3473 887 3543 professio
928 3490 1055 3544 qua:
1096 3474 1245 3544 apud
1275 3480 1402 3529 acta
1440 3475 1733 3529 conficitur
1770 3482 1883 3532 Au-

246 3566 533 3633 gelerum.
567 3588 594 3614 »

314 3659 785 3713 Libellaticorum
832 3662 1069 3727 crimen,
1119 3667 1173 3715 et
1222 3662 1265 3714 si
1310 3662 1520 3716 famam
1568 3679 1631 3717 ac
1670 3680 1884 3717 nomen

242 3753 295 3805 in
333 3754 531 3807 Africa
566 3753 924 3823 potissimum
960 3755 1178 3823 habuit,
1210 3772 1325 3809 non
1360 3758 1555 3809 tamen
1582 3757 1705 3809 aliis
1750 3773 1880 3826 pro-

242 3846 443 3899 vinciis
487 3848 747 3916 ignotum
795 3848 903 3900 fuit
944 3864 1123 3901 :nam
1173 3849 1370 3902 Roma:
1417 3850 1471 3903 S.
1522 3850 1817 3904 Cornelius
1854 3866 1885 3903 a

245 3940 479 3993 nefariis
528 3940 900 3995 schismaticis
930 3942 986 3994 in
1018 3941 1122 3995 hoc
1166 3943 1382 3995 crimen
1427 3946 1684 4010 vocatus;
1734 3944 1883 4013 ejus-

241 4032 369 4087 dem
408 4034 470 4087 in
510 4034 781 4105 Hispania
820 4035 1060 4088 convicti
1092 4035 1358 4089 Basilides
1388 4042 1443 4089 et
1472 4037 1736 4090 Martialis
1765 4037 1882 4106 epi-

242 4128 417 4197 scopi.
468 4128 617 4191 Quin
667 4127 838 4181 etiam
884 4128 942 4181 in
986 4131 1227 4198 .ﬁgypto
1274 4130 1377 4183 sub
1427 4132 1589 4184 Petro
1636 4131 1883 4184 Alexan-

241 4220 406 4274 drino
453 4222 701 4275 occurrit
735 4222 1190 4276 Libellaticorum
1229 4239 1408 4293 genus
1450 4223 1754 4293 quoddam,
1784 4223 1885 4277 sed

243 4314 391 4368 haud
422 4315 541 4367 scio
566 4331 639 4367 an
666 4314 736 4368 ab
764 4315 1038 4370 Africanis
1070 4315 1380 4369 diversum.
1423 4318 1619 4370 Petrus
1656 4317 1885 4372 Alexan-

238 4408 441 4461 drinus
493 4408 639 4477 (ean.
686 4408 738 4476 ὅ)
789 4409 1139 4478 peaniteutiee
1198 4426 1293 4463 sex
1342 4410 1626 4465 mensium
1672 4410 1886 4464 addicit

1987 1904 2121 1941 nem
2148 1886 2273 1959 94
2305 1888 2637 1957 postulatus,
2668 1886 2931 1957 prudenti
2960 1889 3193 1954 receptu
3232 1884 3482 1937 furorem
3510 1882 3615 1933 im-

1985 1982 2212 2052 piorum
2268 1981 2593 2047 declinavit,
2643 1996 2772 2034 cum
2825 1994 3094 2033 coronam
3144 1994 3306 2030 suam
3350 1976 3409 2027 in
3460 1972 3615 2027 aliud

1987 2078 2211 2145 tempus
2241 2075 2453 2128 ditTerri
2494 2074 2707 2139 mallet,
2740 2089 2911 2144 quam
2951 2070 3254 2142 praesentia
3295 2085 3398 2123 sua
3438 2083 3617 2121 novas

1984 2169 2133 2223 faces
2174 2168 2435 2223 incendio
2483 2168 2893 2238 persecutionis
2932 2165 3237 2219 admoveri.
3274 2164 3395 2217 Non
3438 2159 3621 2216 semel

1987 2261 2256 2331 quaasitus
2282 2267 2385 2329 est,
2421 2261 2517 2315 sed
2562 2278 2711 2331 saepe
2740 2260 2877 2313 alias
2908 2260 2965 2311 in
2993 2260 3284 2313 absentem
3331 2255 3621 2327 pepularis

1984 2355 2144 2408 furor
2194 2356 2420 2409 exarsit.
2477 2356 2734 2408 Testatur
2789 2352 3017 2407 Pontius
3069 2368 3200 2404 eum
3254 2371 3281 2397 ι(
3339 2348 3620 2419 διιιῘΤδςὶἱδ

1986 2466 2133 2519 smpe
2181 2449 2434 2519 repetitis
2473 2448 2547 2501 ad
2589 2448 2814 2501 leonem
2848 2470 2874 2495 ››
2908 2445 3275 2516 postulatum,
3318 2460 3381 2497 ac
3418 2463 3448 2501 ,α
3481 2458 3613 2512 pro-

1984 2542 2301 2613 scriptionis
2332 2542 2569 2611 gloriam
2608 2544 2976 2595 consecutum
3018 2556 3154 2593 esse.
3198 2561 3223 2587 ››
3261 2537 3413 2591 Idem
3457 2536 3527 2589 de
3561 2552 3619 2590 se

1982 2636 2104 2707 ipse
2135 2642 2327 2690 narrat
2353 2655 2380 2683 ‹‹
2406 2636 2567 2690 toties
2593 2634 2913 2705 ﬂagitatum
2942 2637 2997 2687 et
3027 2632 3330 2702 quaesitum
3362 2652 3389 2679 ››
3426 2628 3613 2699 (epist.

1985 2732 2055 2800 6).
2089 2752 2115 2778 «
2143 2730 2327 2783 Teties
2359 2729 2428 2782 ad
2462 2730 2683 2781 leonem
2718 2727 2956 2797 petitum
2992 2726 3049 2779 in
3092 2726 3260 2790 circo,
3294 2724 3352 2777 iu
3384 2723 3618 2794 amphi-

1984 2823 2230 2888 theatro,
2266 2845 2291 2870 n
2327 2828 2495 2892 atque
2534 2822 2710 2874 etiam
2750 2820 3127 2890 proscriptum
3160 2835 3217 2871 se
3258 2818 3430 2871 fuisse
3464 2837 3491 2865 ‹‹
3521 2833 3620 2886 ap-

1983 2916 2178 2986 plicito
2206 2921 2261 2969 et
2292 2915 2562 2985 adjuncto
2592 2917 2951 2984 episcepatus
2996 2914 3081 2965 sui
3112 2911 3347 2965 nomine
3378 2933 3403 2959 n
3434 2910 3619 2980 (epist.

1984 3008 2091 3079 55).
2134 3030 2160 3057 ‹‹
2194 3012 2333 3064 Cum
2379 3008 2602 3077 publice
2646 3009 2940 3077 legeretur
2994 3023 3006 3059 :
3054 3005 3111 3060 Si
3156 3005 3283 3075 quis
3328 3007 3487 3058 tenet
3537 3003 3619 3056 vel

1984 3103 2228 3173 possidet
2255 3102 2324 3156 de
2353 3102 2515 3155 benis
2542 3101 2751 3155 Caecilii
2779 3099 3043 3171 Cypriani
3071 3098 3322 3169 episcopi
3350 3096 3621 3151 Christia-

1984 3213 2190 3250 norum
2222 3196 2405 3266 (epist.
2436 3195 2543 3263 69).
2570 3216 2596 3244 ››
2618 3198 2879 3258 Quonam
2906 3210 2964 3246 se
2998 3192 3276 3263 receperit
3303 3192 3617 3258 nescimus;

1985 3289 2082 3342 sed
2110 3289 2421 3359 presbyteri
2466 3292 2521 3342 et
2551 3288 2776 3341 diaconi
2807 3286 3062 3351 Romani,
3094 3284 3302 3355 iniquis
3341 3284 3618 3338 sermoni-

1984 3383 2087 3436 bus
2124 3382 2367 3452 decepti,
2414 3398 2614 3451 parum
2646 3397 2811 3451 teque
2845 3380 2915 3433 de
2956 3379 3106 3433 illius
3146 3393 3364 3432 secessu
3395 3376 3619 3447 judica-

1985 3480 2119 3528 runt
2146 3481 2451 3544 antequam
2481 3474 2551 3528 ab
2586 3474 2707 3544 ipso
2736 3474 2803 3527 de
2835 3479 2951 3526 tota
2988 3490 3047 3526 re
3090 3470 3358 3525 certiores
3397 3470 3618 3524 ﬁerent.

1985 3568 2085 3621 Vix
2119 3568 2359 3622 dubium
2390 3574 2473 3622 est
2503 3568 2639 3638 quin
2673 3583 2802 3620 eum
2832 3566 3088 3619 nonnulli
3111 3566 3206 3619 alii
3234 3563 3617 3635 reprehende-

1985 3662 2134 3730 rint;
2168 3678 2354 3731 neque
2382 3661 2537 3714 enim
2578 3660 2730 3713 illius
2771 3662 2982 3713 factum
3016 3662 3172 3712 tante
3200 3657 3389 3711 studio
3421 3657 3619 3711 defen-

1985 3755 2156 3809 disset
2198 3755 2429 3808 Pontius
2469 3754 2514 3807 si
2560 3753 2867 3824 probatum
2908 3753 3171 3806 omnibus
3211 3755 3269 3805 et
3311 3752 3618 3821 purgatum

1983 3848 2200 3902 fuisset.
2250 3848 2411 3901 Forte
2450 3846 2812 3917 vituperandi
2856 3846 2976 3899 hzec
3024 3861 3157 3898 ansa
3202 3845 3335 3897 olim
3388 3846 3619 3912 arrepta

1986 3945 2102 4008 est,
2147 3942 2230 3994 vel
2276 3940 2444 3995 etiam
2490 3940 2659 3994 hodie
2711 3939 3049 4009 arripiatur,
3101 3940 3145 3991 si
3196 3937 3323 4007 quis
3370 3935 3619 3990 censoris

1984 4037 2175 4104 partes
2206 4034 2309 4087 sibi
2334 4039 2598 4103 arroget;
2627 4033 2777 4103 quod
2810 4033 2927 4102 ipso
2953 4032 3185 4085 absente
3217 4029 3462 4084 maxima
3488 4045 3619 4099 pars

1984 4128 2241 4182 ﬁdelium
2282 4126 2525 4197 turpiter
2566 4126 2856 4193 ceciderit,
2887 4124 3237 4179 constantior
3264 4125 3321 4177 iu
3357 4124 3488 4190 ﬁde,
3522 4128 3621 4176 aut

1987 4223 2183 4275 saltem
2215 4221 2284 4274 ad
2324 4220 2672 4275 horrendum
2718 4220 2894 4273 scelus
2938 4218 3153 4273 tardior
3194 4218 3381 4271 futura
3422 4216 3466 4269 si
3497 4215 3618 4285 epi-

1986 4316 2139 4385 scopi
2187 4315 2272 4368 sui
2324 4314 2678 4368 liberrimam
2732 4314 3147 4367 confessionem
3203 4312 3468 4377 audisset,
3521 4313 3620 4363 aut

1986 4409 2313 4480 praeclaram
2342 4425 2443 4478 pro
2473 4408 2691 4462 Christo
2726 4411 2973 4462 mortem
3006 4410 3339 4478 spectasset.

239 4518 331 4554 eos
377 4503 482 4572 qui
527 4501 888 4567 simularunt,
920 4503 1063 4556 sicut
1095 4507 1152 4556 et
1188 4503 1378 4568 David,
1409 4512 1514 4571 ᾐτοι
1542 4516 1605 4565 ὡς
1629 4510 1882 4565 διελθόντες

2052 4503 2191 4569 Sed,
2249 4508 2311 4556 ut
2372 4519 2404 4555 a
2456 4501 2738 4573 Cypriane
2804 4500 3315 4571 reprehensionem
3382 4513 3615 4552 omnem

238 4603 475 4663 βωμούς,
522 4604 627 4659 ἤτοι
676 4608 739 4658 ὡς
782 4605 1258 4667 χειρογραφήσαντες,
1309 4605 1413 4665 ᾐτοι
1458 4610 1521 4659 ὡς
1568 4604 1665 4651 ἀνθ’
1706 4605 1884 4653 ἑαυτῶν

236 4696 462 4756 βαλόντες
488 4695 725 4754 ἐθνικούς,
764 4711 791 4738 ‹‹
823 4692 908 4742 vel
945 4694 1006 4743 ut
1034 4691 1234 4745 altaria
1276 4696 1757 4760 pertranseuntes,
1801 4691 1884 4744 vel

239 4788 299 4835 ut
344 4782 808 4851 chirographum
855 4783 1075 4848 dantes,
1122 4784 1207 4836 vel
1264 4789 1321 4837 ut
1366 4784 1625 4839 ethnicos
1676 4802 1776 4854 pro
1826 4800 1884 4837 se

238 4875 642 4929 immittentes.
692 4895 718 4923 n
772 4876 996 4930 Fatetur
1045 4878 1243 4930 Petrus
1293 4877 1575 4947 ejusmodi
1624 4878 1883 4931 homines

236 4984 353 5021 non
383 4971 595 5038 aperte
624 4968 984 5039 impietatem
1014 4986 1130 5039 prae
1162 4987 1220 5023 se
1249 4970 1465 5038 tulisse,
1493 4980 1573 5027 καὶ
1603 4978 1667 5041 μή
1695 4980 1885 5040 γυμνῶς

236 5069 677 5133 ἀπογραψαμένους
714 5071 771 5117 τά
808 5071 925 5134 πρὸς
960 5071 1157 5135 ἄρνησιν
1190 5080 1202 5116 ε
1232 5063 1331 5117 ubi
1374 5064 1683 5135 legendum
1726 5064 1881 5119 vide-

238 5160 332 5209 tur
377 5163 815 5226 ἐπιγραψαμένους.
868 5158 1109 5211 Zonaras
1162 5156 1241 5210 sic
1290 5157 1699 5228 interpretatur
1746 5158 1883 5211 illud

237 5250 720 5320 chirographum,
751 5256 996 5305 συνέθεντο
1038 5255 1199 5315 esset,
1245 5271 1272 5299 α
1314 5252 1464 5321 pacti
1503 5254 1637 5304 sunt
1678 5267 1737 5304 se
1782 5251 1884 5305 im-

239 5345 577 5397 molaturos.
612 5366 640 5391 ››
682 5344 786 5397 Sed
833 5343 951 5396 haec
993 5344 1294 5415 promissio
1324 5361 1397 5399 an
1428 5352 1638 5414 apertae
1682 5343 1881 5414 impie-

242 5438 371 5489 tatis
430 5437 618 5505 specie
672 5436 990 5489 caruissct‘?
1050 5438 1292 5493 Credere
1349 5438 1539 5491 malim
1606 5438 1881 5506 ejusmodi

238 5529 533 5595 homines,
578 5528 780 5583 itidem
815 5534 876 5582 ut
914 5530 1263 5584 Libellaticos
1308 5532 1361 5584 in
1396 5530 1600 5596 Africa,
1632 5532 1881 5601 aliquam

238 5642 263 5674 a
297 5622 598 5690 judicibus
636 5622 914 5693 accepisse
946 5623 1355 5689 conditionem,
1387 5641 1513 5695 quae
1553 5630 1607 5677 et
1648 5631 1763 5678 tuta
1786 5625 1877 5692 ju—

241 5715 347 5767 diei
384 5721 448 5768 et
486 5715 799 5770 Christiano
828 5733 942 5771 non
979 5722 1173 5787 aperte
1198 5716 1370 5787 impia
1399 5718 1706 5771 videretur.
1734 5718 1879 5771 Nihil

242 5808 430 5863 dicam
465 5808 534 5862 de
554 5809 665 5864 alio
694 5809 1143 5864 Libellaticerum
1173 5826 1404 5883 genere,
1428 5810 1577 5882 quod
1610 5810 1879 5864 Barouius

1988 4597 2383 4667 propulsemus
2435 4595 2492 4647 in
2550 4595 2831 4664 ejusmodi
2885 4594 3140 4659 consilio,
3195 4610 3307 4664 quo
3360 4593 3469 4645 duo
3520 4590 3615 4643 alii

1986 4688 2438 4759 prtestantissimi
2491 4688 2623 4755 viri,
2687 4688 2993 4757 Gregorius
3050 4688 3505 4753 Thaumaturgus
3560 4685 3617 4735 et

1984 4783 2277 4852 Dionysius
2303 4780 2716 4835 Alexandrinus
2755 4780 2952 4833 eodem
2996 4786 3249 4849 tempore
3285 4777 3614 4843 utebantur,

1986 4873 2407 4930 observandum
2438 4877 2522 4927 est
2553 4878 2606 4926 l°
2642 4888 2774 4926 eum
2810 4872 3099 4927 communi
3136 4870 3421 4941 Evangelii
3464 4885 3612 4939 prae-

1984 4974 2145 5039 cepto
2176 4967 2446 5038 paruisse,
2474 4966 2623 5037 quod
2654 4969 2773 5018 tum
2805 4966 3055 5019 maxime
3086 4966 3388 5020 observare
3420 4962 3617 5017 debuit

1984 5079 2114 5117 cum
2149 5062 2206 5115 in
2238 5060 2409 5131 ipsius
2444 5060 2795 5131 potissimum
2832 5076 3041 5114 nomen
3075 5058 3389 5130 persecutio
3420 5074 3611 5112 erum-

1985 5160 2161 5227 peret,
2191 5172 2252 5209 ac
2293 5154 2604 5225 periculum
2635 5157 2781 5208 esset
2823 5171 2892 5207 ne
2938 5154 3189 5208 furorem
3221 5152 3525 5223 gentilium
3556 5152 3615 5205 in

1982 5250 2207 5319 plebem
2228 5265 2384 5302 suam
2406 5264 2657 5319 praesens
2677 5248 3030 5303 accenderet.
3054 5251 3113 5301 2°
3136 5247 3418 5318 Singulari
3442 5244 3610 5299 modo

1982 5341 2306 5397 admonitus
2327 5358 2359 5395 a
2381 5344 2490 5397 Dee
2511 5342 2620 5395 fuit
2643 5348 2703 5396 ut
2724 5341 3072 5396 discederet:
3102 5361 3128 5387 «
3153 5341 3346 5395 Dicata
3374 5339 3525 5393 enim
3555 5339 3614 5393 in

1985 5435 2247 5491 omnibus
2266 5438 2377 5489 Deo
2399 5453 2582 5501 mens,
2604 5457 2631 5485 ››
2654 5436 2841 5505 inquit
2856 5435 3109 5503 Pontius,
3129 5456 3155 5481 ‹‹
3179 5440 3234 5488 et
3250 5433 3392 5487 ﬁdes
3410 5434 3612 5488 divinis

1982 5528 2463 5584 admonitionibus
2494 5529 2817 5599 mancipata
2851 5528 3089 5582 credidit
3115 5545 3193 5591 se,
3228 5528 3335 5581 nisi
3374 5528 3613 5581 Domino

1984 5623 2255 5677 latebram
2285 5623 2655 5691 tuucjubenti
2682 5623 2981 5693 paruisset,
3007 5622 3179 5675 etiam
3212 5622 3330 5691 ipsa
3353 5621 3610 5691 passione

1984 5732 2237 5786 peccare.
2259 5736 2284 5761 ››
2314 5717 2524 5769 Tuetur
2559 5732 2617 5769 se
2647 5716 2958 5786 Cyprianus
2989 5715 3275 5783 Evangelii
3309 5719 3609 5783 praecepto,

1980 5812 2039 5864 in
2064 5810 2301 5880 epistola
2330 5826 2502 5880 quam
2533 5809 2603 5862 ad
2627 5810 2852 5865 Clerum
2878 5810 3196 5863 Romanum
3228 5807 3449 5877 scripsit
3478 5822 3611 5875 pur-
