4084 6208
389 282 455 340 95
1741 285 1889 340 VITA
1927 287 1979 340 S.
2022 285 2333 384 CYPRIANI
2347 326 2358 338 .
3667 283 3733 335 96

380 408 552 479 gandi
573 407 658 462 sui
679 424 846 462 causa
858 424 874 475 ;
899 407 999 461 sed
1020 407 1080 461 in
1103 391 1214 461 alia
1241 407 1498 478 epistola,
1524 423 1730 478 nempe
1756 407 2004 479 decima,
2032 423 2086 496 Α
2113 410 2389 463 dicerunt.
2423 408 2680 478 Cumque
2709 424 2800 465 res
2837 428 2864 455 «
2895 406 3083 460 minus
3111 405 3441 476 simpliciter
3463 407 3522 459 et
3545 403 3738 458 minus

383 503 627 557 declarat
653 501 879 571 jussisse
901 500 1212 554 Dominum
1235 503 1301 555 ut
1328 501 1636 555 secederet.
1663 504 1721 555 3°
1742 501 2010 555 Maximus

381 595 475 648 ille
506 596 742 649 fratrum
771 610 1043 648 numerus
1084 595 1177 666 qui
1216 595 1448 649 absente
1483 595 1760 665 Cypriane
1787 595 2008 663 cecidit,

383 705 498 742 non
528 687 832 742 tormentis
859 693 919 742 et
947 688 1286 742 cruciatibus
1313 688 1596 742 Christum
1623 705 1832 759 negare
1857 705 2013 743 coac-

379 788 471 836 tus
502 785 604 851 est,
649 803 676 831 «
710 781 809 836 sed
841 782 915 835 ad
959 783 1140 852 prima
1168 781 1361 836 statim
1393 783 1566 836 verba
1604 782 1869 836 minantis
1901 783 2008 836 ini-

380 875 514 929 mici
552 874 724 930 ﬁdem
763 891 922 928 suam
972 875 1238 946 prodidit,
1273 899 1300 925 »
1334 879 1395 928 ut
1430 875 1490 929 in
1531 875 1673 930 libre
1715 877 1780 930 de
1822 878 2012 946 Lapsz's

382 967 646 1038 legimus.
691 969 783 1024 Sic
823 969 1015 1024 animo
1051 969 1266 1023 affectis
1310 968 1512 1024 melius
1555 971 1850 1025 consulere
1895 986 2011 1024 non

381 1065 601 1132 poterat
639 1061 984 1132 Cyprianus,
1036 1078 1208 1133 quam
1261 1062 1304 1116 si
1357 1079 1450 1117 eos
1503 1063 1577 1117 ad
1628 1063 2011 1117 recedendum

385 1156 646 1224 exemplo
673 1171 775 1209 suo
804 1156 1146 1212 hortaretur.
1178 1157 1237 1210 4ο
1264 1156 1534 1211 Observat
1561 1157 1790 1211 Pontius
1818 1156 2009 1212 divino

386 1247 615 1302 consilio
644 1253 932 1302 servatum
964 1264 1082 1302 esse
1110 1249 1475 1319 Cyprianum,
1508 1249 1626 1320 qui,
1657 1265 1786 1303 cum
1820 1250 2010 1304 Eccle-

385 1341 467 1394 sia
499 1341 807 1394 maximam
835 1341 1049 1395 cladem
1080 1342 1386 1412 accepisset
1417 1344 1806 1413 persecutione
1837 1342 2008 1410 Decii,

388 1456 415 1482 ‹‹
441 1435 645 1505 {posset
681 1435 900 1489 saucios
934 1435 1194 1489 homines
1229 1439 1286 1489 et
1317 1437 1466 1489 varia
1494 1437 1874 1506 expungentis
1898 1435 2008 1489 ini-

383 1527 513 1582 mici
568 1533 687 1582 arte
728 1529 1047 1598 jacnlatos,
1105 1529 1361 1583 adhibita
1415 1529 1713 1583 medicinae
1769 1529 2012 1584 ccelestis

381 1622 625 1687 medela,
669 1638 769 1692 pro
809 1622 1079 1692 qualitate
1123 1623 1371 1676 vulneris
1420 1624 1502 1676 vel
1544 1639 1734 1677 secare
1774 1623 2011 1677 interim

382 1715 469 1768 vel
511 1714 723 1769 fovere.
779 1737 806 1764 ››
861 1716 1000 1769 Rem
1051 1716 1232 1770 exitus
1280 1717 1694 1787 comprobavit.
1746 1718 2010 1771 Testatur

2110 503 2385 571 fideliter,
2449 521 2475 553 »
2539 505 2600 555 ut
2656 501 2734 555 ait
2790 501 3104 572 Cyprianus
3160 499 3324 570 epist.
3391 501 3482 564 15,
3544 497 3738 551 fuisset

2109 597 2374 651 nuntiata
2427 595 2542 649 sive
2595 595 2666 648 ab
2721 595 2826 648 hoc
2873 593 3260 661 subdiacene,
3321 592 3434 645 sive
3488 590 3557 644 ab
3613 590 3737 644 aliis

2112 691 2282 760 (hunc
2315 689 2470 744 enim
2505 706 2616 742 non
2659 692 2887 742 accusat
2925 686 3290 758 Cyprianus),
3341 685 3482 738 duas
3531 684 3737 754 episto-

2108 784 2188 837 las
2234 801 2338 853 per
2381 783 2648 837 eumdem
2691 782 3072 837 Clementium
3118 777 3523 848 Carthaginem
3574 777 3736 831 mise-

2112 883 2268 945 runt,
2298 879 2533 932 alteram
2555 877 2625 931 ad
2653 875 2998 946 Cyprianum
3021 874 3090 928 de
3114 878 3300 927 morte
3322 871 3576 937 Fabiani,
3606 887 3735 941 quae

2113 971 2344 1042 quidem
2371 971 2441 1024 ad
2471 988 2571 1024 nos
2599 969 2884 1041 pervenit,
2918 969 3154 1022 alteram
3182 967 3251 1020 ad
3279 965 3452 1036 ipsius
3487 966 3732 1030 clerum;

2111 1081 2437 1135 quanquam
2471 1065 2550 1118 ait
2575 1064 2909 1133 Cyprianus,
2939 1081 2966 1112 ι(
2998 1077 3101 1115 nec
3129 1059 3256 1130 quis
3292 1058 3599 1128 scripserit,
3631 1071 3737 1110 nec

2110 1159 2178 1212 ad
2231 1174 2374 1229 quos
2432 1157 2704 1228 scriptum
2757 1156 2830 1208 sit
2883 1154 3272 1225 significanter
3323 1167 3650 1222 expressum
3704 1172 3732 1200 ››

2110 1252 2301 1306 fuisse.
2332 1253 2393 1305 In
2423 1251 2528 1304 hac
2556 1250 2813 1320 epistola,
2843 1265 2970 1319 qua:
2997 1247 3165 1302 tertio
3203 1247 3324 1300 loco
3358 1245 3505 1315 apud
3537 1245 3734 1298 Pame-

2111 1346 2250 1399 lium
2299 1344 2564 1409 volvitur,
2613 1343 2715 1396 etsi
2768 1342 2908 1395 nihil
2955 1340 3290 1395 nominatim
3335 1338 3404 1393 de
3457 1339 3738 1409 Cypriane

2113 1439 2223 1494 nisi
2267 1437 2574 1492 honorifice
2606 1437 2830 1503 dicitur,
2872 1436 2948 1489 sic
2991 1440 3180 1488 tamen
3219 1434 3288 1487 de
3328 1433 3474 1486 illius
3515 1448 3734 1485 secessu

2110 1534 2440 1604 loquuntur,
2471 1536 2529 1585 ut
2556 1531 2715 1584 illum
2745 1530 2982 1584 minime
3022 1529 3261 1598 probent
3290 1547 3300 1581 :
3345 1529 3420 1582 sic
3450 1528 3519 1582 de
3559 1525 3736 1578 bone-

2113 1644 2238 1681 rum
2267 1630 2559 1697 pastorum
2588 1625 2733 1678 netis
2761 1624 3064 1689 disserunt,
3095 1622 3256 1692 quasi
3284 1638 3374 1675 eas
3407 1619 3735 1676 desiderent

2111 1722 2168 1774 in
2207 1721 2524 1791 Cypriane;
2567 1719 2646 1772 sic
2697 1717 2942 1788 denique
2990 1716 3180 1787 gregis
3227 1715 3534 1769 custodiam
3581 1714 3732 1766 clere

384 1809 536 1862 enim
574 1811 770 1862 auctor
807 1809 937 1863 libri
975 1811 1048 1863 ad
1081 1813 1446 1868 Novatz'anum
1495 1812 1798 1865 hazreticum
1829 1830 1855 1861 α
1885 1811 2010 1865 illos
2031 1789 2086 1859 Β
2111 1814 2546 1885 Carthaginensi
2573 1812 2998 1877 commendant,
3028 1810 3191 1880 quasi
3231 1809 3397 1862 vidua
3438 1813 3584 1862 esset
3613 1806 3735 1877 cpi-

385 1900 483 1971 qui
509 1901 695 1972 prima
723 1903 861 1969 acie,
891 1925 917 1951 ›ι
948 1903 1004 1956 id
1033 1907 1118 1956 est
1149 1925 1174 1951 ‹‹
1205 1905 1450 1957 Deciana
1474 1905 1870 1974 persecutione
1897 1906 2011 1958 vnl-

384 2000 565 2052 nerati
592 2001 843 2069 fuerunt,
878 2001 982 2055 lies
1008 2004 1222 2071 postea,
1252 2002 1307 2055 id
1491 2008 1575 2056 est
1601 2003 1844 2056 secundo
1874 2020 2013 2072 prae-

382 2093 476 2158 lie,
505 2093 580 2146 ita
608 2093 829 2147 fortiter
857 2110 1248 2163 perseverasse
1271 2101 1352 2162 ut,
1378 2099 1810 2149 contemnentes
1832 2096 2012 2150 edicta

383 2187 743 2240 saecularium
766 2187 1109 2257 principum,
1127 2188 1234 2242 hoc
1251 2187 1522 2242 invictum
1545 2188 1840 2257 haberent,
1857 2189 2012 2260 quod

385 2284 438 2331 et
488 2296 600 2332 non
647 2285 970 2334 metuerunt
998 2281 1256 2351 exemplo
1306 2281 1437 2335 boni
1477 2282 1720 2351 pastoris
1761 2282 2012 2336 animam

385 2389 545 2427 suam
583 2374 806 2428 tradere
838 2377 897 2427 et
920 2375 1261 2444 sanguinem
1298 2375 1555 2442 fundere,
1586 2391 1689 2429 nec
1725 2376 1894 2429 ullam
1922 2376 2010 2429 in-

387 2466 660 2520 sanientis
702 2467 930 2537 tyranni
971 2468 1244 2521 saevitiam
1288 2485 1627 2522 recusare.»
1661 2473 1719 2522 5ο
1761 2470 2012 2540 Denique

387 2559 466 2612 sic
496 2575 729 2630 corpore
761 2559 938 2615 abfuit
966 2562 1301 2631 Cyprianus,
1328 2567 1394 2616 ut
1427 2562 1618 2616 animo
1657 2568 1713 2616 et
1752 2563 2014 2616 sollicitu-

388 2652 518 2706 dine
559 2653 821 2707 omnibus
860 2654 1030 2708 rebus
1069 2654 1389 2723 interesset,
1438 2672 1542 2708 nec
1587 2655 1722 2708 ullas
1765 2657 2013 2726 episcopi

391 2749 580 2816 partes
637 2747 1116 2815 praetermitteret.
1166 2748 1468 2802 Discedens
1519 2749 1785 2802 omnibus
1841 2750 2014 2803 rebus

386 2839 733 2908 providerat,
783 2840 1080 2909 pecuniam
1139 2841 1292 2910 apud
1347 2842 1579 2896 clericos
1628 2842 2012 2910 distribuerat,

390 2951 417 2980 ι(
451 2936 514 2985 ut
539 2932 813 2987 haberent
841 2933 1030 3003 plures
1059 2934 1206 2988 unde
1234 2934 1308 2988 ad
1334 2935 1700 2989 necessitates
1721 2939 1776 2989 et
1799 2952 2018 3005 pressu-

385 3042 478 3079 ras
502 3024 863 3096 singulorum
895 3027 1120 3096 operari
1147 3027 1365 3097 possint
1393 3028 1576 3098 (epist.
1612 3029 1684 3098 5).
1728 3047 1754 3079 »
1787 3029 2017 3083 Videtur

2112 1925 2281 1978 scopo
2316 1908 2569 1962 ecclesia.
2600 1906 2741 1960 Illud
2771 1905 2944 1960 etiam
2971 1904 3254 1974 Cypriane
3287 1903 3586 1956 molestum
3618 1917 3738 1953 esse

2111 2009 2331 2074 poterat
2357 2001 2511 2072 quod
2542 2001 2754 2054 clerum
2789 1998 3294 2068 Carthaginensem
3334 1995 3574 2050 Romani
3613 1992 3737 2065 96

2111 2098 2379 2166 rogarent
2407 2098 2468 2147 ut
2496 2094 2700 2146 harum
2739 2093 3055 2146 litterarum
3098 2090 3429 2160 exemplum
3459 2089 3529 2142 ad
3567 2105 3739 2158 ques-

2113 2205 2335 2260 cunque
2365 2190 2551 2259 posset
2569 2185 2978 2240 transmitteret
3003 2201 3100 2255 per
3128 2183 3365 2238 idoneas
3390 2181 3738 2247 occasiones,

2113 2284 2195 2338 vel
2225 2299 2353 2336 suas
2378 2282 2609 2336 faceret.

2185 2379 2292 2431 llas
2322 2375 2452 2430 cieri
2499 2373 2740 2430 Romani
2783 2373 2994 2427 litteras
3034 2388 3183 2425 circa
3224 2386 3479 2424 mensem
3523 2370 3740 2422 malum

2114 2470 2350 2524 collocat
2374 2468 2796 2536 Tillemontius;
2828 2467 2922 2520 sed
2951 2465 3254 2520 verisimile
3283 2482 3394 2517 non
3435 2464 3508 2516 sit
3535 2465 3743 2517 Bema-

2115 2581 2218 2619 nos
2257 2564 2327 2617 de
2359 2569 2546 2617 morte
2584 2561 2760 2627 Fabii,
2791 2561 2886 2630 qui
2921 2561 3010 2614 die
3040 2559 3301 2612 vicesima
3323 2557 3564 2628 januarii
3598 2572 3746 2608 mar-

2114 2663 2204 2728 tyr
2245 2657 2417 2722 obiit,
2459 2660 2574 2709 tam
2625 2671 2749 2708 sero
2793 2653 3135 2724 Cyprianum
3179 2651 3374 2705 fecisse
3418 2650 3740 2704 certiorem.

2115 2751 2342 2806 Etiamsi
2366 2749 2679 2820 persecutio
2699 2749 3024 2801 facultatem
3047 2746 3218 2815 hujus
3241 2744 3320 2798 rei
3344 2744 3741 2814 praeclusisset,

2116 2851 2177 2898 ut
2203 2843 2431 2913 cenjicit
2459 2841 2869 2906 Tillemontius,
2909 2840 3152 2894 nimium
3185 2844 3380 2892 tamen
3424 2837 3741 2891 intercede-

2114 2939 2212 2993 bat
2233 2937 2556 2992 commercii
2593 2939 2830 2991 Romam
2863 2937 3012 2988 inter
3039 2939 3095 2986 et
3121 2931 3547 3002 Carthaginem,
3573 2947 3746 3001 quam

2116 3035 2181 3086 ut
2205 3032 2275 3086 de
2305 3035 2421 3084 tam
2447 3029 2659 3100 insigni
2689 3033 2892 3082 eventu
2929 3043 3030 3097 per
3053 3033 3298 3096 quatuor
3325 3040 3550 3078 menses
3585 3045 3612 3071 (ι
3648 3040 3746 3076 ru-

386 3119 450 3173 in
491 3135 714 3173 secessu
760 3121 983 3174 assidue
1023 3121 1297 3175 sacrificia
1340 3122 1630 3190 obtulisse,
1661 3121 2015 3176 ministrante
2037 3149 2091 3223 C
2118 3142 2245 3180 mer
2277 3126 2522 3178 incertus
2549 3129 2697 3177 esset
2729 3126 2788 3175 et
2817 3121 3007 3190 opinio
3045 3119 3213 3174 dubia
3244 3125 3486 3180 nutaret,
3518 3137 3543 3168 »
3575 3121 3638 3170 ut
3669 3117 3750 3170 ait

387 3211 605 3266 Victore
635 3213 892 3282 diacono,
923 3213 1018 3284 qui
1046 3229 1177 3268 eum
1213 3230 1341 3268 cum
1373 3214 1492 3267 aliis
1517 3215 1804 3269 nonnullis
1840 3216 2015 3269 comi-

388 3309 535 3358 tatus
559 3306 744 3359 fuerat
769 3306 930 3376 (Epp.
974 3310 1025 3372 5,
1066 3310 1176 3376 37).
1217 3308 1465 3362 Aderant
1504 3308 1793 3361 interdum
1829 3309 2016 3378 plures

389 3398 658 3468 episcopi,
691 3401 749 3452 et
780 3415 894 3452 una
922 3415 1051 3453 cum
1082 3399 1366 3471 Cypriane
1397 3402 1687 3455 Aurelium
1718 3405 1774 3455 et
1807 3403 2007 3457 Celeri-

389 3507 529 3545 num
568 3491 992 3561 ordinaverunt,
1023 3499 1086 3547 ut
1113 3497 1264 3564 patet
1292 3511 1356 3547 ex
1384 3511 1512 3566 epp.
1547 3498 1610 3550 33
1644 3498 1702 3550 et
1741 3497 1826 3549 34.
1869 3496 2016 3560 Quin

389 3585 560 3639 etiam
596 3584 665 3638 de
697 3586 984 3640 sacrificiis
1015 3586 1130 3640 suis
1155 3588 1231 3641 sic
1259 3588 1534 3659 loquitur,
1569 3592 1631 3642 ut
1661 3590 2015 3660 frequentem

388 3679 661 3749 populum
695 3695 1073 3751 congregasse
1115 3681 1389 3736 videatur.
1429 3682 1518 3736 Ait
1556 3684 1710 3737 enim
1750 3683 1809 3736 in
1851 3683 2013 3753 epist.

393 3775 479 3841 16,
509 3789 635 3843 quae.
663 3776 747 3827 est
782 3773 856 3827 ad
891 3776 1212 3841 confcssorcs
1254 3777 1518 3831 Romanos
1548 3796 1564 3830 :
1597 3799 1624 3826 «
1652 3778 1719 3831 Et
1755 3794 1858 3831 nos
1899 3777 2016 3848 qui-

391 3866 542 3933 dem,
574 3866 740 3920 vestri
763 3867 963 3922 diebus
989 3885 1054 3922 ac
1083 3869 1340 3922 noctibus
1368 3886 1671 3937 memores,
1706 3876 1761 3924 et
1791 3871 2016 3942 quando

391 3959 450 4013 in
477 3959 763 4014 sacriﬁciis
791 3977 1021 4032 precem
1047 3979 1175 4015 cum
1208 3963 1468 4034 pluribus
1506 3964 1766 4031 facimus,
1795 3971 1850 4019 et
1888 3980 2019 4017 cum

393 4053 451 4106 in
483 4070 699 4108 secessu
732 4055 964 4124 privatis
988 4057 1255 4126 precibus
1286 4074 1536 4125 oramus,
1565 4057 1790 4112 coronis
1815 4074 1880 4111 ac
1906 4058 2022 4112 lau-

395 4145 558 4200 dibus
598 4147 796 4202 vestris
835 4149 1060 4218 plenam
1096 4167 1129 4203 a
1157 4151 1399 4205 Domino
1429 4150 1730 4206 faventiam
1776 4151 2021 4220 postula-

394 4256 598 4295 mus.»
631 4243 770 4295 Cum
802 4247 993 4296 autem
1036 4244 1297 4298 Ecclesia:
1340 4261 1532 4298 curam
1581 4243 1920 4314 presbyteris
1963 4249 2021 4297 et

393 4333 642 4388 diaconis
667 4335 1064 4403 commisisset,
1095 4354 1156 4390 ac
1184 4343 1482 4407 praeterea,
1528 4342 1588 4390 ut
1621 4337 1794 4408 ipsius
1835 4336 2020 4392 verbis

395 4432 524 4481 utar
544 4444 612 4481 ex
636 4428 798 4498 epist.
822 4431 908 4496 38,
934 4446 1037 4500 pro
1055 4448 1113 4484 se
1131 4431 1363 4485 vicaries
1386 4431 1631 4485 misisset
1651 4432 1789 4485 duos
1813 4430 2022 4500 episco—

2115 3219 2428 3290 Cyprianus
2458 3218 2620 3287 epist.
2651 3217 2701 3270 4.
2733 3215 2947 3269 Deinde
2980 3230 3110 3267 vero
3141 3229 3206 3266 ex
3233 3212 3473 3283 epistola
3502 3210 3748 3264 Celerini

2116 3313 2185 3367 ad
2214 3312 2525 3366 Lucianum
2555 3311 2726 3380 (inter
2760 3307 3122 3379 Cyprianicas
3162 3307 3250 3374 2i)
3293 3305 3559 3359 discimus
3594 3321 3749 3359 sexa-

2119 3407 2276 3477 ginta
2307 3405 2559 3476 quinque
2600 3403 2951 3458 confesseres
2992 3401 3232 3455 Romam
3271 3400 3616 3469 Carthagine
3647 3415 3745 3452 ve-

2119 3499 2266 3554 nisse
2323 3499 2491 3570 paulo
2556 3501 2683 3568 post
2747 3496 2952 3550 Pascha
3018 3500 3118 3549 aut
3177 3495 3325 3548 forte
3382 3494 3554 3547 etiam
3613 3498 3748 3546 ante

2117 3595 2344 3662 Pascha,
2376 3592 2530 3663 quod
2561 3592 2667 3645 hoc
2700 3607 2850 3644 anno
2887 3589 3085 3643 incidit
3128 3588 3187 3642 in
3226 3587 3377 3641 diem
3410 3592 3439 3641 ‘7
3470 3586 3643 3656 April.
3678 3602 3751 3639 ex

2118 3688 2274 3758 cycle
2307 3686 2554 3753 Victorii,
2583 3691 2679 3739 aut
2706 3687 2762 3738 31
2803 3688 2971 3736 mart.
3002 3699 3069 3736 ex
3109 3682 3265 3752 cycle
3308 3680 3612 3751 Hippolyti.
3651 3681 3748 3734 In-

2118 3781 2266 3835 dicat
2301 3783 2496 3834 tamen
2540 3780 2722 3832 clerus
2753 3779 3045 3831 Romanus
3086 3775 3143 3828 in
3185 3774 3391 3828 litteris
3431 3774 3500 3828 de
3545 3773 3753 3844 quibus

2118 3891 2270 3928 nunc
2295 3873 2539 3944 agimus,
2580 3871 2870 3926 nemiuem
2910 3869 3255 3939 Carthagine
3297 3867 3513 3922 venisse
3541 3884 3604 3922 ex
3635 3883 3752 3936 quo

2121 3968 2191 4021 de
2220 3983 2444 4021 secessu
2471 3965 2735 4037 Cypriani
2769 3965 2977 4018 certior
2998 3963 3123 4016 fieri
3155 3967 3357 4032 posset,
3387 3968 3597 4032 praeter
3621 3960 3748 4014 Cle-

2120 4061 2402 4116 mentium
2435 4059 2864 4113 subdiaconum.
2914 4057 3082 4111 Multo
3122 4071 3256 4125 ergo
3291 4053 3633 4125 probabilius
3663 4056 3755 4107 est

2121 4156 2266 4209 hanc
2297 4153 2590 4224 epistolam
2621 4167 2819 4206 mense
2849 4150 3052 4205 martie
3087 4150 3311 4203 allatam
3338 4149 3530 4203 fuisse.

2193 4248 2300 4302 Sed
2345 4246 2539 4317 objicit
2579 4243 2968 4299 Tillemontius
3009 4243 3359 4313 Cyprianum
3410 4242 3466 4295 in
3514 4241 3753 4312 epistola

2126 4346 2208 4409 15,
2261 4357 2432 4411 quam
2482 4345 2672 4393 aestate
2725 4338 2995 4407 scriptam
3044 4337 3216 4390 fuisse
3267 4341 3506 4401 constat,
3553 4335 3630 4388 sic
3676 4335 3752 4388 de

2125 4436 2210 4489 his
2244 4434 2392 4490 Cleri
2435 4431 2677 4487 Romani
2718 4431 2922 4485 litteris
2958 4430 3137 4501 loqui,
3169 4435 3228 4483 ut
3266 4446 3360 4483 eas
3387 4445 3568 4499 nuper
3608 4428 3751 4482 mis-

394 4535 520 4590 pos,
545 4521 878 4577 Caldonium
911 4527 968 4576 et
998 4525 1402 4591 Herculanum,
1445 4525 1650 4595 quibus
1687 4515 2101 4594 adjunxcratD
2124 4545 2213 4583 sas
2241 4545 2361 4582 esse
2403 4527 2571 4580 dicat.
2617 4525 2832 4588 Quaerit
2869 4523 3074 4578 deinde
3115 4539 3233 4588 cur,
3275 4539 3404 4576 cum
3435 4523 3756 4593 Cyprianus

394 4613 776 4684 Rogatianum
799 4622 856 4671 et
877 4617 1232 4672 Numidicum
1253 4619 1633 4690 presbyteros,
1659 4619 1729 4672 de
1759 4618 2022 4672 omnibus

394 4707 466 4760 ad
495 4723 625 4762 eum
658 4710 1028 4778 referebatur,
1060 4728 1165 4767 nec
1194 4713 1508 4784 quidquam
1537 4713 1606 4766 ab
1639 4729 1706 4766 eo
1748 4711 2022 4766 emissum

394 4801 548 4872 quod
576 4803 804 4872 quidem
844 4804 916 4858 ad
947 4821 1228 4876 pauperes
1258 4806 1655 4873 sublevandos,
1685 4805 1756 4859 ad
1799 4805 2020 4859 confes-

397 4910 551 4949 seres
587 4896 968 4952 cohortandos
1003 4915 1066 4952 ac
1099 4899 1393 4954 interdum
1433 4899 1605 4954 etiam
1647 4897 2020 4968 castigandos,

396 4988 463 5042 ad
488 4988 781 5059 lapsorum
806 4991 1001 5046 ruinas
1020 4993 1388 5063 reparandas,
1409 4993 1480 5047 ad
1505 4992 1818 5063 disciplinae
1841 4991 2026 5045 obser-

397 5081 682 5136 vationem
705 5086 762 5138 et
781 5084 1044 5139 Ecclesia
1068 5086 1518 5156 pacificationem
1544 5085 1870 5156 pertineret.
1897 5083 2023 5150 Sed,

397 5176 532 5246 quia
557 5175 774 5231 litteras
801 5177 952 5232 illius
978 5178 1037 5232 in
1065 5195 1284 5234 secessu
1325 5180 1558 5250 scriptas
1600 5178 1697 5232 alii
1741 5179 1904 5232 aliter
1934 5193 2025 5231 er-

399 5269 619 5338 dinant,
650 5286 761 5324 non
792 5272 1168 5343 perfunctorie
1198 5273 1359 5327 nobis
1389 5272 1763 5327 examinanda
1803 5288 1892 5326 res
1923 5277 2023 5326 est.

397 5372 533 5426 VIII.
566 5402 633 5410 —
665 5373 736 5427 De
765 5375 957 5429 litteris
985 5376 1116 5430 Cleri
1150 5378 1382 5432 Romani
1418 5376 1800 5440 Carthaginem
1830 5375 2025 5435 missis,

483 5455 771 5520 postquam
803 5453 1140 5524 Cyprianum
1175 5457 1438 5510 secessisse
1469 5457 1796 5508 nuntiatum
1826 5458 1924 5508 est.

469 5559 783 5631 Presbyteri
819 5566 876 5616 et
918 5563 1139 5617 diaconi
1177 5563 1438 5630 Romani,
1483 5562 1554 5616 ad
1596 5578 1756 5632 quos,
1803 5562 2028 5614 mortue

401 5653 665 5718 Fabiane,
689 5671 883 5709 rerum
909 5656 1492 5712 administrandarum
1514 5672 1739 5709 summa
1762 5654 2027 5720 redierat,

398 5764 462 5802 ex
503 5747 838 5820 Clementio,
884 5750 1016 5818 sive,
1061 5753 1126 5804 ut
1165 5756 1324 5805 vocat
1373 5747 1650 5816 Baluzius,
1705 5745 2031 5804 Crementio

403 5841 749 5899 subdiaceno
781 5844 1215 5917 Carthaginensi
1255 5845 1326 5900 de
1371 5843 1637 5916 Cypriani
1676 5857 1901 5899 secessu
1945 5839 2031 5894 di-

2122 4623 2212 4677 his
2260 4621 2462 4675 litteris
2510 4620 2696 4673 statim
2742 4617 3126 4688 responderit,
3171 4617 3415 4671 Romani
3464 4619 3580 4670 tam
3627 4631 3756 4669 sero

2123 4714 2515 4786 rescripserint
2539 4731 2550 4766 :
2577 4712 2833 4766 nendum
2858 4711 3011 4765 enim
3038 4711 3096 4764 id
3125 4711 3401 4776 fecerant,
3421 4725 3552 4763 cum
3581 4709 3754 4780 epist.

2129 4813 2191 4863 15
2212 4808 2482 4862 scriberet
2502 4806 2832 4876 Cyprianus.
2856 4803 3005 4857 Nihil
3033 4803 3235 4874 probat
3258 4804 3416 4869 illud,
3447 4822 3471 4852 «
3498 4818 3700 4872 nuper,
3723 4823 3751 4851 ››

2127 4902 2280 4973 quod
2327 4917 2428 4971 pro
2472 4898 2626 4953 varia
2670 4898 2753 4952 rei
2790 4896 3225 4950 considerandae
3271 4896 3491 4950 ratione
3537 4895 3758 4948 variam

2127 4996 2298 5050 habet
2316 4993 2675 5048 sententiam.
2705 4991 3044 5062 Cyprianus,
3069 4990 3128 5044 in
3155 4989 3316 5060 epist.
3347 4993 3434 5055 65,
3465 4989 3757 5060 quoddam

2126 5096 2547 5144 antecesserum
2579 5101 2815 5140 suorum
2845 5085 3136 5138 decretum
3167 5082 3515 5153 jampridem
3555 5098 3619 5136 ac
3647 5099 3755 5136 nu-

2122 5199 2222 5255 per
2245 5183 2456 5237 factum
2487 5197 2607 5235 esse
2648 5178 2803 5232 dicit.
2843 5177 3030 5232 Potuit
3072 5193 3211 5247 ergo
3255 5175 3440 5230 dicere
3485 5191 3662 5244 nuper
3697 5192 3760 5231 se

2129 5277 2413 5347 accepisse
2439 5273 2732 5344 epistolam
2759 5275 2891 5326 ante
2920 5275 3168 5340 quatuor
3190 5284 3410 5323 menses
3439 5273 3760 5339 acceptam,

2130 5386 2260 5424 cum
2292 5366 2609 5439 prasertim
2651 5364 2805 5418 nulla
2833 5363 2942 5417 alia
2980 5380 3083 5433 per
3124 5367 3304 5417 totum
3350 5362 3489 5416 illud
3534 5368 3762 5432 tempus

2131 5463 2365 5534 epistola
2409 5461 2673 5514 venisset.
2707 5457 2906 5512 Facilis
2944 5461 2999 5511 et
3043 5456 3305 5527 expedita
3347 5456 3489 5510 ratio
3535 5461 3618 5510 est
3661 5471 3766 5510 cur

2131 5554 2374 5610 Romani
2429 5553 2684 5606 nendum
2745 5550 3025 5622 Cypriane
3083 5549 3510 5620 respondissent
3567 5565 3768 5604 mense

2125 5649 2297 5720 julio;
2321 5648 2570 5702 nondum
2595 5645 2748 5699 enim
2777 5644 3127 5716 suspiciones
3154 5644 3550 5715 deposuerant,
3573 5641 3769 5696 adhuc

2132 5743 2403 5814 patebant
2431 5757 2631 5796 eorum
2653 5756 2817 5793 aures
2842 5739 3053 5809 iniquis
3080 5737 3459 5803 sermonibus,
3487 5743 3547 5791 ut
3568 5735 3767 5791 videre

2133 5841 2216 5895 est
2238 5836 2402 5892 initio
2431 5835 2593 5907 epist.
2626 5837 2708 5889 15.
2740 5832 3118 5898 Quamobrem
3147 5848 3260 5887 non
3286 5831 3630 5903 reapendere
3655 5835 3770 5884 sta-
