4084 6208
264 274 316 331 97
1574 272 1727 330 VITA
1768 274 1822 328 S.
1868 272 2209 329 CYPRIANI.
2274 292 2281 305 '
3503 278 3571 331 98

257 406 475 469 tuerant;
496 401 620 456 hinc
646 400 864 456 litteras
889 416 1080 454 mense
1095 400 1239 469 julio
1261 415 1375 454 non
1399 400 1501 470 ipsi
1531 401 1832 471 Cypriano,
1859 415 1918 486 Α
1941 401 2104 455 nibus
2147 400 2387 455 eruditis
2431 400 2801 470 epistolarum
2835 399 3103 472 Cypriani
3126 401 3373 471 jactura,
3407 419 3576 472 cogar

257 499 332 551 sed
358 498 465 565 ejus
493 495 637 550 clero
678 495 1122 564 inscripserunt;
1153 494 1416 564 quamvis
1455 494 1688 549 minime
1728 495 1833 548 du-

253 591 381 644 bium
408 590 472 643 sit
498 590 630 660 quin
663 589 907 659 primam
947 588 1216 658 Cypriani
1260 588 1561 657 epistolam
1591 589 1833 657 accepis-

252 687 369 746 sent,
384 683 585 736 etiamsi
602 689 730 737 ante
751 698 1007 737 mensem
1031 681 1246 735 maium
1265 682 1474 751 scripta
1491 698 1601 734 non
1623 682 1833 735 fuisset.

250 801 310 853 lx.
337 832 395 838 —
426 802 492 853 De
512 802 688 869 prima
723 799 987 867 Cypriani
1007 802 1364 854 Romanorum
1394 800 1587 852 litteris
1616 814 1832 867 respon-

303 883 447 933 sione.
491 910 554 918 —
593 883 663 933 De
705 880 953 932 tredecim
997 880 1189 932 litteris
1230 883 1356 931 ante
1397 879 1688 931 secundum
1727 894 1834 931 res-

301 962 586 1028 ponsionem
653 961 868 1027 scriptis
931 965 982 1011 et
1043 959 1205 1012 simul
1271 974 1388 1011 cum
1450 959 1551 1011 illa
1614 960 1834 1013 Romam

298 1040 521 1107 perlatis,
552 1055 617 1092 ea:
647 1040 845 1107 quibus
880 1040 1081 1092 multas
1112 1039 1410 1093 desiderari
1440 1039 1761 1092 ostenditur.

301 1151 479 1202 Primis
505 1149 707 1203 litteris
736 1149 883 1203 Cleri
912 1150 1155 1204 Romani
1183 1151 1369 1204 statim
1400 1151 1699 1221 respondit
1728 1154 1833 1221 Cy-

242 1243 459 1311 prianus,
476 1242 613 1295 etde
632 1242 874 1311 glorioso
893 1243 1117 1297 Fabiani
1140 1242 1295 1296 exitu
1317 1245 1631 1312 gratulatus
1648 1247 1750 1308 est,
1768 1245 1835 1298 de

243 1352 333 1405 quo
355 1342 513 1388 antea
544 1352 737 1388 rumor
766 1336 1011 1389 incertus
1040 1340 1180 1390 erat.
1209 1336 1371 1400 Quod
1402 1342 1594 1390 autem
1623 1340 1837 1406 spectat

242 1430 295 1481 ad
319 1430 510 1481 alteras
539 1429 605 1482 ad
636 1428 856 1482 clerum
892 1429 1402 1498 Carthaginiensem
1432 1430 1683 1500 scriptas,
1715 1447 1835 1483 rem

238 1522 518 1591 prudenter
544 1522 898 1575 tractandam
933 1539 1054 1575 esse
1076 1522 1371 1592 judicavit.
1405 1524 1546 1577 Cum
1575 1524 1831 1577 animad-

243 1616 463 1667 vertisset
494 1615 551 1668 in
580 1616 666 1667 his
692 1615 912 1680 litteris,
943 1636 969 1663 «
1002 1632 1107 1668 nec
1138 1617 1262 1685 quis
1292 1616 1595 1686 scripserit,
1628 1633 1732 1670 nec
1764 1618 1833 1670 ad

240 1723 358 1777 quos
392 1707 658 1777 scriptum
696 1708 787 1773 sit,
827 1708 1218 1777 signiﬁcanter
1259 1725 1587 1779 expressum
1622 1730 1648 1759 »
1689 1726 1831 1778 esse,

1941 502 2131 549 tamen
2176 511 2371 549 eorum
2420 494 2764 548 desiderium
2810 512 3042 565 augere.
3085 496 3379 549 Assentior
3421 498 3572 551 enim

1936 588 2297 643 Tillemontio
2345 588 2416 641 de
2459 588 2711 658 epistolis
2741 592 2793 654 8,
2831 592 2883 653 7,
2916 592 2967 655 6,
2998 592 3095 656 36;
3132 594 3190 643 at
3221 590 3289 643 de
3334 593 3569 659 octoge-

1938 681 2081 735 sima
2112 682 2290 752 prima
2320 687 2374 735 et
2407 682 2685 735 tricesima
2716 683 2954 751 septima
2984 699 3086 736 nec
3121 683 3229 752 ipsi
3269 699 3370 736 nec
3404 685 3566 737 Pear-

1937 776 2099 829 sonio
2131 774 2391 829 assentiri
2418 791 2670 845 possum,
2701 792 2796 828 eas
2824 776 2929 829 hoc
2957 778 3210 845 tempore
3243 775 3478 845 scriptas
3511 782 3569 829 et

1939 870 2175 922 Romam
2220 869 2411 922 missas
2442 869 2630 923 fuisse.
2668 870 2867 939 Itaque
2902 885 2968 922 ex
3009 869 3259 938 epistolis
3298 870 3579 934 tredecim,

1938 965 2175 1017 Romam
2242 962 2461 1026 missis,
2519 965 2736 1032 septem
2806 966 3028 1015 tantum
3099 962 3240 1014 mihi
3306 962 3571 1015 videntur

1938 1073 2255 1127 superesse.

2010 1151 2154 1203 illud
2206 1153 2262 1203 l°
2306 1152 2567 1203 notatum
2608 1149 2801 1215 velim,
2842 1149 2899 1201 in
2946 1149 3269 1203 testimonio
3309 1149 3573 1219 Cypriani

1936 1244 2091 1314 quod
2140 1244 2308 1296 modo
2360 1244 2676 1307 retulimus,
2726 1242 2984 1296 undecim
3035 1248 3256 1295 tantum
3307 1242 3572 1312 epistolas

1937 1337 2243 1406 designari,
2281 1337 2537 1407 quamvis
2572 1336 2847 1389 tredecim
2886 1337 3072 1389 missae
3114 1336 3396 1389 dicantur.
3430 1337 3571 1388 Nam

1936 1446 2063 1483 eum
2093 1446 2265 1482 unam
2297 1430 2370 1482 ad
2402 1432 2684 1498 martyres
2716 1432 2843 1498 post
2883 1432 3187 1493 tormenta,
3222 1434 3277 1481 et
3315 1428 3569 1498 quinque

1936 1522 2075 1575 alias
2125 1523 2193 1575 de
2242 1523 2409 1592 lapsis
2461 1522 2697 1591 scriptas
2746 1521 3085 1575 nominatim
3138 1524 3570 1586 commemoret,

1936 1632 2166 1669 necesse
2204 1621 2287 1669 est
2327 1622 2387 1669 ut
2431 1619 2648 1685 septem
2679 1615 2803 1668 alite
2846 1615 2931 1667 his
2968 1614 3149 1667 verbis
3192 1614 3570 1683 comprehen-

1937 1710 2142 1763 dantur
2187 1732 2197 1761 :
2243 1730 2269 1757 ‹‹
2314 1710 2424 1762 Νο0
2467 1710 2616 1762 clero
2661 1708 2977 1773 consilium,
3011 1725 3117 1761 1100
3159 1708 3574 1760 confessoribus

240 1817 447 1871 cumque
477 1819 610 1855 eum
640 1826 663 1851 ‹‹
698 1804 753 1856 111
789 1804 985 1856 iisdem
1014 1804 1216 1859 litteris
1243 1808 1301 1857 et
1328 1805 1602 1873 scriptura
1632 1809 1686 1858 et
1712 1820 1834 1858 sen-
1860 1813 1911 1882 Β
1939 1802 2277 1870 exhortatio,
2314 1819 2417 1855 nec
2451 1802 2772 1856 extorribus
2813 1802 3040 1871 quando
3085 1801 3337 1871 oportuit
3380 1801 3570 1869 objur-

238 1910 311 1945 sus
329 1900 375 1947 et
396 1894 601 1949 chartas
626 1895 759 1965 ipsa;
783 1912 1005 1966 quoque
1029 1901 1339 1961 moverent,
1367 1913 1437 1949 ne
1459 1896 1595 1967 quid
1614 1914 1679 1951 ex
1703 1914 1833 1950 vero

241 1988 308 2039 vel
334 1988 669 2042 subtractum
699 1995 847 2043 esset
878 1989 961 2041 vel
990 1989 1380 2057 immutatum,
1412 2010 1440 2040 »
1472 1992 1731 2044 eamdem
1763 1990 1834 2043 ad

240 2078 335 2150 97
374 2081 492 2134 illos
532 2083 837 2152 epistolam
868 2084 1257 2137 authenticam
1301 2084 1538 2151 remisit,
1578 2104 1605 2131 ‹‹
1639 2088 1700 2138 ut
1741 2101 1832 2137 re-

234 2180 609 2243 cognoscerent
630 2192 699 2228 an
730 2176 848 2245 ipsa
874 2183 1019 2230 esset
1040 2193 1215 2246 quam
1236 2178 1545 2232 Clementio
1566 2178 1834 2249 hypodia-

235 2283 354 2320 cono
384 2269 781 2337 perferendam
818 2290 844 2319 ››
880 2270 1155 2323 dederant
1184 2270 1367 2340 (epist.
1395 2272 1469 2339 4).
1497 2275 1583 2341 At,
1610 2270 1708 2324 ubi
1737 2288 1830 2325 ve-

233 2378 331 2414 ram
358 2363 647 2432 epistolam
678 2379 798 2416 esse
826 2364 1124 2433 comperit,
1148 2381 1260 2417 non
1288 2370 1607 2434 exspectato
1636 2367 1834 2419 Roma-

233 2471 403 2509 norum
424 2473 722 2526 responso,
746 2457 955 2511 iterum
979 2458 1200 2526 scripsit
1222 2458 1503 2528 purgandi
1532 2459 1619 2511 sui
1642 2475 1830 2527 causa,

231 2556 275 2602 et
291 2550 561 2603 actionum
586 2566 819 2603 suarum
842 2551 1120 2604 rationem
1145 2552 1335 2605 sedato
1362 2551 1535 2605 corde
1558 2552 1831 2622 exposuit,

230 2642 385 2695 missis
419 2645 593 2697 etiam
625 2645 694 2698 ad
734 2660 829 2697 eos
867 2644 1145 2699 tredecim
1192 2645 1410 2711 litteris,
1442 2662 1570 2716 quas
1609 2646 1679 2701 ab
1712 2646 1832 2716 ipso

228 2737 366 2789 variis
400 2738 462 2790 de
490 2737 685 2802 rebus,
716 2754 782 2791 ex
825 2754 937 2808 quo
975 2744 1299 2805 secesserat,
1334 2739 1581 2809 scriptas,
1616 2740 1833 2794 nullam

228 2844 424 2897 prorsus
456 2831 827 2901 negligentim
870 2831 1247 2901 suspicionem
1292 2831 1705 2903 relinquebant.
1741 2833 1833 2887 Sic

226 2926 384 2976 autem
420 2925 514 2977 has
560 2925 774 2977 litteras
816 2929 1070 2978 recenset
1109 2926 1419 2995 Cyprianus
1458 2942 1469 2979 :
1516 2947 1543 2975 ‹‹
1586 2927 1651 2979 Et
1697 2926 1833 2996 quid

228 3018 431 3085 egerim,
476 3040 502 3065 ››
558 3018 748 3088 inquit
796 3018 853 3071 in
901 3018 1062 3088 epist.
1118 3023 1202 3085 15,
1249 3038 1275 3070 α
1322 3020 1637 3089 loquuntur
1678 3020 1834 3074 vobis

225 3110 445 3179 epistola!
476 3128 587 3181 pro
626 3111 983 3181 temporibus
1024 3112 1247 3166 emissm
1289 3130 1526 3167 numero
1558 3114 1829 3168 tredecim

1937 1896 2111 1967 gatio,
2157 1912 2261 1949 nec
2316 1895 2594 1949 universa:
2640 1894 2986 1949 fraternitati
3039 1895 3105 1948 ad
3156 1894 3573 1963 deprecandam

1936 1990 2034 2043 Dei
2092 1989 2546 2043 misericordiam
2603 1988 2867 2041 allocutio
2921 1991 2977 2041 et
3026 1987 3317 2057 persuasio
3377 1993 3575 2041 nostra

1935 2084 2134 2137 defuit.
2173 2105 2199 2132 ››
2227 2086 2287 2135 2°
2326 2084 2402 2136 Ex
2445 2082 2532 2135 his
2568 2085 2721 2152 patet
2759 2082 3208 2151 conjecturarum
3252 2096 3481 2150 operam
3518 2085 3575 2134 et

1936 2178 2126 2230 oleum
2175 2193 2268 2230 eos
2311 2176 2550 2246 perdere
2585 2175 2680 2245 qui
2722 2174 2997 2228 tredecim
3043 2174 3167 2227 illas
3207 2174 3427 2227 litteras
3466 2174 3575 2227 sibi

1933 2270 2199 2324 videntur
2240 2272 2393 2324 inter
2431 2269 2793 2340 Cyprianicas
2824 2268 3288 2338 deprehendisse.
3328 2268 3575 2321 Ubinam

1934 2365 2088 2418 enim
2117 2368 2335 2434 septem
2375 2363 2641 2434 epistolas
2674 2361 2966 2433 reperient
3007 2378 3133 2431 quae
3178 2362 3263 2414 his
3302 2361 3574 2431 Cypriani

1934 2459 2115 2511 verbis
2164 2458 2586 2528 respondeant?
2638 2456 2731 2510 ubi
2790 2456 2903 2509 illae
2958 2455 3159 2509 litteras
3210 2471 3353 2525 quas
3400 2471 3457 2509 se
3503 2455 3573 2509 ad

1934 2552 2297 2623 presbyteros
2348 2555 2404 2606 et
2449 2550 2718 2604 diaconos
2763 2570 2789 2597 ‹‹
2838 2551 3173 2619 frequenter
3217 2569 3241 2597 n
3292 2547 3575 2618 scripsisse

1935 2650 2176 2700 testatur
2205 2646 2263 2699 in
2292 2646 2459 2715 epist.
2488 2646 2575 2709 37,
2610 2649 2673 2697 ut
2718 2646 3040 2713 martyrum
3084 2645 3140 2697 et
3178 2643 3574 2696 confessorum

1934 2756 2127 2793 curam
2172 2739 2280 2792 illis
2321 2738 2796 2792 commendaret?
2822 2739 2941 2791 Una
2978 2740 3196 2790 tantum
3230 2739 3411 2789 exstat
3444 2742 3573 2789 ante

1933 2832 2284 2887 tricesimam
2314 2832 2644 2903 septimam,
2677 2846 2886 2900 nempe
2915 2830 3136 2899 quinta.
3172 2829 3391 2883 Nullam
3420 2845 3574 2899 pror-

1934 2943 2028 2980 sus
2061 2926 2340 2980 habemus
2373 2924 2689 2980 extorribus
2718 2924 2985 2993 scriptam
3016 2923 3357 2993 objurgandi
3383 2939 3569 2989 causa,

1935 3020 2154 3073 nullam
2188 3040 2210 3071 1(
2246 3021 2526 3074 universae
2554 3018 2893 3072 fraternitati
2922 3017 2993 3070 ad
3023 3017 3446 3087 deprecandam
3475 3017 3575 3071 Dei

1934 3114 2401 3168 misericordiam.
2438 3133 2462 3163 1)
2498 3112 2603 3167 Sed
2654 3113 2775 3165 haec
2816 3111 3169 3181 expressiora
3213 3114 3269 3163 et
3313 3110 3577 3181 planiora

224 3218 340 3271 quas
377 3205 441 3257 ad
473 3180 577 3259 vos
620 3180 927 3267 transmisi,
960 3205 1017 3258 in
1063 3205 1267 3275 quibus
1309 3223 1413 3260 nec
1452 3207 1603 3261 clero
1646 3180 1904 3261 consi-C
1932 3209 2070 3263 fient
2112 3226 2176 3261 ex
2217 3208 2302 3262 his
2341 3224 2467 3279 quae
2511 3207 2581 3260 de
2625 3205 2970 3276 epistolis8,
3012 3208 3065 3272 7,
3109 3207 3161 3269 6,
3204 3206 3289 3273 36,
3336 3204 3575 3258 dicenda

220 3294 357 3363 lium,
388 3315 486 3352 nec
530 3299 947 3353 eonfessoribus
994 3300 1331 3366 exhortatio,
1364 3317 1468 3354 nec
1510 3301 1829 3355 extorribus

222 3391 417 3457 quando
447 3393 722 3461 oportuit,
756 3393 1099 3463 objurgatio,
1127 3410 1229 3447 nec
1256 3394 1539 3449 universae
1571 3395 1832 3449 fraterni-

222 3483 303 3537 tati
337 3486 395 3538 ad
443 3486 871 3557 deprecandam
917 3488 1015 3540 Dei
1063 3488 1516 3542 misericordiam
1563 3489 1830 3543 allocutio

224 3581 268 3629 et
316 3581 593 3647 persuasio
650 3588 844 3633 nostra
898 3579 1112 3645 defuit,
1170 3585 1449 3651 quantum
1516 3582 1830 3637 secundum

223 3668 379 3739 legem
423 3674 556 3727 fidei
603 3679 661 3727 et
709 3674 977 3728 timorem
1025 3674 1122 3728 Dei
1178 3675 1414 3729 Domino
1463 3682 1829 3746 suggerente,

225 3770 388 3817 nostra
427 3767 797 3821 rnediocritas
842 3768 1029 3837 potuit
1068 3767 1229 3821 eniti.
1276 3770 1648 3840 Posteaquam
1695 3786 1830 3823 vero

222 3863 266 3911 et
289 3863 552 3914 tormenta
582 3865 888 3929 venerunt,
917 3861 1034 3916 sive
1058 3863 1181 3931 jam
1214 3863 1372 3917 tortis
1402 3864 1670 3918 fratribus
1702 3880 1829 3917 nos-

222 3952 323 4015 tris,
349 3955 457 4007 sive
493 3956 683 4008 adhuc
723 3960 784 4008 ut
818 3961 1227 4026 torquerentur
1258 3956 1506 4023 inclusis,
1536 3957 1609 4011 ad
1635 3973 1829 4012 corro—

223 4042 478 4101 borandos
522 4055 578 4102 et
622 4048 1019 4104 confortandos
1060 4067 1155 4104 eos
1197 4056 1391 4105 noster
1431 4068 1617 4105 sermo
1658 4068 1828 4122 pene-

224 4140 384 4194 travit.
414 4144 576 4196 ltem.
625 4183 637 4196 .
689 4184 701 4196 .
747 4180 760 4194 .
809 4184 820 4195 .
859 4144 1072 4197 litteras
1102 4145 1210 4198 feci
1236 4145 1441 4214 quibus
1472 4150 1751 4216 martyres
1778 4151 1835 4201 et

223 4234 543 4290 confessores
571 4236 805 4290 consilio
834 4254 965 4291 meo
987 4243 1268 4308 quantum
1295 4255 1518 4309 possem
1549 4240 1618 4293 ad
1651 4240 1832 4293 Domi-

223 4327 328 4380 nica
352 4336 636 4400 praecepta
664 4347 1006 4385 revocarem.
1032 4333 1173 4385 Item
1202 4332 1546 4403 presbyteris
1575 4340 1629 4385 et
1656 4334 1834 4387 diaco-

223 4419 293 4473 nis
318 4439 422 4476 non
454 4424 638 4477 defuit
665 4424 960 4478 sacerdotii
985 4425 1159 4495 vigor.
1208 4467 1217 4477 .
1267 4467 1279 4479 .
1327 4468 1338 4479 .
1383 4466 1395 4479 .
1428 4426 1578 4480 Plebi
1608 4443 1832 4497 quoque

224 4512 328 4580 ipsi,
356 4522 630 4586 quantum
664 4518 972 4586 potuimus,
998 4519 1258 4573 animum
1288 4520 1726 4589 composuimus.
1768 4562 1780 4574 .
1809 4537 1821 4574 ε

222 4605 279 4659 de
306 4608 403 4663 hoc
428 4612 604 4665 etiam
635 4611 721 4664 bis
748 4612 822 4665 ad
851 4612 1071 4665 elerum
1096 4614 1317 4667 litteras
1345 4614 1473 4681 feci,
1508 4619 1614 4667 etc.
1646 4634 1673 4663 ››
1707 4616 1830 4667 Per-

220 4705 388 4771 magni
417 4708 503 4757 est
530 4705 809 4758 momenti
838 4704 1113 4759 tredecim
1141 4706 1266 4759 illas
1296 4706 1511 4760 litteras
1538 4723 1829 4762 secernere

220 4792 343 4849 inter
368 4799 753 4868 Cyprianicas,
785 4815 849 4852 ac
880 4805 1069 4853 utrum
1100 4816 1301 4854 omnes
1328 4804 1572 4869 exstent,
1595 4819 1666 4854 an
1695 4818 1832 4856 non-

221 4890 367 4943 nullae
409 4892 692 4960 perierint
733 4892 1093 4963 investigare.
1136 4894 1357 4947 Nullam
1403 4911 1636 4965 prorsus
1679 4894 1827 4948 desi-

218 4978 376 5037 derari
418 4986 638 5054 patitur
686 4987 1052 5052 Pearsonius;
1104 4988 1228 5054 sed,
1284 4993 1491 5058 praeter
1535 4989 1831 5059 epistolam

218 5076 447 5141 quintam
477 5080 549 5132 ad
584 5080 820 5145 clerum,
852 5097 1066 5134 nonam
1096 5082 1164 5135 ad
1194 5082 1547 5137 confessores
1578 5086 1635 5135 et
1667 5083 1833 5153 quin-

219 5182 306 5236 que
340 5172 473 5225 alias
514 5174 582 5227 de
620 5176 830 5242 Lapsis,
863 5190 1071 5244 nempe
1103 5178 1186 5241 10,
1223 5180 1306 5241 11,
1341 5179 1424 5241 12,
1462 5179 1544 5242 13,
1579 5178 1662 5243 14,
1700 5194 1829 5247 qua).

220 5263 377 5315 verbis
408 5266 677 5336 Cypriani
712 5267 884 5322 modo
911 5268 1111 5343 lcitatis
1151 5274 1411 5323 accurate
1457 5271 1827 5340 respondent,

220 5354 455 5422 epistolas
496 5362 587 5428 81,
630 5363 716 5427 37,
759 5364 845 5427 36,
890 5365 942 5427 8,
988 5366 1042 5426 7,
1089 5365 1139 5428 6,
1189 5362 1337 5417 inter
1391 5363 1659 5417 tredecim
1705 5364 1829 5418 illas

222 5460 454 5505 numerat
479 5470 609 5523 quae
638 5441 882 5509 Romam
916 5455 1104 5509 missae
1132 5456 1385 5511 fuerunt.
1421 5460 1632 5513 Contra
1663 5458 1826 5512 Tille-

222 5544 439 5597 rnontius
489 5553 733 5616 quatuor
777 5548 1043 5618 epistolas
1097 5566 1163 5603 ex
1215 5549 1324 5603 illis
1381 5550 1649 5605 tredecim
1703 5568 1828 5622 quae

223 5633 428 5691 Romam
473 5642 659 5695 missae
700 5644 853 5708 sunt,
888 5644 1122 5712 periisse
1156 5646 1484 5711 contendit;
1516 5662 1579 5699 ac
1617 5646 1824 5715 episto-

224 5725 286 5779 las
319 5734 367 5797 8,
410 5738 459 5799 7,
500 5737 552 5800 6,
593 5738 677 5804 36,
729 5735 907 5790 serius
951 5738 1187 5807 scriptas
1232 5754 1351 5791 esse
1399 5743 1577 5808 putat,
1622 5756 1827 5810 nempe

222 5820 310 5876 hoc
337 5841 482 5881 anno
521 5830 620 5884 250
661 5833 925 5885 exeunte.
956 5830 1224 5895 Quamvis
1255 5832 1493 5887 molesta
1533 5833 1604 5887 sit
1636 5833 1823 5888 homi-

1809 4550 1908 4620 'D

1930 3308 2061 3355 sunt
2090 3318 2102 3355 :
2135 3319 2263 3355 nam
2295 3302 2363 3355 de
2396 3300 2679 3355 tricesima
2723 3299 2962 3369 septima
3004 3298 3061 3351 in
3101 3299 3281 3368 capite
3316 3297 3576 3369 sequenti

1932 3411 2191 3465 agemus,
2221 3396 2289 3449 de
2324 3394 2677 3465 octogesima
2712 3394 2901 3463 prima
2940 3408 3070 3445 cum
3110 3393 3181 3446 ad
3226 3391 3573 3463 persecutio-

1931 3505 2067 3542 nem
2102 3489 2244 3545 Galli
2277 3492 2333 3541 et
2359 3487 2650 3542 Volusiani
2679 3486 3020 3540 venerimus.

2005 3582 2250 3635 Dubium
2277 3598 2396 3635 esse
2428 3598 2539 3634 11011
2564 3584 2749 3651 potest
2774 3578 2910 3649 quin
2942 3579 3026 3631 has
3049 3581 3296 3649 quatuor
3320 3578 3575 3649 epistolas

1933 3675 2155 3745 scriptae
2184 3675 2421 3741 fuerint,
2458 3680 2522 3728 ut
2559 3673 2819 3727 observat
2843 3671 3259 3734 Tillemontius,
3289 3688 3417 3725 cum
3446 3689 3574 3743 spes

1932 3769 2446 3839 appropinquantis
2506 3768 2660 3838 pacis
2721 3766 3064 3837 Cyprianum
3125 3770 3454 3819 recreasset.
3512 3768 3574 3820 In

1932 3862 2172 3931 septima
2202 3862 2461 3915 hortatur
2483 3861 2832 3915 confessores
2862 3862 2922 3912 ut
2950 3860 3130 3929 magis
3160 3875 3221 3912 ac
3246 3859 3426 3929 magis
3448 3875 3573 3930 pro-

1934 3954 2124 4008 ﬁciant
2164 3954 2222 4007 in
2265 3955 2535 4020 Domino;
2568 3976 2594 4003 ‹‹
2625 3956 2687 4006 ut
2722 3969 2851 4007 eum
2899 3968 2999 4023 pro
3044 3969 3142 4005 sua
3190 3952 3575 4007 misericordia

1932 4064 2126 4118 pacem
2179 4048 2395 4115 fecerit,
2450 4064 2621 4118 quam
2672 4064 2731 4100 se
2784 4047 3070 4100 facturum
3126 4046 3491 4117 repromittit,
3542 4067 3569 4095 »

1934 4142 2065 4196 novi
2108 4146 2165 4195 et
2202 4158 2344 4212 pene
2391 4141 2591 4195 mutati
2636 4141 2705 4194 ad
2746 4140 3050 4194 Ecclesiam
3094 4142 3474 4194 revertantur.
3511 4142 3573 4194 In

1932 4241 2121 4290 octava
2142 4236 2417 4289 audivisse
2440 4252 2497 4289 se
2521 4238 2713 4288 narrat
2736 4234 2792 4287 in
2818 4234 3032 4288 visione
3057 4234 3326 4287 divinitus
3347 4233 3531 4287 oblata
3556 4250 3569 4288 :

1935 4351 1962 4378 ‹‹
1996 4329 2088 4384 Dic
2120 4330 2199 4383 illi
2232 4346 2462 4384 securus
2483 4330 2573 4395 sit,
2601 4326 2728 4400 98
2756 4327 2891 4399 quia
2921 4344 3033 4398 pax
3063 4334 3293 4383 ventura
3325 4333 3441 4395 est;
3473 4329 3574 4383 sed

1935 4424 2086 4494 quod
2129 4424 2361 4477 interim
2408 4422 2631 4477 morula
2678 4426 2780 4491 est,
2830 4429 3131 4493 supersunt
3174 4422 3357 4476 adhuc
3398 4422 3571 4492 aliqui

1935 4518 2033 4587 qui
2071 4517 2399 4587 probentur.
2439 4538 2464 4565 ››
2498 4520 2558 4572 111
2599 4523 2759 4570 sexta
2794 4522 2986 4570 autem
3019 4518 3076 4568 et
3104 4515 3384 4569 tricesima
3413 4522 3573 4569 sexta

1932 4612 2035 4664 hac
2067 4627 2182 4665 una
2202 4627 2262 4665 re
2291 4610 2539 4664 reditum
2570 4626 2736 4663 suum
2760 4608 3115 4680 interpellari
3139 4611 3395 4674 testatur,
3420 4608 3573 4679 quod

1931 4709 2150 4758 metuat
2192 4720 2263 4758 ne
2305 4708 2498 4757 auctor
2544 4704 2615 4757 sit
2658 4703 2991 4772 rumpendas
3036 4703 3206 4772 pacis.
3249 4702 3354 4755 Sed
3399 4703 3569 4754 Pear-

1931 4799 2142 4864 sonius,
2173 4804 2235 4852 ut
2267 4815 2323 4851 se
2365 4799 2472 4851 1100
2514 4797 2843 4850 difficultate
2887 4796 3158 4864 exsolvat,
3190 4795 3568 4848 comminisci-

1930 4898 2025 4947 tur
2063 4909 2074 4946 :
2118 4913 2145 4940 ‹‹
2179 4892 2602 4955 Proeonsulem,
2634 4891 2786 4942 circa
2832 4890 2935 4942 hoc
2966 4893 3211 4958 tempus,
3254 4893 3572 4958 martyrum

1932 4987 2211 5057 sanguine
2259 4985 2554 5052 satiatum,
2596 4984 3001 5055 Carthaginem
3044 4983 3364 5054 reliquisse,
3410 4986 3470 5036 et
3505 4982 3574 5036 ab

1932 5081 2040 5135 hoc
2082 5080 2231 5133 illius
2274 5078 2519 5133 discessu
2558 5077 3012 5148 persecutionem
3056 5077 3238 5130 multo
3282 5077 3473 5130 mitius
3515 5076 3575 5130 in

1933 5174 2050 5228 dies
2096 5191 2195 5245 per
2240 5172 2613 5244 magistratus
2642 5170 2986 5241 Carthagine
3020 5171 3328 5226 exercitam
3370 5171 3571 5236 fuisse;

1933 5285 2065 5321 nam
2114 5271 2240 5337 post
2281 5268 2399 5321 haec
2450 5275 2711 5337 tempora
2762 5269 2823 5318 ut
2870 5265 2939 5317 de
2988 5264 3347 5335 proconsule,
3393 5264 3464 5317 ita
3508 5264 3576 5317 de

1931 5362 2231 5416 tormentis
2260 5368 2359 5416 aut
2389 5361 2689 5415 vexatione
2726 5360 2783 5413 in
2827 5375 3053 5412 carcere
3082 5358 3301 5412 nullam
3334 5358 3577 5412 mentio-

1933 5473 2065 5509 nem
2112 5456 2257 5509 ﬁeri.
2309 5477 2334 5506 ››
2382 5456 2485 5509 Sed
2540 5454 2857 5508 notandum
2914 5456 2967 5505 l°
3022 5454 3080 5505 in
3130 5452 3386 5522 epistolis
3439 5468 3577 5522 quas

1932 5551 2171 5603 Romam
2218 5550 2421 5603 missas
2464 5548 2637 5603 fuisse
2677 5550 2914 5614 constat,
2947 5562 3201 5617 quasque
3242 5545 3579 5600 Pearsonius

1929 5650 2055 5714 post
2101 5643 2224 5697 illas
2272 5646 2521 5713 quatuor
2565 5643 2820 5707 collocat,
2866 5639 3095 5693 nullum
3140 5640 3374 5693 omnino
3419 5638 3576 5707 pacis

1928 5737 2433 5809 appropinquantis
2479 5742 2701 5791 exstare
2742 5733 3068 5805 vestigium.
3116 5754 3143 5780 ι(
3185 5734 3347 5787 Acies
3391 5731 3577 5785 adhuc

1929 5833 2164 5905 geritur,
2199 5854 2226 5883 ››
2268 5832 2451 5904 inquit
2494 5829 2805 5901 Cyprianus
2846 5828 2904 5882 in
2946 5826 3111 5898 epist.
3158 5827 3241 5894 14,
3277 5846 3305 5876 ‹‹
3337 5828 3394 5879 et
3422 5839 3575 5896 agon
