4084 6208
429 288 497 346 99
1792 272 1946 333 Vl'l‘A
1985 277 2040 332 S.
2080 269 2415 336 CYPRIANI.

3689 271 3788 329 100

426 413 681 488 quotidie
725 411 1062 467 celebratur.
1113 429 1140 460 ι)
1189 411 1253 464 In
1298 407 1460 480 epist.
1506 410 1594 474 25,
1636 407 1710 461 ad
1753 408 1969 475 Moysen
2010 411 2060 459 et
2082 413 2353 491 Aautem
2385 408 2664 463 Pearsonii
2688 406 2959 479 opinione
2985 420 3216 460 summa
3245 401 3457 458 ordinis
3483 401 3788 473 perturba-

428 510 563 564 alios
602 508 920 574 confessores
956 507 1243 566 Romanos,
1275 517 1445 573 quam
1482 499 1820 555 Pearsonius
1861 515 2056 554 mense

428 604 668 672 augusto
710 601 943 654 ineunte
983 597 1250 667 scriptam
1280 599 1463 667 putat,
1495 594 1572 659 sic
1609 592 1819 663 legitur
1847 592 1906 645 in
1937 591 2054 646 edi-

430 695 586 749 tione
637 691 940 747 Oxoniensi
987 708 1000 744 :
1056 710 1084 740 α
1133 688 1428 758 Contingit
1481 687 1571 741 hic
1616 702 1720 756 per
1770 687 2060 739 tormenta

429 786 702 857 martyris
746 783 1037 840 celebrari.
1081 804 1110 834 »
1153 785 1212 836 In
1251 781 1497 852 Epistola
1539 779 1768 834 Luciani
1804 778 1879 833 ad
1910 778 2057 834 Cele-

417 884 630 945 rinum,
681 895 808 950 quae
856 877 1064 948 scripta
1111 882 1194 931 est
1239 879 1364 946 post
1414 888 1667 928 mensem
1715 873 1950 939 maium,
1996 888 2059 925 ac

431 976 623 1027 aestate
656 973 777 1043 jam
815 971 1060 1040 incepta,
1093 968 1341 1040 perspici
1378 970 1562 1038 potest
1602 965 1737 1036 quid
1778 968 2059 1036 martyres

431 1072 563 1120 ante
597 1081 808 1137 paucos
848 1063 968 1118 dies
1009 1062 1157 1133 passi
1197 1061 1433 1116 fuissent
1464 1080 1492 1108 ‹‹
1521 1075 1651 1114 cum
1688 1060 1838 1113 fame
1870 1061 1926 1113 et
1949 1058 2057 1126 siti,

429 1160 523 1214 sed
569 1164 625 1213 et
672 1158 817 1228 ignis
856 1173 1059 1227 vapore
1105 1176 1132 1205 »
1183 1155 1589 1209 cruciarentur.
1631 1157 1704 1207 Ac
1747 1151 2061 1222 generatim

431 1253 490 1308 in
534 1252 798 1307 omnibus
828 1250 936 1304 illis
964 1249 1216 1320 epistolis
1254 1264 1380 1319 quas
1411 1247 1481 1301 de
1521 1245 1689 1316 lapsis
1730 1247 2058 1315 loquuntur,

430 1347 591 1400 nulla
642 1345 797 1416 pacis
846 1343 1066 1397 mentio
1115 1358 1228 1396 non
1276 1340 1448 1394 modo
1485 1340 1604 1409 jam
1653 1355 1954 1404 concessae,
2002 1344 2064 1392 ut

430 1440 651 1494 videtur
680 1436 1000 1501 Pearsouio,
1031 1435 1130 1489 sed
1164 1451 1236 1488 ne
1264 1432 1776 1504 apprOpinquantis
1807 1431 2059 1502 quidem.

433 1536 749 1602 Lapsorum
770 1545 998 1583 causam
1021 1529 1080 1582 in
1102 1527 1346 1582 reditum
1368 1543 1534 1580 suum
1555 1527 1837 1594 integram
1858 1525 2063 1578 servari

424 1626 592 1696 jubet
627 1623 962 1694 Cyprianus,
995 1639 1058 1676 ac
1090 1637 1318 1676 necesse
1347 1636 1467 1674 esse
1495 1619 1692 1674 statuit
1724 1624 1783 1674 ut
1818 1618 2064 1672 Ecclesia

430 1735 634 1790 pacem
679 1717 924 1787 accipiat
957 1732 990 1770 a
1034 1715 1273 1769 Domino
1315 1718 1625 1784 antequam
1662 1712 1827 1783 lapsis
1867 1728 2064 1782 pacem

430 1810 724 1867 concedat.
759 1812 830 1864 At
873 1825 1157 1880 nusquam
1198 1808 1409 1862 indicat
1449 1823 1508 1862 se
1548 1806 1617 1860 de
1657 1806 2065 1877 persecutionis

429 1905 543 1959 ﬁne
588 1904 855 1958 divinitus
898 1901 1246 1972 cognovisse,
1284 1900 1538 1971 quamvis
1583 1916 1648 1954 ea
1685 1915 1776 1954 res
1814 1898 2065 1953 maxima

429 1998 684 2069 apposita
712 1997 908 2051 fuisset
936 1995 1008 2050 ad
1041 1994 1352 2066 placandos
1383 1994 1668 2064 lapsorum
1697 1993 1940 2058 animos,
1969 1991 2064 2063 qui

431 2109 490 2147 se
511 2093 569 2145 in
599 2092 835 2161 longum
857 2093 1081 2159 tempus
1104 2088 1323 2142 differri
1348 2089 1582 2142 moleste
1609 2087 1882 2140 ferebant.
1906 2089 1966 2140 2°
1989 2087 2063 2138 Ex

433 2185 667 2257 epistola
708 2186 738 2238 8
776 2183 1119 2254 perspicitur
1158 2182 1609 2253 persecutionem
1651 2180 1748 2234 diu
1781 2178 2059 2234 szeviisse:

435 2300 462 2327 «
505 2278 665 2342 Quod
708 2278 752 2330 si
795 2277 905 2331 duo
947 2275 1244 2330 unanimes
1289 2278 1516 2328 tantum
1556 2276 1814 2345 possunt,
1857 2273 2061 2344 inquit,

433 2371 570 2442 quid
603 2371 647 2425 si
678 2369 1025 2425 unanimitas
1055 2369 1210 2439 apud
1242 2384 1441 2423 omnes
1481 2368 1662 2422 esset?
1687 2367 1849 2431 Quod
1877 2367 1942 2432 si,
1974 2383 2064 2420 se-

435 2464 685 2518 cundum
730 2479 929 2534 pacem
969 2460 1095 2534 99
1141 2478 1315 2531 quam
1357 2460 1523 2515 nobis
1569 2460 1843 2515 Dominus
1889 2459 2063 2529 dedit,

436 2558 713 2612 universis
740 2556 1012 2610 fratribus
1038 2555 1382 2622 conveniret,
1399 2550 1752 2626 jampridem
1781 2553 1851 2608 de
1877 2553 2068 2608 divina

437 2650 816 2706 misericordia
851 2650 1316 2720 impetrassemus
1346 2648 1497 2719 quod
1530 2648 1774 2717 petimus
1804 2663 1906 2701 nec
1935 2651 2064 2701 tan~

434 2746 532 2800 diu
559 2745 617 2799 in
642 2745 752 2799 hoc
779 2743 972 2797 salutis
997 2748 1052 2797 et
1081 2743 1211 2796 fidei
1247 2747 1450 2796 nostras
1478 2742 1726 2811 periculo
1761 2740 2064 2795 ﬂuctuare-

436 2855 581 2894 mus.
617 2860 644 2888 »
677 2839 799 2892 Non
832 2837 1018 2908 potuit
1048 2852 1187 2906 ergo
1228 2835 1346 2889 haec
1385 2834 1628 2905 epistola
1667 2834 1836 2889 scribi
1871 2850 2067 2889 mense

435 2932 595 3004 aprili
636 2931 771 2985 anni
810 2934 933 2986 250.
979 2932 1039 2983 ln
1079 2929 1283 2983 eadem
1322 2928 1558 2998 epistola
1600 2929 1723 2982 haec
1752 2928 2063 2999 leguntur:

437 3047 465 3077 ‹‹
495 3025 745 3096 Denique
786 3024 853 3078 ad
894 3023 1202 3078 minimum
1240 3023 1522 3077 famulum
1567 3038 1734 3076 suum
1774 3024 1831 3076 et
1871 3022 1927 3074 in
1970 3021 2066 3076 de-

435 3119 581 3174 lictis
608 3119 742 3174 licet
768 3118 1080 3189 plurimum
1105 3117 1499 3183 constitutum,
1519 3121 1574 3170 et
1594 3115 1920 3187 dignatione
1947 3116 2067 3185 ejus
2088 3153 2142 3227 Ο

435 3213 760 3284 indignum,
805 3215 996 3266 tamen
1044 3211 1137 3264 ille
1182 3226 1286 3280 pro
1338 3226 1432 3263 sua
1460 3211 1624 3283 lcirca
1665 3226 1768 3263 nos
1817 3209 2066 3263 bonitate

437 3291 713 3361 mandare
750 3305 1015 3375 dignatus
1045 3309 1130 3358 est
1162 3320 1174 3357 :
1213 3303 1305 3357 Dic
1337 3303 1436 3370 illi,
1469 3303 1676 3374 inquit,
1707 3318 1941 3357 securus
1975 3302 2062 3369 sit,

439 3400 574 3470 quia
598 3416 704 3469 pax
732 3404 973 3452 ventura
1002 3400 1084 3450 est
1110 3396 1244 3451 :sed
1275 3397 1429 3468 quod
1458 3396 1686 3451 interim
1719 3397 1936 3450 morula
1963 3402 2065 3461 est,

437 3495 746 3564 supersunt
766 3491 952 3544 adhuc
974 3490 1150 3560 aliqui
1171 3491 1266 3560 qui
1289 3491 1617 3561 probentur.
1635 3512 1662 3538 ››
1681 3491 1734 3545 Si
1757 3491 1878 3544 Ι]ωο
1900 3490 2070 3560 scrip-

435 3588 507 3640 sit
531 3585 843 3658 Cyprianus
871 3600 1068 3638 meuse
1103 3585 1267 3655 aprili
1295 3600 1448 3639 anno
1476 3587 1600 3652 250,
1635 3601 1735 3638 cur
1760 3584 1946 3638 adhuc
1974 3600 2069 3637 an-

434 3697 574 3735 num
609 3681 666 3733 in
694 3695 914 3734 secessu
942 3679 1107 3732 latuit
1133 3679 1205 3732 ob
1233 3677 1724 3749 persecutionem?
1746 3694 1846 3732 cur
1872 3677 1930 3730 in
1959 3677 2069 3747 epi-

436 3775 575 3829 stola
601 3777 688 3841 33,
712 3789 886 3844 quam
915 3789 1067 3827 anno
1096 3775 1199 3826 250
1226 3778 1465 3827 exeunte
1495 3771 1760 3842 scriptam
1792 3788 1913 3825 esse
1942 3788 2069 3825 con-

436 3872 567 3935 stat,
607 3867 900 3923 Aurelium
945 3867 1022 3921 ait
1065 3866 1409 3937 suspicatum
1453 3881 1575 3919 esse
1616 3885 1644 3915 «
1687 3881 1884 3936 pacem
1929 3865 2069 3918 dum

435 3962 657 4016 dedicat
683 3961 1030 4015 lectionem?
1053 3980 1080 4010 »
1105 3964 1165 4014 3°
1189 3960 1435 4031 Epistola
1463 3963 1497 4014 8
1522 3958 1790 4029 inscripta
1817 3964 1900 4013 est
1919 3974 2070 4028 pres-

437 4057 637 4126 byteris
667 4061 718 4109 et
746 4056 1007 4121 diaconis,
1039 4069 1282 4124 eamque
1308 4057 1361 4109 S.
1395 4054 1742 4124 Augustinus
1773 4052 1889 4120 (lib.
1924 4069 1977 4106 1v
2005 4054 2070 4108 de

435 4153 620 4220 Bupt”
643 4166 692 4203 c.
715 4150 792 4217 2),
815 4148 887 4202 ad
915 4149 1126 4202 clerum
1150 4148 1418 4218 scriptam
1440 4148 1614 4201 fuisse
1645 4151 1906 4202 testatur.
1927 4147 2069 4201 Eam

434 4248 633 4298 tamen
677 4241 1010 4297 Pearsonius
1059 4241 1407 4312 respondere
1457 4246 1621 4312 putat
1668 4241 1756 4294 his
1803 4239 2069 4311 Cypriani

434 4338 652 4393 verbis:
683 4356 710 4388 ‹‹
736 4337 844 4390 Nec
873 4335 1151 4390 universae
1179 4335 1523 4390 fraternitati
1549 4335 1619 4389 ad
1649 4334 2068 4404 deprecandam

440 4431 537 4485 Dei
591 4429 1043 4484 misericordiam
1096 4429 1367 4483 allocutio
1417 4431 1472 4484 et
1523 4428 1817 4499 persuasio
1872 4430 2070 4482 nostra

2159 502 2238 556 tio
2268 502 2497 557 inducta
2526 505 2612 556 est
2651 502 2708 555 in
2741 500 3006 573 epistolas
3043 497 3328 570 Cypriani.
3361 498 3425 567 In
3465 496 3705 567 epistola
3733 500 3788 560 7,

2159 595 2419 648 editionis
2460 594 2810 661 Oxonieusis,
2851 611 2982 666 quin
3020 596 3105 648 est
3143 595 3210 648 36
3253 591 3408 662 apud
3450 589 3789 656 Pamelium,

2160 689 2361 743 metuit
2397 690 2708 761 Cyprianus
2747 705 2839 754 ne,
2870 688 2916 742 si
2956 687 3175 753 redeat,
3213 705 3241 735 «
3284 690 3480 739 auctor
3519 685 3590 738 sit
3630 699 3791 737 rum-

2159 783 2357 853 pendas
2396 783 2578 854 pacis;
2612 804 2638 831 »
2683 783 2739 836 in
2781 782 3016 853 epistola
3056 783 3252 835 autem
3293 783 3347 832 ll
3402 778 3541 832 edit.
3582 779 3792 842 Oxon.,

2159 893 2287 947 quae
2318 882 2401 931 est
2427 878 2458 931 8
2484 879 2662 944 Pam.,
2695 880 2983 931 tormenta
3015 873 3435 929 confessoribus
3471 887 3669 926 recens
3699 871 3786 924 in-

2160 970 2310 1024 ﬂicta
2348 969 2651 1024 memorari
2691 969 2977 1024 existimat
3015 966 3375 1024 Pearsonius.
3427 967 3488 1019 ln
3533 964 3796 1036 epistolis

2164 1067 2226 1118 l3
2257 1069 2313 1118 et
2337 1065 2399 1117 14
2425 1063 2628 1130 Oxon.,
2650 1079 2777 1134 qua:
2799 1067 2930 1116 sunt
2949 1067 2980 1115 7
3011 1068 3066 1116 et
3093 1064 3123 1115 6
3152 1063 3338 1126 Pam.,
3364 1064 3640 1129 martyres
3665 1058 3793 1128 jam

2162 1174 2192 1210 e
2223 1173 2444 1212 carcere
2483 1157 2698 1211 solutos
2740 1173 2859 1210 esse
2903 1154 3263 1226 perspicitur.
3302 1154 3376 1206 At
3416 1153 3474 1206 in
3520 1152 3687 1222 epist.
3733 1155 3796 1204 l5

2163 1251 2362 1319 Oxon.,
2399 1254 2452 1304 ll
2490 1252 2669 1318 Pam.,
2696 1249 2880 1304 adhuc
2909 1247 3108 1303 inclusi
3135 1262 3358 1302 carcere
3392 1250 3688 1300 tenentur.

2161 1368 2220 1421 Χ.
2252 1397 2319 1407 —-
2349 1367 2490 1423 Ordo
2518 1367 2869 1436 epistolarum
2895 1365 3163 1434 Cypriani
3187 1369 3310 1417 ante
3339 1363 3597 1416 decimam
3627 1363 3793 1430 quin-

2239 1453 2350 1500 tam
2387 1447 2462 1500 ad
2497 1448 2758 1500 Romanos
2792 1447 3082 1515 scriptam;
3113 1460 3174 1497 ac
3207 1445 3385 1513 primo
3421 1443 3486 1495 de
3515 1443 3711 1510 quinta
3748 1445 3799 1492 et

2233 1542 2400 1580 nona.
2455 1555 2523 1565 ——
2576 1525 2876 1592 Referenda
2939 1525 3011 1577 ad
3058 1524 3215 1577 aliud
3269 1528 3473 1592 tempus
3529 1523 3800 1575 tricesima

2243 1608 2494 1676 septima.

2235 1716 2549 1772 Eliminatis
2599 1715 2706 1770 illis
2755 1715 3003 1786 epistolis
3052 1730 3116 1769 ex
3168 1715 3288 1768 loco
3340 1728 3456 1766 non
3511 1727 3632 1778 suo,
3671 1711 3796 1780 jam

2166 1811 2402 1866 solutior
2444 1809 2552 1865 erit
2600 1812 2658 1864 et
2699 1808 3034 1880 explicatior
3076 1811 3417 1862 ceterarum
3467 1806 3629 1872 ordo,
3675 1807 3802 1858 tum

2167 1905 2392 1960 illarum
2420 1920 2546 1975 quae
2575 1905 2814 1958 Romam
2845 1903 3030 1956 missae
3060 1902 3311 1967 fuerunt,
3347 1906 3470 1954 tum
3501 1915 3640 1968 quas
3667 1915 3798 1968 pos-

2165 2003 2260 2053 tea
2309 1998 2626 2069 Cyprianus
2679 1997 3109 2067 ingravescente
3169 1996 3456 2065 lapsorum
3511 1992 3798 2057 tumultu,

2165 2098 2287 2146 tum
2332 2108 2494 2163 quas,
2524 2107 2621 2162 spe
2647 2091 2805 2162 pacis
2835 2089 3026 2144 divino
3055 2089 3273 2143 monitu
3305 2093 3549 2153 ostensa,
3581 2085 3804 2154 scripsit

2167 2186 2270 2240 hoc
2309 2201 2458 2239 anno
2499 2187 2605 2239 250
2646 2189 2907 2238 exeunte.
2944 2183 3131 2236 Prima
3171 2181 3432 2235 omnium
3473 2180 3530 2234 in
3581 2193 3802 2233 secessu

2168 2279 2506 2350 scriptarum
2549 2279 2910 2332 existimatur
2941 2293 3005 2330 ea
3045 2292 3172 2346 quae
3203 2274 3354 2345 apud
3386 2272 3700 2328 Pamelium
3745 2273 3804 2324 et

2169 2374 2227 2426 in
2264 2373 2515 2426 editione
2548 2371 2850 2426 Oxoniensi
2886 2371 3151 2441 quintum
3182 2369 3368 2423 locum
3410 2366 3662 2422 sortitur.
3694 2367 3800 2420 Re-

2169 2467 2405 2537 spondet
2449 2466 2603 2519 enim
2654 2465 2739 2518 his
2779 2462 2969 2536 100
3015 2463 3197 2517 verbis
3242 2461 3407 2533 epist.
3453 2464 3513 2514 15
3561 2477 3572 2512 :
3621 2479 3649 2508 ‹‹
3690 2460 3806 2512 Nec

2167 2561 2317 2614 clero
2365 2559 2658 2613 consilium
2707 2559 2906 2612 defuit.
2952 2577 2980 2605 η
3028 2558 3350 2626 Pauperum
3399 2569 3594 2607 curam
3648 2553 3804 2606 clero

2169 2653 2556 2720 commendat,
2588 2669 2652 2706 ac
2682 2651 2827 2722 petit
2855 2670 2882 2703 «
2910 2650 3052 2704 nihil
3078 2649 3184 2702 illis
3216 2648 3380 2715 desit,
3411 2663 3541 2702 cum
3576 2661 3810 2700 summa

2168 2748 2351 2802 omnis
2382 2763 2508 2817 quae
2537 2746 2767 2800 redacta
2795 2751 2896 2811 est,
2931 2744 3042 2799 illic
3069 2743 3142 2797 sit
3168 2742 3322 2814 apud
3353 2741 3587 2796 clericos
3619 2739 3810 2794 distri-

2167 2842 2306 2896 buta
2349 2845 2583 2912 propter
2631 2838 2908 2909 ejusmodi
2953 2854 3131 2904 casus,
3182 2842 3242 2890 ut
3286 2835 3563 2890 haberent
3610 2833 3808 2904 plures

2168 2935 2320 2989 unde
2348 2934 2420 2988 ad
2450 2933 2813 2988 necessitates
2843 2935 2900 2987 et
2939 2947 3229 3002 pressuras
3266 2930 3626 3000 singulorum
3663 2942 3802 2997 Ope-

2171 3029 2285 3082 rari
2330 3028 2563 3099 possint.
2614 3049 2640 3077 »
2687 3027 2953 3081 Hortatur
2996 3025 3192 3090 etiam,
3241 3031 3296 3078 et
3345 3022 3574 3078 invidia:
3625 3019 3806 3074 decli-

2173 3122 2378 3176 nandze
2428 3137 2615 3186 causa,
2664 3137 2777 3174 non
2828 3119 3187 3190 glomeratim
3234 3133 3340 3171 nec
3386 3133 3489 3188 per
3539 3114 3803 3168 multitu-

2168 3216 2360 3271 dinem
2414 3215 2582 3269 simul
2625 3215 2884 3285 junctam
2936 3213 3288 3266 confessores
3334 3231 3362 3260 »
3408 3210 3683 3275 visantur,
3738 3223 3809 3262 ac

2173 3331 2200 3359 «
2251 3309 2566 3380 presbyteri
2622 3323 2848 3378 quoque
2903 3307 2998 3377 qui
3061 3306 3173 3360 illic
3236 3303 3388 3376 apud
3453 3303 3811 3357 confessores

2170 3403 2436 3470 offerunt,
2485 3402 2695 3472 singuli
2741 3417 2872 3455 cum
2921 3399 3158 3469 singulis
3204 3397 3456 3452 diaconis
3504 3412 3606 3467 per
3653 3395 3809 3449 vices

2169 3498 2470 3552 alternent.
2518 3518 2546 3546 ››
2600 3495 2874 3566 Equidem
2917 3493 3078 3548 facile
3129 3491 3391 3547 dederim
3439 3507 3505 3545 ex
3553 3487 3814 3560 epistolis

2171 3608 2311 3662 quas
2353 3592 2593 3644 Romam
2631 3589 2946 3659 Cyprianus
2979 3586 3132 3640 misit
3166 3584 3454 3657 purgandi
3485 3585 3573 3639 sui
3611 3599 3808 3650 causa,

2167 3685 2382 3738 nullam
2411 3683 2578 3738 hodie
2607 3689 2826 3737 exstare
2857 3697 2984 3752 quae
3014 3681 3146 3734 huic
3171 3681 3385 3750 quintae
3415 3676 3806 3749 praeponenda

2168 3780 2257 3832 sit.
2317 3779 2441 3845 Sed,
2493 3777 2645 3848 quod
2700 3775 3033 3830 Pearsonius
3086 3777 3143 3826 et
3202 3774 3382 3828 Fellus
3431 3771 3816 3844 praetendunt

2169 3871 2411 3944 primam
2452 3870 2713 3925 omnium
2757 3886 2821 3923 ac
2861 3870 3052 3922 statim
3093 3871 3261 3938 atque
3305 3866 3535 3920 secessit
3565 3865 3808 3936 Cypria-

2170 3982 2295 4033 nus,
2326 3965 2590 4035 scriptam
2633 3963 2824 4031 fuisse,
2864 3963 2918 4016 id
2961 3961 3099 4016 mihi
3132 3960 3476 4032 persuadere
3514 3975 3629 4013 non
3667 3974 3810 4029 pos-

2169 4076 2316 4114 sum.
2378 4059 2540 4122 Nam,
2602 4073 2728 4111 cum
2797 4056 3130 4127 Cyprianus,
3184 4060 3243 4108 ut
3304 4054 3426 4124 jam
3489 4052 3807 4120 observavi,

2169 4153 2458 4224 sigillatim
2505 4169 2618 4206 non
2659 4150 2920 4221 designet
2944 4148 3224 4204 tredecim
3259 4148 3383 4202 illas
3413 4162 3612 4212 omnes
3651 4146 3809 4200 litte-

2169 4264 2278 4314 ras,
2307 4263 2551 4317 cumque
2584 4245 2777 4316 populi
2818 4241 3284 4314 Carthaginensis
3323 4257 3502 4308 casus,
3543 4240 3639 4311 qui
3669 4259 3697 4290 «
3734 4238 3812 4294 ad

2170 4339 2357 4411 prima
2400 4339 2571 4394 verba
2613 4339 2884 4392 minantis
2925 4337 3137 4391 inimici
3179 4358 3207 4386 »
3249 4334 3423 4389 fidem
3460 4334 3811 4404 ejuraverat,

2170 4435 2482 4489 maximum
2511 4433 2763 4488 dolorem
2793 4431 3070 4503 Cypriane
3101 4430 3401 4492 attulisset,
3438 4428 3522 4482 vix
3567 4427 3811 4482 dubium

437 4524 693 4580 defuit.»
737 4523 952 4578 Deinde
991 4539 1122 4577 vero
1161 4522 1397 4593 epistola
1438 4525 1700 4577 universae
1725 4523 2148 4600 fraternitatiD
2173 4532 2259 4582 est
2298 4529 2438 4599 quin
2482 4529 2702 4582 clerum
2742 4542 2910 4581 suum
2956 4527 3014 4579 in
3053 4526 3207 4579 tanta
3237 4539 3432 4578 rerum
3475 4521 3813 4576 difficultate

436 4619 648 4690 scripta
687 4617 796 4672 fuit
835 4619 968 4671 ante
1009 4619 1313 4684 tormenta,
1358 4619 1422 4669 ut
1461 4618 1614 4686 patet
1655 4633 1720 4669 ex
1761 4615 1926 4684 epist.
1970 4618 2064 4684 l5;

437 4719 495 4768 at
529 4714 650 4783 jam
692 4716 978 4766 tormenta
1007 4709 1219 4764 inﬂicta
1252 4709 1664 4765 confessoribus
1696 4709 1864 4763 fuisse
1897 4712 2068 4764 testa-

433 4814 528 4862 tur
565 4806 882 4878 Cyprianus
923 4805 981 4859 in
1021 4805 1221 4860 eadem
1263 4804 1425 4875 epist.
1467 4808 1520 4858 2.
1565 4803 1718 4859 ldem
1761 4802 2070 4858 dicendum

437 4900 506 4955 de
538 4900 704 4972 epist.
735 4904 788 4964 7,
828 4899 887 4953 in
929 4915 1042 4969 qua
1071 4898 1388 4969 Cyprianus
1423 4897 1777 4952 confessores
1811 4897 2072 4967 pluribus

436 4995 700 5049 hortatur
765 4998 827 5046 ut
887 4992 1256 5047 confessionis
1321 4991 1562 5063 gloriam
1623 4991 1898 5046 laudabili
1963 4991 2071 5046 vita

437 5092 724 5158 tueantur,
775 5103 1084 5157 eorumque
1129 5086 1264 5140 vitia
1308 5103 1421 5141 non
1474 5102 1655 5157 pauca
1704 5085 2073 5157 reprehendit

437 5180 496 5237 in
542 5183 629 5236 his
675 5182 822 5253 quod
873 5181 1136 5235 nonnulli
1182 5186 1434 5235 extorres
1471 5181 1529 5234 in
1578 5180 1825 5251 patriam
1872 5179 2070 5250 injussi

435 5276 754 5331 rediissent.
789 5275 924 5330 Inde
952 5291 1147 5328 ansam
1181 5275 1385 5345 arripit
1422 5275 1753 5329 Pearsonius
1782 5279 1843 5329 ut
1871 5275 2071 5345 probet

435 5370 783 5441 Cyprianum
823 5369 893 5423 de
943 5369 1045 5422 hac
1085 5367 1321 5439 epistola
1363 5374 1392 5422 7
1433 5369 1588 5439 loqui
1629 5385 1758 5423 cum
1799 5369 2067 5440 objurga-

436 5466 654 5519 tionem
701 5463 1023 5518 extorribus
1068 5480 1182 5516 non
1229 5463 1474 5518 defuisse
1520 5463 1674 5517 dicit.
1721 5467 1787 5518 At
1831 5464 1875 5516 si
1923 5463 2070 5518 hanc

434 5557 732 5628 epistolam
775 5560 1281 5612 commemorasset
1311 5557 1627 5628 Cyprianus
1656 5558 1714 5611 in
1753 5558 1958 5613 litteris
1999 5558 2071 5612 ad

433 5653 651 5707 clerum
709 5653 1055 5719 Romanum,
1110 5668 1224 5706 non
1276 5651 1431 5706 illam
1475 5668 1541 5706 ex
1593 5668 1706 5707 uno
1750 5660 1848 5707 aut
1890 5654 2070 5707 altero

430 5747 628 5812 verbo,
676 5747 826 5817 quod
874 5746 1048 5800 veluti
1096 5746 1379 5801 transiens
1423 5746 1583 5816 dixit,
1635 5748 1732 5802 sed
1779 5764 1845 5802 ex
1896 5748 2070 5802 totius

433 5839 683 5914 epistola:
724 5840 961 5895 consilio
1003 5844 1059 5896 et
1098 5841 1390 5912 proposito
1437 5840 1808 5913 designasset.
1845 5843 1923 5897 Ex
1963 5843 2068 5898 hac

2171 4623 2417 4677 consiliis
2453 4623 2568 4677 suis
2603 4621 2936 4688 firmaverit,
2966 4619 3132 4690 eique
3169 4618 3384 4690 aliquas
3423 4617 3640 4671 litteras
3676 4617 3810 4670 ante

2171 4717 2317 4770 hanc
2354 4717 2610 4788 quintam
2653 4715 2972 4786 scripserit;
3011 4719 3107 4768 aut
3152 4713 3353 4766 saltem
3399 4710 3623 4778 litteris,
3669 4726 3814 4781 quas

2172 4811 2341 4881 hujus
2386 4811 2665 4865 molestiae
2715 4812 2958 4879 acceptae
3011 4807 3212 4861 nuntio
3262 4805 3515 4876 primum
3563 4803 3810 4874 scripsit,

2170 4906 2363 4975 aliqua
2424 4905 2569 4959 tanti
2642 4903 2852 4958 doloris
2929 4901 3263 4974 signiﬁcatio
3334 4900 3517 4954 inesse
3586 4897 3810 4952 debuit.

2173 4999 2357 5063 Quare
2420 5015 2533 5053 non
2591 4997 2931 5053 crediderim
2989 4997 3136 5052 hanc
3192 4995 3491 5066 epistolam
3546 4992 3817 5047 omnium

2173 5093 2413 5163 primam
2462 5092 2635 5147 fuisse
2687 5091 2983 5162 scriptam;
3041 5090 3136 5144 sed
3201 5105 3315 5142 non
3375 5087 3612 5143 dubium
3668 5086 3816 5157 quin

2171 5187 2375 5258 scripta
2417 5187 2488 5240 sit
2527 5203 2657 5241 cum
2699 5207 2726 5235 «
2763 5186 2912 5240 circa
2946 5183 3080 5239 cleri
3119 5181 3574 5238 incolumitatem
3617 5180 3819 5234 omnia

2170 5282 2398 5352 integra
2450 5302 2478 5330 »
2538 5283 2758 5346 essent,
2811 5295 2941 5333 cum
2995 5278 3189 5349 aliqua
3245 5277 3431 5331 adhuc
3482 5274 3820 5330 humanitas

2171 5375 2587 5430 confessoribus
2638 5373 3031 5440 exhiberetur,
3088 5388 3154 5428 ac
3202 5370 3448 5443 proinde
3501 5375 3820 5440 antequam

2171 5486 2300 5539 pars
2337 5470 2468 5523 cleri
2509 5467 2818 5524 Ecclesiam
2864 5468 3096 5522 occultis
3141 5465 3535 5521 molitionibus
3583 5467 3816 5534 pertur-

2171 5563 2329 5618 baret
2368 5567 2465 5616 aut
2508 5563 2706 5617 edictis
2735 5561 2884 5616 Decii
2929 5564 3175 5633 pareret,
3207 5560 3321 5614 imo
3353 5563 3486 5615 ante
3529 5563 3822 5614 tormenta

2171 5657 2589 5712 confessoribus
2637 5673 2834 5712 mense
2882 5655 3046 5727 aprili
3089 5655 3322 5718 inﬂicta,
3365 5660 3497 5710 ante
3543 5652 3817 5707 torridio-

2170 5751 2246 5806 ris
2289 5753 2532 5807 carceris
2579 5752 2838 5807 tenebras
2883 5767 3011 5823 quae
3057 5751 3114 5804 in
3163 5750 3404 5821 Epistola
3453 5748 3683 5803 Luciani
3739 5749 3821 5802 ad

2172 5846 2478 5903 Celerinum
2527 5851 2940 5902 memorantur.
2992 5845 3226 5917 Scriptte
3274 5845 3448 5900 etiam
3504 5849 3633 5899 sunt
3676 5845 3818 5899 ante
