4084 6208
252 284 333 334 101
1588 277 1738 334 VlTA
1780 278 1833 331 S.
1877 276 2210 334 CYPRIANI.

3487 288 3585 342 102

248 403 505 457 eumdem
540 417 796 457 mensem
820 405 937 456 tres
965 400 1087 454 alias
1109 400 1335 467 litterae,
1367 420 1392 452 «
1429 401 1487 455 in
1520 401 1725 471 quibus
1752 417 1855 455 nec
1877 411 1937 482 Α
1958 406 2080 455 sent
2111 407 2167 455 et
2192 402 2472 472 Cypriano
2501 405 2819 459 nuntiandi.
2855 407 3026 461 Multo
3051 423 3186 478 ergo
3218 409 3583 465 verisimilius

247 492 655 545 confessoribus
705 491 1055 558 exhortatio,
1106 506 1213 543 nec
1260 491 1574 544 extorribus
1626 491 1854 560 quando

245 576 486 655 oportuit
529 584 887 655 obiurgatio,
938 600 1039 637 nec
1070 583 1347 637 universas
1398 584 1739 638 fraternitati
1783 584 1855 637 ad

244 679 652 748 deprecandam
698 679 795 731 Dei
840 677 1287 731 misericordiam
1318 677 1583 731 allocutio
1629 683 1687 730 et
1730 694 1853 747 per-

240 774 414 825 suasio
462 772 659 826 defuit.
712 793 737 820 »
778 770 996 826 Iudicat
1039 771 1355 840 Cyprianus
1412 771 1644 839 scriptas
1690 771 1858 824 fuisse

242 872 362 918 ante
423 870 745 930 tormenta,
800 865 897 918 sed
951 881 1042 918 eas
1090 864 1162 918 ad
1220 881 1320 917 nos
1372 880 1485 919 non
1538 865 1858 934 pervenisse

242 959 610 1012 ostendimus.

305 1054 614 1105 Tormenta
644 1052 1055 1107 confessoribus
1080 1052 1296 1105 inflicta
1325 1068 1441 1106 esse
1470 1068 1665 1106 mense
1693 1051 1857 1121 aprili

240 1147 537 1201 observant
591 1146 792 1200 eruditi
868 1146 991 1199 viri.
1033 1145 1373 1215 Mappalicus
1422 1145 1480 1199 in
1537 1146 1856 1215 quaestione

242 1247 453 1309 martyr
497 1239 759 1293 occubuit
804 1239 895 1292 die
939 1239 1142 1309 Aprilis
1192 1243 1290 1305 l7,
1343 1243 1404 1291 ut
1446 1239 1858 1309 martyrologia

240 1336 551 1397 testantur,
597 1349 724 1385 cum
782 1332 963 1401 pridie
1002 1332 1309 1386 acerrimos
1351 1333 1627 1386 cruciatus
1660 1338 1857 1402 pertu-

240 1426 405 1493 lisset,
438 1427 587 1479 inter
615 1442 752 1495 quos
781 1425 1005 1480 dicebat
1030 1425 1350 1495 proconsuli
1378 1442 1390 1478 :
1428 1448 1455 1474 «
1482 1424 1711 1478 Videbis
1736 1441 1857 1478 cras

239 1537 502 1589 agonem.
538 1542 565 1567 »
594 1519 828 1590 Scripsit
855 1519 1042 1589 itaque
1069 1519 1379 1589 Cyprianus
1407 1520 1514 1573 hoc
1546 1535 1765 1584 mense,
1796 1526 1860 1572 ut

237 1614 545 1668 verisimile
574 1618 678 1680 est,
709 1618 953 1668 exeunte
987 1613 1149 1684 epist.
1180 1615 1210 1665 9
1243 1613 1309 1666 ad
1351 1618 1689 1683 martyreset
1716 1628 1848 1665 con-

240 1706 498 1773 fessores,
530 1706 586 1757 in
619 1720 731 1774 qua
757 1719 955 1757 eorum
984 1703 1179 1756 laudes
1218 1702 1387 1772 plena
1417 1719 1587 1756 manu
1615 1703 1855 1770 extollit,

1958 500 2039 548 est
2061 496 2446 550 elucubratam
2463 496 2634 550 fuisse
2661 499 2807 552 hanc
2836 500 2998 569 epist.
3024 505 3089 556 36
3112 519 3243 555 cum
3266 504 3584 573 persecutio

1959 587 2015 640 in
2047 587 2164 642 dies
2196 588 2649 659 demitigaretur,
2682 592 2924 647 necdum
2956 598 3148 649 tamen
3178 596 3528 651 confessores
3554 614 3583 651 e

1958 697 2183 736 carcere
2213 683 2377 736 soluti
2407 688 2615 737 essent.

1958 797 2044 849 ΧΙ.
2078 827 2143 837 -
2172 798 2414 867 Quinque
2436 800 2491 854 S.
2528 801 2794 867 Cypriani
2820 801 3006 854 litterae
3027 802 3091 855 de
3122 804 3313 872 lapsis.
3345 834 3413 845 —
3437 809 3586 860 Faci-

2028 894 2124 931 nus
2162 880 2599 946 presbyterorum
2652 883 2748 949 qui
2787 885 3205 937 communionem
3231 886 3396 953 lapsis
3423 888 3580 940 dede-

2028 966 2178 1021 rant,
2222 976 2326 1013 non
2367 962 2748 1015 dissimulavit.
2777 992 2844 1001 —
2884 965 3005 1018 Non
3048 979 3442 1033 suspensionem
3494 969 3585 1021 sed

2032 1044 2632 1096 excommwu'calionem
2652 1044 2765 1096 illis
2783 1045 3042 1097 minatur.

2030 1151 2343 1204 Plurimum
2366 1153 2552 1205 solatii
2576 1153 2930 1223 percipiebat
2949 1154 3261 1223 Cyprianus
3282 1172 3347 1209 ex
3380 1164 3589 1227 marty-

1959 1259 2086 1297 rum
2111 1244 2410 1313 triumphis
2436 1262 2448 1311 ;
2481 1246 2577 1300 sed
2600 1246 2743 1300 hanc
2770 1247 3026 1300 laetitiam
3053 1248 3586 1303 contaminaverunt

1960 1336 2190 1389 nefariae
2262 1339 2666 1392 nonnullorum
2733 1341 3199 1410 presbyterorum
3266 1343 3588 1397 molitiones

1959 1431 2077 1499 qui,
2108 1446 2241 1483 cum
2271 1431 2319 1484 ei
2362 1432 2430 1485 ab
2474 1432 2634 1486 initio
2682 1434 3035 1503 episcopatus
3081 1451 3308 1505 semper
3337 1437 3581 1490 obstitis-

1960 1529 2104 1590 sent,
2156 1524 2377 1578 absenti
2433 1527 2789 1596 gravissimas
2843 1528 3122 1582 molestias
3179 1529 3581 1585 exhibuerunt.

1959 1618 2110 1671 Actu:
2142 1617 2213 1670 ab
2258 1618 2368 1671 illis
2402 1620 2691 1689 tragcedim
2723 1620 3019 1675 materiam
3055 1620 3213 1675 dedit
3257 1622 3489 1693 antiqua
3532 1628 3586 1678 ct

1958 1714 2257 1768 laudabilis
2288 1717 2655 1784 consuetudo,
2690 1734 2862 1788 quam
2910 1719 2977 1772 ad
3025 1719 3337 1788 perniciem
3376 1722 3582 1773 multo-

238 1815 439 1868 eosque
468 1798 735 1851 hortatur
768 1803 827 1850 ut
870 1797 1089 1850 «istum
1127 1796 1516 1849 beatissimum
1546 1802 1851 1865 martyrem
1875 1801 1931 1873 B
1959 1824 2081 1860 rum
2110 1813 2439 1863 convertere
2486 1812 2677 1865 conati
2723 1815 2874 1865 sunt.
2922 1812 3034 1865 M03
3086 1818 3205 1865 erat
3236 1812 3293 1866 in
3342 1814 3585 1867 Ecclesia

236 1898 285 1945 et
310 1892 449 1945 alios
478 1892 780 1961 participes
802 1888 1064 1960 ejusdem
1090 1890 1527 1960 congressionis,
1547 1895 1603 1943 et
1622 1890 1858 1943 comites

236 1985 285 2039 in
315 1986 425 2039 ﬁde
476 1984 726 2052 stabiles,
766 1984 824 2037 in
870 1984 1061 2037 dolore
1100 1984 1397 2053 patientes,
1444 1984 1501 2036 in
1543 1984 1856 2054 quaestione

235 2080 463 2131 victores
494 2100 522 2127 η
560 2082 864 2131 sectentur.
897 2078 1018 2130 Non
1050 2076 1289 2130 dubium
1320 2077 1459 2147 quin
1490 2078 1610 2130 haec
1638 2078 1758 2147 ipsa
1788 2078 1859 2130 sit

233 2174 468 2242 epistola
516 2189 689 2242 quam
720 2171 1004 2240 scripsisse
1050 2187 1107 2223 se
1140 2172 1220 2224 ait
1266 2171 1575 2241 Cyprianus
1606 2170 1661 2225 in
1692 2171 1853 2241 epist.

234 2270 311 2331 15,
343 2291 370 2315 «ι
406 2270 712 2336 postquam
747 2267 1029 2319 tormenta
1060 2269 1356 2318 venerunt.
1388 2287 1414 2315 ››

296 2362 416 2413 Non
456 2362 642 2413 multo
681 2366 829 2430 post,
872 2359 931 2412 id
970 2364 1054 2412 est
1086 2375 1282 2412 mense
1323 2360 1493 2427 maio,
1528 2359 1858 2413 Pearsonius

228 2461 279 2507 et
303 2454 701 2507 Tillemontius
726 2456 853 2523 post
882 2452 1190 2506 Baronium
1216 2459 1270 2506 et
1297 2453 1665 2506 Lombertum
1690 2453 1859 2523 scrip-

227 2552 339 2601 tam
369 2548 703 2601 existimant
735 2547 897 2615 epist.
931 2550 1017 2612 37,
1051 2546 1106 2599 in
1128 2562 1241 2615 qua
1268 2547 1582 2617 Cyprianus
1620 2547 1855 2617 presby-

226 2644 353 2695 teris
372 2648 428 2695 et
442 2641 699 2693 diaconis
721 2655 1039 2710 pauperum
1058 2655 1251 2693 curam
1267 2640 1647 2705 commendat,
1667 2639 1715 2710 1
1732 2638 1847 2711 01

226 2740 277 2787 et
298 2735 478 2788 etiam
512 2737 683 2804 atque
709 2734 877 2786 etiam
902 2733 1156 2786 hortatur
1179 2753 1206 2780 «
1236 2736 1298 2786 ut
1323 2734 1659 2803 corporibus
1689 2734 1857 2787 etiam

225 2828 489 2881 omnium
524 2827 642 2897 qui,
678 2827 781 2879 etsi
820 2826 953 2879 torti
992 2842 1107 2880 non
1138 2832 1268 2879 sunt
1299 2826 1355 2879 in
1388 2842 1634 2894 carcere,
1665 2832 1857 2881 tamen

226 2922 472 2992 glorioso
525 2920 679 2974 exitu
746 2920 945 2973 mortis
1012 2919 1329 2988 excedunt,
1389 2920 1753 2990 impertiatur
1806 2928 1860 2975 et

223 3015 520 3085 vigilantia
548 3020 607 3069 et
645 3031 779 3067 cura
810 3014 1163 3084 propensior,
1193 3016 1249 3067 et
1279 3013 1397 3067 dies
1426 3030 1625 3068 eorum
1654 3014 1860 3085 quibus

223 3110 513 3163 excedunt
560 3130 587 3156 η
646 3108 1029 3175 adnotentur,
1096 3127 1118 3155 α
1173 3113 1235 3160 ut
1287 3108 1856 3163 commemorationes

1962 1904 2023 1952 ut
2068 1901 2236 1971 lapsis
2278 1903 2372 1972 qui
2418 1902 2639 1957 libellos
2680 1920 2709 1956 a
2756 1904 3096 1973 martyribus
3139 1905 3533 1974 impetrassent
3574 1949 3586 1972 ,

1961 1993 2173 2064 aliquid
2215 1995 2284 2048 de
2335 1997 2517 2065 poenis
2558 1997 2847 2051 canonicis
2908 1998 3311 2067 episc0porum
3364 1999 3582 2067 judicio

1959 2085 2367 2139 remitteretur.
2414 2086 2671 2156 Exagitat
2705 2087 2809 2140 hoc
2845 2086 3164 2141 institutum
3209 2089 3585 2141 Tertullianus

1960 2173 2061 2225 sub
2092 2172 2267 2226 finem
2303 2173 2435 2227 libri
2470 2176 2534 2227 de
2579 2175 2873 2237 Pudicztia,
2919 2176 3068 2245 quod
3102 2175 3239 2229 olim
3280 2176 3587 2231 catholicus

1960 2262 2019 2315 in
2049 2263 2192 2318 libro
2223 2263 2293 2317 ad
2337 2264 2609 2333 Martyres
2655 2265 3005 2318 laudaverat.
3053 2264 3346 2335 Ejusmodi
3391 2269 3585 2320 autem

1960 2360 2178 2413 libellos
2214 2377 2327 2413 non
2362 2360 2596 2431 quilibet
2626 2362 2972 2417 confessores
3009 2362 3244 2430 dabant,
3283 2364 3376 2417 sed
3417 2364 3453 2417 ii
3489 2366 3587 2434 qui

1960 2454 2144 2524 capite
2172 2454 2424 2507 damnati
2453 2460 2635 2522 erant,
2672 2459 2769 2508 aut
2815 2457 3011 2509 saltem
3059 2456 3276 2526 aliquos
3306 2458 3585 2511 cruciatus

1959 2547 2215 2618 perpessi
2244 2547 2492 2601 fuerant.
2528 2548 2666 2602 Hinc
2687 2549 2981 2603 Celerinus
3004 2550 3061 2602 in
3092 2554 3266 2620 Epist.
3296 2552 3370 2605 ad
3396 2554 3585 2607 Lucia-

1958 2658 2085 2694 num
2118 2645 2280 2711 rogat
2312 2660 2339 2692 «
2390 2645 2450 2695 ut
2481 2641 2807 2713 quicunque
3077 2644 3234 2714 prior
3272 2666 3298 2694 »
3341 2662 3410 2698 ex
3449 2662 3585 2699 con-

1960 2736 2265 2788 fessoribus
2296 2756 2322 2784 ‹‹
2357 2742 2663 2790 coronatus
2694 2737 2886 2805 fuerit,
2920 2738 3205 2792 Numerius
3238 2743 3295 2791 et
3319 2738 3585 2793 Candide

1960 2831 2247 2895 peccatum
2273 2826 2544 2880 remittat.
2578 2848 2604 2875 »
2638 2825 3021 2889 Quamobrem
3049 2844 3181 2882 cum
3212 2828 3363 2882 Decii
3390 2844 3581 2898 perse-

1960 2919 2203 2972 cutionis
2238 2918 2397 2972 initia
2443 2919 2783 2974 cruciatibus
2835 2924 3131 2989 carerent,
3180 2922 3322 2975 nulli
3370 2923 3584 2975 daban-

1961 3014 2053 3064 tur
2098 3012 2297 3079 libelli,
2346 3028 2515 3066 nemo
2552 3029 2621 3066 ex
2659 3013 2827 3083 lapsis
2870 3014 3355 3084 subterfugiendae
3400 3016 3586 3085 poeni-

1962 3100 2153 3153 tentiae
2190 3117 2385 3154 ansam
2433 3101 2703 3168 habebat,
2752 3102 3042 3171 frigebunt
3091 3103 3279 3173 cupidi
3312 3119 3585 3157 novarum

224 3225 425 3262 eorum
498 3208 649 3260 inter
716 3206 1026 3260 memorias
1090 3210 1402 3275 martyrum
1471 3206 1758 3260 celebrare
1827 3170 1931 3255 nc
1960 3206 2150 3243 rerum
2190 3190 2550 3259 PTeSbytel'ii
2592 3195 2665 3257 at,
2714 3196 3021 3261 Postquam.
3060 3196 3345 3246 tormenta
3390 3209 3584 3247 11181150

220 3308 425 3373 posset.
460 3302 781 3370 Diligenter
808 3300 1161 3353 observanda
1184 3302 1317 3351 sunt
1345 3315 1469 3369 qua:
1500 3304 1815 3369 sequuntur
1841 3321 1854 3356 :

224 3419 248 3441 ιι
314 3396 690 3464 Quamquam
753 3394 1054 3458 Tertullus,
1116 3393 1336 3462 inquit,
1394 3393 1752 3447 fidelissimus
1804 3400 1859 3448 et

220 3488 631 3543 devotissimus
680 3487 851 3540 frater
898 3490 1131 3551 noster,
1182 3503 1283 3555 pro
1335 3491 1539 3540 caetera
1586 3487 1853 3541 sollicitu-

220 3583 350 3637 dine
378 3590 439 3637 et
479 3598 617 3634 cura
646 3597 747 3635 sua
791 3597 963 3651 quam
992 3580 1259 3633 fratribus
1292 3580 1349 3632 in
1383 3582 1538 3634 omni
1584 3582 1856 3652 obsequio

218 3676 576 3747 operationis
618 3675 892 3745 impertit,
938 3674 1034 3743 qui
1079 3690 1183 3727 nec
1212 3674 1340 3740 _illic
1366 3674 1516 3727 circa
1554 3691 1856 3745 corporum

216 3787 415 3824 curam
449 3770 634 3836 deest,
680 3768 960 3838 scripserit
994 3773 1049 3821 et
1086 3768 1289 3820 scribat
1316 3784 1381 3821 ac
1408 3767 1689 3837 significet
1718 3769 1858 3822 mihi

216 3864 333 3919 dies
370 3863 591 3936 quibus
631 3862 687 3915 in
729 3878 952 3915 carcere
997 3860 1146 3914 beati
1192 3861 1392 3915 fratres
1432 3860 1608 3915 nostri
1650 3860 1722 3914 ad
1748 3862 1855 3915 im-

214 3957 638 4012 mortalitatem
681 3955 939 4025 gloriosze
989 3954 1187 4009 mortis
1234 3956 1385 4009 exitu
1440 3960 1753 4017 transeunt,
1803 3958 1861 4009 et

217 4050 593 4103 celebrantur
636 4046 729 4100 hic
758 4063 790 4098 a
838 4046 999 4099 nobis
1044 4045 1359 4099 oblationes
1403 4050 1457 4099 et
1488 4046 1758 4099 sacrificia
1787 4047 1857 4101 ob

216 4140 815 4197 commemorationes
858 4155 1074 4204 eorum,
1107 4155 1236 4209 quin
1283 4139 1394 4193 cito
1438 4139 1729 4193 vobiscum
1762 4142 1862 4194 Do-

213 4237 375 4291 mino
424 4238 769 4306 protegente
820 4233 1259 4287 celebrabimus.
1310 4255 1334 4281 ι)
1383 4233 1701 4303 Equidem,
1756 4234 1857 4288 etsi

212 4337 290 4383 tot
317 4330 640 4384 hominum
669 4327 1022 4381 eruditorum
1042 4327 1372 4381 auctoritate
1396 4327 1710 4397 plurimum
1743 4344 1859 4382 mo-

212 4440 351 4478 veor
375 4466 389 4490 ,
422 4439 547 4476 non
576 4425 775 4475 tamen
812 4420 979 4474 video
1018 4436 1121 4473 cur
1165 4436 1359 4474 mense
1387 4421 1534 4475 maio
1560 4464 1571 4489 ,
1602 4421 1658 4475 id
1687 4428 1768 4476 est
1799 4423 1855 4475 in

213 4518 477 4571 maxime
528 4514 941 4587 persecutionis
991 4513 1292 4581 incendio,
1342 4515 1461 4567 base
1506 4515 1855 4585 Cyprianum

212 4612 521 4682 scripsisse
561 4609 755 4673 velint,
800 4623 925 4662 cum
970 4607 1090 4678 ipse
1139 4608 1248 4661 cito
1290 4609 1859 4663 commemorationes

212 4710 555 4776 martyrum
585 4719 714 4756 cum
747 4702 896 4756 clero
944 4717 1045 4755 suo
1073 4702 1493 4756 celebraturum
1521 4718 1579 4756 se
1612 4704 1855 4757 nuntiet.

209 4800 333 4852 lam
382 4814 538 4867 ergo
570 4796 938 4865 refrigescens
970 4796 1286 4865 persecutio
1315 4812 1477 4866 spem
1526 4796 1605 4849 illi
1648 4798 1856 4851 maturi

212 4892 433 4946 reditus
511 4889 816 4953 afferebat;
880 4894 937 4943 et
994 4904 1120 4959 quae
1181 4905 1363 4943 causa:
1425 4889 1854 4945 Tillemontium

211 4991 537 5040 moverunt
566 4988 623 5037 ut
655 4984 915 5055 epistolas
963 4986 1014 5051 6,
1066 4987 1118 5050 7,
1165 4986 1217 5050 8,
1268 4986 1325 5038 31
1382 4983 1643 5054 rejiceret
1686 4984 1743 5037 in
1790 4985 1855 5037 ﬁ-

212 5098 341 5135 nem
395 5078 547 5133 anni
601 5080 724 5146 250,
770 5078 987 5131 eaedem
1033 5093 1265 5131 movere
1311 5077 1634 5132 debuerunt
1686 5084 1749 5132 ut
1789 5079 1857 5133 de

212 5174 519 5228 tricesima
561 5172 804 5243 septima
841 5171 992 5226 idem
1022 5171 1300 5242 judicium
1348 5173 1541 5227 ferret.
1576 5174 1858 5227 Praeterea

210 5287 412 5325 mense
472 5266 627 5322 maio
678 5269 956 5337 martyres
1006 5266 1307 5320 horrendis
1350 5266 1689 5321 cruciatibus
1734 5273 1854 5322 tor-

211 5359 596 5429 quebantur;
645 5355 743 5409 sed
779 5372 909 5409 cum
959 5355 1193 5426 epistola
1228 5358 1294 5410 36
1332 5356 1692 5424 scriberetur,
1741 5373 1857 5412 non

204 5454 323 5521 jam
349 5468 463 5523 per
484 5449 720 5504 vulnera
739 5450 997 5520 martyrii
1021 5466 1291 5504 coronam
1323 5450 1710 5520 acquirebant,
1736 5452 1853 5517 sed,

214 5548 256 5599 si
285 5547 383 5617 qui
420 5546 488 5598 in
533 5545 733 5598 coelum
764 5544 1069 5610 evolarent,
1100 5543 1158 5597 id
1200 5544 1499 5599 moriendo
1530 5544 1586 5598 in
1630 5561 1856 5600 carcere

213 5641 331 5695 sine
359 5638 676 5694 tormentis
704 5638 1172 5710 assequebantur.
1204 5641 1277 5691 At
1313 5655 1507 5692 mense
1551 5639 1693 5693 Maio
1743 5656 1855 5694 non

218 5734 601 5789 morientium
646 5732 703 5786 in
753 5749 980 5787 carcere
1008 5733 1131 5787 sine
1178 5734 1495 5802 tormentis,
1544 5736 1642 5788 sed
1686 5735 1857 5789 vitam

218 5830 370 5883 inter
404 5827 700 5882 cruciatus
725 5826 1199 5899 profundentium
1226 5827 1542 5882 annotandi
1573 5828 1695 5882 dies
1724 5828 1855 5883 fuis-

1957 3283 2121 3352 aprili
2168 3283 2380 3337 inflicta
2431 3287 2581 3349 sunt,
2631 3290 2689 3338 et
2732 3284 2995 3339 nonnulli
3043 3302 3111 3339 ex
3168 3287 3587 3341 confessoribus

1960 3377 2238 3445 martyrio
2268 3378 2549 3443 coronati,
2584 3381 2702 3432 tum
2731 3378 2908 3432 libelli
2944 3379 3231 3449 prodiere,
3267 3381 3361 3435 sed
3395 3385 3587 3435 tamen

1959 3470 2146 3523 debito
2174 3471 2392 3524 honore
2424 3478 2479 3525 et
2507 3472 2754 3542 episcopi
2784 3472 3047 3543 dignitati
3075 3477 3131 3527 et
3158 3474 3381 3544 legibus
3407 3475 3583 3530 eccle-

1959 3557 2191 3611 siasticis
2231 3563 2472 3613 servato.
2506 3561 2643 3612 Nam
2684 3567 2962 3631 martyres
2997 3562 3068 3615 ad
3105 3563 3453 3632 Cyprianum
3490 3565 3581 3617 lit-

1962 3654 2107 3705 teras
2139 3652 2491 3719 direxerant,
2534 3657 2591 3707 et
2618 3655 2909 3724 petierunt
2947 3678 2973 3704 ‹‹
3009 3663 3140 3710 tunc
3169 3657 3443 3711 desideria
3486 3676 3586 3712 sua

1960 3746 2311 3813 examinari,
2343 3754 2399 3800 et
2443 3763 2641 3817 pacem
2674 3748 2793 3802 dari
2829 3750 3058 3818 quando
3091 3750 3213 3820 ipsa
3243 3757 3371 3805 ante
3405 3758 3587 3807 mater

1960 3839 2199 3893 Ecclesia
2226 3857 2426 3911 pacem
2452 3842 2521 3895 de
2550 3842 2935 3896 misericordia
2958 3844 3187 3898 Domini
3207 3846 3367 3915 prior
3396 3863 3587 3918 sump-

1961 3934 2114 4001 serit,
2163 3954 2191 3983 ››
2223 3938 2277 3988 et
2317 3936 2664 4006 Cyprianum
2722 3958 2749 3986 «
2778 3938 2967 3991 divina
3010 3939 3288 4007 protectio
3336 3962 3361 3989 ››
3412 3941 3582 3996 redu-

1960 4043 2085 4081 cem
2130 4028 2197 4081 ad
2240 4029 2533 4083 ecclesiam
2573 4047 2737 4084 suam
2782 4032 2985 4085 fecerit
3047 4033 3233 4103 (epist.
3280 4035 3386 4103 10).
3434 4038 3579 4091 Prae-

1961 4124 2113 4175 terea
2140 4124 2332 4193 paucis
2354 4123 2631 4178 dabantur
2654 4124 2843 4194 libelli,
2878 4129 2937 4179 ut
2954 4126 3293 4196 perspicitur
3318 4146 3382 4182 ex
3416 4131 3581 4200 epist.

1962 4218 2046 4269 23.
2092 4217 2433 4288 Mappalicus
2480 4223 2696 4289 martyr
2749 4221 2916 4273 matri
2965 4224 3204 4287 tantum,
3252 4239 3379 4293 quae
3426 4224 3587 4296 lapsa

1958 4312 2148 4366 fuerat
2187 4312 2499 4367 domestica
2529 4314 2736 4382 pietate
2780 4320 3097 4369 commotus
3143 4316 3409 4386 dederat;
3444 4319 3587 4373 nulli

1959 4423 2186 4476 prorsus
2217 4407 2548 4461 Saturninus
2576 4414 2699 4478 post
2740 4412 3027 4462 tormenta
3056 4409 3245 4465 adhuc
3274 4411 3332 4465 in
3359 4428 3583 4467 carcere

1960 4501 2329 4567 constitutus;
2369 4502 2465 4555 sed
2498 4502 2667 4570 paulo
2702 4509 2827 4572 post
2854 4505 3068 4557 servari
3092 4505 3293 4559 modus
3312 4522 3375 4559 ac
3400 4506 3584 4561 delec-

1961 4598 2049 4647 tus
2080 4594 2283 4648 desiit:
2323 4597 2519 4649 «Nam
2568 4595 2846 4649 Lucianus
2890 4602 2946 4650 et
2992 4597 3113 4668 ipse
3162 4615 3306 4653 unus
3351 4599 3418 4653 de
3448 4616 3579 4655 con-

1957 4688 2261 4743 fessoribus
2291 4687 2402 4741 tida
2426 4688 2656 4758 quidem
2685 4689 2898 4743 calidus
2927 4693 2982 4744 et
3006 4693 3210 4746 virtute
3242 4693 3519 4759 robustus,
3552 4717 3579 4745 »

1960 4788 2020 4836 ut
2065 4782 2145 4837 ait
2194 4782 2410 4836 ibidem
2460 4783 2796 4852 Cyprianus,
2835 4806 2859 4831 ‹‹
2895 4785 2992 4839 sed
3042 4785 3231 4839 minus
3288 4788 3582 4844 Dominica

1956 4876 2199 4931 lectione
2252 4877 2518 4930 fundatus
2574 4878 2833 4946 quaedam
2885 4883 3119 4933 conatus
3174 4886 3275 4943 est.
3330 4882 3583 4953 imperiti

1951 4970 2304 5041 jampridem
2374 4987 2435 5025 se
2506 4972 2657 5041 vulgi
2726 4976 3021 5029 auctorem
3083 4977 3463 5049 constituens,
3520 4983 3582 5035 ut

1960 5082 2136 5119 manu
2179 5067 2299 5137 ejus
2331 5065 2523 5137 scripti
2570 5066 2745 5119 libelli
2791 5072 3076 5138 gregatim
3123 5072 3318 5125 multis
3346 5075 3580 5129 nomine

1960 5160 2112 5215 Pauli
2137 5160 2428 5215 darentur.
2464 5181 2491 5210 ››
2528 5164 2704 5230 Atque
2730 5162 2853 5215 haec
2879 5162 3126 5217 faciebat
3152 5185 3180 5213 ‹‹
3212 5182 3325 5219 non
3354 5170 3581 5224 tantum

1960 5254 2130 5307 Paulo
2172 5254 2355 5307 adhuc
2398 5255 2455 5308 in
2508 5272 2732 5309 carcere
2779 5257 2980 5326 posito,
3036 5258 3134 5312 sed
3183 5263 3241 5313 et
3287 5268 3409 5331 post
3461 5263 3583 5332 ejus

1959 5364 2274 5416 excessum,
2325 5348 2516 5403 dicens
2559 5350 2669 5404 hoc
2715 5350 2821 5403 sibi
2852 5351 2921 5404 ab
2968 5353 3062 5407 illo
3088 5355 3441 5410 mandatum.
3472 5361 3582 5412 Au-

1958 5444 2079 5498 relii
2098 5459 2343 5514 quoque,
2362 5444 2735 5499 adolescentis
2752 5449 3037 5501 tormenta
3052 5451 3319 5519 perpessi,
3344 5453 3582 5507 nomine

1958 5538 2133 5592 libelli
2199 5538 2364 5593 multi
2429 5539 2545 5594 dati
2597 5546 2729 5594 sunt
2796 5541 3047 5610 ejusdem
3123 5544 3349 5599 Luciani
3409 5564 3582 5604 manu

1961 5633 2170 5705 scripti,
2196 5635 2347 5709 quod
2376 5635 2592 5689 litteras
2611 5635 2706 5689 ille
2734 5652 2842 5689 non
2872 5641 3077 5692 nosset.
3110 5660 3136 5686 »
3166 5639 3396 5695 Videtur
3426 5642 3579 5697 idem

1960 5729 2233 5784 Lucianus
2281 5736 2475 5785 auctor
2530 5731 2698 5786 fuisse
2756 5730 3075 5786 libellorum
3136 5751 3279 5804 quos
3324 5736 3382 5789 iu
3436 5738 3579 5791 hanc

1959 5827 2297 5881 sententiam
2376 5827 2612 5899 scriptos
2680 5827 2851 5882 fuisse
2929 5828 3192 5883 audierat
3268 5830 3579 5901 Cyprianus
