4084 6208
477 259 573 322 103

1829 257 1984 321 VlTA
2025 266 2080 321 S.
2125 257 2436 321 CYPRlANl
2451 305 2464 319 .

3722 269 3823 327 104

476 384 658 456 (epist.
713 386 845 453 H):
899 403 926 432 «
969 379 1367 440 Communicet
1395 382 1488 437 ille
1527 398 1658 438 cum
1685 383 1822 438 suis.
1867 402 1893 434 η
1939 385 2090 438 Non-
2116 387 2251 471 Aet
2272 383 2534 438 audiebat
2577 387 2633 437 et
2675 381 3014 454 loquebatur
3055 399 3123 438 ea
3159 385 3366 456 quibus
3413 408 3442 436 »
3465 387 3822 458 Cyprianum

473 479 658 531 nullos
697 477 838 531 alios
879 482 1037 531 notat
1069 477 1386 548 Cyprianus
1432 497 1458 525 ‹‹
1499 477 1596 547 qui
1626 493 1902 547 personas
1943 478 2088 531 acci-

470 572 693 642 pientes
730 571 788 624 in
820 569 1109 624 beneﬁciis
1139 592 1165 619 »
1213 575 1528 640 martyrum
1561 573 1661 624 aut
1691 570 2090 641 gratificaban-

471 667 582 730 tur,
612 667 710 717 aut
740 685 766 712 ‹‹
795 663 1005 718 illicitae
1036 663 1444 733 negotiationis
1469 663 1752 718 nundinas
1778 685 1806 714 ››
1839 679 2087 733 aucupa-

469 756 700 812 bantur.

542 851 661 905 Non
713 849 1021 920 ignorabat
1063 849 1379 920 Cyprianus
1434 850 1688 920 quinque
1730 849 2092 920 presbyteros

471 966 498 994 ‹‹
527 945 773 998 fomenta
793 942 1133 1013 quibusdam
1155 943 1576 998 confessoribus
1598 947 1655 997 et
1670 944 2037 998 hortamenta
2060 964 2088 992 »

298 1037 302 1048 ’
391 1085 398 1093 .
467 1038 736 1103 tribuere,
773 1057 800 1086 «
837 1053 910 1090 ne
953 1037 1362 1092 concordarent
1401 1053 1530 1091 cum
1564 1037 1848 1108 episcopo,
1881 1054 1951 1091 ne
1997 1053 2090 1090 ec-

469 1131 835 1185 clesiasticam
885 1130 1242 1200 disciplinam
1289 1147 1422 1184 cum
1466 1130 1578 1184 ﬁde
1607 1134 1664 1184 et
1710 1130 1904 1201 quiete
1927 1130 2094 1200 juxta

466 1230 748 1295 prtecepta
791 1223 1082 1278 Dominica
1133 1225 1494 1278 continerent
1527 1224 1718 1294 (epist.
1748 1225 1858 1292 40).
1908 1244 1934 1272 ››
1985 1223 2090 1279 Sed

468 1321 680 1383 tamen,
710 1332 839 1370 cum
871 1321 987 1370 tota
1018 1332 1108 1370 res
1136 1317 1208 1370 ad
1233 1315 1411 1386 ipsius
1440 1316 1691 1370 reditum
1718 1317 1942 1386 integra
1968 1332 2088 1370 ser-

466 1417 710 1478 varetur,
765 1425 947 1479 neque
992 1409 1049 1462 in
1098 1410 1204 1463 hac
1263 1410 1576 1463 libellorum
1630 1409 1875 1474 licentia,
1929 1409 2092 1480 lapsis

468 1504 782 1574 quidquam
827 1507 957 1556 ante
1001 1503 1262 1556 Ecclesiae
1309 1519 1508 1572 pacem
1553 1508 1610 1556 et
1658 1502 1906 1574 episcopi
1930 1502 2089 1573 judi-

467 1597 615 1651 cium
647 1594 1099 1666 promitteretur,
1132 1595 1524 1650 dissimulabat
1554 1601 1610 1650 et
1638 1596 1972 1667 patientiam
2002 1602 2088 1650 te-

467 1690 660 1758 nebat,
691 1687 844 1759 quasi
896 1689 1277 1742 verecundum
1325 1689 1616 1743 silentium
1661 1689 1967 1760 proﬁceret
2019 1689 2092 1744 ad

468 1783 718 1853 quietem
771 1781 954 1851 (epist.
1002 1783 1104 1852 l0).
1159 1781 1270 1836 Sed
1317 1782 1571 1852 quinque
1620 1783 1941 1853 presbyteri
1987 1793 2168 1864 necB

463 1873 774 1946 Evangelii,
801 1890 904 1928 nec
931 1874 1038 1928 loci
1082 1875 1168 1928 sui
1211 1891 1516 1942 memores,
1551 1891 1652 1930 nec
1695 1876 1952 1930 futurum
1984 1877 2088 1930 Do-

465 1969 606 2023 mini
630 1967 932 2038 judicium,
956 1983 1060 2022 nec
1081 1969 1448 2038 praepositum
1465 1969 1570 2022 sibi
1593 1970 1921 2040 episcopum
1944 1970 2090 2041 cogi-

457 2069 662 2130 tantes,
697 2077 906 2115 novum
939 2066 997 2115 et
1022 2063 1123 2115 sub
1154 2062 1603 2116 antecessoribus
1635 2064 1904 2134 Cypriani
1933 2063 2092 2118 inau-

463 2157 642 2212 ditum
670 2155 886 2209 facinus
913 2156 1229 2211 ediderunt.
1261 2156 1454 2227 Lapsis
1486 2173 1682 2226 pacem
1706 2161 1763 2210 et
1794 2157 2085 2211 Eucharis-

461 2251 599 2304 tiam
631 2249 909 2303 dederant
931 2269 958 2297 ‹‹
986 2252 1116 2302 ante
1145 2255 1326 2303 actam
1353 2249 1774 2319 paenitentiam,
1803 2256 1931 2304 ante
1960 2267 2088 2305 exo-

462 2343 775 2414 mologesin
804 2342 1122 2413 gravissimi
1164 2346 1336 2413 atque
1367 2343 1608 2397 extremi
1635 2343 1823 2397 delicti
1850 2344 2082 2413 factam,

461 2441 592 2492 ante
621 2452 859 2491 manum
889 2435 960 2490 ab
1001 2436 1265 2508 episcopo
1296 2443 1355 2490 et
1397 2437 1546 2491 clero
1589 2437 1647 2491 in
1693 2437 2086 2507 paenitentiam

459 2531 809 2601 impositam.
845 2551 872 2578 ››
911 2530 1053 2582 Tum
1081 2544 1213 2583 vero
1257 2529 1570 2599 Cyprianus
1607 2530 1887 2584 intellexit
1917 2529 2082 2584 dissi-

2198 499 2226 527 «
2264 477 2534 531 Dominus
2577 492 2810 531 monere
2843 483 2900 531 et
2929 477 3228 533 instituere
3273 501 3302 528 »
3347 480 3713 547 dignabatur.
3761 485 3823 538 ln

2191 571 2440 639 Epistola
2494 570 2568 623 ad
2614 571 2826 625 Plebem
2870 569 3119 625 declarat
3164 587 3327 626 nosse
3376 589 3434 626 se
3478 573 3660 644 plebis
3702 567 3824 630 suae

2193 663 2439 734 quietem
2475 663 2687 734 pariter
2713 667 2772 717 et
2797 663 3067 718 timorem
3095 681 3108 730 ;
3143 681 3249 720 nec
3271 665 3496 721 dubitat
3514 668 3652 738 quin
3680 670 3825 740 lapsi

2191 755 2250 810 in
2280 757 2658 811 satisfactione
2709 756 2806 810 Dei
2838 763 2892 811 et
2922 757 3322 828 deprecatione
3354 761 3677 831 vigilarent,
3713 762 3823 816 nisi

2191 849 2318 904 illos
2362 850 2599 921 quidam
2630 850 2699 904 de
2741 851 3088 922 presbyteris
3132 853 3523 923 gratiﬁcantes
3565 854 3821 927 decepis-

2193 949 2342 998 sent.
2369 945 2635 998 Hortatur
2682 949 2744 997 ut
2789 943 2895 1014 ipsi
2921 944 3169 1014 singulos
3206 951 3426 1017 regant,
3478 951 3535 1001 et
3583 949 3822 1004 consilio

2194 1054 2258 1091 ac
2307 1037 2698 1092 moderatione
2755 1053 2858 1090 sua
2917 1037 3233 1092 secundum
3279 1040 3471 1094 divina
3535 1046 3823 1113 praecepta

2191 1130 2478 1201 lapsorum
2501 1130 2721 1184 animos
2748 1135 3085 1200 temperent.
3118 1133 3315 1186 Totam
3343 1149 3463 1187 rem
3489 1134 3544 1188 in
3567 1136 3820 1190 reditum

2192 1235 2358 1272 suum
2389 1220 2670 1288 integram
2705 1220 2918 1273 servari
2939 1220 3124 1290 jubet,
3163 1243 3190 1271 ‹‹
3223 1225 3302 1287 ut,
3337 1238 3468 1276 cum
3497 1224 3566 1277 ad
3596 1240 3691 1277 vos
3718 1241 3824 1294 per

2195 1312 2291 1365 Dei
2334 1312 2804 1380 misericordiam,
2861 1313 3088 1383 inquit,
3141 1315 3484 1384 venerimus,
3537 1317 3825 1372 convocati

2193 1407 2508 1476 coepiscopi
2537 1407 2726 1476 plures
2761 1407 3073 1460 secundum
3119 1408 3343 1462 Domini
3376 1409 3733 1480 disciplinam
3767 1419 3825 1465 et

2192 1499 2582 1553 confessorum
2627 1500 2988 1569 prazsentiam
3040 1506 3097 1555 et
3138 1505 3380 1556 vestram
3414 1519 3642 1574 quoque
3687 1521 3819 1558 sen-

2191 1593 2450 1660 tentiam,
2492 1592 2791 1647 beatorum
2833 1599 3151 1664 martyrum
3198 1595 3416 1650 litteras
3443 1603 3499 1650 et
3545 1597 3825 1652 desideria

2195 1687 2521 1740 examinare
2551 1686 2854 1756 possimus.
2891 1708 2917 1736 ››

2263 1781 2342 1833 Ex
2387 1780 2473 1834 his
2521 1782 2783 1850 Epistolw
2827 1782 2900 1835 ad
2946 1781 3192 1846 Clarum,
3260 1803 3286 1831 «
3341 1783 3437 1836 diu
3491 1784 3826 1854 patientiam

2193 1889 2378 1927 meam
2426 1874 2606 1941 tenui,
2653 1895 2679 1921 »
2735 1874 2971 1944 perspici
3005 1878 3191 1946 potest
3231 1881 3346 1929 tres
3389 1876 3512 1930 illas
3561 1877 3827 1948 epistolas

2190 1972 2319 2021 ante
2344 1967 2574 2036 junium
2615 1982 2870 2021 mensem
2901 1968 3139 2038 scriptas
3169 1985 3286 2023 non
3330 1969 3524 2025 fuisse.
3575 1971 3681 2024 Sed
3713 1971 3826 2024 mi-

2191 2076 2295 2112 nus
2339 2060 2484 2114 belle
2528 2060 2918 2114 Tillemontius
2969 2061 3257 2116 existimat
3297 2063 3647 2133 Cyprianum
3705 2081 3824 2118 non

2189 2153 2372 2206 solum
2403 2153 2722 2208 libellorum
2753 2154 3040 2209 licentiam
3068 2196 3081 2221 ,
3113 2155 3212 2209 sed
3245 2156 3422 2210 etiam
3454 2157 3824 2211 Eucharistia':

2188 2246 2500 2316 profanatas
2528 2247 2746 2300 facinus
2766 2247 2863 2301 diu
2890 2248 3176 2318 patienter
3197 2249 3412 2303 tulisse.
3435 2252 3647 2304 Fucum
3670 2251 3821 2306 fece-

2187 2343 2324 2393 runt
2353 2340 2674 2394 doctissimo
2695 2341 2816 2395 viro
2838 2341 2959 2395 haec
2985 2341 3248 2412 Cypriani
3274 2342 3445 2396 verba
3465 2343 3524 2397 in
3552 2343 3717 2414 epist.
3750 2348 3825 2399 55

2188 2433 2334 2503 (pag.
2369 2432 2457 2503 85)
2494 2451 2505 2487 :
2541 2453 2568 2482 «
2601 2435 2788 2488 Unum
2815 2435 2958 2488 illud
2985 2435 3043 2489 in
3072 2452 3188 2506 quo
3216 2452 3331 2490 non
3355 2452 3481 2490 mea
3503 2453 3607 2492 nec
3633 2438 3828 2492 homi-

2189 2542 2348 2594 num,
2369 2526 2470 2580 sed
2498 2526 2592 2580 Dei
2621 2543 2788 2582 causa
2810 2533 2915 2596 est,
2944 2529 3013 2583 de
3044 2545 3247 2583 eorum
3269 2529 3518 2585 facinore
3537 2547 3652 2585 non
3677 2536 3821 2601 puto

463 2623 801 2679 mulandum
835 2638 950 2676 non
999 2638 1120 2677 esse
1161 2623 1220 2676 in
1268 2639 1326 2677 re
1368 2624 1508 2677 tanti
1549 2623 1852 2690 momenti,
1899 2639 1967 2677 ne
2013 2623 2084 2676 ad
2187 2635 2310 2672 esse
2340 2619 2693 2675 reticendum
2722 2621 2876 2691 quod
2905 2639 2937 2675 a
2966 2622 3156 2692 primo
3183 2623 3376 2682 statim
3401 2625 3824 2694 persecutionis

458 2717 773 2789 periculum
801 2715 979 2786 plebis
1000 2716 1215 2786 pariter
1239 2721 1295 2771 et
1323 2732 1490 2769 suum
1517 2716 1874 2770 taciturnitas
1907 2716 2085 2770 nimia
2186 2713 2294 2779 die,
2325 2729 2453 2766 cum
2483 2714 2732 2767 recentia
2749 2714 3204 2786 delinquentium
3237 2716 3484 2771 facinora
3511 2717 3820 2785 ferverent,

456 2811 803 2883 procederet.
838 2809 1048 2876 Quare,
1071 2815 1136 2863 ut
1161 2809 1300 2863 mali
1323 2826 1656 2881 progressus
1676 2810 2081 2881 supprimeret,
2186 2808 2245 2861 et
2291 2806 2578 2860 sacrificiis
2631 2807 2891 2862 nefandis
2921 2824 3036 2862 nou
3080 2813 3306 2863 tantum
3348 2809 3564 2865 diaboli
3593 2811 3818 2875 altaria,

456 2911 571 2960 tres
600 2904 865 2976 epistolas
892 2903 962 2956 de
991 2903 1192 2957 eodem
1215 2903 1341 2958 oleo
1369 2909 1425 2958 et
1443 2920 1615 2974 opera
1637 2903 1879 2974 scripsit,
1907 2903 2083 2958 animi
2183 2900 2278 2954 sed
2295 2899 2479 2954 adhuc
2501 2901 2856 2972 manusipsae
2875 2901 3167 2972 lapsorum
3194 2906 3365 2974 atque
3385 2919 3486 2958 ora
3505 2904 3819 2967 fumarent,

461 2995 654 3070 103
704 3003 760 3052 et
803 2997 1018 3051 doloris
1071 2997 1314 3068 plenas:
1365 3013 1538 3052 unam
1581 2998 1649 3052 ad
1694 3003 1975 3068 martyres
2027 3003 2082 3052 et
2185 2995 2606 3049 communicare
2679 3011 2809 3048 cum
2855 2996 3028 3065 lapsis
3078 3001 3133 3050 et
3182 2996 3530 3066 pmnitentia:
3577 2998 3821 3069 agendae

458 3092 830 3160 confessores,
859 3091 1029 3145 aliam
1059 3092 1129 3144 ad
1175 3091 1537 3161 presbyteros
1563 3095 1620 3145 et
1650 3091 1940 3158 diaconos,
1975 3096 2081 3145 ter-
2184 3086 2543 3142 intercedere
2613 3105 2727 3142 uon
2799 3089 3162 3144 destiterunt.
3230 3091 3308 3144 Ex
3378 3091 3466 3144 his
3530 3091 3823 3146 concludit

455 3188 595 3242 tiam
632 3185 704 3239 ad
752 3184 1000 3256 plebem.
1036 3184 1132 3237 Hae
1169 3185 1372 3238 litterae
1414 3191 1545 3238 sunt
1585 3185 1736 3255 apud
1767 3161 2156 3240 PameliumC
2181 3181 2572 3237 Tillemontius
2622 3183 2692 3236 ab
2741 3183 2861 3254 ipso
2909 3183 3006 3237 illo
3075 3181 3267 3255 104
3335 3184 3425 3239 die
3467 3201 3578 3256 quo
3630 3186 3823 3256 erupit

454 3279 773 3345 undecima,
800 3277 1043 3344 decima,
1073 3276 1457 3332 duodecima:
1488 3279 1548 3331 in
1577 3294 1922 3350 unaquaque
1951 3278 2081 3333 duae
2182 3276 2499 3345 persecutio
2524 3317 2537 3343 ,
2587 3292 2701 3330 non
2747 3276 2990 3332 defuisse
3042 3277 3140 3348 qui
3184 3277 3353 3349 lapsis
3399 3279 3818 3335 Eucharistiam

455 3373 576 3426 alia?
615 3372 1170 3425 commemorantur.
2186 3368 2408 3424 darent.

523 3467 794 3536 Martyres
839 3464 1108 3518 admonet
1135 3484 1163 3512 «
1193 3466 1254 3516 ut
1304 3479 1338 3516 a
1366 3463 1572 3533 quibus
1620 3467 1738 3517 tam
1775 3464 1974 3519 devote
2025 3471 2080 3520 et
2253 3463 2499 3517 Nimium
2528 3464 2787 3518 restricte
2815 3465 3163 3536 Cyprianum
3193 3465 3548 3520 doctissimus
3575 3466 3821 3537 scriptor

451 3560 676 3617 fortiter
708 3561 962 3613 servatur
1010 3557 1146 3612 fides
1195 3557 1441 3622 Domini,
1469 3557 1538 3610 ab
1576 3557 1776 3612 iisdem
1808 3558 1892 3613 lex
1932 3575 2077 3629 quo-
2180 3556 2610 3626 interpretatur.
2643 3558 2796 3611 Illius
2839 3558 3005 3612 verba
3050 3559 3192 3613 nihil
3237 3559 3392 3614 aliud
3441 3565 3649 3614 sonant
3700 3562 3816 3615 nisi

452 3670 564 3726 que
605 3658 661 3708 et
709 3650 1004 3722 disciplina
1059 3649 1288 3704 Domini
1340 3655 1677 3705 reservetur.
1731 3672 1757 3700 »
1801 3651 1982 3706 Mirari
2019 3668 2078 3705 se
2180 3650 2536 3721 presbyteros
2565 3666 2697 3704 cum
2723 3652 2892 3721 lapsis
2915 3652 3099 3705 adhuc
3127 3653 3341 3706 recenti
3368 3669 3570 3708 eorum
3592 3653 3813 3710 scelere

451 3754 803 3808 demonstrat
827 3749 980 3820 quod
1010 3766 1144 3813 non,
1176 3753 1237 3803 ut
1266 3749 1403 3803 olim
1431 3749 1552 3803 ﬁeri
1579 3749 1817 3814 solebat,
1847 3765 1881 3802 a
1914 3765 2074 3820 pres-
2179 3745 2650 3799 communicasse.
2715 3747 2925 3800 Revera
2945 3788 2960 3812 ,
3021 3746 3067 3799 si
3133 3747 3527 3802 consideretur
3582 3751 3814 3819 tempus

449 3846 666 3919 byteris
715 3847 771 3899 et
821 3844 1071 3898 diaconis
1121 3847 1396 3914 regantur
1439 3849 1498 3897 et
1541 3842 1919 3911 erudiantur,
1976 3843 2077 3897 sed
2177 3837 2286 3891 illis
2339 3839 2686 3909 temporibus
2738 3839 2794 3892 in
2839 3839 3178 3908 poenitentia
3230 3841 3462 3895 solitum
3509 3840 3810 3911 impendi,

448 3940 638 4012 potius
667 3955 699 3992 a
727 3937 1067 4009 quibusdam
1098 3937 1440 4008 presbyteris
1457 3937 1592 4006 jura
1617 3935 1811 3990 omnia
1837 3952 2072 4007 perver-
2179 3931 2366 3986 dicere
2395 3933 2576 4002 potuit
2599 3933 2914 4003 Cyprianus
2943 3933 3066 3987 sine
3095 3933 3334 3989 absurda
3359 3936 3810 4006 exaggeratione

449 4030 698 4085 tentibus
741 4028 848 4098 piae
879 4043 1082 4081 eorum
1109 4027 1428 4081 voluntates
1453 4026 1910 4097 interpellentur.
1939 4028 2075 4081 Hor—
2176 4025 2536 4096 presbyteros
2580 4042 2711 4080 cum
2746 4027 2913 4096 lapsis
2953 4046 2981 4078 α
3026 4043 3059 4080 a
3090 4028 3275 4097 primo
3309 4028 3501 4082 statim
3530 4045 3810 4099 persecu-

447 4129 597 4179 tatur
625 4138 762 4193 ergo
791 4125 853 4176 ut
879 4121 983 4191 ipsi
1008 4121 1364 4192 presbyteros
1392 4120 1633 4175 doceant
1662 4136 1792 4190 qua:
1820 4137 1884 4173 ex
1919 4137 2076 4190 pres-
2174 4119 2347 4174 tionis
2402 4119 2492 4174 die
2539 4141 2566 4169 »
2615 4121 3083 4175 communicasse.
3128 4124 3430 4188 Praeterea,
3483 4139 3614 4176 cum
3665 4124 3814 4194 lapsi

448 4218 660 4289 byteris
705 4231 802 4270 eos
849 4215 1048 4269 audire
1099 4219 1476 4285 oportuerat:
1527 4215 1843 4284 praescribit
1884 4221 1962 4282 ut,
2013 4215 2072 4268 in
2176 4230 2287 4268 non
2349 4213 2548 4268 eodem
2587 4230 2786 4268 omnes
2833 4219 3091 4285 tempore
3145 4215 3515 4286 deliquerint,
3560 4215 3662 4269 sed
3711 4217 3814 4272 alii

449 4311 649 4367 dandis
692 4309 900 4364 libellis
943 4314 1364 4363 antecessorum
1411 4324 1644 4362 suorum
1695 4307 1932 4378 vestigia
1983 4325 2069 4363 se-
2174 4308 2360 4374 citius,
2392 4308 2488 4362 alii
2535 4309 2730 4375 serius,
2779 4309 2905 4362 fieri
2953 4310 3137 4379 potuit
3186 4313 3252 4363 ut
3300 4309 3460 4364 multi
3511 4311 3812 4381 perpaucis

448 4409 726 4478 quentes,
781 4403 1010 4457 sollicite
1076 4408 1133 4456 et
1188 4409 1349 4457 caute
1411 4401 1732 4472 petentium
1791 4401 2074 4456 desideria
2175 4402 2373 4456 diebus
2419 4407 2542 4472 post
2603 4402 2908 4456 admissum
2961 4403 3143 4456 scelus
3203 4403 3666 4458 communionem
3735 4405 3810 4459 ab

447 4499 783 4571 ponderent,
831 4496 1135 4566 inspiciant
1161 4501 1218 4549 et
1252 4499 1443 4549 actum
1471 4498 1527 4549 et
1562 4511 1736 4565 opera
1764 4499 1820 4548 et
1869 4495 2073 4548 merita
2095 4527 2151 4599 Β
2174 4495 2446 4566 improbis
2489 4495 2832 4567 presbyteris
2875 4496 3218 4566 acciperent.
3272 4497 3361 4552 Sic
3389 4497 3814 4568 interpretandi

447 4593 826 4664 singulorum,
860 4591 1115 4661 ipsorum
1145 4605 1376 4660 quoque
1409 4588 1738 4642 delictorum
1772 4605 1987 4659 genera
2019 4588 2143 4643 et"
2174 4589 2438 4660 Cypriani
2488 4588 2881 4644 necessitatem
2925 4590 3090 4644 affert
3142 4594 3258 4644 tota
3289 4606 3484 4644 rerum
3515 4594 3812 4661 gestarum

447 4688 743 4760 qualitates
768 4685 1024 4755 cogitent
1051 4700 1064 4750 ;
1098 4683 1348 4748 denique
1374 4699 1515 4754 quos
1543 4681 1649 4752 ipsi
1688 4681 1902 4749 vident,
1933 4699 2074 4752 quos
2174 4683 2346 4737 series
2379 4687 2436 4738 et
2454 4684 2744 4753 junctura.
2781 4684 2922 4737 Nam
2947 4683 3262 4755 presbyteri
3288 4700 3486 4738 ansam
3535 4684 3811 4739 turbandi

447 4787 697 4848 norunt,
737 4795 984 4850 quorum
1028 4777 1425 4848 paenitentiam
1468 4776 1838 4830 satisfactioni
1879 4777 2069 4846 proxi-
2175 4793 2416 4848 rapuere
2457 4793 2527 4830 ex
2573 4777 2780 4831 libellis
2809 4783 3147 4848 martyrum,
3198 4778 3297 4848 qui
3345 4783 3472 4848 post
3516 4781 3812 4833 tormenta.

448 4892 604 4931 mam
631 4873 1031 4945 conspiciunt,
1066 4871 1371 4941 designent
1400 4871 1738 4926 nominatim
1767 4870 1984 4938 libello,
2017 4873 2074 4924 et
2174 4870 2295 4924 dari
2319 4876 2650 4943 cmperunt;
2700 4874 2756 4924 et
2780 4870 3098 4940 Cyprianus
3129 4871 3188 4924 in
3233 4871 3398 4940 epist.
3437 4875 3518 4938 15,
3549 4877 3611 4925 ut
3641 4887 3804 4926 mar-

447 4972 524 5024 eic
545 4969 617 5024 ad
643 4968 967 5038 episc0pum
995 4965 1126 5019 fidei
1146 4981 1210 5019 ac
1239 4964 1546 5036 disciplinae
1571 4967 1952 5035 congruentes
1983 4963 2069 5018 lit-
2171 4968 2362 5035 tyrum
2407 4964 2622 5018 libellos
2679 4967 2803 5034 post
2857 4965 3067 5018 inflicta
3119 4968 3403 5018 tormenta
3430 5006 3443 5032 ,
3496 4965 3572 5018 ita
3623 4965 3808 5021 etiam

447 5068 598 5118 teras
624 5062 892 5131 dirigant.
2172 5064 2296 5129 post
2329 5058 2478 5129 ipsos
2530 5058 2747 5113 libellos
2787 5057 3081 5112 audaciam
3134 5073 3332 5112 eorum
3388 5065 3814 5116 commemorat

515 5159 572 5210 ln
604 5155 849 5225 Epistola
897 5152 970 5207 ad
997 5151 1211 5206 Clerum
1242 5150 1429 5205 adhuc
1459 5150 1854 5206 vehementius
1881 5151 2069 5224 indig-
2174 5173 2201 5201 «
2231 5152 2480 5223 quicum
2501 5153 2666 5223 lapsis
2689 5152 3106 5207 communicare
3113 5152 3233 5222 jam
3253 5157 3558 5223 coeperant.
3585 5174 3610 5201 ››
3642 5153 3814 5210 Unde

441 5255 612 5306 natur
659 5250 716 5302 in
760 5247 1118 5318 presbyteros
1149 5245 1247 5316 qui
1292 5247 1550 5299 sanctum
1605 5246 1826 5299 Domini
1867 5263 2073 5318 corpus
2173 5247 2343 5301 etiam
2373 5250 2527 5317 patet
2570 5263 2762 5301 recens
2793 5246 3030 5300 omnino
3073 5246 3248 5300 fuisse
3294 5246 3513 5300 facinus
3565 5247 3810 5318 presby-

445 5344 744 5416 profanare
771 5340 891 5394 ausi
934 5340 1182 5394 fuerant.
1231 5339 1500 5406 Declarat,
1529 5359 1556 5387 «
1603 5338 1651 5392 si
1693 5339 1840 5393 ultra
1887 5339 1943 5394 in
1978 5341 2069 5394 iis-
2172 5346 2444 5396 terorum.
2489 5340 2648 5394 ldem
2698 5343 2934 5394 testatur
2963 5340 3022 5394 in
3067 5340 3233 5411 epist.
3285 5343 3369 5407 l2,
3422 5341 3514 5395 Ad
3541 5340 3753 5395 Plebem
3796 5364 3810 5396 :

443 5444 572 5497 dem
603 5437 1121 5512 perseveraverint,
1151 5459 1178 5485 ››
1210 5453 1447 5490 usurum
1491 5453 1549 5491 se
1581 5454 1649 5491 ea
1676 5438 2069 5494 admonitione
2177 5456 2203 5484 «
2231 5435 2409 5488 Audio
2439 5440 2650 5498 tamen,
2703 5435 2905 5504 inquit,
2957 5435 3236 5505 quosdam
3263 5434 3332 5488 de
3384 5433 3806 5505 presbyteris...

445 5557 558 5612 qua
602 5539 763 5592 illum
805 5538 885 5589 uti
935 5534 1207 5589 Dominus
1238 5535 1496 5604 jubebat,
1549 5540 1608 5589 ut
1654 5537 1882 5590 interim
1934 5554 2068 5608 pro-
2164 5529 2284 5599 jam
2314 5545 2440 5582 cum
2487 5529 2654 5599 18pSiS
2685 5529 3108 5582 communicare
3148 5528 3400 5599 cmpisse.
3437 5549 3464 5578 ››
3493 5527 3621 5592 Sed,
3648 5529 3812 5598 quod

444 5633 750 5687 hibeantur
788 5627 1012 5682 offerre.
1055 5627 1195 5680 Nam
1226 5630 1436 5697 praeter
1462 5629 1772 5694 nocturnas
1805 5627 2067 5695 visiones,
2171 5639 2293 5677 rem
2322 5637 2666 5692 causamque
2695 5622 2941 5676 maxime
2970 5622 3244 5687 continet,
3293 5621 3543 5676 declarat
3564 5621 3811 5692 Cypria-

443 5742 547 5799 per
571 5725 690 5779 dies
742 5738 967 5794 quoque
995 5721 1345 5792 implebatur
1375 5741 1401 5769 ‹‹
1435 5721 1644 5790 Spiritu
1691 5726 1886 5776 sancto
1933 5739 2066 5792 pue-
2170 5734 2275 5772 nus
2323 5717 2379 5770 in
2410 5717 2657 5787 Epistola
2698 5717 2771 5771 ad
2815 5716 3025 5772 Clerum
3076 5715 3537 5787 presbyterorum
3584 5714 3812 5772 facinus

443 5832 640 5876 rorum
668 5813 944 5870 innocens
969 5817 1127 5883 tetas,
1160 5825 1287 5884 quae
1327 5811 1385 5865 in
1426 5811 1602 5866 extasi
1632 5811 1859 5866 videbat
1892 5813 2069 5868 oculis
2171 5829 2238 5868 ex
2273 5828 2344 5867 eo
2397 5827 2603 5885 genere
2637 5828 2758 5867 esse
2809 5811 2964 5885 quod
3015 5810 3152 5866 ferri
3199 5813 3256 5864 et
3299 5809 3640 5865 dissimulari
3677 5824 3809 5869 non
