4084 6208
256 295 343 346 105

252 409 404 479 possit
456 426 467 461 :

250 503 350 569 sed,
399 518 525 555 cum
575 502 807 572 quidam
865 502 1045 572 plebis
1096 504 1566 573 tranquillitatem
1625 504 1851 558 turbare

246 602 505 649 conentur
533 612 594 649 ac
630 599 813 650 totum
844 596 946 649 sibi
980 596 1287 661 vindicent,
1322 602 1508 651 tacere
1551 599 1700 652 ultra
1740 616 1849 652 non

245 694 515 760 oportere;
546 690 921 743 dissimulasse
948 707 1006 743 se
1034 707 1260 761 semper
1295 698 1350 745 et
1386 692 1683 761 pertulisse
1714 709 1853 747 con-

244 782 487 836 tumelias
518 782 895 853 episcopatus,
925 783 1025 837 sed
1058 801 1208 837 nunc
1241 784 1638 839 dissimulandi
1667 787 1851 841 locum

244 892 343 929 non
380 892 503 929 esse
535 898 561 923 ‹‹
592 876 822 946 quando
868 876 1147 947 decipitur
1182 878 1507 932 fraternitas
1546 897 1577 933 a
1616 880 1849 949 quibus-

241 970 359 1023 dam
389 971 505 1040 qui,
532 971 668 1024 dum
695 972 817 1025 sine
845 972 1063 1025 ratione
1088 972 1453 1026 restituenda).
1476 974 1671 1027 salutis
1699 974 1853 1045 plau-

240 1063 412 1117 sibiles
443 1080 563 1118 esse
590 1064 845 1135 cupiunt,
875 1065 1055 1135 magis
1084 1066 1251 1135 lapsis
1283 1066 1506 1121 obsunt.
1540 1090 1565 1114 η

301 1158 687 1211 Tillemontius
719 1158 925 1212 merito
956 1159 1319 1213 Lombertum
1350 1160 1573 1228 refellit,
1606 1161 1702 1231 qui
1729 1162 1851 1215 haec

238 1252 394 1305 verba
447 1252 706 1320 ejusdem
750 1253 1003 1321 Epistulae
1046 1254 1119 1307 ad
1164 1252 1397 1315 Clarum,
1443 1276 1469 1301 ‹‹
1515 1259 1574 1307 ut
1618 1255 1850 1309 interim

236 1345 633 1415 prohibeantur
656 1345 880 1411 offerre,
913 1367 938 1393 »
972 1347 1049 1399 sic
1079 1347 1486 1417 interpretatur
1516 1349 1675 1419 quasi
1704 1353 1852 1403 vetet

236 1439 454 1492 interim
506 1440 815 1509 Cyprianus
864 1457 933 1494 ne
978 1440 1291 1510 presbyteri
1333 1440 1576 1496 offerant
1622 1444 1852 1497 nomina

236 1534 539 1603 lapsorum.
595 1534 899 1587 Contendit
957 1534 1350 1588 Tillemontius
1414 1536 1682 1605 suspendi
1748 1538 1851 1591 hos

235 1627 597 1696 presbyteros,
632 1630 725 1679 aut
755 1628 949 1681 saltem
982 1629 1370 1697 suspensionis
1400 1630 1583 1683 minas
1621 1630 1729 1683 illis
1759 1630 1847 1683 in-

235 1720 447 1785 tentari,
488 1736 591 1773 nec
632 1736 724 1773 eos
764 1723 955 1774 tamen
998 1714 1436 1792 deponifAddit
1474 1724 1627 1776 idem
1668 1724 1849 1778 visum

233 1814 389 1867 fuisse
422 1814 681 1881 Baronio,
711 1817 767 1869 et
789 1821 920 1869 ante
945 1832 1074 1869 eum
1110 1817 1371 1882 Pamelio,
1402 1818 1562 1887 cujus
1594 1817 1851 1871 observa-
1873 1792 1928 1863 Β

234 1908 301 1960 tio
332 1908 386 1960 in
415 1907 695 1961 editiones
727 1909 925 1962 Priorii
956 1914 1011 1963 et
1041 1909 1177 1963 Felli
1217 1911 1508 1964 translata.
1539 1911 1667 1980 Sed,
1698 1912 1853 1982 quod

230 2017 353 2071 pace
380 2007 463 2055 tot
500 2001 796 2055 hominum
832 2000 1287 2057 doctissimorum
1330 2003 1588 2073 dixerim,
1619 2006 1851 2075 Cypria-

232 2111 325 2147 nus
350 2095 436 2147 his
461 2094 669 2160 verbis,
707 2116 733 2142 «
762 2100 825 2148 ut
850 2095 1077 2149 interim
1114 2097 1528 2167 prohibeantur
1566 2098 1789 2166 offerre,
1822 2120 1849 2147 υ

230 2204 331 2241 non
359 2188 821 2258 suspensionem,
856 2189 955 2242 sed
988 2190 1630 2245 excommunicationem
1663 2192 1851 2263 desig-

230 2288 329 2347 nat,
359 2298 554 2352 neque
577 2282 725 2335 hanc
752 2299 980 2352 poenam
1010 2283 1065 2337 in
1092 2301 1341 2354 praesens
1370 2288 1593 2356 tempus
1622 2285 1850 2356 infligit,

227 2376 317 2428 sed
360 2380 594 2429 tantum
642 2376 913 2430 minatur.
960 2377 1129 2431 Addit
1180 2381 1369 2432 autem
1420 2394 1432 2431 :
1482 2400 1509 2427 ‹‹
1553 2380 1748 2432 Acturi
1797 2385 1853 2433 et

228 2469 367 2539 apud
399 2486 512 2523 nos
538 2474 593 2524 et
625 2470 774 2539 apud
804 2470 1153 2525 confessores
1180 2472 1325 2541 ipsos
1353 2477 1409 2526 et
1440 2473 1590 2544 apud
1622 2473 1850 2544 plebem

224 2563 543 2617 universam
586 2580 809 2617 causam
848 2580 1011 2617 suam
1044 2581 1173 2618 cum
1212 2566 1454 2621 Domino
1487 2567 1851 2637 permittente

224 2656 272 2708 in
323 2658 519 2710 sinum
576 2658 777 2711 matris
831 2658 1091 2712 Ecclesia:
1144 2660 1394 2729 recolligi
1446 2661 1784 2731 coeperimus
1836 2678 1848 2715 :

222 2748 354 2815 haec,
387 2750 652 2821 inquam,
676 2750 850 2817 addit,
872 2752 1003 2821 quia
1033 2755 1165 2805 tunc
1193 2751 1545 2807 deliberatus
1572 2758 1713 2821 erat,
1739 2771 1850 2808 non

221 2847 403 2896 utrum
463 2850 654 2898 essent
700 2844 1023 2915 deponendi
1069 2862 1246 2899 necne
1294 2846 1351 2899 hi
1404 2848 1737 2919 presbyteri,
1791 2854 1851 2901 ut

221 2936 391 3005 placet
435 2938 827 3002 Tillemontio,
869 2939 965 2992 sed
1009 2943 1201 2992 utrum
1251 2940 1329 2992 eis
1370 2945 1515 2994 esset
1561 2942 1850 2997 reddenda

220 3044 390 3083 necne
433 3030 796 3097 communio,
827 3036 883 3085 et
914 3048 1021 3102 qua
1054 3031 1395 3100 conditione,
1428 3050 1537 3103 qua
1570 3035 1846 3104 poeniten-

217 3122 300 3176 tiae
343 3124 478 3194 lege
527 3124 842 3179 reddenda.
889 3125 1232 3195 Cyprianum
1276 3126 1441 3179 aliter
1485 3127 1843 3198 interpretari

218 3232 320 3270 non
360 3234 600 3288 possum
639 3235 768 3272 cum
802 3218 931 3289 lego
962 3218 1124 3289 epist.
1167 3222 1253 3285 28,
1288 3219 1345 3272 in
1388 3236 1495 3290 qua
1532 3223 1851 3290 gratulatur

213 3310 555 3382 presbyteris
598 3312 714 3365 suis
753 3312 1023 3377 diaconis,
1056 3313 1204 3382 quod
1244 3328 1374 3367 cum
1409 3314 1540 3367 Gaio
1584 3315 1846 3369 Diddensi

213 3404 434 3475 ejusque
484 3406 724 3459 diacono
772 3404 961 3477 105
1013 3407 1113 3477 qui
1158 3408 1624 3461 communionem
1676 3410 1846 3463 lapsis

213 3496 503 3565 dederant,
547 3500 973 3554 communicare
1015 3494 1344 3555 uoluissent.
1375 3505 1623 3557 Renovat
1660 3504 1717 3557 in
1759 3522 1847 3558 ea-

213 3590 332 3645 dem
381 3594 626 3663 epistola
677 3594 964 3648 decretum
1014 3611 1202 3660 suum,
1254 3598 1317 3648 ut
1361 3612 1393 3649 a
1438 3599 1843 3654 communione

208 3702 300 3740 sua
342 3691 614 3741 arceatur
650 3687 974 3758 quicunque
1012 3705 1182 3742 ausus
1211 3690 1382 3744 fuerit
1417 3692 1842 3748 communicare

208 3794 325 3834 cum
355 3781 559 3851 lapsis.
593 3782 681 3835 Sic
720 3781 892 3835 etiam
927 3781 985 3834 in
1018 3782 1180 3851 epist.
1213 3786 1280 3836 52
1316 3788 1465 3854 (pag.
1498 3786 1607 3855 67),
1637 3787 1837 3840 severi-

206 3878 369 3928 tatem
398 3891 433 3927 a
467 3891 529 3928 se
557 3874 860 3945 aliquando
888 3876 945 3927 in
978 3876 1157 3946 lapsos
1184 3876 1497 3931 adhibitam
1526 3895 1836 3949 exponens,

207 3963 519 4017 decrevisse
564 3980 624 4017 se
676 3968 869 4017 narrat
914 3973 992 4029 ut,
1038 3986 1065 4012 ‹‹
1108 3964 1153 4018 si
1195 3966 1319 4036 quis
1360 3972 1489 4021 ante
1535 3969 1837 4023 consilium

206 4061 485 4115 nostrum,
519 4080 546 4104 η
581 4056 784 4127 inquit,
819 4078 845 4105 ‹‹
876 4062 931 4110 et
956 4063 1084 4112 ante
1113 4059 1453 4113 sententiam
1484 4060 1552 4115 de
1581 4062 1837 4117 omnium

204 4152 431 4204 consilio
476 4154 771 4217 statutam,
810 4151 981 4221 lapsis
1025 4155 1239 4205 temere
1277 4155 1701 4209 communicare
1740 4173 1832 4210 vo-

200 4242 409 4309 luisset,
461 4246 587 4315 ipse
627 4261 659 4297 a
703 4245 1105 4299 communione
1149 4246 1547 4303 abstineretur.
1591 4271 1616 4297 ››
1663 4251 1833 4305 Porro

199 4338 475 4393 abstinere
516 4357 549 4392 a
590 4339 983 4393 communione
1025 4356 1139 4393 non
1182 4340 1331 4395 idem
1374 4346 1458 4395 est
1497 4360 1559 4397 ac
1598 4361 1830 4414 suspen-

198 4430 344 4497 dere,
398 4433 724 4503 praesertim
780 4434 925 4502 apud
977 4434 1343 4504 Cyprianum,
1393 4437 1487 4505 qui
1542 4438 1645 4491 hac
1699 4456 1831 4493 voce

1594 285 1743 344 VlTA
1782 290 1836 343 S.
1879 280 2213 344 CYPRIANI.

522 408 875 462 demonstrat
927 424 984 463 se
1039 407 1136 463 diu
1192 410 1521 478 patientiam
1576 412 1849 479 tenuisse;
1877 422 1934 493 Α
2028 408 2120 461 His
2162 408 2363 461 litteris
2398 424 2510 461 non
2552 407 2846 478 respondit
2876 408 3083 475 clerus;
3114 409 3208 462 sed
3246 408 3414 479 paulo
3458 414 3586 480 post

3484 292 3583 345 106

1954 502 2287 572 Cyprianus,
2332 502 2401 555 ad
2447 503 2758 555 custodiam
2803 504 2992 572 gregis
3037 518 3267 572 semper
3310 507 3579 570 attentus,

1954 613 2082 650 cum
2113 596 2331 649 videret
2356 595 2456 648 sibi
2486 596 2809 649 facultatem
2849 596 3121 649 redeundi
3154 597 3406 650 nondum
3437 614 3578 664 esse,

1954 694 2010 743 et
2048 690 2167 759 jam
2214 695 2467 743 aestatem
2514 689 2767 759 cmpisse,
2817 690 2969 759 quod
3008 694 3232 759 tempus
3282 690 3579 745 infirmita-

1954 784 2102 839 tibus
2149 783 2385 837 assiduis
2430 790 2487 837 et
2533 783 2798 853 gravibus
2846 783 3161 848 infestatur,
3206 790 3261 837 et
3310 784 3477 854 lapsis
3524 788 3583 838 et

1954 877 2314 931 audientibus
2353 876 2767 947 providendum
2808 875 3163 929 existimavit.
3197 877 3429 946 Scripsit
3470 878 3571 931 ita-

1954 988 2064 1041 que
2111 972 2272 1041 epist.
2318 974 2379 1023 l3
2428 971 2501 1023 ad
2546 970 2778 1031 Clarum,
2825 969 2878 1022 in
2931 986 3043 1039 qua
3088 970 3258 1023 edicit
3304 974 3363 1022 ut
3408 971 3579 1041 lapsis

1954 1062 2167 1118 libellos
2198 1069 2511 1133 martyrum
2559 1064 2916 1129 habentibus,
2960 1064 3004 1115 si
3041 1064 3355 1133 periculose
3397 1082 3576 1134 agro-

1952 1160 2227 1225 taverint,
2287 1158 2436 1229 apud
2507 1157 2899 1228 presbyterum
2970 1172 3369 1227 quemcunque
3436 1174 3581 1227 pra:-

1954 1258 2197 1318 sentem,
2247 1253 2331 1305 vel
2382 1252 2425 1305 si
2476 1251 2771 1321 presbyter
2818 1256 3075 1319 repertus
3123 1267 3238 1305 non
3285 1251 3477 1317 fuerit,
3528 1256 3583 1304 et

1952 1363 2159 1417 urgere
2188 1346 2365 1400 exitus
2394 1345 2647 1416 coeperit,
2679 1345 2831 1415 apud
2856 1344 3153 1397 diaconum
3186 1361 3412 1415 quoque
3445 1362 3578 1399 exo—

1953 1440 2268 1511 mologesin
2327 1440 2511 1493 delicti
2562 1439 2645 1491 sui
2695 1439 2879 1492 facere
2934 1438 3114 1505 liceat,
3173 1439 3341 1492 modo
3392 1443 3581 1493 tamen

1954 1538 2270 1604 martyrum
2316 1532 2697 1604 praerogativa
2738 1532 2884 1602 apud
2931 1534 3110 1585 Deum
3157 1532 3410 1600 adjuvari
3454 1549 3582 1603 pos-

1952 1630 2080 1681 sint.
2114 1626 2342 1683 Creteris
2374 1626 2472 1696 qui
2507 1642 2621 1679 non
2656 1630 2989 1694 acceperant
3015 1624 3255 1691 libellos,
3293 1626 3387 1678 sed
3421 1626 3585 1679 mites

1954 1724 2011 1774 et
2041 1721 2285 1774 humiles
2318 1720 2703 1790 paenitentiam
2732 1719 2996 1788 agebant,
3020 1718 3273 1770 futurum
3306 1719 3588 1787 promittit

1953 1820 2015 1867 ut
2046 1814 2154 1867 illis
2198 1829 2425 1883 quoque
2470 1812 2660 1865 divino
2708 1811 2959 1864 remedio
2998 1811 3341 1864 consulatur.
3376 1811 3582 1866 Simili-

1954 1913 2043 1962 ter
2072 1906 2387 1979 praescribit
2422 1912 2485 1959 ut
2516 1905 2881 1958 audientibus
2912 1904 3161 1958 divinam
3202 1904 3441 1975 gratiam
3474 1906 3583 1958 im-

1955 2000 2305 2072 plorantibus
2364 1998 2747 2052 misericordia
2801 1997 3024 2051 Domini
3079 2014 3194 2051 non
3252 1998 3583 2067 denegetur.

1954 2095 2135 2148 Simili
2167 2094 2393 2147 decreto
2433 2092 2599 2162 lapsis
2640 2091 2923 2144 consuluit
2967 2091 3020 2143 in
3056 2091 3156 2144 hac
3195 2092 3587 2161 persecutione

1957 2189 2255 2259 Dionysius
2283 2186 2720 2240 Alexandrinus.
2756 2186 2877 2255 lpse
2918 2185 3069 2238 enim
3110 2188 3344 2238 testatur
3370 2186 3427 2237 in
3456 2188 3585 2255 Epi-

1956 2283 2095 2336 stola
2140 2282 2214 2335 ad
2256 2282 2478 2335 Fabium
2522 2280 2911 2332 Antiochenum
2960 2294 3017 2331 se
3062 2278 3399 2348 praacepisse
3449 2300 3475 2325 ‹‹
3529 2286 3589 2331 ut

1956 2374 2266 2442 morituris,
2314 2374 2358 2427 si
2416 2376 2693 2443 peterent,
2743 2376 2799 2425 et
2848 2372 3088 2425 maxime
3138 2373 3184 2424 si
3238 2378 3401 2425 antea
3454 2390 3582 2442 sup-

1956 2469 2178 2541 pliciter
2208 2468 2600 2539 postulassent,
2635 2466 2797 2520 venia
2828 2466 3246 2536 indulgeretur,
3279 2483 3391 2537 quo
3421 2467 3587 2520 boum

1954 2563 2077 2635 spei
2122 2563 2272 2633 pleni
2318 2580 2387 2615 ex
2426 2562 2531 2615 hac
2573 2561 2682 2613 vita
2714 2560 3033 2629 migrarent
3063 2580 3090 2608 »
3126 2560 3347 2627 (Euseb.
3383 2560 3478 2615 lib.
3513 2577 3585 2627 vr,

1954 2674 2076 2727 cap.
2113 2658 2220 2725 44).
2268 2656 2577 2709 Discrimen
2622 2654 2782 2724 ponit
2826 2654 3119 2723 Dionysius
3166 2653 3311 2707 inter
3348 2670 3444 2707 eos
3490 2655 3586 2726 qui

1953 2750 2350 2821 paenitentiam
2394 2752 2631 2818 urgente
2671 2746 2924 2817 periculo
2962 2747 3247 2815 petebant,
3279 2752 3335 2801 et
3371 2764 3463 2801 eos
3492 2748 3589 2817 qui

1952 2850 2084 2897 ante
2140 2843 2401 2897 morbum
2448 2841 2753 2911 petierant.
2811 2840 3074 2903 Quamvis
3124 2846 3317 2893 autem
3367 2841 3423 2894 in
3482 2842 3589 2895 hoc

1954 2937 2174 2991 delectu
2220 2936 2480 2990 habendo
2522 2951 2638 2988 non
2678 2940 2797 2987 tam
2840 2934 3093 2987 videatur
3133 2938 3428 2987 accuratus
3468 2951 3587 2989 esse

1953 3048 2122 3101 quam
2169 3030 2508 3101 Cyprianus,
2560 3028 2653 3098 qui
2705 3028 3045 3081 nominatim
3096 3027 3335 3098 requirit
3380 3031 3441 3081 ut
3487 3028 3587 3098 qui

1950 3125 2164 3178 libellos
2220 3142 2249 3176 a
2310 3122 2651 3193 martyribus
2708 3128 3068 3191 acceperant,
3122 3137 3317 3175 eorum
3374 3121 3584 3177 auxilio

1953 3224 2007 3272 et
2053 3218 2431 3290 praerogativa
2480 3215 2632 3287 apud
2681 3216 2986 3269 Dominum
3038 3214 3293 3284 adjuvari
3343 3217 3580 3286 possint,

1951 3313 2207 3367 eamdem
2256 3314 2447 3365 tamen
2494 3310 2787 3380 utriusque
2836 3309 3183 3363 sententiam
3232 3325 3353 3362 esse
3397 3311 3583 3364 credi-

1950 3405 2161 3473 derim;
2198 3422 2298 3459 nec
2338 3403 2533 3458 dubito
2564 3404 2702 3473 quin
2736 3402 3030 3473 Dionysius
3067 3418 3265 3473 pacem
3305 3420 3419 3455 non
3448 3420 3578 3458 con-

1946 3501 2217 3565 cessisset,
2244 3500 2285 3552 si
2315 3498 2410 3569 qui
2438 3498 2831 3568 pmnitentiam
2860 3497 3124 3550 audacter
3148 3495 3195 3567 1
3367 3499 3579 3552 detrec-

1946 3598 2177 3659 tassent,
2214 3593 2269 3646 id
2313 3593 2464 3663 quod
2512 3592 2567 3644 in
2611 3591 2796 3645 Africa
2841 3590 3210 3645 commissum
3250 3608 3280 3642 a
3321 3592 3577 3661 pluribus

1943 3689 2217 3742 videmus.

2015 3784 2153 3838 Cum
2200 3778 2578 3850 respondisset
2622 3780 2804 3832 clerus
2850 3778 2982 3832 huic
3026 3778 3277 3849 epistolae
3318 3780 3569 3850 (questus

1941 3877 2093 3929 enim
2131 3876 2313 3928 fuerat
2348 3872 2660 3943 Cyprianus
2703 3872 2852 3942 quod
2896 3874 2983 3925 tot
3020 3872 3135 3925 suis
3183 3871 3383 3927 litteris
3429 3873 3570 3927 nihil

1941 3970 2326 4039 responderet,
2376 3984 2439 4020 ac
2484 3966 2653 4019 simul
2699 3966 3075 4019 consuluisset
3120 3964 3190 4018 de
3233 3966 3568 4035 quibusdam

1938 4061 2331 4116 immoderatis
2360 4064 2415 4113 et
2440 4059 3012 4113 communicationem
3044 4058 3434 4128 accipiendam
3465 4060 3568 4114 fes-

1938 4157 2187 4210 tinanter
2237 4154 2600 4225 urgentibus,
2653 4152 2846 4206 scribit
2899 4152 3211 4222 Cyprianus
3263 4152 3565 4223 epistolam

1940 4252 2022 4316 14,
2056 4250 2113 4303 in
2141 4266 2254 4319 qua
2290 4247 2592 4301 conﬁrmat
2621 4246 2771 4316 quod
2811 4244 3084 4316 proximis
3115 4245 3316 4300 litteris
3349 4249 3562 4302 statue-

1934 4349 2017 4397 rat
2052 4344 2119 4397 de
2160 4343 2329 4412 lapsis
2370 4340 2678 4411 periculose
2717 4339 3158 4411 aegrotantibus;
3195 4340 3566 4396 vehementer

1934 4441 2123 4492 autem
2178 4436 2377 4489 refellit
2430 4438 2487 4488 et
2538 4435 2779 4505 castigat
2828 4434 3187 4504 importunus
3233 4434 3357 4487 illos
3407 4436 3562 4505 pacis

199 4526 849 4581 exeommunicationem
876 4527 1151 4597 designat,
1177 4530 1329 4583 velut
1354 4545 1483 4583 cum
1512 4531 1589 4584 ait
1616 4532 1833 4586 absten-
1855 4532 1910 4602 Ι)
1935 4531 2338 4603 efﬂagitatores
2371 4546 2382 4583 :
2417 4551 2443 4579 ‹‹
2478 4529 2606 4595 Qui,
2636 4528 2682 4581 si
2714 4528 2957 4582 nimium
2996 4533 3324 4598 properant,
3355 4529 3560 4600 inquit,

200 4622 311 4673 tum
354 4638 386 4673 a
426 4637 488 4673 se
536 4636 655 4673 esse
699 4620 1099 4674 Felicissimum
1144 4622 1200 4675 in
1243 4624 1405 4693 epist.
1442 4626 1539 4690 48;
1566 4627 1829 4681 Iovinum

198 4718 249 4766 et
314 4714 635 4768 Maximum
694 4715 763 4767 ob
827 4715 1068 4769 nefanda
1126 4717 1395 4771 sacrificia
1459 4720 1515 4772 in
1588 4722 1829 4776 concilio

199 4807 511 4874 abstentos,
545 4808 707 4877 epist.
742 4811 835 4873 55;
875 4809 1241 4864 Novatianum
1286 4828 1388 4883 per
1416 4816 1597 4867 totum
1632 4815 1829 4869 orbem

198 4916 224 4952 a
256 4901 661 4955 sacerdotibus
704 4903 797 4955 Dei
839 4902 1183 4967 abstentum,
1226 4906 1390 4976 epist.
1434 4910 1518 4961 67.
1565 4909 1655 4961 His
1696 4926 1832 4979 ergo

198 4995 394 5061 verbis,
449 5016 477 5044 α
533 4999 594 5047 ut
644 4994 867 5050 interim
913 4998 1323 5067 prohibeantur
1368 5000 1589 5067 olferre,
1642 5022 1668 5052 ι)
1721 5021 1831 5057 non

195 5090 375 5143 solum
408 5088 804 5158 sacerdotalis,
834 5090 934 5144 sed
960 5092 1130 5145 etiam
1161 5093 1307 5147 laica
1338 5094 1552 5149 oblatio
1585 5100 1641 5149 et
1670 5114 1830 5151 com-

200 5184 391 5237 munio
445 5183 767 5237 auferenda
805 5185 1192 5240 denuntiatur.
1243 5188 1382 5241 lllud
1427 5191 1595 5244 etiam
1640 5208 1705 5245 ex
1747 5192 1834 5245 his

197 5292 314 5344 qua:
357 5278 620 5331 diximus
660 5279 1015 5348 perspicitur,
1055 5281 1199 5335 hanc
1232 5300 1452 5352 poenam
1498 5302 1607 5339 non
1643 5286 1833 5339 statim

198 5384 225 5420 a
264 5372 559 5443 Cypriane
600 5379 919 5443 arrogatam
971 5373 1163 5439 fuisse,
1204 5377 1303 5430 sed
1352 5378 1533 5433 minas
1584 5383 1832 5434 tantum-

202 5465 390 5529 modo,
437 5470 507 5518 ut
558 5466 900 5520 difﬁcillimis
943 5469 1293 5539 temporibus
1334 5489 1396 5527 ac
1435 5490 1659 5528 summa
1701 5490 1832 5544 pru-

200 5556 387 5611 dentia
418 5560 747 5629 egentibus,
780 5561 1089 5616 intentatas
1132 5565 1320 5619 fuisse.
1352 5569 1529 5637 Atque
1562 5568 1619 5621 id
1659 5569 1833 5622 etiam

199 5653 507 5706 conﬁrmat
535 5670 656 5706 cum
690 5655 892 5709 eximia
922 5657 1185 5727 Cypriani
1219 5660 1273 5712 in
1314 5662 1563 5715 tacendis
1602 5663 1835 5732 presby-

202 5754 455 5800 terorum
520 5748 840 5802 nominibus
890 5751 1111 5817 lenitas,
1162 5756 1284 5807 tum
1334 5755 1404 5808 ab
1461 5773 1526 5809 eo
1578 5757 1838 5826 apposita

208 5841 480 5905 conditio,
517 5859 545 5889 α
577 5842 621 5894 si
655 5843 799 5897 ultra
830 5844 886 5898 in
928 5845 1132 5901 iisdem
1166 5850 1666 5919 perseveraverint.
1703 5874 1729 5901 ››

558 5937 823 6004 ΡΑτιιοι..
866 5941 965 6006 lV.

1936 4626 2143 4679 habent
2187 4625 2243 4678 in
2292 4641 2393 4677 sua
2434 4624 2711 4693 potestate
2759 4621 2909 4692 quod
2954 4622 3259 4691 postulant,
3301 4626 3563 4692 tempore

1932 4720 2052 4789 ipso
2085 4719 2191 4773 sibi
2223 4720 2523 4789 plusquam
2555 4716 2839 4785 postulant
2865 4716 3165 4785 largiente.
3191 4714 3350 4768 Acies
3378 4715 3565 4769 adhuc

1934 4814 2151 4883 geritur
2195 4818 2251 4866 et
2296 4827 2444 4880 agon
2492 4808 2744 4879 quotidie
2790 4808 3123 4861 celebratur.
3168 4807 3225 4861 Si
3274 4808 3565 4863 commissi

1935 4925 2060 4961 vere
2092 4913 2146 4961 et
2171 4907 2408 4960 firmiter
2436 4904 2667 4974 pamilet
2697 4905 2753 4955 et
2780 4902 2913 4955 fidei
2952 4902 3109 4955 calor
3146 4903 3430 4972 praevalet,
3463 4903 3563 4975 qui

1935 5002 2148 5057 differri
2187 5017 2297 5054 non
2338 5003 2539 5070 potest,
2584 5000 2765 5068 potest
2797 4997 3074 5050 coronari.
3117 5019 3143 5045 ››
3194 4997 3425 5051 Videtur
3462 4998 3566 5052 hac

1936 5097 2187 5149 oratione
2252 5094 2561 5164 Cyprianus
2622 5091 2789 5161 lapsis
2844 5090 3159 5144 concedere
3224 5093 3287 5144 ut
3349 5092 3565 5162 seipsos

1936 5191 2177 5244 offerant
2220 5187 2545 5258 judicibus;
2601 5201 2787 5255 neque
2842 5185 3015 5252 enim,
3064 5184 3107 5237 si
3157 5201 3253 5239 eos
3301 5186 3567 5241 voluisset

1937 5286 2291 5355 exspectare,
2351 5281 2488 5334 dum
2549 5280 2667 5333 dies
2722 5278 2830 5332 illis
2884 5278 3198 5345 diceretur,
3256 5278 3311 5333 in
3368 5296 3567 5334 eorum

1938 5382 2215 5449 potestate
2259 5391 2375 5429 esse
2421 5373 2571 5445 quod
2619 5372 2922 5443 postulant,
2969 5372 3219 5427 dixisset.
3266 5374 3399 5427 Erat
3437 5390 3571 5429 sane

1938 5473 2168 5525 vetitum
2213 5486 2283 5523 ne
2321 5469 2448 5539 quis
2488 5484 2544 5521 se
2575 5469 2722 5521 ultro
2768 5465 3015 5531 offerret,
3056 5467 3225 5536 idque
3267 5466 3574 5521 declaravit

1940 5565 2253 5635 Cyprianus
2285 5578 2469 5617 coram
2502 5562 2743 5614 Paterno
2770 5560 3137 5631 proconsule;
3164 5559 3261 5613 sed
3291 5559 3571 5630 ejusmodi

1942 5661 2095 5725 leges
2123 5657 2294 5711 variis
2321 5654 2760 5711 circumstantiis
2792 5653 3077 5707 interdum
3108 5653 3340 5707 cedunt.
3376 5654 3573 5707 Multos

1944 5755 2096 5806 enim
2127 5751 2405 5816 videmus,
2432 5750 2583 5803 velut
2608 5749 2757 5819 apud
2785 5748 3071 5803 Justinum
3099 5748 3151 5800 in
3183 5748 3404 5801 minore
3433 5750 3573 5814 Apo-

1944 5850 2108 5916 logia,
2160 5851 2215 5899 et
2258 5843 2410 5915 apud
2462 5842 2757 5897 Eusebium
2806 5841 2901 5895 lib.
2956 5858 3068 5905 vui,
3124 5842 3268 5895 ultro
3315 5840 3569 5910 judicent

3226 5947 3262 6005 4
