4084 6208
457 297 556 350 107

1820 283 1972 338 νιτΑ
2011 282 2064 336 S.
2109 275 2441 335 CYPRIANI.

3717 273 3814 332 108

456 418 684 473 adortos
712 430 858 484 esse,
882 416 939 469 et
967 413 1038 468 ad
1066 411 1490 468 confessionem
1513 409 1796 464 invocatos
1818 406 2036 461 venisse
2063 421 2075 458 :
2101 417 2160 490 Α
2251 402 2467 456 Sanare
2499 398 2816 454 debuerant
2839 399 3196 455 exulceratas
3226 402 3447 454 mentes
3473 397 3680 453 litterae
3712 398 3818 470 Cy-

455 513 512 566 in
553 511 760 582 quibus
807 509 850 563 si
900 524 1014 563 non
1055 507 1408 577 vituperatur
1452 505 1573 559 haec
1611 503 1862 568 libertas,
1905 501 2085 555 multo

456 606 642 660 minus
675 605 732 657 in
764 603 941 674 lapsis
980 617 1208 672 semper
1235 598 1625 670 vituperanda.
1655 613 1796 667 quos
1827 611 1932 666 par
1964 597 2087 649 erat

451 700 671 752 illatum
726 696 946 752 nomini
998 695 1316 750 Christiano
1371 693 1618 747 dedecus
1669 706 1969 760 reparare,
2021 706 2086 742 ac

451 791 741 849 Christum
771 791 848 845 ibi
881 789 1131 846 conﬁteri
1166 789 1262 842 ubi
1291 787 1531 857 turpiter
1559 788 1918 855 negaverant.
1950 783 2087 836 Lau-

452 887 554 941 des
599 886 859 942 Ecclesiae
909 886 1177 940 Romanaa
1225 883 1388 952 plena
1441 895 1617 934 manu
1665 877 1976 949 Cyprianus
2027 877 2084 930 in

453 981 660 1035 coelum
701 979 865 1045 tollit,
900 977 1066 1049 epist.
1114 981 1201 1044 57,
1241 974 1396 1046 quod
1437 973 1757 1045 prodeunte
1799 971 1870 1025 ad
1911 970 2081 1024 conﬁ-

453 1073 695 1128 tendum
739 1070 1017 1136 Cornelio,
1067 1070 1310 1124 accurrit
1351 1069 1728 1138 properanter
1769 1070 1824 1119 et
1869 1063 2086 1118 venerit

449 1166 705 1238 quisquis
734 1165 969 1232 audivit,
1001 1179 1107 1216 nec
1137 1160 1347 1232 singuli
1387 1160 1612 1225 milites,
1643 1157 1742 1212 sed
1771 1160 1888 1211 tota
1917 1156 2085 1210 simul

450 1265 631 1314 castra
678 1259 748 1313 ad
801 1273 1056 1330 pugnam
1106 1254 1442 1327 prodierint,
1491 1251 1794 1322 omnisque
1843 1249 2087 1304 Ecclesia

453 1356 707 1409 Romana
738 1351 994 1407 confessa
1023 1350 1116 1416 sit,
1152 1366 1216 1404 ac
1242 1347 1378 1419 lapsi
1412 1346 1644 1417 plurimi
1671 1345 1917 1416 gloriosa
1943 1360 2081 1398 eon-

451 1447 696 1503 fessione
725 1445 989 1501 restituti.

450 1593 559 1645 ΧΙΙ.
591 1621 659 1630 --
686 1593 759 1644 De
788 1587 1034 1657 Epistola
1065 1587 1167 1641 XV
1195 1586 1253 1642 S.
1288 1584 1556 1654 Cypriani
1590 1588 1640 1637 et
1680 1582 1932 1653 pluribus
1962 1581 2086 1636 aliis

651 1670 821 1740 paulo
846 1673 971 1738 post
998 1682 1132 1721 novo
1168 1667 1407 1720 tumultu
1432 1667 1615 1719 exorto
1646 1664 1878 1733 scriptis.

2188 494 2395 566 priani,
2425 495 2483 548 in
2509 493 2714 564 quibus
2733 493 2950 564 justam
2982 494 3344 548 severitatem
3372 493 3576 546 lenitas
3605 496 3822 562 tempe-

2187 589 2370 655 rabat;
2417 588 2514 641 sed
2559 587 2857 654 Lucianns,
2899 587 3265 644 iucitantibus
3313 586 3546 640 nefariis
3588 586 3819 657 presby-

2186 682 2338 748 teris,
2372 697 2578 736 novum
2619 680 2836 735 facinus
2876 681 3074 736 edidit.
3105 681 3342 751 Scripsit
3377 680 3656 750 Cypriano
3697 695 3818 733 om-

2187 776 2348 830 nium
2389 775 2780 829 confessorum
2821 774 3055 829 nomine
3099 796 3126 822 «
3165 773 3446 828 universis
3485 789 3584 827 eos
3623 788 3823 845 pacem

2188 869 2430 936 dedisse,
2459 874 2517 923 et
2547 869 2691 924 hanc
2731 868 2976 923 formam
3016 885 3122 939 per
3151 867 3496 940 Cyprianum
3537 867 3662 922 aliis
3700 866 3822 938 epi-

2187 962 2369 1034 scopis
2415 962 2774 1017 innotescere
2817 962 2982 1016 velle.
3036 980 3062 1014 »
3113 961 3271 1026 Quod
3319 967 3508 1016 autem
3560 960 3824 1027 addebat,

2190 1078 2218 1105 ‹‹
2247 1055 2315 1110 de
2347 1055 2551 1126 quibus
2582 1054 2723 1109 ratio
2764 1054 3081 1110 constiterit
3121 1055 3258 1126 quid
3295 1062 3420 1126 post
3457 1054 3825 1109 commissum

2187 1149 2430 1220 egerint,
2482 1170 2509 1198 ››
2564 1148 2618 1202 id
2673 1147 2746 1202 ad
2797 1148 3067 1203 invidiam
3125 1148 3404 1219 Cypriane
3459 1147 3824 1204 conﬁandam

2185 1241 2499 1314 spectabat,
2535 1246 2596 1296 ut
2625 1242 2745 1312 ipse
2771 1241 3037 1296 observat
3067 1242 3230 1313 epist.
3260 1244 3349 1296 23.
3382 1241 3619 1296 Videtur
3650 1242 3827 1298 etiam

2181 1336 2417 1390 liberior
2462 1335 2728 1406 quaedam
2774 1335 3090 1390 admonitio
3131 1335 3414 1390 contineri
3456 1335 3542 1389 his
3582 1335 3764 1391 verbis
3809 1358 3820 1390 :

2191 1451 2217 1479 «
2254 1430 2530 1501 Optamus
2574 1434 2629 1483 te
2679 1445 2806 1484 cum
2847 1429 3050 1484 sanctis
3091 1429 3433 1500 martyribus
3471 1445 3674 1499 pacem
3716 1430 3825 1485 ha-

2185 1523 2342 1578 bere.
2377 1544 2404 1572 »
2438 1525 2512 1579 Ex
2553 1522 2662 1576 hac
2705 1522 2939 1578 Luciani
2980 1522 3238 1593 epistola,
3271 1539 3402 1594 quae
3436 1528 3518 1576 est
3564 1526 3627 1577 17
3669 1523 3826 1594 apud

2185 1617 2514 1683 Pamelium,
2541 1621 2681 1670 ortae
2710 1616 3037 1685 seditiones,
3063 1621 3120 1670 et
3145 1616 3203 1670 in
3231 1615 3526 1687 provincia
3551 1616 3822 1686 Cypriani

2187 1730 2216 1758 ‹‹
2253 1726 2358 1781 per
2397 1710 2615 1780 aliquot
2653 1709 2903 1764 civitates
2941 1709 3000 1763 in
3048 1709 3382 1781 praepositos
3430 1710 3676 1781 impetus
3721 1726 3826 1781 per

521 1807 629 1859 Tot
689 1803 858 1858 rebus
910 1802 982 1856 ad
1039 1800 1300 1856 Ecclesiae
1351 1798 1798 1870 pacificationem
1861 1795 2159 1870 fortiteI‘B
2185 1803 2614 1858 multitudinem
2660 1803 2859 1872 factus,
2894 1806 2950 1857 et
2993 1820 3193 1874 pacem
3237 1803 3534 1858 confestim
3578 1803 3686 1858 sibi
3733 1819 3822 1858 re-

451 1899 879 1970 prudenterque
931 1895 1121 1967 gestis,
1173 1894 1394 1964 scripsit
1443 1891 1757 1963 Cyprianus
1807 1889 1970 1960 epist.
2024 1892 2088 1942 15

453 1993 524 2048 ad
575 1992 794 2045 clerum
845 1992 1187 2056 Romanum,
1244 1985 1531 2058 purgandi
1595 1985 1679 2038 sui
1736 2000 1933 2052 causa;
1984 1998 2088 2036 nec

452 2085 638 2157 aptius
679 2083 992 2156 quidquam
1027 2098 1144 2136 esse
1176 2079 1447 2151 judicavit
1477 2079 1546 2133 ad
1576 2078 1799 2148 iniquas
1824 2076 2090 2147 suspicio-

453 2196 557 2234 nes
585 2177 960 2248 repellendas,
989 2191 1163 2247 quam
1189 2177 1255 2228 ut
1282 2177 1518 2229 Romam
1546 2172 1801 2226 mitteret
1836 2169 2088 2241 quinque

453 2274 522 2328 de
556 2271 728 2342 lapsis
765 2271 987 2325 litteras
1027 2285 1158 2323 cum
1197 2273 1320 2322 octo
1363 2265 1485 2320 aliis
1520 2266 1730 2337 pariter
1769 2265 1825 2318 in
1869 2279 2088 2317 secessu

455 2366 701 2436 scriptis,
735 2381 800 2418 ex
843 2363 1048 2435 quibus
1079 2363 1215 2417 duas
1243 2365 1466 2416 tantum
1498 2375 1789 2430 superesse
1827 2358 2085 2412 observa-

455 2461 660 2525 vimus,
715 2474 921 2528 nempe
971 2457 1232 2528 quintam
1277 2455 1347 2511 ad
1390 2455 1608 2510 clerum
1657 2455 1713 2507 et
1764 2468 1972 2506 nonam
2015 2450 2088 2505 ad

455 2553 821 2608 confessores.
853 2551 1078 2606 Miriﬁce
1103 2554 1297 2604 autem
1334 2550 1514 2604 elucet
1545 2546 1813 2618 Cypriani
1845 2545 2088 2600 Charitas

457 2654 514 2702 et
544 2645 721 2701 animi
760 2645 1080 2700 moderatio
1113 2645 1168 2698 in
1197 2644 1272 2698 ad
1298 2647 1564 2700 Romanos
1600 2641 1763 2712 epist.
1796 2644 1857 2694 15
1889 2657 1902 2694 :
1933 2639 2090 2693 nulla

457 2741 611 2798 enim
632 2741 779 2795 inest
799 2739 982 2794 animi
1006 2737 1204 2794 oﬁ'ensi
1229 2736 1588 2807 signiﬁcatio,
1613 2733 1786 2789 nullae
1808 2732 2083 2805 querelae;

455 2834 558 2889 sed
598 2851 698 2888 cur
739 2832 1048 2898 secesserit,
1080 2831 1214 2902 quid
1257 2829 1438 2898 egerit
1475 2829 1532 2883 in
1575 2843 1814 2896 secessu,
1846 2826 2090 2881 breviter

453 2926 717 2998 exponit;
759 2929 817 2980 et
842 2942 947 2996 pro
975 2941 1198 2979 summo
1225 2940 1329 2978 suo
1358 2921 1590 2976 unitatis
1615 2920 1806 2974 studio
1835 2919 2090 2974 declarat

454 3038 512 3076 se
546 3022 602 3074 in
631 3021 700 3074 iis
729 3037 854 3091 quae
883 3019 1052 3090 lapsis
1071 3017 1476 3090 paenitentibus
1502 3014 1796 3081 concessit,
1819 3013 2086 3069 standum

454 3119 681 3187 putasse
727 3120 783 3169 et
827 3130 957 3169 cum
1007 3113 1242 3168 Romani
1290 3111 1425 3166 cleri
1465 3109 1768 3175 sententia,
1813 3123 1886 3162 ne
1934 3111 2091 3161 actus

457 3165 676 3187 τ-ν--υ
734 3165 779 3169 ν-
833 3165 956 3169 ηπ*
1755 3165 1767 3175 ,

455 3214 667 3278 uoster,
711 3209 914 3279 inquit,
957 3228 984 3257 «
1029 3206 1128 3278 qui
1175 3205 1457 3260 adunatus
1501 3220 1622 3258 esse
1665 3207 1722 3257 et
1769 3165 2165 3256 consentireC

455 3304 604 3358 circa
634 3302 829 3356 omnia
855 3300 1047 3366 debet,
1082 3320 1110 3349 ››
1142 3299 1200 3353 in
1233 3299 1425 3369 aliquo
1461 3297 1822 3368 discreparet.

528 3396 791 3466 Quinque
839 3393 1048 3448 litterae
1093 3409 1234 3464 quas
1275 3391 1588 3462 Cyprianus
1634 3390 1786 3444 inter
1826 3394 2016 3445 motus
2057 3405 2091 3442 a

455 3489 628 3560 lapsis
657 3488 924 3543 excitatos
954 3486 1256 3557 scripserat
1287 3501 1400 3539 non
1445 3485 1625 3538 solum
1668 3484 1956 3550 Romanis,
1989 3481 2086 3536 sed

455 3583 630 3638 etiam
657 3583 727 3636 ad
751 3581 1023 3652 plurimos
1050 3580 1338 3651 episcopos
1368 3578 1549 3632 missae
1581 3578 1836 3645 fuerunt;
1853 3576 2090 3648 jamque

459 3676 644 3749 107
696 3676 772 3730 illi
820 3674 1226 3746 rescripserant
1264 3672 1546 3744 Cypriane
1594 3692 1621 3720 «
1663 3688 1721 3724 se
1765 3687 1990 3741 quoque
2030 3671 2089 3724 in

453 3772 658 3826 eodem
687 3769 924 3824 consilio
954 3768 1268 3822 secundum
1296 3766 1632 3824 catholicam
1658 3765 1831 3820 ﬁdem
1859 3767 2028 3830 stare,
2060 3786 2086 3813 ››

454 3881 582 3919 cum
626 3863 944 3934 Cyprianus
981 3861 1250 3916 Caldonio
1292 3860 1556 3931 episcopo
1598 3857 1906 3929 respondit.
1940 3858 2087 3912 Con-

465 3959 715 4013 suluerat
742 3974 873 4011 eum
902 3955 1207 4012 Caldonius
1236 3954 1305 4008 de
1336 3953 1620 4007 nonnullis
1654 3974 1680 4001 ‹‹
1712 3952 1830 4023 qui,
1863 3954 2088 4022 postea-

453 4067 628 4123 quam
675 4050 1152 4115 sacriﬁcaverunt,
1198 4048 1399 4101 iterato
1447 4046 1608 4114 tenti,
1663 4051 1918 4100 extorres
1962 4048 2093 4098 sunt

454 4145 624 4214 facti;
659 4165 686 4194 »
729 4143 878 4198 inter
918 4159 1057 4214 quos
1101 4144 1226 4196 erat
1266 4140 1472 4194 mulier
1497 4141 1731 4194 nomine
1766 4140 1934 4205 Bona,
1963 4153 2090 4208 quae

455 4255 586 4295 cum
637 4244 819 4293 tracta
866 4239 1014 4292 esset
1059 4252 1093 4289 a
1139 4235 1342 4288 marito
1385 4235 1455 4289 ad
1499 4232 1952 4298 sacriﬁcandum,
2005 4230 2088 4285 vel

412 4325 642 4404 'potius
669 4349 785 4388 non
829 4331 947 4402 ipsa
975 4329 1363 4395 sacriﬁcasset,
1395 4328 1496 4382 sed
1525 4328 1622 4398 qui
1666 4343 1870 4380 manus
1907 4326 2086 4380 reluc-

457 4427 628 4490 tantis
672 4425 972 4494 tenebant;
1009 4423 1214 4495 quibus
1257 4423 1379 4493 ipsa
1417 4421 1643 4476 dicebat
1683 4437 1696 4475 :
1737 4441 1764 4470 ‹‹
1799 4421 1922 4475 Non
1961 4419 2088 4486 feci,

458 4537 555 4596 yos
603 4519 826 4585 fecistis,
880 4539 900 4569 ι
953 4518 1075 4588 ipsa
1119 4517 1291 4572 etiam
1345 4516 1491 4570 facta
1545 4519 1632 4569 est
1683 4513 1945 4570 extorris.
1994 4513 2090 4568 llis

457 4630 656 4687 pacem
701 4613 1048 4684 petentibus,
1093 4610 1352 4682 quamvis
1399 4627 1511 4664 non
1562 4609 1846 4663 dubitaret
1890 4608 2086 4664 Caldo-

453 4709 583 4778 giius
629 4707 765 4778 quin
811 4705 967 4777 prius
1011 4705 1281 4760 delictum
1328 4703 1658 4771 abluissent,
1704 4702 1847 4756 nihil
1892 4707 2088 4756 tamen

455 4807 701 4870 statuere
746 4801 920 4855 voluit
962 4799 1068 4854 nisi
1113 4796 1376 4869 Cypriani
1427 4796 1721 4851 accederet
1763 4796 2084 4851 auctoritas.

456 4896 673 4966 Laudat
710 4894 1028 4965 Cyprianus
1070 4891 1220 4946 illius
1259 4891 1645 4963 prudentiam,
1678 4906 1742 4944 ac
1785 4889 2090 4960 respondet

455 4989 734 5061 ejusmodi
760 4987 1044 5052 homines,
1076 5007 1104 5035 «
1134 5001 1264 5040 cum
1293 4984 1576 5040 abluerint
1602 5001 1770 5039 omne
1796 4983 2086 5050 delictum,

457 5088 517 5140 et
563 5083 844 5138 maculam
903 5079 1235 5151 pristinam,
1289 5078 1584 5133 assistente
1645 5077 1752 5144 sibi
1811 5075 2085 5144 Domino,

455 5178 682 5252 potiore
714 5177 923 5230 virtute
951 5173 1281 5241 deleverint,
1311 5173 1504 5243 jacere
1544 5172 1695 5226 ultra
1723 5170 1824 5226 sub
1861 5170 2088 5226 diabolo

457 5273 620 5346 quasi
688 5274 992 5343 prostratos
1050 5284 1161 5321 non
1218 5265 1444 5320 debere.
1507 5287 1533 5316 »
1594 5265 1759 5320 Mittit
1818 5265 2089 5321 Caldonio

461 5389 490 5421 ι(
534 5367 744 5420 librum
787 5380 920 5417 cum
969 5361 1219 5432 epistolis
1263 5376 1500 5415 numero
1545 5360 1816 5432 quinque.
1860 5380 1886 5411 ››
1934 5361 2090 5414 Hunc

459 5461 672 5516 librum
703 5458 887 5512 Fellus
913 5456 1326 5526 interpretatur
1349 5454 1538 5524 ipsum
1565 5454 1894 5508 fasciculum
1923 5455 2087 5525 quin-

463 5572 573 5627 que
615 5554 970 5617 litterarum;
1018 5549 1292 5620 Rigaltius
1338 5553 1391 5602 et
1451 5549 1706 5602 Baluzius
1762 5549 2093 5620 intelligunt

465 5650 676 5705 librum
703 5648 767 5702 de
791 5648 1014 5717 Lapsis;
1047 5643 1146 5698 sed
1189 5643 1234 5697 is
1275 5642 1529 5697 nondum
1566 5647 1692 5698 erat
1721 5645 2088 5715 compositus.

469 5744 714 5815 Epistola
738 5740 994 5798 Caldonii
1018 5742 1076 5793 et
1097 5737 1385 5809 responsio
1405 5736 1670 5807 Cypriani
1691 5738 1974 5792 decimum
2001 5756 2094 5791 no-

449 5858 606 5900 num
640 5845 697 5893 et
723 5837 1050 5890 vicesimum
1078 5835 1264 5888 locum
1298 5840 1495 5888 tenent
1526 5832 1580 5887 in
1613 5832 1810 5888 ordine
1837 5833 2089 5888 Pamelii.

2188 1897 2519 1968 praesentari
2564 1901 2894 1968 coegerunt,
2941 1897 3156 1951 territis
3197 1899 3256 1952 et
3297 1897 3548 1951 subactis
3593 1913 3824 1968 praepo-

2190 1989 2308 2044 sitis
2337 2012 2363 2039 »
2399 1990 2832 2046 inﬁrmioribus.
2860 1991 2926 2044 In
2961 1990 3086 2060 ipsa
3123 1990 3360 2046 ecclesia
3385 1989 3828 2062 Carthaginensi

2188 2083 2422 2155 quidam
2463 2084 2776 2138 turbulenti
2818 2100 2921 2155 per
2963 2084 3110 2138 hanc
3149 2085 3464 2155 epistolam,
3493 2085 3667 2138 veluti
3697 2083 3825 2156 qui-

2189 2177 2426 2232 busdam
2478 2177 2695 2232 facibus
2746 2177 2989 2243 accensi,
3035 2177 3163 2247 plus
3213 2193 3473 2232 exarsere
3521 2177 3684 2248 epist.
3729 2180 3826 2233 23.

2189 2270 2422 2342 Scripsit
2449 2287 2515 2326 ea
2543 2270 2612 2324 de
2638 2287 2698 2326 re
2726 2271 3044 2342 Cyprianus
3071 2271 3142 2324 ad
3171 2271 3385 2325 clerum
3413 2287 3581 2324 suum
3611 2271 3825 2342 episto-

2191 2364 2301 2418 lam
2337 2368 2419 2431 l7,
2452 2364 2512 2418 in
2548 2381 2662 2436 qua
2694 2364 2857 2418 docet
2898 2364 3163 2419 standum
3195 2381 3317 2419 esse
3355 2363 3642 2436 prioribus
3672 2365 3828 2419 litte-

2189 2457 2267 2512 ris
2305 2459 2452 2526 suis;
2489 2461 2545 2511 et
2583 2458 2713 2528 quia
2761 2459 3021 2513 dixerant
3057 2458 3423 2525 confessores,
3461 2480 3489 2508 ‹‹
3521 2459 3589 2512 de
3619 2458 3830 2530 quibus

2190 2551 2329 2605 ratio
2385 2551 2536 2622 apud
2591 2557 2646 2606 te
2697 2551 3010 2607 constiterit
3074 2551 3210 2622 quid
3270 2558 3400 2624 post
3457 2553 3830 2607 commissum

2190 2645 2430 2716 egerint,
2481 2666 2508 2694 »
2555 2645 2689 2700 inde
2737 2644 3024 2700 concludit
3076 2644 3316 2700 voluisse
3361 2645 3711 2701 confessores
3765 2651 3831 2700 ut

2189 2739 2480 2812 lapsorum
2507 2755 2687 2794 causae
2715 2740 3194 2807 examinarentur,
3221 2756 3283 2794 ac
3312 2739 3613 2812 perinique
3642 2740 3828 2795 facere

2191 2833 2290 2904 qui
2321 2837 2546 2904 tempus
2588 2833 2658 2886 ad
2702 2850 2830 2888 eam
2865 2849 2984 2888 rem
3019 2839 3344 2905 exspectare
3385 2833 3677 2888 nolebant.
3716 2833 3825 2888 Re-

2188 2943 2319 2982 vera
2358 2926 2729 2994 cenfessores,
2762 2927 2865 2981 etsi
2910 2943 3032 2981 rem
3079 2929 3227 2982 ultra
3269 2927 3454 2997 legem
3495 2931 3552 2982 et
3593 2927 3827 2982 modum

2189 3020 2595 3091 perducebant,
2632 3021 2768 3092 quia
2797 3026 2989 3076 tamen
3022 3020 3334 3092 Cyprianus
3362 3020 3828 3076 excommunica-

2192 3114 2402 3168 tionem
2441 3114 2690 3168 minatus
2724 3115 2917 3168 fuerat
2949 3114 2994 3168 si
3031 3115 3157 3185 quis
3203 3131 3260 3169 se
3296 3114 3614 3170 inconsulto
3657 3114 3831 3185 lapsis

2191 3209 2652 3263 communionem
2692 3209 2868 3275 daret,
2899 3225 3015 3262 non
3045 3208 3165 3262 ausi
3200 3211 3331 3263 sunt
3359 3211 3565 3285 petere
3604 3213 3666 3263 ut
3695 3212 3831 3264 ante

2191 3301 2450 3356 Ecclesia)
2469 3318 2690 3373 pacem,
2712 3306 2845 3356 ante
2867 3301 3130 3374 Cypriani
3148 3301 3427 3374 judicium
3445 3318 3553 3373 pax
3574 3301 3828 3359 daretur.

2190 3395 2330 3449 Hinc
2350 3395 2625 3450 Lucianus
2643 3395 2701 3450 in
2715 3397 2964 3466 Epistola
2984 3397 3059 3450 ad
3077 3396 3380 3452 Celerinum
3398 3397 3540 3466 petit
3559 3401 3620 3450 ut
3637 3396 3833 3466 plures

2191 3491 2463 3545 Romamn
2478 3489 2743 3544 Ecclesia
2761 3489 2923 3560 lapsi,
2940 3490 3035 3561 qui
3059 3489 3164 3561 ipsi
3186 3479 3410 3544 fuerant
3423 3489 3833 3559 commendati,

2191 3582 2268 3636 ita
2297 3599 2494 3653 pacem
2526 3583 2792 3650 habeant,
2817 3603 2846 3632 ‹‹
2875 3599 3006 3638 cum
3038 3583 3312 3638 Dominus
3338 3583 3574 3655 coeperit
3599 3583 3704 3653 ipsi
3733 3584 3838 3638 Ec-

2191 3676 2374 3730 clesiae
2396 3693 2597 3748 pacem
2619 3677 2774 3745 dare,
2796 3680 2854 3730 et
2873 3677 3120 3748 exposita
3139 3675 3189 3749 1
3205 3675 3332 3749 06
3351 3693 3519 3732 causa
3537 3676 3684 3748 apud
3713 3676 3837 3748 epi-

2191 3786 2444 3842 scopum.
2467 3792 2495 3820 »
2513 3769 2838 3824 Misitetiam
2857 3771 3174 3842 Cyprianus
3198 3771 3267 3825 ad
3289 3771 3506 3825 clerum
3526 3787 3693 3825 suum
3715 3771 3839 3842 epi-

2191 3863 2394 3919 stolam
2418 3863 2698 3926 Caldonii,
2724 3869 2779 3918 et
2804 3880 2976 3935 quam
2998 3865 3118 3935 ipse
3144 3865 3414 3920 Caldonia
3439 3864 3834 3935 rescripserat.

2264 3959 2322 4012 ln
2362 3957 2447 4011 his
2475 3974 2668 4012 rerum
2708 3958 2986 4028 angustiis
3009 3961 3442 4030 peropportune
3475 3974 3833 4030 supervene-

2191 4056 2327 4106 runt
2354 4051 2558 4105 litterae
2588 4051 2725 4105 cleri
2752 4051 3014 4118 Romani,
3048 4057 3170 4106 tum
3208 4053 3381 4106 etiam
3417 4052 3834 4120 confessorum,

2191 4161 2306 4202 non
2359 4145 2465 4198 illa:
2519 4144 2752 4215 quidem
2811 4145 2882 4200 ad
2939 4146 3284 4216 Cyprianum
3344 4147 3620 4214 (nondum
3675 4145 3838 4200 enim

2192 4242 2450 4296 accurate
2497 4238 2565 4293 de
2611 4238 2760 4292 illius
2807 4239 2974 4294 rebus
3017 4238 3445 4310 cognoverant),
3487 4239 3584 4293 sed
3627 4239 3839 4310 prima

2189 4334 2264 4388 ad
2289 4333 2490 4388 clerum
2521 4333 3023 4401 Carthaginensem,
3058 4333 3253 4387 altera:
3279 4333 3356 4388 ad
3385 4333 3841 4400 Carthaginienses

2190 4429 2528 4494 confessores.
2574 4427 2811 4498 Scriptae
2850 4427 3087 4481 fuerunt
3123 4430 3435 4498 antequam
3477 4426 3720 4498 epistola
3764 4429 3837 4482 l5

2109 4521 2455 4608 DCypriani
2511 4521 2749 4574 Romam
2805 4521 3010 4575 fuisset
3059 4522 3296 4592 perlata.
3345 4522 3557 4576 Neutra
3605 4521 3676 4575 ad
3727 4537 3835 4575 nos

2189 4615 2470 4686 pervenit,
2515 4615 2611 4669 sed
2653 4631 2720 4668 ex
2763 4614 3034 4685 Cypriani
3075 4615 3313 4684 epistola
3349 4617 3417 4670 23
3462 4615 3732 4670 discimus
3770 4615 3839 4671 in

2188 4708 2298 4764 illis
2344 4729 2370 4758 «
2422 4709 2715 4778 Evangelii
2771 4709 3006 4778 plenum
3053 4709 3312 4779 vigorem
3360 4712 3418 4762 et
3465 4708 3840 4780 disciplinam

2189 4802 2479 4857 robustam
2522 4802 2664 4874 legis
2711 4801 3012 4856 Dominicaz
3056 4825 3082 4852 »
3121 4803 3390 4874 viguisse,
3433 4819 3497 4856 ac
3544 4802 3838 4858 laboranti

2187 4897 2465 4968 Cypriane
2519 4901 2576 4949 et
2627 4900 2825 4950 contra
2891 4896 3120 4952 invidiae
3175 4897 3454 4967 impetum
3510 4896 3642 4951 totis
3695 4897 3836 4952 ﬁdei

2189 4990 2402 5044 viribus
2469 4989 2756 5044 resistenti
2829 4990 3142 5061 plurimum
3219 4990 3470 5061 prtesidii
3550 4990 3839 5048 attulisse.

2191 5083 2428 5140 Easdem
2477 5083 2690 5138 litteras
2740 5089 3154 5140 commemorat
3198 5084 3384 5139 clerus
3433 5085 3725 5140 Romanus
3770 5086 3840 5142 in

2189 5178 2354 5249 epist.
2387 5180 2475 5245 3t,
2509 5176 2650 5233 dum
2695 5177 2775 5235 ait
2817 5194 2875 5232 se
2921 5177 2980 5232 in
3021 5177 3405 5249 superioribus
3451 5177 3656 5234 litteris
3698 5195 3840 5235 sen-

2190 5271 2433 5326 tentiam
2484 5287 2646 5325 suam
2696 5290 2722 5324 «
2768 5270 3014 5346 dilucida
3061 5270 3410 5342 expositione
3454 5292 3480 5320 ››
3530 5273 3841 5343 protulisse

2192 5365 2461 5420 adversus
2493 5365 2868 5434 Libellaticos,
2897 5380 3122 5419 necnon
3163 5365 3335 5419 etiam
3364 5371 3556 5420 contra
3596 5382 3695 5420 eos
3733 5368 3842 5438 qui

2191 5460 2644 5514 sacriﬁcaverant
2701 5458 2874 5514 fidem
2937 5475 3098 5514 suam
3155 5475 3608 5530 consensumque
3661 5476 3840 5516 mon-

2193 5558 2418 5608 strasse.
2477 5554 2529 5608 Si
2588 5553 2707 5623 juri
2776 5570 2877 5608 suo
2939 5556 2998 5606 et
3061 5552 3264 5607 honori
3327 5552 3516 5608 debito
3579 5556 3842 5609 attentus

2193 5646 2391 5702 fuisset
2434 5647 2768 5718 Cyprianus,
2808 5646 3084 5702 laesissent
3129 5662 3260 5700 eum
3309 5647 3590 5717 ejusmodi
3633 5647 3843 5704 littera:

2193 5741 2265 5796 ad
2305 5743 2518 5796 clerum
2557 5747 2614 5795 et
2655 5741 3010 5796 coufessores
3053 5757 3120 5795 eo
3157 5742 3540 5810 praetermisso
3581 5742 3839 5814 scripta.

2196 5835 2299 5890 Sed
2349 5835 2624 5908 quidquid
2675 5835 2934 5891 Ecclesiae
2991 5835 3284 5906 proderat,
3335 5840 3565 5908 gratum,
3618 5837 3669 5890 ei
3719 5853 3840 5894 non
