4084 6208
277 276 367 328 {09

1618 274 1770 330 Vl'I‘A
1813 274 1866 328 S.
1907 272 2243 329 CYPRIANI.

3510 282 3607 335 110

272 397 441 467 potuit
465 414 576 451 non
603 398 895 465 accidere;
944 415 1008 452 ac
1042 398 1250 467 statim,
1288 404 1351 453 ut
1392 398 1445 452 in
1481 398 1730 452 maximo
1776 397 1874 449 be-
1902 410 1959 480 Α
2050 397 2288 450 Necesse
2340 413 2448 450 non
2501 400 2624 451 erat
2669 398 2975 453 Lucianum
3029 401 3293 470 precibus
3345 402 3604 473 fatigare,

271 490 478 555 neﬁcio,
515 492 723 560 gratias
742 492 856 561 egit
889 493 1038 545 clero
1068 494 1320 546 Romano
1352 496 1407 546 et
1436 491 1871 546 confessoribus.

268 589 336 637 Ac
377 586 586 637 clerum
628 585 859 655 quidem
910 585 1200 640 certiorem
1254 586 1388 639 facit
1435 603 1537 656 per
1582 586 1745 655 epist.
1786 589 1875 653 23,

266 685 376 731 tum
407 678 476 731 de
524 678 780 749 pristinis
812 679 1043 733 Luciani
1074 679 1252 745 factis,
1288 686 1406 733 tum
1450 680 1521 733 de
1560 678 1878 733 novissimis

265 772 506 825 motibus
547 771 617 825 ab
656 789 723 827 eo
764 773 1037 827 excitatis.
1069 773 1499 829 Confessoribus
1543 777 1734 827 autem
1780 790 1881 843 per

263 864 417 935 epist.
446 869 513 919 25
561 867 875 936 gratulatur
918 870 1033 919 tum
1079 867 1151 920 ob
1196 866 1562 921 confessionis
1609 866 1876 937 gloriam,

262 964 373 1012 tum
400 959 566 1012 etiam
601 960 671 1013 ob
701 960 972 1013 eximium
1006 959 1318 1031 disciplinae
1349 960 1726 1015 defendendas
1755 963 1877 1015 stu-

264 1051 431 1105 dium.
464 1054 557 1105 Haa
588 1054 793 1107 littera:
820 1056 886 1107 23
920 1059 977 1107 et
1008 1056 1071 1108 25
1098 1070 1201 1124 per
1232 1054 1496 1108 Saturum
1529 1058 1585 1107 et
1613 1054 1880 1124 Optatum

262 1144 487 1215 perlatae
516 1146 765 1213 fuerunt,
796 1163 1037 1217 quorum
1078 1147 1332 1218 primum
1365 1148 1680 1218 Cyprianus
1708 1149 1876 1201 lecto-

262 1254 395 1303 rem,
426 1240 670 1293 alterum
699 1240 1156 1311 hypodiaconum
1184 1241 1395 1295 fecerat
1422 1240 1493 1294 ad
1535 1241 1641 1295 hoc
1674 1257 1881 1294 munus

260 1332 567 1386 litterarum
626 1332 1117 1403 perferendarum.
1178 1334 1317 1389 Cum
1372 1335 1523 1388 enim
1591 1336 1883 1404 oporteret

259 1425 408 1479 illum
438 1442 545 1496 per
568 1426 801 1481 clericos
826 1427 1089 1495 scribere,
1114 1428 1282 1482 sciret
1306 1431 1493 1481 autem
1514 1427 1790 1497 plurimos
1812 1443 1883 1482 ex

263 1520 368 1572 suis
395 1518 659 1573 absentes
677 1536 820 1586 esse,
838 1537 1042 1591 paucos
1062 1537 1193 1575 vero
1212 1520 1307 1591 qui
1326 1524 1492 1575 erant
1511 1521 1878 1591 Carthagine,

261 1613 341 1665 vix
370 1613 437 1665 ad
476 1612 863 1667 ministerium
892 1613 1206 1685 quotidiani
1236 1614 1420 1685 operis
1464 1613 1743 1677 sufﬁcere,
1777 1631 1878 1668 ne-

260 1722 405 1759 cesse
434 1706 632 1760 habuit
660 1723 834 1761 novos
860 1708 1077 1779 aliquos
1102 1709 1445 1762 constituere
1469 1709 1567 1778 qui
1596 1708 1882 1762 mitteren-

1982 490 2075 559 qui
2108 491 2327 543 nullum
2358 490 2414 544 in
2444 491 2549 544 hoc
2584 507 2792 559 genere
2841 494 3075 547 modum
3122 496 3370 549 tenebat.
3405 497 3603 568 Itaque

1980 584 2057 637 sic
2108 584 2416 655 respondet
2466 585 2745 651 Celerino,
2780 592 2841 638 ut
2888 587 3055 657 lapsis
3095 589 3428 643 mulieribus
3468 592 3609 645 nihil

1980 678 2247 731 eximium
2294 678 2601 731 concedere
2643 679 2913 745 videatur,
2965 682 3061 735 sed
3106 682 3335 751 profuso
3378 684 3435 738 in
3480 686 3605 739 uni-

1981 786 2165 825 versos
2191 772 2375 841 lapsos
2416 771 2687 825 beneﬁcio
2733 789 2829 825 eas
2868 774 3371 844 comprehendere.
3405 779 3607 832 Narrat

1981 864 2133 918 enim
2171 865 2459 917 universos
2492 865 2837 919 confessores
2868 888 2894 915 ((
2941 884 3003 920 ex
3042 872 3337 939 compacto
3381 872 3605 925 univer-

1980 956 2051 1009 sis
2080 973 2281 1027 paeem
2316 978 2340 1005 ››
2388 957 2687 1020 dimisisse,
2720 976 2781 1012 ac
2820 960 3055 1013 Paulum
3102 966 3429 1032 martyrem,
3472 965 3608 1019 dum

1986 1049 2175 1103 adhuc
2230 1051 2287 1103 in
2347 1067 2582 1121 corpore
2626 1059 2792 1118 esset,
2832 1052 2935 1106 sibi
2981 1052 3221 1107 dixisse:
3272 1077 3296 1103 ‹‹
3348 1057 3606 1125 Luciane,

1982 1159 2171 1197 coram
2198 1144 2416 1199 Christo
2460 1144 2559 1198 tibi
2604 1145 2749 1211 dico,
2785 1148 2849 1198 ut
2873 1146 2918 1198 si
2958 1147 3086 1217 quis
3126 1151 3254 1217 post
3296 1150 3607 1204 arcessitio-

1980 1253 2111 1291 nem
2160 1254 2345 1291 meam
2387 1238 2484 1291 abs
2528 1241 2584 1291 te
2636 1255 2831 1308 pacem
2874 1239 3119 1309 petierit,
3169 1241 3241 1293 da
3280 1241 3334 1294 in
3382 1245 3611 1298 nomine

1983 1346 2132 1384 meo.
2193 1352 2219 1379 »
2279 1332 2413 1384 Hinc
2469 1347 2667 1401 pacem
2727 1348 2841 1386 non
2887 1332 2956 1385 iis
3005 1339 3227 1388 tantum
3276 1335 3615 1391 mulieribus

1983 1423 2241 1477 concedit
2284 1440 2420 1494 quas
2466 1424 2759 1479 Cclerinus
2805 1426 3323 1496 commendaverat,
3361 1430 3512 1483 «sed
3556 1435 3613 1483 et

1985 1533 2126 1587 quas
2153 1516 2315 1583 scias,
2341 1517 2547 1587 inquit,
2572 1517 2643 1571 ad
2674 1518 2927 1572 animum
2961 1525 3215 1575 nostrum
3238 1524 3554 1591 pervenire,
3581 1544 3609 1575 ι)

1983 1609 2041 1663 id
2074 1614 2176 1676 est,
2208 1626 2454 1680 quarum
2484 1627 2617 1664 cura
2647 1610 2836 1681 aliqua
2864 1613 3177 1683 tangimur.
3210 1614 3393 1669 Simili
3432 1618 3612 1671 utitur

1984 1703 2263 1773 loquendi
2292 1705 2509 1757 ratione
2531 1704 2803 1773 Trajanus
2834 1704 2890 1758 in
2924 1706 3088 1776 epist.
3125 1709 3212 1774 28,
3238 1710 3310 1762 ad
3337 1711 3609 1765 Plinium:

259 1804 363 1851 tur.
397 1801 507 1854 Sex
541 1800 676 1853 alias
707 1800 923 1854 litteras
962 1818 1067 1871 per
1097 1802 1327 1856 eosdem
1358 1801 1587 1855 clericos
1629 1800 1784 1854 misit
1811 1802 1881 1855 ad
1902 1776 1959 1846 B
1986 1816 2013 1847 α
2042 1797 2295 1850 Pertinet
2322 1797 2389 1850 ad
2433 1798 2691 1851 animum
2720 1814 2933 1867 meum,
2977 1801 3183 1869 inquit,
3218 1802 3365 1871 quali
3414 1803 3612 1857 itinere

259 1894 466 1946 clerum
503 1894 846 1961 Romanum,
880 1912 1084 1965 nempe
1107 1895 1369 1965 epistolas
1400 1899 1483 1963 17,
1510 1897 1594 1960 18,
1628 1898 1690 1948 19
1715 1900 1769 1947 et
1790 1898 1877 1961 20,

258 1986 318 2039 de
361 1986 573 2057 quibus
608 1987 728 2057 jam
770 1988 941 2042 locuti
990 2006 1203 2057 sumus,
1233 2005 1294 2042 ac
1345 1993 1615 2059 praeterea
1664 1988 1881 2042 litteras

260 2080 501 2133 Celerini
553 2081 621 2134 ad
670 2081 1009 2149 Lucianum,
1056 2088 1111 2136 et
1156 2082 1388 2136 Luciani
1430 2082 1877 2152 responsionem,

257 2172 398 2243 apud
431 2173 654 2227 Pamel.
679 2179 738 2228 21
771 2179 825 2229 et
852 2177 944 2241 22,
974 2175 1041 2230 de
1071 2175 1273 2246 quibus
1296 2191 1475 2246 pauca
1502 2176 1770 2229 dicemus.

253 2285 374 2339 XIII.
405 2316 479 2325 —
514 2288 586 2339 De
612 2287 855 2356 Epistola
885 2286 1117 2341 Celerini
1137 2288 1211 2341 ad
1228 2289 1529 2341 Lucianum
1550 2291 1881 2361 ctpRcSponso

961 2367 1207 2420 Luciani.

316 2457 615 2511 Celerinus
663 2459 1151 2529 Carthaginensis,
1199 2477 1326 2514 cum
1379 2463 1576 2516 Romae
1626 2478 1876 2517 versare-

249 2556 353 2619 tur,
406 2551 609 2622 ibique
666 2552 725 2605 in
794 2569 1081 2606 carcerem
1147 2570 1251 2624 pro
1308 2554 1531 2608 Christo
1595 2556 1881 2625 conjectus

251 2644 456 2699 eximia
525 2646 854 2699 constantia:
910 2648 1165 2717 exempla
1214 2647 1500 2715 edidisset,
1562 2650 1880 2719 plurimum

249 2737 459 2792 doloris
496 2739 665 2793 traxit
690 2755 760 2793 ex
788 2740 951 2810 lapsu
976 2740 1218 2795 duarum
1245 2742 1570 2811 mulierum,
1596 2744 1881 2797 Numerim

250 2836 303 2885 et
317 2831 614 2898 Candide,
637 2849 762 2903 quae
785 2833 1253 2888 sacriﬁcaverant.
1281 2836 1486 2889 Harum
1511 2852 1621 2890 una
1646 2854 1878 2906 nempe,

246 2931 305 2978 ut
335 2926 649 2979 verisimile
682 2930 785 2991 est,
814 2927 1104 2995 Numeria,
1132 2928 1306 2999 ipsius
1346 2946 1507 2984 soror
1537 2933 1678 2998 erat,
1710 2947 1880 3001 seque

250 3019 323 3071 ait
350 3035 454 3089 pro
492 3018 641 3072 illius
666 3019 825 3073 factis
863 3019 920 3073 in
963 3020 1064 3074 hac
1092 3021 1180 3075 die
1212 3021 1420 3076 Iaztitize
1464 3025 1706 3092 Pascha},
1736 3025 1875 3078 ﬂeu-

248 3114 358 3166 tem
388 3112 490 3167 die
515 3128 579 3166 ac
609 3115 768 3167 nocte
798 3112 855 3166 in
884 3112 1065 3167 cilicio
1092 3114 1352 3169 etcinere
1372 3116 1878 3186 lacrymabundum

250 3206 507 3275 exegisse
529 3209 589 3259 et
612 3205 731 3260 dies
766 3206 997 3275 exigere
1024 3225 1196 3278 usque
1229 3209 1285 3262 in
1306 3210 1672 3263 hodiernum.
1699 3212 1880 3265 Aliam

249 3302 535 3369 praeterea
549 3299 851 3353 mulierem
867 3306 1299 3369 commemorat,
1318 3304 1544 3356 Etecusa
1557 3321 1606 3356 m
1626 3321 1755 3358 nom
1768 3305 1878 3373 ine,

247 3408 367 3462 qua:
435 3409 555 3446 non
624 3392 1056 3462 sacriﬁcaverat,
1117 3394 1218 3448 sed
1280 3399 1472 3449 tamen
1543 3397 1881 3451 ascenderat

246 3498 427 3553 usque
464 3483 541 3536 ad
570 3484 699 3537 Tria
728 3484 879 3547 Fata,
903 3487 959 3537 et
984 3484 1114 3537 inde
1138 3485 1538 3551 descenderat;
1567 3486 1712 3540 dona
1729 3487 1880 3540 enim

246 3581 661 3630 numeraverat
703 3594 772 3631 ne
821 3578 1174 3632 sacriﬁcaret.
1223 3580 1434 3632 Harum
1472 3601 1497 3628 ‹‹
1541 3579 1661 3650 jam
1711 3598 1883 3635 causa

247 3670 465 3735 audita,
496 3678 901 3741 praceperunt
931 3669 1120 3743 109
1150 3688 1241 3726 eas
1271 3674 1561 3743 praepositi
1607 3674 1883 3744 tantisper

244 3764 315 3816 sic
382 3780 508 3817 esse
569 3763 746 3818 donec
803 3764 1101 3835 episcopus
1150 3766 1545 3820 constituatur.
1609 3789 1636 3816 ››
1696 3768 1882 3837 Rogat

244 3872 378 3926 ergo
405 3855 729 3911 Lucianum
771 3857 1065 3912 Cclerinus
1105 3864 1168 3912 ut
1210 3860 1425 3913 caeteris
1470 3860 1881 3914 confessoribus

242 3950 455 4004 referat
508 3955 569 4003 et
615 3950 684 4003 ab
724 3951 804 4005 eis
853 3955 1009 4022 petat
1053 3973 1079 3999 ‹‹
1130 3955 1192 4005 ut
1244 3952 1337 4022 qui
1380 3953 1535 4023 prior
1584 3960 1882 4008 coronatus

243 4043 435 4112 fuerit,
492 4044 618 4097 istis
669 4034 957 4099 sorOribus
1007 4045 1119 4098 tale
1164 4049 1452 4116 peccatum
1502 4048 1878 4102 remittant.»

240 4142 421 4207 Atque
452 4137 510 4191 id
566 4138 704 4207 petit
745 4154 853 4193 non
892 4154 993 4191 suo
1021 4144 1237 4192 tantum
1284 4140 1537 4205 nomine,
1569 4141 1662 4193 sed
1710 4142 1880 4195 etiam

242 4232 541 4299 sexaginta
592 4232 847 4302 quinque
902 4232 1310 4298 confessorum,
1354 4233 1425 4287 ad
1469 4251 1609 4306 quos
1646 4236 1883 4290 Cartha-

242 4324 371 4392 gine
416 4326 662 4378 Romam
693 4326 985 4379 venientes
1021 4326 1139 4379 ista:
1186 4326 1457 4380 mulieres
1486 4350 1509 4373 ‹‹
1551 4328 1605 4381 in
1654 4332 1879 4398 portum

240 4416 671 4471 descenderunt
704 4422 761 4471 et
795 4418 851 4471 in
906 4419 1102 4472 urbem
1152 4419 1503 4486 levaverunt,
1539 4421 1731 4491 eisque
1772 4422 1878 4476 mi-

1982 1890 2039 1943 in
2084 1889 2434 1960 pravinciam
2481 1891 2795 1960 pervenias.
2836 1913 2861 1940 n
2904 1892 3185 1947 Saaviebat
3227 1900 3418 1947 autem
3462 1912 3614 1949 nunc

1982 1986 2191 2036 etcum
2234 1982 2503 2047 maxime,
2536 1984 2869 2053 persecutio.
2911 1986 3115 2039 Narrat
3154 1986 3307 2040 enim
3342 1988 3614 2042 Lucianus

1982 2092 2039 2130 se
2079 2092 2209 2129 cum
2250 2076 2378 2129 aliis
2430 2077 2851 2131 confessoribns
2890 2078 2960 2131 ab
3000 2084 3126 2132 octo
3172 2080 3369 2134 diebus
3414 2082 3615 2137 iterato

1982 2170 2263 2222 reclusum
2294 2186 2436 2238 esse,
2470 2186 2533 2223 ac
2564 2185 2791 2241 sperare
2822 2176 3141 2241 martyrum
3170 2174 3264 2243 qui
3288 2174 3407 2243 jam
3450 2192 3609 2229 coro-

1984 2263 2102 2317 nati
2131 2264 2377 2329 fuerant,
2408 2264 2623 2317 socium
2652 2264 2808 2318 brevi
2850 2282 2977 2318 cum
3018 2266 3143 2319 aliis
3174 2266 3452 2322 futurum.
3488 2270 3614 2323 llaec

1981 2356 2217 2427 epistola
2263 2356 2320 2410 in
2372 2357 2686 2411 Annalibus
2746 2358 3090 2428 Cyprianicis
3146 2361 3354 2430 scripta
3412 2360 3616 2416 dicitur

1985 2469 2012 2500 «
2048 2466 2243 2504 mense
2272 2452 2421 2503 maio
2455 2451 2577 2519 jam
2619 2451 2842 2513 affecto,
2876 2474 2901 2501 ››
2933 2452 3029 2506 sed
3060 2470 3292 2523 prorsus
3320 2456 3613 2511 mendose.

1981 2544 2121 2597 Nam
2180 2544 2239 2597 in
2301 2560 2363 2598 ea
2412 2544 2690 2598 Lucianus
2740 2545 2951 2599 diserte
3014 2547 3263 2601 declarat
3320 2550 3612 2605 universos

1981 2638 2334 2692 confessores
2386 2638 2659 2691 universis
2700 2639 2866 2709 lapsis
2909 2657 3103 2709 pacem
3149 2642 3395 2709 dedisse,
3458 2645 3611 2714 quod

1981 2737 2173 2786 tamen
2212 2730 2431 2785 facinus
2478 2748 2589 2787 non
2636 2738 2947 2799 tentarunt,
3000 2734 3105 2787 nisi
3164 2739 3289 2806 post
3339 2738 3610 2807 scriptam

1980 2824 2245 2894 Cypriani
2284 2825 2445 2895 epist.
2484 2828 2568 2891 15,
2599 2827 2673 2880 ad
2717 2829 2999 2889 Romanos,
3033 2834 3095 2882 ut
3137 2830 3259 2899 ipse
3303 2830 3613 2901 Cyprianus

1985 2922 2218 2972 testatur
2244 2919 2300 2971 in
2338 2919 2502 2989 epist.
2535 2921 2622 2973 23.

2058 3012 2114 3065 In
2143 3012 2230 3064 his
2255 3013 2499 3067 Celerini
2532 3016 2587 3066 et
2618 3012 2844 3066 Luciani
2878 3014 3085 3067 litteris
3125 3021 3611 3071 commemoratur

1983 3105 2320 3160 Saturninus
2346 3107 2654 3173 confessor,
2684 3124 2852 3177 quem
2887 3108 3145 3161 nonnulli
3185 3109 3451 3163 eumdem
3492 3127 3612 3165 esse

1982 3199 2182 3253 volunt
2202 3215 2329 3251 cum
2362 3199 2669 3253 Saturnino
2695 3201 3154 3271 Carthaginensi,
3176 3219 3347 3273 quem
3375 3205 3608 3276 Cypria-

1982 3310 2088 3346 nus
2106 3296 2341 3347 testatur
2361 3294 2524 3363 epist.
2547 3296 2634 3359 23,
2661 3298 2787 3364 post
2806 3299 3089 3349 tormenta
3104 3295 3361 3351 adhucin
3383 3314 3609 3353 carcere

1983 3387 2228 3457 positum
2278 3387 2461 3440 nullos
2512 3388 2724 3441 libellos
2772 3388 3013 3455 dedisse,
3062 3390 3267 3461 cuique
3322 3408 3436 3445 una
3481 3409 3609 3446 cum

1982 3481 2205 3534 Aurelio
2240 3480 2509 3551 inscripta
2539 3488 2659 3535 erat
2701 3482 2936 3551 epistola
2963 3484 3352 3538 Romanorum
3385 3487 3606 3540 confes-

1982 3591 2191 3627 sorum.
2234 3578 2298 3629 At
2348 3575 2603 3645 profecto
2640 3576 2752 3628 duo
2799 3576 3194 3647 distinguendi
3242 3584 3375 3632 sunt
3412 3581 3610 3634 Satur-

1983 3668 2120 3734 nini,
2156 3668 2443 3721 Romanus
2471 3671 2527 3722 et
2554 3669 3034 3739 Carthaginensis.
3082 3672 3219 3725 Nam
3267 3673 3611 3727 Saturninus

1982 3761 2142 3830 cujus
2172 3762 2402 3815 nomine
2444 3761 2756 3816 Lucianum
2795 3763 3090 3817 Celerinus
3128 3765 3348 3835 salutat,
3374 3768 3493 3836 jam
3534 3767 3612 3821 ibi

1982 3853 2039 3906 in
2070 3875 2096 3901 ‹‹
2149 3871 2311 3923 [uena
2363 3855 2705 3925 ungularum
2743 3856 2966 3910 fortiter
3003 3857 3294 3911 confessus
3326 3882 3351 3907 ››
3383 3860 3607 3929 fuerat;

1982 3947 2037 4000 id
2068 3954 2256 4001 autem
2284 3948 2353 4001 de
2374 3948 2807 4019 Carthagiuensi
2833 3948 2879 4020 1
2898 3948 2946 4021 1
2964 3948 3022 4022 ο
3047 3951 3350 4005 Saturnino
3369 3953 3609 4025 intelligi

1984 4058 2095 4094 non
2126 4047 2326 4111 potest.
2353 4042 2510 4109 Nam,
2537 4059 2666 4095 cum
2691 4043 2811 4097 bene
2838 4044 3109 4097 scriberet
3129 4045 3417 4101 Cclerinus
3444 4046 3607 4101 indie

1982 4134 2192 4189 thitia:
2226 4136 2470 4201 Paschze,
2502 4137 2756 4190 nondum
2786 4138 3123 4208 Carthagine
3149 4139 3362 4192 inflicta
3381 4141 3610 4195 fuerant

1984 4232 2293 4293 tormenta,
2354 4230 2437 4283 vel
2500 4231 2699 4283 saltem
2758 4232 3007 4284 nondum
3068 4232 3236 4302 hujus
3290 4233 3369 4286 rei
3434 4236 3605 4301 fama,

1984 4323 2195 4377 nedum
2234 4323 2349 4393 ipse
2376 4323 2715 4377 Saturninus
2746 4329 2869 4395 post
2904 4328 3193 4379 tormenta
3225 4328 3282 4381 in
3322 4345 3608 4383 carcerem

1986 4418 2248 4471 reductus
2276 4417 2519 4471 Romam
2563 4418 2860 4488 pervenire
2907 4423 3189 4489 potuerat.
3231 4422 3367 4477 tlinc
3397 4424 3605 4477 Celeri-

240 4510 637 4565 nistraverunt
686 4517 741 4564 et
788 4512 841 4564 in
891 4512 1153 4565 omnibus
1200 4513 1480 4567 foverunt.
1534 4536 1560 4562 ››
1607 4513 2091 4584 SperabatDnns
2142 4510 2439 4581 ignorabat
2500 4530 2569 4565 an
2625 4513 3162 4583 Carthaginensium
3222 4516 3610 4571 confessorum

241 4605 549 4658 Celerinus
580 4626 605 4651 α
625 4605 945 4658 secundum
965 4621 1157 4659 earum
1176 4608 1567 4676 paenitentiam
1584 4612 1639 4661 et
1660 4625 1879 4678 opera»

241 4713 366 4767 qua:
423 4714 607 4768 penes
648 4699 997 4752 confessores
1041 4700 1314 4765 fecerant,
1366 4722 1391 4749 ‹‹
1441 4701 1729 4755 Christum
1780 4704 1876 4768 eis,

242 4792 606 4862 martyribus
650 4792 995 4862 petentibus,
1028 4793 1405 4848 indulturum.
1441 4818 1467 4843 »
1508 4795 1703 4865 Liquet
1740 4798 1883 4851 hanc

241 4885 546 4954 epistolam
580 4885 776 4939 diebus
828 4886 1185 4956 paschalibus
1213 4887 1481 4958 scriptam
1516 4905 1654 4953 esse,
1688 4907 1750 4943 ex
1796 4890 1883 4943 his

240 4979 427 5031 verbis
482 4994 616 5048 qum
664 4980 916 5033 Baluzins
973 4996 1042 5033 ex
1089 4981 1337 5050 antiquis
1378 4981 1667 5035 codicibus
1713 4986 1881 5052 eruit,

243 5092 266 5121 α
302 5074 361 5126 In
394 5073 513 5125 hac
552 5072 641 5125 die
687 5073 896 5127 ltetitiaa
940 5074 1183 5127 Paschaa.
1218 5098 1243 5123 ››
1293 5074 1629 5129 Existimant
1677 5078 1881 5130 eruditi

238 5165 339 5218 viri
373 5164 708 5221 Celerinum
749 5166 1030 5237 scripsisse
1055 5168 1177 5221 aliis
1222 5169 1390 5221 etiam
1428 5170 1879 5237 confessoribus;

239 5262 333 5313 sed
368 5258 611 5313 videtur
640 5260 985 5330 probabilius
1026 5262 1261 5317 voluisse
1294 5280 1421 5317 eum
1464 5267 1523 5317 ut
1570 5264 1715 5318 hanc
1764 5265 1879 5336 epi-

240 5355 446 5407 stolam
480 5353 757 5407 anianus
788 5355 911 5408 aliis
939 5355 1358 5411 confessoribus
1395 5358 1632 5427 legeret,
1676 5376 1737 5411 ac
1779 5359 1881 5413 sibi

240 5462 619 5501 communem
664 5464 783 5502 esse
828 5466 956 5503 cum
1004 5450 1110 5503 illis
1157 5451 1524 5505 existimaret.
1556 5452 1675 5505 Non
1726 5453 1880 5506 enim

245 5542 393 5595 aliud
446 5542 757 5611 designant
803 5543 922 5597 htPC
972 5544 1214 5599 Celerini
1259 5545 1466 5599 verba:
1516 5567 1543 5594 «
1594 5546 1726 5599 Nam
1778 5548 1883 5601 hoc

246 5636 384 5689 scire
454 5634 633 5688 debes
697 5650 788 5688 me
848 5641 900 5690 et
954 5637 1197 5691 dominis
1252 5639 1391 5693 meis
1451 5639 1722 5693 fratribus
1775 5641 1883 5693 tuis

251 5728 545 5797 scripsisse
595 5728 841 5798 litteras,
893 5746 1031 5801 quas
1089 5738 1218 5801 peto
1266 5750 1368 5803 pro
1417 5733 1520 5786 illis
1569 5734 1645 5787 sic
1693 5735 1883 5805 legere

250 5822 539 5893 digneris.
570 5844 594 5870 η

1984 4604 2159 4675 aliqui
2190 4606 2311 4674 jam
2350 4605 2493 4675 passi
2522 4610 2617 4659 aut
2656 4607 2912 4660 coronati
2940 4607 3196 4661 fuissent.
3236 4610 3447 4664 Deinde
3474 4628 3605 4665 vero

1986 4698 2134 4752 inter
2184 4698 2470 4752 molestias
2506 4699 2787 4769 Cypriano
2832 4700 3109 4753 exhibitas
3153 4719 3185 4753 a
3221 4702 3482 4767 Luciano,
3511 4721 3604 4756 su.-

1986 4798 2365 4863 pervenerunt
2448 4792 2648 4846 litterae
2736 4793 3127 4847 confessorum
3212 4795 3607 4851 Romanorum

1986 4886 2292 4941 Saturnino
2336 4891 2390 4939 et
2432 4886 2664 4939 Aurelio
2716 4886 3041 4956 inscriptas:
3088 4889 3362 4943 Lucianus
3400 4890 3608 4945 eodem

1986 4984 2263 5050 tempore,
2318 4980 2372 5032 id
2428 4985 2511 5032 est
2569 4980 2738 5049 paulo
2795 4983 2919 5049 post
2973 4981 3263 5051 epistolam
3319 4982 3605 5039 decimam

1984 5075 2243 5145 quintam
2296 5074 2611 5144 Cypriani,
2666 5080 2721 5127 et
2770 5091 3094 5129 concessam
3146 5075 3377 5131 licenter
3439 5078 3608 5150 lapsis

1986 5169 2257 5222 universis
2288 5185 2507 5238 pacem,
2542 5168 2849 5238 respondet
2876 5169 3131 5223 Celerino
3159 5174 3213 5223 et
3239 5170 3608 5228 Saturninum

1985 5265 2207 5317 salutat.
2252 5265 2485 5317 Necesse
2528 5265 2614 5315 est
2659 5280 2795 5333 ergo
2842 5262 2981 5317 duos
3028 5264 3361 5319 Saturninos
3407 5268 3603 5321 distin-

1985 5375 2180 5429 guere.
2215 5361 2287 5413 Ac
2317 5356 2826 5428 Carthagincnsem
2870 5358 3103 5427 quidem
3126 5358 3247 5428 jam
3276 5368 3607 5416 coronatum

1985 5452 2155 5506 fuisse
2184 5451 2543 5517 crediderim,
2575 5467 2701 5504 cum
2733 5451 2934 5504 litteras
2963 5451 3351 5507 confessorum
3403 5456 3603 5509 Roma-

1987 5562 2188 5599 norum
2245 5545 2347 5615 ipsi
2402 5549 2457 5598 et
2501 5544 2726 5598 Aurelio
2780 5544 3065 5615 inscripta:
3113 5556 3408 5601 venerunt.
3450 5550 3605 5612 Quod

1990 5639 2143 5693 enim
2174 5638 2254 5692 ait
2290 5639 2605 5709 Cyprianus
2648 5656 2778 5692 eum
2828 5643 2943 5709 post
2998 5648 3276 5695 tormenta
3319 5641 3505 5695 adhuc
3545 5644 3605 5696 in

1989 5750 2208 5786 carcere
2237 5734 2604 5786 constitutum
2637 5734 2825 5787 nullos
2859 5733 3073 5787 libellos
3112 5735 3356 5798 dedisse,
3388 5735 3609 5789 videtur

1990 5827 2238 5883 indicare
2267 5844 2398 5881 eum
2433 5844 2547 5881 non
2578 5827 2744 5880 aliter
2781 5844 2809 5881 e
2854 5844 3097 5891 carcere,
3127 5846 3296 5900 quam
3342 5830 3609 5902 martyrio
