4084 6208
470 250 559 308 lli

1841 243 1991 311 VITA
2029 255 2083 310 S.
2125 249 2463 313 CYPRlANl.

3696 214 3819 310 ἠρ

463 377 710 431 solutum
742 374 933 431 fuisse;
967 374 1241 433 Similiter
1264 375 1386 432 ait:
1422 396 1450 425 «
1477 376 1671 444 Paulo,
1703 377 1865 449 cujus
1891 394 2081 434 exces-
2106 380 2357 466 Apaulo
2410 382 2538 451 post
2592 378 2738 433 hanc
2779 376 3106 433 vicesimam
3152 379 3417 449 quartam
3461 374 3670 447 scripta
3712 379 3818 442 est,

462 487 589 525 sum
652 473 1113 536 commemorat,
1176 470 1362 524 adhuc
1434 470 1493 524 in
1561 487 1786 526 carcere
1854 474 2084 543 posito,

463 564 772 617 Lucianum
804 563 1033 616 nomine
1061 562 1208 617 illius
1247 563 1467 618 libellos
1506 581 1677 619 manu
1716 582 1813 618 sua
1851 566 2087 636 scriptos

464 656 683 711 dedisse
748 681 777 707 υ
813 656 976 711 Certe
1020 657 1275 712 nondum
1319 658 1483 711 soluti
1532 665 1693 713 erant
1738 659 2087 714 coufessores

460 767 490 806 e
540 766 761 805 carcere
818 766 949 805 cum
1002 750 1273 805 scriberet
1322 752 1633 823 Cyprianus
1682 752 1829 809 hanc
1875 752 2084 824 episto-

459 843 573 899 lam
615 846 704 899 23.
741 844 1081 914 Corruptum
1121 844 1179 898 in
1224 844 1460 915 epistola
1505 845 1751 900 Celerini
1796 846 2084 917 insignem

457 936 645 991 locum
691 936 941 991 conabor
979 937 1304 992 emendare.
1358 938 1446 994 Sic
1499 938 1710 1009 legitur
1762 940 1821 994 in
1875 939 2081 995 editis:

463 1052 490 1081 ‹‹
532 1032 666 1085 Peto
708 1034 926 1098 tamen,
960 1030 1312 1099 cbarissime,
1354 1048 1389 1086 a
1436 1033 1696 1101 Domino,
1742 1037 1820 1100 ut,
1863 1032 1908 1087 si
1951 1038 2085 1088 ante

458 1140 658 1179 cruore
702 1125 794 1179 illo
849 1129 1046 1179 sancto
1096 1124 1317 1193 laveris,
1374 1125 1421 1179 si
1473 1127 1628 1197 prius
1673 1142 1867 1197 passus
1910 1126 2085 1181 fueris

459 1233 565 1288 pro
605 1218 838 1272 nomine
881 1218 1108 1273 Domini
1140 1218 1320 1273 nostri
1350 1220 1481 1273 Jesu
1509 1218 1735 1287 Christi,
1767 1236 1941 1290 quam
1986 1220 2081 1274 lit-

458 1315 594 1365 terae
622 1327 767 1366 mete
797 1318 851 1366 te
877 1312 937 1366 in
967 1312 1076 1366 hoc
1106 1313 1321 1366 mundo
1347 1313 1795 1383 apprehendant,
1821 1313 1904 1367 vel
1932 1329 2086 1367 nunc

457 1405 503 1459 si
535 1405 1043 1476 apprehenderint,
1074 1405 1219 1459 mihi
1245 1405 1318 1459 ad
1360 1406 1481 1459 haec
1512 1406 1802 1460 rescribas.
1838 1427 1864 1455 ››
1913 1406 2083 1461 Desu—

459 1497 669 1552 darunt
730 1497 976 1552 editores
1041 1498 1098 1552 in
1161 1499 1250 1553 his
1315 1498 1538 1566 verbis,
1598 1516 1702 1553 nec
1770 1502 2083 1573 quidquam

458 1591 742 1662 explicare
770 1596 1096 1662 potuerunt.
1129 1594 1201 1645 At
1227 1592 1283 1645 in
1314 1593 1502 1646 codice
1531 1609 1637 1646 ms.
1681 1594 1815 1648 olim
1859 1596 2080 1665 Baluzii,

455 1701 609 1739 nunc
638 1684 991 1739 bibliotheca:
1016 1686 1227 1756 Regius,
1257 1686 1335 1740 sic
1364 1686 1576 1756 legitur
1603 1704 1616 1741 :
1651 1707 1679 1737 «
1707 1690 1842 1743 Peto
1867 1679 2079 1758 tamen,

2186 476 2428 527 testetur
2458 489 2641 544 nuper
2671 472 2777 526 sibi
2822 471 3108 543 scripsisse
3153 471 3427 542 quosdam
3465 489 3494 517 «
3538 469 3609 524 de
3652 468 3821 539 lapsis

2186 566 2434 620 humiles
2464 571 2522 620 et
2552 566 2739 633 mites,
2768 567 2825 620 et
2842 568 3148 620 trementes
3177 567 3235 618 et
3261 566 3585 619 metuentes
3612 563 3819 628 Deum,

2187 662 2246 712 et
2296 659 2390 730 qui
2437 659 2494 713 in
2537 660 2778 715 Ecclesia
2832 674 3056 730 semper
3105 657 3353 730 gloriose
3418 660 3476 711 et
3528 656 3823 728 granditer

2186 752 2403 823 operati
2446 756 2599 817 sunt,
2628 774 2656 802 »
2690 768 2863 824 seque
2912 751 3025 806 illis
3064 751 3411 822 gratulatum
3447 766 3566 805 esse
3607 765 3673 804 ac
3712 750 3819 804 Do-

2187 844 2409 899 minum
2453 845 2753 917 dignatum
2785 861 2909 900 esse
2950 865 2977 893 «
3024 843 3324 898 ostendere
3366 842 3505 915 quid
3542 841 3821 915 ejusmodi

2186 944 2243 993 et
2263 940 2402 993 tales
2424 940 2568 994 servi
2593 939 2663 994 de
2687 940 2811 1009 ejus
2829 938 3183 1010 benignitate
3207 940 3570 1007 mereantur;
3595 958 3621 987 ››
3643 936 3820 992 liben-

2185 1036 2274 1087 ter
2293 1033 2634 1088 crediderim
2665 1033 2810 1087 hanc
2832 1033 3117 1104 lapsorum
3149 1032 3444 1102 epistolam
3468 1032 3527 1084 et
3551 1029 3815 1101 Cypriani

2185 1126 2611 1196 responsionem.
2657 1126 2824 1180 simul
2868 1125 2938 1180 ad
2977 1125 3189 1179 clerum
3233 1123 3638 1194 Carthaginem
3674 1123 3812 1177 mis-

2184 1234 2273 1272 sas
2304 1234 2425 1273 esse
2452 1235 2581 1273 cum
2612 1219 2779 1290 epist.
2808 1220 2895 1273 24.
2927 1219 3049 1273 Non
3079 1218 3282 1273 eadem
3322 1217 3535 1272 exstitit
3576 1216 3636 1270 in
3682 1233 3813 1271 om-

2185 1312 2353 1365 nibus
2396 1312 2568 1384 lapsis
2608 1312 2788 1366 animi
2844 1312 3180 1367 moderatio.
3222 1310 3464 1375 Quidam
3525 1310 3679 1364 enim
3739 1309 3816 1364 ad

2183 1406 2529 1475 Cyprianum
2560 1405 2910 1476 scripserunt
2940 1426 2968 1453 <<
3018 1421 3221 1476 pacem
3272 1420 3389 1459 non
3434 1403 3677 1458 dandam
3710 1402 3816 1457 sibi

2183 1498 2558 1569 postulantes,
2589 1498 2691 1553 sed
2719 1498 2881 1570 quasi
2914 1499 3034 1569 jam
3076 1499 3265 1552 datam
3311 1497 3415 1551 sibi
3462 1497 3819 1552 vindicantes

2183 1592 2372 1663 (epist.
2405 1593 2518 1661 29),
2553 1613 2581 1641 »
2610 1596 2689 1660 et,
2722 1592 2874 1663 quod
2906 1592 3176 1663 Cypriani
3203 1591 3659 1662 indignationem
3686 1606 3815 1645 ma-

2184 1686 2339 1740 xime
2362 1686 2691 1751 commovit,
2711 1686 2789 1739 sic
2815 1685 3139 1740 scribebant
3158 1690 3221 1739 ut
3239 1705 3267 1733 «
3296 1684 3561 1739 Ecclesiae
3583 1683 3815 1739 nomine

456 1778 810 1845 cbarissime,
852 1794 883 1831 a
921 1778 1179 1847 Domino,
1212 1783 1277 1833 ut
1318 1784 1450 1834 ante
1499 1796 1701 1835 cruore
1750 1781 1847 1836 illo
1890 1792 2081 1839 sancto
2103 1770 2160 1841 B
2183 1779 2402 1834 litteras
2432 1779 2701 1834 facerent.
2732 1798 2759 1831 ››
2793 1779 3030 1850 Scripsit
3064 1778 3136 1832 ad
3167 1794 3263 1832 eos
3298 1778 3611 1849 Cyprianus
3649 1777 3811 1848 epist.

453 1871 651 1925 laveris
706 1887 809 1941 pro
866 1870 1094 1926 nomine
1151 1872 1375 1926 Domini
1430 1873 1609 1928 nostri
1662 1875 1796 1929 Iesu
1852 1876 2081 1946 Christi,

455 1981 630 2036 quam
658 1969 715 2019 et
741 1964 944 2019 litteras
977 1981 1118 2019 mea:
1150 1964 1209 2019 in
1241 1965 1351 2020 hoc
1380 1966 1592 2021 mundo
1618 1968 2081 2039 apprehendant;

457 2059 540 2113 vel
583 2074 735 2113 nunc
772 2057 816 2111 si
862 2059 1370 2129 apprehenderint,
1420 2060 1561 2114 mihi
1603 2062 1671 2116 ad
1712 2062 1834 2116 haec
1878 2064 2084 2118 rescri-

455 2152 579 2206 bas.
613 2173 640 2201 ››
676 2152 955 2207 Praeclara
997 2168 1131 2206 sane
1170 2156 1227 2207 et
1270 2153 1443 2223 digna
1484 2161 1731 2225 martyre
1763 2156 2081 2212 sentential

458 2246 767 2300 Confirmat
795 2246 940 2300 hanc
971 2246 1275 2301 lectionem
1305 2246 1480 2301 codex
1506 2248 2083 2321 Gratianopolitanus,

459 2339 555 2410 qui
583 2339 756 2394 habet
788 2357 801 2393 :
834 2360 860 2388 ‹‹
891 2341 1026 2393 Peto
1055 2344 1267 2410 tamen,
1298 2340 1647 2412 charissima,
1679 2359 1713 2397 a
1738 2343 1999 2413 Domino,
2025 2348 2088 2399 ut

461 2449 495 2487 a
520 2448 612 2486 me
640 2448 843 2487 cruore
874 2432 993 2502 illo,
1023 2436 1132 2487 etc.
1168 2454 1195 2483 »

458 2559 588 2614 XIV.
616 2588 685 2599 —
713 2559 912 2615 Scribit
937 2558 995 2614 S.
1041 2559 1349 2629 Cyprianus
1392 2560 1467 2615 ad
1512 2562 1719 2617 clerum
1761 2563 1826 2618 de
1861 2565 2082 2620 ordina-

528 2642 668 2693 tione
718 2640 911 2695 Saturi
961 2644 1011 2693 et
1062 2641 1269 2709 Optati.
1325 2670 1393 2680 --
1448 2643 1630 2697 Variae
1684 2644 1956 2713 lapsorum
2012 2646 2088 2700 ad

522 2724 770 2774 sanctum
815 2718 1150 2789 Cyprianum
1193 2721 1407 2775 litterae.
1453 2751 1520 2759 —
1560 2721 1745 2777 Cterus
1780 2731 2008 2780 removet
2052 2741 2088 2780 a

528 2800 899 2853 communione
944 2814 1043 2853 sua
1085 2800 1277 2855 Gaium
1311 2803 1655 2857 Diddensem.
1686 2834 1753 2841 —
1798 2805 1911 2870 Quo
1955 2810 2083 2859 tem-

523 2894 655 2948 pore
700 2878 895 2934 litterae
937 2880 1115 2935 XXIII
1149 2886 1200 2934 et
1241 2882 1411 2937 XXIX
1450 2885 1682 2951 scriptae.
1717 2914 1784 2922 —
1834 2885 1909 2938 De
1958 2886 2088 2939 clari

527 2959 756 3013 Romani
779 2963 827 3012 et
854 2960 1218 3025 confessorum
1248 2961 1465 3016 litteris.

528 3075 827 3146 Postquam
862 3074 1126 3129 Saturum
1169 3082 1227 3130 et
1273 3077 1544 3149 Optatum
1594 3078 1821 3133 clericos
1869 3079 2082 3134 consti-

456 3167 565 3222 tuit
589 3167 921 3238 Cyprianus,
952 3186 1161 3240 eosque
1200 3171 1441 3226 Romam
1489 3188 1619 3226 cum
1664 3172 1862 3226 litteris
1906 3174 2081 3240 misit,

460 3260 653 3314 scribit
676 3262 745 3315 ad
778 3262 991 3315 clerum
1020 3278 1186 3316 suum
1230 3263 1521 3334 epistolam
1555 3268 1643 3330 24,
1676 3265 1737 3319 in
1769 3282 1878 3336 qua
1915 3267 2081 3321 ratio-

458 3369 590 3409 nem
642 3352 828 3409 reddit
878 3372 980 3409 cur
1022 3372 1197 3411 novos
1250 3358 1499 3426 clericos,
1538 3358 1859 3414 inconsulto
1912 3361 2081 3429 clero,

457 3453 743 3517 creasset;
803 3465 1134 3521 quanquam
1189 3467 1261 3505 ne
1317 3451 1370 3505 id
1422 3452 1653 3522 quidem
1688 3495 1700 3513 .
1768 3454 2085 3509 inconsulto

458 3541 634 3609 clero,
701 3540 918 3596 factum
966 3558 1085 3597 esse
1142 3543 1538 3613 demonstrat;
1610 3547 1892 3618 siquidem
1958 3548 2084 3603 illos

459 3634 879 3706 «jampridem,
915 3635 1123 3708 inquit,
1150 3638 1443 3693 communi
1474 3641 1710 3695 consilio
1756 3642 1906 3696 clero
1949 3659 2079 3713 pro-

458 3728 645 3783 ximos
687 3728 1026 3797 feceramus,
1059 3730 1288 3801 quando
1334 3736 1433 3786 aut
1476 3732 1682 3789 Saturo
1724 3734 1813 3789 die
1857 3736 2085 3790 Paschaa

460 3823 633 3877 semel
660 3827 830 3894 atque
859 3823 1067 3878 iterum
1117 3824 1418 3880 lectionem
1466 3827 1749 3895 dedimus,
1782 3834 1879 3884 aut
1915 3831 2085 3885 modo

459 3932 589 3971 cum
661 3916 1005 3987 presbyteris
1072 3918 1396 3973 doctoribus
1474 3920 1719 3976 lectores
1781 3921 2087 3994 diligenter

459 4010 873 4081 probaremus;
944 4009 1215 4082 Optatum
1278 4012 1429 4068 inter
1487 4013 1725 4070 lectores
1788 4016 2084 4073 doctorem

460 4103 815 4158 audientium
866 4104 1281 4173 constituimus,
1327 4108 1722 4163 examinantes
1773 4109 1953 4183 111
2011 4128 2085 4167 an

459 4201 839 4268 congruerent
865 4197 973 4251 illis
1002 4198 1194 4252 omnia
1220 4215 1347 4270 qua:
1376 4217 1498 4255 esse
1528 4201 1745 4256 debent
1770 4203 1831 4256 in
1869 4204 1955 4257 his
1988 4205 2085 4276 qui

458 4291 527 4345 ad
558 4291 771 4345 clerum
822 4290 1248 4361 parabantur.»
1289 4294 1667 4365 Sequentibus
1711 4297 1931 4351 saeculis
1973 4315 2084 4353 non

459 4385 611 4438 clero
655 4384 836 4437 solum
884 4384 1148 4455 proximi,
1180 4385 1279 4440 sed
1325 4387 1502 4442 etiam
1549 4387 1763 4444 addicti
1817 4394 1982 4445 erant
2030 4398 2087 4447 et

2182 1876 2272 1941 27,
2303 1876 2365 1927 ut
2390 1888 2591 1927 eorum
2618 1872 3000 1929 temeritatem
3027 1872 3390 1943 reprimeret.

2256 1965 2419 2021 Circa
2447 1966 2600 2021 idem
2650 1969 2879 2037 tempus
2922 1966 3220 2021 certiorem
3266 1965 3432 2020 illum
3471 1965 3605 2021 fecit
3633 1966 3815 2021 clerus

2184 2059 2645 2131 Carthaginensis
2670 2076 2730 2114 se
2758 2076 2828 2114 ex
2857 2058 3091 2114 concilio
3118 2060 3511 2130 episcoporum
3541 2059 3639 2131 qui
3676 2059 3813 2114 ade-

2185 2159 2332 2220 rant,
2360 2170 2490 2207 cum
2519 2152 2651 2210 Gaio
2689 2153 2983 2222 Diddeusi,
3012 2152 3250 2224 ejusque
3286 2154 3519 2208 diacono
3555 2169 3810 2208 commu-

2188 2245 2493 2301 nicandum
2542 2263 2659 2302 non
2714 2246 3021 2313 censuisse,
3074 2246 3205 2318 quia
3252 2246 3815 2301 communicaverant

2186 2356 2315 2394 cum
2355 2339 2528 2411 lapsis
2574 2356 2887 2411 eorumque
2914 2339 3229 2394 oblationes
3270 2339 3609 2409 obtulerant,
3640 2343 3698 2395 et
3741 2340 3814 2394 ab

2185 2434 2460 2505 episcopis
2497 2434 2673 2488 semel
2714 2441 2885 2505 atque
2924 2434 3135 2488 iterum
3182 2432 3385 2489 moniti
3423 2434 3811 2505 perstiterant.

2188 2528 2400 2582 Laudat
2442 2528 2759 2599 Cyprianus
2810 2528 2945 2583 cleri
2985 2528 3071 2583 sui
3107 2528 3502 2595 constantiam,
3543 2528 3708 2599 jubet
3755 2533 3817 2582 ut

2188 2622 2488 2693 epistolam
2527 2638 2703 2693 quam
2742 2622 2816 2676 ad
2849 2639 2943 2677 eos
2985 2622 3268 2677 scribebat
3302 2625 3407 2691 (est
3435 2627 3629 2677 autem
3661 2622 3813 2677 vice-

2187 2716 2328 2770 sima
2355 2719 2568 2786 octava)
2597 2717 2873 2788 episcopis
2904 2716 3119 2788 legant,
3152 2733 3217 2771 ac
3249 2718 3295 2770 si
3322 2718 3448 2788 quis
3482 2717 3550 2772 de
3579 2716 3814 2789 presby-

2188 2810 2324 2863 teris
2360 2812 2459 2864 aut
2500 2809 2831 2864 diaconibus
2871 2811 3005 2878 suis,
3035 2810 3118 2864 vel
3161 2811 3335 2865 etiam
3379 2809 3450 2865 de
3492 2809 3816 2881 peregrinis

2187 2902 2611 2958 communicare
2664 2919 2792 2958 cum
2850 2903 3020 2974 lapsis
3065 2902 3294 2971 audeat,
3341 2920 3373 2958 a
3416 2903 3817 2958 communione

2187 3013 2286 3051 sua
2324 3000 2604 3054 arceatur.
2634 2999 2774 3053 Cum
2816 3002 3012 3052 autem
3053 2998 3343 3052 consultus
3386 2998 3553 3052 etiam
3590 3013 3624 3051 a
3659 2998 3813 3053 clero

2186 3090 2386 3145 fuisset
2415 3091 2484 3146 de
2511 3091 2846 3146 Philomeno
2878 3096 2933 3146 et
2961 3093 3270 3146 Fortunato
3309 3090 3716 3163 hypodiaconis
3758 3097 3818 3146 et

2189 3184 2463 3240 Favorino
2502 3184 2791 3256 acolytho,
2838 3185 2956 3257 qui,
2994 3201 3126 3240 cum
3169 3185 3353 3240 medio
3396 3188 3651 3257 tempore
3696 3184 3833 3262 dis-~

2186 3279 2499 3345 cessissent,
2528 3295 2715 3349 nuper
2742 3279 3044 3346 redierant,
3068 3284 3293 3350 tempus
3330 3279 3499 3349 hujus
3537 3279 3621 3333 rei
3659 3279 3815 3350 diju-

2186 3371 2437 3427 dicandae
2484 3372 2745 3427 nondum
2787 3389 2909 3427 esse
2943 3372 3304 3440 existimavit,
3336 3389 3403 3427 eo
3452 3371 3608 3444 quod
3647 3373 3817 3427 multi

2184 3464 2371 3520 adhuc
2399 3464 2468 3520 de
2512 3465 2662 3519 clero
2697 3465 2977 3534 abessent,
3008 3482 3073 3521 ac
3118 3466 3478 3537 singulorum
3523 3466 3821 3522 tractanda

2187 3566 2335 3614 esset
2381 3564 2438 3613 et
2480 3558 2741 3614 limanda
2785 3560 3009 3631 penitus
3061 3560 3202 3614 ratio
3248 3576 3364 3615 non
3411 3563 3631 3614 tantum
3680 3576 3817 3615 cum

2186 3652 2432 3723 collegis,
2472 3652 2569 3708 sed
2613 3657 2670 3707 et
2719 3670 2847 3707 cum
2897 3652 3061 3725 plebe
3112 3653 3233 3724 ipsa
3280 3653 3564 3708 universa.
3614 3656 3820 3726 Itaque

2186 3746 2385 3800 statuit
2413 3748 2479 3799 ut
2497 3768 2525 3796 «
2546 3745 2777 3801 interim
2806 3763 2863 3802 se
2892 3763 2926 3801 a
2946 3745 3219 3802 divisione
3251 3762 3559 3802 mensurna
3586 3751 3815 3802 tantum

2186 3840 2531 3907 contineant,
2584 3856 2697 3894 non
2745 3841 2904 3911 quasi
2961 3857 2993 3894 a
3049 3840 3372 3895 ministerio
3425 3840 3815 3897 ecclesiastico

2186 3932 2391 4003 privati
2431 3949 2553 3988 esse
2583 3932 2906 4003 videantur,
2939 3934 3038 3989 sed
3071 3937 3133 3988 ut
3162 3933 3399 4005 integris
3435 3935 3700 3989 omnibus
3740 3934 3819 3990 ad

2185 4030 2468 4094 nostram,
2515 4026 2717 4098 inquit,
2767 4027 3133 4098 praesentiam
3180 4026 3542 4083 differantur.
3594 4049 3622 4077 ››
3671 4028 3819 4083 Tum

2185 4120 2499 4191 Cyprianus
2548 4119 2633 4173 his
2677 4120 2746 4174 de
2792 4120 2960 4175 rebus
3005 4122 3246 4176 Romam
3291 4121 3486 4176 scribit
3529 4122 3691 4194 epist.
3723 4125 3815 4191 20,

2187 4230 2289 4285 per
2339 4214 2710 4269 Fortunatum
2751 4214 3243 4286 hypodiaconum,
3289 4215 3570 4287 simulque
3621 4214 3818 4289 112

2187 4306 2365 4361 mittit
2393 4312 2449 4362 et
2486 4308 2773 4379 lapsorum
2806 4308 3100 4380 epistolam
3142 4313 3200 4363 et
3238 4326 3580 4381 responsum
3623 4326 3816 4381 suum,

2188 4404 2246 4455 et
2272 4417 2416 4471 quas
2442 4407 2641 4472 postea
2674 4402 2746 4456 ad
2774 4402 2986 4458 clerum
3017 4403 3396 4475 rescripserat.

459 4476 725 4578 adscripti
766 4477 873 4578 qui
908 4478 1083 4578 semel
1129 4484 1185 4533 et
1227 4480 1435 4578 ite-rum
1474 4481 1758 4578 legerant.
1791 4484 1927 4539 Hinc
1968 4488 2164 4578 Au-D
2257 4494 2345 4550 Sic
2388 4499 2580 4550 autem
2613 4495 2766 4551 inter
2809 4513 2867 4551 se
2912 4513 3067 4552 nexa
3112 4502 3248 4552 sunt
3272 4503 3387 4553 tres
3433 4499 3543 4555 illae
3587 4501 3819 4569 littere,

462 4570 743 4642 gustinus,
786 4571 951 4642 epist.
997 4575 1087 4640 63,
1128 4574 1534 4629 conscientiam
1576 4575 1769 4631 Severi
1819 4578 2087 4650 implorat

461 4684 489 4713 ‹‹
520 4668 713 4719 utrum
743 4665 916 4721 homo
941 4665 1038 4738 qui
1067 4666 1125 4721 in
1169 4668 1402 4722 ecclesia
1429 4685 1590 4736 meae,
1620 4670 1824 4741 inquit,
1855 4672 2083 4744 dispen-

459 4759 664 4814 sationi
694 4757 913 4814 credita
945 4760 1068 4831 jam
1106 4759 1296 4832 legere
1328 4766 1593 4834 coeperat,
1624 4766 1680 4818 et
1723 4781 1838 4819 non
1881 4768 2082 4837 semel,

460 4852 559 4907 sed
604 4853 810 4908 iterum
856 4860 911 4909 et
952 4855 1143 4921 tertio,
1173 4872 1288 4909 non
1332 4855 1505 4911 fuisse
1543 4857 1720 4912 lector
1766 4857 1939 4930 possit
1986 4866 2087 4917 aut

460 4946 664 5001 debeat
685 4947 947 5018 judicari.
986 4968 1013 5000 »
1055 4949 1357 5004 Decretum
1402 4950 1463 5004 in
1490 4951 1729 5007 concilio
1760 4953 2081 5011 Milevitano

458 5058 553 5095 an.
583 5040 706 5107 402,
736 5045 795 5095 ut
821 5042 1165 5113 quicumque
1192 5042 1250 5096 in
1271 5043 1510 5099 ecclesia
1530 5045 1619 5100 vel
1648 5046 1826 5101 semel
1852 5046 2080 5120 legerit,

455 5135 526 5189 ab
554 5134 666 5190 alia
689 5135 925 5190 ecclesia
956 5152 1069 5190 non
1102 5138 1385 5191 teneatur.

530 5230 750 5283 Fatetur
806 5246 865 5283 se
930 5229 1145 5285 nescire
1210 5229 1599 5289 Tillemontius
1656 5251 1795 5306 quas
1863 5236 2082 5293 litteras

457 5320 718 5395 designet
745 5323 1058 5395 Cyprianus
1097 5325 1258 5380 initio
1302 5326 1472 5398 hujus
1516 5329 1679 5399 epist.
1726 5331 1815 5398 24,
1866 5331 1959 5386 ubi
2002 5333 2081 5387 sic

454 5417 745 5489 loquitur:
782 5438 809 5465 «
838 5417 914 5472 Ne
952 5418 1088 5489 quid
1126 5420 1527 5475 conscientiam
1570 5428 1811 5478 vestram
1857 5426 2078 5495 lateret,

452 5511 654 5566 fratres
679 5511 1018 5580 charissimi,
1049 5512 1186 5584 quid
1218 5514 1360 5568 mihi
1401 5515 1675 5587 scriptum
1718 5518 1789 5573 sit
1828 5520 2079 5593 quidque

453 5622 561 5676 ego
607 5602 1016 5677 rescripserim,
1047 5607 1347 5679 utriusque
1392 5610 1643 5681 epistolae
1684 5612 1839 5667 vobis
1880 5631 2077 5671 exem-

448 5699 608 5769 plum
656 5699 806 5768 misi,
837 5704 894 5754 et
937 5702 1105 5757 credo
1151 5699 1304 5756 Vobis
1347 5703 1403 5757 id
1448 5704 1603 5775 quod
1654 5708 1918 5780 rescripsi
1962 5728 2077 5766 non

445 5794 764 5869 displicere.
797 5814 824 5848 ››
859 5795 987 5866 Sed,
1022 5812 1150 5851 cum
1187 5797 1499 5870 Cyprianus
1544 5798 1598 5854 in
1639 5802 1802 5873 epist.
1832 5806 1920 5871 2‘7,
1950 5821 2078 5878 quae

2187 4603 2396 4660 nempe
2445 4592 2529 4658 15,
2572 4592 2659 4658 23,
2696 4593 2785 4659 29,
2815 4607 2955 4662 quas
2994 4591 3232 4646 Romam
3278 4592 3436 4647 misit
3477 4594 3818 4666 Cyprianus,

2185 4684 2251 4736 ut
2269 4698 2417 4753 pene
2448 4683 2807 4738 continenter
2833 4684 3055 4756 scriptae
3083 4685 3402 4741 videantur.
3433 4688 3552 4743 Non
3576 4689 3819 4745 dubium

2186 4779 2272 4829 est
2312 4776 2451 4847 quin
2491 4777 2650 4848 epist.
2685 4780 2748 4833 23
2793 4794 2897 4850 per
2938 4778 3206 4834 Saturum
3238 4783 3295 4834 et
3324 4780 3594 4853 Optatum
3644 4782 3821 4838 missa

2184 4868 2274 4937 sit,
2305 4875 2613 4941 antequam
2650 4871 2835 4926 clerus
2881 4873 3170 4928 Romanus
3212 4875 3593 4945 respondisset
3638 4877 3813 4948 epist.

2187 4966 2272 5031 t5,
2297 4963 2577 5034 siquidem
2608 4965 2799 5037 utique
2828 4967 3018 5021 clerus
3045 4968 3332 5023 Romanus
3371 4969 3574 5025 eodem
3604 4987 3814 5027 exem-

2183 5057 2279 5127 plo
2321 5057 2631 5129 respondit.
2663 5058 2987 5123 Quinetiam
3035 5066 3343 5133 postrema,
3372 5079 3500 5134 quas
3540 5080 3640 5135 per
3669 5067 3813 5121 For-

2186 5153 2447 5206 tunatum
2498 5152 2675 5208 missa
2724 5160 2830 5223 est,
2884 5160 3015 5210 ante
3076 5155 3286 5228 scripta
3356 5156 3581 5213 videtur
3637 5176 3817 5231 quam

2181 5245 2493 5317 Cyprianus
2558 5247 2775 5303 litteras
2839 5249 3229 5305 Romanorum
3290 5252 3615 5323 accepisset.
3668 5254 3815 5310 Nam

2181 5341 2373 5410 procul
2416 5340 2587 5396 dubio
2632 5359 2734 5413 pro
2779 5359 3003 5399 summa
3047 5361 3151 5399 sua
3191 5346 3550 5401 humanitate
3594 5348 3816 5419 gratias

2180 5433 2287 5487 illis
2315 5435 2521 5505 egisset
2547 5436 2699 5507 quod
2732 5436 2839 5492 sibi
2879 5438 2939 5492 in
2984 5440 3407 5495 molestissimis
3444 5441 3614 5496 rebus
3652 5445 3815 5501 tanto

2180 5527 2379 5582 solatio
2430 5530 2793 5586 exstitissent.
2843 5531 3056 5588 Deinde
3110 5550 3263 5602 vero,
3311 5535 3813 5607 quemadmodum

2179 5620 2492 5691 Cyprianus
2520 5639 2622 5695 per
2647 5624 2913 5681 Saturum
2952 5632 3010 5682 et
3053 5627 3324 5698 Optatum
3362 5630 3617 5686 scribens
3646 5631 3802 5689 dice—

2176 5714 2312 5770 bat:
2347 5737 2374 5765 «
2418 5718 2545 5772 Post
2584 5718 2760 5775 factas
2800 5720 2873 5775 ad
2904 5739 2999 5777 vos
3029 5723 3309 5778 litteras...
3340 5725 3497 5780 aliud
3549 5727 3810 5795 accessit,

2175 5808 2329 5881 quod
2360 5828 2465 5867 nec
2491 5812 2677 5885 ipsum
2722 5816 2894 5871 latere
2930 5832 3027 5870 vos
3063 5816 3293 5886 debuit;
3329 5841 3357 5868 ››
3400 5819 3481 5875 sic
3528 5819 3700 5877 etiam
3738 5821 3809 5883 in
