4084 6208
238 321 308 375 113
1536 316 1689 370 VlTA
1727 316 1782 368 S.
1824 316 1851 369 Ε

1910 315 2159 370 PRlANl.
3426 322 3446 375 1
3463 323 3523 377 14

231 442 413 515 epistola
434 457 531 512 per
558 442 932 495 Fortunatum
948 441 1124 496 missa
1150 441 1327 498 dixit:
1364 464 1392 490 α
1417 443 1793 512 Posteaquam
1815 452 1990 523 Aras
2013 439 2275 493 fraudem
2325 439 2511 494 callidi
2557 440 2803 496 hominis
2863 443 3039 498 latere
3091 459 3206 498 non
3252 445 3524 515 potuisse-

228 538 278 591 ad
299 553 373 590 vos
397 536 602 589 litteras
641 535 772 600 feci,
803 551 945 605 quas
983 535 1112 588 misi
1158 552 1257 606 per
1299 536 1571 590 Saturum
1618 535 1789 589 lecte-
1897 554 1924 581 «
1957 534 2118 602 Nam,
2167 550 2296 588 cum
2347 534 2607 601 antehac,
2660 536 2940 606 inquiunt,
2976 537 3181 608 quibus
3233 555 3301 593 ex
3347 539 3521 610 ipsius

228 648 316 686 rem
345 635 389 683 et
414 629 674 699 Optatum
713 629 1196 700 hypodiaeenum,
1247 629 1455 684 fratres
1499 629 1678 683 nostri
1725 629 1793 683 de
1893 627 2162 698 nequitiae
2190 628 2418 682 cohorte
2445 630 2686 683 venisset
2715 629 3037 684 vexillarius
3083 632 3293 686 Privati
3350 634 3517 688 Futu-

227 723 548 796 quorumdam
581 729 873 793 prospecta
892 725 1231 789 temeritate,
1262 725 1362 794 qui
1394 724 1790 794 pcenitentiam
1893 737 1986 773 rus
2008 727 2061 774 et
2088 721 2480 776 fraudulenter
2508 722 2718 776 litteras
2769 740 2802 776 a
2833 724 2996 778 nobis
3039 725 3240 781 elicere
3271 731 3516 790 curaret,

224 834 352 888 agere
381 818 563 872 etDeo
605 816 922 871 satisfacere
963 817 1292 884 detrectant,
1331 817 1550 872 litteras
1589 818 1657 872 ad
1699 835 1790 872 me
1891 830 1996 868 nec
2043 815 2177 885 quid
2235 818 2382 869 esset
2437 816 2622 883 latuit,
2684 833 2788 870 nec
2846 817 3060 873 litteras
3105 836 3243 889 quas
3299 821 3522 875 volebat

225 914 442 967 fecerunt.
477 933 503 959 »
537 911 943 976 Quamobrem,
976 927 1103 964 cum
1144 927 1260 965 sese
1305 913 1566 982 proxime
1595 928 1787 966 conse-
1890 909 2121 979 accepit.
2157 930 2183 958 »
2211 909 2520 978 Scripserat
2536 926 2670 980 ergo
2698 911 3006 981 Cyprianus
3031 911 3283 982 aliquam
3311 914 3379 968 de
3410 915 3515 969 hoc

221 1009 332 1060 cata:
372 1005 474 1058 sint
516 1004 794 1074 ejusmodi
851 1005 1088 1072 litterae,
1129 1004 1415 1060 immerito
1467 1008 1790 1076 postremas
1891 1002 2110 1056 Privato
2150 1002 2462 1072 epistolam,
2505 1004 2573 1058 de
2605 1020 2714 1074 quo
2760 1004 2904 1058 nihil
2948 1021 3178 1075 prorsus
3231 1009 3414 1061 exstat
3454 1008 3514 1062 in

221 1100 362 1168 rejicnt
405 1099 731 1152 Pearsonius
778 1099 834 1152 in
892 1115 1150 1153 mensem
1217 1099 1544 1169 octobrem;
1600 1117 1788 1171 neque
1890 1095 2068 1150 tribus
2119 1096 2320 1150 litteris
2376 1114 2517 1168 quas
2565 1099 3175 1168 commemoravimus;
3233 1101 3329 1155 sed
3396 1102 3515 1155 haec

214 1193 332 1247 enim
358 1196 462 1246 tam
493 1209 619 1246 sero
647 1191 987 1247 collocandae
1018 1198 1165 1259 sunt,
1190 1197 1250 1246 ut
1276 1210 1403 1264 quae
1438 1199 1568 1248 ante
1586 1210 1785 1264 accep-
1889 1189 2120 1259 epistola
2146 1207 2278 1243 cum
2308 1191 2498 1244 multis
2527 1191 2651 1244 aliis
2678 1191 2984 1247 intercidit.
3009 1193 3132 1247 Non
3161 1193 3396 1248 dubium
3432 1199 3518 1250 est

213 1294 304 1340 tum
360 1286 595 1358 epistola:
661 1287 803 1340 Julie
866 1287 1103 1340 ineunte
1165 1286 1387 1358 scripta:
1449 1303 1786 1358 responsum

1904 1283 2025 1353 quin
2057 1284 2146 1337 hae
2175 1285 2563 1338 Romanorum
2579 1285 2832 1356 epistolae
2857 1303 3066 1356 magno
3089 1287 3213 1341 usui
3237 1289 3517 1359 Cypriane

211 1380 352 1433 missae
401 1379 630 1434 fuerint.
687 1385 872 1450 Atque
938 1380 1057 1450 ipsa
1119 1379 1290 1434 etiam
1359 1380 1498 1434 cieri
1545 1382 1786 1436 Romani
1888 1377 2101 1430 fuerint
2158 1378 2215 1430 in
2268 1378 2357 1432 his
2411 1396 2603 1432 rerum
2661 1379 3113 1450 difﬁcultatibus;
3168 1385 3339 1453 atque
3395 1383 3516 1436 haec

213 1473 446 1542 responsio
493 1473 662 1528 nimis
709 1490 833 1528 sero
877 1473 1136 1528 collocari
1173 1474 1394 1528 videtur
1427 1490 1619 1529 mense
1656 1491 1782 1546 sep-
1885 1470 2031 1524 forte
2077 1487 2242 1524 causa
2292 1471 2503 1525 exstitit
2559 1488 2658 1525 cur
2701 1472 2755 1526 in
2813 1474 3066 1544 epistolis
3115 1491 3252 1546 quas
3297 1477 3516 1548 reliquo

213 1568 394 1622 tembri.
422 1568 593 1622 Multa
627 1568 783 1622 enim
826 1567 1241 1622 concurrebant
1266 1585 1366 1622 cur
1403 1569 1513 1622 cite
1542 1569 1785 1624 Romani
1886 1565 2056 1634 hujus
2104 1565 2240 1618 anni
2297 1570 2552 1634 tempore
2607 1566 2846 1636 scriptas
2887 1568 3340 1636 recensebimus,
3398 1586 3514 1624 non

210 1661 569 1731 responderent
602 1683 614 1716 :
647 1661 1002 1732 perturbatio
1033 1662 1282 1716 ecclesia:
1323 1662 1784 1733 Carthaginensis
1886 1657 2058 1712 iidem
2087 1673 2351 1711 curarum
2393 1657 2571 1711 aculei
2611 1658 2955 1729 Cyprianum
2995 1677 3252 1731 pungere
3284 1663 3512 1717 videan-

208 1756 403 1809 celerem
449 1755 790 1810 medicinam
844 1755 1196 1826 postulabat;
1257 1755 1611 1810 detrahenda
1665 1759 1848 1826 erat_
1885 1757 1996 1818 tur,
2046 1751 2386 1820 compressis
2431 1751 2697 1806 videlicet
2749 1752 2821 1806 ad
2873 1756 3096 1824 tempus
3148 1755 3422 1810 seditiosis
3460 1767 3518 1812 et

208 1849 436 1918 Cypriane
463 1850 745 1916 molestia,
777 1865 951 1920 quam
979 1850 1058 1903 illi
1073 1851 1461 1904 Romanorum
1490 1849 1785 1904 silentium
1806 1822 1861 1892 Β
1888 1845 2104 1900 nefaria
2163 1845 2400 1899 consilia
2450 1845 2620 1899 tacite
2679 1845 3124 1914 intendentibus,
3178 1864 3303 1918 quas
3365 1865 3516 1904 anne

206 1945 246 1995 et
266 1942 445 2012 iniqua?
483 1943 835 2013 suspiciones
884 1944 1215 1997 attulerant.
1256 1943 1605 1997 Probabilius
1646 1960 1785 2014 ergo
1887 1939 2145 2010 sequenti
2178 1939 2409 1993 ineunte
2428 1939 2699 2010 perlicere
2728 1941 2915 1994 conati
2947 1946 3096 1996 sunt.

206 2039 269 2088 est
309 2037 414 2106 ipse
464 2053 666 2091 mense
718 2039 973 2106 Augusto
1042 2037 1265 2091 venisse
1331 2038 1787 2107 pl‘mclarissimas

1899 2052 1994 2106 KV.
2026 2083 2093 2090 —
2126 2054 2429 2106 Pcrsecutie
2481 2053 2832 2116 recrudescit;
2881 2069 2997 2122 pum
3047 2056 3246 2120 futura
3295 2055 3352 2110 S.
3407 2058 3512 2126 Cy-

201 2129 292 2182 ilias
341 2130 463 2184 cieri
525 2130 764 2184 Romani
810 2137 864 2184 et
925 2119 1312 2184 cenfessorum
1368 2132 1606 2198 litteras,
1660 2149 1786 2203 quae
1950 2134 2154 2201 priano
2189 2132 2478 2185 reveletur.
2509 2162 2576 2170 —
2606 2135 2705 2187 Res
2756 2119 2971 2186 interim
3027 2119 3096 2188 ob
3147 2150 3205 2188 eo
3252 2142 3414 2202 gesta
3448 2119 3514 2190 vet

203 2230 302 2277 sunt
323 2224 458 2294 apud
492 2226 648 2278 Pam.
677 2228 736 2278 2t
777 2228 834 2278 et
851 2226 940 2291 24,
985 2240 1048 2278 ac
1089 2231 1213 2279 tum
1257 2225 1423 2295 epist.
1480 2229 1563 2293 15,
1612 2243 1783 2297 quam
1958 2214 2169 2282 scripta?
2197 2225 2341 2265 ("mo
2370 2214 2472 2266 250
2503 2217 2724 2267 οωθαπίθ
2756 2220 3112 2268 recensentur-

200 2318 461 2386 Cyprianus
490 2318 780 2388 purgandi
811 2319 896 2372 sui
923 2335 1089 2372 causa
1119 2319 1438 2390 scripserat,
1466 2322 1585 2373 tum
1615 2320 1784 2374 etiam
1962 2317 2118 2373 Circa
2149 2333 2403 2371 mensem
2434 2316 2721 2372 ectobrem
2761 2318 3029 2388 scriptam
3073 2319 3310 2389 conjicio
3347 2321 3513 2391 epist.

199 2409 257 2462 illi
292 2428 447 2480 quam
493 2417 694 2482 postea
736 2429 842 2482 per
887 2415 1152 2467 Saturum
1203 2419 1258 2466 et
1305 2412 1578 2483 Optatum
1631 2414 1786 2468 misit
1888 2413 1975 2478 37,
2011 2410 2205 2480 inqua
2235 2410 2550 2482 Cyprianus
2578 2411 2941 2482 presbyteros
2968 2416 3025 2466 et
3051 2412 3320 2468 diaconos
3364 2414 3515 2468 idem

198 2504 420 2559 eximiam
485 2506 924 2576 responsionem
997 2505 1312 2561 continent.
1403 2507 1782 2574 Novatianus,
1888 2505 2162 2559 admonet
2183 2505 2329 2575 quod
2353 2505 2476 2575 jam
2521 2521 2669 2576 saepe
2711 2505 2837 2559 illos
2877 2506 3250 2561 admouuerat
3287 2511 3350 2562 ut
3385 2525 3516 2562 cen-

196 2602 240 2649 ut
261 2600 577 2669 perspicitur
607 2617 671 2654 ex
695 2601 857 2670 epist.
892 2604 957 2655 52
991 2599 1258 2670 Cypriani
1287 2600 1364 2670 (p.
1413 2601 1522 2671 67),
1563 2602 1786 2672 scripsit
1888 2598 2198 2680 fossoribus
2239 2599 2299 2652 in
2349 2614 2573 2653 carcere
2620 2599 2936 2652 constitutis
2993 2601 3181 2654 omnis
3222 2601 3517 2673 diligentia

194 2690 307 2744 hanc
344 2694 498 2765 epist.
549 2697 611 2748 3t
673 2710 920 2765 quacum
967 2695 1146 2748 clerus
1191 2695 1476 2748 Romanus
1517 2695 1686 2749 simul
1715 2696 1784 2750 ad
1885 2691 2229 2763 praebeatur,
2278 2697 2332 2747 et
2391 2692 2506 2746 dies
2560 2692 2766 2762 quibus
2820 2692 2877 2746 in
2933 2709 3157 2748 carcere
3209 2695 3512 2766 excedunt,

191 2786 490 2854 Cyprianum
517 2788 677 2842 misit
704 2788 921 2842 litteras
953 2788 1212 2844 Ecclesiae
1249 2791 1521 2844 Romana:
1551 2789 1785 2844 nomine
1883 2789 2251 2840 annotentur.
2286 2785 2499 2840 Laudat
2529 2786 2880 2857 diligentiam
2919 2787 3155 2842 Tertulli
3193 2789 3512 2859 presbyteri

191 2877 422 2933 inSicilia
449 2881 711 2952 scriptas.
1885 2896 2015 2933 cum
2079 2880 2138 2933 in
2193 2879 2610 2934 cenfessoribus
2683 2881 2839 2934 omni
2902 2881 3273 2936 humanitatis
3329 2883 3512 2938 efficio

241 2974 456 3028 Tantum
486 2975 676 3028 solatii
705 2991 770 3030 ex
815 2975 900 3029 his
943 2975 1076 3029 cleri
1120 2976 1361 3030 Romani
1407 2980 1465 3030 et
1506 2977 1786 3031 cenfesso-
1877 2972 2167 3044 juvandis,
2200 2976 2323 3026 tum
2352 2973 2408 3026 in
2441 2972 2641 3027 diebus
2679 2974 2886 3044 quibus
2930 2990 3158 3028 carcere
3195 2978 3510 3043 transeunt,

190 3081 289 3119 rem
327 3067 522 3123 litteris
570 3069 829 3141 percepit
875 3069 1207 3140 Cyprianus,
1265 3086 1473 3141 easque
1523 3071 1784 3125 omnibus
1884 3067 1960 3121 ibi
1994 3066 2397 3138 signiﬁcandis.
2430 3068 2578 3122 Hauc
2617 3067 2938 3138 epistetam,
2988 3068 3178 3122 minus
3213 3073 3512 3126 commode

187 3160 298 3213 adeo
327 3163 484 3216 utiles
510 3164 637 3217 fore
673 3164 966 3233 judicavit,
1002 3169 1060 3218 ut
1109 3166 1328 3232 Saturo,
1372 3164 1467 3235 qui
1496 3181 1586 3218 eas
1627 3165 1777 3219 vide-
1803 3192 1857 3265 Ο
1885 3161 1944 3215 in
1987 3161 2240 3215 maxime
2287 3161 2698 3232 persecutionis
2753 3163 2955 3217 ardore
2980 3180 3012 3216 a
3055 3164 3411 3219 Tillementie
3457 3172 3512 3220 et

185 3259 258 3305 tur
279 3257 443 3310 Roma
482 3258 766 3325 retulisse,
801 3258 1148 3312 mandaverit
1182 3265 1244 3312 ut
1283 3258 1521 3329 singulis
1557 3259 1779 3313 deside-
1811 3253 1857 3265 “”
1886 3253 2008 3309 aliis
2061 3255 2412 3322 collocatam,
2460 3255 2674 3310 referre
2720 3256 2895 3312 malui
2955 3257 3027 3312 ad
3088 3257 3227 3312 illud
3287 3261 3512 3329 tempus

181 3350 394 3403 rentibus
421 3351 784 3406 describendi
820 3354 1153 3422 potestatem
1183 3353 1415 3407 faceret.
1447 3353 1572 3407 Illas
1604 3353 1780 3407 etiam
1883 3367 2017 3420 quo,
2069 3348 2473 3419 refrigescente
2519 3350 2932 3419 persecutione,
2984 3356 3039 3405 et
3092 3351 3510 3407 cenfesseribus

182 3439 234 3492 ad
267 3444 469 3498 clerum
509 3462 682 3499 suum
737 3445 892 3498 misit
937 3462 1066 3500 cum
1118 3445 1186 3499 iis
1212 3463 1351 3516 quas
1398 3447 1633 3500 Romam
1661 3447 1780 3518 ipse
1882 3443 2064 3514 magis
2110 3444 2168 3497 in
2200 3459 2421 3497 carcere
2465 3460 2637 3514 quam
2686 3443 2833 3498 inter
2877 3448 3163 3499 tormenta
3207 3446 3510 3502 morienti-

181 3538 458 3605 scripserat,
503 3539 679 3593 simul
728 3539 1062 3610 praecipiens
1107 3541 1228 3610 (per
1272 3539 1437 3610 epist.
1492 3541 1580 3612 5'2)
1627 3547 1685 3595 ut
1725 3546 1782 3596 et
1881 3537 2006 3605 bus,
2052 3537 2318 3607 sperabat
2359 3537 2670 3608 Cyprianus
2713 3554 2770 3591 se
2813 3538 2925 3592 cito
2957 3538 3242 3609 sacriﬁcia,
3271 3540 3510 3595 Domine

179 3642 255 3680 sua
282 3633 475 3702 scripta
505 3636 564 3688 et
616 3633 843 3687 illorum
892 3634 1164 3704 rescripta
1207 3634 1478 3688 fratribus
1528 3635 1776 3689 innetes-
1881 3634 2241 3702 protegente,
2275 3647 2405 3684 cum
2434 3631 2582 3685 clere
2616 3647 2717 3685 suo
2745 3631 3183 3687 celebraturum.

176 3730 316 3778 cant:
366 3727 459 3780 sed
519 3732 600 3793 et,
648 3727 692 3780 si
747 3727 846 3798 qui
903 3727 970 3781 de
1020 3727 1340 3798 peregrinis
1400 3728 1646 3799 episcopi
1695 3730 1775 3783 vel
1953 3725 2169 3796 Scripta
2195 3741 2311 3780 non
2354 3725 2533 3779 multo
2565 3730 2687 3796 post
2716 3725 2939 3780 videtur
2975 3726 3142 3797 epist.
3177 3730 3230 3790 8,
3275 3743 3408 3782 cum
3450 3729 3508 3783 in

178 3819 455 3889 presbyteri
487 3821 577 3875 vel
609 3820 869 3875 diacones
897 3827 1211 3892 praesentes
1231 3821 1443 3876 fuerint
1465 3823 1550 3876 vel
1578 3839 1775 3893 super-
1880 3818 2093 3873 visione
2123 3818 2391 3873 divinitus
2417 3819 2605 3873 oblata
2646 3819 2960 3890 Cyprianus
3008 3820 3260 3875 audisset
3292 3839 3304 3876 :
3339 3845 3366 3871 α
3416 3823 3512 3877 Dic

173 3914 412 3981 venerint,
455 3915 586 3968 haec
635 3914 826 3968 omnia
864 3915 1116 3984 audiant,
1171 3917 1227 3969 et
1272 3917 1316 3969 si
1359 3915 1621 3986 exempla
1657 3917 1776 3987 epi-
1879 3913 1962 3967 illi
2012 3929 2243 3967 securus
2282 3912 2372 3982 sit,
2426 3913 2562 3983 quia
2608 3929 2714 3983 pax
2759 3918 2994 3968 ventura
3049 3920 3152 3970 est.
3195 3916 3302 3970 Sed
3356 3917 3509 3988 quod

176 4006 409 4060 stolarum
426 4008 812 4062 transcribere
855 4011 911 4062 et
945 4008 1015 4062 ad
1041 4025 1173 4063 suos
1214 4009 1469 4080 perferre
1496 4009 1778 4064 voluerint
1878 4006 2113 4061 interim
2164 4006 2390 4060 merula
2440 4011 2544 4073 est,
2599 4010 2906 4077 supersunt
2948 4007 3133 4062 adhuc
3183 4009 3358 4080 aliqui
3413 4010 3510 4081 qui

172 4098 463 4155 facultatem
517 4101 976 4172 trauscriptionis
1017 4103 1316 4172 accipiant.
1377 4103 1654 4158 Discimus
1708 4121 1773 4158 ex
1878 4099 2208 4171 probentur.
2244 4123 2270 4149 n
2302 4099 2819 4155 Persecutieadhuc
2843 4117 3075 4172 gregem
3105 4103 3505 4173 populabatur,

175 4193 309 4259 epist.
362 4198 426 4249 52
467 4195 738 4266 Cypriani
789 4196 889 4249 has
941 4196 1074 4250 cleri
1121 4197 1360 4250 Romani
1407 4197 1631 4251 litteras
1678 4214 1778 4268 per
1878 4198 1940 4248 ut
1969 4193 2156 4248 statim
2185 4193 2343 4247 addit
2372 4193 2704 4263 Cyprianus,
2742 4198 2952 4248 etcum
2990 4195 3282 4250 interdum
3322 4197 3510 4251 mitior

171 4290 319 4340 totum
350 4290 636 4343 mundum
667 4289 869 4344 missas
896 4289 1090 4344 fuisse.
1123 4296 1180 4344 et
1211 4291 1268 4344 in
1299 4291 1566 4345 notitiam
1597 4291 1771 4345 eccle-
1874 4287 2168 4342 interdum
2201 4287 2458 4358 asperior
2484 4287 2702 4358 fuisset,
2725 4288 2945 4344 videtur
2975 4290 3078 4344 sub
3105 4289 3291 4361 ipsum
3333 4290 3508 4345 ﬁnem

173 4379 244 4430 siis
267 4383 526 4436 omnibus
555 4388 615 4438 et
647 4383 932 4436 universis
977 4383 1244 4438 fratribus
1291 4384 1530 4454 perlatas
1577 4385 1769 4438 fuisse.
1875 4387 1939 4436 ut
1989 4381 2246 4436 observat
2306 4381 2722 4449 Tillementius,
2791 4382 3066 4438 violenter
3123 4385 3512 4440 recruduisse.

172 4472 285 4526 Hinc
309 4474 558 4530 declarat
585 4478 641 4530 in
681 4477 842 4546 epist.
877 4478 967 4541 40,
1017 4476 1208 4550 113
1259 4494 1387 4548 quae
1435 4477 1642 4549 scripta
1689 4483 1771 4533 est
1876 4475 2040 4540 Quod
2083 4475 2238 4530 enim
2276 4475 2353 4529 ait
2404 4476 2719 4546 Cyprianus
2765 4482 3050 4532 tormenta
3099 4479 3319 4534 venisse
3367 4479 3506 4534 dum

171 4565 301 4621 initio
325 4587 414 4623 an.
447 4574 579 4639 251,
625 4571 800 4624 semel
847 4571 1121 4641 placuisse
1152 4594 1178 4620 α
1211 4574 1324 4624 tarn
1354 4572 1536 4638 nobis,
1565 4572 1769 4643 inquit,
1793 4563 1851 4633 D
1877 4568 2070 4641 114
2125 4569 2475 4624 confessores
2519 4587 2636 4624 non
2695 4573 2892 4624 tenent
2943 4571 3326 4643 disciplinam,
3387 4590 3503 4626 non

170 4674 313 4728 quam
327 4663 747 4717 confesseribus
765 4667 821 4718 et
840 4665 1054 4718 clericis
1076 4664 1306 4732 urbicis,
1338 4665 1473 4720 item
1503 4666 1777 4720 universis
1877 4664 2104 4719 videtur
2127 4680 2218 4718 res
2245 4680 2439 4718 mense
2467 4664 2634 4734 aprili
2665 4667 2763 4718 aut
2797 4665 2951 4719 maio
2981 4671 3164 4736 gestas
3195 4667 3255 4719 in
3282 4682 3504 4720 meme-

171 4755 413 4826 episcepis
455 4759 544 4811 vel
596 4757 650 4810 in
702 4761 897 4811 nostra
949 4759 1234 4828 provincia
1277 4759 1362 4812 vel
1411 4765 1565 4813 trans
1614 4775 1775 4814 mare
1879 4760 2020 4813 riam
2053 4775 2334 4824 revocare,
2360 4757 2453 4811 sed
2482 4762 2821 4828 praesentem
2840 4774 3031 4813 rerum
3060 4764 3271 4813 statum
3303 4759 3507 4814 descri-

167 4851 472 4919 constitutis,
507 4855 578 4905 ut
606 4851 748 4905 nihil
789 4851 1097 4906 innevetur
1132 4853 1279 4906 circa
1320 4852 1612 4923 lapsorum
1642 4870 1776 4907 cau-
1877 4852 2045 4919 bere,
2117 4852 2288 4922 idque
2362 4868 2430 4905 ex
2503 4853 2626 4920 ejus
2691 4851 2872 4905 verbis
2935 4852 3070 4905 satis
3138 4852 3502 4924 perspicitur.

168 4955 284 5006 sam,
331 4945 438 4996 nisi
488 4961 691 4999 omnes
730 4945 788 4998 in
844 4962 1027 5000 unum
1080 4947 1544 5015 cenvenerimus,
1593 4951 1699 5000 etc.
1749 4970 1776 4996 ››
1883 4947 2090 5009 «Quas
2136 4947 2329 4998 autem
2380 4944 2597 5016 plagas,
2657 4945 2867 5015 inquit,
2926 4962 3054 5017 quae
3105 4947 3338 5000 vulnera
3392 4964 3507 5002 non

167 5033 262 5089 Non
287 5038 467 5092 multo
506 5043 636 5109 post
678 5040 858 5095 clerus
912 5041 1200 5095 Romanus
1250 5040 1305 5095 in
1349 5040 1617 5096 eamdem
1658 5058 1781 5095 sen-
1880 5055 2188 5106 meremur,
2239 5038 2468 5108 quando
2513 5054 2616 5093 nec
2669 5039 3036 5106 confesseres,
3090 5041 3186 5112 qui
3238 5043 3501 5112 exemplo

168 5129 376 5184 tentiam
438 5133 747 5203 respondit
794 5133 996 5188 litteris
1031 5134 1317 5204 Cypriani,
1370 5151 1498 5204 qua:
1557 5135 1780 5206 scripta:
1882 5132 2098 5188 castoris
2136 5133 2206 5186 ad
2247 5133 2422 5186 bones
2468 5148 2655 5188 meres
2708 5150 2826 5188 esse
2870 5133 3207 5202 debuerant,
3265 5140 3496 5191 teneant

169 5221 390 5290 quidem,
422 5231 486 5280 ut
514 5227 644 5296 jam
693 5226 952 5293 diximus,
1003 5231 1309 5296 antequam
1357 5229 1595 5282 Saturus
1641 5227 1783 5282 redi-
1884 5226 2283 5297 disciplinam?
2358 5227 2574 5297 Itaque,
2639 5227 2775 5282 dum
2859 5230 3132 5299 quosdam
3201 5230 3512 5285 insolenter

171 5313 295 5378 isset,
348 5319 446 5372 sed
519 5322 713 5373 tamen
764 5322 1064 5390 postquam
1122 5319 1215 5374 ille
1266 5322 1447 5375 Roma
1501 5321 1782 5391 profectus
1884 5319 2100 5375 extollit
2152 5319 2517 5374 confessionis
2575 5337 2692 5376 suae
2739 5321 2939 5377 timida
3007 5326 3063 5377 et
3129 5323 3511 5379 inverecunda

169 5405 341 5474 fuerat,
395 5413 455 5466 in
523 5413 677 5465 hanc
726 5413 924 5468 urbem
983 5430 1017 5468 a
1069 5413 1380 5468 Fortunato
1435 5414 1781 5469 subdiaceno
1877 5414 2436 5485 jactatio,termenta
2457 5419 2755 5470 venerunt.
2789 5418 2915 5470 Haec
2942 5418 3196 5488 patimur
3222 5418 3427 5474 delicto
3452 5422 3513 5472 et

173 5502 402 5571 perlatae,
477 5506 881 5561 necessitatem
941 5508 1092 5562 clere
1153 5508 1409 5562 Romane
1471 5509 1782 5564 attulerunt
1885 5507 2085 5562 merito
2118 5512 2377 5562 nostro.»
2409 5507 2638 5563 Videtur
2662 5509 2731 5564 ad
2758 5511 2861 5564 hoc
2884 5515 3104 5581 tempus
3139 5511 3510 5566 referendum

173 5590 346 5651 iterum
365 5598 678 5653 scribendi.
704 5601 828 5654 Haec
846 5599 1082 5671 epistola
1102 5601 1248 5671 apud
1273 5603 1424 5654 Pam.
1459 5606 1541 5655 est
1560 5604 1649 5656 30.
1671 5602 1783 5658 Sub
1886 5600 2036 5673 quod
2065 5608 2256 5656 narrat
2283 5603 2665 5674 Cyprianusin
2698 5603 2860 5674 epist.
2893 5604 2983 5673 40,
3019 5605 3086 5660 de
3117 5605 3371 5677 quinque
3396 5605 3508 5675 pri-

175 5685 314 5742 ﬁnem
357 5693 622 5762 epistolae
667 5693 873 5764 gratias
926 5698 1106 5764 agunt
1146 5694 1427 5765 Cypriane
1474 5696 1632 5767 quod
1682 5713 1783 5750 suo
1885 5695 2139 5749 moribus
2164 5695 2518 5768 Carthaginis
2552 5716 2575 5746 ‹‹
2605 5697 2702 5768 qui
2732 5697 2914 5752 edicto
2937 5715 3124 5770 nuper
3164 5698 3506 5770 magistrati-

175 5794 306 5835 mere
332 5783 397 5838 de
428 5785 496 5838 iis
528 5801 660 5856 quae
687 5787 753 5841 ad
787 5787 1072 5842 Privatum
1112 5787 1576 5843 Lambesitauum
1625 5806 1781 5860 spec-
1886 5789 1992 5844 bus
2020 5789 2247 5845 fuerant
2279 5791 2546 5862 copulati,
2577 5795 2641 5845 ut
2665 5791 2840 5846 ﬁdem
2861 5792 3351 5862 (Christianorum)
3382 5792 3511 5845 sub-

179 5876 277 5926 taut
315 5880 682 5934 nuntiaverit.
736 5872 1032 5938 DeClarant
1069 5882 1241 5939 etiam
1291 5887 1423 5939 ante
1456 5883 1604 5940 illius
1643 5884 1787 5942 litte-
1891 5890 2143 5942 ruerent.
2176 5908 2203 5936 »
2235 5886 2354 5941 Non
2381 5885 2534 5942 enim
2561 5885 2652 5940 hic
2706 5886 2982 5944 visionem
3034 5885 3229 5954 refert,
3273 5889 3333 5941 ut
3371 5901 3514 5940 neu-
