4084 6208
451 327 567 387 115.

1811 331 1967 388 νιτΑ
2004 332 2059 387 S.
2100 330 2435 389 CYPRIANI.

3705 328 3823 385 116-

447 452 590 533 n_ulli
619 450 1037 519 existimarunt,
1065 454 1163 509 sed
1201 470 1322 509 rem
1371 453 1635 513 omnibus
1684 455 1974 526 cognitam
2017 459 2074 510 et
2095 455 2494 539 Avulnerum,
2543 470 2615 510 an
2674 452 3071 509 verecundiam
3120 467 3355 511 morum
3412 453 3476 508 et
3533 450 3803 508 eximiam

452 550 746 615 testatam;
797 563 899 600 nec
944 546 1175 602 difﬁcile
1224 549 1440 609 creditu
1484 552 1569 606 est
1612 548 1865 620 quinque
1921 547 2073 604 urbis

449 640 725 710 primores
771 640 1128 711 magistratui
1187 641 1247 695 in
1316 641 1502 697 edicto
1561 643 1747 714 aliquo
1810 643 2075 698 adversus

460 732 808 789 Christianos
847 737 945 787 aut
994 735 1416 806 promulgando
1461 739 1561 792 aut
1587 737 1946 809 exsequendo
1975 737 2071 791 ad-

450 825 676 896 junctos
708 827 899 882 fuisse.
926 828 1087 896 Quod
1117 832 1308 884 autem
1339 829 1498 885 addit
1543 829 1877 902 Cyprianus,
1912 853 1940 881 ‹‹
1968 833 2072 886 Ea-

450 920 583 975 dem
602 937 751 975 nunc
781 920 945 989 ratio,
977 922 1173 976 eadem
1202 939 1397 977 rursus
1428 923 1646 979 eversio
1676 940 1777 995 per
1822 925 2075 996 quinque

445 1014 807 1087 presbyteros
835 1015 1180 1072 Felicissimo
1203 1017 1500 1087 copulatus
1527 1018 1598 1072 ad
1626 1018 1855 1073 ruinam
1880 1019 2074 1075 salutis

447 1107 758 1175 inducitur,
788 1129 815 1158 »
845 1108 905 1163 id
931 1109 1184 1181 profecto
1208 1126 1325 1165 non
1349 1110 1571 1165 facinus
1610 1112 2072 1184 presbyterorum

447 1200 662 1256 visione
686 1202 872 1273 aliqua
917 1204 1424 1275 prmsigniﬁcatum
1475 1205 1647 1259 fuisse
1694 1205 1930 1273 indicat,
1975 1206 2075 1262 sed

448 1295 636 1367 potius
684 1296 840 1351 idem
889 1297 1148 1352 Ecclesim
1204 1298 1274 1352 ab
1327 1298 1438 1353 illis
1488 1298 1807 1369 periculum
1874 1299 2071 1368 creari,

449 1389 602 1460 quod
645 1390 696 1443 ei
736 1393 900 1445 antea
955 1408 988 1446 a
1042 1391 1468 1463 magistratibus
1510 1397 1567 1447 et
1615 1392 1867 1463 quinque
1922 1392 2075 1448 urbis

448 1483 793 1555 primoribus
816 1485 1123 1539 exstiterat.
1152 1486 1463 1541 Violentam
1479 1487 1649 1542 fuisse
1668 1485 2076 1557 persecutionis

445 1578 865 1632 conclusionem
886 1577 1029 1633 illud
1060 1577 1238 1634 etiam
1264 1582 1606 1650 argumento
1624 1583 1727 1646 est,
1750 1580 1923 1653 quod,
1942 1596 2073 1635 cum

448 1671 634 1725 clerus
650 1669 1110 1743 Carthaginensis
1123 1672 1349 1743 integer
1363 1673 1634 1729 hactenus
1656 1678 1710 1728 et
1729 1690 1905 1745 purus
1925 1674 2076 1729 inter

446 1767 603 1819 tanta
626 1766 915 1820 malorum
946 1766 1209 1837 contagia
1250 1766 1467 1835 fuisset,
1502 1767 1915 1823 nonnullorum
1964 1767 2074 1822 rui-

2176 548 2572 603 humilitatem.
2630 548 2921 606 Celerinus
2976 563 3204 618 quoque
3254 544 3623 617 gravissimos
3677 562 3803 601 cru-

2174 642 2354 695 ciatus
2388 642 2712 713 pertulerat,
2737 659 2803 703 ac
2836 642 3024 712 ipsum
3054 640 3308 707 Decium,
3340 639 3502 710 cujus
3532 639 3636 693 sub
3671 656 3806 694 ocu-

2174 734 2242 789 lis
2271 735 2661 807 torquebatur,
2688 738 2964 790 virtutem
2990 750 3150 790 suam
3184 733 3417 788 laudare
3450 736 3510 788 et
3535 732 3809 789 admirari

2175 834 2457 901 coegerat.
2506 829 2829 884 Domestica
2873 829 3033 883 illum
3078 826 3339 900 exempla
3392 825 3807 895 hortabantur;

2176 938 2309 976 nam
2340 920 2462 976 avia
2488 923 2611 993 ejus
2640 922 2919 990 Celerina,
2950 926 3190 993 patruus
3231 926 3289 975 et
3318 920 3631 975 avunculus
3671 920 3811 976 Lau-

2174 1016 2432 1071 rentinus
2460 1020 2516 1070 et
2556 1016 2826 1088 Egnatius
2871 1013 3132 1086 martyrii
3164 1030 3434 1069 coronam
3486 1018 3811 1084 reportave-

2174 1113 2326 1164 rant.
2360 1109 2669 1181 Egregium
2708 1109 2845 1164 illud
2877 1125 2980 1181 par
3006 1108 3454 1165 adolescentium
3498 1106 3811 1179 Cyprianus

2176 1219 2288 1257 non
2337 1204 2503 1259 altius
2553 1203 2753 1271 evexit,
2800 1219 2970 1274 quam
3023 1202 3097 1258 ad
3153 1201 3378 1258 lectoris
3424 1217 3653 1267 munus,
3708 1200 3810 1255 sed

2175 1297 2519 1368 presbyterii
2548 1297 2852 1363 honorem,
2882 1297 3001 1367 jam
3032 1301 3153 1351 tum
3178 1295 3289 1350 illis
3326 1294 3663 1366 designavit,
3699 1315 3727 1343 ‹‹
3750 1297 3813 1349 ut

2174 1392 2232 1445 et
2255 1391 2523 1462 sportulis
2542 1390 2746 1445 iisdem
2771 1406 2901 1445 cum
2930 1389 3273 1460 presbyteris
3305 1410 3331 1439 ››
3359 1388 3805 1454 honorarentur,

2178 1502 2205 1534 α
2236 1487 2294 1538 et
2337 1484 2640 1541 divisiones
2685 1500 3027 1540 mensurnas
3072 1482 3307 1555 aequatis
3344 1480 3752 1554 quantitatibus
3779 1500 3807 1532 ››

2173 1577 2542 1648 partirentur.

2245 1670 2559 1739 Celerinus,
2590 1673 2771 1727 Roma
2795 1671 2853 1726 in
2904 1670 3155 1726 Africam
3197 1668 3529 1739 adveniens,
3573 1684 3705 1724 cum
3752 1685 3814 1723 se

2174 1765 2242 1820 ad
2293 1765 2643 1836 Cyprianum
2688 1765 3042 1833 contulisset,
3076 1750 3481 1819 demonstravit
3524 1762 3576 1818 ei
3614 1761 3815 1834 quanti

447 1874 547 1912 nas
576 1858 886 1929 Cyprianus
916 1858 974 1913 in
1008 1832 1209 1916 litteris
1247 1860 1353 1915 hoc
1379 1832 1529 1916 anno
1560 1864 1803 1917 exeunte
1835 1859 2072 1933 scriptis,
2096 1832 2153 1905 Β
2178 1832 2350 1913 illuni
2378 1832 2673 1927 'facerent,
2738 1864 3133 1930 quantumque
3199 1857 3508 1929 diligerent
3567 1832 3819 1911 Romani

446 1967 653 2022 nempe
678 1954 709 2006 6
740 1958 795 2006 et
824 1954 889 2007 35
935 1953 1209 2023 deploret.
1243 1955 1346 2008 Eos
1377 1960 1571 2010 autem
1623 1955 1725 2026 qui
1766 1955 1908 2026 lapsi
1947 1961 2081 2009 sunt
2179 1951 2550 2009 confessores.
2613 1953 2765 2007 Hanc
2803 1968 3032 2008 causam
3075 1951 3274 2007 habuit
3321 1950 3636 2023 Cyprianus
3678 1948 3820 2003 scri-

450 2061 519 2099 ex
560 2044 909 2115 presbyterio
938 2046 1133 2115 fuisse,
1177 2064 1294 2103 non
1338 2047 1676 2103 inferiorum
1720 2047 2074 2115 clericorum,

445 2154 685 2193 numero
712 2137 844 2193 inde
874 2138 1074 2210 conjici
1114 2142 1317 2211 potest,
1363 2142 1512 2213 quod
1565 2142 1877 2213 Cyprianus
1920 2158 2074 2214 pres-

445 2231 711 2303 byterum
736 2231 1121 2302 Numidicum,
1154 2250 1323 2307 quem
1357 2235 1888 2308 Carthaginensium
1918 2252 2073 2307 pres-

445 2325 779 2396 byterorum
818 2342 1061 2381 numero
1098 2328 1377 2400 ascripsit,
1424 2329 1763 2385 mirabiliter
1787 2335 2075 2386 servatum

443 2418 614 2475 fuisse
642 2420 789 2475 dicat
834 2421 893 2475 in
943 2422 1110 2492 epist.
1156 2425 1248 2489 35,
1293 2426 1357 2478 ut
1401 2444 1429 2473 «
1481 2439 1612 2479 cum
1636 2424 1787 2479 clero
1816 2423 2073 2495 (Cartha-

445 2512 687 2585 ginensi)
742 2513 1012 2568 Dominus
1079 2514 1421 2586 adjungeret
1478 2518 1535 2571 et
1593 2516 1905 2573 desolatam
1970 2534 2076 2588 per

442 2606 664 2677 lapsum
702 2608 1082 2681 quorumdam
1110 2608 1572 2681 presbyterorum
1603 2610 1823 2680 copiam
1864 2610 2070 2682 glorio-

448 2699 523 2754 sis
565 2701 949 2756 sacerdotibus
1001 2702 1327 2759 adornaret.
1376 2725 1404 2753 »
1458 2705 1530 2757 At
1572 2703 1728 2759 idem
1767 2720 1884 2759 non
1938 2704 2075 2759 dicit

448 2795 520 2849 de
548 2795 774 2850 Aurelio
804 2798 863 2849 et
883 2796 1141 2851 Celerino
1170 2796 1436 2867 gloriosis
1473 2795 1904 2866 confessoribus,
1934 2814 2073 2869 quos

443 2888 589 2942 circa
627 2887 779 2942 idem
818 2892 1047 2960 tempus
1090 2890 1329 2944 lectores
1365 2889 1670 2945 ordinavit.
1709 2912 1735 2941 ‹‹
1776 2890 2074 2962 Presbyter

440 2981 534 3035 ille
588 2981 914 3037 Numidicus
962 2983 1191 3038 hortatu
1249 2985 1345 3039 tuo
1403 2983 1698 3054 copiosum
1755 2988 2071 3055 martyrum

443 3090 746 3130 numerum
804 3076 1088 3148 lapidibus
1131 3085 1188 3132 et
1230 3077 1476 3132 ﬂammis
1528 3081 1792 3133 necatum
1838 3080 1969 3132 ante
2010 3095 2069 3133 se

445 3169 695 3238 miserat,
726 3186 964 3225 uxorem
997 3171 1157 3225 lateri
1183 3189 1282 3227 suo
1306 3172 1693 3227 adhaerentem
1739 3188 2068 3229 concrema-

446 3264 561 3317 tam
618 3262 785 3318 simul
836 3278 965 3318 cum
1011 3264 1227 3319 caeteris
1284 3265 1445 3320 laetus
1489 3268 1801 3336 aspexerat.
1834 3267 1957 3335 ipse
1985 3281 2070 3319 se-

441 3354 824 3424 miustulatus,
852 3373 885 3410 a
911 3357 1022 3411 filia
1049 3357 1281 3412 sollicite
1330 3358 1654 3428 inquirente
1701 3358 1983 3423 inventus,
2017 3361 2075 3412 et

440 3453 724 3503 extractus
755 3456 812 3504 et
837 3449 1193 3517 refocillatus,
1217 3455 1575 3506 remanserat
1599 3451 1826 3507 invitus.
1858 3474 1885 3500 ››
1914 3453 2074 3506 Hunc

443 3542 883 3613 Cyprianustad
942 3544 1330 3615 episcopatum
1393 3562 1725 3616 promovere
1796 3548 2075 3600 statuerat

439 3651 569 3690 cum
599 3635 1007 3707 Carthaginem
1028 3637 1319 3707 rediisset;
1352 3638 1450 3692 sed
1476 3638 1705 3694 interim
1739 3639 2072 3694 admonitus

439 3732 497 3783 et
521 3729 830 3785 instructus
862 3730 1192 3801 dignatione
1212 3730 1424 3799 divina,
1455 3749 1585 3786 eum
1607 3732 2071 3803 presbyterorum

440 3816 977 3895 Carthaginensium
1005 3841 1245 3880 numero
1274 3825 1593 3897 adscripsit,
1642 3842 1705 3880 ac
1759 3826 1931 3897 hujus
1982 3826 2072 3880 lae-

438 3915 576 3971 titiae
604 3916 872 3972 nuntium
901 3918 970 3973 ad
999 3918 1356 3990 presbyteros
1378 3925 1432 3974 et
1462 3919 1728 3975 diaconos
1749 3926 1803 3975 et
1838 3919 2067 3992 plebem

440 4010 727 4082 rescripsit
747 4010 945 4083 (Epist.
978 4011 1089 4083 35).

508 4108 667 4166 Circa
717 4109 875 4164 idem
926 4112 1151 4181 tempus
1208 4111 1320 4166 duo
1374 4110 1569 4166 eximii
1634 4112 1986 4169 confessores
2035 4131 2069 4169 a

445 4206 725 4279 Cypriano
770 4210 827 4262 et
875 4208 1154 4279 episcopis
1209 4210 1306 4280 qui
1360 4210 1599 4267 aderant
1646 4210 1897 4266 ordinati
1936 4216 2069 4267 sunt

441 4302 700 4371 lectores,
727 4306 993 4360 Aurelius
1031 4311 1089 4362 et
1127 4307 1443 4376 Celerinus,
1492 4308 1647 4379 prior
1687 4309 1920 4380 quidem
1962 4313 2069 4365 Au-

442 4401 635 4469 relius,
678 4419 742 4459 ac
795 4403 990 4473 paucis
1041 4408 1176 4476 post
1244 4405 1441 4461 diebus
1507 4406 1821 4475 Celerinus,
1890 4424 2066 4479 quem

436 4498 752 4570 Cyprianus
776 4501 1004 4558 Aurelio
1031 4502 1349 4575 adjungere
1378 4504 1653 4574 voluerat,
1685 4504 1786 4560 sed
1806 4504 1853 4561 is
1883 4504 2062 4561 hono-

2176 2044 2380 2100 bendre
2410 2044 2481 2099 ad
2510 2045 2637 2100 illos
2667 2045 2831 2117 epist.
2880 2049 2964 2113 l6,
2998 2045 3056 2099 in
3084 2062 3192 2117 qua
3227 2044 3461 2118 quidem
3489 2044 3568 2098 sic
3606 2042 3816 2097 descri-

2178 2138 2262 2194 bit
2287 2144 2533 2210 quatuor
2567 2138 2702 2193 anni
2742 2144 3132 2211 tempestates,
3164 2155 3303 2212 quas
3338 2139 3397 2193 in
3414 2152 3639 2193 carcere
3681 2153 3818 2190 conc

2176 2231 2419 2286 fessores
2466 2232 2858 2301 traduxerant,
2903 2236 2965 2288 ut
2989 2249 3105 2288 non
3138 2232 3379 2288 dubium
3406 2231 3479 2286 sit
3518 2229 3658 2303 quin
3693 2229 3821 2285 haec

2177 2325 2421 2397 epistola
2464 2326 2572 2380 hoc
2619 2342 2770 2382 anno
2810 2329 2912 2382 250
2952 2329 3146 2382 exacto
3192 2328 3292 2381 aut
3328 2326 3527 2382 saltem
3567 2326 3819 2379 exeunte

2176 2420 2385 2490 scripta
2439 2421 2526 2475 sit.
2573 2421 2880 2492 Postquam
2938 2421 3158 2476 morula
3224 2435 3399 2491 quam
3469 2417 3821 2491 prmdixerat

2173 2514 2508 2585 Cyprianus,
2536 2512 2772 2583 efﬂuxit,
2808 2513 3033 2568 initium
3080 2513 3315 2587 aliquod
3359 2512 3510 2584 pacis
3551 2512 3818 2582 degusta-

2177 2607 2252 2660 vit
2277 2607 2509 2661 ecclesia
2538 2607 3023 2679 Carthaginensis,
3062 2624 3128 2662 ac
3153 2607 3501 2663 confessores
3529 2622 3559 2660 e
3586 2620 3822 2660 carcere

2172 2699 2338 2754 soluti
2373 2704 2523 2754 sunt.
2564 2701 2775 2755 Horum
2809 2687 3076 2756 maxima
3109 2718 3236 2772 pars
3277 2699 3650 2756 confessionis
3693 2700 3822 2771 glo-

2173 2794 2319 2848 riam
2384 2793 2614 2865 Optimis
2676 2794 2927 2849 moribus
3004 2795 3305 2863 tuebatur;
3370 2795 3468 2848 sed
3546 2793 3818 2849 nonnulli

2172 2891 2347 2941 tantae
2393 2887 2546 2941 laudi
2593 2887 2903 2943 dedecoras
2944 2888 3195 2956 fuerunt,
3257 2888 3464 2960 quibus
3501 2887 3820 2959 Cyprianus

2173 2981 2508 3036 ebrietatem
2572 2987 2627 3035 et
2666 2981 2975 3049 lasciviam,
3032 2983 3446 3054 arrogantiam,
3507 2982 3821 3036 contentio-

2175 3091 2310 3129 nem
2335 3079 2391 3129 et
2420 3074 2745 3146 promiscua
2759 3092 2888 3130 cum
2907 3075 3240 3131 mulieribus
3267 3075 3478 3131 cubilia
3510 3073 3820 3147 exprobrat

2177 3168 2238 3222 in
2279 3167 2444 3240 epist.
2480 3173 2531 3221 7.
2563 3168 2718 3223 Idem
2746 3169 2919 3224 etiam
2952 3170 3139 3241 tangit
3176 3169 3231 3223 in
3267 3169 3506 3240 epistola
3544 3172 3598 3237 6,
3635 3184 3817 3240 quam

2177 3261 2330 3316 circa
2357 3261 2507 3316 idem
2538 3266 2792 3333 tempus,
2832 3279 2961 3317 cum
3012 3262 3199 3318 adhuc
3246 3262 3453 3317 invitus
3487 3263 3540 3317 in
3592 3278 3815 3316 secessu

2175 3357 2486 3422 teneretur,
2521 3354 2592 3409 ad
2643 3355 3001 3428 presbyteros
3045 3362 3103 3411 et
3151 3356 3418 3411 diaconos
3464 3355 3704 3427 scripsit,
3750 3359 3820 3409 ut

2174 3448 2256 3503 eis
2282 3465 2606 3521 pauperum
2637 3452 2695 3504 et
2735 3449 2982 3504 maxime
3018 3450 3412 3505 confessorum
3450 3465 3643 3504 curam
3680 3465 3817 3503 con-

2176 3542 2501 3597 mendaret.
2534 3541 2805 3607 Quamvis
2846 3543 3002 3597 enim
3034 3544 3385 3598 confessores
3425 3542 3641 3597 dimissi
3677 3542 3816 3596 fuis-

2173 3641 2320 3702 sent,
2349 3635 2609 3690 nondnm
2637 3642 2834 3691 tamen
2882 3637 3053 3708 plena
3081 3644 3137 3691 et
3165 3636 3331 3691 ﬁrma
3380 3653 3486 3708 pax
3526 3635 3809 3692 illuxerat.

2170 3729 2557 3793 Quamobrem
2588 3730 2922 3802 Cyprianus,
2953 3731 3059 3785 etsi
3088 3729 3496 3801 Carthaginem
3528 3732 3721 3784 mente
3754 3732 3817 3784 et

2172 3823 2368 3877 animo
2390 3821 2697 3893 ferebatur,
2753 3827 2877 3879 tum
2932 3827 2994 3878 ut
3045 3841 3175 3879 suos
3230 3824 3520 3892 reviseret,
3568 3829 3689 3880 tum
3752 3829 3818 3878 ut

2169 3932 2260 3970 res
2309 3915 2572 3971 Ecclesiae
2616 3923 3018 3987 componeret,
3062 3920 3255 3972 tamen
3296 3916 3534 3988 obsequi
3583 3922 3816 3972 coactus

2171 4011 2257 4063 est
2294 4008 2537 4080 sapienti
2578 4009 2891 4081 presbyteri
2929 4010 3160 4066 Tertulli
3192 4010 3441 4078 consilio,
3474 4009 3573 4083 qui
3612 4014 3817 4064 auctor

2170 4101 2220 4156 ei
2267 4100 2458 4156 fuerat
2503 4118 2575 4156 ne
2617 4100 2674 4158 in
2719 4119 2851 4158 eum
2903 4103 3092 4158 locum
3151 4103 3246 4158 ubi
3286 4102 3451 4157 toties
3494 4102 3817 4174 postulatus

2168 4194 2389 4262 fuerat,
2447 4202 2563 4251 tam
2620 4195 2728 4250 cito
2771 4196 3043 4268 prodiret.
3088 4196 3350 4251 Nondum
3394 4200 3650 4251 extorres
3704 4212 3804 4251 re-

2168 4288 2382 4343 deundi
2409 4288 2703 4344 licentiam
2732 4289 3205 4361 impetraverunt,
3236 4293 3292 4346 et
3329 4307 3458 4345 cum
3501 4288 3817 4345 nonnullos

2167 4381 2527 4453 tranquillior
2556 4399 2754 4437 rerum
2785 4386 2963 4438 status
2999 4382 3290 4439 invitasset
3324 4388 3388 4439 ut
3417 4383 3614 4455 iujussi
3659 4383 3811 4437 redi-

2164 4482 2314 4542 rent,
2346 4474 2721 4531 vehementer
2785 4494 2881 4533 eos
2946 4477 3315 4550 reprehendit
3381 4477 3692 4549 Cyprianus
3747 4478 3812 4532 in

433 4612 555 4651 rem
630 4603 959 4654 constanter
1022 4601 1341 4668 recusavit,
1404 4619 1471 4656 ac
1537 4603 1769 4659 tandem
1845 4568 2369 4668 visioneDg‘ad‘?m
2422 4574 2587 4668 epfjst‘
2646 4574 2698 4624 7'
2757 4572 2902 4668 Qum
2955 4577 3124 4626 etlam
3173 4571 3341 4668 Ρδῗυιίῗ
3400 4578 3539 4668 fama
3597 4571 3815 4668 festilm

434 4698 608 4749 noctu
637 4695 823 4751 oblata
848 4703 1076 4754 coactus
1104 4704 1189 4753 est
1210 4698 1259 4771 1
1277 4699 1325 4771 1
1341 4698 1400 4772 5
1448 4700 1671 4757 cedere.
1696 4703 1772 4757 De
1809 4701 1896 4756 his
1917 4701 2069 4757 ordi-

434 4793 758 4850 nationibus
812 4796 1127 4867 Cyprianus
1178 4798 1537 4870 presbyteros
1581 4805 1637 4854 et
1684 4800 1952 4856 diaconos
2000 4817 2067 4856 ac

432 4891 656 4961 plebem
691 4894 1019 4949 universam
1070 4896 1337 4951 certiores
1367 4896 1505 4953 facit
1534 4913 1640 4968 per
1658 4897 1824 4969 epist.
1889 4903 1956 4955 35
2012 4905 2067 4954 et

436 4993 523 5046 34.
555 4991 684 5046 Haec
710 4995 903 5046 autem
930 4994 1226 5064 contigere
1272 4994 1426 5050 inter
1474 4996 1658 5067 prima
1707 4997 1857 5067 pacis
1901 4998 2063 5053 afful-

436 5088 623 5159 gentis
671 5090 898 5161 gaudia,
928 5097 988 5146 ut
1013 5097 1170 5162 patet
1216 5110 1284 5149 ex
1329 5095 1419 5149 his
1453 5097 1728 5168 Cypriani
1767 5097 1955 5152 verbis
1995 5098 2064 5153 de

437 5187 666 5243 Aurelio
704 5189 764 5243 in
811 5190 976 5261 epist.
1016 5194 1084 5246 35
1139 5209 1152 5245 :
1212 5212 1239 5243 ‹‹
1292 5195 1584 5249 Dominico
1645 5196 1782 5267 legit
1833 5195 2064 5250 interim

434 5286 615 5355 nobis,
667 5286 726 5341 id
775 5292 879 5357 est,
912 5289 1233 5359 auspicatus
1288 5297 1372 5347 est
1423 5309 1622 5364 pacem
1668 5293 1804 5348 dum
1845 5294 2067 5350 dedicat

434 5384 757 5440 lectionem.
801 5406 833 5435 »
880 5386 1012 5440 Erat
1058 5387 1323 5443 Aurelius
1358 5389 1590 5445 illustris
1629 5391 1975 5461 adolescens,
2006 5393 2064 5447 in

438 5481 601 5536 annis
631 5481 815 5537 adhuc
840 5484 1117 5553 novellus,
1151 5487 1247 5541 sed
1288 5487 1344 5542 in
1372 5488 1598 5544 virtutis
1635 5505 1698 5544 ac
1725 5488 1859 5545 ﬁdei
1900 5491 2066 5545 laude

440 5583 781 5650 provectus:
834 5581 922 5636 bis
980 5584 1273 5639 confessus
1320 5586 1529 5655 fuerat,
1578 5587 1654 5656 fet
1716 5604 1902 5643 coram
1940 5605 2063 5644 ma-

444 5677 789 5750 gistratibus,
818 5680 914 5752 qui
966 5696 1098 5737 eum
1146 5682 1341 5739 exsilio
1368 5684 1731 5757 damnarunt,
1774 5691 1831 5743 et
1858 5704 1887 5742 c
1907 5704 2063 5741 oram

436 5777 796 5848 proconsule,
826 5778 987 5851 cujus
1014 5779 1177 5851 jussu
1217 5782 1495 5839 acerrime
1529 5785 1808 5841 cruciatus
1835 5789 1936 5841 est.
1960 5787 2066 5842 Du-

436 5874 582 5931 bitat
603 5875 914 5949 Cyprianus
946 5882 1136 5934 utrum
1166 5880 1221 5935 in
1250 5899 1316 5938 eo
1346 5880 1470 5955 plus
1505 5883 1778 5959 praedicet
1818 5884 2063 5961 gloriam

2164 4663 2388 4717 Pascha:
2436 4662 2621 4719 adhuc
2670 4664 2864 4721 orabat
2932 4681 3127 4736 pacem
3183 4664 3574 4736 plenissimam
3647 4663 3817 4736 prius

2167 4755 2357 4824 matri,
2389 4758 2511 4829 tum
2536 4757 2665 4812 filiis
2694 4758 2815 4830 ejus
2846 4779 2874 4808 ››
2902 4788 2970 4798 ——
2997 4758 3191 4830 (Epist.
3226 4757 3334 4829 ll).

2166 4863 2295 4918 XVI.
2335 4895 2405 4904 —
2456 4865 2701 4921 Vicarios
2737 4882 2838 4936 pro
2879 4882 2934 4922 se
2975 4869 3144 4922 mittit
3190 4867 3592 4938 Cyprianus.—
3640 4868 3816 4922 Minae

2806 4946 3135 5001 Felicissimi.

2237 5037 2384 5091 Dum
2416 5037 2803 5110 Cyprianusin
2817 5056 3038 5095 secessu
3061 5030 3336 5106 moratur,
3360 5056 3433 5093 ne
3450 5045 3824 5096 auctoresset

2169 5129 2284 5202 11
2302 5129 2361 5204 6
2384 5132 2718 5203 rumpendas
2744 5133 2920 5205 pacis,
2951 5133 3051 5206 qui
3078 5134 3373 5188 consulere
3404 5131 3674 5188 omnibus
3706 5134 3817 5189 de-

2165 5224 2363 5293 bebat;
2396 5225 2626 5281 interim
2673 5227 2981 5283 scribit‘ad
3010 5227 3367 5299 presbyteros
3423 5232 3481 5281 et
3534 5226 3816 5283 diaconos

2167 5334 2298 5373 suos
2338 5335 2428 5391 ep.
2468 5322 2555 5390 36,
2586 5320 2643 5374 iu
2671 5337 2780 5392 qua
2808 5321 2887 5377 ait
2913 5338 2971 5376 se
3000 5320 3072 5375 ad
3115 5338 3212 5376 eos
3248 5326 3547 5375 venturum
3578 5321 3819 5392 quando

2166 5412 2515 5484 scripserint,
2544 5434 2571 5463 «
2599 5415 2767 5469 rebus
2786 5414 3136 5488 compositis,
3156 5414 3342 5487 ipsum
3369 5414 3562 5469 venire
3578 5414 3817 5485 debere,

2166 5512 2264 5563 aut
2308 5508 2355 5561 si
2404 5513 2533 5562 ante
2587 5508 2851 5581 dignatus
2903 5508 3074 5563 fuerit
3120 5509 3392 5564 Dominus
3422 5508 3744 5564 ostendere.
3783 5533 3813 5558 »

2168 5601 2380 5658 Deinde
2430 5601 2690 5656 hortatur
2744 5607 2803 5657 ut
2857 5623 2885 5652 «
2919 5601 3221 5659 viduarum
3259 5608 3311 5658 et
3355 5600 3713 5658 inﬁrmorum
3757 5610 3821 5660 et

2167 5696 2426 5752 omnium
2476 5712 2792 5769 pauperum
2837 5712 3032 5752 curam
3085 5696 3394 5769 diligenter
3444 5715 3470 5749 ››
3534 5696 3813 5769 habeant,

2171 5813 2197 5840 α
2218 5790 2321 5846 sed
2347 5797 2401 5845 et
2433 5790 2769 5863 peregrinis,
2802 5791 2848 5845 si
2868 5790 2967 5864 qui
2993 5790 3323 5862 indigentes
3349 5790 3587 5859 fuerint,
3606 5807 3811 5863 sump-

2163 5890 2256 5943 tus
2280 5906 2308 5935 ››
2347 5889 2660 5961 suggerant
2713 5906 2739 5938 ‹‹
2770 5884 2841 5940 de
2880 5883 3201 5961 quantitate
3249 5900 3379 5940 mea
3408 5883 3660 5961 propria,
3716 5883 3811 5944 in-
