4104 6192
252 286 348 340 il?

1628 278 1782 334 VITA
1820 279 1875 331 S.
1916 274 2251 329 CYPRIANI.

3522 267 3622 319 “8

248 409 391 480 quit,
425 423 601 479 quam
623 406 775 479 apud
798 406 1174 477 Rogatianum
1201 404 1731 477 compresbyterum
1752 419 1887 457 nos-
1908 398 2345 484 Averaverunt.
2380 416 2408 443 ››
2453 394 2729 465 Augendo
2772 398 2986 459 autem,
3024 392 3121 463 qui
3164 408 3224 446 se
3277 388 3621 445 Felicissimo

246 507 433 556 strum
468 501 660 555 dimisi
692 518 705 555 :
735 517 863 571 quas
891 500 1179 571 quantitas
1207 516 1277 553 ne
1308 500 1454 554 forte
1478 500 1599 569 jam
1628 498 1890 553 universa

246 600 483 666 erogata
535 596 623 663 sit,
676 594 806 649 misi
864 595 1047 650 eidem
1094 611 1195 665 per
1250 594 1517 649 Naricum
1562 594 1887 663 acolythum

244 690 416 743 aliam
460 690 808 760 portionem,
841 696 899 742 ut
948 688 1158 759 largius
1192 691 1247 742 et
1285 687 1604 759 promptius
1634 686 1780 741 circa
1806 687 1888 740 la-

243 784 525 838 borantes
562 784 663 837 ﬁat
695 783 975 854 operatio.
1004 803 1030 830 »
1073 782 1346 836 Observat
1385 780 1778 836 Tillemontius
1808 780 1888 834 vi-

248 878 373 931 deri
412 895 478 931 ex
512 877 601 931 his
635 876 819 931 verbis
849 877 1210 947 Cyprianum,
1240 892 1366 930 cum
1397 875 1736 945 Carthagine
1774 874 1888 929 dis-

244 971 501 1037 cederet,
532 970 792 1043 pecunias
832 986 1116 1024 summam
1150 971 1302 1041 apud
1332 969 1719 1039 Rogatianum
1757 967 1890 1023 reli-

247 1066 464 1137 quisse.
518 1067 582 1121 In
629 1081 741 1136 quo
790 1064 1025 1136 quidem
1070 1064 1333 1134 plurimis
1372 1080 1430 1118 se
1475 1062 1894 1117 difﬁcultatibus

242 1158 535 1229 implicari
576 1159 800 1213 fatetur.
834 1160 978 1212 Nam
1022 1158 1211 1229 primo
1251 1156 1605 1227 Rogatianus
1644 1159 1775 1210 ante
1806 1172 1890 1209 se-

246 1269 479 1306 cessum
526 1252 791 1323 Cypriani
831 1252 1115 1306 confessus
1158 1257 1260 1318 est,
1299 1251 1378 1305 sic
1420 1251 1573 1304 enim
1618 1250 1896 1304 existimat

246 1346 332 1401 vir
375 1346 663 1400 eruditus.
692 1346 907 1401 Deinde
949 1361 1101 1413 vero,
1133 1344 1357 1399 etiamsi
1404 1344 1561 1416 prius
1600 1343 1889 1399 discessis-

246 1444 331 1495 set
373 1440 717 1511 Cyprianus,
747 1456 876 1494 cum
920 1440 1271 1509 Rogatianus
1308 1437 1527 1493 tamdiu
1572 1439 1633 1492 in
1673 1453 1895 1491 carcere

242 1535 514 1605 jacuerit,
545 1550 658 1588 non
694 1534 919 1588 videtur
950 1533 1206 1604 pecuniae
1238 1548 1463 1586 summa
1499 1532 1557 1585 in
1589 1536 1708 1585 tuto
1741 1531 1895 1603 apud

250 1649 386 1686 eum
442 1632 641 1686 fuisse.
694 1632 970 1703 Denique,
1031 1647 1162 1685 cum
1227 1631 1348 1685 haec
1401 1629 1562 1700 epist.
1624 1632 1690 1683 36
1746 1645 1895 1684 anno

248 1730 353 1781 250
386 1728 639 1780 exeunte
676 1728 773 1779 aut
795 1729 891 1780 ‘25t
944 1725 1181 1780 ineunte
1214 1724 1419 1796 scripta
1458 1724 1547 1790 sit,
1580 1739 1681 1777 cur
1725 1722 1894 1777 dubi-

248 1825 328 1874 tat
358 1819 686 1890 Cyprianus
714 1836 786 1872 an
818 1819 1058 1890 pecunia
1093 1835 1264 1889 quam
1298 1823 1457 1873 tanto
1485 1823 1614 1872 ante
1643 1816 1892 1883 dederat,

250 1916 525 1967 universa
558 1917 790 1983 erogata
822 1913 1037 1968 fuerit?
1070 1913 1162 1967 His
1194 1911 1572 1968 incommodis
1596 1914 1894 1982 permotus

248 2008 675 2074 Tillemontius,
717 2024 819 2078 pro
865 2007 957 2062 his
999 2006 1207 2070 verbis,
1256 2028 1282 2056 «
1320 2006 1473 2077 apud
1516 2005 1894 2077 Rogatianum

252 2102 468 2167 dimisi,
524 2120 553 2150 ι)
610 2101 923 2171 legendum
976 2101 1228 2172 conjicit,
1299 2122 1325 2149 ‹‹
1382 2102 1453 2155 ad
1508 2100 1893 2171 Rogatianum

252 2195 407 2261 misi,
442 2218 470 2243 η
504 2194 604 2248 sed
636 2211 863 2248 necesse
909 2211 1026 2249 non
1061 2194 1285 2249 videtur
1314 2193 1621 2248 immutare
1666 2200 1891 2247 contex-

250 2294 415 2355 tum;
459 2305 653 2359 neque
705 2289 857 2342 enim
909 2290 1030 2343 haec
1076 2289 1247 2342 verba
1297 2288 1609 2343 necessario
1655 2287 1891 2341 demon—

248 2384 435 2436 strant
478 2382 831 2453 Cyprianum
887 2382 1226 2453 Carthagine
1268 2381 1657 2437 discedentem
1704 2384 1891 2450 Roga-

249 2478 413 2530 tiano
446 2476 753 2546 pecuniam
782 2475 1151 2544 commisisse,
1183 2476 1279 2530 sed
1309 2476 1627 2546 signiﬁcare
1660 2479 1897 2545 possunt

249 2572 306 2625 S.
367 2571 700 2641 Martyrem,
754 2586 883 2625 cum
938 2570 1009 2624 ad
1069 2586 1200 2624 eum
1256 2570 1312 2623 in
1356 2586 1574 2625 secessu
1622 2570 1895 2623 latentem

248 2665 494 2736 propria
557 2664 731 2733 ipsius
790 2665 1074 2735 quantitas
1130 2663 1277 2718 mitti
1343 2663 1576 2732 soleret,
1628 2661 1890 2731 noluisse,

250 2764 310 2813 ut
340 2760 469 2812 haec
506 2758 763 2829 pecunia:
790 2774 1014 2812 summa
1048 2757 1117 2812 de
1150 2773 1305 2811 more
1332 2757 1401 2811 ad
1436 2773 1493 2810 se
1521 2756 1891 2827 perferretur,

251 2868 501 2924 eamque
546 2852 697 2922 apud
746 2850 1125 2921 Rogatianum
1172 2852 1485 2922 reliquisse.
1518 2852 1717 2919 Porro,
1762 2866 1892 2904 cum

248 2963 453 3017 parum
498 2945 779 3015 temporis
825 2944 1132 2999 effluxisset
1169 2960 1235 2999 ex
1280 2961 1393 3015 quo
1438 2944 1785 3015 Rogatianus
1829 2959 1891 2997 ac

246 3040 440 3094 czeteri
483 3038 846 3093 confessores
885 3056 916 3093 e
956 3054 1179 3093 carcere
1219 3037 1497 3105 exierant,
1532 3054 1645 3092 non
1688 3037 1892 3091 imme-

248 3134 354 3188 rito
397 3132 703 3187 dubitabat
730 3132 1040 3204 Cyprianus
1077 3149 1150 3186 an
1189 3131 1456 3186 universa
1486 3132 1608 3186 haac
1647 3130 1891 3203 pecunia

247 3232 395 3281 esset
418 3231 681 3297 erogata.

316 3324 539 3375 Praeter
580 3320 985 3391 Rogatianum,
1028 3320 1170 3375 duos
1211 3320 1510 3391 episcopos
1550 3319 1889 3375 Caldonium

247 3422 301 3469 et
342 3415 736 3469 Herculanum
776 3431 841 3468 ac
869 3414 1265 3486 presbyterum
1293 3414 1657 3468 Numidicum
1700 3430 1804 3484 pro
1831 3430 1890 3468 se

244 3510 488 3562 vicarios
516 3508 753 3562 miserat
778 3508 1114 3579 Cyprianus,
1138 3512 1200 3562 ut
1226 3525 1408 3579 expun
1418 3511 1620 3579 gerent
1643 3528 1670 3557 ‹‹
1695 3524 1887 3562 neces-

248 3603 439 3656 sitates
464 3602 713 3655 fratrum
743 3602 1084 3673 sumptibus,
1116 3603 1161 3656 si
1187 3603 1285 3673 qui
1315 3601 1491 3656 etiam
1520 3602 1732 3655 vellent
1763 3617 1890 3655 suas

246 3700 401 3750 artes
446 3712 736 3763 exercere,
786 3694 1178 3750 additamenta
1220 3701 1499 3767 quantum
1542 3695 1672 3750 satis
1720 3700 1886 3764 esset,

247 3789 539 3844 desideria
583 3805 784 3843 eorum
824 3790 1123 3860 juvarent;
1157 3790 1324 3844 simul
1378 3790 1548 3844 etiam
1592 3794 1649 3845 et
1697 3792 1890 3844 estates

245 3901 449 3939 eorum
497 3889 553 3937 et
584 3882 947 3938 conditiones
991 3890 1047 3939 et
1076 3886 1281 3939 merita
1314 3905 1341 3933 »
1387 3884 1794 3953 discernerent,
1826 3887 1891 3939 ut

249 3994 451 4032 omnes
500 3977 717 4049 optime
750 3984 935 4033 nosset
965 3979 1299 4049 Cyprianus,
1335 4000 1361 4027 (ί
1407 3985 1462 4033 et
1491 3978 1692 4049 dignos
1719 3994 1887 4050 quos-

246 4084 359 4139 que
403 4070 463 4120 et
509 4065 756 4120 humiles
800 4071 857 4121 et
886 4068 1053 4121 mites
1098 4067 1169 4121 ad
1214 4066 1600 4122 ecclesiastica:
1640 4066 1886 4121 admini-

244 4154 547 4210 strationis
589 4154 774 4209 officia
820 4177 847 4205 »
892 4154 1268 4227 promoveret.
1298 4156 1428 4224 Sed,
1470 4172 1598 4210 cum
1640 4156 1889 4228 episcopi

241 4245 329 4299 illi
387 4250 448 4298 et
508 4244 821 4314 presbyteri
877 4245 1141 4301 mandata
1203 4245 1468 4315 Cypriani
1523 4244 1885 4311 facesserent,

248 4335 585 4405 supervenit
625 4333 1026 4398 Felicissimus,
1053 4334 1139 4388 vir
1177 4335 1432 4405 projecta
1475 4334 1791 4388 temeritate
1832 4339 1890 4388 et

246 4439 480 4478 summa
521 4421 778 4490 audacia,
809 4439 873 4477 ac
910 4423 1231 4478 intercessit
1260 4444 1287 4473 ‹‹
1322 4438 1393 4477 ne
1434 4422 1559 4493 quis
1592 4423 1766 4493 possit
1792 4438 1888 4477 ex-

1912 3160 1967 3233 C

1991 492 2325 557 sociaverat,
2362 489 2511 544 idem
2559 489 2811 543 minatur
2851 487 3173 558 Cyprianus
3218 486 3263 539 si
3308 485 3456 540 ultra
3494 501 3623 538 cum

1992 603 2058 643 eo
2107 582 2576 657 perseveraverit.
2608 583 2733 637 Non
2777 581 2939 635 facile
2978 581 3292 652 explicatur
3332 579 3469 651 quid
3519 579 3625 633 sibi

1992 680 2157 734 vellet
2213 676 2592 732 Felicissimus
2648 691 2777 729 cum
2833 696 2859 723 ‹‹
2908 676 3203 745 potentatu
3258 673 3517 743 improbo
3568 676 3627 727 et

1994 778 2210 829 terrore
2251 772 2498 826 violento
2533 791 2560 821 »
2592 770 2907 823 minaretur
2950 784 3145 822 secum
3192 768 3247 821 in
3280 770 3462 821 morte
3511 783 3623 820 non

1993 866 2528 922 communicaturos
2554 863 2652 935 qui
2677 862 2956 934 Cypriane
2978 861 3487 932 obtemperassent.
3516 862 3625 914 Pro

1994 978 2061 1016 eo
2099 961 2247 1032 quod
2278 958 2534 1015 Baluzius
2574 957 2770 1029 posuit
2798 978 2824 1006 «
2852 956 2911 1009 in
2943 958 3145 1023 morte,
3181 976 3209 1003 ι)
3251 956 3500 1009 veterum
3532 970 3626 1009 co-

1994 1056 2183 1110 dicum
2212 1053 2545 1108 auctoritate
2574 1051 2761 1118 nixus,
2793 1050 3010 1105 habent
3047 1048 3175 1102 alias
3201 1047 3481 1103 editiones
3512 1068 3539 1096 «
3567 1048 3626 1101 in

1994 1153 2211 1216 monte,
2242 1170 2269 1197 ››
2315 1147 2413 1201 sed
2457 1147 2574 1200 sive
2604 1145 2830 1215 legatur
2872 1164 2900 1194 «
2930 1143 2986 1196 in
3029 1148 3248 1208 monte,
3283 1162 3310 1192 n
3355 1140 3469 1195 sive
3516 1162 3543 1189 «
3573 1141 3631 1194 in

1994 1248 2201 1308 morte,
2236 1264 2261 1291 »
2303 1259 2375 1295 an
2409 1241 2685 1294 intentata
2711 1238 2781 1292 ab
2813 1237 3093 1309 ejusmodi
3132 1236 3365 1290 homine
3394 1252 3628 1291 excom-

1997 1337 2309 1391 municatio
2328 1334 2638 1388 violentum
2661 1337 2937 1387 terrorem
2959 1332 3217 1385 incutere
3241 1330 3466 1400 potuit?
3492 1346 3634 1385 non-

1996 1448 2067 1485 ne
2104 1435 2238 1484 tunc
2285 1429 2471 1499 potius
2503 1426 2796 1481 terruisset
2833 1425 2877 1480 si
2918 1426 3165 1479 minatus
3204 1428 3355 1478 esset
3381 1440 3501 1477 sese
3525 1428 3628 1481 Ca-

1995 1523 2235 1579 tholicos
2280 1528 2607 1577 coacturum
2662 1525 2721 1573 ut
2765 1534 2957 1573 secum
2996 1517 3530 1573 communicarent?
3556 1534 3630 1572 an

1995 1617 2327 1673 hominibus
2382 1616 2649 1687 episcopo
2712 1629 2815 1667 suo
2864 1613 3047 1667 affixis
3109 1615 3167 1665 et
3220 1611 3631 1665 Felicissimum

1998 1710 2413 1766 detestantibus
2476 1724 2649 1779 grave
2703 1706 3131 1761 incommodum
3192 1706 3369 1761 videri
3424 1705 3626 1775 potuit,

1918 1787 1973 1859 B
1999 1804 2399 1860 communione
2426 1801 2677 1857 hominis
2706 1799 3037 1871 nequissimi
3063 1815 3257 1853 carere
3275 1800 3302 1853 ?
3330 1798 3629 1869 Equidem,

1998 1904 2272 1970 quantum
2317 1897 2374 1950 in
2416 1913 2475 1951 re
2519 1895 2860 1966 perobscura
2901 1893 3181 1964 conjicere
3224 1908 3477 1964 possum,
3508 1908 3631 1945 sus-

1996 1993 2157 2064 picor
2187 1991 2596 2046 Felicissimum
2625 2006 2738 2043 non
2759 1986 3410 2043 excommunicationem
3426 1986 3629 2055 solum,

1998 2087 2095 2141 sed
2140 2086 2312 2140 etiam
2344 2090 2584 2139 mortem
2614 2083 2798 2154 ipsam
2837 2082 3118 2137 minatum
3148 2097 3291 2151 esse,
3322 2080 3401 2135 ita
3432 2083 3500 2135 ut
3539 2098 3625 2133 se-

1996 2197 2126 2235 cum
2170 2180 2227 2233 in
2258 2185 2461 2245 morte,
2492 2193 2664 2249 quam
2704 2175 3043 2244 intentabat,
3076 2191 3199 2229 non
3233 2175 3626 2229 communica-

1997 2278 2157 2329 turos
2203 2274 2417 2327 diceret
2453 2272 2553 2345 qui
2596 2270 2880 2342 Cypriano
2927 2270 3437 2340 obtemperassent.
3485 2269 3627 2324 Cum

1995 2368 2287 2424 Cornelius
2322 2366 2553 2421 territus
2580 2365 2750 2419 fuisse
2778 2364 3069 2418 videretur
3113 2383 3140 2412 ‹‹
3170 2362 3339 2416 minis
3381 2362 3623 2432 parrici-

1998 2461 2219 2516 dalibus
2253 2480 2282 2509 η
2339 2459 2685 2526 Felicissimi,
2716 2458 2961 2513 declarat
3001 2457 3316 2528 Cyprianus
3352 2456 3412 2510 in
3458 2456 3625 2527 epist.

1998 2560 2084 2617 55,
2115 2572 2213 2609 sua
2238 2553 2377 2609 nihil
2408 2554 2680 2609 interesse
2711 2574 2738 2601 «
2771 2556 2870 2607 aut
2895 2570 2927 2606 a
2953 2567 3064 2622 quo
3084 2556 3181 2605 aut
3211 2551 3443 2622 quando
3478 2550 3626 2621 peri-

1996 2655 2202 2715 matur,
2245 2648 2445 2703 mortis
2493 2652 2547 2702 et
2588 2646 2883 2717 sanguinis
2927 2646 3227 2716 premium
3272 2645 3343 2698 de
3382 2645 3626 2699 Domino

1995 2746 2350 2814 recepturus.
2386 2762 2414 2791 ››
2453 2741 2615 2806 Quod
2646 2740 2690 2794 si
2728 2741 2787 2793 in
2827 2738 3154 2796 Cornelium
3187 2742 3243 2793 et
3279 2738 3627 2810 Cyprianum

1994 2835 2356 2908 parricidales
2405 2835 2579 2889 minus
2641 2832 2967 2888 Felicissimi
3024 2839 3433 2904 proruperunt,
3490 2833 3621 2903 quis

1994 2930 2233 2985 miretur
2276 2928 2630 2999 plebeculam
2676 2924 2957 2997 ejusmodi
2998 2926 3169 2980 minis
3215 2925 3285 2979 ab
3330 2942 3398 2981 eo
3432 2931 3622 2980 exter-

1993 3024 2163 3079 ritam
2194 3023 2367 3078 fuisse
2383 3024 2411 3076 ?

2062 3117 2342 3189 Cypriano
2371 3116 2675 3187 diligenter
2693 3115 3009 3187 paruerunt
3029 3113 3277 3185 episcopi
3306 3119 3363 3167 et
3386 3113 3622 3184 presby-

1992 3212 2098 3268 teri
2125 3228 2369 3283 quorum
2400 3209 2606 3264 vicaria
2635 3225 2807 3280 opera
2837 3208 3041 3263 absens
3066 3208 3358 3276 utebatur,
3386 3212 3443 3262 et
3475 3208 3619 3262 Feli-

1993 3306 2281 3361 cissimum
2323 3305 2560 3376 ejusque
2598 3302 2917 3374 praecipuos
2954 3304 3266 3356 sectatores
3303 3317 3624 3355 excommu-

1991 3400 2277 3465 nicarunt,
2311 3402 2373 3452 ut
2409 3401 2563 3468 patet
2589 3412 2657 3451 ex
2696 3395 2930 3467 epistola
2958 3394 3108 3450 inter
3145 3391 3507 3467 C'yprianicas
3533 3398 3620 3463 39,

1993 3509 2122 3565 quae
2151 3498 2347 3548 tamen
2384 3508 2500 3546 non
2532 3494 2650 3545 tam
2680 3490 2907 3545 videtur
2930 3506 3053 3544 esse
3093 3489 3323 3560 epistola
3350 3505 3524 3560 quam
3554 3489 3619 3542 li-

1990 3587 2170 3642 bellus
2199 3584 2802 3641 excommunicationis
2831 3584 3055 3656 publice
3086 3584 3429 3655 pr0positus.

1990 3700 2147 3756 XVII.
2174 3728 2242 3739 —-
2266 3698 2508 3755 Schisma
2526 3697 2843 3752 Felicissimi
2860 3711 3003 3750 anno
3027 3698 3122 3750 251
3158 3698 3392 3751 ineunte.
3416 3726 3483 3734 —
3507 3699 3619 3754 No-

2060 3785 2221 3835 vatus
2272 3794 2418 3833 unus
2474 3794 2540 3833 ea:
2590 3780 2827 3847 quinque
2870 3776 3224 3831 schismaticis
3267 3777 3620 3847 presbyteris.

2061 3890 2130 3900 -
2160 3863 2237 3915 De
2263 3860 2492 3930 epistola
2522 3858 2613 3914 XL
2639 3857 2923 3927 Cypriani.

2061 3968 2184 4022 Non
2212 3968 2296 4020 est
2334 3980 2525 4037 operae
2552 3962 2804 4034 pretium
2836 3961 3097 4016 refellere
3140 3978 3269 4034 quas
3298 3962 3367 4017 de
3396 3962 3620 4018 Felicis-

1992 4060 2121 4114 simi
2153 4058 2471 4114 sacerdotio
2514 4057 2708 4112 minus
2734 4055 2881 4111 belle
2909 4056 3176 4127 opinatus
3213 4060 3298 4110 est
3328 4055 3620 4110 Baronius.

1990 4154 2147 4208 Hunc
2196 4152 2349 4207 enim
2396 4151 2606 4206 laicum
2656 4149 2829 4205 fuisse
2877 4166 3008 4204 cum
3050 4149 3295 4204 schisma
3339 4149 3619 4218 conﬂavit,

1988 4253 2148 4308 testis
2206 4258 2287 4307 est
2340 4251 2592 4322 locuples
2652 4249 2985 4321 Cyprianus,
3043 4248 3141 4320 qui
3206 4249 3484 4304 Novatum
3544 4250 3622 4303 illi

1990 4348 2356 4402 diaconatum
2388 4345 2591 4400 iisdem
2634 4343 3157 4399 machinationibus
3194 4343 3397 4416 quibus
3424 4348 3481 4397 et
3514 4344 3620 4399 No-

1991 4445 2213 4500 vatiano
2260 4445 2670 4516 episcopatum,
2712 4442 3037 4500 conciliasse
3082 4442 3327 4498 declarat
3365 4458 3377 4496 :
3422 4465 3447 4491 ‹‹
3496 4444 3622 4514 Ipse

246 4514 455 4585 Ρυοὲίν
711 4530 779 4568 ea
809 4530 959 4612 3M3
1009 4535 1061 4612 ”_
1092 4512 1511 4612 defidemxemt
1555 4512 2093 4612 prrianuje’Dest,
2141 4512 2334 4611 inquit
2380 4512 2545 4609 epist.
2584 4539 2673 4605 44,
2720 4537 2816 4609 qui
2864 4536 3273 4592 Felicissimum
3322 4512 3620 4592 satellitem

245 4628 271 4650 α
317 4608 561 4674 possent
585 4602 845 4674 diligenti
878 4603 1306 4658 examinatione
1333 4602 1610 4670 discerni;
1641 4602 1883 4656 commi-

241 4697 415 4747 natus
463 4691 635 4745 etiam
665 4691 937 4745 fratribus
981 4693 1079 4763 qui
1123 4692 1292 4763 primi
1337 4692 1586 4763 expungi
1632 4707 1883 4747 accesse-

239 4787 400 4847 rant,
433 4784 735 4851 potentatu
777 4780 1041 4851 improbo
1070 4786 1125 4835 et
1163 4786 1381 4837 terrore
1420 4780 1687 4850 violento,
1732 4780 1885 4851 quod

242 4887 445 4927 secum
477 4869 534 4924 in
564 4874 747 4923 morte
777 4886 894 4925 non
922 4870 1435 4925 communicarent.
1474 4892 1502 4920 ››
1531 4872 1723 4925 Postea
1750 4887 1882 4941 pro-

244 4962 423 5032 ripuit
491 4976 549 5014 se
619 4981 647 5009 ‹‹
710 4976 840 5013 cum
908 4960 1165 5031 plurimis
1238 4960 1440 5014 ducem
1502 4976 1561 5012 se
1630 4959 1884 5013 factionis

243 5057 300 5107 et
376 5049 677 5105 seditionis
740 5048 1058 5120 principem
1134 5049 1438 5104 temerario
1484 5049 1677 5104 furore
1746 5066 1881 5103 con-

245 5145 485 5197 testans.
540 5161 569 5189 »
634 5139 858 5195 Certior
916 5139 1098 5193 factus
1158 5138 1247 5192 his
1302 5138 1373 5192 de
1425 5137 1591 5193 rebus
1651 5139 1880 5209 Cypria-

242 5249 352 5285 nus
394 5250 428 5284 a
479 5228 756 5287 Caldonio
805 5234 859 5284 et
900 5229 1217 5283 Herculano
1266 5228 1543 5299 episcopis
1593 5227 1780 5300 117
1829 5234 1885 5283 et

246 5322 567 5393 Rogatiano
634 5336 697 5373 ac
748 5318 1048 5373 Numidico
1117 5317 1478 5389 presbyteris,
1534 5319 1757 5389 scripsit
1812 5319 1883 5373 ad

246 5429 338 5465 eos
365 5410 670 5482 epistolam
714 5407 1057 5462 tricesimam
1100 5412 1374 5467 octavam,
1408 5408 1466 5461 in
1513 5424 1626 5479 qua
1656 5408 1881 5462 Felicis~

248 5502 451 5555 simum
496 5494 980 5561 excommunicat,
1010 5500 1134 5551 tum
1178 5495 1248 5550 ob
1282 5496 1569 5551 nefarium
1613 5497 1878 5564 schisma,

248 5594 359 5642 tum
392 5587 550 5659 quod
580 5608 607 5635 ιι
632 5584 704 5640 ad
729 5584 959 5639 fraudes
989 5584 1109 5654 ejus
1140 5588 1195 5639 et
1225 5586 1469 5656 rapinas,
1495 5602 1653 5655 quas,
1675 5586 1877 5657 inquit,

250 5677 497 5731 dilucida
539 5676 779 5730 veritate
825 5673 1221 5744 cognovimus,
1255 5672 1519 5728 adulterii
1553 5675 1725 5729 etiam
1768 5675 1878 5729 cri-

252 5784 374 5821 men
406 5765 643 5832 accedit,
670 5764 820 5835 quod
849 5764 1053 5818 fratres
1080 5763 1276 5832 nostri,
1298 5780 1497 5835 graves
1516 5763 1644 5831 viri,
1673 5763 1877 5834 depre-

254 5857 514 5913 hendisse
560 5872 618 5911 se
652 5856 1084 5924 nuntiaverunt,
1112 5859 1165 5911 et
1206 5855 1542 5927 probaturos
1583 5872 1703 5912 sese
1730 5872 1876 5912 asse-

1985 4650 2153 4688 suum
2195 4633 2528 4698 diaconum,
2558 4648 2663 4686 nec
2694 4630 3069 4703 permittente
3111 4647 3225 4699 me,
3255 4646 3361 4684 nec
3387 4630 3618 4696 sciente,

1987 4745 2090 4782 sua
2150 4727 2397 4781 factione
2449 4732 2500 4780 et
2555 4726 2863 4779 ambitione
2927 4724 3285 4778 constituit...
3336 4723 3444 4786 Qui
3499 4722 3622 4776 istic

1988 4822 2260 4876 adversus
2304 4820 2607 4875 Ecclesiam
2636 4819 2942 4873 diaconum
2982 4818 3215 4883 fecerat,
3246 4816 3360 4870 illic
3399 4816 3616 4887 episco-

1986 4932 2124 4987 pum
2153 4914 2468 4968 constituit.
2504 4936 2529 4961 ι)
2564 4914 2737 4967 Porro
2764 4912 2885 4966 haec
2915 4911 3194 4965 ordinatio
3224 4910 3349 4964 fieri
3379 4926 3496 4965 non
3526 4927 3619 4981 po-

1984 5010 2091 5064 tuit
2138 5008 2245 5062 nisi
2286 5014 2411 5078 post
2459 5012 2717 5077 apertum
2760 5005 3040 5071 schisma;
3078 5020 3183 5059 nec
3226 5004 3341 5058 ulla
3388 5021 3621 5076 prorsus

1985 5103 2207 5157 ratione
2238 5118 2365 5155 eam
2392 5101 2736 5156 Pearsonius
2763 5105 2894 5154 ante
2922 5098 3176 5153 schisma
3202 5098 3458 5168 collocat,
3489 5116 3619 5154 cum

1985 5197 2318 5268 Cyprianus,
2364 5202 2426 5249 ut
2474 5195 2735 5250 observat
2780 5193 3195 5261 Tillemontius,
3236 5194 3347 5248 hoc
3395 5193 3618 5248 facinus

1985 5308 2101 5346 non
2156 5292 2450 5344 recenseat
2490 5289 2638 5343 inter
2684 5288 2896 5344 scelera
2942 5287 3273 5342 Felicissimi
3324 5288 3403 5357 (in
3452 5288 3613 5360 epist.

1986 5386 2093 5456 38).
2122 5386 2244 5456 Ipse
2284 5383 2453 5438 etiam
2500 5383 2764 5450 Novatus,
2798 5380 2989 5455 118
3038 5382 3141 5436 etsi
3186 5382 3279 5437 fax
3308 5386 3430 5439 erat
3468 5383 3617 5438 illius

1984 5478 2252 5546 incendii,
2294 5494 2454 5532 suam
2507 5482 2692 5532 tamen
2738 5477 3052 5548 nequitiam
3099 5476 3260 5530 initio
3304 5475 3618 5531 schismatis

1984 5572 2220 5627 obscure
2269 5572 2509 5638 ferebat,
2550 5587 2652 5626 nec
2696 5587 2818 5626 sese
2861 5587 2992 5625 cum
3036 5570 3383 5625 Felicissimo
3426 5571 3614 5642 palam

1984 5670 2041 5721 et
2084 5669 2278 5738 aperte
2328 5666 2725 5737 conjungebat.
2768 5664 2931 5729 Quod
2976 5663 3020 5719 si
3065 5663 3123 5719 id
3167 5680 3336 5718 ausus
3391 5663 3611 5731 fuisset,

1983 5761 2247 5815 eamdem
2284 5759 2549 5815 subiisset
2592 5758 3241 5815 excommunicationem
3276 5774 3339 5813 ac
3377 5758 3473 5813 alii
3515 5759 3611 5812 Fe-

1982 5854 2243 5911 licissimi
2282 5859 2607 5911 sectatores.
2647 5855 2758 5909 Nec
2804 5852 2968 5909 citius
3013 5870 3162 5908 anno
3208 5855 3302 5907 251
3352 5852 3607 5922 ineunte,
