4084 6208
1993 210 2012 242 ο

426 291 524 346 119

1789 289 1941 346 VITA
1979 291 2033 345 S.
2074 291 2405 346 CYPRIANI.

3673 289 3772 344 120

420 429 526 468 nec
568 412 747 469 serius
791 413 1046 469 collocari
1091 415 1278 486 potest
1322 414 1432 468 hoc
1476 412 1739 468 schisma.
1779 415 1942 480 Nam,
1985 418 2045 468 ut
2067 414 2596 498 Aprobabiliterin
2623 413 2888 468 eumdem
2916 428 3226 467 numerum
3253 410 3491 468 veniunt
3517 412 3771 466 Donatus

421 509 778 563 demonstrat
810 509 1203 562 Tillemontius
1241 508 1512 562 adversus
1536 509 1900 562 Pearsonium
1947 508 2043 578 qui

421 602 557 656 illud
600 602 774 656 refert
814 601 886 656 ad
921 618 1137 656 annum
1171 605 1295 668 258,
1337 602 1558 656 nullum
1599 617 1824 672 prorsus
1866 604 2046 655 exstat

421 695 736 750 schismatis
768 695 1070 766 vestigium
1101 695 1160 750 in
1188 696 1443 766 epistolis
1469 711 1620 750 anno
1655 699 1760 750 250
1787 695 2039 765 scriptis;

421 806 527 844 nec
566 789 734 860 hujus
770 789 850 844 rei
887 789 1154 844 nuntium
1183 789 1364 844 ullum
1402 789 1709 860 Cyprianus
1750 792 2044 860 acceperat

420 899 550 938 cum
621 884 889 938 scriberet
954 883 1254 954 epistolam
1319 886 1408 951 36,
1470 900 1599 954 quas
1673 883 2042 937 schismaticis

421 979 759 1048 erumpendi
780 977 1136 1032 occasionem
1166 976 1341 1032 dedit.
1366 978 1558 1047 Neque
1579 976 1748 1031 etiam
1775 977 1956 1030 serius
1972 977 2041 1031 ab

420 1072 665 1127 Ecclesia
707 1072 912 1127 defecit
963 1071 1374 1137 Felicissimus;
1426 1087 1561 1124 nam
1604 1070 1857 1142 quinque
1910 1087 2039 1140 pre-

418 1165 648 1236 sbyteri,
674 1167 769 1236 qui
815 1166 959 1220 circa
998 1165 1211 1220 Pascha
1236 1181 1354 1219 sese
1389 1164 1699 1232 nudarunt,
1725 1165 1845 1235 jam
1890 1165 2042 1219 illius

417 1263 604 1330 partes
630 1260 967 1330 aliquandiu
996 1261 1209 1314 occulte
1237 1260 1513 1315 foverent.

491 1354 779 1408 Statuerat
823 1353 1134 1424 Cyprianus
1179 1353 1391 1407 Pascha
1437 1353 1606 1422 hujus
1654 1352 1787 1406 anni
1835 1355 1927 1406 251
1982 1353 2041 1406 in

419 1447 654 1502 ecclesia
679 1464 782 1502 sua
812 1447 1100 1501 celebrare
1132 1463 1144 1501 :
1179 1446 1468 1517 pungebat
1502 1445 1657 1500 enim
1689 1447 1848 1499 illum
1881 1467 1909 1495 «
1941 1463 2038 1500 ex-

417 1540 606 1595 silium
627 1541 746 1610 jam
775 1540 1012 1607 biennii,
1046 1545 1105 1595 et
1139 1557 1171 1594 a
1201 1540 1445 1594 vultibus
1471 1546 1641 1610 atquc
1673 1540 1848 1594 oculis
1885 1539 2038 1610 (suo-

420 1636 570 1704 rum)
599 1635 856 1704 lugubris
884 1633 1188 1705 separatio,
1217 1634 1376 1689 dolor
1397 1634 1554 1705 jugis
1589 1641 1644 1688 et
1668 1633 1914 1704 gemitus
1941 1634 2040 1704 qui

418 1744 546 1782 cum
603 1728 789 1783 solum
849 1727 1124 1783 continua
1180 1727 1589 1782 lamentatione
1644 1727 2037 1794 discruciabat,

2144 514 2200 562 et
2245 509 2502 575 Gordius,
2545 510 2615 562 de
2654 508 2856 578 quibus
2895 507 3085 577 agitur
3119 508 3174 560 in
3217 506 3382 578 epist.
3425 509 3476 573 6,
3517 522 3582 559 ac
3622 506 3769 560 forte

2145 601 2317 655 etiam
2350 602 2550 672 quinto
2572 603 2695 656 loco
2723 601 2894 656 Gaius
2917 600 3236 669 Diddensis,
3260 616 3430 670 quem
3456 599 3770 670 Cyprianus

2145 711 2177 750 a
2209 696 2609 750 communione
2637 712 2740 750 sua
2776 699 3032 750 removet
3061 711 3166 766 per
3195 695 3358 764 epist.
3394 696 3482 748 28.
3518 693 3772 756 Quatuor

2143 789 2477 860 presbyteri,
2541 790 2788 844 Donatus
2851 795 2906 844 et
2975 789 3342 855 Fortunatus,
3407 788 3651 842 Novatus
3714 791 3772 840 et

2140 883 2400 950 Gordius,
2470 884 2808 954 scripserant
2865 883 2936 938 ad
3003 883 3347 954 Cyprianum
3411 881 3578 953 paulo
3634 883 3766 934 ante

2142 977 2388 1031 schisma
2432 977 2760 1034 Felicissimi
2810 995 2822 1032 :
2878 994 2989 1049 qua
3036 978 3108 1032 de
3159 993 3220 1030 re
3270 976 3599 1047 scripserint
3652 991 3769 1029 non

2141 1071 2355 1126 indicat
2403 1072 2733 1143 Cyprianus,
2768 1071 2866 1125 sed
2921 1071 3172 1125 declarat
3205 1087 3264 1125 se
3321 1070 3429 1124 illis
3457 1069 3766 1124 rescribere

2143 1167 2327 1220 solum
2373 1182 2487 1219 non
2526 1165 2797 1236 potuisse,
2845 1165 3071 1236 quando
3114 1182 3147 1218 a
3194 1163 3508 1235 primordio
3553 1179 3767 1234 episco-

2142 1265 2310 1330 patus
2364 1262 2636 1314 statuerat
2687 1259 2829 1313 nihil
2877 1259 3000 1314 sine
3055 1257 3286 1314 consilio
3341 1257 3478 1312 cleri
3534 1260 3591 1310 et
3645 1256 3766 1310 sine

2141 1367 2423 1406 consensu
2485 1353 2659 1424 plebis
2721 1369 2824 1407 sua
2892 1352 3155 1425 privatim
3223 1351 3502 1407 sententia
3569 1366 3767 1424 gerere

2143 1446 2339 1518 (Epist.
2371 1448 2442 1514 6).

2215 1542 2519 1610 Postquam
2556 1539 2625 1594 de
2659 1539 2912 1611 quinque
2947 1538 3403 1610 presbyterorum
3434 1537 3651 1592 scelere
3681 1536 3764 1591 di-

2141 1633 2276 1688 dicit
2305 1633 2634 1704 Cyprianus,
2657 1633 2881 1704 scripsit
2909 1633 3182 1688 universae
3213 1632 3365 1704 plebi
3397 1631 3560 1703 epist.
3591 1632 3680 1697 40,
3705 1630 3764 1685 in

2143 1744 2256 1798 qua
2284 1727 2771 1782 schismaticorum
2803 1727 3118 1798 nequitiam
3145 1726 3348 1781 nativis
3371 1724 3646 1780 coloribus
3671 1724 3766 1778 de-

415 1823 678 1893 lacrymae
756 1822 956 1876 diebus
1028 1839 1093 1876 ac
1157 1822 1416 1877 noctibus
1467 1822 1830 1893 proﬂuentes,
1887 1821 2039 1892 quod
2061 1795 2117 1866 B
2142 1795 2352 1888 scribit,
2378 1821 2659 1875 unitatem
2690 1795 2950 1875 Ecclesia:
2976 1821 3351 1886 demonstrat,
3383 1826 3440 1874 et
3463 1822 3677 1873 stantes
3709 1823 3768 1872 et

416 1915 695 1970 sacerdoti
718 1916 962 1970 necdum
991 1915 1377 1986 complexibus
1404 1916 1677 1985 (suorum)
1705 1915 1985 1971 inhaerere
2011 1938 2037 1966 »

415 2009 772 2080 contingeret
812 2009 1000 2080 (epist.
1035 2010 1138 2078 Η).
1167 2009 1276 2065 Sed
1313 2009 1445 2063 huic
1483 2009 1681 2074 dolori,
1709 2025 1880 2080 quem
1910 2026 2040 2080 spes

416 2102 626 2158 maturi
666 2102 880 2156 reditus
923 2102 1190 2173 leniebat,
1225 2104 1484 2157 cumulus
1513 2103 1745 2158 accessit
1783 2103 2037 2174 quinque

413 2197 873 2269 presbyterorum
919 2196 1174 2266 perﬁdia,
1219 2197 1318 2267 qui
1362 2196 1421 2250 in
1466 2202 1728 2267 apertum
1771 2196 2033 2266 schisma,

411 2291 564 2362 quod
586 2290 801 2344 dudum
830 2289 1108 2363 improbis
1137 2289 1346 2344 animis
1371 2290 1784 2361 parturiebant,
1807 2291 2037 2346 tandem

414 2389 545 2438 ante
592 2384 805 2437 Pascha
845 2384 1013 2454 hujus
1058 2383 1195 2438 anni
1233 2387 1565 2455 eruperunt,
1595 2388 1652 2437 et
1690 2383 2036 2454 Cyprianum

413 2478 583 2532 minis
625 2481 684 2532 et
710 2477 926 2532 insidiis
967 2477 1082 2531 suis
1114 2493 1181 2532 eo
1211 2477 1564 2548 redegerunt
1607 2483 1666 2531 ut
1693 2477 1876 2531 redire
1904 2482 2035 2533 ante

409 2571 616 2627 Pascha
642 2587 753 2626 non
789 2571 1043 2638 auderet,
1068 2587 1138 2626 ne
1169 2570 1290 2642 ipso
1325 2571 1663 2625 adveniente
1697 2593 1723 2620 «ι
1759 2573 2036 2625 tumultus

407 2665 520 2719 illic
560 2665 747 2734 major
785 2665 1050 2733 oriretur,
1099 2666 1157 2718 et
1198 2680 1326 2718 cum
1370 2664 1495 2735 paci
1541 2667 1599 2718 et
1642 2664 2034 2734 tranquillitati

408 2759 701 2830 episcopus
734 2758 1028 2829 providere
1058 2758 1114 2812 in
1149 2758 1412 2812 omnibus
1450 2757 1670 2824 debeat,
1705 2759 1823 2828 ipse
1854 2763 2032 2813 mate-

407 2853 552 2907 riam
583 2851 847 2906 seditioni
877 2851 1093 2906 dedisse
1117 2855 1174 2906 et
1199 2852 1659 2923 persecutionem
1690 2852 1879 2906 denuo
1906 2867 2033 2907 exa-

407 2945 661 3000 cerbasse
687 2945 975 2999 videretur
1001 2966 1026 2994 ››
1063 2945 1265 3015 (Ibid)

475 3039 734 3109 Quinque
763 3038 842 3092 illi
869 3037 1203 3109 presbyteri,
1241 3054 1367 3092 cum
1395 3038 1514 3108 jam
1543 3043 1710 3092 antea
1737 3040 2029 3110 conjuras-

2139 1915 2320 1985 lapsos
2371 1915 2646 1984 hortatur,
2697 1915 2832 1969 istos
2873 1913 3107 1985 quidem
3158 1920 3217 1969 ut
3267 1916 3652 1984 comparatam
3704 1910 3764 1965 in

2140 2008 2534 2079 persecutione
2575 2008 2806 2063 laudem
2857 2014 3140 2075 tueantur,
3188 2008 3293 2062 hos
3337 2023 3467 2062 vero
3511 2011 3575 2060 ut
3625 2025 3653 2052 «
3703 2005 3764 2058 in

2138 2101 2390 2156 secunda
2423 2102 2537 2156 hac
2567 2102 2881 2156 tentatione
2911 2118 3032 2173 spei
3063 2106 3118 2156 et
3157 2102 3278 2173 paci
3307 2117 3423 2155 suae
3459 2100 3702 2154 fideliter
3731 2119 3758 2147 ››

2139 2196 2463 2264 consulant;
2509 2195 2738 2250 tandem
2782 2195 3028 2250 declarat
3072 2194 3485 2266 persecutionis
3525 2192 3760 2248 novissi-

2136 2305 2292 2342 mam
2327 2289 2472 2343 hanc
2505 2305 2624 2342 esse
2647 2294 2700 2343 et
2728 2293 3038 2343 extremam
3067 2288 3462 2354 tentationem,
3490 2308 3513 2337 α
3544 2302 3673 2358 qua:
3705 2290 3763 2340 et

2137 2384 2258 2453 ipsa
2301 2382 2430 2450 cito,
2476 2382 2679 2454 inquit,
2722 2382 2960 2437 Domino
3008 2387 3342 2453 protegente
3381 2381 3659 2449 transibit,
3701 2383 3765 2432 ut

2136 2480 2514 2546 rcprmsenter
2557 2475 2712 2530 vobis
2744 2479 2866 2546 post
2909 2476 3132 2530 Paschze
3172 2475 3319 2530 diem
3365 2491 3496 2530 cum
3529 2474 3764 2545 collegis

2136 2570 2354 2624 meis.»
2405 2570 2679 2624 Observat
2720 2570 3110 2624 Tillemontius
3150 2569 3436 2640 scripsisse
3481 2569 3650 2622 etiam
3695 2584 3764 2621 ea

2135 2663 2203 2717 de
2246 2680 2306 2717 re
2333 2664 2676 2734 Cyprianum
2721 2664 2790 2718 ad
2823 2665 3058 2728 clerum,
3089 2663 3186 2717 sed
3213 2663 3510 2734 epistolam
3554 2662 3626 2716 ad
3659 2678 3764 2715 nos

2136 2773 2251 2811 non
2295 2759 2640 2828 pervenisse.
2681 2759 3103 2811 Commemorat
3150 2758 3303 2810 enim
3345 2757 3657 2828 Cyprianus
3703 2756 3763 2809 in

2136 2850 2300 2920 epist.
2329 2851 2398 2904 42
2438 2851 2650 2905 litteras
2691 2851 2766 2905 ad
2791 2852 3006 2905 clerum
3053 2858 3109 2904 et
3133 2851 3202 2904 ad
3242 2851 3467 2921 plebem
3506 2851 3574 2904 de
3616 2851 3759 2904 Feli-

2134 2943 2358 2998 cissimo
2409 2960 2473 2997 ac
2509 2943 2577 2998 de
2616 2945 2737 3014 ejus
2777 2943 3125 3014 presbyterio
3165 2961 3196 2997 a
3240 2961 3297 2998 se
3347 2943 3602 3014 scriptas,
3631 2960 3762 3014 qua:

2132 3040 2190 3090 et
2222 3037 2640 3092 ordinationem
2669 3044 2723 3092 et
2745 3038 3020 3092 rationem
3051 3038 3132 3091 rei
3163 3042 3334 3108 geste
3359 3036 3759 3108 loquebantur.

405 3138 529 3236 εθῐξξ
557 3133 1168 3236 εοηῐιρξβίδεοῐξίὶωαι
1196 3131 1484 3202 Cypriani:
1502 3133 1869 3235 ξοηῖθδδοΐθδ
1895 3149 2029 3187 Ποη·
2051 3163 2105 3236 C
2131 3149 2305 3203 XVlll.
2333 3180 2397 3189 —-
2427 3151 2585 3204 Redit
2611 3149 2916 3219 Cyprianus
2936 3153 3306 3219 persecutione
3332 3151 3530 3219 sapite,
3556 3155 3606 3203 et
3637 3165 3763 3203 cum

403 3227 590 3281 nullos
634 3243 666 3279 a
693 3225 880 3280 debita
920 3225 1190 3296 episcopo
1240 3225 1555 3279 reverentia
1604 3231 1932 3280 avocassent
1977 3230 2032 3281 et

405 3320 461 3373 in
493 3318 626 3373 vitia
653 3317 1026 3389 impegissent
1052 3334 1283 3389 prorsus
1320 3318 1649 3385 inhonesta,
1681 3321 1875 3390 palam
1915 3341 1942 3368 ‹‹
1973 3337 2030 3374 se

406 3413 477 3466 ad
523 3413 814 3482 lapsorum
852 3411 1179 3482 ‘perniciem
1224 3418 1500 3466 venenata
1548 3428 1651 3465 sua
1698 3411 2030 3484 deceptione

404 3510 720 3573 verterunt,
750 3521 960 3576 eosque
1000 3522 1031 3558 a
1070 3505 1294 3560 medela
1336 3505 1583 3559 vulneris
1627 3507 1712 3560 sui
1753 3528 1779 3556 »
1831 3523 2029 3561 avoca-

404 3607 554 3666 runt,
588 3602 644 3652 et
672 3617 698 3650 «
740 3598 1080 3653 intermissis
1116 3598 1375 3669 precibus
1403 3605 1458 3653 et
1495 3599 1870 3667 orationibus,
1902 3600 2026 3671 qui-

403 3693 509 3748 bus
554 3693 832 3748 Dominus
869 3694 1038 3763 longa
1081 3696 1137 3747 et
1175 3693 1442 3747 continua
1482 3692 1866 3748 satisfactione
1907 3695 2026 3764 pla-

405 3787 638 3854 candus,
667 3786 739 3840 ad
769 3786 1064 3841 exitiosam
1091 3787 1467 3842 temeritatem
1499 3787 1796 3841 mendacio
1824 3788 2031 3858 captio-

404 3897 481 3934 sae
529 3879 682 3950 pacis
728 3900 755 3930 »
798 3879 1126 3934 invitarunt.
1170 3880 1263 3933 His
1312 3880 1483 3934 etiam
1535 3879 1844 3950 Cyprianus
1887 3881 2026 3936 Feli-

404 3973 610 4028 cissimi
661 3973 926 4040 schisma,
977 3977 1039 4027 ut
1084 3972 1317 4027 occultis
1363 3973 1706 4038 auctoribus,
1748 3973 2026 4028 attribuit.

404 4067 672 4131 Quamvis
724 4073 808 4122 tot
862 4067 1009 4120 mala
1061 4067 1130 4120 ab
1189 4066 1473 4137 ejusmodi
1529 4067 1853 4122 hominibus
1907 4074 2030 4122 orta

404 4166 611 4230 essent,
652 4177 765 4214 non
819 4161 1052 4232 optabat
1093 4165 1279 4214 tamen
1319 4161 1639 4231 Cyprianus
1684 4165 1744 4214 ut
1783 4178 1839 4216 se
1881 4161 2030 4215 ultro

407 4255 700 4326 ejicerent,
739 4254 830 4308 sed
878 4253 1238 4318 sententiam,
1273 4271 1443 4324 quam
1487 4254 1633 4308 illius
1675 4253 2030 4324 indulgentia

404 4348 745 4418 etfugerant,
771 4348 839 4402 de
870 4365 927 4402 se
960 4347 1062 4418 ipsi
1087 4348 1357 4414 tulerunt,
1377 4351 1430 4402 et
1451 4368 1478 4396 ‹‹
1509 4347 1576 4401 de
1605 4347 1699 4402 Dei
1724 4348 2029 4418 providen-

403 4443 499 4509 tia,
533 4465 560 4492 ››
591 4441 700 4496 hoc
731 4458 835 4496 nec
862 4441 1088 4496 volente
1121 4458 1223 4495 nec
1260 4447 1492 4512 optante
1518 4441 1819 4512 Cypriano,
1848 4442 2028 4496 immo

2201 3233 2415 3299 collegis
2472 3233 2738 3287 deliberat
2792 3233 2857 3287 de
2910 3248 3077 3286 causa
3133 3234 3446 3303 lapsorum;
3486 3233 3577 3286 sed
3630 3237 3762 3286 ante

2203 3313 2488 3366 conc-ilium
2514 3313 2701 3367 scribit
2733 3314 2932 3367 lib-rum
2959 3313 3023 3367 de
3049 3316 3256 3383 Lapsis.

2202 3417 2314 3469 Pax
2360 3415 2627 3469 divinitus
2675 3417 2960 3487 promissa
3004 3432 3134 3470 cum
3176 3414 3434 3471 Ecclesia:
3479 3413 3765 3468 Africana:

2131 3509 2365 3562 tandem
2416 3508 2725 3580 aliquando
2771 3509 3087 3576 affulsisset,
3131 3509 3344 3579 prodiit
3385 3511 3513 3579 post
3549 3507 3766 3560 Pascha

2129 3602 2437 3672 Cyprianus
2463 3619 2493 3657 e
2524 3619 2768 3670 secessu,
2797 3603 2854 3657 in
2885 3620 2996 3674 quo
3025 3620 3239 3657 annum
3262 3604 3388 3674 jam
3418 3608 3475 3656 et
3507 3605 3764 3672 quatuor

2131 3694 2353 3750 circiter
2373 3712 2595 3750 menses
2621 3697 2851 3750 latebat.
2876 3699 3334 3752 Persecutionem
3358 3696 3597 3766 sopitam
3623 3698 3765 3748 tunc

2132 3788 2304 3842 fuisse
2343 3789 2423 3843 ait
2448 3790 2508 3843 in
2536 3790 2698 3860 epist.
2733 3795 2820 3857 52,
2857 3791 3094 3845 omnino
3135 3790 3393 3844 sedatam
3434 3790 3607 3844 fuisse
3640 3805 3764 3842 non

2131 3881 2287 3936 dicit.
2320 3884 2554 3951 Revera,
2587 3883 2838 3954 quandiu
2875 3884 3012 3938 vixit
3051 3885 3268 3952 Decius,
3298 3885 3419 3954 ejus
3449 3883 3765 3938 crudelitas

2131 3992 2360 4047 semper
2404 3978 2714 4032 metuenda
2751 3978 2858 4032 fuit
2901 3978 3252 4033 Christianis.
3284 3977 3423 4032 Hinc
3463 3977 3765 4034 Cornelius

2129 4086 2295 4140 papa.
2356 4087 2548 4125 mense
2611 4072 2777 4126 Junio
2844 4073 3074 4139 electus,
3134 4072 3367 4126 sedebat
3426 4072 3761 4141 intrepidus,

2132 4168 2269 4217 teste
2302 4165 2605 4235 Cypriano,
2635 4165 2798 4235 epist.
2829 4169 2894 4220 52
2936 4169 3014 4236 (ρ.
3048 4166 3158 4236 69),
3192 4187 3217 4216 «
3247 4168 3442 4221 Romae
3475 4165 3531 4218 in
3565 4181 3763 4218 sacer-

2131 4257 2306 4311 dotali
2333 4258 2627 4326 cathedra,
2658 4275 2722 4313 eo
2759 4263 3014 4330 tempore
3045 4276 3175 4314 cum
3215 4263 3489 4331 tyrannus
3518 4258 3766 4313 infestus

2131 4351 2520 4406 sacerdotibus
2563 4353 2658 4406 Dei
2684 4352 2853 4406 fanda
2887 4360 3056 4424 atque
3097 4353 3328 4407 infanda
3368 4351 3760 4407 comminare-

2135 4447 2242 4498 tur.
2275 4463 2300 4495 »
2337 4446 2456 4499 Non
2487 4445 2713 4500 videtur
2741 4463 2879 4516 ergo
2908 4447 3053 4500 hanc
3083 4463 3280 4517 pacem
3313 4447 3421 4499 alia
3446 4463 3534 4500 res
3563 4446 3761 4500 conci-

408 4541 466 4589 et
506 4537 837 4606 ignoscente
871 4541 926 4590 et
967 4540 1206 4601 tacente,
1244 4556 1270 4584 α
1300 4551 1495 4606 poenas
1537 4553 1674 4606 quas
1703 4541 2030 4590 meruerant
2055 4535 2108 4609 ξ)
2131 4538 2317 4605 liasse,
2339 4555 2514 4608 quam
2534 4538 2777 4609 injectus
2795 4540 2962 4594 Decio
2983 4543 3168 4594 metus
3187 4557 3220 4593 a
3237 4539 3404 4594 Lucio
3428 4539 3635 4606 Prisco,
3657 4541 3765 4610 qui

406 4629 793 4701 rependerunt
824 4652 849 4680 ››
897 4631 1106 4701 (Ib-id.).
1137 4629 1305 4683 Miror
1345 4646 1480 4683 sane
1516 4631 1792 4704 Novatum
1828 4630 1883 4683 in
1915 4631 2030 4684 Αη-

403 4725 618 4779 nalibus
651 4724 993 4795 Cypriunicis
1027 4741 1094 4778 ex
1123 4740 1364 4778 numero
1392 4723 1644 4795 quinque
1673 4723 2024 4794 presbytero-

401 4835 531 4872 rum
581 4818 775 4887 eximi,
804 4835 931 4871 cum
982 4817 1294 4888 Cyprianus
1339 4818 1406 4870 de
1437 4833 1503 4870 eo
1550 4817 1606 4870 in
1653 4816 1816 4886 epist.
1845 4818 1912 4870 49
1953 4818 2028 4870 sic

402 4912 670 4982 loquatur
699 4928 712 4965 :
749 4933 775 4961 «
802 4910 952 4965 Idem
977 4915 1059 4964 est
1082 4912 1324 4965 Novatus
1353 4911 1448 4980 qui
1471 4909 1620 4981 apud
1649 4926 1749 4963 nos
1777 4909 2027 4980 primum

403 5005 702 5060 discordiae
741 5010 796 5059 et
839 5005 1158 5058 schismatis
1196 5004 1527 5058 incendium
1567 5004 1890 5070 seminavit,
1932 5005 2029 5075 qui

403 5100 680 5172 quosdam
727 5099 850 5152 istic
879 5115 944 5152 ex
975 5098 1246 5152 fratribus
1279 5097 1348 5151 ab
1383 5098 1649 5168 episcopo
1685 5099 2024 5168 segregavit,

403 5195 498 5265 qui
544 5195 602 5248 in
654 5193 772 5264 ipsa
827 5191 1224 5262 persecutione
1281 5192 1352 5245 ad
1406 5191 1740 5246 evertendas
1786 5192 2026 5246 fratrum

403 5291 621 5343 mentes
664 5287 774 5341 alia
818 5285 1082 5357 quaedam
1135 5285 1452 5355 persecutio
1493 5290 1698 5339 nostris
1737 5285 1861 5339 fuit.
1906 5289 2026 5356 lpse

403 5385 489 5436 est
539 5380 637 5452 qui
680 5379 1090 5434 Felicissimum
1141 5378 1441 5433 satellitem
1481 5395 1646 5432 suum
1695 5378 2022 5449 diaconum,

402 5491 507 5529 nec
548 5473 920 5546 permittente
968 5488 1062 5526 me
1107 5489 1210 5527 nec
1260 5473 1489 5542 sciente,
1532 5489 1634 5526 sua
1680 5472 1923 5528 factione
1970 5477 2025 5528 et

400 5567 709 5623 ambitione
754 5565 1063 5635 constituit,
1093 5573 1199 5621 etc.
1235 5589 1263 5616 »
1314 5569 1448 5621 Erat
1492 5567 1665 5621 etiam
1707 5583 1772 5621 ex
1818 5566 2023 5621 eodem

399 5677 664 5728 numero,
700 5659 890 5734 119
928 5663 989 5714 ut
1030 5663 1264 5715 testatur
1302 5661 1614 5732 Cyprianus
1641 5661 1699 5714 in
1739 5661 1899 5732 epist.
1935 5664 2020 5728 55,

396 5756 761 5820 Fortunatus,
831 5771 1000 5827 quem
1067 5752 1415 5809 schismatici
1470 5755 2022 5827 pseudocpiscopum

395 5851 900 5926 Carthaginensem
933 5853 1126 5925 postea
1162 5853 1447 5907 crearunt.
1483 5850 1603 5908 Duo
1633 5849 1727 5907 alii
1767 5866 1878 5905 non
1912 5848 2018 5907 im-

2130 4648 2258 4685 cum
2283 4632 2625 4687 Macedonia
2653 4639 2940 4704 prmesset,
2963 4633 3268 4704 imperium
3299 4637 3670 4704 occupaverat
3702 4635 3761 4688 in

2131 4725 2238 4779 hac
2282 4726 2595 4797 provincia,
2627 4732 2682 4780 et
2728 4728 2871 4780 vires
2902 4744 3028 4780 suas
3077 4743 3207 4780 cum
3250 4727 3444 4780 Gothis
3488 4728 3765 4782 adversus

2133 4819 2360 4873 Decium
2381 4820 2780 4890 conjunxerat.
2800 4821 3080 4874 Redeunti
3098 4821 3382 4891 Cypriano
3401 4821 3762 4876 laetissimum

2130 4914 2519 4984 spectaculum
2542 4913 2670 4982 fuit,
2693 4920 2748 4968 et
2769 4914 3048 4985 plurimos
3074 4915 3447 4981 confcssores,
3471 4915 3528 4969 in
3551 4915 3763 4984 quibus

2130 5013 2184 5061 et
2206 5007 2432 5061 feminas
2461 5007 2784 5078 etvirgines
2812 5011 2868 5062 et
2890 5008 3046 5078 pueri
3077 5007 3384 5076 enitebant,
3411 5012 3467 5062 et
3493 5013 3761 5064 caeteram

2129 5101 2401 5155 stantium
2428 5101 2873 5167 multitudinem,
2908 5102 3113 5172 quibus
3139 5101 3281 5155 nihil
3311 5103 3453 5156 tanti
3483 5102 3669 5156 fuerat
3699 5108 3765 5156 ut

2129 5195 2488 5266 imperatoris
2518 5195 2683 5249 edicti
2707 5201 2998 5266 parerent,
3021 5196 3076 5249 iu
3115 5196 3350 5250 ecclesia
3384 5202 3766 5267 congregatos

2128 5287 2352 5342 intueri.
2371 5288 2484 5342 Sed
2497 5305 2627 5342 eum
2642 5288 3014 5342 sollicitudine
3030 5288 3445 5359 distringebaut
3461 5290 3622 5359 lapsi,
3639 5307 3762 5345 non

2127 5381 2207 5434 illi
2243 5381 2478 5452 quidem
2516 5383 2614 5452 qui
2643 5398 2772 5436 vere
2801 5389 2855 5434 et
2885 5398 2949 5436 ex
2981 5381 3173 5437 animo
3206 5383 3602 5452 paenitentiam
3638 5399 3767 5438 am-

2127 5475 2278 5546 plexi
2303 5476 2545 5542 fuerant,
2572 5491 2707 5529 nam
2727 5475 2846 5530 istis
2869 5476 3076 5530 mirum
3101 5475 3157 5529 in
3183 5475 3419 5530 modum
3441 5478 3762 5547 gratulatus

2125 5569 2327 5636 fuerat,
2354 5568 2521 5640 eique
2545 5569 2873 5624 ostenderat
2895 5570 3169 5624 Dominus
3196 5569 3380 5641 «quid
3396 5569 3676 5640 ejusmodi
3699 5574 3760 5624 et

2128 5662 2176 5736 1
2199 5662 2330 5737 2ο
2363 5663 2502 5718 tales
2530 5664 2674 5718 servi
2703 5663 2774 5718 de
2805 5665 2925 5735 ejus
2949 5663 3300 5734 benignitate
3329 5667 3690 5733 mereantur;
3724 5685 3752 5715 ι)

2125 5760 2222 5813 sed
2236 5759 2332 5830 qui
2347 5775 2403 5812 se
2415 5757 2681 5830 apostatis
2695 5763 2748 5814 et
2764 5757 3332 5830 perlidisjunxerant,
3348 5762 3754 5829 autpeccatum

2128 5865 2294 5908 suum
2320 5849 2470 5906 furto
2497 5849 2743 5924 quodam
2763 5849 3236 5922 abscondcrc,aut
3268 5849 3558 5923 cognitum
3575 5850 3756 5924 poeni-
