4104 6192
244 289 331 341 l2!
1611 285 1761 339 VlTA
1802 285 1855 340 S.
1896 286 2187 341 CYPRIAN
2194 286 2211 339 1
2224 327 2236 338 .

3511 286 3611 340 122

238 414 435 465 tentia:
469 410 694 481 legibus
731 412 1043 466 subducere
1072 410 1387 466 tentabant.
1417 411 1591 465 Paule
1622 411 1750 479 post
1780 426 1868 463 re-
1895 422 1951 494 Α
1973 410 2252 480 appellet,
2316 426 2419 464 nec
2478 409 2537 463 in
2594 426 2723 465 eum
2779 409 3092 481 quidquam
3150 409 3299 464 dicat
3328 410 3605 480 asperius.

240 506 424 560 ditum
456 506 744 577 Cypriani,
774 507 952 560 multa
984 508 1129 560 Deus
1156 507 1413 576 exempla
1439 504 1495 559 in
1536 521 1633 559 eos
1665 506 1868 559 consti-

235 601 343 653 tuit
396 601 520 670 qui,
574 618 703 655 cum
760 605 990 671 peccata
1038 600 1421 655 sacerdotibus
1464 600 1701 653 confessi
1761 616 1872 652 non

233 696 499 760 fuissent,
540 696 606 749 ad
644 696 1107 749 communionem
1146 696 1415 749 accedere
1458 695 1579 748 ausi
1624 694 1866 749 fuerant.

235 810 259 834 τε
281 789 445 843 Multi
464 789 719 859 quotidie
742 790 1129 859 penitentiam
1148 806 1261 843 non
1279 793 1533 859 agentes,
1552 789 1870 853 necdelicti

232 884 313 936 sui
362 884 782 938 conscientiam
835 884 1184 949 conﬁtentes,
1234 883 1545 938 immundis
1584 884 1871 953 spiritibus

232 976 723 1046 adimplebantur,
774 978 937 1032 multi
986 995 1160 1048 usque
1210 978 1278 1032 ad
1329 978 1614 1031 insaniam
1662 976 1870 1031 mentis

231 1071 505 1125 excordes
551 1072 853 1125 dementiae
902 1072 1092 1126 furore
1138 1096 1163 1120 ››
1211 1072 1637 1142 quatiebantur.
1685 1072 1868 1126 Multae

228 1165 349 1217 aliae
390 1165 709 1219 iracundias
738 1165 943 1219 divinae
980 1166 1329 1221 estensienes
1358 1166 1416 1220 in
1452 1166 1734 1235 ejusmodi
1764 1166 1866 1220 ho-

229 1259 445 1325 mines,
484 1264 550 1313 ut
576 1260 841 1313 discimus
867 1278 932 1314 ex
970 1261 1115 1315 libre
1143 1262 1208 1315 de
1244 1262 1451 1329 Lapsis,
1488 1263 1609 1313 tum
1642 1260 1866 1330 vigente

229 1355 658 1424 persecutione,
681 1360 803 1409 tum
823 1357 995 1410 etiam
1015 1354 1416 1425 pestCypriani
1434 1355 1675 1408 reditum
1700 1355 1865 1407 editae

229 1449 509 1515 fuerunt;
568 1468 600 1503 a
651 1449 856 1521 quibus
914 1450 1230 1503 immunem
1283 1465 1399 1503 non
1451 1448 1622 1501 fuisse
1674 1455 1866 1503 narrat

228 1542 482 1612 puellam
535 1544 864 1614 quamdam,
913 1560 1085 1614 quam
1125 1560 1157 1597 a
1184 1542 1403 1597 nutrice
1445 1542 1516 1596 ad
1566 1542 1864 1596 simulacra

227 1637 557 1703 deductam,
592 1637 922 1709 imprudens
952 1644 1007 1692 et
1054 1638 1295 1692 insciens
1326 1637 1495 1707 hujus
1542 1636 1626 1690 rei
1658 1640 1860 1704 mater,

226 1730 589 1785 sacriﬁcante
616 1732 916 1802 Cypriane,
948 1730 1004 1784 in
1034 1732 1328 1785 ecclesiam
1356 1729 1646 1784 intulerat.

1972 507 2187 559 Mortuo
2243 505 2405 559 Decio
2457 505 2624 573 longe
2680 505 3074 559 vehementior
3124 504 3249 573 fuit,
3303 510 3363 558 ut
3422 506 3611 559 videre

1973 603 2056 651 est
2084 599 2143 651 in
2176 600 2417 667 Epistula
2448 599 2521 651 ad
2558 600 2949 662 Anteniunum,
2986 600 3083 652 ubi
3123 605 3413 666 tyrannum
3444 599 3609 653 illtllll

1972 696 2133 745 vocat
2171 693 2407 762 ejusque
2449 692 2837 746 crudelitatem
2872 693 3148 762 depingit,
3180 693 3326 747 adeo
3365 698 3426 746 ut
3458 695 3611 763 quod

1975 802 2087 838 una
2116 786 2314 839 vocula
2343 786 2400 839 in
2441 786 2584 839 libre
2625 786 2689 839 de
2715 788 2904 854 Lupsis
2937 790 3240 839 contentus
3268 787 3394 851 fuit,
3428 804 3609 857 eaque

1972 884 2087 933 tam
2123 879 2253 947 leni,
2290 880 2342 933 id
2374 886 2717 949 argumento
2750 896 2867 934 esse
2906 880 3111 934 debeat
3150 880 3385 934 Decium
3423 880 3610 936 adhuc

1972 990 2267 1043 regnasse.

2040 1068 2159 1121 Non
2212 1067 2498 1121 difﬁcilius
2550 1067 2818 1137 probatur
2866 1068 3069 1121 librum
3125 1068 3189 1121 de
3236 1069 3425 1137 Lapsis
3475 1075 3608 1122 ante

1970 1161 2270 1215 concilium
2320 1163 2767 1231 Carthagineuse
2819 1162 3089 1233 scriptum
3137 1162 3330 1215 fuisse.
3376 1163 3606 1217 Concilii

1968 1255 2196 1309 decreta
2229 1272 2509 1325 nusquam
2544 1256 2599 1309 in
2632 1257 2736 1310 hoc
2776 1256 2920 1310 libre
2954 1262 3348 1310 memorantur
3377 1273 3390 1308 :
3428 1255 3604 1310 Libel-

1966 1347 2151 1402 laticis
2180 1365 2447 1403 concessa
2488 1366 2600 1419 pax
2638 1350 2696 1403 in
2737 1351 2995 1404 concilio.
3028 1353 3090 1405 At
3135 1366 3251 1403 non
3290 1350 3473 1403 solum
3514 1350 3604 1405 Li-

1964 1441 2238 1496 bellaticis
2264 1444 2575 1512 Cyprianus
2608 1444 2664 1497 in
2693 1444 2799 1497 hoc
2832 1444 2994 1511 libre,
3020 1443 3122 1498 sed
3144 1460 3238 1497 eos
3269 1444 3439 1497 etiam
3460 1464 3485 1491 «
3507 1443 3605 1513 qui

1966 1536 2037 1589 de
2066 1536 2174 1590 hoc
2212 1537 2297 1590 vel
2338 1538 2752 1605 cogitaverunt,
2784 1560 2807 1585 ››
2840 1538 3101 1591 hortatur
3128 1545 3189 1590 ut
3231 1554 3346 1590 non
3385 1540 3608 1591 cessent

1965 1629 2021 1682 in
2067 1652 2093 1677 ‹‹
2138 1631 2365 1699 agenda
2411 1631 2741 1701 paenitentia
2793 1635 2962 1701 atque
3012 1632 3069 1685 in
3116 1630 3340 1685 Domini
3391 1631 3607 1684 miseri-

1964 1723 2159 1777 cordia
2186 1724 2567 1794 deprecanda,
2597 1740 2665 1778 ne
2693 1725 2845 1794 quod
2875 1726 3063 1778 minus
3092 1742 3214 1778 esse
3242 1726 3299 1778 in
3333 1725 3603 1794 qualitate

298 1793 1002 1896 Premiserat'Cyprianus
1027 1841 1084 1879 se
1111 1824 1181 1878 de
1213 1826 1505 1895 lapsorum
1533 1840 1717 1890 causa,
1749 1828 1861 1878 sta-
1885 1793 1940 1864 B
1966 1820 2150 1874 delicti
2178 1793 2417 1885 videtur,
2444 1821 2501 1873 in
2526 1822 2785 1890 neglecta
2804 1821 3183 1876 satisfactione
3210 1793 3546 1875 cumulatur.
3574 1844 3599 1871 ιι

226 1919 323 1973 tim
352 1935 420 1972 ac
450 1919 733 1985 rediisset,
756 1935 886 1973 cum
912 1919 1145 1989 collegis
1167 1919 1281 1973 suis
1302 1919 1444 1973 inita
1474 1918 1865 1989 subductaque

224 2013 445 2067 ratione
468 2013 892 2083 judicaturum,
926 2037 951 2060 α
982 2017 1044 2066 ut
1070 2014 1353 2083 praepositi
1385 2029 1515 2067 cum
1546 2014 1697 2067 clero
1730 2029 1861 2066 con-

224 2108 545 2173 venientes,
576 2110 861 2177 praesente
895 2106 1163 2161 stantium
1196 2108 1381 2177 plebe,
1411 2107 1616 2177 quibus
1646 2112 1699 2161 et
1730 2107 1865 2177 ipsis

223 2219 323 2272 pro
355 2201 470 2255 ﬁde
500 2206 557 2255 et
597 2201 804 2254 timere
850 2217 953 2255 suo
990 2202 1175 2255 honor
1210 2201 1521 2269 habendus,
1562 2200 1861 2271 disponere

223 2295 413 2349 omnia
444 2294 670 2349 consilii
704 2295 1026 2348 communis
1053 2294 1330 2365 religione
1360 2316 1386 2343 ››
1420 2299 1653 2365 possent
1682 2295 1860 2365 (epist.

226 2390 327 2455 14).
373 2389 507 2443 Non
549 2388 731 2442 defuit
766 2388 1088 2458 promissis;
1135 2388 1233 2442 sed
1277 2388 1517 2455 videtur,
1554 2392 1863 2459 antequam

224 2482 535 2536 concilium
563 2482 893 2549 haberetur,
926 2482 1136 2535 librum
1165 2483 1230 2536 de
1254 2485 1443 2551 Lupsz's
1470 2481 1777 2552 scripsisse,
1804 2486 1865 2535 ut

222 2577 525 2646 lapsorum
571 2576 790 2629 animos
832 2576 899 2629 ad
938 2574 1159 2629 concilii
1200 2576 1448 2639 decreta,
1501 2582 1691 2643 utpar
1718 2583 1859 2641 erat,

224 2669 593 2739 suscipienda
621 2674 995 2739 praepararet.
1030 2671 1185 2723 Hunc
1222 2675 1413 2722 tamen
1454 2668 1662 2722 librum
1704 2672 1865 2723 Pear-

222 2764 411 2816 senius
454 2767 593 2833 post
637 2762 785 2816 Decii
827 2768 1070 2816 mortem
1100 2766 1155 2816 et
1185 2765 1381 2815 auctor
1418 2762 1865 2817 Observationum

222 2858 275 2909 in
294 2857 692 2912 Bibliothecam
713 2859 919 2925 Dupini
939 2862 1067 2925 post
1092 2856 1396 2909 concilium
1419 2856 1863 2926 Carthaginense

224 2950 607 3019 compositum
638 2948 986 3003 existimant.
1016 2950 1194 3019 Negat
1222 2953 1528 3019 utrumque
1554 2950 1861 3003 Tillemon-

224 3045 333 3098 tius
377 3043 735 3112 gravissimis
779 3044 848 3097 de
897 3044 1094 3097 causis.
1135 3046 1212 3097 Ac
1250 3042 1436 3113 primo
1481 3043 1713 3114 quidem
1760 3044 1864 3098 hoc

1966 1914 2249 1983 Scriptum
2295 1931 2413 1968 esse
2466 1914 2677 1968 librum
2726 1914 2873 1968 inter
2920 1915 3100 1984 prima
3151 1916 3389 1969 reddita:
3442 1916 3600 1985 pacis

1968 2009 2173 2077 gaudia
2218 2025 2286 2061 ex
2338 2008 2501 2062 initio
2546 2012 2704 2079 patet
2757 2027 2768 2062 :
2824 2032 2849 2057 «
2897 2012 3009 2063 l’ax
3056 2026 3206 2074 ecce,
3251 2009 3603 2063 dilectissimi

1965 2102 2185 2169 fratres,
2222 2102 2479 2157 Ecclesire
2512 2104 2735 2156 reddita
2763 2107 2864 2171 est,
2894 2110 2947 2157 et
2974 2104 3127 2174 quod
3160 2103 3385 2158 difﬁcile
3420 2119 3602 2173 nuper

1964 2194 2271 2249 incredulis
2309 2203 2363 2250 et
2404 2197 2635 2266 perﬁdis
2684 2197 3030 2267 impossibile
3074 2197 3441 2265 videbantur,
3490 2214 3599 2268 ope

1964 2295 2135 2359 atque
2164 2290 2373 2344 ultione
2404 2291 2593 2345 divina
2620 2292 2891 2346 securitas
2914 2297 3104 2346 nostra
3128 2297 3389 2362 reparata
3412 2296 3561 2345 est...
3585 2310 3595 2343 :

1966 2389 2259 2452 exoptatus
2299 2384 2442 2438 votis
2481 2386 2739 2439 omnium
2782 2386 2899 2439 dies
2948 2387 3168 2440 venit...
3211 2386 3598 2451 Cenfcsseres,

1966 2477 2249 2547 praeconio
2291 2478 2428 2532 boni
2475 2479 2721 2532 neminis
2763 2481 2943 2534 claros
2991 2484 3046 2533 et
3092 2480 3314 2533 virtutis
3358 2496 3421 2533 ac
3464 2478 3599 2533 tidci

1964 2570 2582 2641 laudibusgleriesos,
2640 2574 2782 2627 laetis
2830 2575 3223 2643 censpectibus
3271 2574 3599 2639 intuemur,

1965 2664 2172 2717 sanctis
2218 2666 2419 2718 osculis
2465 2666 2841 2731 adhmrentes,
2884 2667 3236 2720 desideratos
3286 2666 3382 2720 diu
3435 2666 3593 2720 inex-

1964 2757 2156 2827 plebili
2222 2759 2533 2828 cupiditate
2602 2760 3051 2829 complectimur.
3114 2760 3287 2814 Adest
3348 2760 3597 2813 militum

1965 2850 2169 2905 Christi
2217 2852 2421 2905 cohors
2465 2852 2728 2919 candida,
2776 2856 2882 2907 etc.
2929 2877 2954 2902 ››
2996 2852 3228 2906 Videtur
3272 2870 3409 2923 ergo
3454 2853 3597 2906 liber

1964 2945 2029 2998 de
2078 2946 2270 3013 Lapsis
2330 2946 2476 2998 viam
2530 2945 2791 2999 stravisse
2844 2945 3085 3000 concilio
3138 2947 3595 3015 Carthaginensi,

1965 3038 2121 3108 quod
2170 3038 2338 3107 paulo
2390 3043 2517 3108 post
2570 3039 2819 3093 reditum
2871 3040 3135 3109 Cypriani
3189 3040 3445 3094 habitum
3492 3047 3595 3095 est.

220 3143 567 3209 argumento
596 3137 774 3190 utitur
800 3137 1067 3191 adversus
1104 3138 1486 3204 Pearsonium,
1520 3138 1694 3207 quod,
1733 3153 1861 3191 cum
1884 3162 1937 3233 Ο
1967 3132 2148 3185 Mense
2186 3132 2326 3185 Maio
2358 3131 2526 3201 hujus
2568 3133 2703 3186 anni
2732 3136 2826 3187 251
2876 3134 3187 3187 collocatur
3214 3150 3244 3186 a
3275 3134 3595 3195 Pearsenie,

221 3231 465 3285 Romani
522 3230 875 3283 cenfesseres
913 3230 1118 3284 eodem
1159 3247 1354 3284 mense
1400 3248 1511 3301 quo
1557 3247 1736 3284 caesus
1779 3235 1865 3285 est

220 3324 440 3391 Decius,
473 3324 535 3377 in
564 3324 873 3377 Ecclesiam
917 3323 1213 3389 redierint,
1246 3324 1388 3377 liber
1415 3324 1517 3377 iste
1558 3326 1623 3378 de
1653 3326 1859 3394 Lapsis,

221 3418 314 3488 qui
359 3418 427 3471 ad
479 3434 578 3470 eos
622 3420 758 3470 ante
800 3417 1046 3470 reditum
1078 3417 1134 3470 in
1166 3417 1469 3472 Ecclesiam
1520 3418 1689 3471 simul
1732 3434 1859 3471 cum

220 3511 363 3564 libro
390 3512 459 3565 de
497 3514 714 3565 Unitate
753 3512 1003 3565 Ecclesiae
1044 3512 1245 3564 missus
1294 3517 1394 3576 est,
1441 3517 1568 3581 post
1616 3518 1860 3565 mortem

220 3606 371 3659 Decii
404 3604 567 3674 rejici
598 3620 715 3658 non
746 3605 936 3674 possit.
964 3606 1263 3675 Repugnat
1299 3604 1451 3658 enim
1488 3610 1551 3659 ut
1590 3606 1647 3658 in
1684 3621 1861 3658 unum

217 3706 270 3753 et
322 3699 601 3752 eumdem
652 3714 910 3751 mensem
961 3703 1046 3752 tet
1097 3698 1352 3769 insignes
1406 3704 1640 3752 eventus
1690 3699 1862 3769 conji-

215 3796 468 3858 ciantur,
511 3791 693 3845 credes
733 3791 901 3859 Decii,
944 3793 1177 3845 nuntius
1220 3792 1392 3862 hujus
1437 3793 1516 3846 rei
1564 3793 1619 3845 in
1663 3809 1861 3846 omnes

216 3886 584 3957 provincias,
642 3902 745 3955 pax
802 3886 1095 3951 Ecclesia},
1150 3886 1263 3939 duo
1320 3885 1447 3939 libri
1499 3904 1530 3939 a
1582 3888 1860 3955 Cypriane

213 3980 410 4050 scripti
437 3986 499 4033 et
526 3981 763 4033 Romam
813 3979 985 4043 missi,
1020 3996 1084 4033 ac
1127 3981 1521 4033 ceufessorum
1557 3980 1771 4033 reditus
1804 3980 1858 4033 in

216 4074 531 4129 Ecclesiam
564 4074 651 4126 his
677 4072 834 4125 libris
857 4072 1133 4142 perlectis.
1160 4073 1529 4127 Pearsonium
1558 4078 1862 4127 moverunt

215 4184 347 4237 quae
396 4167 563 4219 initio
606 4166 733 4219 libri
775 4167 1062 4236 leguntur,
1100 4166 1274 4236 «Ope
1318 4171 1489 4236 atque
1527 4167 1741 4220 ultione
1772 4167 1857 4220 di-

217 4260 354 4313 vina
384 4260 665 4314 securitas
692 4265 886 4313 nostra
919 4263 1173 4329 reparata
1204 4262 1307 4313 est.
1337 4281 1363 4308 ››
1392 4261 1467 4313 Ex
1497 4260 1703 4330 quibus
1732 4278 1861 4314 cen-

217 4354 396 4408 cludit
439 4354 562 4423 jam
614 4356 733 4405 tum
790 4353 1019 4406 Decium
1070 4360 1281 4407 vexatae
1332 4354 1626 4423 religionis
1669 4354 1857 4409 Chris-

217 4450 391 4502 tiana?
421 4463 620 4517 poenas
645 4446 891 4499 dedisse.
916 4447 1185 4501 Ohservat
1210 4447 1606 4501 Tillemontius
1626 4448 1858 4501 Decium

1963 3225 2131 3295 idque
2173 3241 2302 3278 cum
2347 3226 2530 3279 verbis
2576 3227 2844 3296 Cypriani
2888 3228 3173 3297 quadrat:
3210 3249 3235 3275 ‹‹
3270 3228 3595 3282 Secundum

1964 3320 2117 3389 quod
2164 3323 2351 3373 tamen
2397 3323 2528 3373 ante
2572 3320 2758 3373 fuerat
2801 3321 3173 3389 destinatum,
3213 3322 3397 3391 inquit
3428 3322 3592 3391 epist.

1963 3416 2028 3465 52
2076 3412 2157 3483 (p.
2210 3416 2320 3479 67),
2376 3414 2771 3483 persecutione
2816 3415 3019 3486 sopita,
3081 3431 3211 3469 cum
3266 3415 3394 3469 data
3447 3418 3598 3468 esset

1962 3506 2198 3559 facultas
2234 3506 2291 3558 in
2337 3523 2514 3560 unum
2556 3508 2950 3573 conveniendi,
2992 3509 3257 3579 copiosus
3305 3509 3593 3579 episcepo-

1962 3616 2088 3651 rum
2118 3615 2411 3666 numerus,
2442 3616 2585 3670 quos
2612 3600 2867 3670 integros
2901 3606 2959 3655 et
2986 3602 3299 3656 incolumes
3326 3602 3466 3655 ﬁdes
3494 3619 3595 3656 sua

1963 3703 2019 3750 et
2049 3697 2271 3750 Domini
2314 3696 2491 3751 tutela
2529 3699 2797 3767 protexit,
2838 3699 2895 3751 in
2927 3717 3104 3753 unum
3136 3700 3527 3754 convenimus.
3565 3722 3590 3751 ››

1961 3790 2220 3844 Adfuisse
2259 3790 2618 3861 presbyteros
2645 3799 2701 3845 et
2735 3792 3000 3846 diaconos
3032 3799 3186 3863 patet
3214 3812 3278 3847 ex
3307 3793 3473 3864 epist.
3508 3798 3593 3847 55.

1963 3883 2125 3946 Quod
2157 3885 2233 3937 ait
2259 3885 2572 3955 Cyprianus
2599 3885 2656 3938 in
2689 3886 2889 3940 eadem
2933 3887 3092 3957 epist.
3129 3891 3193 3941 52
3232 3890 3290 3941 et
3327 3888 3387 3941 in
3426 3887 3593 3957 epist.

1964 3980 2049 4043 55,
2080 3978 2369 4048 episcopos
2409 3979 2694 4048 scripsisse
2736 3980 2808 4033 ad
2852 3980 3181 4034 Cornelium
3221 3987 3274 4034 et
3317 3981 3385 4035 de
3426 3981 3595 4051 lapsis

1964 4093 1991 4119 ‹‹
2049 4071 2380 4141 participato
2435 4073 2680 4126 invicem
2736 4072 2975 4127 consilio
3012 4097 3039 4122 ››
3083 4080 3355 4128 statutum
3398 4075 3592 4141 fuisse,

1962 4164 2016 4218 id
2066 4164 2249 4234 prima
2290 4165 2476 4235 specie
2519 4166 2740 4219 videtur
2782 4167 3081 4220 concilium
3115 4167 3293 4221 serius
3339 4168 3593 4221 habitum

1961 4258 2235 4328 probare;
2266 4276 2401 4312 nam
2449 4260 2746 4314 Cornelius
2790 4278 2986 4314 mense
3024 4262 3185 4331 juuio
3235 4263 3446 4315 electus
3490 4268 3590 4327 est,

1962 4368 2067 4405 nec
2117 4352 2306 4405 statim
2355 4352 2569 4406 litteras
2622 4356 2838 4424 accepit
2879 4353 2946 4407 ab
2989 4355 3270 4425 episcopis
3306 4356 3592 4423 Africanis,

1964 4445 2057 4515 qui
2109 4462 2219 4498 non
2268 4447 2336 4499 ad
2380 4463 2513 4500 eum
2559 4448 2911 4518 aliquandiu,
2947 4449 3045 4501 sed
3089 4450 3158 4502 ad
3202 4449 3378 4519 ipsius
3423 4451 3595 4503 eccle-

216 4542 375 4595 Lucii
422 4540 600 4594 Prisci
646 4540 967 4593 defectione
1013 4544 1065 4593 et
1108 4541 1421 4595 Gothorum
1468 4533 2105 4611 progressibustiam
2161 4539 2379 4593 litteras
2428 4558 2555 4593 suas
2604 4541 2930 4607 mittebant,
2990 4543 3170 4596 donec
3224 4543 3396 4611 legati
3452 4560 3594 4612 quos

216 4637 293 4688 sic
329 4633 677 4704 impeditum
708 4633 900 4697 fuisse,
935 4636 1011 4693 ut.
1041 4634 1163 4703 jam
1194 4639 1316 4687 tum
1349 4636 1493 4688 Deus
1517 4636 1854 4704 sanguinem

214 4728 677 4782 Christianorum
740 4726 1035 4780 manifeste
1092 4728 1495 4794 ulcisceretur,
1546 4734 1602 4781 et
1658 4745 1856 4797 pacem

216 4823 272 4875 in
340 4821 589 4875 Ecclesia
641 4821 839 4874 saltem
892 4820 1153 4874 Africana
1204 4822 1592 4875 constitueret.
1650 4822 1857 4875 Verum

214 4916 527 4985 indignum
557 4914 841 4968 existimat
880 4914 1186 4985 Cypriane,
1222 4919 1282 4967 ut
1323 4915 1421 4985 qui
1466 4931 1567 4984 pro
1608 4915 1856 4985 impera-

213 5017 339 5063 tore
370 5007 630 5079 quotidie
661 5008 1019 5077 precabatur,
1052 5008 1107 5061 in
1139 5008 1286 5061 illius
1313 5008 1633 5062 calamitate
1669 5010 1853 5063 exsul-

214 5108 383 5157 taret.
426 5103 616 5166 Quare
655 5102 777 5155 haec
814 5102 983 5155 verba
1016 5108 1113 5155 aut
1141 5118 1173 5155 a
1201 5102 1487 5171 Cypriane
1534 5108 1657 5171 post
1708 5102 1855 5156 Decii

214 5202 467 5251 mortem
492 5195 706 5262 addita,
734 5199 834 5248 aut
864 5196 933 5248 ad
976 5196 1327 5265 proconsulis
1364 5196 1725 5266 supplicium,
1760 5202 1857 5249 aut

215 5292 392 5343 alium
437 5289 702 5359 quemvis
732 5292 995 5342 eventum
1038 5289 1340 5345 referenda
1380 5290 1716 5359 suspicatur.
1750 5290 1855 5343 Sed

216 5402 332 5437 non
366 5382 531 5437 video
576 5399 676 5435 cur
712 5382 981 5452 Cypriani
1011 5383 1179 5435 verba
1226 5382 1294 5435 de
1341 5384 1463 5452 ipso
1503 5382 1671 5436 Decio
1712 5400 1851 5435 nen-

211 5478 349 5531 dum
386 5476 632 5547 imperio
679 5480 731 5529 et
773 5476 883 5529 vita
919 5475 1171 5545 spoliate,
1223 5476 1320 5529 sed
1354 5477 1475 5546 jam
1516 5481 1852 5546 oppugnata

212 5570 575 5640 interpretari
645 5576 987 5623 metuamus.
1047 5569 1192 5622 Nihil
1259 5570 1479 5623 vetabat
1544 5569 1853 5639 quominus

209 5666 541 5733 Cyprianus,
566 5664 666 5718 etsi
700 5680 803 5733 pro
832 5662 1173 5733 imperatore
1203 5664 1455 5733 quotidie
1481 5664 1847 5734 precabatur,

212 5756 360 5810 illius
406 5763 593 5811 tamen
639 5757 1031 5811 calamitatem
1064 5773 1127 5810 ex
1164 5755 1343 5829 121
1387 5757 1601 5811 ultione
1656 5756 1853 5810 divina

214 5857 515 5924 repeteret,
581 5868 713 5908 cum
778 5852 1097 5923 praesertim
1164 5851 1350 5924 ipsum
1430 5852 1664 5906 Decium
1736 5868 1852 5906 non

1962 4631 2197 4683 Romam
2226 4630 2519 4697 miserant,
2555 4639 2773 4685 certum
2803 4631 2871 4683 de
2900 4631 3253 4685 dissensione
3286 4632 3361 4684 ibi
3398 4635 3592 4685 exerta

1960 4724 2223 4777 nuntium
2259 4724 2555 4777 referrent.
2600 4724 2733 4790 Sed,
2779 4728 2841 4776 ut
2884 4724 3141 4777 observat
3177 4725 3589 4791 Tillemontius,

1959 4816 2079 4871 ﬁeri
2114 4817 2297 4886 potuit
2327 4822 2383 4869 ut
2408 4834 2473 4869 ex
2499 4818 2779 4886 episcopis
2807 4817 2904 4887 qui
2931 4817 3168 4870 concilio
3192 4818 3588 4883 interfuerant,

1960 4911 2119 4964 multi
2153 4910 2337 4964 adhuc
2377 4910 2722 4979 Carthagine
2762 4916 3121 4963 versarentur
3161 4927 3293 4964 cum
3343 4910 3412 4964 de
3457 4910 3592 4981 legi-

1959 5004 2101 5057 tima
2142 5004 2381 5059 Cornelii
2416 5004 2693 5057 electione
2731 5004 3012 5069 constitit;
3049 5005 3143 5075 qui
3187 5021 3312 5058 cum
3355 5005 3424 5058 ad
3466 5008 3593 5060 Cer~

1958 5099 2172 5151 nelium
2229 5116 2329 5151 suo
2388 5105 2442 5152 et
2492 5098 2734 5151 alierum
2784 5099 3015 5151 nomine
3066 5099 3422 5168 scripserint,
3475 5116 3594 5154 non

1958 5192 2248 5245 immerito
2282 5192 2379 5246 visi
2407 5196 2541 5245 sunt
2580 5192 2895 5261 conjunctis
2934 5209 3064 5246 cum
3099 5193 3361 5248 Cornelio
3406 5194 3588 5247 consi-

1955 5284 2042 5338 liis
2097 5285 2354 5339 statuisse
2402 5285 2678 5357 quidquid
2729 5286 2797 5339 de
2852 5287 3021 5357 lapsis
3071 5290 3408 5340 statuerunt.
3462 5290 3591 5342 time

1955 5382 2146 5431 autem
2201 5378 2370 5433 verba
2428 5395 2498 5433 ex
2549 5378 2713 5449 epist.
2764 5382 2850 5445 55,
2896 5400 2922 5429 ‹‹
2972 5380 3207 5434 concilio
3258 5381 3592 5450 frequenter

1956 5480 2097 5538 acto,
2126 5493 2153 5521 ››
2184 5472 2260 5525 sic
2294 5476 2416 5542 post
2445 5473 2809 5527 l’earsenium
2840 5474 3247 5543 interpretatur
3270 5474 3581 5528 Tillemon-

1956 5569 2083 5633 tius,
2119 5569 2276 5637 quasi
2321 5568 2625 5621 concilium
2661 5586 2809 5639 saepe
2851 5569 3160 5637 repetitum
3197 5569 3386 5635 fuerit,
3415 5570 3491 5623 ita
3534 5576 3593 5624 ut

1956 5661 2292 5733 quibusdam
2343 5662 2622 5732 episcopis
2663 5662 3011 5732 Carthagine
3060 5662 3429 5730 abeuntibus,
3470 5664 3593 5733 qui-

1954 5757 2195 5810 busdam
2225 5756 2677 5822 succedentibus,
2712 5756 3111 5810 continuatum
3158 5756 3585 5829 quodammodo

1955 5850 2127 5906 videri
2160 5856 2365 5920 poset.
