4084 6208
459 309 556 376 {23

1824 320 1976 375 VlTA
2016 320 2069 374 S.
2111 318 2450 376 CYPRIANI.

3713 319 3812 376 124

525 445 812 518 Prte’cipua
840 445 1058 500 concilii
1098 445 1432 501 deliberatio
1471 445 1531 501 in
1569 447 1857 517 lapsorum
1897 448 2084 500 causis
2105 458 2164 530 Α
2185 446 2340 500 aliud
2366 445 2437 500 de
2461 444 2740 516 episcopis
2760 444 2932 516 lapsis
2957 422 3216 515 ejusdem
3239 445 3460 501 concilii
3489 445 3779 502 decretum
3796 463 3812 516 ;

455 540 832 611 dijudicandis
859 538 1052 613 122
1086 544 1310 595 versata
1346 546 1460 609 est;
1489 544 1546 596 et
1579 557 1709 594 cum
1737 557 1966 595 summa
1993 558 2082 595 es-

455 639 540 689 set
561 634 1120 688 circumstantiarum
1149 635 1406 700 varietas,
1433 634 1628 688 omnia
1656 634 1930 704 singulari
1957 652 2086 706 pru-

452 728 664 795 dentia,
707 733 982 798 tanquam
1019 728 1262 783 aurificis
1302 732 1532 794 statera,
1574 728 1892 782 examinata
1930 733 2082 783 sunt.

451 821 557 876 Alii
582 821 733 875 enim
758 822 1005 876 nefando
1041 822 1333 888 sacrificio,
1367 821 1462 876 alii
1489 822 1623 876 solis
1650 821 1857 876 libellis
1879 828 2080 876 conta-

452 914 674 982 minati,
714 916 801 969 vel
834 916 1003 970 etiam
1031 915 1249 970 crimen
1279 916 1396 969 sola
1431 916 1777 986 cogitatione
1818 933 2083 989 suscepe-

452 1012 599 1063 rant.
639 1010 760 1063 Non
801 1009 1064 1080 aequandi
1107 1012 1290 1077 erant,
1335 1010 1416 1063 ait
1457 1009 1770 1080 Cyprianus
1812 1010 1974 1081 epist.
2018 1013 2086 1066 52

455 1104 532 1173 (p.
578 1102 688 1171 70),
728 1104 878 1158 «ille
923 1105 1018 1174 qui
1057 1103 1126 1157 ad
1163 1103 1498 1157 sacrificium
1545 1104 1854 1158 nefandum
1892 1104 2085 1158 statim

450 1195 736 1250 voluntate
773 1196 1067 1267 prosilivit,
1099 1199 1155 1250 et
1187 1196 1283 1267 qui
1317 1197 1622 1251 reluctatus
1659 1203 1714 1251 et
1749 1212 2085 1266 congressus

452 1289 548 1342 diu
597 1290 669 1342 ad
722 1291 828 1344 hoc
877 1291 1166 1345 funestum
1215 1307 1356 1360 opus
1410 1290 1741 1345 necessitate
1789 1291 2080 1361 pervenit;

451 1382 546 1436 ille
587 1383 685 1454 qui
721 1390 778 1438 et
818 1401 876 1438 se
925 1388 981 1438 et
1025 1399 1223 1438 omnes
1266 1401 1397 1438 suos
1436 1383 1710 1454 prodidit,
1744 1386 1802 1437 et
1837 1385 1937 1454 qui
1966 1385 2084 1455 ipse

449 1492 554 1549 pro
581 1477 796 1532 cunctis
823 1477 895 1532 ad
931 1478 1234 1532 discrimen
1265 1477 1558 1543 accedens,
1593 1491 1825 1532 uxorem
1857 1482 1912 1532 et
1938 1477 2082 1531 libe-

451 1586 544 1624 ros
571 1575 627 1624 et
652 1570 888 1624 domum
914 1573 1093 1625 totam
1127 1571 1360 1642 periculi
1402 1571 1487 1624 sui
1522 1571 1918 1641 perfunctione
1947 1587 2080 1642 pro-

454 1664 631 1730 texit;
675 1663 767 1719 ille
808 1665 906 1735 qui
943 1665 1250 1736 inquilinos
1293 1665 1381 1720 vel
1419 1665 1631 1720 amicos
1673 1681 1804 1720 suos
1846 1667 1916 1720 ad
1954 1666 2084 1721 faci-

451 1773 560 1812 nus
599 1759 891 1829 compulit,
923 1765 978 1814 et
1014 1759 1109 1829 qui
1151 1759 1444 1830 inquilinis
1477 1762 1533 1813 et
1564 1759 1773 1812 colonis
1805 1760 2078 1830 pepercit,

2185 539 2468 611 ejusmodi
2495 539 2761 595 homines
2790 539 2864 594 ad
2892 540 3282 610 paenitentiam
3317 562 3345 589 ‹‹
3372 541 3602 612 quidem
3632 557 3810 612 agen-

2186 633 2320 688 dam
2365 649 2529 704 posse
2570 633 2814 702 admitti,
2863 633 2932 687 ab
2979 633 3337 688 ordinatione
3384 633 3575 707 123
3621 638 3830 689 autem

2185 728 2346 795 clari,
2379 731 2550 798 atque
2581 728 2913 782 sacerdotali
2949 727 3163 782 honore
3205 727 3514 798 prohiberi.
3547 749 3574 779 ››
3606 727 3818 783 Prodiit

2185 837 2379 876 coram
2429 821 2708 892 episcopis
2753 821 2811 875 in
2849 821 3088 876 concilio
3131 823 3494 892 congregatis
3539 821 3810 876 Felicissi-

2187 931 2312 968 mus
2354 931 2482 969 cum
2526 914 2873 986 presbyteris
2909 915 3015 985 ipsi
3055 915 3257 982 afﬁxis,
3288 921 3353 970 ut
3378 915 3716 986 perspicitur
3741 932 3811 971 ex

2186 1007 2351 1080 epist.
2389 1011 2487 1076 42;
2530 1009 2632 1063 sed
2668 1025 2763 1063 eos
2805 1009 3028 1063 auditos
3069 1008 3316 1080 episcopi
3360 1010 3814 1064 condemnarunt

2185 1104 2242 1156 et
2277 1101 2697 1156 abstinuerunt.
2730 1120 2758 1153 ε(
2788 1102 2896 1156 Sed
2934 1106 2994 1156 et
3018 1102 3247 1158 Iovinus
3291 1109 3348 1157 et
3387 1103 3656 1158 Maximus
3695 1104 3812 1175 epi-

2185 1196 2360 1265 scapi,
2391 1196 2460 1249 ob
2488 1195 2733 1249 nefanda
2759 1194 3028 1249 sacriﬁcia
3057 1199 3115 1250 et
3134 1195 3372 1250 crimina
3397 1197 3456 1250 in
3486 1213 3544 1250 se
3573 1196 3812 1266 probata

2185 1289 2464 1343 sententia
2507 1304 2709 1342 novem
2742 1289 3137 1360 episcOporum
3182 1289 3568 1358 condemnati,
3612 1290 3813 1344 iterato

2185 1382 2243 1435 in
2284 1382 2521 1436 concilio
2563 1381 2808 1436 abstenti
2848 1403 2874 1432 »
2911 1385 3063 1451 sunt,
3101 1383 3180 1438 ait
3218 1383 3530 1455 Cyprianus
3556 1383 3616 1438 in
3644 1383 3812 1455 epist.

2185 1480 2252 1531 55
2280 1477 2356 1547 (p.
2388 1478 2495 1547 84).

2257 1569 2754 1634 Quemadmodum
2799 1571 2856 1624 in
2904 1571 3011 1625 hoc
3060 1571 3299 1626 concilio
3341 1592 3369 1621 α
3421 1588 3536 1626 non
3580 1589 3815 1627 consen-

2183 1665 2343 1719 sione
2395 1684 2422 1716 ι)
2473 1668 2693 1720 tantum
2743 1665 3143 1736 episcoporum
3188 1685 3216 1715 «
3254 1666 3349 1720 sed
3397 1673 3452 1721 et
3495 1668 3814 1722 commina-

2185 1758 2355 1824 tione,
2382 1781 2407 1807 ››
2435 1763 2496 1812 ut
2521 1759 2601 1812 ait
2625 1758 2961 1829 Cyprianus,
2989 1759 3152 1830 epist.
3184 1763 3250 1814 55
3277 1760 3352 1830 (p.
3384 1763 3491 1830 85),
3521 1761 3812 1816 decretum

451 1852 654 1906 fratres
687 1853 857 1906 etiam
889 1852 1166 1922 plurimos
1206 1853 1303 1923 qui
1345 1855 1594 1908 extorres
1630 1856 1686 1906 et
1725 1854 1949 1925 profugi
1997 1830 2157 1910 re-B
2184 1857 2268 1907 est
2293 1873 2322 1900 ‹‹
2355 1858 2414 1906 ut
2450 1852 2845 1922 paenitentiam
2891 1869 3006 1907 non
3053 1853 3355 1924 agentibus
3389 1869 3559 1908 nemo
3597 1860 3813 1910 temere

451 1946 743 2013 cedebant,
770 1947 829 2000 in
857 1963 954 2000 sua
981 1951 1128 2001 tecta
1153 1954 1207 2001 et
1233 1947 1475 2018 hospitia
1503 1947 1738 2018 recepit,
1770 1948 2083 2003 ostendens

455 2043 511 2093 et
538 2039 782 2093 offerens
811 2041 1048 2094 Domino
1081 2041 1282 2094 multas
1310 2040 1527 2095 animas
1563 2040 1816 2095 viventes
1852 2045 1909 2096 et
1934 2043 2085 2096 inco-

449 2133 652 2200 lumes,
685 2150 812 2204 qua:
831 2143 954 2204 pro
988 2151 1105 2188 una
1135 2134 1322 2188 saucia
1353 2134 1749 2205 deprecentur.
1787 2156 1814 2184 »
1847 2136 1951 2191 Alii
1981 2136 2078 2191 de-

452 2227 625 2298 nique
653 2227 830 2281 serius
862 2227 1002 2299 lapsi
1043 2228 1290 2295 fuerant,
1321 2228 1414 2282 alii
1445 2228 1641 2294 citius;
1673 2229 1765 2283 alii
1796 2229 1865 2283 ad
1900 2230 2079 2301 poeni-

449 2321 683 2374 tentiam
714 2321 907 2374 statim
940 2321 1338 2391 confugerant,
1369 2321 1464 2375 alii
1492 2321 1669 2375 nimia
1699 2322 2019 2376 libellorum
2049 2341 2082 2378 a

449 2415 791 2486 martyribus
817 2419 1173 2485 acceptorum
1209 2415 1433 2482 ﬁducia,
1464 2415 1569 2469 hoc
1588 2415 1908 2470 remedium
1939 2416 2077 2471 etfu-

450 2522 582 2578 gere
612 2508 799 2562 conati
825 2509 1071 2563 fuerant.
1107 2511 1302 2580 Itaque
1330 2509 1665 2563 examinataa
1692 2516 1823 2563 sunt
1853 2527 1912 2565 1n
1940 2527 2078 2565 con-

447 2601 576 2656 cilio
604 2602 1041 2673 Carthaginensi
1066 2623 1094 2651 ‹‹
1119 2619 1301 2656 causa;
1329 2607 1386 2657 et
1415 2605 1728 2658 voluntates
1758 2605 2081 2658 et-necessi-

446 2699 590 2749 tates
631 2695 1008 2766 singulorum,
1039 2703 1096 2750 et
1137 2697 1196 2750 in
1236 2696 1423 2750 libello
1462 2697 1816 2767 singulorum
1868 2699 2078 2768 placita

445 2789 764 2859 conscripta
790 2796 937 2844 sunt.
971 2812 997 2838 ››
1027 2790 1211 2859 (Ιιηίἰ.)
1246 2792 1399 2843 Hunc
1428 2790 1679 2844 libellum
1709 2807 1823 2845 non
1853 2792 2079 2845 absimi-

444 2881 556 2936 lem
587 2882 758 2937 fuisse
791 2883 1105 2938 canonibus
1131 2883 1615 2954 paenitentialibus
1644 2886 1851 2940 merito
1880 2886 2075 2939 obser-

443 2975 594 3029 vavit
623 2977 914 3043 Baronius,
948 2993 1054 3031 nec
1094 2977 1208 3031 ulla
1237 2993 1471 3047 prorsus
1507 2978 1724 3032 ratione
1767 2978 1971 3033 librum
2012 2980 2079 3034 de

438 3071 630 3140 Lapst's
658 3070 928 3141 intelligit
953 3070 1136 3124 editor
1161 3071 1499 3126 Oxoniensis
1535 3072 1591 3126 in
1631 3073 1784 3127 notis
1819 3073 1887 3126 ad
1924 3073 2078 3128 hunc

2182 1962 2377 2016 pacem
2429 1947 2591 2000 daret
2632 1963 2644 2000 :
2687 1968 2714 1995 »
2757 1946 2833 2000 ita
2871 1946 3040 2017 justis
3081 1951 3394 2017 martyrum
3445 1948 3816 2018 petitionibus

2181 2039 2395 2110 aliquid
2429 2039 2658 2093 honoris
2687 2055 2874 2108 causa,
2922 2045 2980 2094 ut
3019 2040 3240 2094 ferebat
3284 2041 3546 2095 Ecclesiae
3585 2059 3815 2097 consuc-

2181 2133 2342 2200 tudo,
2385 2133 2637 2188 delatum
2678 2134 2850 2187 fuisse
2877 2133 3239 2188 crediderim.
3278 2135 3414 2189 Nam
3460 2135 3518 2190 in
3563 2135 3705 2190 libro
3748 2137 3818 2192 de

2181 2227 2395 2296 Lapsis,
2427 2242 2599 2296 quem
2629 2227 2942 2298 Cyprianus
2985 2227 3043 2281 in
3073 2228 3236 2299 epist.
3271 2231 3358 2297 51,
3394 2245 3579 2299 nuper
3608 2229 3815 2300 legisse

2183 2336 2240 2374 se
2267 2320 2616 2391 Carthagine
2644 2324 2901 2387 testatur,
2931 2321 3080 2375 unde
3107 2321 3280 2376 etiam
3310 2322 3569 2376 nonnulli
3602 2323 3660 2376 in
3688 2323 3814 2393 ipso

2181 2415 2424 2469 concilio
2470 2415 2680 2468 lectum
2727 2415 2898 2469 fuisse
2929 2415 3235 2486 colligunt;
3281 2415 3338 2469 iu
3380 2415 3508 2484 hoc,
3554 2416 3811 2487 inquam,

2182 2508 2345 2575 libro,
2389 2515 2454 2562 ut
2491 2508 2731 2562 nimiam
2775 2511 3092 2579 martyrum
3138 2509 3545 2564 nonnullorum
3572 2511 3684 2564 «in
3720 2527 3811 2564 re-

2183 2601 2475 2656 mittendis
2513 2602 2722 2673 passim
2754 2602 3143 2674 donandisque
3183 2605 3427 2674 peccatis
3463 2625 3490 2654 »
3526 2604 3814 2658 licentiam

2181 2695 2391 2750 refellit
2415 2695 2750 2766 Cyprianus,
2783 2696 2862 2750 ita
2893 2712 3089 2751 eorum
3116 2696 3406 2751 mandatis
3435 2697 3647 2768 aliquid
3679 2699 3814 2753 fate-

2179 2794 2272 2842 tur
2299 2805 2461 2860 posse
2492 2789 2748 2856 concedi,
2784 2810 2810 2839 ‹‹
2841 2791 2885 2844 si
2912 2790 3087 2861 justa,
3117 2791 3162 2844 si
3191 2791 3361 2859 licita,
3391 2791 3436 2846 si
3473 2807 3586 2846 non
3611 2795 3815 2846 contra

2179 2883 2364 2953 ipsum
2410 2883 2714 2937 Dominum
2753 2901 2782 2937 a
2820 2884 2917 2938 Dei
2964 2885 3254 2939 sacerdote
3289 2885 3575 2952 facienda,
3620 2886 3664 2940 si
3706 2885 3810 2940 ob-

2180 2977 2552 3047 temperantis
2603 2977 2779 3030 facilis
2809 2981 2866 3030 et
2902 2994 3080 3047 prona
3121 2979 3438 3044 consensio,
3483 2980 3527 3033 si
3562 2981 3815 3050 petentis

2175 3069 2351 3124 fuerit
2409 3069 2669 3141 religiosa
2719 3071 3033 3125 moderatio
3082 3092 3110 3121 ››
3172 3074 3325 3148 (pag.
3385 3073 3523 3144 l87).
3583 3074 3814 3128 Fatetur

440 3165 650 3218 locum.
689 3164 882 3218 Videri
920 3168 1155 3235 possunt
1191 3182 1318 3236 quae
1362 3166 1430 3220 de
1468 3165 1691 3220 concilii
1729 3166 1972 3221 decretis
2015 3167 2072 3220 in
2097 3199 2150 3271 Ο
2178 3163 2351 3217 etiam
2399 3165 2476 3234 (p.
2534 3166 2652 3234 193)
2697 3165 2877 3218 Deum
2924 3165 2984 3218 in
3036 3169 3332 3239 acceptum
3380 3168 3597 3221 referre
3642 3183 3812 3238 posse

438 3258 770 3328 prtefatione
803 3257 1070 3312 diximus.

509 3351 836 3422 Suspicatur
865 3351 1264 3406 Tillemontius
1295 3351 1587 3406 decretum
1617 3352 1673 3406 in
1706 3354 1904 3408 eodem
1937 3371 2071 3408 con-

439 3444 565 3498 cilio
615 3444 787 3499 fuisse
841 3448 926 3506 ut,
972 3445 1017 3498 si
1063 3461 1176 3516 qua
1218 3445 1457 3500 instaret
1504 3447 1863 3516 persecutio,
1906 3448 2074 3519 lapsis

439 3542 571 3593 ante
615 3539 1010 3610 praescriptum
1062 3544 1289 3611 tempus
1334 3541 1658 3594 communio
1711 3541 1960 3596 daretur.
2008 3544 2072 3596 ln

436 3633 584 3687 hanc
626 3633 784 3687 illum
832 3632 1213 3704 suspicionem
1264 3634 1607 3688 induxerunt
1649 3634 1769 3688 hmc
1805 3635 2072 3706 Cypriani

435 3727 606 3781 verba
633 3743 696 3781 ex
722 3727 886 3797 epist.
921 3730 986 3781 52
1015 3729 1169 3798 (pag.
1201 3731 1289 3796 71)
1320 3744 1332 3781 :
1371 3748 1398 3777 «
1430 3728 1541 3782 Nec
1570 3727 1642 3782 ad
1676 3729 2072 3798 paenitentiam

437 3821 564 3892 quis
595 3838 627 3874 a
659 3820 822 3875 nobis
862 3821 1120 3892 compelli
1150 3827 1351 3892 potest,
1398 3821 1599 3892 inquit,
1638 3821 1685 3875 si
1723 3823 2071 3892 poenitentiae

433 3915 648 3969 fructus
685 3913 1066 3969 subtrahatur.
1103 3915 1160 3969 Si
1193 3913 1452 3985 praelium
1483 3915 1638 3985 prius
1676 3915 1917 3984 venerit,
1947 3933 2068 3970 cor-

433 4008 730 4062 roboratus
761 4025 795 4062 a
821 4008 985 4063 nobis
1027 4008 1350 4062 invenietur
1390 4011 1641 4062 armatus
1683 4009 1751 4062 ad
1786 4009 2064 4080 praelium.

433 4102 488 4158 Si
516 4117 652 4156 vero
681 4107 816 4156 ante
847 4102 1111 4172 praelium
1143 4101 1441 4156 inﬁrmitas
1472 4102 1699 4170 urserit,
1743 4118 1872 4156 cum
1918 4104 2068 4158 sola-

433 4197 511 4250 tio
538 4195 691 4267 pacis
727 4200 784 4249 et
813 4195 1348 4250 communicationis
1379 4195 1650 4250 abscedit.
1687 4217 1715 4246 »
1753 4197 1863 4252 Sed
1904 4197 2071 4268 hujus

431 4288 543 4342 loci
586 4305 654 4343 ea
705 4288 930 4344 videtur
976 4305 1098 4343 esse
1149 4289 1468 4356 sententia,
1521 4305 1682 4360 spem
1737 4291 1892 4361 pacis
1946 4294 2072 4361 post

430 4382 832 4452 paenitentiam
865 4382 1278 4454 consequendae
1321 4382 1380 4436 id
1417 4383 1629 4437 habere
1668 4383 1976 4453 commodi,
2004 4389 2072 4438 ut

431 4475 719 4546 lapsorum
762 4477 988 4530 animos
1032 4477 1219 4547 erigat
1243 4481 1301 4531 et
1327 4476 1402 4531 ad
1443 4477 1629 4530 acrius
1668 4477 2066 4548 pugnandum,

2175 3257 2456 3329 quidquid
2486 3274 2589 3328 pro
2616 3259 2762 3312 veris
2790 3259 3196 3329 pauitantibus
3223 3280 3251 3309 «
3275 3266 3333 3314 et
3358 3259 3629 3331 petierint
3650 3277 3808 3315 mar-

2174 3356 2324 3422 tyres
2365 3357 2421 3406 et
2457 3350 2698 3406 fecerint
2738 3353 3084 3408 sacerdotes.
3115 3371 3143 3402 ι)
3174 3355 3356 3418 Quare
3389 3354 3695 3410 verisimile
3721 3361 3813 3410 est

2175 3445 2482 3516 Mappalico
2523 3446 2785 3517 martyri,
2814 3446 2913 3518 qui
2945 3450 3188 3502 matrem
3229 3463 3393 3502 suam
3431 3452 3622 3520 atque,
3656 3455 3718 3503 ut
3746 3449 3809 3503 in

2174 3539 2470 3593 nonnullis
2523 3539 2867 3594 editionibus
2913 3540 3150 3612 legitur,
3199 3558 3454 3597 sororem
3500 3543 3812 3598 domestica

2174 3633 2382 3704 pietate
2409 3638 2738 3688 commotus
2771 3635 3292 3704 commendaverat,
3322 3636 3538 3707 aliquid
3568 3653 3804 3692 conces-

2175 3743 2298 3780 sum
2335 3726 2529 3796 fuisse,
2557 3732 2614 3781 et
2641 3714 2762 3781 aliis
2788 3729 2955 3782 etiam
2989 3728 3087 3799 qui
3115 3729 3426 3784 Lucianum
3455 3729 3656 3784 imitati
3685 3747 3806 3785 non

2173 3817 2419 3884 fuerant,
2461 3816 2580 3883 sed,
2625 3820 2686 3870 ut
2727 3817 2985 3888 praecipit
3023 3819 3336 3889 Cyprianus
3364 3819 3527 3889 epist.
3562 3823 3648 3886 ll,
3677 3820 3807 3875 dilio

2176 3913 2380 3982 genter
2426 3910 2790 3981 inspexerant
2823 3931 2851 3960 «
2883 3915 2940 3966 et
2983 3916 3174 3967 actum
3214 3916 3270 3968 et
3311 3929 3484 3984 Opera
3514 3919 3572 3968 et
3601 3915 3808 3969 merita

2174 4004 2560 4075 singulorum,
2591 4005 2846 4076 ipsorum
2874 4021 3106 4077 quoque
3138 4005 3474 4061 delictorum
3506 4023 3721 4077 genera
3749 4013 3810 4063 et

2173 4098 2498 4170 qualitates,
2528 4120 2555 4149 »
2589 4105 2644 4153 et
2670 4115 2812 4170 quos
2840 4099 2947 4172 ipsi
2967 4106 3260 4170 noverant,
3295 4121 3323 4150 ‹‹
3356 4117 3598 4172 quorum
3627 4102 3808 4172 paeni-

2174 4193 2413 4246 tentiam
2448 4193 2813 4248 satisfactioni
2842 4193 3162 4264 proximam
3182 4215 3210 4244 ››
3231 4195 3675 4266 conspiciebant,
3703 4212 3807 4252 eos

2172 4287 2512 4341 nominatim
2540 4286 2736 4342 libello
2763 4287 3225 4358 designaverant.

2170 4401 2293 4454 XIX.
2328 4431 2396 4439 —-
2424 4401 2724 4455 Prudentia
2770 4403 2947 4455 sancti
2991 4401 3259 4471 Cypriani
3301 4403 3358 4455 in
3403 4403 3806 4472 comprimendo

2240 4481 2519 4535 schismate
2543 4483 2860 4544 Novatiani,
2892 4487 2942 4537 et
2986 4482 3347 4549 conﬁrmando
3388 4484 3694 4552 episcopatu
3738 4485 3802 4540 S.

430 4569 477 4623 si
516 4583 631 4640 qua
676 4568 912 4624 redierit
952 4570 1172 4624 occasio
1213 4570 1557 4636 corroboret,
1599 4570 1750 4641 quia,
1793 4575 1858 4624 ut
1896 4568 2147 4642 pauloD
2242 4561 2492 4616 Cornelii.

429 4667 561 4717 ante
591 4662 814 4717 dixerat
849 4663 1184 4734 Cyprianus,
1219 4684 1245 4712 «
1274 4663 1348 4718 ad
1380 4663 1548 4718 ﬁdem
1595 4667 1650 4717 et
1687 4663 1956 4718 virtutem
1994 4664 2065 4718 de

427 4756 764 4828 poenitentia
797 4757 968 4812 robur
993 4763 1280 4826 armatur;
1310 4757 1462 4829 quod
1495 4757 1704 4812 armari
1741 4773 1856 4812 non
1900 4761 2064 4828 pote-

427 4852 504 4905 rit
530 4851 574 4904 si
605 4851 729 4922 quis
758 4851 1161 4922 desperatione
1190 4851 1435 4916 deficiat,
1468 4851 1513 4904 si
1543 4851 1611 4904 ab
1638 4851 1882 4906 Ecclesia
1925 4851 2065 4906 dure

428 4949 484 4999 et
535 4945 845 5000 crudeliter
905 4951 1240 5016 segregatus
1298 4945 1365 4999 ad
1427 4945 1665 5016 gentiles
1721 4961 1780 4998 se
1838 4945 1958 4998 vias
2011 4951 2068 5000 et

427 5038 716 5093 sazcularia
769 5055 946 5109 opera
1000 5043 1321 5101 convertat,
1382 5042 1470 5092 vel
1524 5039 1597 5093 ad
1652 5039 1950 5094 hazreticos
2009 5046 2066 5093 et

425 5131 813 5186 schismaticos
863 5131 1100 5201 rejectus
1147 5131 1217 5184 ab
1261 5131 1510 5186 Ecclesia
1553 5137 1826 5186 transeat.
1859 5153 1884 5181 »
1913 5135 2060 5188 Prae-

425 5232 604 5294 terea,
633 5225 679 5280 si
708 5225 1000 5280 decretum
1039 5224 1095 5278 in
1133 5224 1241 5280 hoc
1285 5225 1522 5279 concilio
1561 5225 1757 5280 fuisset
1789 5229 1850 5280 ut
1891 5227 2064 5297 lapsis

423 5326 669 5390 urgente
717 5318 1113 5390 persecutione
1161 5319 1490 5373 communio
1537 5319 1796 5385 daretur,
1841 5336 1952 5373 non
2007 5319 2059 5373 id

425 5413 749 5468 amisissent
789 5412 1102 5484 Cyprianus
1140 5414 1194 5466 et
1231 5412 1326 5466 alii
1371 5412 1622 5483 episcopi
1664 5413 1719 5466 in
1764 5413 1928 5484 epist.
1971 5414 2058 5482 54,

419 5506 478 5561 in
519 5523 631 5578 qua
673 5506 822 5577 quod
866 5506 1239 5560 decreverant
1289 5505 1360 5560 de
1412 5506 1584 5577 lapsis
1636 5505 1706 5560 ob
1751 5506 2060 5561 instantem

422 5600 875 5672 persecutionem
903 5599 961 5654 in
989 5600 1298 5655 Ecclesiam
1325 5599 1675 5671 colligendis,
1702 5599 1762 5654 id
1790 5600 2060 5656 Cornelio

419 5693 734 5765 approbare
779 5710 893 5748 non
934 5697 1216 5748 conantur
1262 5711 1327 5750 ex
1371 5693 1591 5748 concilii
1630 5693 1837 5766 prioris
1874 5697 2060 5748 aucto-

420 5789 603 5858 ritate,
637 5788 733 5842 sed
770 5809 795 5836 «
828 5788 1040 5861 Spiritu
1083 5794 1277 5843 sancto
1315 5792 1657 5860 suggerente
1692 5812 1718 5838 ››
1752 5788 1830 5842 ita
1863 5803 1923 5841 se
1955 5791 2062 5842 sta-

421 5882 594 5938 tuisse
639 5883 944 5940 declarant.
984 5884 1258 5940 Memorat
1297 5883 1611 5956 Cyprianus
1653 5883 1712 5937 in
1757 5881 1921 5954 epist.
1972 5885 2057 5953 55,

2241 4662 2514 4717 Defuncto
2569 4663 2913 4734 gravissimis
2971 4663 3250 4718 molestiis
3301 4663 3599 4735 Cypriane,
3654 4682 3811 4736 quas

2170 4756 2224 4811 ei
2264 4757 2670 4811 nonnullorum
2703 4761 3018 4826 martyrum
3063 4757 3452 4829 intemperans
3489 4758 3805 4823 indulgen-

2171 4851 2244 4904 tia
2277 4856 2332 4904 et
2359 4849 2539 4921 impia
2569 4848 3060 4905 schismaticorum
3090 4851 3379 4906 temeritas
3401 4852 3808 4922 exhibuerant,

2166 4960 2324 4998 nova:
2355 4943 2712 4998 difﬁcultates
2745 4949 3221 5015 supervenerunt,
3253 4951 3450 5000 exorta
3476 4947 3665 5001 Romae
3691 4948 3816 5003 dis-

2167 5037 2449 5104 scnsione,
2478 5053 2542 5091 ac
2569 5037 2864 5092 Novatiani
2894 5037 3090 5091 haeresi
3121 5038 3339 5092 aditum
3384 5039 3445 5094 in
3486 5041 3666 5095 varias
3705 5058 3808 5097 ec-

2165 5130 2359 5185 clesias
2386 5133 2665 5185 tentante.
2705 5133 2836 5185 Post
2880 5131 3208 5201 Fabianum,
3243 5133 3339 5202 qui
3369 5133 3459 5187 die
3491 5137 3559 5189 20
3587 5136 3808 5190 Janua-

2167 5224 2254 5287 rii,
2298 5240 2450 5279 anno
2499 5227 2622 5292 250,
2669 5231 2884 5295 martyr
2923 5224 3062 5278 obiit
3100 5226 3364 5297 episcopo
3405 5231 3664 5282 caruerat
3695 5230 3804 5284 Ec-

2165 5317 2331 5371 clesia
2363 5318 2640 5386 Romana,
2667 5333 2775 5372 nec
2801 5318 3041 5388 pastoris
3070 5319 3316 5390 eligendi
3345 5321 3530 5375 locum
3559 5321 3811 5393 relique—

2165 5417 2253 5466 rat
2285 5410 2437 5466 Decii
2466 5411 2792 5465 crudelitas.
2823 5411 2933 5467 Sed
2960 5413 3213 5480 tandem,
3252 5419 3493 5484 tyranno
3539 5415 3808 5485 absente,

2163 5504 2409 5575 imperio
2452 5505 2510 5559 in
2537 5503 2681 5558 urbe
2719 5505 2864 5560 Iulio
2911 5505 3126 5561 Valenti
3163 5506 3368 5574 delato,
3401 5524 3531 5563 cum
3570 5515 3810 5580 tempus

2163 5597 2690 5653 commodissimum
2734 5598 2988 5654 oblatum
3039 5605 3204 5668 esset,
3255 5601 3467 5656 electus
3521 5606 3604 5657 est
3645 5623 3676 5651 «
3723 5603 3806 5660 de

2161 5691 2490 5746 clericorum
2521 5708 2666 5763 pene
2693 5692 2949 5748 omnium
2975 5695 3329 5765 testimonio,
3357 5695 3428 5750 de
3450 5695 3628 5766 plebis
3661 5713 3804 5768 quas

2161 5789 2294 5839 tunc
2333 5786 2514 5856 adfuit
2543 5787 2814 5857 sutfragio
2847 5793 2901 5842 et
2930 5788 2998 5842 de
3037 5789 3396 5855 sacerdotum
3426 5791 3802 5862 antiquorum

2163 5885 2220 5935 et
2245 5880 2526 5936 bonorum
2568 5880 2821 5937 virorum
2853 5881 3107 5954 collegio,
3156 5906 3183 5934 ››
3228 5883 3285 5939 8.
3321 5883 3634 5955 Cornelius,
3680 5885 3801 5940 vir-
