4084 6208
256 281 333 335 ηδ
1569 277 1723 333 VITA
1761 278 1815 331 S.
1856 274 2197 330 CYPRIANI.

3480 270 3576 324 1‘26

250 407 377 463 omni
415 405 585 459 laude
611 405 952 473 cumulatus,
982 406 1052 461 de
1080 422 1194 477 quo
1225 411 1438 478 quanta
1458 406 1671 478 judicia
1702 407 1845 460 fece-
1869 414 1924 486 Α
1950 408 2075 457 rent
2104 400 2349 455 ﬁrmiter
2380 416 2442 455 ac
2489 402 2748 454 tenerent
2798 421 2824 445 δν
2873 398 3058 469 (epist.
3088 398 3196 467 41).
3230 396 3356 450 Haec
3387 400 3574 450 autem

251 504 310 556 rit
342 500 641 571 Cyprianus
675 515 742 554 ex
774 500 1033 570 pluribus
1076 500 1222 554 illius
1271 501 1524 571 epistolis
1572 500 1842 572 perspici-

248 604 337 659 tur,
358 594 660 665 praesertim
685 609 752 646 ex
782 594 942 664 epist.
976 598 1061 647 52.
1084 596 1309 650 Constat
1326 596 1473 648 hanc
1503 595 1839 648 electionem

249 692 422 743 factam
451 688 626 741 fuisse
652 691 777 758 post
804 688 1014 741 Pascha
1044 687 1091 759 1
1109 687 1237 760 24
1266 689 1433 759 hujus
1460 689 1594 741 anui
1619 692 1745 755 25l,
1777 688 1845 740 si-

252 782 455 853 quidem
483 782 816 852 Cyprianus,
838 782 934 852 qui
954 782 1387 852 Carthaginem,
1412 782 1618 852 elapsis
1645 782 1845 836 diebus

249 876 405 943 festis,
450 875 652 941 rediit,
692 876 996 929 concilium
1026 876 1269 930 habebat
1301 892 1427 929 cum
1460 875 1688 945 collegis
1716 890 1843 929 cum

244 970 390 1039 hujus
419 968 707 1021 electionis
731 970 966 1023 nuntius
1000 970 1205 1023 allatus
1248 973 1349 1024 est.
1398 970 1717 1032 Quinetiam
1751 986 1841 1022 us-

247 1080 335 1133 que
358 1061 424 1115 ad
454 1062 607 1115 diem
632 1064 1065 1133 quartumjunii
1096 1064 1298 1117 electio
1330 1063 1639 1117 differenda
1666 1068 1768 1131 est,
1800 1063 1846 1115 si

245 1156 503 1210 Pearsonii
551 1157 909 1225 conjecturas
966 1173 1309 1227 sequamur,
1356 1174 1480 1228 quas
1532 1157 1846 1227 probabiles

244 1250 577 1303 Tillemontio
620 1250 752 1303 visae
784 1255 935 1303 sunt.
960 1251 1127 1317 Nam,
1158 1266 1286 1304 cum
1318 1266 1381 1304 ex
1412 1250 1629 1304 duobus
1662 1251 1844 1321 ponti-

246 1343 475 1397 timlibus
501 1386 513 1409 ,
544 1344 691 1397 alter
711 1360 744 1396 a
790 1344 1067 1399 Bucherio
1100 1346 1498 1415 promulgatus
1526 1344 1844 1398 Cornelium

246 1438 366 1491 duos
390 1454 587 1505 annos,
617 1444 730 1491 tres
749 1453 972 1491 menses
996 1441 1052 1492 et
1071 1439 1265 1492 decem
1295 1439 1415 1493 dies
1443 1438 1655 1491 sedisse
1677 1438 1845 1506 dicat,

246 1531 368 1585 alter
390 1548 420 1584 a
446 1531 711 1585 Bollando
736 1530 921 1585 editus
932 1547 1113 1585 unum
1133 1532 1447 1587 S.Pontitici
1465 1532 1850 1594 annum,duos

247 1641 444 1678 menses
474 1631 529 1678 et
559 1632 673 1678 tres
702 1624 824 1679 dies
868 1625 1160 1692 attribuat,
1194 1626 1551 1693 Pearsonius,
1594 1642 1657 1680 ex
1689 1628 1844 1679 ntro—

1945 514 1977 549 a
2006 496 2286 566 Cypriane
2314 510 2376 548 ea
2422 500 2612 547 mente
2646 494 2877 564 ejusque
2919 492 3154 562 collegis
3184 490 3401 561 provisa
3434 506 3572 557 esse,

1943 596 2007 644 ut
2031 589 2273 646 Cornelii
2308 588 2638 643 electionem
2666 587 3003 653 stabilirent,
3034 601 3148 639 non
3174 585 3326 655 quod
3355 599 3483 637 eam
3514 584 3574 637 in

1945 683 2329 754 suspicionem
2356 685 2625 734 vocarent
2648 698 2661 745 ;
2683 680 2810 733 inde
2839 680 3005 733 etiam
3030 678 3391 749 perspicitur,
3424 676 3573 746 quod

1946 776 2261 848 Cyprianus
2297 796 2319 826 α
2372 774 2613 843 singulis
2648 773 3069 842 navigantibus,
3116 788 3185 825 ne
3219 786 3347 823 cum
3384 768 3571 841 125

1945 869 2215 924 seandalo
2248 869 2361 922 ullo
2392 868 2731 936 navigarent
2758 867 3035 919 rationem
3065 864 3363 931 reddebat,
3396 885 3421 912 ››
3458 880 3577 917 eos-

1947 980 2058 1034 que
2107 962 2441 1016 hortabatur
2474 983 2500 1009 ‹‹
2534 965 2597 1013 ut
2626 960 2877 1013 Ecclesiae
2911 958 3197 1012 catholica:
3228 956 3483 1010 radicem
3513 973 3576 1011 ac

1948 1058 2243 1111 matricem
2278 1060 2652 1125 agnoscerent
2692 1070 2754 1106 ac
2800 1054 3080 1117 tenerent,
3114 1072 3141 1100 »
3194 1051 3249 1104 id
3297 1056 3413 1112 est,
3448 1043 3576 1103 cum

1946 1151 2204 1207 Cornelio
2220 1148 2728 1203 communicarent.
2753 1147 2854 1201 Sed
2878 1150 3072 1199 tamen
3097 1145 3298 1199 littera:
3328 1144 3398 1197 ad
3428 1158 3582 1213 pres-

1946 1244 2173 1315 byteros
2206 1249 2261 1297 et
2287 1243 2582 1309 diaconos,
2628 1258 2737 1293 non
2768 1240 2836 1293 ad
2873 1239 3203 1295 Cornelium
3247 1236 3579 1307 dirigeban-

1947 1343 2069 1403 tur;
2088 1341 2145 1391 et
2165 1353 2293 1390 cum
2313 1336 2624 1406 Cyprianus
2638 1351 2703 1387 ac
2736 1332 2985 1388 Cerealis
3018 1332 3425 1386 Hadrumetum
3450 1334 3579 1383 ante

1948 1430 2201 1486 reditum
2232 1431 2550 1500 legatorum
2572 1428 2881 1492 venissent,
2912 1443 2975 1479 ac
2992 1425 3357 1497 presbyteros
3383 1427 3440 1477 et
3470 1422 3582 1476 dia~

1948 1542 2116 1579 conos
2162 1524 2308 1577 illius
2352 1523 2625 1589 civitatis,
2674 1521 2908 1575 absente
2941 1520 3248 1589 Polycarpo
3291 1517 3578 1588 episcopo,

1950 1618 2271 1673 docuissent
2310 1616 2451 1687 quid
2492 1616 2552 1669 in
2587 1614 2825 1669 concilio
2872 1614 3164 1667 decretum
3192 1612 3428 1679 fuisset;
3472 1609 3581 1680 ipsi

247 1734 339 1788 que
381 1735 693 1789 excerpens
736 1735 864 1789 quas
902 1719 1201 1773 convenire
1247 1718 1362 1773 visa
1408 1724 1573 1787 sunt,
1620 1724 1675 1773 et
1722 1735 1909 1789 qiue_
1952 1727 2178 1783 quoque
2208 1712 2359 1781 quod
2390 1712 2448 1763 et
2471 1710 2661 1763 casteri
2704 1709 3006 1762 observare
3039 1711 3348 1776 coeperunt,
3397 1708 3451 1757 el
3481 1703 3576 1757 lit-

242 1812 407 1866 minus
455 1812 813 1883 quadrabant
861 1813 1191 1880 emendans,
1260 1814 1587 1868 Cornelium
1638 1813 1848 1867 sedisse
1873 1786 1926 1857 Β
1952 1809 2098 1859 teras
2128 1803 2473 1875 presbyteris
2493 1806 2549 1857 et
2565 1801 2818 1855 diaconis
2844 1801 3116 1855 Romanis
3143 1798 3577 1868 inscripserunt,

240 1923 430 1960 annum
459 1923 662 1973 unum,
694 1912 808 1960 tres
834 1923 1056 1961 menses
1079 1913 1133 1961 et
1164 1907 1363 1961 decem
1394 1907 1513 1961 dies
1544 1907 1847 1972 existimat,

241 2000 407 2071 sicque
454 2001 799 2055 electionem
851 2001 1026 2055 refert
1069 2001 1139 2055 ad
1184 2002 1337 2056 diem
1393 2006 1661 2072 quartum
1702 2001 1851 2071 junii

240 2096 344 2161 251,
372 2100 431 2147 ut
463 2110 591 2149 eam
624 2110 752 2148 cum
796 2094 971 2165 ipsius
997 2099 1185 2149 morte
1226 2094 1501 2161 conciliet,
1538 2111 1710 2166 quam
1740 2094 1847 2149 ldi-

240 2187 327 2241 bus
352 2188 703 2258 Septembris
726 2205 880 2242 anno
908 2191 1012 2243 252
1042 2188 1348 2259 contigisse
1371 2188 1567 2243 multis
1595 2189 1849 2260 magnis-

238 2297 330 2352 que
356 2281 584 2335 indiciis
609 2285 787 2353 patet.

297 2377 559 2443 Novatus,
586 2375 681 2446 qui
701 2382 756 2429 in
774 2375 959 2431 Africa
982 2396 1009 2425 ‹‹
1029 2376 1280 2446 primum
1299 2375 1596 2431 discordia:
1612 2382 1667 2430 et
1683 2376 1853 2429 schis-

239 2469 385 2523 matis
412 2469 752 2524 incendium
776 2469 1174 2535 seminaverat,
1200 2491 1227 2518 »
1260 2476 1318 2522 ut
1346 2469 1425 2523 ait
1443 2470 1761 2541 Cyprianus
1792 2470 1849 2523 in

238 2564 386 2633 epist.
418 2566 509 2631 49,
548 2583 576 2614 α
623 2564 861 2618 Romam
889 2580 1117 2635 quoque
1157 2563 1228 2617 ad
1259 2564 1624 2617 evertendam
1662 2564 1848 2618 Eccle-

238 2657 361 2709 siam
386 2657 689 2727 navigans,
737 2657 943 2711 similia
986 2657 1097 2711 illic
1143 2664 1201 2710 et
1243 2657 1398 2727 paria
1424 2658 1654 2711 molitus
1680 2664 1781 2712 est.
1820 2680 1846 2707 ››

236 2751 385 2804 Dedit
410 2767 470 2805 se
512 2752 840 2819 Novatiano,
886 2751 1051 2822 eique
1099 2767 1228 2804 suas
1271 2754 1419 2806 artes
1451 2756 1507 2805 et
1543 2751 1852 2805 fecundum

234 2843 516 2913 ingenium
548 2844 775 2899 dicavit.
809 2846 1171 2913 Novatianus,
1207 2844 1313 2899 hoc
1357 2844 1693 2899 administro
1716 2862 1848 2899 con-

231 2937 371 3004 ﬁsus,
424 2938 691 3008 quinque
733 2938 1115 3009 presbyteros,
1172 2939 1473 2992 nonnullos
1500 2938 1851 2993 confessores

232 3046 285 3081 ac
308 3037 526 3100 partem
560 3031 740 3101 plebis
780 3032 851 3085 ad
876 3048 1011 3085 usus
1039 3048 1171 3085 suos
1200 3032 1481 3102 adjunxit,
1530 3048 1593 3085 ac
1629 3034 1848 3087 Corne-

229 3123 282 3176 lii
336 3125 661 3179 intercessit
716 3124 1012 3191 electioni,
1084 3125 1251 3179 variis
1301 3126 1461 3179 illum
1519 3125 1926 3225 criminibusC

233 3231 507 3283 accusans,
561 3216 619 3270 in
655 3217 744 3271 his
794 3218 946 3288 quod
991 3217 1179 3273 libello
1223 3235 1345 3273 sese
1384 3219 1846 3273 contaminasset.

230 3309 355 3363 Cum
407 3316 663 3381 utraque
706 3328 837 3381 pars
886 3311 1201 3381 scripsisset
1232 3313 1289 3365 in
1318 3312 1585 3377 Africam,
1656 3313 1846 3383 ypria-

230 3418 322 3456 nus
350 3410 407 3458 et
450 3404 691 3474 plurimi
734 3405 829 3458 alii
861 3405 1107 3476 episcopi
1152 3405 1247 3477 qui
1296 3405 1367 3459 ad
1396 3421 1528 3459 eum
1554 3412 1845 3473 venerant,

228 3513 335 3551 rem
368 3500 514 3551 tanti
548 3499 830 3552 momenti
862 3498 1014 3552 omni
1045 3499 1225 3553 animi
1253 3499 1569 3569 provisione
1597 3505 1846 3554 tractan-

230 3589 342 3644 dam
392 3592 832 3646 intellexerunt.
886 3593 1073 3663 [taque
1117 3593 1437 3663 Cyprianus
1490 3594 1758 3663 praecepit
1792 3598 1851 3647 ut

226 3683 361 3738 clero
392 3689 447 3738 et
474 3685 631 3755 plebi
660 3686 986 3756 legerentur
1012 3687 1216 3740 litterae
1244 3686 1492 3740 Cornelii
1519 3708 1545 3737 (ι
1568 3703 1694 3757 qua:
1723 3688 1849 3740 reli-

227 3776 432 3845 giosam
484 3778 909 3849 simplicitatem
955 3779 1239 3833 sonabant
1291 3800 1316 3830 »
1360 3780 1622 3850 illiusque
1683 3782 1850 3850 «epi-

225 3874 473 3936 sc0patus
496 3867 915 3921 ordinationem
961 3867 1314 3937 singulorum
1356 3869 1588 3923 auribus
1614 3869 1846 3922 intima-

225 3959 325 4025 vit;
373 3981 401 4010 ι)
448 3977 585 4031 qua:
638 3978 772 4015 vero
822 3978 890 4015 ex
940 3961 1155 4015 diverso
1204 3962 1467 4016 adversus
1515 3963 1846 4018 Cornelium

225 4051 450 4124 ejusque
476 4053 838 4124 presbyteros
865 4054 924 4107 in
952 4054 1159 4109 librum
1180 4055 1591 4125 Carthaginem
1614 4078 1639 4104 ‹‹
1668 4061 1849 4110 trans-

225 4146 449 4201 missum
491 4152 769 4219 congesta
808 4148 1038 4203 fuerant
1076 4149 1535 4204 acerbationibus
1581 4150 1844 4205 crimino-

222 4238 303 4303 sis,
336 4264 361 4287 »ι
395 4258 467 4294 ea
499 4240 734 4312 penitus
773 4241 989 4312 respuit
1022 4242 1187 4312 epist.
1218 4243 1318 4311 42;
1356 4243 1450 4297 sed
1498 4249 1691 4298 tamen
1720 4262 1847 4298 cum

224 4328 493 4400 episcopis
522 4330 916 4399 compluribus
966 4331 1065 4401 qui
1111 4330 1170 4386 in
1224 4348 1402 4386 unum
1443 4336 1846 4399 convenerant,

222 4424 407 4476 statuit
454 4428 520 4477 ut
555 4423 817 4493 «legatis
863 4424 1205 4495 coepiscopis
1244 4424 1520 4480 Caldonio
1561 4431 1618 4480 et
1648 4427 1845 4480 Fortu-

1951 1898 2207 1971 quamvis
2252 1900 2419 1951 antea
2462 1897 2529 1950 ad
2565 1896 2751 1966 ipsum
2780 1893 3107 1949 Cornelium
3150 1890 3440 1963 Polycarpi
3475 1905 3578 1943 no-

1951 1994 2106 2047 mine
2130 1992 2332 2046 littera!
2352 1991 2742 2061 dirigerentur
2770 1988 2981 2059 (Ibid.).

2022 2090 2340 2156 Antequam
2364 2084 2619 2139 redirent
2646 2083 2841 2153 legati,
2866 2086 3143 2135 venerunt
3172 2079 3579 2148 Carthaginem

1952 2180 2105 2233 missi
2136 2196 2167 2231 a
2207 2178 2519 2233 Novatiano
2548 2176 2821 2231 Maximus
2853 2174 3148 2245 presbyter
3178 2178 3233 2227 et
3273 2172 3581 2242 Augendus

1953 2274 2245 2339 diaconus,
2275 2276 2332 2326 et
2351 2271 2629 2327 Machams
2649 2269 2880 2341 quidam
2907 2272 2964 2321 et
2983 2267 3270 2339 Longinus
3294 2283 3307 2319 :
3338 2282 3581 2336 cumque

1953 2382 2019 2421 ex
2039 2367 2243 2421 litteris
2265 2382 2406 2438 quas
2424 2380 2614 2418 secum
2631 2363 2915 2428 ferebant,
2937 2366 2995 2416 et
3010 2378 3075 2415 ex
3097 2376 3295 2415 eorum
3315 2374 3580 2414 sermone

1952 2466 2122 2531 atque
2156 2459 2567 2513 asseveratione
2597 2456 2973 2511 Novatianum
3003 2455 3332 2524 episcopum
3363 2453 3577 2507 factum

1951 2554 2264 2625 Cyprianus
2285 2554 2519 2623 ejusque
2545 2552 2780 2621 collegas
2807 2549 3236 2619 comperissent,
3266 2564 3297 2600 a
3326 2562 3581 2601 commu-

1954 2648 2123 2703 nione
2151 2664 2247 2702 eos
2272 2647 2465 2700 statim
2492 2644 2838 2700 cohibendos
2875 2659 2994 2697 esse
3032 2647 3392 2709 censuerunt,
3425 2641 3577 2695 refu-

1952 2747 2080 2801 tatis
2108 2746 2339 2799 interim
2367 2761 2429 2797 ac
2447 2743 2650 2797 retusis
2669 2759 2795 2814 qua:
2821 2741 3103 2797 obstinate
3131 2756 3195 2794 ac
3217 2740 3581 2811 pertinaciter

1950 2856 2201 2894 asserere
2234 2838 2550 2892 tentabant.

2021 2936 2327 3003 Postquam
2358 2932 2569 2985 reversi
2595 2934 2729 2985 sunt
2754 2929 2925 3001 legati
2970 2945 3100 2983 cum
3130 2927 3330 2982 litteris
3360 2925 3576 2995 episco-

1950 3043 2159 3099 porum
2190 3026 2285 3096 qui
2312 3025 2655 3079 ordinationi
2677 3024 2920 3080 Cornelii
2952 3022 3349 3087 interfuerant,
3379 3033 3574 3089 super-

1950 3123 2231 3175 venerunt
2258 3122 2436 3174 Roma
2462 3119 2571 3172 duo
2591 3118 2687 3172 alii
2708 3117 2955 3188 episc0pi
2983 3115 3247 3179 Africani,
3281 3112 3579 3183 Pompeius

1952 3220 2008 3268 et
2035 3214 2376 3283 Stephanus,
2406 3213 2526 3283 qui,
2560 3228 2690 3265 cum
2719 3216 2902 3265 totam
2935 3226 3052 3263 rem
3079 3208 3254 3263 oculis
3276 3207 3389 3260 suis
3417 3205 3578 3260 vidis-

1950 3312 2094 3375 sent,
2131 3329 2158 3355 (ι
2192 3306 2298 3377 ipsi
2329 3322 2555 3377 quoque
2584 3305 2651 3359 ad
2686 3304 3050 3358 instruendus
3082 3302 3399 3372 (episcopos
3427 3298 3576 3353 Afri-

1949 3400 2139 3469 canos)
2193 3400 2499 3453 manifesta
2555 3398 2868 3453 secundum
2908 3398 3247 3467 gravitatem
3298 3411 3362 3448 ac
3408 3393 3579 3447 ﬁdem

1950 3512 2112 3549 suam
2144 3494 2350 3547 indicia
2377 3510 2440 3547 ac
2462 3492 2783 3547 testimonia
2810 3492 3174 3561 protulerunt
3194 3489 3381 3559 (epist.
3412 3486 3522 3557 41).
3548 3507 3574 3534 ››

1951 3589 2095 3642 Duos
2122 3587 2244 3641 illos
2275 3587 2561 3658 episcopos
2603 3587 2836 3640 Romam
2873 3585 3072 3637 missos
3106 3583 3270 3637 fuisse
3297 3581 3582 3635 existimat

1951 3680 2302 3748 l’earsonius,
2324 3684 2387 3734 ut
2402 3680 2669 3739 electioni
2691 3679 2941 3748 episcOpi
2962 3676 3576 3742 Romaniinteressent;

1949 3775 2070 3842 sed,
2089 3780 2151 3828 ut
2170 3775 2431 3828 observat
2450 3772 2865 3838 Tillemontius,
2887 3776 3270 3841 praeterquam
3290 3768 3439 3840 quod
3458 3767 3581 3822 nul-

1948 3870 2068 3923 lum
2090 3874 2271 3922 exstat
2300 3867 2629 3939 exemplum
2664 3865 2943 3936 ejusmodi
2972 3865 3349 3935 legationum,
3380 3878 3482 3916 nec
3511 3861 3579 3915 de

1950 3962 2141 4017 futura
2161 3961 2435 4015 electione
2462 3960 2707 4014 Africani
2732 3959 3043 4030 quidquam
3071 3958 3333 4011 videntur
3360 3971 3578 4026 cogno-

1948 4056 2123 4122 visse,
2155 4058 2303 4108 certe
2340 4055 2385 4107 si
2424 4053 2600 4123 legati
2632 4054 2877 4107 Romam
2909 4052 2977 4106 ad
3019 4052 3125 4105 hoc
3172 4067 3381 4104 munus
3424 4049 3580 4103 missi

1949 4148 2206 4217 fuissent,
2238 4164 2467 4201 necesse
2491 4163 2606 4201 non
2634 4146 2830 4200 fuisset
2857 4145 3193 4201 Caldonium
3222 4149 3281 4198 et
3305 4144 3583 4198 Fortuna-

1950 4248 2072 4296 tum
2111 4248 2307 4313 postea
2349 4241 2595 4307 mittere,
2638 4240 2735 4294 sed
2764 4238 3120 4293 commodius
3160 4239 3342 4292 multo
3386 4236 3582 4290 fuisset

1952 4337 2213 4402 istorum,
2246 4334 2341 4406 qui
2380 4338 2553 4389 totam
2598 4350 2720 4387 rem
2763 4332 2936 4388 oculis
2969 4333 3081 4386 suis
3112 4333 3576 4402 erploraverant,

1950 4426 2209 4481 reditum
2229 4428 2571 4495 exspectare.
2598 4426 2704 4477 Hos
2753 4426 2941 4479 tamen
2968 4421 3272 4477 Caldonius
3298 4424 3354 4477 et
3375 4422 3577 4475 Fortu-

220 4519 343 4570 nato
376 4517 625 4571 Romam
655 4516 857 4584 missis,
891 4518 1083 4573 omnia
1105 4517 1338 4572 interim
1370 4518 1594 4589 integra
1618 4535 1850 4590 suspen-
1872 4524 1929 4596 D
1952 4526 2116 4575 natus
2159 4524 2530 4589 occuparunt.
2575 4517 2729 4571 Adeo
2770 4533 2965 4571 verum
3006 4520 3091 4571 est
3128 4532 3243 4571 non
3281 4535 3313 4571 a
3351 4514 3579 4585 collegis

222 4606 464 4676 dv‘retur,
489 4611 677 4665 donec
705 4611 878 4665 iidem
909 4612 1161 4682 collegas,
1195 4612 1360 4666 rebus
1385 4612 1497 4666 illic
1526 4618 1624 4667 aut
1653 4613 1722 4667 ad
1746 4630 1846 4684 pa—

223 4717 334 4755 cem
368 4704 620 4758 redactis
646 4707 746 4757 aut
762 4720 865 4774 pro
894 4705 1125 4760 veritate
1158 4706 1481 4776 compertis,
1511 4706 1783 4760 redirent.
1810 4728 1837 4755 ››

223 4794 335 4850 Non
377 4797 737 4869 ignorabant
780 4799 1029 4869 episcopi
1073 4799 1320 4853 Africani
1368 4798 1501 4854 satis
1549 4799 1738 4867 fuisse,
1785 4816 1849 4854 ex

222 4891 387 4942 veteri
420 4907 607 4957 more,
644 4893 705 4944 ut
731 4908 789 4945 se
819 4892 1112 4946 Cornelius
1143 4892 1469 4963 episcopum
1500 4893 1718 4946 factum
1750 4910 1853 4964 per

221 4980 429 5037 litteras
463 4984 764 5038 nuntiaret
789 5001 802 5051 ;
831 4985 950 5052 sed,
982 4989 1045 5039 ut
1069 4986 1219 5040 illius
1248 4985 1587 5040 adversariis
1617 5003 1851 5041 omnem

224 5077 625 5144 perturbandae
656 5078 911 5133 Ecclesia:
934 5096 1166 5135 causam
1190 5080 1611 5151 percluderent,
1638 5080 1853 5134 litteras

224 5170 622 5243 episcoporum
643 5188 675 5227 a
691 5172 896 5242 quibus
915 5172 1209 5228 ordinatus
1232 5174 1413 5228 fuerat
1432 5173 1850 5241 desiderarunt,

224 5272 275 5316 et
314 5267 545 5335 legatos
584 5266 863 5321 miserunt
902 5268 999 5338 qui
1039 5268 1139 5322 has
1187 5267 1404 5322 litteras
1447 5268 1752 5334 referrent,
1799 5275 1855 5323 et

226 5364 385 5412 totam
434 5375 567 5413 rem
611 5360 912 5430 diligenter
954 5362 1310 5430 exploratam
1354 5366 1677 5428 narrarent,
1725 5382 1752 5410 «
1792 5366 1855 5415 ut

222 5458 335 5504 tum
367 5453 632 5519 demum,
663 5455 926 5524 scrupulo
965 5456 1116 5509 omni
1160 5456 1229 5511 de
1269 5456 1624 5526 singulorum
1659 5462 1849 5525 pecto-

227 5545 369 5598 ribus
401 5562 666 5613 excusso,
703 5564 801 5617 per
833 5565 1032 5602 omnes
1064 5550 1299 5603 omnino
1341 5550 1395 5603 in
1428 5550 1612 5603 Africa
1645 5549 1852 5618 positos

230 5639 522 5709 Episcopus
554 5640 756 5693 litterae
783 5643 1001 5707 tierent,
1034 5643 1436 5697 etCornelium
1468 5643 1713 5697 universi
1743 5644 1853 5697 col-

231 5729 382 5803 legzr,
432 5734 705 5804 illiusque
749 5736 1351 5804 communicationem,
1389 5738 1445 5791 id
1497 5740 1582 5792 est
1612 5738 1848 5791 catholi-

234 5840 303 5881 ca:
332 5826 603 5885 Ecclesia:
644 5828 921 5883 unitatem
956 5831 1171 5903 pariter
1198 5835 1255 5887 et
1281 5830 1611 5886 charitat‘em
1646 5831 1846 5903 proba-

1953 4613 2155 4668 missos
2180 4612 2373 4681 fuisse,
2400 4612 2498 4665 sed
2522 4618 2619 4665 aut
2642 4610 3034 4680 persecutione
3061 4610 3326 4664 saeviente
3343 4608 3576 4677 fugisse,

1950 4711 2047 4762 aut
2065 4707 2433 4777 negotiorum
2452 4721 2617 4759 causa
2638 4706 2872 4757 Romam
2895 4704 3173 4772 profectos
3196 4718 3337 4757 esse.
3371 4703 3578 4755 Horum

1950 4801 2284 4856 testimonio
2311 4815 2443 4853 cum
2467 4800 2790 4868 legatorum
2813 4796 3137 4850 narratione
3163 4801 3220 4849 et
3245 4794 3450 4849 litteris
3469 4796 3582 4850 col-

1949 4896 2211 4965 legarum
2237 4891 2488 4948 Cornelii
2508 4889 2915 4957 consentiente,
2950 4890 3027 4943 sic
3051 4890 3121 4943 de
3147 4888 3400 4960 legitima
3420 4888 3579 4943 istius

1952 4988 2311 5043 ordinatione
2344 4985 2493 5056 apud
2518 5001 2715 5038 omnes
2745 4983 3019 5050 constitit,
3054 5006 3081 5033 (ι
3111 4986 3175 5038 ut
3218 4999 3322 5036 nec
3351 4999 3578 5037 necesse

1952 5081 2122 5136 fuerit
2168 5082 2315 5135 ultra
2356 5079 2538 5133 audiri
2584 5095 2682 5133 eos
2727 5078 2825 5148 qui
2867 5094 2898 5131 a
2943 5078 3255 5132 Novatiano
3305 5081 3581 5132 venerant

1953 5176 2109 5229 missi
2139 5196 2166 5224 ››
2191 5172 2403 5245 ([δίά.).

2059 5270 2162 5322 ΧΧ.
2193 5298 2260 5308 ——-
2287 5270 2400 5335 Quo
2431 5273 2662 5336 tempore
2690 5268 2868 5335 erupit
2893 5266 3123 5320 schisma
3150 5268 3470 5323 Novatiuni.

2024 5362 2135 5418 Sed
2165 5378 2277 5416 non
2298 5360 2455 5433 parvi
2477 5360 2708 5414 interest
2736 5358 2806 5412 ad
2826 5375 3017 5412 rerum
3049 5359 3373 5428 aCypriano
3400 5361 3579 5424 gesta-

1952 5472 2079 5509 rum
2110 5455 2393 5517 ordinem,
2417 5470 2526 5524 quo
2557 5458 2813 5524 tempore
2840 5451 3083 5506 schisma
3113 5452 3445 5506 conflaverit
3477 5453 3577 5506 No-

1950 5548 2233 5615 vatianus,
2264 5564 2377 5618 quo
2410 5550 2671 5616 tempore
2702 5545 3122 5599 ordinationem
3151 5544 3461 5615 susceperit
3492 5544 3574 5596 in-

1954 5642 2198 5713 quirere.
2226 5640 2448 5711 Opilldtl
2476 5645 2608 5693 sunt
2636 5639 2886 5691 Valesius
2916 5643 2972 5690 et
3003 5637 3344 5691 Pearsonius
3372 5637 3572 5691 eadem

1954 5734 2274 5790 schismatis
2320 5734 2481 5787 initia
2524 5733 2695 5786 fuisse
2739 5749 2801 5784 ac
2834 5731 2967 5784 anni
3016 5735 3138 5785 251.
3188 5730 3577 5785 Tillemontius

1954 5836 2085 5886 ante
2117 5828 2535 5884 ordinationem
2570 5825 2812 5881 Cornelii
2837 5826 2890 5879 id
2923 5826 3225 5899 contigisse
3244 5827 3429 5896 negat.
3465 5824 3574 5877 Ma~
