4084 6208
418 275 515 356 427

1785 283 1936 337 VITA
1977 284 2030 337 S.
2068 281 2403 337 CYPRIANI.

3672 277 3768 333 128

411 401 511 471 gni
541 405 624 456 est
649 401 922 457 momenti
954 401 1010 455 in
1058 406 1304 474 utraque
1332 404 1617 459 sententia
1647 405 2038 460 testimonium
2062 419 2119 490 Α
2141 421 2252 476 que
2281 402 2642 474 presbyteris,
2671 401 2766 474 qui
2791 418 2848 456 se
2877 401 3091 473 pariter
3119 417 3250 456 cum
3279 401 3376 456 illo
3411 401 3480 455 ab
3510 402 3770 458 Ecclesia:

415 495 665 549 Cornelii
698 495 752 548 in
792 495 1032 565 epistola
1073 497 1142 550 ad
1187 497 1415 550 Fabium
1454 499 1891 567 Antiochenum,
1944 500 2041 552 ubi

415 589 470 642 S.
505 588 760 642 Pontifex
793 591 1031 643 testatur
1060 592 1117 644 S.
1146 593 1370 661 Moysen
1403 594 1730 663 martyrem,
1768 593 1904 646 dum
1939 593 2036 646 ad-

416 681 525 735 huc
544 679 591 752 1
763 683 820 735 in
848 682 985 737 vivis
1009 690 1173 750 esset,
1195 685 1507 740 Novatiano
1529 691 1585 740 et
1612 688 1866 758 quinque
1892 704 2043 757 pres-

416 774 626 844 byteris
653 777 1118 831 communionem
1152 778 1480 849 denegasse.
1515 780 1696 848 Unde,
1731 798 1860 834 cum
1895 781 2044 835 inter

415 871 688 938 utrosque
707 871 1006 926 conveniat
1031 873 1085 926 S.
1111 873 1356 942 Moysem
1379 873 1457 926 sic
1489 875 1673 943 egisse
1705 891 1834 928 eum
1872 877 2041 929 Nova-

416 960 572 1015 tiano
602 963 786 1032 palam
818 968 874 1018 et
899 970 1093 1035 aperte
1116 965 1492 1036 schismatico,
1526 968 1772 1022 Valesius
1800 975 1857 1023 et
1879 971 2039 1024 Pear-

419 1054 614 1109 sonius
640 1059 986 1113 concludunt
1012 1060 1258 1114 schisma
1286 1077 1415 1114 cum
1434 1077 1584 1114 anno
1611 1065 1704 1116 251
1742 1062 2039 1134 incepisse,

419 1150 553 1220 quia
585 1151 642 1205 S.
671 1153 885 1222 Moyses
919 1153 1076 1208 initio
1105 1154 1276 1224 hujus
1301 1155 1433 1209 anni
1453 1156 1510 1209 in
1539 1173 1762 1211 carcere
1787 1157 1946 1223 obiit,
1983 1163 2042 1211 ut

421 1250 506 1297 est
531 1243 588 1298 in
620 1249 836 1300 vetusto
865 1248 1122 1302 Bueherii
1169 1249 1502 1304 Pontificum
1534 1251 1791 1320 catalogo
1825 1269 1836 1304 :
1869 1251 2040 1305 Tille-

420 1344 668 1398 montius
693 1361 847 1412 vero,
878 1363 1005 1401 cum
1044 1351 1196 1401 certo
1229 1354 1423 1402 teneat
1461 1348 1702 1402 schisma
1728 1356 1860 1403 ante
1889 1351 2038 1404 ordi-

421 1438 713 1492 nationem
753 1440 1000 1494 Cornelii
1050 1459 1162 1495 non
1211 1441 1483 1512 erupisse,
1531 1448 1774 1496 mortem
1818 1444 2038 1514 Moysis,

420 1548 591 1602 quem
620 1533 916 1586 Cornelius
945 1551 1133 1606 nuper
1165 1533 1440 1605 martyrio
1482 1537 1842 1606 perfunctum
1872 1538 2043 1592 fuisse

419 1624 571 1692 dicit,
603 1625 659 1678 in
689 1641 944 1680 mensem
990 1629 1364 1683 novembrem
1409 1630 1595 1700 rejicit
1620 1631 1877 1701 ejusdem
1907 1632 2043 1685 anni

421 1721 543 1771 2'51.
579 1719 668 1772 Sic
709 1721 951 1774 mediam
992 1721 1140 1776 inter
1175 1725 1440 1794 utrosque
1485 1723 1630 1777 viam
1660 1725 1837 1791 inibo,
1872 1731 1932 1778 ut
1973 1743 2041 1779 ex

419 1817 660 1883 utraque
701 1815 986 1868 sententia
1013 1815 1230 1885 aliquid
1269 1789 1577 1883 ass—umam,
1608 1789 1831 1889 aliquid
1871 1789 2121 1873 etiamB

422 1905 694 1960 refellam.
727 1909 839 1961 Etsi
869 1909 1020 1962 enim
1041 1909 1280 1962 schisma
1302 1913 1432 1964 ante
1459 1911 1706 1966 Cornelii
1738 1911 2046 1966 ordinatio-

425 2016 555 2052 nem
605 2002 854 2070 erupisse
905 2019 1017 2056 non
1068 2004 1319 2069 credam,
1371 2005 1592 2058 videtur
1631 2012 1820 2060 tamen
1864 2007 2043 2061 multo

425 2097 556 2145 ante
584 2094 816 2148 occultis
849 2096 1234 2150 molitionibus
1260 2098 1634 2152 informatum
1669 2103 1726 2152 et
1756 2116 2040 2170 praepara-

424 2191 567 2253 tum,
597 2189 672 2241 ita
698 2193 761 2242 ut
789 2190 1176 2244 necessitatem
1209 2208 1320 2244 non
1354 2192 1549 2245 afferat
1579 2193 1636 2246 S.
1667 2194 1863 2263 Moysis
1892 2211 2042 2248 mar-

426 2281 553 2350 tyrii
575 2298 703 2336 cum
725 2283 1080 2338 Tillemontio
1107 2285 1428 2354 differendi,
1457 2303 1562 2339 nec
1590 2302 1741 2340 mors
1765 2287 1817 2341 S.
1848 2288 2045 2358 Moysis

427 2373 669 2427 schisma
699 2375 770 2428 ad
802 2376 1026 2430 initium
1067 2378 1198 2430 anni
1234 2381 1356 2444 251,
1396 2395 1522 2432 cum
1560 2380 1770 2433 Valesio
1803 2384 1860 2433 et
1889 2383 2047 2435 Pear-

425 2468 584 2542 sonio
616 2469 826 2523 referre
858 2475 1042 2540 cogat.

495 2565 829 2618 Necessariis
857 2566 1175 2621 rationibus
1211 2574 1429 2639 pugnat
1473 2569 1867 2624 Tillcmontius
1915 2573 2042 2624 nul-

424 2657 542 2711 lum
577 2659 767 2712 Pomm
795 2659 1035 2712 schisma
1067 2667 1195 2715 ante
1224 2662 1473 2717 Cornelii
1500 2663 1915 2717 ordinationem
1946 2683 2039 2718 ex-

425 2752 652 2805 stitisse.
690 2756 744 2806 l°
765 2753 817 2807 S.
848 2754 1124 2808 Pacianus
1152 2757 1319 2827 epist.
1344 2761 1374 2809 2
1399 2758 1514 2826 (pp.
1549 2761 1614 2810 256
1637 2761 1694 2810 et
1721 2759 1809 2827 60)
1838 2764 1896 2811 et
1919 2776 2043 2811 auc-

422 2848 511 2899 tor
537 2845 663 2900 libri
695 2847 766 2900 ad
796 2850 1161 2903 Novatianum
1189 2851 1515 2918 haereticum,
1549 2851 1836 2906 declarant
1866 2853 2042 2906 Nova-

423 2939 638 2993 tianum
669 2947 941 3011 concepta
969 2958 1038 2996 ex
1064 2943 1303 2996 Cornelii
1338 2943 1662 3015 episcopatu
1690 2945 1957 2999 individia
1985 2946 2044 2999 in

425 3032 670 3088 schisma
701 3034 1009 3105 impulsum
1041 3036 1232 3091 fuisse.
1266 3040 1326 3090 2°
1354 3039 1650 3106 Novatum,
1679 3039 1774 3110 qui
1803 3040 2048 3093 schisma

425 3127 769 3198 Carthagine
798 3129 1085 3184 conﬂabat
1116 3147 1312 3184 mense
1343 3132 1548 3186 martio
1590 3139 1686 3185 aut
1732 3134 1929 3187 saltem
1957 3136 2041 3188 te-
2067 3157 2120 3229 Ο

421 3219 673 3288 bruario,
704 3222 1050 3290 perabsurde
1078 3224 1410 3278 Pearsonius
1439 3242 1631 3279 mense
1647 3226 1926 3295 januario,
1954 3229 2048 3281 Va-

423 3312 594 3366 lesius
615 3313 902 3368 februario
915 3316 1154 3369 Romam
1178 3319 1551 3370 transferunt.
1579 3318 1829 3389 Denique
1848 3337 2049 3390 repug-

427 3413 524 3459 nat
573 3412 632 3459 ut
673 3407 920 3462 schisma
967 3410 1162 3463 Romae
1210 3414 1467 3464 exortum
1509 3412 1744 3466 ecclesia
1789 3413 2048 3468 Africana

425 3499 623 3554 tandiu
651 3500 1020 3571 ignoraverit,
1051 3519 1153 3556 nec
1175 3507 1306 3557 ante
1328 3504 1396 3558 ad
1419 3505 1727 3559 sedandam
1755 3506 2049 3560 dissensio-

418 3609 549 3648 nem
577 3594 798 3649 miserit
828 3597 1062 3666 legatos,
1087 3613 1256 3668 quam
1286 3598 1355 3652 de
1377 3599 1616 3655 Cornelii
1640 3600 1911 3654 electione
1933 3618 2048 3655 eer-

423 3688 536 3742 tior
555 3688 700 3743 facta
728 3691 943 3746 fuisset.
975 3691 1208 3746 Difﬁcile
1233 3698 1316 3747 est
1339 3693 1592 3764 profecto
1617 3693 1704 3748 his
1733 3695 2049 3749 rationibus

424 3798 540 3836 non
561 3782 841 3838 assentiri.

498 3878 703 3931 Verum
762 3894 866 3932 nec
917 3877 1274 3934 Tillemontio
1333 3897 1437 3934 nec
1486 3880 1662 3951 ipsius
1715 3881 2049 3936 adversariis

421 3970 570 4024 favet
623 3972 868 4026 Cornelii
937 3973 1365 4041 testimonium,
1432 3974 1528 4028 sed
1592 3975 1781 4045 potius
1848 3976 2050 4046 probat

419 4067 476 4119 S.
505 4065 752 4136 Moysem
772 4066 834 4119 in
861 4067 1170 4120 Novatiano
1200 4085 1311 4121 non
1346 4071 1604 4138 apertum
1651 4069 1918 4135 schisma,
1952 4071 2047 4125 sed

424 4161 672 4214 occultas
698 4161 1150 4216 machinationes
1179 4162 1374 4216 multis
1419 4162 1684 4234 improbe
1715 4163 1880 4217 factis
1909 4180 2045 4217 con-

413 4253 640 4324 junctas
670 4255 1094 4310 condemnasse.
1132 4255 1221 4310 Sic
1253 4256 1508 4326 loquitur
1537 4260 1590 4312 S.
1616 4257 1872 4311 Pontifex
1899 4259 2048 4328 apud

422 4348 626 4401 Euseb.
683 4349 738 4417 (l.
791 4366 874 4415 v1,
930 4366 978 4403 c.
1036 4349 1124 4419 43)
1183 4367 1195 4402 :
1255 4349 1340 4396 ’ον
1395 4350 1475 4397 καὶ
1529 4351 1710 4408 Μωσῆς
1751 4350 1777 4398 ὁ
1825 4351 2052 4414 μακάριος

423 4439 625 4504 μάρτυς,
678 4441 799 4488 πα).’
849 4443 962 4503 ἡμῖν
1015 4443 1214 4506 ἔναγχος
1267 4445 1568 4508 μαρννρὴσας
1619 4445 1767 4508 καρήν
1820 4462 1922 4493 τινα
1969 4447 2050 4493 καὶ

2143 513 2376 568 corpore
2404 498 2770 568 abruperant,
2801 517 2828 547 ι)
2859 497 3042 552 fateor
3063 501 3334 567 negatam
3361 497 3571 566 apertis
3601 497 3773 551 schis-

2145 592 2364 645 maticis
2392 591 2864 645 communionem
2913 589 3173 644 indicari.
3221 589 3331 644 Sed
3375 589 3578 644 Graecae
3608 607 3773 645 voces

2143 685 2220 738 sic
2263 686 2478 756 optime
2522 685 2864 750 redduntur,
2911 704 2936 735 ι(
2983 701 3111 738 cum
3145 683 3399 755 quinque
3430 684 3774 755 presbyteris

2143 780 2239 850 qui
2277 778 2462 851 127
2495 795 2552 832 se
2600 779 2811 848 pariter
2840 794 2969 833 cum
3003 778 3098 832 illo
3127 777 3198 831 ab
3251 777 3493 831 Ecclesia
3522 777 3771 847 abrupe-

2143 880 2296 927 runt.
2364 896 2390 922 »
2437 873 2527 928 Sic
2585 879 2779 926 autem
2836 871 3310 942 interpretando,
3371 888 3484 925 non
3552 871 3775 924 videtur

2145 968 2387 1021 schisma
2425 965 2778 1038 praecessisse
2825 969 3089 1035 negatam
3119 982 3151 1019 a
3189 965 3376 1037 Moyse
3417 965 3769 1020 communio-

2142 1077 2298 1128 nem,
2331 1062 2425 1116 sed
2458 1061 2644 1131 potius
2675 1060 3037 1114 subsecutum
3066 1075 3205 1113 esse.

2214 1157 2380 1210 Multa
2407 1156 2466 1208 in
2487 1155 2692 1209 eodem
2711 1154 3041 1208 testimonio
3065 1153 3213 1208 hanc
3234 1152 3764 1222 interpretationem

2142 1251 2507 1304 confirmant.
2543 1252 2597 1302 l°
2629 1249 2859 1302 Factum
2900 1247 3100 1318 Moysis
3128 1247 3204 1301 sic
3233 1253 3426 1301 narrat
3452 1247 3766 1316 Cornelius,

2143 1345 2220 1398 sic
2249 1345 2372 1413 ejus
2398 1343 2726 1397 testimonio
2767 1343 2965 1406 utitur,
3001 1346 3061 1395 ut
3086 1346 3143 1396 et
3171 1341 3400 1396 laudem
3436 1340 3489 1394 ei
3532 1341 3766 1407 tribuat,

2143 1454 2270 1510 qua:
2299 1437 2403 1508 ipsi
2433 1435 2756 1490 communis
2787 1452 2904 1490 non
2941 1436 3011 1490 sit
3036 1451 3167 1489 cum
3196 1435 3476 1499 omnibus,
3509 1442 3564 1489 et
3591 1436 3768 1490 Nova-

2142 1531 2295 1584 tiano
2341 1529 2720 1601 ignominiam
2770 1545 2887 1584 non
2941 1530 3121 1583 levem
3173 1529 3384 1582 inurat.
3440 1530 3614 1582 Porro
3664 1545 3770 1582 nec

2145 1627 2336 1678 sancto
2381 1623 2619 1693 martyri
2649 1639 2861 1692 magna
2907 1623 3026 1677 laus
3058 1622 3254 1676 fuisset
3279 1621 3542 1676 homines
3573 1628 3771 1692 aperto

2146 1717 2442 1771 schismate
2463 1718 2799 1788 implicatos,
2821 1720 2878 1770 et
2893 1723 2979 1771 tot
2999 1715 3296 1787 episcopis,
3319 1720 3402 1769 tot
3425 1716 3772 1786 presbyteris

2145 1829 2207 1864 ac
2249 1811 2401 1881 plebi
2441 1828 2586 1882 pene
2626 1811 2899 1864 universa:
2943 1810 3266 1876 detestatos,
3300 1809 3370 1863 ad
3408 1809 3770 1863 communio-

2147 1922 2280 1958 nem
2314 1921 2476 1959 suam
2521 1921 2634 1958 non
2683 1905 3028 1972 admittere;
3080 1920 3181 1958 nec
3222 1903 3356 1974 ipsis
3404 1903 3774 1957 schismaticis

2147 1999 2319 2052 totius
2361 1999 2513 2053 orbis
2555 1998 2958 2052 communione
2987 1998 3234 2052 exclusis
3261 2013 3538 2068 magnum
3566 2014 3770 2067 oppro-

2145 2093 2331 2146 brium
2376 2093 2575 2146 fuisset
2632 2093 2799 2145 unius
2847 2092 3108 2162 martyris
3159 2091 3364 2145 amissa
3417 2091 3768 2145 communio.

2148 2186 2359 2240 Deinde
2381 2202 2511 2239 vero
2536 2202 2664 2240 cum
2689 2186 3028 2240 Novatianus
3052 2186 3440 2240 schismaticos
3460 2191 3775 2240 conventus

2146 2297 2274 2334 cum
2307 2280 2422 2334 suis
2453 2284 2671 2350 ageret,
2700 2297 2773 2333 an
2807 2289 2936 2334 tunc
2969 2296 3100 2334 eum
3145 2297 3274 2334 cum
3305 2283 3356 2336 S.
3400 2282 3580 2350 Moyse
3611 2295 3770 2334 com-

2147 2375 2442 2428 municare
2471 2373 2711 2427 voluisse
2728 2377 2782 2427 et
2805 2375 3086 2444 repulsam
3110 2374 3304 2428 tulisse
3334 2374 3584 2428 dicemus
3606 2374 3633 2426 ?
3656 2375 3774 2426 Non

2148 2468 2371 2522 videtur
2400 2473 2595 2538 aptum
2628 2468 2700 2521 ad
2748 2483 2872 2521 eam
2904 2483 3024 2521 rem
3056 2471 3294 2538 [tempus
3320 2468 3510 2521 fuisse.
3554 2471 3612 2521 2°
3652 2471 3774 2522 Non

2147 2562 2281 2616 dicit
2319 2561 2614 2617 Cornelius
2659 2562 3122 2615 communionem
3164 2562 3469 2615 Novatiano
3511 2568 3776 2629 negatam

2148 2654 2316 2708 fuisse
2342 2656 2412 2708 ob
2440 2659 2698 2725 apertum
2730 2655 2993 2720 schisma,
3027 2654 3124 2708 sed
3154 2655 3304 2726 quod
3337 2655 3458 2724 ejus
3478 2655 3776 2708 audaciam

2149 2753 2207 2803 et
2230 2749 2482 2803 furorem
2512 2749 2858 2819 perspiceret
2882 2750 3114 2819 Moyses.
3139 2749 3284 2804 Salis
3313 2750 3485 2802 multa
3513 2748 3776 2818 improbe

2147 2843 2362 2896 fecerat
2386 2844 2750 2908 Novatianus,
2781 2845 2845 2896 ut
2866 2859 2994 2896 cum
3030 2859 3094 2895 co
3121 2843 3197 2896 sic
3227 2846 3425 2913 ageret
3454 2845 3684 2914 Moyses,
3715 2843 3774 2896 in

2149 2937 2348 3006 primis
2391 2937 2541 3007 quod
2583 2936 2637 2988 in
2679 2936 3067 3006 persecutione
3101 2953 3133 2989 a
3161 2937 3414 2990 diaconis
3441 2939 3684 2990 monitus
3714 2941 3777 2989 ut

2148 3030 2418 3084 fratribus
2451 3033 2832 3096 succurreret,
2885 3046 3000 3083 non
3047 3030 3165 3099 jam
3201 3031 3442 3100 amplius
3485 3031 3772 3101 presbyte-

2146 3141 2273 3177 rum
2320 3141 2377 3178 se
2429 3140 2547 3178 esse
2587 3124 2729 3177 velle
2783 3123 3029 3178 dixerat.
3075 3125 3200 3177 Hmc
3250 3123 3346 3177 illa
3387 3123 3496 3177 fuit
3537 3124 3777 3178 audacia

2151 3217 2466 3286 Novatiani,
2521 3217 2610 3270 hic
2659 3217 2817 3270 furor
2866 3233 2879 3270 :
2941 3217 3011 3271 ad
3067 3234 3235 3288 quem
3295 3234 3423 3272 cum
3481 3218 3778 3272 accederet

2148 3312 2368 3365 nefaria
2393 3310 2759 3365 consiliorum
2789 3311 3116 3382 conjunctio
3148 3328 3277 3365 cum
3328 3312 3581 3383 quinque
3624 3329 3774 3382 pres-

2149 3405 2381 3476 byteris,
2413 3422 2528 3459 non
2560 3405 2786 3459 difﬁcile
2829 3405 2937 3460 fuit
2978 3406 3031 3460 S.
3066 3406 3232 3476 Moysi
3274 3406 3371 3477 qui
3399 3406 3468 3460 ad
3512 3407 3776 3462 Ecclesia:

2149 3499 2459 3569 perniciem
2503 3499 2920 3552 meditarentur
2962 3500 3304 3569 prospicere,
3338 3515 3442 3553 nec
3492 3499 3704 3553 mirum
3731 3500 3778 3554 si

2150 3609 2279 3646 cum
2309 3592 2388 3646 eis
2413 3593 2835 3647 communicare
2880 3591 3081 3646 noluit.
3115 3596 3174 3647 3°
3207 3592 3266 3648 Si
3306 3594 3774 3648 communionem

2151 3687 2462 3740 manifestis
2499 3686 2867 3740 schismaticis
2907 3686 2964 3740 S.
3009 3689 3218 3757 Moyses
3261 3687 3616 3757 denegasset,
3657 3704 3775 3742 non

2150 3780 2332 3834 solum
2361 3780 2614 3850 quinque
2658 3780 3033 3851 presbyteros,
3081 3780 3176 3835 sed
3219 3780 3388 3834 etiam
3426 3781 3778 3835 confessores

2151 3874 2246 3944 qui
2309 3874 2620 3928 Novatiano
2677 3890 2799 3928 sese
2849 3873 3165 3942 dederant,
3227 3875 3426 3928 eadem
3491 3875 3778 3930 sententia

2149 3971 2414 4022 notasset.
2458 3969 2597 4021 Nam
2643 3971 2888 4039 quatuor
2942 3969 3295 4022 confessores
3343 3989 3371 4016 «
3421 3967 3493 4022 de
3538 3969 3777 4023 Carcere

2150 4063 2492 4133 prodeuntes
2529 4061 2924 4116 schismaticus
2961 4065 3018 4115 et
3042 4062 3344 4116 haereticus
3372 4078 3530 4116 error
3560 4085 3586 4112 ››
3615 4079 3775 4117 exce-

2150 4160 2334 4226 perat,
2383 4159 2447 4209 ut
2491 4155 2570 4209 ait
2614 4156 2922 4226 Cyprianus
2968 4155 3133 4226 epist.
3171 4160 3257 4223 5t,
3305 4171 3517 4226 eosque
3550 4156 3653 4210 sibi
3704 4157 3777 4210 ab

2152 4248 2311 4302 initio
2343 4248 2675 4304 sociaverat.
2711 4271 2736 4298 ››
2767 4249 3132 4317 Novatianus,
3158 4253 3299 4304 teste
3331 4251 3596 4305 Cornelio
3623 4250 3778 4320 apud

2153 4343 2350 4398 Euseb.
2407 4343 2521 4409 (lib.
2567 4360 2636 4409 vr,
2685 4359 2734 4405 c,
2781 4344 2892 4414 ⁶43),
2939 4343 2995 4396 in
3041 4344 3142 4397 hos
3188 4344 3477 4397 Novatiani
3519 4345 3781 4414 gregales

2151 4437 2304 4490 idem
2336 4453 2457 4491 esse
2477 4437 2686 4491 .debuit
2711 4438 2806 4508 qui
2852 4438 2910 4490 in
2939 4437 3192 4508 quinque
3224 4438 3586 4509 presbyteros
3614 4444 3736 4492 erat
3763 4455 3777 4504 ;

421 4533 694 4595 θαυμαστὴν
748 4533 1020 4597 μαρτυρίανο
1077 4536 1144 4583 ἔτι
1195 4537 1260 4583 ὧν
1309 4536 1356 4583 ἐν
1400 4536 1570 4600 κόσμῳ
1591 4573 1604 4596 ,
1649 4538 1850 4585 κατιδὼν
1904 4536 2045 4586 αὐτοῦ

2155 4526 2247 4580 sed
2285 4529 2474 4580 tamen
2507 4527 2759 4597 quinque
2789 4532 3008 4580 tantum
3053 4526 3391 4598 presbyteris
3428 4526 3786 4582 communio-

418 4629 501 4685 τήν
559 4628 825 4692 θρασύτητα
881 4630 962 4676 καὶ
1019 4630 1102 4687 τὴν
1157 4630 1382 4680 ἀπόνοιαν
1406 4668 1419 4691 ,
1478 4631 1792 4690 ἀκοινώνητον
1858 4632 2053 4689 ἐποίησε

415 4723 503 4770 σὺν
552 4723 650 4778 τοίς
700 4721 836 4770 πέντε
883 4723 1217 4788 πρεσϐυτέροις
1257 4723 1355 4779 τοὶς
1404 4725 1504 4786 ἅμα
1547 4725 1675 4791 αὐτῷ
1731 4725 2052 4789 ἀποσχίσασιν

422 4817 618 4872 ἑαυτούς
649 4818 730 4876 τῆς
775 4817 1074 4874 Ἐκκλησίας.
1125 4830 1151 4861 ‹‹
1195 4812 1372 4875 Quem
1420 4812 1592 4865 etiam
1633 4813 2050 4881 (Novatianum)

421 4904 640 4971 Moses,
708 4904 931 4975 inquit,
998 4904 1353 4959 beatissimus
1406 4912 1660 4977 martyr,
1723 4907 1819 4976 qui
1870 4923 2054 4978 nuper

327 5015 336 5022 ·
422 4997 574 5068 apud
628 5014 730 5051 nos
777 4999 1010 5068 egregio
1072 5001 1128 5052 et
1185 4998 1524 5053 admirando
1588 5000 1864 5070 martyrio
1913 5017 2047 5071 per-

423 5091 650 5144 functus
693 5097 812 5158 cst,
865 5091 999 5145 dum
1050 5092 1234 5146 adhuc
1280 5093 1338 5145 in
1388 5092 1524 5146 vivis
1573 5099 1712 5146 esset
1758 5094 2048 5148 audaciam

426 5186 546 5255 ejus
575 5202 636 5238 ac
665 5185 915 5238 furorem
949 5190 1307 5256 perspectum
1347 5186 1562 5240 habens
1591 5204 1622 5239 a
1649 5188 2051 5242 communione

425 5296 526 5332 sua
557 5279 834 5350 separavit
859 5295 990 5332 cum
1031 5279 1281 5348 quinque
1321 5279 1681 5350 presbyteris,
1729 5282 1827 5351 qui
1864 5299 1921 5335 se
1949 5299 2048 5352 pa-

424 5373 561 5427 riter
596 5389 723 5426 cum
767 5373 863 5426 illo
908 5371 977 5425 ab
1027 5372 1286 5426 Ecclesia:
1330 5389 1562 5443 corpore
1605 5373 1975 5444 abruperant.
2021 5397 2046 5423 »

425 5467 654 5520 Frustra
683 5465 767 5518 vir
811 5465 1067 5519 eruditus
1095 5481 1162 5519 ex
1191 5465 1280 5519 his
1321 5466 1527 5533 verbis,
1563 5483 1746 5537 nuper
1777 5469 2052 5540 martyrio

423 5559 681 5628 functus,
739 5579 766 5607 «
805 5574 924 5613 rem
975 5563 1105 5613 ante
1151 5576 1333 5613 unum
1377 5563 1474 5613 aut
1507 5560 1750 5614 alterum
1793 5577 2050 5616 mensem

426 5652 728 5723 contigisse
757 5652 992 5723 colligit,
1022 5670 1148 5707 cum
1178 5653 1458 5724 ejusmodi
1488 5654 1756 5725 loquendi
1785 5656 1932 5710 ratio
1959 5656 2047 5709 his

426 5763 552 5816 qua:
591 5750 722 5801 ante
763 5747 957 5802 decem
998 5763 1223 5802 menses
1262 5749 1432 5810 etiam
1483 5751 1615 5803 ante
1653 5766 1868 5803 annum
1914 5766 2050 5803 con-

425 5841 698 5911 tigerunt,
721 5841 900 5914 aptari
923 5843 1118 5914 possit.
1146 5843 1235 5896 llis
1253 5849 1442 5897 autem
1468 5843 1672 5911 verbis,
1696 5866 1722 5892 ‹‹
1743 5860 1871 5898 cum
1892 5844 2052 5916 quin-

2156 4637 2287 4674 nem
2319 4626 2509 4691 negat.
2540 4621 2698 4684 Quod
2727 4626 3066 4692 argumento
3098 4627 3184 4674 est
3211 4637 3342 4674 eum
3385 4621 3440 4674 in
3469 4622 3781 4676 Novatiano

2152 4732 2265 4769 non
2309 4722 2572 4785 apertum
2617 4714 2886 4782 schisma,
2932 4731 3046 4769 non
3091 4715 3454 4770 manifestum
3484 4732 3612 4769 cum
3641 4716 3780 4770 Cor-

2156 4809 2306 4863 nelio
2350 4812 2403 4861 et
2450 4809 2714 4862 omnibus
2745 4809 3020 4880 episcopis
3046 4809 3305 4864 Cornelio
3348 4809 3784 4864 adhterentibus

2151 4903 2370 4958 bellum
2421 4903 2852 4970 condemnasse,
2896 4905 2990 4957 sed
3037 4903 3282 4958 nefarias
3331 4904 3673 4973 molitiones,
3723 4911 3786 4960 et

2154 4998 2294 5051 inita
2341 5014 2467 5051 cum
2535 4997 2791 5068 quinque
2841 4997 3187 5068 presbyteris
3251 4997 3509 5052 Ecclesia:
3561 5004 3785 5069 pertur-

2152 5091 2354 5145 bandae
2395 5091 2655 5158 consilia,
2689 5109 2836 5163 quae,
2887 5091 3142 5162 pluribus
3178 5092 3467 5146 Novatiani
3497 5093 3644 5146 vitiis
3675 5092 3782 5146 ad-

2154 5185 2291 5252 dita,
2359 5187 2600 5256 Moysem
2673 5186 3077 5239 deterruerunt
3145 5186 3449 5256 quominus
3517 5202 3644 5240 cum
3711 5203 3785 5242 eo

2153 5279 2620 5333 communicaret.
2665 5281 2724 5334 4°
2778 5279 3102 5350 Martyrium
3149 5279 3345 5350 Moysis
3389 5296 3504 5334 non
3553 5280 3791 5336 videtur

2153 5389 2348 5427 mense
2383 5371 2697 5439 novembri,
2727 5377 2790 5426 ut
2815 5372 3103 5427 existimat
3127 5373 3536 5440 Tillemontius,
3561 5375 3658 5428 sed
3686 5391 3789 5445 po-

2155 5469 2263 5523 tius
2290 5473 2421 5524 ante
2469 5470 2896 5525 ordinationem
2925 5470 3169 5525 Cornelii
3206 5471 3530 5542 contigisse.
3554 5474 3790 5528 Constat

2153 5568 2430 5633 martyres
2462 5579 2492 5616 e
2523 5579 2747 5617 carcere
2781 5563 2991 5618 solutos
3016 5563 3186 5618 fuisse
3214 5580 3341 5618 cum
3372 5565 3663 5620 Cornelius
3689 5575 3795 5619 or-'

2154 5657 2382 5710 dinatus
2411 5659 2516 5711 est.
2547 5658 2660 5712 Cur
2691 5674 2832 5730 ergo
2879 5659 3026 5712 solus
3071 5660 3284 5729 Moyses
3320 5660 3600 5730 particeps
3633 5659 3788 5714 illius

2153 5751 2304 5821 pacis
2344 5768 2457 5806 non
2503 5752 2716 5818 fuisset,
2763 5769 2890 5823 qum
2936 5758 3050 5806 tam
3095 5753 3190 5806 diu
3231 5759 3499 5824 negatam
3535 5754 3786 5823 eligendi

2153 5844 2408 5919 episcopi
2454 5843 2676 5919 copiam
2712 5846 2887 5902 fecit?
2917 5845 3132 5906 Deinde
3165 5863 3298 5903 vero
3326 5848 3538 5920 Moyses
3577 5864 3692 5903 non
3720 5848 3783 5906 in
