  <div class='ocr_page' id='page_1' title='image "/cluster/home/n/w/nwhite01/storage/ocr_20150623/4/hvd.32044073549446/070.png"; bbox 0 0 4084 6208; ppageno 0'>
   <div class='ocr_carea' id='block_1_1' title="bbox 237 230 3513 305">
    <p class='ocr_par' dir='ltr' id='par_1_1' title="bbox 237 230 3513 305">
     <span class='ocr_line' id='line_1_1' title="bbox 237 230 3513 305; baseline -0.002 -1"><span class='ocrx_word' id='word_1_1' title='bbox 237 250 307 305; x_wconf 70' lang='lat'>129</span> <span class='ocrx_word' id='word_1_2' title='bbox 1530 230 1676 294; x_wconf 77' lang='lat' dir='ltr'><strong>VITA</strong></span> <span class='ocrx_word' id='word_1_3' title='bbox 1716 241 1769 293; x_wconf 91' lang='lat' dir='ltr'>S.</span> <span class='ocrx_word' id='word_1_4' title='bbox 1812 239 2147 295; x_wconf 80' lang='lat' dir='ltr'>CYPRIANI.</span> <span class='ocrx_word' id='word_1_5' title='bbox 3416 236 3513 297; x_wconf 69' lang='lat'>130</span> 
     </span>
    </p>
   </div>
   <div class='ocr_carea' id='block_1_2' title="bbox 230 365 3514 450">
    <p class='ocr_par' dir='ltr' id='par_1_2' title="bbox 230 365 3514 450">
     <span class='ocr_line' id='line_1_2' title="bbox 230 365 3514 450; baseline -0.002 -22"><span class='ocrx_word' id='word_1_6' title='bbox 230 387 399 428; x_wconf 80' lang='lat' dir='ltr'>carcere</span> <span class='ocrx_word' id='word_1_7' title='bbox 425 368 572 437; x_wconf 88' lang='lat' dir='ltr'>obiit,</span> <span class='ocrx_word' id='word_1_8' title='bbox 609 371 670 421; x_wconf 89' lang='lat' dir='ltr'>ut</span> <span class='ocrx_word' id='word_1_9' title='bbox 708 373 789 422; x_wconf 89' lang='lat' dir='ltr'>est</span> <span class='ocrx_word' id='word_1_10' title='bbox 820 367 881 421; x_wconf 92' lang='lat' dir='ltr'>in</span> <span class='ocrx_word' id='word_1_11' title='bbox 922 366 1179 421; x_wconf 87' lang='lat' dir='ltr'>Bucherii</span> <span class='ocrx_word' id='word_1_12' title='bbox 1218 365 1497 436; x_wconf 73' lang='lat' dir='ltr'>catalogo,</span> <span class='ocrx_word' id='word_1_13' title='bbox 1532 365 1627 419; x_wconf 90' lang='lat' dir='ltr'>sed</span> <span class='ocrx_word' id='word_1_14' title='bbox 1658 382 1779 419; x_wconf 89' lang='lat' dir='ltr'>san-</span> <span class='ocrx_word' id='word_1_15' title='bbox 1807 378 1865 450; x_wconf 74' lang='grc' dir='ltr'><strong>Α</strong></span> <span class='ocrx_word' id='word_1_16' title='bbox 1886 367 2110 436; x_wconf 68' lang='lat' dir='ltr'>collega)</span> <span class='ocrx_word' id='word_1_17' title='bbox 2141 365 2369 435; x_wconf 79' lang='lat' dir='ltr'>plurimi</span> <span class='ocrx_word' id='word_1_18' title='bbox 2397 366 2490 436; x_wconf 90' lang='lat' dir='ltr'>qui</span> <span class='ocrx_word' id='word_1_19' title='bbox 2521 366 2589 419; x_wconf 90' lang='lat' dir='ltr'>ad</span> <span class='ocrx_word' id='word_1_20' title='bbox 2625 382 2715 421; x_wconf 91' lang='lat' dir='ltr'>me</span> <span class='ocrx_word' id='word_1_21' title='bbox 2743 371 3142 432; x_wconf 69' lang='lat' dir='ltr'>convenerant,</span> <span class='ocrx_word' id='word_1_22' title='bbox 3172 369 3514 437; x_wconf 78' lang='lat' dir='ltr'>exspectavi-</span> 
     </span>
    </p>
   </div>
   <div class='ocr_carea' id='block_1_3' title="bbox 232 460 3520 538">
    <p class='ocr_par' dir='ltr' id='par_1_3' title="bbox 232 460 3520 538">
     <span class='ocr_line' id='line_1_3' title="bbox 232 460 3520 538; baseline -0.002 -17"><span class='ocrx_word' id='word_1_23' title='bbox 232 470 405 538; x_wconf 80' lang='lat' dir='ltr'>guinem</span> <span class='ocrx_word' id='word_1_24' title='bbox 440 480 538 534; x_wconf 88' lang='lat' dir='ltr'>pro</span> <span class='ocrx_word' id='word_1_25' title='bbox 571 462 792 519; x_wconf 75' lang='lat' dir='ltr'>Christo</span> <span class='ocrx_word' id='word_1_26' title='bbox 827 461 1098 532; x_wconf 79' lang='lat' dir='ltr'>profudit,</span> <span class='ocrx_word' id='word_1_27' title='bbox 1132 465 1192 513; x_wconf 89' lang='lat' dir='ltr'>ut</span> <span class='ocrx_word' id='word_1_28' title='bbox 1233 460 1586 514; x_wconf 78' lang='lat' dir='ltr'>demonstrat</span> <span class='ocrx_word' id='word_1_29' title='bbox 1614 460 1781 513; x_wconf 89' lang='lat' dir='ltr'>Tille-</span> <span class='ocrx_word' id='word_1_30' title='bbox 1888 477 2014 513; x_wconf 89' lang='lat' dir='ltr'>mus</span> <span class='ocrx_word' id='word_1_31' title='bbox 2056 460 2365 513; x_wconf 81' lang='lat' dir='ltr'>adventum</span> <span class='ocrx_word' id='word_1_32' title='bbox 2414 460 2760 528; x_wconf 82' lang='lat' dir='ltr'>collegarum</span> <span class='ocrx_word' id='word_1_33' title='bbox 2806 466 3127 513; x_wconf 89' lang='lat' dir='ltr'>nostrorum</span> <span class='ocrx_word' id='word_1_34' title='bbox 3167 461 3419 516; x_wconf 89' lang='lat' dir='ltr'>Caldonii</span> <span class='ocrx_word' id='word_1_35' title='bbox 3463 467 3520 515; x_wconf 93' lang='lat' dir='ltr'>et</span> 
     </span>
    </p>
   </div>
   <div class='ocr_carea' id='block_1_4' title="bbox 227 554 3519 625">
    <p class='ocr_par' dir='ltr' id='par_1_4' title="bbox 227 554 3519 625">
     <span class='ocr_line' id='line_1_4' title="bbox 227 554 3519 625; baseline -0.002 -10"><span class='ocrx_word' id='word_1_36' title='bbox 227 562 423 615; x_wconf 89' lang='lat' dir='ltr'>montius</span> <span class='ocrx_word' id='word_1_37' title='bbox 467 573 533 610; x_wconf 78' lang='lat' dir='ltr'>ex</span> <span class='ocrx_word' id='word_1_38' title='bbox 587 557 773 610; x_wconf 77' lang='lat' dir='ltr'>verbis</span> <span class='ocrx_word' id='word_1_39' title='bbox 826 556 1102 620; x_wconf 84' lang='lat' dir='ltr'>Cornelii,</span> <span class='ocrx_word' id='word_1_40' title='bbox 1154 554 1250 624; x_wconf 87' lang='lat' dir='ltr'>qui</span> <span class='ocrx_word' id='word_1_41' title='bbox 1314 570 1449 607; x_wconf 90' lang='lat' dir='ltr'>eum</span> <span class='ocrx_word' id='word_1_42' title='bbox 1516 555 1786 623; x_wconf 63' lang='lat' dir='ltr'>praeclaro</span> <span class='ocrx_word' id='word_1_43' title='bbox 1889 554 2194 620; x_wconf 80' lang='lat' dir='ltr'>Fortunati,</span> <span class='ocrx_word' id='word_1_44' title='bbox 2225 570 2362 623; x_wconf 85' lang='lat' dir='ltr'>quos</span> <span class='ocrx_word' id='word_1_45' title='bbox 2394 554 2461 606; x_wconf 90' lang='lat' dir='ltr'>ad</span> <span class='ocrx_word' id='word_1_46' title='bbox 2504 560 2557 605; x_wconf 91' lang='lat' dir='ltr'>te</span> <span class='ocrx_word' id='word_1_47' title='bbox 2595 570 2780 623; x_wconf 89' lang='lat' dir='ltr'>nuper</span> <span class='ocrx_word' id='word_1_48' title='bbox 2818 560 2873 607; x_wconf 89' lang='lat' dir='ltr'>et</span> <span class='ocrx_word' id='word_1_49' title='bbox 2907 555 3271 625; x_wconf 89' lang='lat' dir='ltr'>coepiscopos</span> <span class='ocrx_word' id='word_1_50' title='bbox 3298 559 3519 609; x_wconf 85' lang='lat' dir='ltr'>nostros</span> 
     </span>
    </p>
   </div>
   <div class='ocr_carea' id='block_1_5' title="bbox 226 646 3515 720">
    <p class='ocr_par' dir='ltr' id='par_1_5' title="bbox 226 646 3515 720">
     <span class='ocr_line' id='line_1_5' title="bbox 226 646 3515 720; baseline -0.002 -12"><span class='ocrx_word' id='word_1_51' title='bbox 226 662 264 709; x_wconf 86' lang='lat' dir='ltr'>et</span> <span class='ocrx_word' id='word_1_52' title='bbox 291 651 591 707; x_wconf 87' lang='lat' dir='ltr'>admirando</span> <span class='ocrx_word' id='word_1_53' title='bbox 628 649 900 720; x_wconf 72' lang='lat' dir='ltr'>martyrio</span> <span class='ocrx_word' id='word_1_54' title='bbox 934 648 1295 719; x_wconf 87' lang='lat' dir='ltr'>perfunctum</span> <span class='ocrx_word' id='word_1_55' title='bbox 1324 647 1583 702; x_wconf 82' lang='lat' dir='ltr'>declarat.</span> <span class='ocrx_word' id='word_1_56' title='bbox 1618 649 1787 700; x_wconf 85' lang='lat' dir='ltr'>Porro</span> <span class='ocrx_word' id='word_1_57' title='bbox 1889 648 1985 717; x_wconf 90' lang='lat' dir='ltr'>qui</span> <span class='ocrx_word' id='word_1_58' title='bbox 2027 647 2373 701; x_wconf 88' lang='lat' dir='ltr'>ordiuationi</span> <span class='ocrx_word' id='word_1_59' title='bbox 2418 649 2529 699; x_wconf 76' lang='lat' dir='ltr'>tuae</span> <span class='ocrx_word' id='word_1_60' title='bbox 2569 646 2869 712; x_wconf 80' lang='lat' dir='ltr'>affuerant,</span> <span class='ocrx_word' id='word_1_61' title='bbox 2912 648 3127 717; x_wconf 78' lang='lat' dir='ltr'>legatos</span> <span class='ocrx_word' id='word_1_62' title='bbox 3160 649 3515 715; x_wconf 85' lang='lat' dir='ltr'>miseramus,</span> 
     </span>
    </p>
   </div>
   <div class='ocr_carea' id='block_1_6' title="bbox 224 739 3515 813">
    <p class='ocr_par' dir='ltr' id='par_1_6' title="bbox 224 739 3515 813">
     <span class='ocr_line' id='line_1_6' title="bbox 224 739 3515 813; baseline -0.002 -12"><span class='ocrx_word' id='word_1_63' title='bbox 224 748 273 801; x_wconf 86' lang='lat' dir='ltr'>ab</span> <span class='ocrx_word' id='word_1_64' title='bbox 298 744 621 801; x_wconf 85' lang='lat' dir='ltr'>ordinatione</span> <span class='ocrx_word' id='word_1_65' title='bbox 663 744 906 798; x_wconf 82' lang='lat' dir='ltr'>Cornelii</span> <span class='ocrx_word' id='word_1_66' title='bbox 936 759 1112 813; x_wconf 89' lang='lat' dir='ltr'>usque</span> <span class='ocrx_word' id='word_1_67' title='bbox 1153 742 1226 795; x_wconf 91' lang='lat' dir='ltr'>ad</span> <span class='ocrx_word' id='word_1_68' title='bbox 1268 758 1520 795; x_wconf 84' lang='lat' dir='ltr'>mensem</span> <span class='ocrx_word' id='word_1_69' title='bbox 1550 757 1784 795; x_wconf 84' lang='lat' dir='ltr'>novem-</span> <span class='ocrx_word' id='word_1_70' title='bbox 1892 747 1968 808; x_wconf 90' lang='lat' dir='ltr'>ut,</span> <span class='ocrx_word' id='word_1_71' title='bbox 1999 741 2075 795; x_wconf 88' lang='lat' dir='ltr'>eis</span> <span class='ocrx_word' id='word_1_72' title='bbox 2112 740 2546 794; x_wconf 83' lang='lat' dir='ltr'>adventantibus</span> <span class='ocrx_word' id='word_1_73' title='bbox 2580 746 2635 793; x_wconf 92' lang='lat' dir='ltr'>et</span> <span class='ocrx_word' id='word_1_74' title='bbox 2672 739 2753 793; x_wconf 88' lang='lat' dir='ltr'>rei</span> <span class='ocrx_word' id='word_1_75' title='bbox 2787 745 2957 810; x_wconf 68' lang='lat' dir='ltr'>gestae</span> <span class='ocrx_word' id='word_1_76' title='bbox 2984 742 3284 795; x_wconf 86' lang='lat' dir='ltr'>veritatem</span> <span class='ocrx_word' id='word_1_77' title='bbox 3320 759 3515 812; x_wconf 89' lang='lat' dir='ltr'>repor-</span> 
     </span>
    </p>
   </div>
   <div class='ocr_carea' id='block_1_7' title="bbox 222 834 3517 905">
    <p class='ocr_par' dir='ltr' id='par_1_7' title="bbox 222 834 3517 905">
     <span class='ocr_line' id='line_1_7' title="bbox 222 834 3517 905; baseline -0.002 -11"><span class='ocrx_word' id='word_1_78' title='bbox 222 841 361 904; x_wconf 87' lang='lat' dir='ltr'>brem,</span> <span class='ocrx_word' id='word_1_79' title='bbox 407 855 509 891; x_wconf 89' lang='lat' dir='ltr'>non</span> <span class='ocrx_word' id='word_1_80' title='bbox 556 837 779 890; x_wconf 86' lang='lat' dir='ltr'>videtur</span> <span class='ocrx_word' id='word_1_81' title='bbox 824 836 1265 889; x_wconf 90' lang='lat' dir='ltr'>Christianorum</span> <span class='ocrx_word' id='word_1_82' title='bbox 1314 835 1542 905; x_wconf 84' lang='lat' dir='ltr'>sanguis</span> <span class='ocrx_word' id='word_1_83' title='bbox 1594 836 1787 887; x_wconf 79' lang='lat' dir='ltr'>Romae</span> <span class='ocrx_word' id='word_1_84' title='bbox 1890 836 2156 902; x_wconf 87' lang='lat' dir='ltr'>tantibus,</span> <span class='ocrx_word' id='word_1_85' title='bbox 2192 835 2407 903; x_wconf 84' lang='lat' dir='ltr'>majore</span> <span class='ocrx_word' id='word_1_86' title='bbox 2437 834 2771 888; x_wconf 84' lang='lat' dir='ltr'>auctoritate</span> <span class='ocrx_word' id='word_1_87' title='bbox 2804 841 2859 888; x_wconf 89' lang='lat' dir='ltr'>et</span> <span class='ocrx_word' id='word_1_88' title='bbox 2895 834 3078 887; x_wconf 88' lang='lat' dir='ltr'>lucide</span> <span class='ocrx_word' id='word_1_89' title='bbox 3114 852 3216 905; x_wconf 87' lang='lat' dir='ltr'>per</span> <span class='ocrx_word' id='word_1_90' title='bbox 3252 852 3347 889; x_wconf 92' lang='lat' dir='ltr'>eos</span> <span class='ocrx_word' id='word_1_91' title='bbox 3387 852 3517 905; x_wconf 90' lang='lat' dir='ltr'>pro-</span> 
     </span>
    </p>
   </div>
   <div class='ocr_carea' id='block_1_8' title="bbox 224 927 3517 1004">
    <p class='ocr_par' dir='ltr' id='par_1_8' title="bbox 224 927 3517 1004">
     <span class='ocr_line' id='line_1_8' title="bbox 224 927 3517 1004; baseline -0.003 -19"><span class='ocrx_word' id='word_1_92' title='bbox 224 930 370 1004; x_wconf 77' lang='grc'>128</span> <span class='ocrx_word' id='word_1_93' title='bbox 416 933 560 985; x_wconf 81' lang='lat' dir='ltr'>fusus</span> <span class='ocrx_word' id='word_1_94' title='bbox 600 931 793 984; x_wconf 89' lang='lat' dir='ltr'>fuisse.</span> <span class='ocrx_word' id='word_1_95' title='bbox 842 929 1081 984; x_wconf 85' lang='lat' dir='ltr'>Sedebat</span> <span class='ocrx_word' id='word_1_96' title='bbox 1126 927 1443 999; x_wconf 83' lang='lat' dir='ltr'>intrepidus</span> <span class='ocrx_word' id='word_1_97' title='bbox 1489 928 1785 982; x_wconf 87' lang='lat' dir='ltr'>Cornelius</span> <span class='ocrx_word' id='word_1_98' title='bbox 1888 929 2135 993; x_wconf 88' lang='lat' dir='ltr'>batione,</span> <span class='ocrx_word' id='word_1_99' title='bbox 2178 928 2356 998; x_wconf 88' lang='lat' dir='ltr'>partis</span> <span class='ocrx_word' id='word_1_100' title='bbox 2396 928 2644 982; x_wconf 73' lang='lat' dir='ltr'>adversa)</span> <span class='ocrx_word' id='word_1_101' title='bbox 2684 928 3021 998; x_wconf 82' lang='lat' dir='ltr'>improbitas</span> <span class='ocrx_word' id='word_1_102' title='bbox 3067 929 3446 997; x_wconf 70' lang='lat' dir='ltr'>frangeretur.</span> <span class='ocrx_word' id='word_1_103' title='bbox 3492 952 3517 978; x_wconf 85' lang='grc'><strong>››</strong></span> 
     </span>
    </p>
   </div>
   <div class='ocr_carea' id='block_1_9' title="bbox 223 1019 3519 1093">
    <p class='ocr_par' dir='ltr' id='par_1_9' title="bbox 223 1019 3519 1093">
     <span class='ocr_line' id='line_1_9' title="bbox 223 1019 3519 1093; baseline -0.002 -13"><span class='ocrx_word' id='word_1_104' title='bbox 223 1050 241 1073; x_wconf 70' lang='grc' dir='ltr'>α</span> <span class='ocrx_word' id='word_1_105' title='bbox 264 1029 424 1080; x_wconf 66' lang='lat' dir='ltr'>Romae</span> <span class='ocrx_word' id='word_1_106' title='bbox 461 1025 516 1077; x_wconf 93' lang='lat' dir='ltr'>in</span> <span class='ocrx_word' id='word_1_107' title='bbox 561 1022 896 1078; x_wconf 87' lang='lat' dir='ltr'>sacerdotali</span> <span class='ocrx_word' id='word_1_108' title='bbox 938 1023 1208 1076; x_wconf 86' lang='lat' dir='ltr'>cathedra</span> <span class='ocrx_word' id='word_1_109' title='bbox 1246 1038 1313 1075; x_wconf 91' lang='lat' dir='ltr'>eo</span> <span class='ocrx_word' id='word_1_110' title='bbox 1346 1024 1627 1092; x_wconf 87' lang='lat' dir='ltr'>tempore,</span> <span class='ocrx_word' id='word_1_111' title='bbox 1657 1037 1787 1074; x_wconf 91' lang='lat' dir='ltr'>cum</span> <span class='ocrx_word' id='word_1_112' title='bbox 1890 1022 2089 1092; x_wconf 86' lang='lat' dir='ltr'>Liquet</span> <span class='ocrx_word' id='word_1_113' title='bbox 2126 1039 2262 1093; x_wconf 91' lang='lat' dir='ltr'>ergo</span> <span class='ocrx_word' id='word_1_114' title='bbox 2298 1022 2588 1075; x_wconf 88' lang='lat' dir='ltr'>Novatiani</span> <span class='ocrx_word' id='word_1_115' title='bbox 2620 1022 2840 1091; x_wconf 82' lang='lat' dir='ltr'>legatos</span> <span class='ocrx_word' id='word_1_116' title='bbox 2874 1019 3065 1093; x_wconf 77' lang='grc'>129</span> <span class='ocrx_word' id='word_1_117' title='bbox 3098 1021 3343 1075; x_wconf 88' lang='lat' dir='ltr'>reditum</span> <span class='ocrx_word' id='word_1_118' title='bbox 3376 1022 3519 1075; x_wconf 75' lang='lat' dir='ltr'>Afri~</span> 
     </span>
    </p>
   </div>
   <div class='ocr_carea' id='block_1_10' title="bbox 219 1114 3525 1188">
    <p class='ocr_par' dir='ltr' id='par_1_10' title="bbox 219 1114 3525 1188">
     <span class='ocr_line' id='line_1_10' title="bbox 219 1114 3525 1188; baseline -0.001 -16"><span class='ocrx_word' id='word_1_119' title='bbox 219 1126 437 1188; x_wconf 65' lang='lat' dir='ltr'>tyrannus</span> <span class='ocrx_word' id='word_1_120' title='bbox 472 1116 709 1170; x_wconf 84' lang='lat' dir='ltr'>infestus</span> <span class='ocrx_word' id='word_1_121' title='bbox 745 1114 1129 1170; x_wconf 90' lang='lat' dir='ltr'>sacerdotibus</span> <span class='ocrx_word' id='word_1_122' title='bbox 1165 1114 1261 1168; x_wconf 89' lang='lat' dir='ltr'>Dei</span> <span class='ocrx_word' id='word_1_123' title='bbox 1296 1115 1467 1167; x_wconf 85' lang='lat' dir='ltr'>fanda</span> <span class='ocrx_word' id='word_1_124' title='bbox 1495 1120 1665 1184; x_wconf 88' lang='lat' dir='ltr'>atque</span> <span class='ocrx_word' id='word_1_125' title='bbox 1696 1114 1785 1167; x_wconf 91' lang='lat' dir='ltr'>in-</span> <span class='ocrx_word' id='word_1_126' title='bbox 1890 1132 2163 1169; x_wconf 90' lang='lat' dir='ltr'>canorum</span> <span class='ocrx_word' id='word_1_127' title='bbox 2228 1116 2538 1185; x_wconf 72' lang='lat' dir='ltr'>przesulum</span> <span class='ocrx_word' id='word_1_128' title='bbox 2595 1115 2887 1168; x_wconf 87' lang='lat' dir='ltr'>celeritate</span> <span class='ocrx_word' id='word_1_129' title='bbox 2940 1131 3259 1185; x_wconf 81' lang='lat' dir='ltr'>superasse,</span> <span class='ocrx_word' id='word_1_130' title='bbox 3314 1131 3525 1185; x_wconf 89' lang='lat' dir='ltr'>eosque</span> 
     </span>
    </p>
   </div>
   <div class='ocr_carea' id='block_1_11' title="bbox 218 1208 3523 1279">
    <p class='ocr_par' dir='ltr' id='par_1_11' title="bbox 218 1208 3523 1279">
     <span class='ocr_line' id='line_1_11' title="bbox 218 1208 3523 1279; baseline -0.001 -14"><span class='ocrx_word' id='word_1_131' title='bbox 218 1212 349 1266; x_wconf 84' lang='lat' dir='ltr'>fanda</span> <span class='ocrx_word' id='word_1_132' title='bbox 381 1211 832 1275; x_wconf 89' lang='lat' dir='ltr'>comminaretur,</span> <span class='ocrx_word' id='word_1_133' title='bbox 862 1226 990 1263; x_wconf 90' lang='lat' dir='ltr'>cum</span> <span class='ocrx_word' id='word_1_134' title='bbox 1019 1209 1198 1263; x_wconf 90' lang='lat' dir='ltr'>multo</span> <span class='ocrx_word' id='word_1_135' title='bbox 1228 1208 1535 1278; x_wconf 84' lang='lat' dir='ltr'>patientius</span> <span class='ocrx_word' id='word_1_136' title='bbox 1564 1212 1620 1261; x_wconf 90' lang='lat' dir='ltr'>et</span> <span class='ocrx_word' id='word_1_137' title='bbox 1648 1209 1784 1261; x_wconf 90' lang='lat' dir='ltr'>tole-</span> <span class='ocrx_word' id='word_1_138' title='bbox 1888 1210 2117 1263; x_wconf 87' lang='lat' dir='ltr'>interim</span> <span class='ocrx_word' id='word_1_139' title='bbox 2157 1209 2555 1263; x_wconf 87' lang='lat' dir='ltr'>communione</span> <span class='ocrx_word' id='word_1_140' title='bbox 2598 1208 2911 1279; x_wconf 85' lang='lat' dir='ltr'>prohibitos</span> <span class='ocrx_word' id='word_1_141' title='bbox 2938 1210 3111 1262; x_wconf 88' lang='lat' dir='ltr'>fuisse</span> <span class='ocrx_word' id='word_1_142' title='bbox 3141 1209 3277 1261; x_wconf 91' lang='lat' dir='ltr'>dum</span> <span class='ocrx_word' id='word_1_143' title='bbox 3310 1209 3523 1279; x_wconf 87' lang='lat' dir='ltr'>legato-</span> 
     </span>
    </p>
   </div>
   <div class='ocr_carea' id='block_1_12' title="bbox 218 1300 3521 1373">
    <p class='ocr_par' dir='ltr' id='par_1_12' title="bbox 218 1300 3521 1373">
     <span class='ocr_line' id='line_1_12' title="bbox 218 1300 3521 1373; baseline -0.001 -16"><span class='ocrx_word' id='word_1_144' title='bbox 218 1305 401 1358; x_wconf 83' lang='lat' dir='ltr'>rabilius</span> <span class='ocrx_word' id='word_1_145' title='bbox 428 1304 643 1358; x_wconf 87' lang='lat' dir='ltr'>audiret</span> <span class='ocrx_word' id='word_1_146' title='bbox 671 1303 845 1357; x_wconf 86' lang='lat' dir='ltr'>levari</span> <span class='ocrx_word' id='word_1_147' title='bbox 886 1303 1155 1356; x_wconf 90' lang='lat' dir='ltr'>adversus</span> <span class='ocrx_word' id='word_1_148' title='bbox 1180 1318 1238 1355; x_wconf 91' lang='lat' dir='ltr'>se</span> <span class='ocrx_word' id='word_1_149' title='bbox 1268 1302 1533 1355; x_wconf 80' lang='lat' dir='ltr'>aemulum</span> <span class='ocrx_word' id='word_1_150' title='bbox 1573 1300 1785 1371; x_wconf 85' lang='lat' dir='ltr'>prinei-</span> <span class='ocrx_word' id='word_1_151' title='bbox 1889 1320 2015 1357; x_wconf 90' lang='lat' dir='ltr'>rum</span> <span class='ocrx_word' id='word_1_152' title='bbox 2048 1303 2263 1356; x_wconf 88' lang='lat' dir='ltr'>reditus</span> <span class='ocrx_word' id='word_1_153' title='bbox 2302 1308 2674 1373; x_wconf 83' lang='lat' dir='ltr'>exspectatur.</span> <span class='ocrx_word' id='word_1_154' title='bbox 2711 1302 2816 1366; x_wconf 88' lang='lat' dir='ltr'>Qui</span> <span class='ocrx_word' id='word_1_155' title='bbox 2858 1306 3158 1373; x_wconf 85' lang='lat' dir='ltr'>postquam</span> <span class='ocrx_word' id='word_1_156' title='bbox 3204 1302 3521 1365; x_wconf 87' lang='lat' dir='ltr'>redierunt,</span> 
     </span>
    </p>
   </div>
   <div class='ocr_carea' id='block_1_13' title="bbox 216 1395 3526 1469">
    <p class='ocr_par' dir='ltr' id='par_1_13' title="bbox 216 1395 3526 1469">
     <span class='ocr_line' id='line_1_13' title="bbox 216 1395 3526 1469; baseline -0.002 -16"><span class='ocrx_word' id='word_1_157' title='bbox 216 1416 333 1469; x_wconf 88' lang='lat' dir='ltr'>pem,</span> <span class='ocrx_word' id='word_1_158' title='bbox 363 1415 517 1469; x_wconf 89' lang='lat' dir='ltr'>quam</span> <span class='ocrx_word' id='word_1_159' title='bbox 563 1399 757 1453; x_wconf 64' lang='lat' dir='ltr'>Romae</span> <span class='ocrx_word' id='word_1_160' title='bbox 801 1397 1060 1451; x_wconf 85' lang='lat' dir='ltr'>constitui</span> <span class='ocrx_word' id='word_1_161' title='bbox 1106 1396 1202 1449; x_wconf 90' lang='lat' dir='ltr'>Dei</span> <span class='ocrx_word' id='word_1_162' title='bbox 1244 1396 1615 1463; x_wconf 90' lang='lat' dir='ltr'>sacerdotem,</span> <span class='ocrx_word' id='word_1_163' title='bbox 1654 1418 1679 1443; x_wconf 88' lang='grc'><strong>››</strong></span> <span class='ocrx_word' id='word_1_164' title='bbox 1712 1396 1789 1448; x_wconf 88' lang='lat' dir='ltr'>ait</span> <span class='ocrx_word' id='word_1_165' title='bbox 1891 1396 2074 1466; x_wconf 90' lang='lat' dir='ltr'>iisque</span> <span class='ocrx_word' id='word_1_166' title='bbox 2123 1399 2577 1465; x_wconf 89' lang='lat' dir='ltr'>supervenerunt</span> <span class='ocrx_word' id='word_1_167' title='bbox 2622 1395 2733 1449; x_wconf 95' lang='lat' dir='ltr'>duo</span> <span class='ocrx_word' id='word_1_168' title='bbox 2782 1395 2878 1448; x_wconf 86' lang='lat' dir='ltr'>alii</span> <span class='ocrx_word' id='word_1_169' title='bbox 2927 1395 3173 1465; x_wconf 86' lang='lat' dir='ltr'>episcopi</span> <span class='ocrx_word' id='word_1_170' title='bbox 3224 1395 3526 1465; x_wconf 85' lang='lat' dir='ltr'>Pompeius</span> 
     </span>
    </p>
   </div>
   <div class='ocr_carea' id='block_1_14' title="bbox 218 1487 3523 1563">
    <p class='ocr_par' dir='ltr' id='par_1_14' title="bbox 218 1487 3523 1563">
     <span class='ocr_line' id='line_1_14' title="bbox 218 1487 3523 1563; baseline -0.001 -18"><span class='ocrx_word' id='word_1_171' title='bbox 218 1493 491 1563; x_wconf 69' lang='lat' dir='ltr'>Cyprianus,</span> <span class='ocrx_word' id='word_1_172' title='bbox 513 1492 674 1561; x_wconf 88' lang='lat' dir='ltr'>epist.</span> <span class='ocrx_word' id='word_1_173' title='bbox 700 1494 765 1544; x_wconf 78' lang='lat'>52</span> <span class='ocrx_word' id='word_1_174' title='bbox 790 1491 868 1560; x_wconf 87' lang='lat' dir='ltr'>(p.</span> <span class='ocrx_word' id='word_1_175' title='bbox 896 1494 1001 1559; x_wconf 84' lang='lat'>69).</span> <span class='ocrx_word' id='word_1_176' title='bbox 1028 1490 1435 1556; x_wconf 88' lang='lat' dir='ltr'>Quamobrem,</span> <span class='ocrx_word' id='word_1_177' title='bbox 1462 1492 1561 1543; x_wconf 90' lang='lat' dir='ltr'>aut</span> <span class='ocrx_word' id='word_1_178' title='bbox 1588 1488 1788 1543; x_wconf 88' lang='lat' dir='ltr'>Decius</span> <span class='ocrx_word' id='word_1_179' title='bbox 1889 1494 1945 1543; x_wconf 91' lang='lat' dir='ltr'>et</span> <span class='ocrx_word' id='word_1_180' title='bbox 1971 1490 2313 1560; x_wconf 86' lang='lat' dir='ltr'>Stephanus,</span> <span class='ocrx_word' id='word_1_181' title='bbox 2338 1489 2432 1560; x_wconf 83' lang='lat' dir='ltr'>qui</span> <span class='ocrx_word' id='word_1_182' title='bbox 2462 1487 2707 1543; x_wconf 88' lang='lat' dir='ltr'>Cornelii</span> <span class='ocrx_word' id='word_1_183' title='bbox 2740 1489 3091 1542; x_wconf 88' lang='lat' dir='ltr'>ordinationi</span> <span class='ocrx_word' id='word_1_184' title='bbox 3121 1489 3523 1556; x_wconf 83' lang='lat' dir='ltr'>interfuerant,</span> 
     </span>
    </p>
   </div>
   <div class='ocr_carea' id='block_1_15' title="bbox 216 1582 3522 1655">
    <p class='ocr_par' dir='ltr' id='par_1_15' title="bbox 216 1582 3522 1655">
     <span class='ocr_line' id='line_1_15' title="bbox 216 1582 3522 1655; baseline -0.001 -17"><span class='ocrx_word' id='word_1_185' title='bbox 216 1602 292 1655; x_wconf 84' lang='lat' dir='ltr'>per</span> <span class='ocrx_word' id='word_1_186' title='bbox 326 1589 484 1639; x_wconf 91' lang='lat' dir='ltr'>totum</span> <span class='ocrx_word' id='word_1_187' title='bbox 516 1584 650 1638; x_wconf 92' lang='lat' dir='ltr'>illud</span> <span class='ocrx_word' id='word_1_188' title='bbox 680 1589 907 1653; x_wconf 86' lang='lat' dir='ltr'>tempus</span> <span class='ocrx_word' id='word_1_189' title='bbox 932 1582 1283 1637; x_wconf 89' lang='lat' dir='ltr'>crudelitatis</span> <span class='ocrx_word' id='word_1_190' title='bbox 1322 1598 1437 1635; x_wconf 66' lang='lat' dir='ltr'>suae</span> <span class='ocrx_word' id='word_1_191' title='bbox 1468 1582 1784 1635; x_wconf 87' lang='lat' dir='ltr'>satietatem</span> <span class='ocrx_word' id='word_1_192' title='bbox 1890 1588 2012 1637; x_wconf 89' lang='lat' dir='ltr'>tum</span> <span class='ocrx_word' id='word_1_193' title='bbox 2062 1601 2195 1637; x_wconf 88' lang='lat' dir='ltr'>vero</span> <span class='ocrx_word' id='word_1_194' title='bbox 2243 1588 2299 1637; x_wconf 87' lang='lat' dir='ltr'>et</span> <span class='ocrx_word' id='word_1_195' title='bbox 2352 1582 2555 1636; x_wconf 87' lang='lat' dir='ltr'>litteris</span> <span class='ocrx_word' id='word_1_196' title='bbox 2602 1582 2872 1635; x_wconf 88' lang='lat' dir='ltr'>Italorum</span> <span class='ocrx_word' id='word_1_197' title='bbox 2930 1582 3326 1652; x_wconf 89' lang='lat' dir='ltr'>episc0porum</span> <span class='ocrx_word' id='word_1_198' title='bbox 3381 1600 3522 1653; x_wconf 85' lang='lat' dir='ltr'>quas</span> 
     </span>
    </p>
   </div>
   <div class='ocr_carea' id='block_1_16' title="bbox 215 1675 3527 1748">
    <p class='ocr_par' dir='ltr' id='par_1_16' title="bbox 215 1675 3527 1748">
     <span class='ocr_line' id='line_1_16' title="bbox 215 1675 3527 1748; baseline -0.001 -16"><span class='ocrx_word' id='word_1_199' title='bbox 215 1695 374 1748; x_wconf 88' lang='lat' dir='ltr'>capere</span> <span class='ocrx_word' id='word_1_200' title='bbox 394 1695 497 1732; x_wconf 91' lang='lat' dir='ltr'>non</span> <span class='ocrx_word' id='word_1_201' title='bbox 522 1678 838 1748; x_wconf 89' lang='lat' dir='ltr'>potuit,aut</span> <span class='ocrx_word' id='word_1_202' title='bbox 860 1676 915 1730; x_wconf 92' lang='lat' dir='ltr'>id</span> <span class='ocrx_word' id='word_1_203' title='bbox 938 1676 993 1729; x_wconf 91' lang='lat' dir='ltr'>in</span> <span class='ocrx_word' id='word_1_204' title='bbox 1017 1677 1266 1729; x_wconf 82' lang='lat' dir='ltr'>reditum</span> <span class='ocrx_word' id='word_1_205' title='bbox 1289 1692 1452 1729; x_wconf 89' lang='lat' dir='ltr'>suum</span> <span class='ocrx_word' id='word_1_206' title='bbox 1473 1675 1783 1730; x_wconf 76' lang='lat' dir='ltr'>differebat.</span> <span class='ocrx_word' id='word_1_207' title='bbox 1892 1678 2066 1747; x_wconf 83' lang='lat' dir='ltr'>legati</span> <span class='ocrx_word' id='word_1_208' title='bbox 2092 1678 2421 1742; x_wconf 86' lang='lat' dir='ltr'>attulerant,</span> <span class='ocrx_word' id='word_1_209' title='bbox 2446 1681 2502 1730; x_wconf 88' lang='lat' dir='ltr'>et</span> <span class='ocrx_word' id='word_1_210' title='bbox 2528 1676 2779 1745; x_wconf 83' lang='lat' dir='ltr'>Pompeii</span> <span class='ocrx_word' id='word_1_211' title='bbox 2808 1679 2865 1729; x_wconf 89' lang='lat' dir='ltr'>et</span> <span class='ocrx_word' id='word_1_212' title='bbox 2893 1675 3165 1745; x_wconf 86' lang='lat' dir='ltr'>Stephani</span> <span class='ocrx_word' id='word_1_213' title='bbox 3193 1676 3527 1730; x_wconf 85' lang='lat' dir='ltr'>testimoniis</span> 
     </span>
    </p>
   </div>
   <div class='ocr_carea' id='block_1_17' title="bbox 212 1754 3525 1842">
    <p class='ocr_par' dir='ltr' id='par_1_17' title="bbox 212 1754 3525 1842">
     <span class='ocr_line' id='line_1_17' title="bbox 212 1754 3525 1842; baseline -0.001 -17"><span class='ocrx_word' id='word_1_214' title='bbox 212 1773 320 1825; x_wconf 89' lang='lat' dir='ltr'>Cum</span> <span class='ocrx_word' id='word_1_215' title='bbox 338 1788 460 1842; x_wconf 83' lang='lat' dir='ltr'>ergo</span> <span class='ocrx_word' id='word_1_216' title='bbox 483 1771 785 1827; x_wconf 89' lang='lat' dir='ltr'>Cornelius</span> <span class='ocrx_word' id='word_1_217' title='bbox 807 1770 1070 1838; x_wconf 78' lang='lat' dir='ltr'>evaserit,</span> <span class='ocrx_word' id='word_1_218' title='bbox 1094 1769 1182 1823; x_wconf 91' lang='lat' dir='ltr'>cui</span> <span class='ocrx_word' id='word_1_219' title='bbox 1208 1772 1397 1823; x_wconf 85' lang='lat' dir='ltr'>tamen</span> <span class='ocrx_word' id='word_1_220' title='bbox 1428 1770 1784 1839; x_wconf 88' lang='lat' dir='ltr'>potissimum</span> <span class='ocrx_word' id='word_1_221' title='bbox 1814 1754 1865 1824; x_wconf 87' lang='grc' dir='ltr'><strong>Β</strong></span> <span class='ocrx_word' id='word_1_222' title='bbox 1891 1771 1968 1825; x_wconf 92' lang='lat' dir='ltr'>sic</span> <span class='ocrx_word' id='word_1_223' title='bbox 1996 1772 2275 1825; x_wconf 88' lang='lat' dir='ltr'>illustrata</span> <span class='ocrx_word' id='word_1_224' title='bbox 2305 1773 2361 1823; x_wconf 90' lang='lat' dir='ltr'>et</span> <span class='ocrx_word' id='word_1_225' title='bbox 2390 1769 2721 1823; x_wconf 83' lang='lat' dir='ltr'>conﬁrmata</span> <span class='ocrx_word' id='word_1_226' title='bbox 2748 1786 2836 1823; x_wconf 90' lang='lat' dir='ltr'>res</span> <span class='ocrx_word' id='word_1_227' title='bbox 2864 1775 2967 1835; x_wconf 90' lang='lat' dir='ltr'>est,</span> <span class='ocrx_word' id='word_1_228' title='bbox 2998 1790 3024 1818; x_wconf 87' lang='grc'>‹‹</span> <span class='ocrx_word' id='word_1_229' title='bbox 3061 1775 3119 1822; x_wconf 89' lang='lat' dir='ltr'>ut</span> <span class='ocrx_word' id='word_1_230' title='bbox 3156 1787 3259 1823; x_wconf 92' lang='lat' dir='ltr'>nec</span> <span class='ocrx_word' id='word_1_231' title='bbox 3294 1786 3525 1823; x_wconf 89' lang='lat' dir='ltr'>necesse</span> 
     </span>
    </p>
   </div>
   <div class='ocr_carea' id='block_1_18' title="bbox 213 1862 3529 1934">
    <p class='ocr_par' dir='ltr' id='par_1_18' title="bbox 213 1862 3529 1934">
     <span class='ocr_line' id='line_1_18' title="bbox 213 1862 3529 1934; baseline 0 -17"><span class='ocrx_word' id='word_1_232' title='bbox 213 1866 417 1919; x_wconf 83' lang='lat' dir='ltr'>infensus</span> <span class='ocrx_word' id='word_1_233' title='bbox 454 1867 580 1918; x_wconf 88' lang='lat' dir='ltr'>erat</span> <span class='ocrx_word' id='word_1_234' title='bbox 611 1864 827 1929; x_wconf 89' lang='lat' dir='ltr'>Decius,</span> <span class='ocrx_word' id='word_1_235' title='bbox 857 1880 971 1918; x_wconf 92' lang='lat' dir='ltr'>non</span> <span class='ocrx_word' id='word_1_236' title='bbox 1013 1863 1233 1917; x_wconf 87' lang='lat' dir='ltr'>videtur</span> <span class='ocrx_word' id='word_1_237' title='bbox 1274 1865 1486 1934; x_wconf 83' lang='lat' dir='ltr'>Moyses</span> <span class='ocrx_word' id='word_1_238' title='bbox 1517 1865 1790 1934; x_wconf 83' lang='lat' dir='ltr'>praeclaro</span> <span class='ocrx_word' id='word_1_239' title='bbox 1893 1865 2066 1920; x_wconf 91' lang='lat' dir='ltr'>fuerit</span> <span class='ocrx_word' id='word_1_240' title='bbox 2110 1864 2291 1919; x_wconf 89' lang='lat' dir='ltr'>audiri</span> <span class='ocrx_word' id='word_1_241' title='bbox 2343 1865 2485 1917; x_wconf 88' lang='lat' dir='ltr'>ultra</span> <span class='ocrx_word' id='word_1_242' title='bbox 2532 1879 2631 1917; x_wconf 92' lang='lat' dir='ltr'>eos</span> <span class='ocrx_word' id='word_1_243' title='bbox 2675 1863 2770 1933; x_wconf 86' lang='lat' dir='ltr'>qui</span> <span class='ocrx_word' id='word_1_244' title='bbox 2817 1880 2849 1916; x_wconf 91' lang='lat' dir='ltr'>a</span> <span class='ocrx_word' id='word_1_245' title='bbox 2894 1862 3205 1917; x_wconf 81' lang='lat' dir='ltr'>Novatiano</span> <span class='ocrx_word' id='word_1_246' title='bbox 3254 1868 3529 1917; x_wconf 82' lang='lat' dir='ltr'>venerant</span> 
     </span>
    </p>
   </div>
   <div class='ocr_carea' id='block_1_19' title="bbox 210 1957 3524 2029">
    <p class='ocr_par' dir='ltr' id='par_1_19' title="bbox 210 1957 3524 2029">
     <span class='ocr_line' id='line_1_19' title="bbox 210 1957 3524 2029; baseline -0.001 -16"><span class='ocrx_word' id='word_1_247' title='bbox 210 1966 249 2013; x_wconf 87' lang='lat' dir='ltr'>et</span> <span class='ocrx_word' id='word_1_248' title='bbox 267 1959 573 2013; x_wconf 87' lang='lat' dir='ltr'>admirando</span> <span class='ocrx_word' id='word_1_249' title='bbox 598 1959 871 2029; x_wconf 82' lang='lat' dir='ltr'>martyrio</span> <span class='ocrx_word' id='word_1_250' title='bbox 896 1958 1227 2028; x_wconf 87' lang='lat' dir='ltr'>perfunctus</span> <span class='ocrx_word' id='word_1_251' title='bbox 1256 1973 1453 2013; x_wconf 86' lang='lat' dir='ltr'>mense</span> <span class='ocrx_word' id='word_1_252' title='bbox 1478 1958 1790 2023; x_wconf 86' lang='lat' dir='ltr'>novembri,</span> <span class='ocrx_word' id='word_1_253' title='bbox 1893 1959 2067 2013; x_wconf 89' lang='lat' dir='ltr'>missi.</span> <span class='ocrx_word' id='word_1_254' title='bbox 2101 1980 2127 2007; x_wconf 89' lang='grc'><strong>››</strong></span> <span class='ocrx_word' id='word_1_255' title='bbox 2165 1958 2438 2014; x_wconf 89' lang='lat' dir='ltr'>Similiter</span> <span class='ocrx_word' id='word_1_256' title='bbox 2466 1958 2522 2011; x_wconf 91' lang='lat' dir='ltr'>in</span> <span class='ocrx_word' id='word_1_257' title='bbox 2556 1957 2719 2027; x_wconf 87' lang='lat' dir='ltr'>epist.</span> <span class='ocrx_word' id='word_1_258' title='bbox 2750 1958 2818 2010; x_wconf 79' lang='grc'>42</span> <span class='ocrx_word' id='word_1_259' title='bbox 2850 1962 3039 2010; x_wconf 89' lang='lat' dir='ltr'>narrat</span> <span class='ocrx_word' id='word_1_260' title='bbox 3068 1957 3379 2027; x_wconf 87' lang='lat' dir='ltr'>Cyprianus</span> <span class='ocrx_word' id='word_1_261' title='bbox 3407 1957 3524 2027; x_wconf 83' lang='lat' dir='ltr'>epi-</span> 
     </span>
    </p>
   </div>
   <div class='ocr_carea' id='block_1_20' title="bbox 211 2050 3528 2123">
    <p class='ocr_par' dir='ltr' id='par_1_20' title="bbox 211 2050 3528 2123">
     <span class='ocr_line' id='line_1_20' title="bbox 211 2050 3528 2123; baseline -0.001 -17"><span class='ocrx_word' id='word_1_262' title='bbox 211 2053 283 2106; x_wconf 84' lang='lat' dir='ltr'>sed</span> <span class='ocrx_word' id='word_1_263' title='bbox 310 2054 475 2123; x_wconf 90' lang='lat' dir='ltr'>potius</span> <span class='ocrx_word' id='word_1_264' title='bbox 506 2068 703 2106; x_wconf 90' lang='lat' dir='ltr'>mense</span> <span class='ocrx_word' id='word_1_265' title='bbox 725 2052 1005 2122; x_wconf 86' lang='lat' dir='ltr'>januario,</span> <span class='ocrx_word' id='word_1_266' title='bbox 1038 2055 1104 2105; x_wconf 91' lang='lat' dir='ltr'>ut</span> <span class='ocrx_word' id='word_1_267' title='bbox 1130 2057 1211 2105; x_wconf 91' lang='lat' dir='ltr'>est</span> <span class='ocrx_word' id='word_1_268' title='bbox 1240 2052 1297 2105; x_wconf 92' lang='lat' dir='ltr'>in</span> <span class='ocrx_word' id='word_1_269' title='bbox 1330 2054 1551 2106; x_wconf 87' lang='lat' dir='ltr'>vetusto</span> <span class='ocrx_word' id='word_1_270' title='bbox 1583 2052 1795 2106; x_wconf 83' lang='lat' dir='ltr'>Buche-</span> <span class='ocrx_word' id='word_1_271' title='bbox 1894 2070 2089 2123; x_wconf 91' lang='lat' dir='ltr'>scopos</span> <span class='ocrx_word' id='word_1_272' title='bbox 2120 2053 2430 2117; x_wconf 81' lang='lat' dir='ltr'>Africanos,</span> <span class='ocrx_word' id='word_1_273' title='bbox 2460 2057 2758 2122; x_wconf 87' lang='lat' dir='ltr'>postquam</span> <span class='ocrx_word' id='word_1_274' title='bbox 2792 2050 3009 2105; x_wconf 87' lang='lat' dir='ltr'>diversa</span> <span class='ocrx_word' id='word_1_275' title='bbox 3039 2067 3168 2121; x_wconf 89' lang='lat' dir='ltr'>pars</span> <span class='ocrx_word' id='word_1_276' title='bbox 3198 2051 3528 2121; x_wconf 87' lang='lat' dir='ltr'>episcopum</span> 
     </span>
    </p>
   </div>
   <div class='ocr_carea' id='block_1_21' title="bbox 208 2144 3529 2217">
    <p class='ocr_par' dir='ltr' id='par_1_21' title="bbox 208 2144 3529 2217">
     <span class='ocr_line' id='line_1_21' title="bbox 208 2144 3529 2217; baseline -0 -19"><span class='ocrx_word' id='word_1_277' title='bbox 208 2146 261 2198; x_wconf 87' lang='lat' dir='ltr'>rii</span> <span class='ocrx_word' id='word_1_278' title='bbox 305 2148 562 2217; x_wconf 84' lang='lat' dir='ltr'>catalogo,</span> <span class='ocrx_word' id='word_1_279' title='bbox 613 2147 698 2199; x_wconf 85' lang='lat' dir='ltr'>vel</span> <span class='ocrx_word' id='word_1_280' title='bbox 750 2150 903 2199; x_wconf 90' lang='lat' dir='ltr'>certe</span> <span class='ocrx_word' id='word_1_281' title='bbox 954 2149 1085 2199; x_wconf 89' lang='lat' dir='ltr'>ante</span> <span class='ocrx_word' id='word_1_282' title='bbox 1138 2146 1312 2199; x_wconf 85' lang='lat' dir='ltr'>ﬁnem</span> <span class='ocrx_word' id='word_1_283' title='bbox 1364 2146 1791 2216; x_wconf 87' lang='lat' dir='ltr'>persecutionis,</span> <span class='ocrx_word' id='word_1_284' title='bbox 1895 2146 1999 2199; x_wconf 88' lang='lat' dir='ltr'>sibi</span> <span class='ocrx_word' id='word_1_285' title='bbox 2046 2145 2359 2213; x_wconf 89' lang='lat' dir='ltr'>constituit,</span> <span class='ocrx_word' id='word_1_286' title='bbox 2397 2145 2641 2214; x_wconf 84' lang='lat' dir='ltr'>acceptis</span> <span class='ocrx_word' id='word_1_287' title='bbox 2684 2144 2884 2199; x_wconf 88' lang='lat' dir='ltr'>litteris</span> <span class='ocrx_word' id='word_1_288' title='bbox 2928 2148 3040 2197; x_wconf 90' lang='lat' dir='ltr'>tam</span> <span class='ocrx_word' id='word_1_289' title='bbox 3074 2144 3319 2198; x_wconf 89' lang='lat' dir='ltr'>Cornelii</span> <span class='ocrx_word' id='word_1_290' title='bbox 3357 2160 3529 2215; x_wconf 88' lang='lat' dir='ltr'>quam</span> 
     </span>
    </p>
   </div>
   <div class='ocr_carea' id='block_1_22' title="bbox 207 2238 3529 2310">
    <p class='ocr_par' dir='ltr' id='par_1_22' title="bbox 207 2238 3529 2310">
     <span class='ocr_line' id='line_1_22' title="bbox 207 2238 3529 2310; baseline -0 -19"><span class='ocrx_word' id='word_1_291' title='bbox 207 2244 309 2292; x_wconf 80' lang='lat' dir='ltr'>ante</span> <span class='ocrx_word' id='word_1_292' title='bbox 363 2240 776 2295; x_wconf 87' lang='lat' dir='ltr'>ordinationem</span> <span class='ocrx_word' id='word_1_293' title='bbox 832 2239 1080 2294; x_wconf 90' lang='lat' dir='ltr'>Cornelii</span> <span class='ocrx_word' id='word_1_294' title='bbox 1136 2244 1193 2292; x_wconf 93' lang='lat' dir='ltr'>et</span> <span class='ocrx_word' id='word_1_295' title='bbox 1239 2245 1501 2309; x_wconf 88' lang='lat' dir='ltr'>apertum</span> <span class='ocrx_word' id='word_1_296' title='bbox 1552 2240 1795 2294; x_wconf 89' lang='lat' dir='ltr'>schisma</span> <span class='ocrx_word' id='word_1_297' title='bbox 1896 2241 2267 2310; x_wconf 87' lang='lat' dir='ltr'>collegarum,</span> <span class='ocrx_word' id='word_1_298' title='bbox 2306 2240 2500 2293; x_wconf 83' lang='lat' dir='ltr'>«item</span> <span class='ocrx_word' id='word_1_299' title='bbox 2534 2238 2968 2292; x_wconf 82' lang='lat' dir='ltr'>adventantibus</span> <span class='ocrx_word' id='word_1_300' title='bbox 2994 2238 3157 2291; x_wconf 91' lang='lat' dir='ltr'>bonis</span> <span class='ocrx_word' id='word_1_301' title='bbox 3187 2238 3337 2305; x_wconf 85' lang='lat' dir='ltr'>viris,</span> <span class='ocrx_word' id='word_1_302' title='bbox 3369 2239 3529 2291; x_wconf 88' lang='lat' dir='ltr'>Pom-</span> 
     </span>
    </p>
   </div>
   <div class='ocr_carea' id='block_1_23' title="bbox 203 2331 3531 2404">
    <p class='ocr_par' dir='ltr' id='par_1_23' title="bbox 203 2331 3531 2404">
     <span class='ocr_line' id='line_1_23' title="bbox 203 2331 3531 2404; baseline 0 -19"><span class='ocrx_word' id='word_1_303' title='bbox 203 2333 478 2388; x_wconf 79' lang='lat' dir='ltr'>Novatiani.</span> <span class='ocrx_word' id='word_1_304' title='bbox 1896 2334 2027 2404; x_wconf 90' lang='lat' dir='ltr'>peio</span> <span class='ocrx_word' id='word_1_305' title='bbox 2066 2336 2120 2387; x_wconf 88' lang='lat' dir='ltr'>et</span> <span class='ocrx_word' id='word_1_306' title='bbox 2148 2334 2461 2403; x_wconf 85' lang='lat' dir='ltr'>Stephano,</span> <span class='ocrx_word' id='word_1_307' title='bbox 2493 2349 2525 2385; x_wconf 90' lang='lat' dir='ltr'>a</span> <span class='ocrx_word' id='word_1_308' title='bbox 2556 2332 2760 2403; x_wconf 89' lang='lat' dir='ltr'>quibus</span> <span class='ocrx_word' id='word_1_309' title='bbox 2793 2333 2913 2385; x_wconf 82' lang='lat' dir='ltr'>haec</span> <span class='ocrx_word' id='word_1_310' title='bbox 2949 2333 3143 2387; x_wconf 90' lang='lat' dir='ltr'>omnia</span> <span class='ocrx_word' id='word_1_311' title='bbox 3174 2348 3301 2385; x_wconf 91' lang='lat' dir='ltr'>cum</span> <span class='ocrx_word' id='word_1_312' title='bbox 3334 2331 3531 2385; x_wconf 65' lang='lat' dir='ltr'>laetitia</span> 
     </span>
    </p>
   </div>
   <div class='ocr_carea' id='block_1_24' title="bbox 318 2426 3529 2497">
    <p class='ocr_par' dir='ltr' id='par_1_24' title="bbox 318 2426 3529 2497">
     <span class='ocr_line' id='line_1_24' title="bbox 318 2426 3529 2497; baseline -0.001 -16"><span class='ocrx_word' id='word_1_313' title='bbox 318 2429 431 2481; x_wconf 74' lang='lat' dir='ltr'>XXI.</span> <span class='ocrx_word' id='word_1_314' title='bbox 460 2458 528 2468; x_wconf 89' lang='lat'><strong><em>—</em></strong></span> <span class='ocrx_word' id='word_1_315' title='bbox 558 2430 673 2494; x_wconf 86' lang='lat' dir='ltr'>Quo</span> <span class='ocrx_word' id='word_1_316' title='bbox 710 2433 940 2497; x_wconf 80' lang='lat' dir='ltr'>tempore</span> <span class='ocrx_word' id='word_1_317' title='bbox 976 2427 1267 2481; x_wconf 79' lang='lat' dir='ltr'>ordinatus</span> <span class='ocrx_word' id='word_1_318' title='bbox 1294 2429 1650 2483; x_wconf 79' lang='lat' dir='ltr'>Novatianus.</span> <span class='ocrx_word' id='word_1_319' title='bbox 1898 2428 2191 2482; x_wconf 89' lang='lat' dir='ltr'>communi</span> <span class='ocrx_word' id='word_1_320' title='bbox 2234 2432 2445 2481; x_wconf 89' lang='lat' dir='ltr'>asserta</span> <span class='ocrx_word' id='word_1_321' title='bbox 2490 2430 2623 2480; x_wconf 89' lang='lat' dir='ltr'>sunt</span> <span class='ocrx_word' id='word_1_322' title='bbox 2666 2427 2906 2480; x_wconf 80' lang='lat' dir='ltr'>firmiter</span> <span class='ocrx_word' id='word_1_323' title='bbox 2950 2429 3008 2479; x_wconf 89' lang='lat' dir='ltr'>et</span> <span class='ocrx_word' id='word_1_324' title='bbox 3047 2426 3304 2496; x_wconf 88' lang='lat' dir='ltr'>probata,</span> <span class='ocrx_word' id='word_1_325' title='bbox 3336 2448 3362 2474; x_wconf 88' lang='grc'>››</span> <span class='ocrx_word' id='word_1_326' title='bbox 3406 2432 3529 2479; x_wconf 87' lang='lat' dir='ltr'>tum</span> 
     </span>
    </p>
   </div>
   <div class='ocr_carea' id='block_1_25' title="bbox 256 2520 3529 2590">
    <p class='ocr_par' dir='ltr' id='par_1_25' title="bbox 256 2520 3529 2590">
     <span class='ocr_line' id='line_1_25' title="bbox 256 2520 3529 2590; baseline -0.001 -14"><span class='ocrx_word' id='word_1_327' title='bbox 256 2523 318 2576; x_wconf 88' lang='lat' dir='ltr'>De</span> <span class='ocrx_word' id='word_1_328' title='bbox 344 2522 699 2576; x_wconf 88' lang='lat' dir='ltr'>ordinatione</span> <span class='ocrx_word' id='word_1_329' title='bbox 727 2521 1017 2575; x_wconf 88' lang='lat' dir='ltr'>Novatiani</span> <span class='ocrx_word' id='word_1_330' title='bbox 1055 2537 1171 2574; x_wconf 91' lang='lat' dir='ltr'>non</span> <span class='ocrx_word' id='word_1_331' title='bbox 1204 2538 1317 2575; x_wconf 91' lang='lat' dir='ltr'>una</span> <span class='ocrx_word' id='word_1_332' title='bbox 1354 2526 1439 2575; x_wconf 88' lang='lat' dir='ltr'>est</span> <span class='ocrx_word' id='word_1_333' title='bbox 1467 2521 1795 2575; x_wconf 89' lang='lat' dir='ltr'>criticorum</span> <span class='ocrx_word' id='word_1_334' title='bbox 1898 2522 2130 2576; x_wconf 91' lang='lat' dir='ltr'>demum</span> <span class='ocrx_word' id='word_1_335' title='bbox 2178 2522 2389 2575; x_wconf 81' lang='lat' dir='ltr'>litteras</span> <span class='ocrx_word' id='word_1_336' title='bbox 2427 2521 2493 2573; x_wconf 89' lang='lat' dir='ltr'>ad</span> <span class='ocrx_word' id='word_1_337' title='bbox 2538 2520 2863 2575; x_wconf 83' lang='lat' dir='ltr'>Cornelium</span> <span class='ocrx_word' id='word_1_338' title='bbox 2905 2520 3192 2574; x_wconf 85' lang='lat' dir='ltr'>direxisse.</span> <span class='ocrx_word' id='word_1_339' title='bbox 3236 2522 3380 2590; x_wconf 89' lang='lat' dir='ltr'>Ergo</span> <span class='ocrx_word' id='word_1_340' title='bbox 3420 2521 3529 2573; x_wconf 83' lang='lat' dir='ltr'>No-</span> 
     </span>
    </p>
   </div>
   <div class='ocr_carea' id='block_1_26' title="bbox 200 2614 3533 2685">
    <p class='ocr_par' dir='ltr' id='par_1_26' title="bbox 200 2614 3533 2685">
     <span class='ocr_line' id='line_1_26' title="bbox 200 2614 3533 2685; baseline 0 -18"><span class='ocrx_word' id='word_1_341' title='bbox 200 2617 464 2669; x_wconf 82' lang='lat' dir='ltr'>sententia.</span> <span class='ocrx_word' id='word_1_342' title='bbox 512 2616 847 2669; x_wconf 88' lang='lat' dir='ltr'>Pearsonius</span> <span class='ocrx_word' id='word_1_343' title='bbox 885 2614 1010 2685; x_wconf 87' lang='lat' dir='ltr'>ipso</span> <span class='ocrx_word' id='word_1_344' title='bbox 1057 2631 1249 2669; x_wconf 89' lang='lat' dir='ltr'>mense</span> <span class='ocrx_word' id='word_1_345' title='bbox 1279 2615 1443 2685; x_wconf 89' lang='lat' dir='ltr'>junio</span> <span class='ocrx_word' id='word_1_346' title='bbox 1472 2615 1796 2668; x_wconf 90' lang='lat' dir='ltr'>ordinatum</span> <span class='ocrx_word' id='word_1_347' title='bbox 1898 2616 2102 2669; x_wconf 88' lang='lat' dir='ltr'>vatiani</span> <span class='ocrx_word' id='word_1_348' title='bbox 2149 2614 2324 2684; x_wconf 86' lang='lat' dir='ltr'>legati</span> <span class='ocrx_word' id='word_1_349' title='bbox 2367 2620 2496 2667; x_wconf 89' lang='lat' dir='ltr'>ante</span> <span class='ocrx_word' id='word_1_350' title='bbox 2548 2614 2948 2683; x_wconf 88' lang='lat' dir='ltr'>Carthaginem</span> <span class='ocrx_word' id='word_1_351' title='bbox 2994 2614 3151 2667; x_wconf 89' lang='lat' dir='ltr'>missi</span> <span class='ocrx_word' id='word_1_352' title='bbox 3190 2618 3321 2667; x_wconf 89' lang='lat' dir='ltr'>sunt</span> <span class='ocrx_word' id='word_1_353' title='bbox 3360 2631 3533 2684; x_wconf 89' lang='lat' dir='ltr'>quam</span> 
     </span>
    </p>
   </div>
   <div class='ocr_carea' id='block_1_27' title="bbox 199 2707 3533 2779">
    <p class='ocr_par' dir='ltr' id='par_1_27' title="bbox 199 2707 3533 2779">
     <span class='ocr_line' id='line_1_27' title="bbox 199 2707 3533 2779; baseline 0 -18"><span class='ocrx_word' id='word_1_354' title='bbox 199 2708 337 2763; x_wconf 85' lang='lat' dir='ltr'>fuisse</span> <span class='ocrx_word' id='word_1_355' title='bbox 398 2710 772 2763; x_wconf 84' lang='lat' dir='ltr'>Novatianum</span> <span class='ocrx_word' id='word_1_356' title='bbox 834 2711 1028 2778; x_wconf 89' lang='lat' dir='ltr'>putat,</span> <span class='ocrx_word' id='word_1_357' title='bbox 1085 2709 1319 2779; x_wconf 86' lang='lat' dir='ltr'>ejusque</span> <span class='ocrx_word' id='word_1_358' title='bbox 1382 2709 1596 2778; x_wconf 84' lang='lat' dir='ltr'>legatos</span> <span class='ocrx_word' id='word_1_359' title='bbox 1652 2709 1796 2779; x_wconf 87' lang='lat' dir='ltr'>julio</span> <span class='ocrx_word' id='word_1_360' title='bbox 1900 2709 2206 2764; x_wconf 87' lang='lat' dir='ltr'>Caldonius</span> <span class='ocrx_word' id='word_1_361' title='bbox 2232 2711 2288 2762; x_wconf 89' lang='lat' dir='ltr'>et</span> <span class='ocrx_word' id='word_1_362' title='bbox 2315 2709 2656 2761; x_wconf 85' lang='lat' dir='ltr'>Fortunatus</span> <span class='ocrx_word' id='word_1_363' title='bbox 2682 2710 2867 2762; x_wconf 86' lang='lat' dir='ltr'>Roma</span> <span class='ocrx_word' id='word_1_364' title='bbox 2894 2707 3127 2778; x_wconf 85' lang='lat' dir='ltr'>profecti</span> <span class='ocrx_word' id='word_1_365' title='bbox 3157 2708 3413 2775; x_wconf 87' lang='lat' dir='ltr'>fuissent,</span> <span class='ocrx_word' id='word_1_366' title='bbox 3447 2708 3533 2761; x_wconf 89' lang='lat' dir='ltr'>vel</span> 
     </span>
    </p>
   </div>
   <div class='ocr_carea' id='block_1_28' title="bbox 200 2802 3531 2872">
    <p class='ocr_par' dir='ltr' id='par_1_28' title="bbox 200 2802 3531 2872">
     <span class='ocr_line' id='line_1_28' title="bbox 200 2802 3531 2872; baseline 0.001 -19"><span class='ocrx_word' id='word_1_367' title='bbox 200 2803 402 2856; x_wconf 82' lang='lat' dir='ltr'>ineunte</span> <span class='ocrx_word' id='word_1_368' title='bbox 468 2802 879 2872; x_wconf 87' lang='lat' dir='ltr'>Carthaginem</span> <span class='ocrx_word' id='word_1_369' title='bbox 942 2802 1162 2855; x_wconf 87' lang='lat' dir='ltr'>venisse</span> <span class='ocrx_word' id='word_1_370' title='bbox 1217 2818 1231 2855; x_wconf 91' lang='lat'><strong>:</strong></span> <span class='ocrx_word' id='word_1_371' title='bbox 1286 2802 1677 2856; x_wconf 88' lang='lat' dir='ltr'>Tillemontius</span> <span class='ocrx_word' id='word_1_372' title='bbox 1740 2802 1799 2855; x_wconf 89' lang='lat' dir='ltr'>id</span> <span class='ocrx_word' id='word_1_373' title='bbox 1898 2803 2044 2857; x_wconf 90' lang='lat' dir='ltr'>forte</span> <span class='ocrx_word' id='word_1_374' title='bbox 2082 2802 2254 2856; x_wconf 90' lang='lat' dir='ltr'>etiam</span> <span class='ocrx_word' id='word_1_375' title='bbox 2300 2808 2611 2872; x_wconf 88' lang='lat' dir='ltr'>antequam</span> <span class='ocrx_word' id='word_1_376' title='bbox 2650 2802 2888 2856; x_wconf 84' lang='lat' dir='ltr'>Romam</span> <span class='ocrx_word' id='word_1_377' title='bbox 2925 2802 3337 2871; x_wconf 86' lang='lat' dir='ltr'>pervenissent.</span> <span class='ocrx_word' id='word_1_378' title='bbox 3368 2802 3531 2869; x_wconf 89' lang='lat' dir='ltr'>Nam,</span> 
     </span>
    </p>
   </div>
   <div class='ocr_carea' id='block_1_29' title="bbox 197 2895 3536 2967">
    <p class='ocr_par' dir='ltr' id='par_1_29' title="bbox 197 2895 3536 2967">
     <span class='ocr_line' id='line_1_29' title="bbox 197 2895 3536 2967; baseline 0 -20"><span class='ocrx_word' id='word_1_379' title='bbox 197 2896 462 2966; x_wconf 85' lang='lat' dir='ltr'>contigisse</span> <span class='ocrx_word' id='word_1_380' title='bbox 513 2896 818 2950; x_wconf 89' lang='lat' dir='ltr'>contendit</span> <span class='ocrx_word' id='word_1_381' title='bbox 864 2898 991 2965; x_wconf 90' lang='lat' dir='ltr'>post</span> <span class='ocrx_word' id='word_1_382' title='bbox 1046 2896 1472 2967; x_wconf 88' lang='lat' dir='ltr'>comprobatam</span> <span class='ocrx_word' id='word_1_383' title='bbox 1525 2896 1799 2951; x_wconf 70' lang='lat' dir='ltr'>universae</span> <span class='ocrx_word' id='word_1_384' title='bbox 1901 2897 1945 2950; x_wconf 91' lang='lat' dir='ltr'>si</span> <span class='ocrx_word' id='word_1_385' title='bbox 2002 2913 2091 2950; x_wconf 90' lang='lat' dir='ltr'>res</span> <span class='ocrx_word' id='word_1_386' title='bbox 2145 2896 2322 2951; x_wconf 91' lang='lat' dir='ltr'>oculis</span> <span class='ocrx_word' id='word_1_387' title='bbox 2373 2896 2489 2949; x_wconf 90' lang='lat' dir='ltr'>suis</span> <span class='ocrx_word' id='word_1_388' title='bbox 2547 2896 2843 2963; x_wconf 89' lang='lat' dir='ltr'>vidissent,</span> <span class='ocrx_word' id='word_1_389' title='bbox 2899 2912 2999 2948; x_wconf 93' lang='lat' dir='ltr'>cur</span> <span class='ocrx_word' id='word_1_390' title='bbox 3054 2895 3257 2949; x_wconf 89' lang='lat' dir='ltr'>litteris</span> <span class='ocrx_word' id='word_1_391' title='bbox 3311 2898 3536 2949; x_wconf 89' lang='lat' dir='ltr'>tantum</span> 
     </span>
    </p>
   </div>
   <div class='ocr_carea' id='block_1_30' title="bbox 197 2989 3532 3061">
    <p class='ocr_par' dir='ltr' id='par_1_30' title="bbox 197 2989 3532 3061">
     <span class='ocr_line' id='line_1_30' title="bbox 197 2989 3532 3061; baseline 0.001 -22"><span class='ocrx_word' id='word_1_392' title='bbox 197 2989 364 3042; x_wconf 68' lang='lat' dir='ltr'>Africae</span> <span class='ocrx_word' id='word_1_393' title='bbox 412 2989 635 3059; x_wconf 88' lang='lat' dir='ltr'>judicio</span> <span class='ocrx_word' id='word_1_394' title='bbox 684 2989 1105 3043; x_wconf 87' lang='lat' dir='ltr'>ordinationem</span> <span class='ocrx_word' id='word_1_395' title='bbox 1157 2989 1423 3044; x_wconf 89' lang='lat' dir='ltr'>Cornelii.</span> <span class='ocrx_word' id='word_1_396' title='bbox 1480 2991 1597 3043; x_wconf 92' lang='lat' dir='ltr'>Non</span> <span class='ocrx_word' id='word_1_397' title='bbox 1652 2990 1801 3045; x_wconf 90' lang='lat' dir='ltr'>leves</span> <span class='ocrx_word' id='word_1_398' title='bbox 1899 3007 2043 3061; x_wconf 89' lang='lat' dir='ltr'>quas</span> <span class='ocrx_word' id='word_1_399' title='bbox 2076 2991 2412 3059; x_wconf 88' lang='lat' dir='ltr'>attulerunt,</span> <span class='ocrx_word' id='word_1_400' title='bbox 2447 3006 2508 3044; x_wconf 90' lang='lat' dir='ltr'>ac</span> <span class='ocrx_word' id='word_1_401' title='bbox 2538 3006 2649 3043; x_wconf 92' lang='lat' dir='ltr'>non</span> <span class='ocrx_word' id='word_1_402' title='bbox 2679 2990 2865 3059; x_wconf 90' lang='lat' dir='ltr'>potius</span> <span class='ocrx_word' id='word_1_403' title='bbox 2893 2994 3087 3043; x_wconf 89' lang='lat' dir='ltr'>eorum</span> <span class='ocrx_word' id='word_1_404' title='bbox 3121 3006 3344 3060; x_wconf 91' lang='lat' dir='ltr'>quoque</span> <span class='ocrx_word' id='word_1_405' title='bbox 3376 2989 3532 3043; x_wconf 89' lang='lat' dir='ltr'>testi-</span> 
     </span>
    </p>
   </div>
   <div class='ocr_carea' id='block_1_31' title="bbox 196 3082 3539 3154">
    <p class='ocr_par' dir='ltr' id='par_1_31' title="bbox 196 3082 3539 3154">
     <span class='ocr_line' id='line_1_31' title="bbox 196 3082 3539 3154; baseline 0.001 -21"><span class='ocrx_word' id='word_1_406' title='bbox 196 3083 416 3137; x_wconf 87' lang='lat' dir='ltr'>rationes</span> <span class='ocrx_word' id='word_1_407' title='bbox 467 3082 819 3153; x_wconf 89' lang='lat' dir='ltr'>persuadent</span> <span class='ocrx_word' id='word_1_408' title='bbox 868 3083 1086 3137; x_wconf 87' lang='lat' dir='ltr'>facinus</span> <span class='ocrx_word' id='word_1_409' title='bbox 1132 3083 1442 3136; x_wconf 90' lang='lat' dir='ltr'>admissum</span> <span class='ocrx_word' id='word_1_410' title='bbox 1486 3084 1657 3137; x_wconf 87' lang='lat' dir='ltr'>fuisse</span> <span class='ocrx_word' id='word_1_411' title='bbox 1707 3101 1801 3137; x_wconf 91' lang='lat' dir='ltr'>an-</span> <span class='ocrx_word' id='word_1_412' title='bbox 1824 3125 1873 3154; x_wconf 63' lang='grc' dir='ltr'>η</span> <span class='ocrx_word' id='word_1_413' title='bbox 1903 3084 2092 3137; x_wconf 88' lang='lat' dir='ltr'>monio</span> <span class='ocrx_word' id='word_1_414' title='bbox 2114 3084 2396 3137; x_wconf 90' lang='lat' dir='ltr'>niteretur</span> <span class='ocrx_word' id='word_1_415' title='bbox 2417 3084 2752 3153; x_wconf 76' lang='lat' dir='ltr'>Cyprianus,</span> <span class='ocrx_word' id='word_1_416' title='bbox 2777 3082 3263 3154; x_wconf 87' lang='lat' dir='ltr'>quemadmodum</span> <span class='ocrx_word' id='word_1_417' title='bbox 3284 3082 3539 3153; x_wconf 87' lang='lat' dir='ltr'>Pompeii</span> 
     </span>
    </p>
   </div>
   <div class='ocr_carea' id='block_1_32' title="bbox 198 3125 3539 3247">
    <p class='ocr_par' dir='ltr' id='par_1_32' title="bbox 198 3125 3539 3247">
     <span class='ocr_line' id='line_1_32' title="bbox 198 3125 3539 3154; baseline 0 -17"><span class='ocrx_word' id='word_1_418' title='bbox 198 3125 416 3137; x_wconf 56' lang='grc' dir='ltr'>.-.πηνα</span> <span class='ocrx_word' id='word_1_419' title='bbox 467 3125 819 3153; x_wconf 56' lang='grc' dir='ltr'>γυνη-η..-</span> <span class='ocrx_word' id='word_1_420' title='bbox 868 3125 1085 3137; x_wconf 47' lang='lat' dir='ltr'>me...“</span> <span class='ocrx_word' id='word_1_421' title='bbox 1132 3125 1442 3136; x_wconf 49' lang='lat' dir='ltr'>“unus...”</span> <span class='ocrx_word' id='word_1_422' title='bbox 1486 3125 1657 3137; x_wconf 52' lang='grc' dir='ltr'>,ωηεν</span> <span class='ocrx_word' id='word_1_423' title='bbox 1707 3125 1777 3137; x_wconf 72' lang='grc' dir='ltr'>υ...</span> <span class='ocrx_word' id='word_1_424' title='bbox 1905 3125 2386 3137; x_wconf 62' lang='grc' dir='ltr'>...ωηυηηωυηη</span> <span class='ocrx_word' id='word_1_425' title='bbox 2420 3125 3539 3154; x_wconf 50' lang='grc' dir='ltr'>μυκωμω,γνηηηηηυμυμηνων.-</span> 
     </span>
     <span class='ocr_line' id='line_1_33' title="bbox 198 3125 3539 3247; baseline 0.001 -20"><span class='ocrx_word' id='word_1_426' title='bbox 198 3177 397 3245; x_wconf 79' lang='lat' dir='ltr'>tequam</span> <span class='ocrx_word' id='word_1_427' title='bbox 451 3178 641 3232; x_wconf 73' lang='lat' dir='ltr'>Africa</span> <span class='ocrx_word' id='word_1_428' title='bbox 691 3176 1105 3231; x_wconf 87' lang='lat' dir='ltr'>ordinationem</span> <span class='ocrx_word' id='word_1_429' title='bbox 1164 3177 1411 3230; x_wconf 89' lang='lat' dir='ltr'>Cornelii</span> <span class='ocrx_word' id='word_1_430' title='bbox 1462 3125 1875 3231; x_wconf 82' lang='lat' dir='ltr'>testimoniisC</span> <span class='ocrx_word' id='word_1_431' title='bbox 1904 3182 1961 3232; x_wconf 92' lang='lat' dir='ltr'>et</span> <span class='ocrx_word' id='word_1_432' title='bbox 2002 3177 2273 3247; x_wconf 88' lang='lat' dir='ltr'>Stephani</span> <span class='ocrx_word' id='word_1_433' title='bbox 2320 3177 2647 3231; x_wconf 87' lang='lat' dir='ltr'>testimonio</span> <span class='ocrx_word' id='word_1_434' title='bbox 2694 3177 2930 3231; x_wconf 86' lang='lat' dir='ltr'>nititur?</span> <span class='ocrx_word' id='word_1_435' title='bbox 2971 3179 3250 3231; x_wconf 76' lang='lat' dir='ltr'>Praeterea</span> <span class='ocrx_word' id='word_1_436' title='bbox 3301 3179 3539 3230; x_wconf 88' lang='lat' dir='ltr'>testatur</span> 
     </span>
    </p>
   </div>
   <div class='ocr_carea' id='block_1_33' title="bbox 196 3270 3539 3341">
    <p class='ocr_par' dir='ltr' id='par_1_33' title="bbox 196 3270 3539 3341">
     <span class='ocr_line' id='line_1_34' title="bbox 196 3270 3539 3341; baseline 0.001 -21"><span class='ocrx_word' id='word_1_437' title='bbox 196 3270 289 3323; x_wconf 85' lang='lat' dir='ltr'>suis</span> <span class='ocrx_word' id='word_1_438' title='bbox 328 3272 721 3325; x_wconf 83' lang='lat' dir='ltr'>conﬁrmaret.</span> <span class='ocrx_word' id='word_1_439' title='bbox 761 3270 887 3335; x_wconf 90' lang='lat' dir='ltr'>Sed,</span> <span class='ocrx_word' id='word_1_440' title='bbox 930 3276 1233 3341; x_wconf 90' lang='lat' dir='ltr'>antequam</span> <span class='ocrx_word' id='word_1_441' title='bbox 1276 3270 1332 3323; x_wconf 93' lang='lat' dir='ltr'>id</span> <span class='ocrx_word' id='word_1_442' title='bbox 1378 3271 1621 3340; x_wconf 85' lang='lat' dir='ltr'>probare</span> <span class='ocrx_word' id='word_1_443' title='bbox 1664 3271 1799 3325; x_wconf 83' lang='lat' dir='ltr'>inci-</span> <span class='ocrx_word' id='word_1_444' title='bbox 1903 3271 2215 3341; x_wconf 82' lang='lat' dir='ltr'>Cyprianus</span> <span class='ocrx_word' id='word_1_445' title='bbox 2248 3271 2304 3324; x_wconf 93' lang='lat' dir='ltr'>in</span> <span class='ocrx_word' id='word_1_446' title='bbox 2344 3271 2508 3341; x_wconf 90' lang='lat' dir='ltr'>epist.</span> <span class='ocrx_word' id='word_1_447' title='bbox 2543 3272 2599 3324; x_wconf 78' lang='grc'>41</span> <span class='ocrx_word' id='word_1_448' title='bbox 2650 3287 2709 3324; x_wconf 90' lang='lat' dir='ltr'>se</span> <span class='ocrx_word' id='word_1_449' title='bbox 2748 3292 2772 3317; x_wconf 89' lang='grc'>‹‹</span> <span class='ocrx_word' id='word_1_450' title='bbox 2807 3287 2873 3324; x_wconf 77' lang='lat' dir='ltr'>ex</span> <span class='ocrx_word' id='word_1_451' title='bbox 2912 3271 3133 3338; x_wconf 89' lang='lat' dir='ltr'>litteris,</span> <span class='ocrx_word' id='word_1_452' title='bbox 3170 3287 3309 3341; x_wconf 88' lang='lat' dir='ltr'>quas</span> <span class='ocrx_word' id='word_1_453' title='bbox 3344 3286 3539 3323; x_wconf 90' lang='lat' dir='ltr'>secum</span> 
     </span>
    </p>
   </div>
   <div class='ocr_carea' id='block_1_34' title="bbox 196 3362 3539 3436">
    <p class='ocr_par' dir='ltr' id='par_1_34' title="bbox 196 3362 3539 3436">
     <span class='ocr_line' id='line_1_35' title="bbox 196 3362 3539 3436; baseline 0.001 -21"><span class='ocrx_word' id='word_1_454' title='bbox 196 3362 344 3431; x_wconf 87' lang='lat' dir='ltr'>piam,</span> <span class='ocrx_word' id='word_1_455' title='bbox 375 3365 565 3419; x_wconf 87' lang='lat' dir='ltr'>obiter</span> <span class='ocrx_word' id='word_1_456' title='bbox 600 3364 906 3419; x_wconf 88' lang='lat' dir='ltr'>observabo</span> <span class='ocrx_word' id='word_1_457' title='bbox 942 3364 1306 3418; x_wconf 89' lang='lat' dir='ltr'>Pearsonium</span> <span class='ocrx_word' id='word_1_458' title='bbox 1338 3365 1399 3417; x_wconf 90' lang='lat' dir='ltr'>in</span> <span class='ocrx_word' id='word_1_459' title='bbox 1438 3365 1527 3418; x_wconf 87' lang='lat' dir='ltr'>his</span> <span class='ocrx_word' id='word_1_460' title='bbox 1567 3382 1693 3436; x_wconf 66' lang='lat' dir='ltr'>quae</span> <span class='ocrx_word' id='word_1_461' title='bbox 1735 3366 1803 3419; x_wconf 90' lang='lat' dir='ltr'>ad</span> <span class='ocrx_word' id='word_1_462' title='bbox 1903 3365 2164 3420; x_wconf 86' lang='lat' dir='ltr'>ferebant</span> <span class='ocrx_word' id='word_1_463' title='bbox 2222 3365 2393 3434; x_wconf 87' lang='lat' dir='ltr'>legati</span> <span class='ocrx_word' id='word_1_464' title='bbox 2448 3365 2741 3419; x_wconf 83' lang='lat' dir='ltr'>Novatiani</span> <span class='ocrx_word' id='word_1_465' title='bbox 2797 3371 2854 3418; x_wconf 88' lang='lat' dir='ltr'>et</span> <span class='ocrx_word' id='word_1_466' title='bbox 2906 3382 2973 3419; x_wconf 86' lang='lat' dir='ltr'>ex</span> <span class='ocrx_word' id='word_1_467' title='bbox 3025 3381 3223 3419; x_wconf 90' lang='lat' dir='ltr'>eorum</span> <span class='ocrx_word' id='word_1_468' title='bbox 3275 3380 3539 3419; x_wconf 90' lang='lat' dir='ltr'>sermone</span> 
     </span>
    </p>
   </div>
   <div class='ocr_carea' id='block_1_35' title="bbox 196 3456 3538 3530">
    <p class='ocr_par' dir='ltr' id='par_1_35' title="bbox 196 3456 3538 3530">
     <span class='ocr_line' id='line_1_36' title="bbox 196 3456 3538 3530; baseline 0.001 -21"><span class='ocrx_word' id='word_1_469' title='bbox 196 3456 414 3513; x_wconf 82' lang='lat' dir='ltr'>Cornelii</span> <span class='ocrx_word' id='word_1_470' title='bbox 444 3458 873 3513; x_wconf 87' lang='lat' dir='ltr'>ordinationem</span> <span class='ocrx_word' id='word_1_471' title='bbox 911 3461 1170 3527; x_wconf 89' lang='lat' dir='ltr'>spectant</span> <span class='ocrx_word' id='word_1_472' title='bbox 1196 3457 1589 3529; x_wconf 86' lang='lat' dir='ltr'>dispensandis</span> <span class='ocrx_word' id='word_1_473' title='bbox 1620 3459 1804 3512; x_wconf 90' lang='lat' dir='ltr'>minus</span> <span class='ocrx_word' id='word_1_474' title='bbox 1906 3466 2077 3530; x_wconf 89' lang='lat' dir='ltr'>atque</span> <span class='ocrx_word' id='word_1_475' title='bbox 2128 3458 2564 3527; x_wconf 87' lang='lat' dir='ltr'>asseveratione,</span> <span class='ocrx_word' id='word_1_476' title='bbox 2616 3460 2995 3513; x_wconf 76' lang='lat' dir='ltr'>Novatianum</span> <span class='ocrx_word' id='word_1_477' title='bbox 3044 3459 3371 3529; x_wconf 91' lang='lat' dir='ltr'>episcopum</span> <span class='ocrx_word' id='word_1_478' title='bbox 3424 3460 3538 3513; x_wconf 85' lang='lat' dir='ltr'>fac-</span> 
     </span>
    </p>
   </div>
   <div class='ocr_carea' id='block_1_36' title="bbox 194 3551 3541 3623">
    <p class='ocr_par' dir='ltr' id='par_1_36' title="bbox 194 3551 3541 3623">
     <span class='ocr_line' id='line_1_37' title="bbox 194 3551 3541 3623; baseline 0.001 -22"><span class='ocrx_word' id='word_1_479' title='bbox 194 3555 420 3605; x_wconf 85' lang='lat' dir='ltr'>accurate</span> <span class='ocrx_word' id='word_1_480' title='bbox 471 3552 711 3607; x_wconf 86' lang='lat' dir='ltr'>versari.</span> <span class='ocrx_word' id='word_1_481' title='bbox 769 3551 861 3605; x_wconf 88' lang='lat' dir='ltr'>Ait</span> <span class='ocrx_word' id='word_1_482' title='bbox 917 3552 1073 3606; x_wconf 89' lang='lat' dir='ltr'>enim</span> <span class='ocrx_word' id='word_1_483' title='bbox 1126 3572 1153 3600; x_wconf 80' lang='grc'><strong>‹‹</strong></span> <span class='ocrx_word' id='word_1_484' title='bbox 1216 3568 1413 3605; x_wconf 90' lang='lat' dir='ltr'>mense</span> <span class='ocrx_word' id='word_1_485' title='bbox 1458 3552 1622 3621; x_wconf 88' lang='lat' dir='ltr'>junio</span> <span class='ocrx_word' id='word_1_486' title='bbox 1680 3553 1804 3623; x_wconf 90' lang='lat' dir='ltr'>jam</span> <span class='ocrx_word' id='word_1_487' title='bbox 1908 3559 2029 3607; x_wconf 90' lang='lat' dir='ltr'>tum</span> <span class='ocrx_word' id='word_1_488' title='bbox 2074 3575 2099 3601; x_wconf 86' lang='grc'><strong>››</strong></span> <span class='ocrx_word' id='word_1_489' title='bbox 2144 3552 2508 3623; x_wconf 87' lang='lat' dir='ltr'>comperisse.</span> <span class='ocrx_word' id='word_1_490' title='bbox 2552 3553 2705 3607; x_wconf 90' lang='lat' dir='ltr'>Unde</span> <span class='ocrx_word' id='word_1_491' title='bbox 2749 3558 2907 3623; x_wconf 87' lang='lat' dir='ltr'>patet</span> <span class='ocrx_word' id='word_1_492' title='bbox 2954 3553 3203 3623; x_wconf 91' lang='lat' dir='ltr'>primum</span> <span class='ocrx_word' id='word_1_493' title='bbox 3249 3553 3418 3622; x_wconf 80' lang='lat' dir='ltr'>hujus</span> <span class='ocrx_word' id='word_1_494' title='bbox 3460 3552 3541 3607; x_wconf 88' lang='lat' dir='ltr'>rei</span> 
     </span>
    </p>
   </div>
   <div class='ocr_carea' id='block_1_37' title="bbox 194 3643 3541 3717">
    <p class='ocr_par' dir='ltr' id='par_1_37' title="bbox 194 3643 3541 3717">
     <span class='ocr_line' id='line_1_38' title="bbox 194 3643 3541 3717; baseline 0.001 -22"><span class='ocrx_word' id='word_1_495' title='bbox 194 3643 367 3700; x_wconf 69' lang='lat' dir='ltr'>affecto</span> <span class='ocrx_word' id='word_1_496' title='bbox 394 3647 746 3717; x_wconf 66' lang='lat' dir='ltr'>Cyprianum</span> <span class='ocrx_word' id='word_1_497' title='bbox 785 3647 1066 3716; x_wconf 89' lang='lat' dir='ltr'>accepisse</span> <span class='ocrx_word' id='word_1_498' title='bbox 1094 3646 1339 3701; x_wconf 89' lang='lat' dir='ltr'>Cornelii</span> <span class='ocrx_word' id='word_1_499' title='bbox 1371 3649 1427 3699; x_wconf 90' lang='lat' dir='ltr'>et</span> <span class='ocrx_word' id='word_1_500' title='bbox 1455 3646 1803 3717; x_wconf 88' lang='lat' dir='ltr'>collegarum</span> <span class='ocrx_word' id='word_1_501' title='bbox 1907 3647 2174 3701; x_wconf 90' lang='lat' dir='ltr'>nuntium</span> <span class='ocrx_word' id='word_1_502' title='bbox 2224 3664 2255 3699; x_wconf 90' lang='lat' dir='ltr'>a</span> <span class='ocrx_word' id='word_1_503' title='bbox 2304 3646 2511 3717; x_wconf 90' lang='lat' dir='ltr'>legatis</span> <span class='ocrx_word' id='word_1_504' title='bbox 2560 3647 2858 3701; x_wconf 86' lang='lat' dir='ltr'>Novatiani</span> <span class='ocrx_word' id='word_1_505' title='bbox 2911 3647 3144 3700; x_wconf 88' lang='lat' dir='ltr'>allatum</span> <span class='ocrx_word' id='word_1_506' title='bbox 3197 3646 3385 3715; x_wconf 84' lang='lat' dir='ltr'>fuisse,</span> <span class='ocrx_word' id='word_1_507' title='bbox 3436 3662 3541 3701; x_wconf 89' lang='lat' dir='ltr'>nec</span> 
     </span>
    </p>
   </div>
   <div class='ocr_carea' id='block_1_38' title="bbox 194 3738 3541 3812">
    <p class='ocr_par' dir='ltr' id='par_1_38' title="bbox 194 3738 3541 3812">
     <span class='ocr_line' id='line_1_39' title="bbox 194 3738 3541 3812; baseline 0.001 -23"><span class='ocrx_word' id='word_1_508' title='bbox 194 3738 402 3793; x_wconf 84' lang='lat' dir='ltr'>litteras.</span> <span class='ocrx_word' id='word_1_509' title='bbox 433 3763 461 3787; x_wconf 68' lang='grc' dir='ltr'>ί(</span> <span class='ocrx_word' id='word_1_510' title='bbox 494 3739 613 3796; x_wconf 90' lang='lat' dir='ltr'>Sed</span> <span class='ocrx_word' id='word_1_511' title='bbox 639 3756 705 3793; x_wconf 82' lang='lat' dir='ltr'>ex</span> <span class='ocrx_word' id='word_1_512' title='bbox 733 3740 820 3793; x_wconf 89' lang='lat' dir='ltr'>his</span> <span class='ocrx_word' id='word_1_513' title='bbox 848 3756 973 3809; x_wconf 64' lang='lat' dir='ltr'>quae</span> <span class='ocrx_word' id='word_1_514' title='bbox 994 3740 1117 3809; x_wconf 86' lang='lat' dir='ltr'>jam</span> <span class='ocrx_word' id='word_1_515' title='bbox 1155 3740 1400 3794; x_wconf 83' lang='lat' dir='ltr'>diximus</span> <span class='ocrx_word' id='word_1_516' title='bbox 1437 3757 1500 3793; x_wconf 89' lang='lat' dir='ltr'>ac</span> <span class='ocrx_word' id='word_1_517' title='bbox 1539 3741 1806 3812; x_wconf 89' lang='lat' dir='ltr'>deinceps</span> <span class='ocrx_word' id='word_1_518' title='bbox 1907 3756 2256 3812; x_wconf 88' lang='lat' dir='ltr'>quemquam</span> <span class='ocrx_word' id='word_1_519' title='bbox 2284 3740 2343 3793; x_wconf 93' lang='lat' dir='ltr'>in</span> <span class='ocrx_word' id='word_1_520' title='bbox 2371 3740 2557 3793; x_wconf 86' lang='lat' dir='ltr'>Africa</span> <span class='ocrx_word' id='word_1_521' title='bbox 2585 3740 2933 3794; x_wconf 84' lang='lat' dir='ltr'>horrendum</span> <span class='ocrx_word' id='word_1_522' title='bbox 2973 3740 3153 3793; x_wconf 89' lang='lat' dir='ltr'>scelus</span> <span class='ocrx_word' id='word_1_523' title='bbox 3183 3744 3312 3794; x_wconf 89' lang='lat' dir='ltr'>ante</span> <span class='ocrx_word' id='word_1_524' title='bbox 3344 3756 3541 3794; x_wconf 84' lang='lat' dir='ltr'>eorum</span> 
     </span>
    </p>
   </div>
   <div class='ocr_carea' id='block_1_39' title="bbox 194 3830 3541 3904">
    <p class='ocr_par' dir='ltr' id='par_1_39' title="bbox 194 3830 3541 3904">
     <span class='ocr_line' id='line_1_40' title="bbox 194 3830 3541 3904; baseline 0.001 -21"><span class='ocrx_word' id='word_1_525' title='bbox 194 3830 442 3901; x_wconf 89' lang='lat' dir='ltr'>dicemus,</span> <span class='ocrx_word' id='word_1_526' title='bbox 475 3833 822 3904; x_wconf 89' lang='lat' dir='ltr'>perspicitur</span> <span class='ocrx_word' id='word_1_527' title='bbox 860 3833 1155 3904; x_wconf 88' lang='lat' dir='ltr'>episcopos</span> <span class='ocrx_word' id='word_1_528' title='bbox 1182 3834 1360 3900; x_wconf 79' lang='lat' dir='ltr'>Afros,</span> <span class='ocrx_word' id='word_1_529' title='bbox 1389 3834 1630 3904; x_wconf 90' lang='lat' dir='ltr'>acceptis</span> <span class='ocrx_word' id='word_1_530' title='bbox 1673 3837 1803 3891; x_wconf 87' lang='lat' dir='ltr'>Cor-</span> <span class='ocrx_word' id='word_1_531' title='bbox 1909 3835 2213 3889; x_wconf 90' lang='lat' dir='ltr'>adventum</span> <span class='ocrx_word' id='word_1_532' title='bbox 2256 3834 2601 3904; x_wconf 87' lang='lat' dir='ltr'>suspicatum</span> <span class='ocrx_word' id='word_1_533' title='bbox 2645 3834 2835 3888; x_wconf 87' lang='lat' dir='ltr'>fuisse.</span> <span class='ocrx_word' id='word_1_534' title='bbox 2868 3837 2944 3889; x_wconf 85' lang='lat' dir='ltr'>Ex</span> <span class='ocrx_word' id='word_1_535' title='bbox 2985 3850 3095 3903; x_wconf 91' lang='lat' dir='ltr'>quo</span> <span class='ocrx_word' id='word_1_536' title='bbox 3133 3834 3303 3888; x_wconf 88' lang='lat' dir='ltr'>etiam</span> <span class='ocrx_word' id='word_1_537' title='bbox 3334 3834 3541 3889; x_wconf 84' lang='lat' dir='ltr'>conﬁr-</span> 
     </span>
    </p>
   </div>
   <div class='ocr_carea' id='block_1_40' title="bbox 191 3927 3544 4000">
    <p class='ocr_par' dir='ltr' id='par_1_40' title="bbox 191 3927 3544 4000">
     <span class='ocr_line' id='line_1_41' title="bbox 191 3927 3544 4000; baseline 0.001 -23"><span class='ocrx_word' id='word_1_538' title='bbox 191 3927 308 3979; x_wconf 89' lang='lat' dir='ltr'>nelii</span> <span class='ocrx_word' id='word_1_539' title='bbox 335 3928 565 3995; x_wconf 84' lang='lat' dir='ltr'>litteris,</span> <span class='ocrx_word' id='word_1_540' title='bbox 601 3927 948 3982; x_wconf 87' lang='lat' dir='ltr'>desiderasse</span> <span class='ocrx_word' id='word_1_541' title='bbox 978 3927 1155 3997; x_wconf 89' lang='lat' dir='ltr'>ipsius</span> <span class='ocrx_word' id='word_1_542' title='bbox 1190 3929 1533 3998; x_wconf 88' lang='lat' dir='ltr'>collegarum</span> <span class='ocrx_word' id='word_1_543' title='bbox 1566 3928 1805 3997; x_wconf 88' lang='lat' dir='ltr'>litteras,</span> <span class='ocrx_word' id='word_1_544' title='bbox 1908 3934 2096 3982; x_wconf 89' lang='lat' dir='ltr'>matur</span> <span class='ocrx_word' id='word_1_545' title='bbox 2119 3929 2270 4000; x_wconf 89' lang='lat' dir='ltr'>quod</span> <span class='ocrx_word' id='word_1_546' title='bbox 2299 3929 2415 3998; x_wconf 90' lang='lat' dir='ltr'>jam</span> <span class='ocrx_word' id='word_1_547' title='bbox 2450 3927 2713 3993; x_wconf 85' lang='lat' dir='ltr'>diximus,</span> <span class='ocrx_word' id='word_1_548' title='bbox 2748 3945 2840 3982; x_wconf 91' lang='lat' dir='ltr'>eos</span> <span class='ocrx_word' id='word_1_549' title='bbox 2880 3928 3170 3982; x_wconf 87' lang='lat' dir='ltr'>advenisse</span> <span class='ocrx_word' id='word_1_550' title='bbox 3209 3945 3323 3981; x_wconf 91' lang='lat' dir='ltr'>non</span> <span class='ocrx_word' id='word_1_551' title='bbox 3360 3928 3544 3982; x_wconf 90' lang='lat' dir='ltr'>solum</span> 
     </span>
    </p>
   </div>
   <div class='ocr_carea' id='block_1_41' title="bbox 191 4021 3544 4093">
    <p class='ocr_par' dir='ltr' id='par_1_41' title="bbox 191 4021 3544 4093">
     <span class='ocr_line' id='line_1_42' title="bbox 191 4021 3544 4093; baseline 0.001 -19"><span class='ocrx_word' id='word_1_552' title='bbox 191 4034 243 4070; x_wconf 80' lang='lat' dir='ltr'>ac</span> <span class='ocrx_word' id='word_1_553' title='bbox 277 4025 391 4075; x_wconf 89' lang='lat' dir='ltr'>tum</span> <span class='ocrx_word' id='word_1_554' title='bbox 436 4022 680 4076; x_wconf 90' lang='lat' dir='ltr'>demum</span> <span class='ocrx_word' id='word_1_555' title='bbox 721 4021 790 4075; x_wconf 90' lang='lat' dir='ltr'>ad</span> <span class='ocrx_word' id='word_1_556' title='bbox 829 4021 1171 4075; x_wconf 81' lang='lat' dir='ltr'>ﬁrmandam</span> <span class='ocrx_word' id='word_1_557' title='bbox 1216 4021 1461 4076; x_wconf 88' lang='lat' dir='ltr'>Cornelii</span> <span class='ocrx_word' id='word_1_558' title='bbox 1504 4023 1805 4076; x_wconf 87' lang='lat' dir='ltr'>ordinatio-</span> <span class='ocrx_word' id='word_1_559' title='bbox 1908 4028 2039 4076; x_wconf 87' lang='lat' dir='ltr'>ante</span> <span class='ocrx_word' id='word_1_560' title='bbox 2061 4023 2393 4093; x_wconf 87' lang='lat' dir='ltr'>Pompeium</span> <span class='ocrx_word' id='word_1_561' title='bbox 2418 4026 2473 4076; x_wconf 90' lang='lat' dir='ltr'>et</span> <span class='ocrx_word' id='word_1_562' title='bbox 2496 4022 2849 4093; x_wconf 89' lang='lat' dir='ltr'>Stephanum</span> <span class='ocrx_word' id='word_1_563' title='bbox 2873 4040 2905 4076; x_wconf 91' lang='lat' dir='ltr'>a</span> <span class='ocrx_word' id='word_1_564' title='bbox 2931 4044 2957 4070; x_wconf 89' lang='grc'>‹‹</span> <span class='ocrx_word' id='word_1_565' title='bbox 2982 4022 3185 4092; x_wconf 90' lang='lat' dir='ltr'>quibus</span> <span class='ocrx_word' id='word_1_566' title='bbox 3208 4022 3328 4076; x_wconf 65' lang='lat' dir='ltr'>haec</span> <span class='ocrx_word' id='word_1_567' title='bbox 3354 4023 3544 4076; x_wconf 90' lang='lat' dir='ltr'>omnia</span> 
     </span>
    </p>
   </div>
   <div class='ocr_carea' id='block_1_42' title="bbox 191 4115 3544 4187">
    <p class='ocr_par' dir='ltr' id='par_1_42' title="bbox 191 4115 3544 4187">
     <span class='ocr_line' id='line_1_43' title="bbox 191 4115 3544 4187; baseline 0.001 -22"><span class='ocrx_word' id='word_1_568' title='bbox 191 4129 305 4168; x_wconf 89' lang='lat' dir='ltr'>nem</span> <span class='ocrx_word' id='word_1_569' title='bbox 335 4116 692 4179; x_wconf 87' lang='lat' dir='ltr'>incubuisse,</span> <span class='ocrx_word' id='word_1_570' title='bbox 722 4132 850 4170; x_wconf 91' lang='lat' dir='ltr'>cum</span> <span class='ocrx_word' id='word_1_571' title='bbox 893 4116 997 4169; x_wconf 88' lang='lat' dir='ltr'>has</span> <span class='ocrx_word' id='word_1_572' title='bbox 1023 4116 1372 4186; x_wconf 88' lang='lat' dir='ltr'>collegarum</span> <span class='ocrx_word' id='word_1_573' title='bbox 1398 4115 1610 4170; x_wconf 89' lang='lat' dir='ltr'>litteras</span> <span class='ocrx_word' id='word_1_574' title='bbox 1636 4116 1809 4187; x_wconf 88' lang='lat' dir='ltr'>legati</span> <span class='ocrx_word' id='word_1_575' title='bbox 1910 4119 2125 4171; x_wconf 88' lang='lat' dir='ltr'>asserta</span> <span class='ocrx_word' id='word_1_576' title='bbox 2155 4122 2207 4170; x_wconf 88' lang='lat' dir='ltr'>et</span> <span class='ocrx_word' id='word_1_577' title='bbox 2235 4116 2496 4185; x_wconf 89' lang='lat' dir='ltr'>probata,</span> <span class='ocrx_word' id='word_1_578' title='bbox 2522 4138 2548 4165; x_wconf 87' lang='grc'>››</span> <span class='ocrx_word' id='word_1_579' title='bbox 2580 4132 2787 4186; x_wconf 91' lang='lat' dir='ltr'>nempe</span> <span class='ocrx_word' id='word_1_580' title='bbox 2816 4115 3141 4186; x_wconf 90' lang='lat' dir='ltr'>episcopum</span> <span class='ocrx_word' id='word_1_581' title='bbox 3172 4116 3544 4169; x_wconf 89' lang='lat' dir='ltr'>constitutum</span> 
     </span>
    </p>
   </div>
   <div class='ocr_carea' id='block_1_43' title="bbox 191 4208 3544 4265">
    <p class='ocr_par' dir='ltr' id='par_1_43' title="bbox 191 4208 3544 4265">
     <span class='ocr_line' id='line_1_44' title="bbox 191 4208 3544 4265; baseline 0.001 -6"><span class='ocrx_word' id='word_1_582' title='bbox 191 4208 513 4263; x_wconf 87' lang='lat' dir='ltr'>retulerunt.</span> <span class='ocrx_word' id='word_1_583' title='bbox 572 4211 711 4265; x_wconf 90' lang='lat' dir='ltr'>Cum</span> <span class='ocrx_word' id='word_1_584' title='bbox 777 4215 973 4263; x_wconf 89' lang='lat' dir='ltr'>autem</span> <span class='ocrx_word' id='word_1_585' title='bbox 1038 4209 1338 4263; x_wconf 89' lang='lat' dir='ltr'>ordinatus</span> <span class='ocrx_word' id='word_1_586' title='bbox 1386 4210 1561 4264; x_wconf 84' lang='lat' dir='ltr'>fuerit</span> <span class='ocrx_word' id='word_1_587' title='bbox 1613 4226 1810 4264; x_wconf 90' lang='lat' dir='ltr'>mense</span> <span class='ocrx_word' id='word_1_588' title='bbox 1912 4226 2029 4263; x_wconf 90' lang='lat' dir='ltr'>esse</span> <span class='ocrx_word' id='word_1_589' title='bbox 2060 4226 2092 4263; x_wconf 89' lang='lat' dir='ltr'>a</span> <span class='ocrx_word' id='word_1_590' title='bbox 2118 4209 2395 4263; x_wconf 89' lang='lat' dir='ltr'>seditiosis</span> <span class='ocrx_word' id='word_1_591' title='bbox 2429 4230 2455 4257; x_wconf 92' lang='grc'><em>‹‹</em></span> <span class='ocrx_word' id='word_1_592' title='bbox 2490 4213 2687 4264; x_wconf 88' lang='lat' dir='ltr'>contra</span> <span class='ocrx_word' id='word_1_593' title='bbox 2719 4215 3139 4263; x_wconf 87' lang='lat' dir='ltr'>sacramentum</span> <span class='ocrx_word' id='word_1_594' title='bbox 3167 4211 3341 4263; x_wconf 90' lang='lat' dir='ltr'>semel</span> <span class='ocrx_word' id='word_1_595' title='bbox 3374 4209 3544 4263; x_wconf 87' lang='lat' dir='ltr'>tradi-</span> 
     </span>
    </p>
   </div>
   <div class='ocr_carea' id='block_1_44' title="bbox 188 4300 3546 4374">
    <p class='ocr_par' dir='ltr' id='par_1_44' title="bbox 188 4300 3546 4374">
     <span class='ocr_line' id='line_1_45' title="bbox 188 4300 3546 4374; baseline 0.003 -24"><span class='ocrx_word' id='word_1_596' title='bbox 188 4300 334 4356; x_wconf 76' lang='lat' dir='ltr'>.lunio</span> <span class='ocrx_word' id='word_1_597' title='bbox 382 4302 713 4368; x_wconf 86' lang='lat' dir='ltr'>Cornelius,</span> <span class='ocrx_word' id='word_1_598' title='bbox 762 4304 937 4374; x_wconf 88' lang='lat' dir='ltr'>legati</span> <span class='ocrx_word' id='word_1_599' title='bbox 986 4309 1111 4374; x_wconf 88' lang='lat' dir='ltr'>post</span> <span class='ocrx_word' id='word_1_600' title='bbox 1159 4308 1456 4374; x_wconf 90' lang='lat' dir='ltr'>acceptum</span> <span class='ocrx_word' id='word_1_601' title='bbox 1511 4304 1680 4374; x_wconf 90' lang='lat' dir='ltr'>hujus</span> <span class='ocrx_word' id='word_1_602' title='bbox 1728 4304 1811 4358; x_wconf 91' lang='lat' dir='ltr'>rei</span> <span class='ocrx_word' id='word_1_603' title='bbox 1915 4308 2035 4358; x_wconf 88' lang='lat' dir='ltr'>tum</span> <span class='ocrx_word' id='word_1_604' title='bbox 2065 4303 2267 4358; x_wconf 70' lang='lat' dir='ltr'>divinae</span> <span class='ocrx_word' id='word_1_605' title='bbox 2298 4303 2680 4373; x_wconf 90' lang='lat' dir='ltr'>dispositionis</span> <span class='ocrx_word' id='word_1_606' title='bbox 2707 4307 2763 4357; x_wconf 91' lang='lat' dir='ltr'>et</span> <span class='ocrx_word' id='word_1_607' title='bbox 2790 4304 3081 4358; x_wconf 75' lang='lat' dir='ltr'>catholicze</span> <span class='ocrx_word' id='word_1_608' title='bbox 3110 4304 3358 4370; x_wconf 84' lang='lat' dir='ltr'>unitatis,</span> <span class='ocrx_word' id='word_1_609' title='bbox 3391 4326 3417 4353; x_wconf 86' lang='grc'><strong>››</strong></span> <span class='ocrx_word' id='word_1_610' title='bbox 3447 4303 3546 4359; x_wconf 87' lang='lat' dir='ltr'>sed</span> 
     </span>
    </p>
   </div>
   <div class='ocr_carea' id='block_1_45' title="bbox 192 4396 3549 4464">
    <p class='ocr_par' dir='ltr' id='par_1_45' title="bbox 192 4396 3549 4464">
     <span class='ocr_line' id='line_1_46' title="bbox 192 4396 3549 4464; baseline 0.001 -17"><span class='ocrx_word' id='word_1_611' title='bbox 192 4397 437 4450; x_wconf 85' lang='lat' dir='ltr'>nuntium</span> <span class='ocrx_word' id='word_1_612' title='bbox 483 4398 559 4451; x_wconf 87' lang='lat' dir='ltr'>ab</span> <span class='ocrx_word' id='word_1_613' title='bbox 604 4396 747 4451; x_wconf 85' lang='lat' dir='ltr'>Afris</span> <span class='ocrx_word' id='word_1_614' title='bbox 785 4397 965 4464; x_wconf 89' lang='lat' dir='ltr'>missi,</span> <span class='ocrx_word' id='word_1_615' title='bbox 1006 4398 1197 4452; x_wconf 90' lang='lat' dir='ltr'>redire</span> <span class='ocrx_word' id='word_1_616' title='bbox 1237 4414 1434 4453; x_wconf 90' lang='lat' dir='ltr'>mense</span> <span class='ocrx_word' id='word_1_617' title='bbox 1475 4398 1640 4453; x_wconf 81' lang='lat' dir='ltr'>Junio</span> <span class='ocrx_word' id='word_1_618' title='bbox 1684 4415 1813 4453; x_wconf 88' lang='lat' dir='ltr'>cum</span> <span class='ocrx_word' id='word_1_619' title='bbox 1918 4399 2087 4452; x_wconf 88' lang='lat' dir='ltr'>etiam</span> <span class='ocrx_word' id='word_1_620' title='bbox 2116 4402 2246 4451; x_wconf 90' lang='lat' dir='ltr'>ante</span> <span class='ocrx_word' id='word_1_621' title='bbox 2275 4398 2614 4453; x_wconf 90' lang='lat' dir='ltr'>Caldonium</span> <span class='ocrx_word' id='word_1_622' title='bbox 2643 4401 2697 4452; x_wconf 90' lang='lat' dir='ltr'>et</span> <span class='ocrx_word' id='word_1_623' title='bbox 2726 4399 3121 4452; x_wconf 77' lang='lat' dir='ltr'>Fortunatam.</span> <span class='ocrx_word' id='word_1_624' title='bbox 3145 4399 3287 4451; x_wconf 84' lang='lat' dir='ltr'>Nam</span> <span class='ocrx_word' id='word_1_625' title='bbox 3316 4399 3374 4451; x_wconf 90' lang='lat' dir='ltr'>in</span> <span class='ocrx_word' id='word_1_626' title='bbox 3403 4398 3549 4452; x_wconf 89' lang='lat' dir='ltr'>litte-</span> 
     </span>
    </p>
   </div>
   <div class='ocr_carea' id='block_1_46' title="bbox 192 4482 3547 4569">
    <p class='ocr_par' dir='ltr' id='par_1_46' title="bbox 192 4482 3547 4569">
     <span class='ocr_line' id='line_1_47' title="bbox 192 4482 3547 4569; baseline 0.001 -28"><span class='ocrx_word' id='word_1_627' title='bbox 192 4482 371 4545; x_wconf 83' lang='lat' dir='ltr'>litteris</span> <span class='ocrx_word' id='word_1_628' title='bbox 404 4509 526 4545; x_wconf 89' lang='lat' dir='ltr'>non</span> <span class='ocrx_word' id='word_1_629' title='bbox 558 4496 884 4561; x_wconf 88' lang='lat' dir='ltr'>potuerunt.</span> <span class='ocrx_word' id='word_1_630' title='bbox 1834 4499 1893 4569; x_wconf 82' lang='grc' dir='ltr'>Ι)</span> <span class='ocrx_word' id='word_1_631' title='bbox 1920 4494 1992 4546; x_wconf 90' lang='lat' dir='ltr'>ris</span> <span class='ocrx_word' id='word_1_632' title='bbox 2021 4509 2157 4562; x_wconf 89' lang='lat' dir='ltr'>quas</span> <span class='ocrx_word' id='word_1_633' title='bbox 2182 4492 2487 4547; x_wconf 88' lang='lat' dir='ltr'>Caldonius</span> <span class='ocrx_word' id='word_1_634' title='bbox 2517 4495 2574 4545; x_wconf 88' lang='lat' dir='ltr'>et</span> <span class='ocrx_word' id='word_1_635' title='bbox 2605 4493 2942 4547; x_wconf 79' lang='lat' dir='ltr'>Fortunatus</span> <span class='ocrx_word' id='word_1_636' title='bbox 2968 4510 2999 4545; x_wconf 88' lang='lat' dir='ltr'>a</span> <span class='ocrx_word' id='word_1_637' title='bbox 3027 4493 3285 4547; x_wconf 88' lang='lat' dir='ltr'>Cornelio</span> <span class='ocrx_word' id='word_1_638' title='bbox 3314 4492 3547 4563; x_wconf 81' lang='lat' dir='ltr'>ejusque</span> 
     </span>
    </p>
   </div>
   <div class='ocr_carea' id='block_1_47' title="bbox 252 4583 3544 4656">
    <p class='ocr_par' dir='ltr' id='par_1_47' title="bbox 252 4583 3544 4656">
     <span class='ocr_line' id='line_1_48' title="bbox 252 4583 3544 4656; baseline 0.001 -19"><span class='ocrx_word' id='word_1_639' title='bbox 252 4583 406 4647; x_wconf 83' lang='lat' dir='ltr'>Quod</span> <span class='ocrx_word' id='word_1_640' title='bbox 453 4589 653 4639; x_wconf 89' lang='lat' dir='ltr'>autem</span> <span class='ocrx_word' id='word_1_641' title='bbox 690 4591 908 4655; x_wconf 87' lang='lat' dir='ltr'>spectat</span> <span class='ocrx_word' id='word_1_642' title='bbox 945 4585 1016 4639; x_wconf 90' lang='lat' dir='ltr'>ad</span> <span class='ocrx_word' id='word_1_643' title='bbox 1048 4586 1461 4640; x_wconf 89' lang='lat' dir='ltr'>ordinationem</span> <span class='ocrx_word' id='word_1_644' title='bbox 1494 4586 1812 4653; x_wconf 88' lang='lat' dir='ltr'>Novatiani,</span> <span class='ocrx_word' id='word_1_645' title='bbox 1917 4586 2153 4656; x_wconf 90' lang='lat' dir='ltr'>collegis</span> <span class='ocrx_word' id='word_1_646' title='bbox 2193 4586 2525 4651; x_wconf 88' lang='lat' dir='ltr'>attulerunt,</span> <span class='ocrx_word' id='word_1_647' title='bbox 2563 4585 2772 4656; x_wconf 89' lang='lat' dir='ltr'>scripta</span> <span class='ocrx_word' id='word_1_648' title='bbox 2814 4591 2994 4653; x_wconf 90' lang='lat' dir='ltr'>erant,</span> <span class='ocrx_word' id='word_1_649' title='bbox 3030 4591 3091 4640; x_wconf 93' lang='lat' dir='ltr'>ut</span> <span class='ocrx_word' id='word_1_650' title='bbox 3129 4591 3367 4640; x_wconf 88' lang='lat' dir='ltr'>testatur</span> <span class='ocrx_word' id='word_1_651' title='bbox 3406 4587 3544 4640; x_wconf 89' lang='lat' dir='ltr'>Cor-</span> 
     </span>
    </p>
   </div>
   <div class='ocr_carea' id='block_1_48' title="bbox 189 4676 3542 4751">
    <p class='ocr_par' dir='ltr' id='par_1_48' title="bbox 189 4676 3542 4751">
     <span class='ocr_line' id='line_1_49' title="bbox 189 4676 3542 4751; baseline 0.001 -23"><span class='ocrx_word' id='word_1_652' title='bbox 189 4676 332 4731; x_wconf 87' lang='lat' dir='ltr'>facile</span> <span class='ocrx_word' id='word_1_653' title='bbox 376 4679 661 4749; x_wconf 87' lang='lat' dir='ltr'>probatur</span> <span class='ocrx_word' id='word_1_654' title='bbox 705 4679 974 4733; x_wconf 88' lang='lat' dir='ltr'>adversus</span> <span class='ocrx_word' id='word_1_655' title='bbox 1015 4679 1439 4734; x_wconf 89' lang='lat' dir='ltr'>Tillemontium</span> <span class='ocrx_word' id='word_1_656' title='bbox 1485 4681 1589 4733; x_wconf 91' lang='lat' dir='ltr'>hoc</span> <span class='ocrx_word' id='word_1_657' title='bbox 1638 4681 1816 4734; x_wconf 88' lang='lat' dir='ltr'>scelus</span> <span class='ocrx_word' id='word_1_658' title='bbox 1918 4682 2100 4735; x_wconf 91' lang='lat' dir='ltr'>nelius</span> <span class='ocrx_word' id='word_1_659' title='bbox 2135 4680 2299 4751; x_wconf 89' lang='lat' dir='ltr'>epist.</span> <span class='ocrx_word' id='word_1_660' title='bbox 2329 4682 2417 4747; x_wconf 80' lang='grc'>46,</span> <span class='ocrx_word' id='word_1_661' title='bbox 2448 4680 2628 4733; x_wconf 90' lang='lat' dir='ltr'>multa</span> <span class='ocrx_word' id='word_1_662' title='bbox 2658 4696 2783 4750; x_wconf 63' lang='lat' dir='ltr'>quae</span> <span class='ocrx_word' id='word_1_663' title='bbox 2821 4686 3224 4751; x_wconf 64' lang='lat' dir='ltr'>praecesserant</span> <span class='ocrx_word' id='word_1_664' title='bbox 3261 4697 3291 4732; x_wconf 88' lang='lat' dir='ltr'>a</span> <span class='ocrx_word' id='word_1_665' title='bbox 3324 4681 3542 4733; x_wconf 84' lang='lat' dir='ltr'>confes-</span> 
     </span>
    </p>
   </div>
   <div class='ocr_carea' id='block_1_49' title="bbox 192 4773 3545 4844">
    <p class='ocr_par' dir='ltr' id='par_1_49' title="bbox 192 4773 3545 4844">
     <span class='ocr_line' id='line_1_50' title="bbox 192 4773 3545 4844; baseline 0.001 -21"><span class='ocrx_word' id='word_1_666' title='bbox 192 4773 548 4826; x_wconf 87' lang='lat' dir='ltr'>commissum</span> <span class='ocrx_word' id='word_1_667' title='bbox 578 4773 746 4826; x_wconf 89' lang='lat' dir='ltr'>fuisse</span> <span class='ocrx_word' id='word_1_668' title='bbox 768 4774 939 4844; x_wconf 87' lang='lat' dir='ltr'>paulo</span> <span class='ocrx_word' id='word_1_669' title='bbox 964 4778 1086 4844; x_wconf 91' lang='lat' dir='ltr'>post</span> <span class='ocrx_word' id='word_1_670' title='bbox 1105 4773 1522 4828; x_wconf 89' lang='lat' dir='ltr'>ordinationem</span> <span class='ocrx_word' id='word_1_671' title='bbox 1548 4773 1814 4841; x_wconf 90' lang='lat' dir='ltr'>Cornelii,</span> <span class='ocrx_word' id='word_1_672' title='bbox 1917 4776 2135 4829; x_wconf 88' lang='lat' dir='ltr'>soribus</span> <span class='ocrx_word' id='word_1_673' title='bbox 2180 4775 2484 4828; x_wconf 73' lang='lat' dir='ltr'>Novatiano</span> <span class='ocrx_word' id='word_1_674' title='bbox 2534 4775 2891 4827; x_wconf 62' lang='lat' dir='ltr'>adhaerentes</span> <span class='ocrx_word' id='word_1_675' title='bbox 2940 4774 3255 4843; x_wconf 89' lang='lat' dir='ltr'>designata,</span> <span class='ocrx_word' id='word_1_676' title='bbox 3305 4791 3545 4844; x_wconf 69' lang='lat' dir='ltr'>quaeque</span> 
     </span>
    </p>
   </div>
   <div class='ocr_carea' id='block_1_50' title="bbox 188 4867 3546 4938">
    <p class='ocr_par' dir='ltr' id='par_1_50' title="bbox 188 4867 3546 4938">
     <span class='ocr_line' id='line_1_51' title="bbox 188 4867 3546 4938; baseline 0.001 -20"><span class='ocrx_word' id='word_1_677' title='bbox 188 4882 242 4917; x_wconf 84' lang='lat' dir='ltr'>ac</span> <span class='ocrx_word' id='word_1_678' title='bbox 270 4867 412 4921; x_wconf 81' lang='lat' dir='ltr'>forte</span> <span class='ocrx_word' id='word_1_679' title='bbox 452 4868 636 4921; x_wconf 86' lang='lat' dir='ltr'>etiam</span> <span class='ocrx_word' id='word_1_680' title='bbox 676 4869 797 4938; x_wconf 88' lang='lat' dir='ltr'>ipso</span> <span class='ocrx_word' id='word_1_681' title='bbox 834 4883 1027 4921; x_wconf 87' lang='lat' dir='ltr'>mense</span> <span class='ocrx_word' id='word_1_682' title='bbox 1060 4868 1224 4938; x_wconf 87' lang='lat' dir='ltr'>junio</span> <span class='ocrx_word' id='word_1_683' title='bbox 1254 4871 1516 4935; x_wconf 83' lang='lat' dir='ltr'>exeunte,</span> <span class='ocrx_word' id='word_1_684' title='bbox 1547 4871 1612 4923; x_wconf 89' lang='lat' dir='ltr'>ut</span> <span class='ocrx_word' id='word_1_685' title='bbox 1637 4870 1815 4922; x_wconf 90' lang='lat' dir='ltr'>visum</span> <span class='ocrx_word' id='word_1_686' title='bbox 1919 4869 2223 4923; x_wconf 89' lang='lat' dir='ltr'>redeuntes</span> <span class='ocrx_word' id='word_1_687' title='bbox 2249 4868 2319 4922; x_wconf 88' lang='lat' dir='ltr'>ad</span> <span class='ocrx_word' id='word_1_688' title='bbox 2350 4868 2654 4921; x_wconf 86' lang='lat' dir='ltr'>Ecclesiam</span> <span class='ocrx_word' id='word_1_689' title='bbox 2698 4884 2809 4920; x_wconf 88' lang='lat' dir='ltr'>non</span> <span class='ocrx_word' id='word_1_690' title='bbox 2848 4868 2969 4920; x_wconf 89' lang='lat' dir='ltr'>sine</span> <span class='ocrx_word' id='word_1_691' title='bbox 3010 4868 3275 4937; x_wconf 84' lang='lat' dir='ltr'>iacrymis</span> <span class='ocrx_word' id='word_1_692' title='bbox 3305 4867 3546 4921; x_wconf 88' lang='lat' dir='ltr'>confessi</span> 
     </span>
    </p>
   </div>
   <div class='ocr_carea' id='block_1_51' title="bbox 190 4961 3550 5032">
    <p class='ocr_par' dir='ltr' id='par_1_51' title="bbox 190 4961 3550 5032">
     <span class='ocr_line' id='line_1_52' title="bbox 190 4961 3550 5032; baseline 0.001 -20"><span class='ocrx_word' id='word_1_693' title='bbox 190 4964 261 5012; x_wconf 80' lang='lat' dir='ltr'>est</span> <span class='ocrx_word' id='word_1_694' title='bbox 282 4961 619 5016; x_wconf 86' lang='lat' dir='ltr'>Pearsonio.</span> <span class='ocrx_word' id='word_1_695' title='bbox 652 4962 793 5015; x_wconf 82' lang='lat' dir='ltr'>Nam</span> <span class='ocrx_word' id='word_1_696' title='bbox 824 4962 994 5032; x_wconf 87' lang='lat' dir='ltr'>legati</span> <span class='ocrx_word' id='word_1_697' title='bbox 1020 4979 1051 5015; x_wconf 87' lang='lat' dir='ltr'>a</span> <span class='ocrx_word' id='word_1_698' title='bbox 1072 4963 1374 5017; x_wconf 87' lang='lat' dir='ltr'>Novatiano</span> <span class='ocrx_word' id='word_1_699' title='bbox 1406 4962 1560 5017; x_wconf 90' lang='lat' dir='ltr'>missi</span> <span class='ocrx_word' id='word_1_700' title='bbox 1590 4963 1648 5016; x_wconf 91' lang='lat' dir='ltr'>in</span> <span class='ocrx_word' id='word_1_701' title='bbox 1676 4963 1816 5017; x_wconf 85' lang='lat' dir='ltr'>Afri-</span> <span class='ocrx_word' id='word_1_702' title='bbox 1919 4970 2071 5030; x_wconf 91' lang='lat' dir='ltr'>sunt,</span> <span class='ocrx_word' id='word_1_703' title='bbox 2104 4963 2161 5017; x_wconf 93' lang='lat' dir='ltr'>in</span> <span class='ocrx_word' id='word_1_704' title='bbox 2191 4963 2277 5017; x_wconf 89' lang='lat' dir='ltr'>his</span> <span class='ocrx_word' id='word_1_705' title='bbox 2314 4984 2337 5010; x_wconf 89' lang='grc'>‹‹</span> <span class='ocrx_word' id='word_1_706' title='bbox 2369 4963 2782 5016; x_wconf 90' lang='lat' dir='ltr'>circumventos</span> <span class='ocrx_word' id='word_1_707' title='bbox 2812 4962 3165 5016; x_wconf 90' lang='lat' dir='ltr'>commisisse</span> <span class='ocrx_word' id='word_1_708' title='bbox 3192 4979 3250 5016; x_wconf 89' lang='lat' dir='ltr'>se</span> <span class='ocrx_word' id='word_1_709' title='bbox 3282 4962 3550 5017; x_wconf 86' lang='lat' dir='ltr'>schisma-</span> 
     </span>
    </p>
   </div>
   <div class='ocr_carea' id='block_1_52' title="bbox 187 5056 3552 5127">
    <p class='ocr_par' dir='ltr' id='par_1_52' title="bbox 187 5056 3552 5127">
     <span class='ocr_line' id='line_1_53' title="bbox 187 5056 3552 5127; baseline 0.001 -21"><span class='ocrx_word' id='word_1_710' title='bbox 187 5070 295 5109; x_wconf 79' lang='lat' dir='ltr'>cam</span> <span class='ocrx_word' id='word_1_711' title='bbox 320 5059 620 5111; x_wconf 84' lang='lat' dir='ltr'>venerunt</span> <span class='ocrx_word' id='word_1_712' title='bbox 646 5063 951 5127; x_wconf 88' lang='lat' dir='ltr'>antequam</span> <span class='ocrx_word' id='word_1_713' title='bbox 980 5056 1157 5111; x_wconf 82' lang='lat' dir='ltr'>Roma</span> <span class='ocrx_word' id='word_1_714' title='bbox 1186 5058 1487 5112; x_wconf 89' lang='lat' dir='ltr'>rediissent</span> <span class='ocrx_word' id='word_1_715' title='bbox 1512 5058 1817 5114; x_wconf 88' lang='lat' dir='ltr'>Caldonius</span> <span class='ocrx_word' id='word_1_716' title='bbox 1916 5059 2031 5113; x_wconf 87' lang='lat' dir='ltr'>tica</span> <span class='ocrx_word' id='word_1_717' title='bbox 2086 5062 2143 5111; x_wconf 92' lang='lat' dir='ltr'>et</span> <span class='ocrx_word' id='word_1_718' title='bbox 2188 5057 2421 5111; x_wconf 69' lang='lat' dir='ltr'>haeresis</span> <span class='ocrx_word' id='word_1_719' title='bbox 2470 5062 2731 5111; x_wconf 89' lang='lat' dir='ltr'>auctores</span> <span class='ocrx_word' id='word_1_720' title='bbox 2782 5056 2972 5124; x_wconf 88' lang='lat' dir='ltr'>fuisse,</span> <span class='ocrx_word' id='word_1_721' title='bbox 3020 5061 3081 5109; x_wconf 92' lang='lat' dir='ltr'>ut</span> <span class='ocrx_word' id='word_1_722' title='bbox 3128 5062 3455 5127; x_wconf 87' lang='lat' dir='ltr'>paterentur</span> <span class='ocrx_word' id='word_1_723' title='bbox 3502 5058 3552 5111; x_wconf 89' lang='lat' dir='ltr'>ei</span> 
     </span>
    </p>
   </div>
   <div class='ocr_carea' id='block_1_53' title="bbox 191 5151 3549 5223">
    <p class='ocr_par' dir='ltr' id='par_1_53' title="bbox 191 5151 3549 5223">
     <span class='ocr_line' id='line_1_54' title="bbox 191 5151 3549 5223; baseline -0.001 -20"><span class='ocrx_word' id='word_1_724' title='bbox 191 5152 237 5201; x_wconf 83' lang='lat' dir='ltr'>et</span> <span class='ocrx_word' id='word_1_725' title='bbox 256 5152 627 5221; x_wconf 80' lang='lat' dir='ltr'>Fortunatus,</span> <span class='ocrx_word' id='word_1_726' title='bbox 652 5167 790 5222; x_wconf 87' lang='lat' dir='ltr'>quos</span> <span class='ocrx_word' id='word_1_727' title='bbox 814 5151 1065 5222; x_wconf 78' lang='lat' dir='ltr'>epiSCOpi</span> <span class='ocrx_word' id='word_1_728' title='bbox 1084 5152 1333 5206; x_wconf 82' lang='lat' dir='ltr'>Africani</span> <span class='ocrx_word' id='word_1_729' title='bbox 1355 5152 1412 5207; x_wconf 92' lang='lat' dir='ltr'>in</span> <span class='ocrx_word' id='word_1_730' title='bbox 1438 5153 1589 5207; x_wconf 88' lang='lat' dir='ltr'>hanc</span> <span class='ocrx_word' id='word_1_731' title='bbox 1615 5153 1816 5207; x_wconf 88' lang='lat' dir='ltr'>urbem</span> <span class='ocrx_word' id='word_1_732' title='bbox 1923 5152 2274 5223; x_wconf 85' lang='lat' dir='ltr'>(Novatiano)</span> <span class='ocrx_word' id='word_1_733' title='bbox 2320 5168 2526 5205; x_wconf 89' lang='lat' dir='ltr'>manus</span> <span class='ocrx_word' id='word_1_734' title='bbox 2574 5152 2737 5222; x_wconf 89' lang='lat' dir='ltr'>quasi</span> <span class='ocrx_word' id='word_1_735' title='bbox 2780 5152 2834 5205; x_wconf 93' lang='lat' dir='ltr'>in</span> <span class='ocrx_word' id='word_1_736' title='bbox 2876 5151 3203 5223; x_wconf 89' lang='lat' dir='ltr'>episcopum</span> <span class='ocrx_word' id='word_1_737' title='bbox 3235 5151 3475 5223; x_wconf 89' lang='lat' dir='ltr'>imponi.</span> <span class='ocrx_word' id='word_1_738' title='bbox 3523 5174 3549 5202; x_wconf 88' lang='grc'>››</span> 
     </span>
    </p>
   </div>
   <div class='ocr_carea' id='block_1_54' title="bbox 189 5245 3551 5316">
    <p class='ocr_par' dir='ltr' id='par_1_54' title="bbox 189 5245 3551 5316">
     <span class='ocr_line' id='line_1_55' title="bbox 189 5245 3551 5316; baseline 0.001 -19"><span class='ocrx_word' id='word_1_739' title='bbox 189 5246 246 5297; x_wconf 79' lang='lat' dir='ltr'>ad</span> <span class='ocrx_word' id='word_1_740' title='bbox 296 5248 600 5316; x_wconf 78' lang='lat' dir='ltr'>pacandas</span> <span class='ocrx_word' id='word_1_741' title='bbox 653 5246 1036 5300; x_wconf 88' lang='lat' dir='ltr'>dissensiones</span> <span class='ocrx_word' id='word_1_742' title='bbox 1094 5247 1387 5301; x_wconf 89' lang='lat' dir='ltr'>miserant.</span> <span class='ocrx_word' id='word_1_743' title='bbox 1452 5248 1561 5301; x_wconf 85' lang='lat' dir='ltr'>Res</span> <span class='ocrx_word' id='word_1_744' title='bbox 1618 5254 1701 5303; x_wconf 82' lang='lat' dir='ltr'>est</span> <span class='ocrx_word' id='word_1_745' title='bbox 1760 5248 1816 5301; x_wconf 92' lang='lat' dir='ltr'>in</span> <span class='ocrx_word' id='word_1_746' title='bbox 1918 5251 1990 5301; x_wconf 88' lang='lat' dir='ltr'>At</span> <span class='ocrx_word' id='word_1_747' title='bbox 2020 5247 2063 5299; x_wconf 87' lang='lat' dir='ltr'>si</span> <span class='ocrx_word' id='word_1_748' title='bbox 2101 5246 2379 5315; x_wconf 86' lang='lat' dir='ltr'>ejusmodi</span> <span class='ocrx_word' id='word_1_749' title='bbox 2414 5246 2613 5299; x_wconf 74' lang='lat' dir='ltr'>litterae</span> <span class='ocrx_word' id='word_1_750' title='bbox 2655 5245 2962 5300; x_wconf 87' lang='lat' dir='ltr'>adventum</span> <span class='ocrx_word' id='word_1_751' title='bbox 3005 5246 3328 5315; x_wconf 85' lang='lat' dir='ltr'>legatorum</span> <span class='ocrx_word' id='word_1_752' title='bbox 3369 5248 3551 5301; x_wconf 76' lang='lat' dir='ltr'>Nova-</span> 
     </span>
    </p>
   </div>
   <div class='ocr_carea' id='block_1_55' title="bbox 188 5341 3557 5413">
    <p class='ocr_par' dir='ltr' id='par_1_55' title="bbox 188 5341 3557 5413">
     <span class='ocr_line' id='line_1_56' title="bbox 188 5341 3557 5413; baseline 0.001 -21"><span class='ocrx_word' id='word_1_753' title='bbox 188 5345 443 5413; x_wconf 83' lang='lat' dir='ltr'>promptu</span> <span class='ocrx_word' id='word_1_754' title='bbox 479 5358 557 5395; x_wconf 76' lang='lat' dir='ltr'>ex</span> <span class='ocrx_word' id='word_1_755' title='bbox 594 5342 754 5411; x_wconf 87' lang='lat' dir='ltr'>epist.</span> <span class='ocrx_word' id='word_1_756' title='bbox 784 5342 872 5407; x_wconf 79' lang='grc'>41,</span> <span class='ocrx_word' id='word_1_757' title='bbox 907 5342 997 5395; x_wconf 90' lang='lat' dir='ltr'>ubi</span> <span class='ocrx_word' id='word_1_758' title='bbox 1035 5345 1228 5395; x_wconf 89' lang='lat' dir='ltr'>narrat</span> <span class='ocrx_word' id='word_1_759' title='bbox 1259 5342 1570 5412; x_wconf 82' lang='lat' dir='ltr'>Cyprianus</span> <span class='ocrx_word' id='word_1_760' title='bbox 1601 5342 1818 5411; x_wconf 89' lang='lat' dir='ltr'>legatos</span> <span class='ocrx_word' id='word_1_761' title='bbox 1920 5341 2059 5395; x_wconf 88' lang='lat' dir='ltr'>tiani</span> <span class='ocrx_word' id='word_1_762' title='bbox 2100 5345 2488 5411; x_wconf 88' lang='lat' dir='ltr'>occupassent,</span> <span class='ocrx_word' id='word_1_763' title='bbox 2525 5358 2638 5394; x_wconf 91' lang='lat' dir='ltr'>non</span> <span class='ocrx_word' id='word_1_764' title='bbox 2672 5358 2739 5394; x_wconf 84' lang='lat' dir='ltr'>ex</span> <span class='ocrx_word' id='word_1_765' title='bbox 2784 5341 2871 5394; x_wconf 89' lang='lat' dir='ltr'>his</span> <span class='ocrx_word' id='word_1_766' title='bbox 2914 5341 3112 5411; x_wconf 88' lang='lat' dir='ltr'>legatis</span> <span class='ocrx_word' id='word_1_767' title='bbox 3144 5341 3460 5411; x_wconf 88' lang='lat' dir='ltr'>Cyprianus</span> <span class='ocrx_word' id='word_1_768' title='bbox 3500 5347 3557 5395; x_wconf 90' lang='lat' dir='ltr'>et</span> 
     </span>
    </p>
   </div>
   <div class='ocr_carea' id='block_1_56' title="bbox 187 5432 3554 5506">
    <p class='ocr_par' dir='ltr' id='par_1_56' title="bbox 187 5432 3554 5506">
     <span class='ocr_line' id='line_1_57' title="bbox 187 5432 3554 5506; baseline 0.001 -22"><span class='ocrx_word' id='word_1_769' title='bbox 187 5432 491 5503; x_wconf 66' lang='lat' dir='ltr'>Novatiani,</span> <span class='ocrx_word' id='word_1_770' title='bbox 543 5436 736 5488; x_wconf 82' lang='lat' dir='ltr'>statim</span> <span class='ocrx_word' id='word_1_771' title='bbox 778 5441 949 5506; x_wconf 85' lang='lat' dir='ltr'>atque</span> <span class='ocrx_word' id='word_1_772' title='bbox 988 5436 1393 5506; x_wconf 88' lang='lat' dir='ltr'>Carthaginem</span> <span class='ocrx_word' id='word_1_773' title='bbox 1442 5441 1723 5490; x_wconf 88' lang='lat' dir='ltr'>venerunt</span> <span class='ocrx_word' id='word_1_774' title='bbox 1766 5439 1821 5489; x_wconf 91' lang='lat' dir='ltr'>et</span> <span class='ocrx_word' id='word_1_775' title='bbox 1923 5435 2015 5490; x_wconf 90' lang='lat' dir='ltr'>alii</span> <span class='ocrx_word' id='word_1_776' title='bbox 2084 5435 2336 5505; x_wconf 87' lang='lat' dir='ltr'>episcopi</span> <span class='ocrx_word' id='word_1_777' title='bbox 2404 5435 2655 5505; x_wconf 89' lang='lat' dir='ltr'>primum</span> <span class='ocrx_word' id='word_1_778' title='bbox 2726 5435 3082 5505; x_wconf 87' lang='lat' dir='ltr'>episcopatus</span> <span class='ocrx_word' id='word_1_779' title='bbox 3146 5453 3176 5487; x_wconf 72' lang='grc' dir='ltr'>ει</span> <span class='ocrx_word' id='word_1_780' title='bbox 3242 5435 3554 5489; x_wconf 85' lang='lat' dir='ltr'>Novatiano</span> 
     </span>
    </p>
   </div>
   <div class='ocr_carea' id='block_1_57' title="bbox 189 5526 2865 5600">
    <p class='ocr_par' dir='ltr' id='par_1_57' title="bbox 189 5526 2865 5600">
     <span class='ocr_line' id='line_1_58' title="bbox 189 5526 2865 5600; baseline 0.001 -22"><span class='ocrx_word' id='word_1_781' title='bbox 189 5526 557 5584; x_wconf 68' lang='lat' dir='ltr'>Novatianum</span> <span class='ocrx_word' id='word_1_782' title='bbox 606 5531 931 5600; x_wconf 87' lang='lat' dir='ltr'>episcopum</span> <span class='ocrx_word' id='word_1_783' title='bbox 968 5530 1174 5584; x_wconf 88' lang='lat' dir='ltr'>factum</span> <span class='ocrx_word' id='word_1_784' title='bbox 1212 5530 1570 5596; x_wconf 89' lang='lat' dir='ltr'>nuntiarunt,</span> <span class='ocrx_word' id='word_1_785' title='bbox 1600 5548 1631 5583; x_wconf 89' lang='lat' dir='ltr'>a</span> <span class='ocrx_word' id='word_1_786' title='bbox 1657 5547 1817 5585; x_wconf 89' lang='lat' dir='ltr'>com-</span> <span class='ocrx_word' id='word_1_787' title='bbox 1921 5530 2132 5599; x_wconf 89' lang='lat' dir='ltr'>arrepti</span> <span class='ocrx_word' id='word_1_788' title='bbox 2180 5529 2446 5583; x_wconf 89' lang='lat' dir='ltr'>nuntium</span> <span class='ocrx_word' id='word_1_789' title='bbox 2496 5528 2865 5600; x_wconf 87' lang='lat' dir='ltr'>accepissent.</span> 
     </span>
    </p>
   </div>
   <div class='ocr_carea' id='block_1_58' title="bbox 188 5623 3554 5694">
    <p class='ocr_par' dir='ltr' id='par_1_58' title="bbox 188 5623 3554 5694">
     <span class='ocr_line' id='line_1_59' title="bbox 188 5623 3554 5694; baseline 0.001 -21"><span class='ocrx_word' id='word_1_790' title='bbox 188 5626 448 5679; x_wconf 84' lang='lat' dir='ltr'>munione</span> <span class='ocrx_word' id='word_1_791' title='bbox 500 5624 824 5693; x_wconf 86' lang='lat' dir='ltr'>prohibitos</span> <span class='ocrx_word' id='word_1_792' title='bbox 868 5625 1060 5691; x_wconf 87' lang='lat' dir='ltr'>fuisse,</span> <span class='ocrx_word' id='word_1_793' title='bbox 1106 5647 1132 5673; x_wconf 87' lang='lat'><strong>«</strong></span> <span class='ocrx_word' id='word_1_794' title='bbox 1180 5625 1436 5679; x_wconf 89' lang='lat' dir='ltr'>refutatis</span> <span class='ocrx_word' id='word_1_795' title='bbox 1483 5625 1711 5679; x_wconf 89' lang='lat' dir='ltr'>interim</span> <span class='ocrx_word' id='word_1_796' title='bbox 1757 5642 1820 5679; x_wconf 89' lang='lat' dir='ltr'>ac</span> <span class='ocrx_word' id='word_1_797' title='bbox 1992 5626 2112 5679; x_wconf 87' lang='lat' dir='ltr'>Non</span> <span class='ocrx_word' id='word_1_798' title='bbox 2147 5628 2331 5694; x_wconf 88' lang='lat' dir='ltr'>potest</span> <span class='ocrx_word' id='word_1_799' title='bbox 2370 5640 2508 5694; x_wconf 88' lang='lat' dir='ltr'>ergo</span> <span class='ocrx_word' id='word_1_800' title='bbox 2550 5623 2773 5677; x_wconf 87' lang='lat' dir='ltr'>defendi</span> <span class='ocrx_word' id='word_1_801' title='bbox 2813 5623 3153 5677; x_wconf 87' lang='lat' dir='ltr'>sententiam</span> <span class='ocrx_word' id='word_1_802' title='bbox 3188 5623 3554 5687; x_wconf 87' lang='lat' dir='ltr'>Tillemontii,</span> 
     </span>
    </p>
   </div>
   <div class='ocr_carea' id='block_1_59' title="bbox 190 5718 3560 5790">
    <p class='ocr_par' dir='ltr' id='par_1_59' title="bbox 190 5718 3560 5790">
     <span class='ocr_line' id='line_1_60' title="bbox 190 5718 3560 5790; baseline 0.001 -25"><span class='ocrx_word' id='word_1_803' title='bbox 190 5719 373 5770; x_wconf 81' lang='lat' dir='ltr'>retusis</span> <span class='ocrx_word' id='word_1_804' title='bbox 404 5735 543 5790; x_wconf 85' lang='lat' dir='ltr'>quae</span> <span class='ocrx_word' id='word_1_805' title='bbox 590 5718 864 5773; x_wconf 87' lang='lat' dir='ltr'>obstinate</span> <span class='ocrx_word' id='word_1_806' title='bbox 905 5736 969 5773; x_wconf 87' lang='lat' dir='ltr'>ac</span> <span class='ocrx_word' id='word_1_807' title='bbox 1012 5718 1373 5789; x_wconf 86' lang='lat' dir='ltr'>pertinaciter</span> <span class='ocrx_word' id='word_1_808' title='bbox 1402 5735 1652 5773; x_wconf 88' lang='lat' dir='ltr'>asserere</span> <span class='ocrx_word' id='word_1_809' title='bbox 1694 5722 1817 5772; x_wconf 82' lang='lat' dir='ltr'>ten-</span> <span class='ocrx_word' id='word_1_810' title='bbox 1921 5736 2026 5773; x_wconf 90' lang='lat' dir='ltr'>nec</span> <span class='ocrx_word' id='word_1_811' title='bbox 2082 5719 2196 5771; x_wconf 85' lang='lat' dir='ltr'>ulla</span> <span class='ocrx_word' id='word_1_812' title='bbox 2254 5735 2488 5788; x_wconf 89' lang='lat' dir='ltr'>prorsus</span> <span class='ocrx_word' id='word_1_813' title='bbox 2542 5718 2760 5771; x_wconf 89' lang='lat' dir='ltr'>ratione</span> <span class='ocrx_word' id='word_1_814' title='bbox 2817 5718 3270 5771; x_wconf 87' lang='lat' dir='ltr'>accuratissimus</span> <span class='ocrx_word' id='word_1_815' title='bbox 3326 5719 3560 5787; x_wconf 89' lang='lat' dir='ltr'>scriptor</span> 
     </span>
    </p>
   </div>
   <div class='ocr_carea' id='block_1_60' title="bbox 190 5810 3560 5884">
    <p class='ocr_par' dir='ltr' id='par_1_60' title="bbox 190 5810 3560 5884">
     <span class='ocr_line' id='line_1_61' title="bbox 190 5810 3560 5884; baseline 0.001 -20"><span class='ocrx_word' id='word_1_816' title='bbox 190 5811 386 5867; x_wconf 74' lang='lat' dir='ltr'>tabent.</span> <span class='ocrx_word' id='word_1_817' title='bbox 438 5837 465 5861; x_wconf 66' lang='grc' dir='ltr'><strong>η</strong></span> <span class='ocrx_word' id='word_1_818' title='bbox 522 5811 741 5867; x_wconf 85' lang='lat' dir='ltr'>Deinde</span> <span class='ocrx_word' id='word_1_819' title='bbox 789 5813 911 5867; x_wconf 69' lang='lat' dir='ltr'>haec</span> <span class='ocrx_word' id='word_1_820' title='bbox 963 5813 1122 5868; x_wconf 90' lang='lat' dir='ltr'>addit</span> <span class='ocrx_word' id='word_1_821' title='bbox 1168 5831 1180 5866; x_wconf 91' lang='lat'><strong>:</strong></span> <span class='ocrx_word' id='word_1_822' title='bbox 1238 5835 1265 5862; x_wconf 73' lang='grc' dir='ltr'><strong>(ι</strong></span> <span class='ocrx_word' id='word_1_823' title='bbox 1315 5814 1456 5867; x_wconf 82' lang='lat' dir='ltr'>Nam</span> <span class='ocrx_word' id='word_1_824' title='bbox 1508 5819 1565 5868; x_wconf 89' lang='lat' dir='ltr'>et</span> <span class='ocrx_word' id='word_1_825' title='bbox 1611 5829 1715 5884; x_wconf 86' lang='lat' dir='ltr'>ego</span> <span class='ocrx_word' id='word_1_826' title='bbox 1766 5818 1823 5868; x_wconf 88' lang='lat' dir='ltr'>et</span> <span class='ocrx_word' id='word_1_827' title='bbox 1923 5813 2346 5869; x_wconf 87' lang='lat' dir='ltr'>ordinationem</span> <span class='ocrx_word' id='word_1_828' title='bbox 2402 5811 2692 5866; x_wconf 84' lang='lat' dir='ltr'>Novatiani</span> <span class='ocrx_word' id='word_1_829' title='bbox 2752 5816 2878 5882; x_wconf 87' lang='lat' dir='ltr'>post</span> <span class='ocrx_word' id='word_1_830' title='bbox 2935 5810 3183 5865; x_wconf 89' lang='lat' dir='ltr'>reditum</span> <span class='ocrx_word' id='word_1_831' title='bbox 3242 5812 3560 5881; x_wconf 83' lang='lat' dir='ltr'>legatorum</span> 
     </span>
    </p>
   </div>
  </div>
