4104 6192
475 253 566 312 l3l

1840 245 1996 308 VITA
2033 252 2087 306 S.
2126 239 2460 307 CYPRIANI.

3744 249 3845 308 432

470 384 672 440 Africae
709 383 966 440 collocat.
997 381 1136 436 Illud
1176 385 1369 436 autem
1417 381 1599 435 multo
1639 379 2100 450 improbabilius,
2127 394 2184 464 Α
2207 379 2371 437 nelii:
2403 379 2518 446 sed,
2549 378 2794 447 acceptis
2822 394 2887 433 ex
2920 383 3162 450 utraque
3192 383 3351 450 parte
3379 379 3605 446 litteris,
3643 379 3848 433 omnia

477 478 628 549 quod
658 477 980 542 Ecclesiam,
1005 476 1206 529 saltem
1230 473 1573 539 Africanam,
1597 474 1655 527 in
1677 490 1801 528 com
1814 474 2104 543 probando

475 571 715 628 Cornelii
748 571 1070 640 episcopatu
1104 570 1222 639 jam
1263 568 1618 623 consensisse
1653 569 1734 620 ait
1773 584 1898 622 cum
1933 568 2106 621 Nova-

475 663 1002 719 tianus'ordinatus
1045 667 1147 716 est.
1183 664 1309 716 Haec
1353 662 1630 716 Africanae
1671 661 1924 715 ecclesiae
1972 677 2105 714 con-

473 757 660 812 sensio
689 762 812 812 tum
846 756 1078 810 demum
1121 755 1325 810 enituit
1351 771 1480 809 cum
1515 753 1791 824 episcopis
1821 753 2108 824 Cypriano

474 852 712 922 ejusque
739 849 968 920 collegis
1005 849 1103 920 qui
1138 848 1479 918 Carthagine
1515 847 1769 913 aderant,
1801 847 1872 901 de
1901 849 2021 902 tota
2047 863 2107 901 re

471 943 746 1000 admoniti
800 944 1018 998 litteras
1068 943 1141 996 ad
1189 941 1512 998 Cornelium
1565 941 1929 1011 scripserant.
1976 939 2106 1006 Sed,

475 1044 786 1108 antequam
829 1037 1143 1107 Cyprianus
1183 1036 1483 1107 episcOpus
1511 1034 1799 1089 Africanos
1832 1034 1904 1088 de
1942 1034 2111 1088 rebus

476 1133 750 1186 Romana:
814 1130 1070 1184 Ecclesiae
1125 1130 1400 1184 certiores
1459 1129 1698 1194 faceret,
1755 1127 2110 1182 Primitivum

476 1225 877 1296 presbyterum
907 1223 1142 1279 Romam
1173 1222 1328 1276 misit
1355 1238 1481 1276 cum
1513 1219 1707 1293 130
1738 1221 1903 1291 epist.
1931 1222 2021 1288 41,
2052 1225 2112 1274 ut

479 1318 772 1388 quomodo
800 1317 1014 1387 excepti
1047 1321 1239 1373 essent
1263 1315 1601 1386 Carthagine
1627 1314 1800 1385 legati
1820 1313 2112 1368 Novatiani

477 1411 792 1466 nuntiaret.
832 1412 907 1464 De
939 1410 1053 1464 suis
1094 1409 1248 1463 enim
1289 1409 1346 1463 in
1381 1407 1700 1463 universam
1732 1407 1974 1462 Africam
2015 1406 2109 1460 lit-

477 1505 613 1558 teris
657 1520 773 1558 non
822 1503 1074 1574 loquitur
1117 1503 1224 1556 nisi
1271 1503 1329 1557 in
1380 1501 1542 1572 epist.
1588 1504 1676 1568 42,
1721 1517 1822 1572 per
1858 1499 2114 1555 Mettium

481 1597 957 1668 hypodiaconum,
987 1602 1044 1650 et
1074 1596 1454 1666 Nicephorum
1492 1594 1841 1665 acolythum,
1869 1594 1964 1665 qui
1997 1593 2111 1649 Pri-

482 1691 740 1744 mitivum
774 1689 1060 1744 subsecuti
1095 1692 1249 1754 sunt,
1287 1688 1526 1759 perlata.
1559 1708 1586 1735 ‹‹
1619 1686 1726 1742 Sed
1756 1690 1814 1740 et
1842 1703 1947 1757 per
1978 1702 2112 1757 pro-

477 1783 721 1837 vinciam
761 1788 1035 1850 nostram,
1068 1782 1277 1853 inquit,
1315 1782 1437 1836 base
1479 1780 1681 1835 eadem
1720 1779 1955 1850 collegis
1997 1762 2191 1834 δίη-Β

485 1877 631 1948 gulis
659 1877 717 1930 in
745 1877 1013 1931 notitiam
1044 1877 1420 1946 perferentes,
1448 1873 1519 1928 ab
1549 1874 1636 1929 his
1660 1889 1883 1944 quoque
1911 1873 2116 1928 fratres

482 1974 708 2026 nostros
733 1986 864 2024 cum
903 1969 1107 2024 litteris
1133 1968 1460 2040 dirigendos
1486 1983 1606 2022 esse
1636 1967 2050 2022 mandavimus.
2083 1989 2110 2018 ››

480 2065 620 2118 Tum
679 2080 810 2117 cum
875 2066 1071 2117 autem
1135 2061 1383 2117 Africani
1449 2061 1704 2133 episcopi
1755 2077 1788 2114 a
1838 2060 2115 2130 Cypriano

481 2157 764 2212 admoniti
811 2155 1128 2210 scriberent
1181 2156 1253 2210 ad
1301 2154 1654 2218 Cornelium,
1698 2153 1819 2224 jam
1869 2153 2118 2208 redierat

479 2249 806 2304 Primitivus
848 2249 1146 2320 presbyter
1187 2265 1318 2302 cum
1360 2248 1566 2302 litteris
1609 2246 1879 2314 Cornelii,
1913 2246 2117 2317 quibus

480 2343 832 2414 respondens
873 2343 1192 2413 Cyprianus
1229 2342 1310 2396 ait
1348 2341 1536 2412 (epist.
1577 2342 1710 2410 49):
1748 2362 1775 2390 ‹‹
1806 2340 2021 2395 Placuit
2059 2344 2118 2392 ut

481 2453 585 2508 per
616 2453 815 2492 omnes
843 2436 1078 2490 omnino
1105 2435 1228 2489 istic
1251 2435 1460 2505 positos
1481 2435 1687 2489 litterze
1709 2435 1930 2499 ﬁerent,
1953 2432 2117 2487 sicuti

484 2536 637 2598 sunt,
668 2534 776 2585 etc.
807 2552 835 2581 »
867 2531 1048 2600 Igitur
1072 2530 1142 2585 ab
1169 2528 1534 2583 ordinatione
1564 2527 1857 2582 Novatiani
1887 2525 1957 2580 ad
1991 2543 2119 2580 con-

482 2641 696 2679 sessum
726 2624 928 2680 Africae
961 2623 1016 2677 in
1055 2622 1476 2694 comprobando
1507 2621 1835 2692 episcopatu
1872 2619 2117 2677 Cornelii

484 2718 664 2772 multa
715 2717 1180 2783 intercesserunt,
1235 2715 1512 2770 adventus
1565 2716 1883 2785 legatorum
1935 2715 2114 2767 Nova-

483 2812 646 2876 tiani,
704 2810 926 2865 reditus
979 2810 1302 2880 legatorum
1353 2810 1576 2875 Africae,
1633 2809 1744 2863 itus
1797 2814 1853 2864 et
1905 2806 2120 2862 reditus

483 2904 760 2960 Primitivi
800 2903 1136 2975 presbyteri.

550 2998 761 3052 Nititur
817 3001 873 3052 1ο
923 2996 1315 3052 Tillemontius
1369 2995 1457 3050 his
1509 2994 1770 3067 Cypriani
1820 2993 2002 3050 verbis
2049 3009 2118 3050 ex

480 3091 644 3163 epist.
702 3094 769 3145 52
823 3107 835 3145 :
894 3110 923 3140 ‹‹
978 3090 1101 3154 Quo
1151 3090 1325 3160 (Petri
1380 3088 1524 3159 loco)
1579 3093 1849 3159 occupato
1900 3089 1968 3142 de
2021 3088 2114 3143 Dei

483 3186 798 3253 voluntate,
831 3189 1000 3254 atque
1035 3183 1293 3238 omnium
1337 3187 1592 3236 nostrum
1624 3182 1992 3236 consensione
2018 3181 2113 3235 tir-

480 3282 657 3346 mato,
706 3276 961 3347 quisquis
1000 3276 1124 3345 jam
1171 3276 1468 3346 episcopus
1517 3275 1639 3330 ﬁeri
1679 3275 1937 3341 voluerit,
1983 3274 2119 3330 foris

482 3372 582 3426 ﬁat
620 3386 850 3425 necesse
893 3371 998 3423 est.
1028 3389 1055 3418 ››
1089 3368 1246 3422 Unde
1286 3367 1567 3422 concludit
1599 3367 1723 3437 jam
1753 3367 1823 3421 ab
1856 3367 2120 3422 omnibus

483 3464 760 3534 episcopis
781 3467 881 3517 aut
906 3461 1106 3516 saltem
1130 3462 1198 3515 ab
1227 3461 1502 3516 Africanis
1519 3461 1654 3531 jura
1676 3460 1924 3517 Cornelii
1948 3460 2118 3515 fuisse

480 3559 705 3612 ﬁrmata
747 3573 877 3610 cum
918 3555 1263 3610 Novatianus
1304 3554 1595 3620 ordinatus
1638 3557 1738 3608 est.
1775 3553 1885 3609 Sed
1928 3554 2119 3608 minus

482 3650 892 3706 animadvertit
921 3650 1276 3704 doctissimus
1314 3648 1539 3703 criticus
1573 3648 1922 3718 Cyprianum
1964 3648 2118 3718 loqui

483 3746 552 3800 de
579 3762 648 3799 eo
682 3759 877 3799 rerum
904 3747 1055 3797 statu
1084 3743 1182 3813 qui
1214 3749 1334 3796 tum
1365 3745 1507 3796 erat.
1537 3744 1675 3798 Cum
1707 3741 1860 3796 enim
1886 3758 2119 3796 consen-

483 3855 577 3892 sus
606 3837 856 3892 universi
898 3837 1048 3892 orbis
1083 3836 1156 3890 ad
1195 3836 1585 3891 defensionem
1621 3836 1861 3891 Cornelii
1891 3835 2115 3906 conspi-

483 3934 656 4002 raret,
687 3948 792 3986 nec
837 3935 1032 3986 tamen
1063 3930 1359 3985 conatibus
1387 3930 1502 3984 suis
1530 3930 1827 3985 desisteret
1850 3929 2114 3986 Novatia-

481 4043 608 4094 nus,
649 4025 856 4080 merito
893 4025 1207 4096 Cyprianus
1238 4025 1388 4079 hunc
1431 4023 1512 4078 illi
1553 4039 1896 4078 consensum
1936 4039 2114 4094 oppo-

484 4121 588 4190 nit,
617 4123 790 4192 atque
828 4119 935 4173 hoc
966 4123 1309 4190 argumento
1340 4135 1454 4172 non
1487 4121 1598 4171 tam
1627 4117 1773 4172 illius
1802 4116 2114 4173 ordinatio-

484 4230 622 4268 nem
663 4230 836 4284 quam
883 4212 1232 4267 obstinatum
1278 4211 1336 4266 in
1381 4212 1475 4265 illa
1517 4211 1822 4266 retinenda
1856 4211 2118 4266 animum

483 4314 802 4380 oppugnat.
851 4307 952 4362 Hic
999 4305 1057 4360 in
1109 4306 1310 4360 eadem
1358 4305 1520 4376 epist.
1569 4309 1657 4373 52,
1706 4305 1776 4359 de
1822 4305 2117 4360 Novatiani

484 4400 844 4457 ordinatione
888 4401 1150 4470 loquens,
1197 4400 1299 4452 hoc
1342 4402 1565 4452 tantum
1612 4399 1664 4452 ei
1710 4398 1921 4468 objicit,
1962 4398 2116 4468 quod

2139 3132 2192 3204 C

2207 473 2278 526 ad
2327 472 2574 527 reditum
2624 472 2945 542 legatorum
2996 474 3220 544 integra
3268 473 3486 526 servari
3536 473 3736 535 voluit,
3784 476 3849 526 ut

2211 566 2430 620 nullum
2491 565 2782 620 discordiae
2837 568 3021 620 locum
3071 566 3444 637 relinqueret.
3497 569 3679 629 Quare
3734 567 3844 620 mi-

2211 660 2363 714 nime
2399 660 2605 714 mirum
2633 659 2679 712 si
2711 659 2956 713 maxima
2982 659 3378 730 indignatione
3409 663 3731 714 commotus
3761 664 3848 714 est

2211 753 2402 807 statim
2435 758 2604 824 atque
2631 753 2701 807 de
2739 753 2957 808 nefaria
2985 752 3278 808 Novatiani
3315 752 3674 808 ordinatione
3703 769 3844 824 cog-

2212 847 2390 900 novit.

2281 943 2341 995 3°
2395 939 2690 994 Existimat
2743 939 3138 994 Tillemontius
3191 956 3262 993 ex
3314 939 3475 1010 epist.
3533 943 3601 995 67
3653 939 3849 1012 colligi

2213 1050 2374 1105 posse
2417 1033 2818 1100 Novatianum,
2861 1049 2990 1087 cum
3030 1032 3088 1086 in
3127 1033 3368 1089 Africam
3412 1035 3628 1104 legatos
3667 1035 3846 1101 misit,

2206 1128 2329 1198 jam
2362 1126 2620 1182 Ecclesia:
2654 1127 2874 1181 hostem
2907 1126 3228 1196 judicatum
3270 1127 3463 1193 fuisse,
3501 1130 3602 1181 aut
3641 1129 3850 1182 saltem

2213 1220 2539 1276 Cornelium
2565 1221 2685 1290 jam
2714 1227 2835 1274 tum
2868 1219 2924 1273 in
2956 1220 3224 1274 universa
3249 1220 3432 1274 Africa
3459 1237 3560 1291 pro
3588 1221 3850 1292 legitimo

2215 1316 2406 1368 Romae
2450 1313 2712 1384 episcopo
2753 1312 3010 1367 habitum
3051 1312 3241 1367 fuisse.
3277 1318 3344 1368 At
3383 1314 3524 1367 nihil
3568 1314 3851 1384 ejusmodi

2216 1409 2406 1478 legere
2438 1413 2522 1461 est
2547 1408 2601 1460 in
2637 1407 2800 1476 epist.
2825 1410 2912 1461 67.
2936 1407 3024 1462 Ait
3050 1407 3284 1477 quidem
3311 1408 3624 1478 Cyprianus
3651 1406 3836 1480 131

2213 1502 2582 1556 Novatianum
2639 1501 2772 1556 olim
2826 1501 3044 1554 hostem
3098 1501 3357 1554 Ecclesiae
3400 1501 3741 1570 judicatum,
3791 1507 3849 1556 et

2215 1611 2346 1650 cum
2393 1594 2450 1648 in
2499 1595 2742 1648 Africam
2783 1594 2995 1664 legatos
3039 1594 3305 1662 misisset,
3348 1594 3479 1648 hinc
3523 1611 3556 1648 a
3601 1595 3849 1649 concilio

2218 1687 2600 1759 plurimorum
2626 1687 2980 1742 sacerdotum
3009 1687 3348 1741 sententiam
3380 1687 3654 1742 retulisse.
3683 1687 3854 1743 Addit

2217 1798 2345 1836 eum
2396 1797 2579 1852 nuper
2628 1785 2883 1835 retusum
2930 1784 2987 1835 et
3044 1781 3350 1834 refutatum
3405 1784 3466 1834 et
3513 1796 3614 1850 per
3663 1785 3856 1835 totum

2216 1875 2412 1929 orbem
2461 1892 2493 1928 a
2539 1874 2932 1928 sacerdotibus
2976 1874 3070 1927 Dei
3121 1874 3469 1930 abstentum.
3511 1879 3579 1930 At
3628 1874 3678 1928 ei
3735 1889 3858 1929 non

2216 1968 2516 2039 exprobrat
2559 1967 2708 2038 quod
2751 1967 3044 2022 ordinatus
3085 1968 3257 2022 fuerit
3297 1983 3426 2021 cum
3455 1968 3580 2037 jam
3610 1969 3860 2023 Cornelii

2217 2060 2568 2129 episcopatus
2631 2059 2802 2112 totius
2869 2059 3020 2113 orbis
3082 2059 3418 2113 auctoritate
3481 2060 3860 2114 conﬁrmatus

2218 2155 2385 2213 esset,
2417 2152 2514 2205 sed
2543 2152 2721 2222 quod,
2757 2172 2784 2204 κ
2811 2152 3075 2207 Cornelio
3111 2151 3168 2206 in
3207 2152 3485 2206 catholica
3511 2153 3753 2207 Ecclesia
3783 2152 3854 2207 de

2219 2245 2312 2299 Dei
2353 2245 2567 2314 judicio
2600 2249 2658 2299 et
2702 2246 2836 2300 cleri
2885 2262 2949 2300 ac
2990 2245 3185 2316 populi
3237 2245 3510 2317 suffragio
3558 2245 3855 2316 ordinato,

2216 2339 2521 2410 profanum
2572 2339 2749 2393 altare
2795 2338 3013 2409 erigere
3058 2343 3118 2392 et
3158 2339 3472 2394 adulteram
3519 2340 3859 2395 cathedram

2219 2433 2516 2498 collocare,
2569 2439 2625 2486 et
2679 2433 2956 2504 sacrilega
3005 2440 3204 2488 contra
3250 2449 3449 2488 verum
3500 2434 3856 2489 sacerdotem

2219 2526 2489 2580 sacriﬁcia
2519 2525 2726 2580 offerre
2752 2528 3070 2581 tentaverit.
3103 2548 3131 2577 »

2288 2621 2347 2674 4ο
2380 2621 2626 2691 Denique
2654 2620 2911 2674 observat
2930 2621 3324 2675 Tillemontius
3343 2621 3758 2688 Antonianum,
3781 2621 3859 2676 ad

2219 2729 2390 2785 quem
2431 2713 2657 2784 scripsit
2688 2714 3002 2785 Cyprianus
3039 2713 3204 2784 epist.
3233 2718 3323 2781 52,
3355 2715 3480 2785 jam
3515 2732 3584 2768 ex
3616 2715 3858 2770 consilio

2218 2808 2482 2878 Cypriani
2523 2808 2852 2878 amplexum
2894 2807 3061 2862 fuisse
3099 2807 3566 2862 communionem
3605 2809 3864 2864 Cornelii

2219 2907 2526 2971 antequam
2570 2901 2771 2956 litteris
2813 2901 3102 2956 Novatiani
3151 2907 3468 2955 commotus
3512 2902 3740 2973 iniquas
3784 2903 3861 2959 de

2219 2995 2484 3053 Cornelio
2520 3013 2583 3049 ac
2621 2994 2902 3066 Cypriane
2933 2995 3280 3066 suspiciones
3308 2996 3609 3066 acciperet.
3642 2998 3859 3051 Verum

2223 3091 2328 3145 hoc
2364 3087 2670 3145 Antoniani
2701 3089 2966 3160 exemplo
2999 3089 3280 3144 sententia
3308 3089 3649 3145 Tilleniontii
3686 3107 3858 3161 pror-

2219 3201 2312 3238 sus
2357 3185 2646 3238 evertitur.
2693 3182 3004 3254 Scripserat
3047 3183 3198 3238 enim
3245 3183 3595 3239 Antonianus
3637 3185 3705 3238 ad
3749 3185 3865 3256 Cy-

2219 3277 2481 3348 prianum
2507 3293 2624 3331 non
2654 3277 2833 3330 solum
2863 3293 2923 3331 se
2954 3293 3133 3331 «cum
3160 3277 3420 3332 Cornelio
3448 3293 3625 3331 unum
3657 3282 3861 3334 tenere

2218 3387 2574 3436 consensum,
2611 3370 2706 3424 sed
2737 3369 2906 3424 etiam
2947 3387 3072 3424 cum
3114 3371 3422 3426 Novatiano
3449 3388 3562 3425 non
3591 3387 3860 3428 commu-

2219 3465 2432 3518 nicare.
2496 3486 2522 3513 ››
2582 3464 2764 3519 Simul
2821 3480 2958 3534 ergo
3024 3465 3379 3521 et-Cornelii
3432 3466 3862 3520 ordinationem

2219 3557 2628 3629 comprobavit,
2671 3565 2726 3612 et
2771 3559 3139 3612 Novatianum
3189 3559 3337 3613 illius
3381 3560 3651 3614 ramulum
3699 3560 3861 3630 reje-

2219 3652 2311 3707 cit.
2363 3653 2523 3716 Quod
2573 3655 2766 3705 autem
2811 3652 3103 3706 Novatiani
3150 3653 3362 3707 litteras
3406 3653 3587 3707 serius
3631 3654 3866 3709 videtur

2217 3746 2444 3817 legisse,
2492 3749 2789 3816 postquam
2841 3746 3100 3800 videlicet
3143 3746 3371 3801 hortatu
3421 3747 3684 3818 Cypriani
3728 3748 3863 3817 jam

2218 3856 2377 3894 suam
2412 3855 2543 3894 cum
2574 3840 2837 3894 Cornelio
2863 3840 3322 3894 communionem
3355 3841 3762 3910 declaraverat,
3794 3841 3864 3896 id

2216 3933 2382 3988 facile
2427 3933 2774 3987 conciliatur.
2810 3933 2948 3986 Nam
2991 3933 3161 4004 legati
3206 3933 3496 3987 Novatiani
3539 3950 3668 3987 cum
3713 3935 3857 3990 Car—

2216 4027 2449 4097 thagine
2501 4026 2696 4096 rejecti
2753 4026 3023 4095 fuissent,
3076 4026 3390 4097 oppidatim
3445 4043 3549 4098 per
3596 4027 3862 4083 civitates

2216 4121 2529 4176 discurrere
2579 4125 2898 4190 cceperunt;
2952 4136 3016 4174 ac
3065 4119 3305 4190 proinde
3358 4121 3481 4174 ﬁeri
3535 4121 3734 4190 potuit,
3789 4127 3862 4176 ut

2219 4213 2432 4269 tardius
2474 4213 2546 4267 ad
2588 4213 2974 4267 Antonianum
3027 4213 3313 4268 venirent.
3357 4215 3633 4268 Praeterea
3680 4215 3862 4270 aliam

2215 4313 2406 4379 postea
2448 4307 2794 4378 legationem
2839 4308 3086 4379 aliasque
3132 4308 3350 4362 litteras
3391 4307 3546 4361 misit
3591 4308 3860 4363 Novatia-

2216 4417 2343 4468 nus,
2376 4401 2446 4455 de
2475 4400 2682 4471 quibus
2707 4401 3058 4473 Cyprianum
3089 4400 3244 4472 loqui
3277 4417 3388 4455 non
3426 4405 3737 4472 repugnat.

485 4517 513 4546 ‹‹
549 4495 810 4566 episcopo
859 4493 913 4547 in
962 4493 1200 4547 Ecclesia
1245 4510 1277 4546 a
1321 4492 1605 4546 sexdecim
1652 4492 1929 4562 episcopis
1973 4493 2116 4548 facto
2139 4501 2196 4572 D
2220 4504 2371 4558 xx“,
2400 4534 2468 4543 _
2498 4504 2640 4560 ordo
2681 4521 2863 4558 rerum
2894 4521 2928 4558 α
2957 4510 3138 4558 sancto
3173 4503 3444 4574 Cyprium
3483 4511 3761 4574 gestarum
3793 4507 3864 4561 in

483 4589 706 4646 adulter
743 4595 912 4659 atque
958 4592 1262 4642 extraneus
1301 4587 1598 4657 episcopus
1627 4585 1750 4640 ﬁeri
1791 4603 1824 4640 a
1865 4586 2112 4640 deserto-

482 4684 639 4740 ribus
672 4699 771 4754 per
811 4681 1089 4736 ambitum
1130 4701 1157 4730 ››
1200 4685 1436 4735 conatus
1479 4680 1570 4734 sit.
1607 4679 1879 4734 Similiter
1916 4679 2116 4750 legatis

481 4777 776 4832 Novatiani
833 4793 945 4830 non
997 4775 1171 4829 totius
1223 4773 1375 4828 orbis
1422 4789 1762 4828 consensum
1815 4773 2118 4844 objiciebat

482 4872 822 4944 Cyprianus,
869 4869 968 4923 sed
1013 4869 1407 4923 testimonium
1448 4867 1795 4939 collegarum
1836 4884 1870 4922 a
1912 4867 2116 4938 quibus

485 4964 779 5019 ordinatus
825 4963 1011 5016 fuerat
1057 4961 1369 5023 Cornelius,
1415 4960 1618 5016 litteris
1667 4977 1700 5014 a
1743 4960 2009 5017 Caldonio
2060 4966 2116 5016 et

488 5057 794 5110 Fortunato
845 5055 1027 5110 allatis
1075 5054 1492 5125 consignatum,
1546 5058 1607 5108 ut
1656 5054 1993 5126 perspicitur
2046 5072 2115 5110 ex

487 5149 650 5221 epist.
683 5151 772 5204 41.

554 5243 767 5308 Querit
814 5246 874 5298 2°
918 5241 1310 5297 Tillemontius
1355 5259 1456 5296 cur
1499 5241 1782 5298 ordinatio
1827 5241 2117 5298 Novatiani

483 5339 678 5408 statim
711 5336 780 5390 ab
811 5335 1092 5391 Africanis
1127 5337 1336 5406 rejecta
1371 5335 1442 5390 sit
1473 5358 1501 5387 ‹‹
1530 5339 1590 5390 ut
1618 5336 1811 5391 illicita
1840 5340 1895 5406 et
1923 5343 2117 5392 contra

488 5431 788 5487 Ecclesiam
827 5431 994 5498 facta,
1030 5449 1059 5480 ι)
1091 5430 1325 5502 ejusque
1357 5429 1528 5501 legati
1556 5431 1954 5486 communione
1986 5447 2112 5500 pro-

484 5527 672 5594 hibiti,
714 5527 757 5579 si
804 5523 1058 5578 nondum
1106 5523 1524 5578 ordinationem
1568 5524 1814 5579 Cornelii
1866 5525 2118 5596 episCOpi

485 5620 737 5676 Africani
793 5617 1315 5690 comprobaverunt.
1364 5618 1467 5672 Sed
1521 5617 1700 5672 facilis
1753 5625 1808 5672 et
1859 5619 2118 5688 expedita

490 5715 794 5786 responsio.
827 5714 965 5768 Nam
1001 5712 1336 5784 Cyprianus,
1376 5717 1435 5765 ut
1471 5713 1635 5766 modo
1677 5712 1938 5780 vidimus,
1968 5730 2116 5767 nun-

486 5827 659 5887 quam
696 5807 971 5864 dubitavit
1007 5807 1145 5880 quin
1189 5806 1448 5878 legitima
1487 5813 1630 5860 esset
1670 5807 1951 5862 ordinatio
1983 5811 2114 5863 Cor-

2807 4600 2976 4638 cuusa
3007 4585 3259 4641 Comeliz.

2287 4681 2376 4736 Sic
2427 4697 2566 4752 ergo
2619 4684 2794 4736 totam
2848 4681 2996 4736 hanc
3051 4698 3240 4736 rerum
3298 4686 3586 4752 gestarum
3643 4682 3864 4740 seriem

2217 4781 2406 4830 texere
2460 4791 2777 4846 possumus.
2825 4775 3028 4830 Statim
3076 4780 3244 4846 atque
3290 4776 3615 4846 legatorum
3666 4777 3866 4833 reditu

2217 4868 2421 4923 veritas
2451 4875 2605 4924 tanta
2641 4870 2763 4923 luce
2803 4869 3201 4936 circumﬂuxit,
3232 4874 3296 4923 ut
3325 4869 3529 4924 iterum
3561 4871 3867 4928 Novatiani

2215 4961 2434 5032 legatos
2481 4963 2670 5018 audiri
2709 4979 2935 5017 necesse
2977 4979 3092 5018 non
3140 4967 3307 5028 esset,
3350 4963 3571 5034 scripsit
3612 4965 3865 5020 Romam

2217 5056 2533 5127 Cyprianus
2591 5073 2695 5127 per
2752 5057 3107 5112 Primitivum
3165 5057 3592 5129 presbyterum,
3649 5057 3740 5112 cui
3794 5059 3867 5114 in

2218 5150 2502 5206 mandatis
2530 5150 2761 5206 dederat
2793 5157 2853 5206 ut
2880 5151 3138 5205 Cornelio
3175 5154 3438 5207 narraret
3473 5167 3603 5223 quas
3639 5151 3700 5205 in
3730 5153 3868 5224 epi-

2218 5245 2418 5299 stolam
2465 5261 2777 5315 congerere
2814 5244 3041 5314 longius
3074 5243 3295 5300 fuisset.
3330 5247 3456 5300 llazc
3496 5252 3581 5300 est
3611 5246 3870 5316 quadra-

2219 5339 2439 5410 gesima
2483 5339 2670 5409 prima
2721 5338 2961 5410 epistola
3012 5339 3163 5409 apud
3209 5339 3545 5394 Pamelium.
3591 5339 3874 5398 Scribant

2218 5432 2430 5487 deinde
2481 5432 2728 5502 episcopi
2775 5432 2875 5504 qui
2918 5433 3261 5504 Carthagine
3309 5433 3552 5488 aderant
3599 5431 3674 5487 ad
3719 5434 3874 5490 alios

2217 5525 2493 5581 universae
2541 5526 2740 5582 Africa:
2783 5528 3091 5599 episc0pos,
3129 5543 3337 5598 eosque
3374 5529 3444 5582 de
3481 5529 3738 5582 Cornelii
3783 5547 3874 5585 re-

2220 5621 2324 5675 bus
2377 5626 2434 5674 et
2485 5620 2772 5674 Novatiani
2829 5620 3134 5676 schismate
3185 5622 3456 5676 certiores
3502 5621 3740 5690 faciunt,
3795 5640 3871 5678 ac

2219 5713 2422 5768 fratres
2464 5731 2592 5768 cum
2640 5714 2842 5770 litteris
2886 5716 3124 5770 Romam
3162 5715 3489 5785 dirigendos
3529 5733 3646 5771 esse
3690 5733 3871 5772 man-

2223 5808 2380 5864 dant.
2435 5809 2597 5874 Quod
2649 5812 2838 5864 antem
2892 5810 3028 5866 alios
3081 5809 3476 5878 hortabantur,
3526 5810 3584 5866 id
3635 5811 3742 5883 ipsi
3799 5813 3869 5870 in
