4104 6192
272 246 369 300 133

1644 240 1798 305 νΙΤΑ
1835 250 1888 303 S.
1930 237 2265 305 CYPRIANI.

3534 240 3632 297 134

267 374 471 443 primis
498 373 888 445 perfecerunt,
922 391 987 431 ac
1026 376 1411 431 communiter
1446 376 1795 447 scripserunt
1832 376 1902 430 ad
1928 380 2087 460 Aest
2119 389 2362 428 cessasse
2392 388 2405 437 ;
2455 387 2555 425 nec
2602 369 2825 425 videtur
2866 370 3107 423 multum
3153 368 3441 424 effluxisse
3485 376 3633 426 tem-

265 468 624 522 Gornelium.
656 469 752 522 Vix
786 469 1024 523 dubium
1068 473 1155 523 est
1177 470 1312 540 quin
1345 470 1482 539 ipsw
1522 470 1634 525 illa:
1667 471 1781 525 sint
1808 471 1901 524 lit-

264 566 402 614 terae
431 562 707 631 Cypriani
735 562 973 633 ejusque
1003 564 1376 633 collegarum,
1410 564 1469 618 in
1501 565 1707 635 quibus
1736 570 1901 619 testa-

261 662 359 708 tur
406 656 688 709 Eusebius
733 656 849 723 (lib.
898 673 974 721 vr,
1018 673 1067 711 c.
1118 658 1227 725 43),
1278 657 1569 711 decretum
1620 660 1793 713 fuisse
1847 664 1904 711 ut

256 750 433 819 lapsis
476 749 881 803 subveniretur
924 766 987 803 ac
1035 750 1269 805 nefaria!
1314 750 1549 806 haeresis
1594 759 1792 807 auctor
1833 754 1904 807 ab

257 844 523 897 Ecclesia
566 844 890 914 ejiceretur.
923 845 1098 899 Erant
1136 844 1193 900 in
1243 845 1444 900 iisdem
1484 846 1684 901 litteris
1727 847 1906 901 multa

255 937 329 991 de
380 937 739 991 Felicissimo
779 939 1012 1008 ejusque
1038 938 1227 1005 sociis,
1257 939 1325 993 de
1364 939 1569 1009 quibus
1609 940 1747 1011 quid
1771 958 1905 995 sen-

254 1032 471 1085 sissent
521 1031 777 1102 episcopi
820 1031 931 1086 illis
973 1032 1200 1101 auditis,
1250 1032 1500 1103 quidque
1537 1034 1902 1104 pronuntias-

253 1130 407 1189 sent,
444 1124 710 1179 Cornelio
754 1125 1081 1179 narrabant.
1110 1126 1379 1196 Utrisque
1420 1126 1534 1181 illae
1571 1126 1813 1193 concilii,
1848 1133 1905 1182 et

256 1218 327 1272 ad
390 1217 696 1289 episcopos
747 1218 1039 1272 Africanos
1089 1221 1144 1272 et
1188 1219 1257 1274 ad
1313 1220 1641 1275 Cornelium
1696 1221 1904 1275 litterae

254 1315 797 1366 commemorantur
827 1329 862 1366 a
898 1312 1184 1382 Cypriane
1214 1312 1269 1366 in
1312 1313 1478 1383 epist.
1508 1316 1598 1379 62,
1630 1330 1729 1383 per
1767 1315 1900 1369 Met-

256 1406 406 1459 tium
422 1405 891 1476 hypediaconum
905 1412 959 1461 et
974 1407 1352 1477 Nicephorum
1364 1408 1693 1477 acolythum
1712 1407 1759 1479 1
1776 1406 1902 1480 32

258 1500 455 1553 missa.
492 1500 603 1553 Per
627 1500 856 1553 eosdem
886 1500 1120 1554 clericos
1158 1501 1311 1555 misit
1353 1501 1669 1572 Cyprianus
1704 1517 1900 1555 exem-

254 1594 356 1663 pla
411 1594 741 1647 litterarum
795 1611 933 1665 quas
980 1611 1011 1648 a
1064 1610 1123 1649 se
1167 1594 1238 1649 de
1288 1594 1628 1649 Felicissimo
1669 1596 1903 1665 ejusque

254 1686 629 1757 presbyterio
663 1687 734 1741 ad
772 1688 987 1742 clerum
1025 1691 1082 1741 et
1118 1688 1347 1758 plebem
1394 1688 1898 1759 Carthaginensem

254 1781 525 1851 scriptas,
558 1781 681 1850 jam
706 1783 875 1835 antea
916 1797 1020 1851 per
1053 1781 1383 1836 Caldonium
1421 1788 1478 1836 et
1522 1758 1900 1837 Fortunatum
1924 1758 1979 1830 B

255 1874 331 1928 ad
378 1874 713 1928 Cornelium
756 1875 1004 1929 miserat.
1040 1876 1307 1929 Hortatur
1345 1875 1676 1931 Cornelium
1716 1882 1779 1930 ut
1813 1892 1905 1931 eas

256 1968 543 2021 fratribus
586 1968 703 2039 legi
746 1968 968 2037 jubeat.
1005 1969 1167 2023 Missa
1202 1972 1287 2023 est
1327 1970 1450 2023 hinc
1493 1971 1660 2041 epist.
1690 1972 1759 2024 42
1798 1987 1901 2024 an-

257 2067 506 2132 tequam
565 2061 833 2116 rediisset
884 2061 1203 2116 Primitivus
1258 2062 1586 2133 presbyter;
1643 2064 1902 2118 nondum

257 2156 424 2209 enim
452 2155 737 2209 didicerat
762 2155 1079 2226 Cyprianus
1110 2173 1175 2210 ex
1205 2156 1409 2211 litteris
1435 2173 1578 2227 quas
1619 2158 1711 2212 ille
1754 2161 1900 2211 attu-

252 2249 325 2303 lit
356 2250 671 2303 molestum
697 2249 965 2304 accidisse
1001 2250 1257 2304 Cornelio
1292 2250 1447 2320 quod
1483 2256 1681 2305 auctor
1718 2252 1901 2305 Adru-

252 2340 502 2394 metinis
524 2339 726 2393 fuisset
756 2355 828 2393 ne
852 2340 922 2394 ad
948 2339 1267 2394 Cornelium
1312 2340 1676 2409 nominatim,
1709 2342 1806 2395 sed
1832 2340 1905 2394 ad

254 2434 577 2487 Ecclesiam
628 2436 945 2488 Romanam
993 2434 1320 2488 scriberent.
1365 2434 1662 2505 Suspicans
1707 2438 1902 2489 tamen

252 2528 481 2598 aliquid
535 2526 855 2597 Cyprianus
888 2569 902 2593 ,
956 2544 1020 2582 ac
1075 2532 1337 2582 metuens
1392 2544 1462 2582 ne
1505 2544 1619 2599 qua
1668 2527 1904 2583 offensio

254 2626 523 2676 mentem
568 2621 814 2675 Cornelii
860 2620 1141 2685 subiisset,
1187 2622 1545 2676 demonstrat
1592 2622 1651 2676 in
1702 2622 1903 2677 eadem

250 2715 430 2786 epist.
464 2717 529 2769 42
555 2732 617 2768 se
646 2715 799 2786 pacis
827 2718 885 2768 et
915 2714 1148 2770 unitatis
1173 2714 1360 2769 studio
1388 2714 1701 2771 adductum
1728 2717 1902 2771 fuisse

254 2816 321 2863 ut
356 2810 556 2863 omnia
584 2809 811 2878 integra
837 2812 1212 2875 servarentur,
1249 2808 1386 2863 dum
1423 2809 1623 2864 litterae
1665 2809 1735 2863 ab
1782 2811 1899 2881 epi-

254 2903 451 2973 scOpis
480 2902 655 2957 Italiae
676 2901 961 2957 venirent.

334 2998 556 3050 Praeter
591 2996 736 3050 hanc
784 2996 946 3066 epist.
990 2997 1080 3058 42,
1111 2996 1223 3051 alia
1255 2996 1483 3051 brevior
1522 2997 1710 3052 Mettio
1741 3013 1899 3052 com-

2006 468 2161 538 poris
2194 467 2341 521 inter
2380 466 2505 520 illas
2546 464 2708 535 epist.
2743 466 2832 530 4t,
2859 466 2946 530 42,
2975 466 3062 518 43.
3094 463 3315 534 Scripta
3359 468 3442 517 est
3482 464 3635 519 enim

2005 561 2441 633 quadragesima
2466 560 2651 629 prima
2700 574 2803 627 per
2843 557 3195 611 Primitivum
3237 558 3634 628 presbyterum

2008 657 2171 726 paulo
2223 658 2347 725 post
2386 653 2634 707 reditum
2677 652 3013 721 legatorum,
3067 652 3506 722 quadragesima
3545 670 3632 707 se-

2006 748 2193 803 cunda
2242 748 2408 818 paulo
2454 751 2579 817 post
2630 745 2847 798 litteras
2898 745 3117 797 concilii
3168 744 3236 798 ad
3283 746 3633 813 Cornelium,

2004 845 2138 896 ante
2170 842 2414 895 reditum
2462 838 2759 905 Primitivi,
2790 843 3101 908 antequam
3133 854 3197 891 ex
3238 838 3402 892 variis
3434 840 3635 894 Africae

2008 934 2310 1004 provinciis
2361 933 2432 987 ad
2485 930 2811 986 Cornelium
2864 930 3245 997 scriberetur,
3291 931 3447 1001 quod
3500 938 3635 986 tunc

2004 1029 2175 1082 fiebat
2198 1044 2326 1083 cum
2361 1026 2545 1081 allatis
2565 1043 2598 1080 a
2630 1025 2918 1078 Primitive
2948 1023 3150 1077 litteris
3185 1024 3497 1095 Cyprianus
3532 1042 3633 1095 per

2005 1122 2169 1191 epist.
2198 1124 2264 1176 45
2298 1122 2686 1191 responderet.

2006 1242 2198 1316 133
2234 1244 2413 1297 XXIII.
2441 1273 2508 1283 —
2537 1243 2677 1299 Novi
2715 1248 2940 1295 conatus
2976 1240 3378 1296 Novutiani.—
3414 1239 3637 1295 Reditus

2075 1326 2439 1390 confessor-um
2494 1326 2857 1378 Romanorum
2922 1322 2979 1374 in
3056 1319 3351 1375 Ecclesium
3414 1319 3635 1373 hortatu

2077 1404 2377 1474 Cypriani;
2424 1404 2483 1456 id
2528 1408 2653 1456 ante
2695 1402 2977 1456 concilium
3014 1404 3313 1455 Romanum
3359 1401 3492 1454 anni
3530 1402 3625 1452 251

2073 1486 2355 1552 contigisse
2384 1483 2703 1537 ostenditur.

2076 1602 2217 1653 Cum
2264 1599 2555 1667 Maximus,
2587 1596 2879 1667 Longinus
2918 1602 2975 1651 et
3013 1596 3310 1662 Machaeus,
3342 1597 3635 1653 Novatiani

2006 1693 2198 1764 legati,
2232 1710 2264 1747 a
2290 1693 2574 1763 Cypriane
2608 1692 2843 1761 ejusque
2872 1691 3107 1761 collegis
3134 1690 3353 1759 expulsi
3373 1690 3632 1757 fuissent,

2006 1786 2147 1841 alios
2180 1787 2236 1840 in
2273 1785 2524 1841 Africam
2551 1784 2704 1839 misit
2728 1784 3092 1849 Nevatianus,
3124 1799 3332 1853 nempe
3357 1783 3632 1837 Nicostra-

2008 1887 2125 1935 tum
2153 1884 2211 1934 et
2235 1881 2511 1934 Novatum
2540 1882 2599 1932 et
2626 1877 2940 1933 Evaristum
2967 1882 3021 1931 et
3049 1876 3306 1931 Primum
3335 1881 3391 1930 et
3419 1877 3628 1946 Diony-

2005 1976 2176 2029 sium.
2200 1974 2551 2045 Cyprianum
2584 1990 2653 2026 ea
2681 1972 2748 2026 de
2771 1989 2831 2025 re
2861 1970 3084 2024 monuit
3110 1970 3407 2026 Cornelius
3434 1969 3634 2025 litteris

2006 2086 2107 2139 per
2122 2068 2462 2137 Augendum
2484 2066 2865 2121 confessorem
2887 2064 3090 2131 missis,
3110 2080 3238 2134 quae
3258 2080 3372 2118 non
3392 2066 3631 2117 exstant.

2004 2164 2128 2217 Non
2165 2163 2348 2216 multo
2380 2167 2524 2232 post,
2557 2161 2662 2214 alia
2707 2158 3001 2213 occasione
3046 2158 3249 2225 oblata,
3279 2158 3484 2212 iterum
3534 2172 3635 2227 per

2004 2257 2386 2327 Nicephorum
2409 2255 2735 2325 acelytbum
2760 2253 2985 2324 scripsit
3007 2251 3077 2306 ad
3098 2251 3443 2321 Cyprianum
3466 2250 3630 2320 epist.

2002 2352 2154 2405 inter
2196 2350 2559 2421 Cyprianicas
2587 2350 2674 2414 48,
2706 2348 2760 2401 in
2795 2364 2909 2417 qua
2942 2349 3105 2416 rogat
3145 2349 3206 2399 ut
3244 2344 3422 2416 ipsius
3460 2359 3633 2415 opera

2005 2444 2272 2499 omnibus
2289 2443 2633 2514 coepiscopis
2659 2446 2716 2496 et
2735 2441 3003 2495 fratribus
3020 2441 3336 2495 innotescat
3361 2439 3633 2493 Nicostra-

2004 2544 2127 2593 tum
2160 2538 2471 2592 multorum
2503 2536 2812 2590 criminum
2854 2551 3041 2601 reum,
3072 2538 3127 2589 et
3163 2551 3280 2588 non
3314 2533 3494 2587 solum
3532 2550 3627 2603 pa-

2007 2636 2186 2687 tronte
2211 2649 2329 2686 sum
2356 2631 2594 2692 carnali.
2624 2631 2784 2700 cujus
2813 2628 3062 2683 rationes
3094 2628 3286 2698 gessit,
3311 2627 3541 2681 fraudes
3573 2630 3633 2681 et

2004 2728 2231 2797 rapinas
2256 2726 2476 2789 fecisse,
2506 2739 2705 2777 verum
2732 2723 2902 2776 etiam
2940 2722 3199 2776 Ecclesia
3230 2720 3489 2791 deposita
3516 2737 3629 2775 non

2004 2821 2228 2875 modica
2253 2819 2582 2886 abstulisse;
2614 2816 2927 2873 Evaristum
2954 2832 3090 2869 vero
3132 2819 3424 2869 auctorem
3453 2814 3628 2868 schis-

2006 2913 2174 2968 matis
2191 2912 2385 2978 fuisse,
2402 2915 2459 2965 et
2473 2926 2848 2965 successorem
2869 2908 3019 2979 plebi
3042 2907 3132 2962 cui
3149 2910 3278 2961 ante
3299 2907 3626 2977 praefuerat,

2001 3009 2202 3061 Zetum
2233 3007 2291 3060 in
2332 3006 2515 3059 locum
2549 3005 2670 3074 ejus
2709 3004 3038 3074 episcopum
3080 3018 3199 3057 esse
3237 3001 3628 3055 constitutum.

256 3090 437 3144 missa
493 3092 581 3144 θεοὶ
637 3089 710 3143 δά
766 3088 1107 3156 Cornelium,
1150 3106 1280 3161 (tug3
1326 3094 1413 3145 δεῖ
1456 3093 1548 3146 4’3-
1592 3092 1976 3203 Cel‘ﬁoremc
2006 3100 2279 3155 Postridie
2308 3115 2478 3171 quam
2508 3102 2784 3151 venerant
2810 3096 2987 3167 legati
3013 3094 3330 3161 Novatiani,
3365 3110 3626 3165 superve-

260 3184 415 3203 m“-
482 3184 613 3203 ρης.
656 3184 966 3203 τηρ-μευ---
1018 3199 1065 3203 η
1120 3183 1183 3203 ,λ
2048 3195 2080 3203 .,
2131 3195 2191 3203 --.
2308 3194 2321 3203 .
2630 3192 2642 3203 .
2691 3192 2724 3203 ..
3184 3188 3193 3198 .
3265 3190 3298 3203 ι.

256 3184 425 3238 illum
481 3184 614 3238 facit
654 3184 969 3253 Cyprianus
1012 3199 1071 3238 se
1115 3183 1188 3237 ad
1235 3184 1584 3239 confesseres
1628 3184 1898 3239 schisma-

260 3280 403 3331 ticos
432 3275 745 3347 scripsisse,
780 3276 876 3331 sed
906 3276 1205 3331 mandasse
1244 3277 1432 3332 Mettio
1463 3284 1523 3333 ut
1548 3278 1649 3332 has
1683 3277 1903 3333 litteras

258 3371 531 3426 Cornelio
576 3370 816 3440 legeret,
856 3385 963 3424 nec
1005 3386 1096 3423 eas
1141 3370 1412 3426 redderet
1461 3371 1565 3425 nisi
1610 3372 1903 3425 Cornelius

262 3465 590 3520 reddendas
635 3479 758 3517 esse
795 3463 1096 3532 judicaret.
1131 3464 1255 3518 Non
1294 3464 1599 3519 verisimile
1638 3468 1724 3519 est
1766 3465 1901 3519 Met-

265 3559 410 3613 tium
439 3575 475 3611 a
502 3558 782 3628 Cypriane
809 3556 896 3611 bis
935 3556 1175 3612 missum
1222 3557 1391 3612 fuisse
1438 3560 1699 3627 Romam,
1728 3559 1903 3612 semel

262 3652 506 3722 quidem
549 3668 682 3706 cum
722 3650 1038 3720 Nicephoro
1091 3652 1161 3705 ad
1212 3652 1511 3723 epistolam
1559 3653 1647 3719 42,
1696 3653 1902 3707 iterum

262 3746 339 3799 ad
371 3745 879 3817 quadragesimam
906 3744 1135 3799 tertiam
1173 3745 1243 3801 de
1268 3746 1689 3801 cenfesseribus
1724 3747 1899 3801 schis-

246 3841 494 3896 rmaticis
530 3840 957 3911 perferendam.
991 3843 1125 3909 Hoc,
1158 3840 1420 3911 inquam,
1449 3841 1752 3896 verisimile
1788 3858 1904 3897 non

260 3936 365 4000 fit;
413 3951 556 3989 nam
601 3934 970 4004 Nicephorus,
998 3950 1169 4006 quem
1209 3951 1340 3989 cum
1381 3935 1569 3990 Mettio
1612 3935 1902 4005 probabile

261 4033 351 4084 est
374 4028 633 4094 rediisse,
666 4028 933 4082 nuntium
962 4028 1243 4100 Cypriane
1289 4029 1358 4083 de
1396 4030 1584 4084 reditu
1617 4029 1899 4084 confesso-

262 4139 393 4177 rum
440 4122 865 4193 optatissimum
894 4122 1105 4178 attulit.
1140 4122 1252 4177 Sed
1282 4138 1383 4176 cur
1417 4122 1734 4193 Cyprianus
1767 4124 1904 4178 duas

264 4217 440 4271 simul
467 4217 537 4271 ad
565 4216 892 4272 Cornelium
922 4216 1143 4271 litteras
1173 4215 1379 4271 dedit?
1409 4217 1553 4270 Rem
1584 4216 1750 4271 solvit
1787 4218 1902 4272 Til-

262 4311 603 4366 lemontius.
627 4312 769 4367 Cum
791 4310 969 4380 probe
991 4310 1162 4365 sciret
1178 4311 1492 4381 Cyprianus
1519 4311 1743 4365 litteras
1773 4327 1904 4365 suas

269 4406 471 4459 Romae
498 4404 723 4475 publice
748 4404 861 4474 legi
888 4405 1098 4470 solere,
1136 4405 1448 4475 prudenter
1488 4404 1732 4459 brevieri
1782 4405 1901 4475 epi-

2000 3195 2090 3249 nit
2131 3194 2480 3264 Nicephorus
2526 3192 2817 3262 acolythus
2854 3206 2984 3243 cum
3023 3188 3226 3243 litteris
3263 3188 3527 3256 Cornelii,
3560 3204 3630 3242 ex

2001 3288 2209 3360 quibus
2250 3287 2566 3359 Cyprianus
2596 3284 2795 3339 didicit
2838 3288 2893 3338 et
2927 3283 3063 3337 alios
3103 3282 3398 3353 episcopos
3444 3280 3633 3336 docuit

2004 3399 2133 3453 quae
2161 3382 2233 3435 ad
2254 3382 2633 3436 Nicostratum
2657 3384 2713 3433 et
2739 3379 3051 3434 Evaristum
3072 3376 3411 3431 attinebant.
3432 3377 3633 3431 Postea

2005 3478 2213 3547 gratias
2240 3476 2356 3546 egit
2382 3474 2647 3530 Cornelio
2672 3490 2771 3544 per
2797 3472 2963 3543 epist.
2998 3473 3087 3526 49.

2074 3570 2186 3626 Sed
2219 3570 2370 3624 idem
2399 3569 2749 3639 Nicephorus
2774 3567 2912 3621 alias
2944 3566 3154 3621 litteras
3183 3566 3363 3621 multo
3389 3565 3633 3620 laetiores

2003 3664 2211 3731 attulit,
2236 3663 2440 3734 quibus
2470 3661 2813 3732 Cyprianum
2845 3661 3139 3715 Cornelius
3167 3659 3236 3714 de
3264 3658 3628 3734 reditufqua-

2006 3765 2133 3813 tuor
2168 3758 2563 3812 cenf‘essorum
2609 3755 2847 3821 Maximi,
2894 3754 3127 3821 Urbani,
3175 3752 3391 3808 Sidonii
3435 3757 3491 3805 et
3532 3753 3634 3806 Ma-

2004 3852 2183 3905 charii
2211 3850 2513 3905 certiorem
2542 3848 2802 3903 faciebat.
2829 3850 2970 3901 Cum
2998 3847 3237 3917 quidam
3256 3846 3460 3900 fratres
3482 3862 3631 3899 nun-

2004 3945 2244 4000 tiassent
2272 3944 2626 3999 cenfesseres
2656 3943 2724 3997 ad
2760 3941 3059 3996 sanitatem
3089 3940 3318 4008 reverti,
3349 3957 3413 3994 ac
3438 3943 3635 4010 postea

2004 4039 2265 4094 Urbanus
2293 4042 2350 4093 et
2369 4037 2633 4093 Sidonius
2658 4036 2731 4090 ad
2761 4035 3121 4106 presbyteros
3146 4036 3449 4099 venissent,
3480 4034 3631 4087 affir-

2004 4138 2223 4187 mantes
2236 4132 2475 4188 Maxime
2486 4148 2536 4185 m
2562 4131 2958 4201 presbyterum
2975 4134 3031 4181 et
3042 4128 3425 4197 confessorem
3438 4143 3633 4181 secum

2004 4227 2215 4298 pariter
2240 4242 2450 4297 cupere
2492 4225 2551 4279 in
2591 4223 2899 4279 Ecclesiam
2940 4222 3148 4287 redire,
3179 4222 3390 4292 placuit
3419 4223 3624 4275 Cerne-

2004 4321 2080 4375 lio
2108 4326 2171 4374 ut
2198 4337 2261 4376 ex
2286 4322 2540 4391 ipsorum
2568 4335 2666 4373 ore
2696 4322 2753 4372 et
2779 4317 3131 4372 confessione
3163 4332 3291 4387 quas
3330 4332 3432 4386 per
3471 4316 3630 4385 lega-

2005 4414 2218 4468 tionem
2250 4414 2658 4468 mandaverant
2681 4413 3035 4467 audirentur.
3068 4411 3324 4474 Quicum
3350 4410 3634 4465 venissent

266 4500 421 4553 διοιδὶ
450 4498 757 4563 comma“,
785 4514 913 4569 (Ιιιω
940 4498 1000 4552 in
1028 4499 1226 4569 “118115
1252 4498 1440 4552 θῘῩθῐτί
1472 4498 1722 4553 ΠοῙθδὶίί·
1750 4501 1901 4553 ΡΡεε·
1923 4506 1982 4577 D
2006 4515 2063 4562 et
2092 4527 2121 4559 a
2145 4508 2489 4577 presbyteris
2519 4524 2647 4578 quae
2676 4512 2971 4577 gesserant
2990 4506 3379 4575 exigerentur,
3400 4504 3635 4557 circum-

265 4599 353 4647 ter
378 4594 552 4663 epist.
588 4592 662 4645 ad
704 4592 1063 4659 Confessores,
1095 4608 1223 4663 qua:
1257 4597 1342 4646 est
1374 4593 1462 4659 44,
1494 4592 1757 4647 mittebat
1791 4593 1901 4647 illis

266 4686 585 4758 Cyprianus
608 4685 779 4741 libros
802 4702 932 4740 suos
958 4686 1023 4740 de
1064 4688 1252 4755 Lapsis
1284 4688 1342 4739 et
1367 4686 1433 4741 de
1466 4688 1684 4742 Um’tate
1721 4688 1899 4741 Eccle-

262 4784 377 4836 sia.
413 4782 495 4834 Ex
541 4796 655 4851 quo
696 4779 873 4834 facilis
915 4785 999 4834 est
1038 4780 1365 4850 conjectura
1406 4779 1559 4835 hunc
1590 4780 1799 4836 librum
1838 4782 1903 4837 de

274 4878 495 4932 Unitate
524 4875 768 4931 Ecclesiae
792 4873 939 4928 circa
980 4873 1085 4929 hoc
1124 4877 1353 4945 tempus
1391 4874 1664 4945 scriptum
1706 4873 1899 4945 fuisse,

268 4969 443 5040 idque
465 4968 841 5023 conﬁrmatur
860 4966 1043 5022 Pontii
1061 4967 1410 5037 testimonio,
1441 4968 1539 5038 qui
1561 4984 1693 5023 eum
1714 4969 1901 5023 statim

270 5067 393 5134 post
418 5063 634 5117 librum
665 5063 731 5116 de
757 5064 946 5131 Lapsis
975 5068 1250 5117 recenset.

337 5160 668 5227 Antequam
695 5155 797 5210 has
824 5155 1043 5210 litteras
1071 5156 1353 5227 acciperet
1386 5157 1696 5224 Cornelius,
1722 5157 1899 5229 scrip-

269 5251 338 5305 sit
370 5252 655 5322 Cypriane
693 5266 796 5321 per
833 5249 1189 5304 Primitivum
1237 5250 1658 5322 presbyterum,
1705 5267 1769 5306 ac
1796 5250 1901 5306 sibi

272 5345 622 5416 displicuisse
687 5343 1028 5414 significavit
1087 5344 1383 5399 consilium
1434 5345 1816 5401 Adrumetinis
1870 5362 1903 5399 a

270 5439 548 5510 Cypriane
581 5439 802 5495 datum.
834 5438 1168 5508 Respondet
1192 5439 1243 5494 ei
1267 5440 1580 5510 Cyprianus
1610 5456 1708 5511 per
1733 5440 1897 5510 epist.

272 5535 356 5599 45,
380 5550 508 5605 qua:
536 5537 661 5587 tum
695 5532 907 5603 scripta
931 5539 1016 5587 est
1055 5549 1183 5587 cum
1210 5533 1463 5604 undique
1499 5534 1748 5590 Africani
1787 5534 1900 5606 epi-

274 5629 421 5699 scopi
454 5629 700 5683 Romam
741 5627 1073 5695 scriberent,
1110 5632 1170 5681 ut
1199 5645 1257 5682 se
1302 5630 1565 5684 Cornelio
1606 5630 1899 5684 adhaerere

274 5728 634 5777 testarentur.
680 5722 740 5775 In
788 5722 961 5777 rebus
1010 5722 1150 5776 tanti
1194 5722 1475 5778 momenti
1522 5740 1626 5778 nec
1668 5724 1897 5794 Cypria-

276 5834 431 5891 num,
460 5835 563 5873 nec
588 5818 824 5873 clericos
846 5834 987 5889 quos
1012 5817 1255 5872 Romam
1299 5818 1559 5873 mittebat
1593 5817 1897 5872 verisimile

2002 4608 2199 4656 ventos
2241 4618 2299 4655 se
2339 4618 2459 4656 esse
2500 4602 2952 4668 affirmaverunt,
2998 4615 3105 4654 nec
3145 4598 3281 4669 quid
3324 4598 3381 4651 in
3428 4596 3631 4651 litteris

2000 4696 2254 4767 ipsorum
2277 4695 2506 4749 nomine
2526 4712 2630 4767 per
2645 4711 2845 4748 omnes
2862 4692 3125 4748 ecclesias
3142 4690 3328 4746 missis
3347 4690 3559 4744 inesset
3571 4705 3630 4743 se

2001 4790 2192 4857 scisse,
2207 4797 2374 4860 atque
2401 4794 2464 4843 ut
2485 4788 2845 4841 abelerentur
2865 4789 2919 4839 et
2941 4802 2970 4839 e
2994 4785 3273 4839 memoria
3294 4784 3632 4838 tollerentur

2001 4896 2131 4951 quae
2157 4881 2555 4950 praecesserant
2580 4876 2861 4947 deprecati
2883 4878 3034 4929 sunt.
3059 4874 3231 4928 Omni
3257 4878 3387 4928 actu
3409 4873 3481 4927 ad
3502 4876 3629 4930 Cer-

2001 4974 2219 5028 nelium
2240 4972 2482 5044 perlate,
2499 4970 2672 5041 jussit
2686 4968 2940 5023 contrahi
2964 4969 3380 5040 presbyterium
3406 4985 3419 5023 :
3443 4969 3636 5023 adfue-

2002 5073 2137 5122 runt
2161 5066 2409 5138 episcopi
2425 5062 2702 5136 quinque,
2728 5068 2785 5118 et
2806 5079 2867 5117 re
2886 5064 2954 5118 ad
2976 5063 3410 5118 deliberandum
3434 5081 3634 5134 prope-

2001 5163 2125 5229 sita,
2158 5159 2458 5215 sententia).
2485 5176 2517 5212 a
2546 5157 2790 5229 singulis
2816 5158 2999 5225 dictis,
3029 5174 3169 5228 quas
3194 5158 3487 5213 Cornelius
3517 5158 3633 5211 suis

2002 5254 2074 5309 ad
2100 5254 2446 5326 Cyprianum
2476 5253 2679 5309 litteris
2714 5252 2973 5323 subjecit.
3006 5252 3099 5307 His
3139 5252 3212 5306 ita
3242 5251 3432 5322 gestis,
3459 5268 3629 5306 vene-

2002 5354 2135 5403 runt
2150 5348 2207 5403 in
2230 5347 2650 5419 presbyterium
2673 5351 2915 5417 quatuor
2932 5346 3288 5401 cenfessores
3301 5352 3355 5399 et
3375 5345 3631 5416 plerique

1999 5442 2228 5510 fratres,
2260 5443 2356 5514 qui
2383 5459 2441 5498 se
2471 5442 2554 5496 eis
2581 5442 2980 5511 adjunxerant,
2999 5440 3242 5493 summis
3260 5441 3521 5509 precibus
3542 5441 3635 5495 de-

2001 5536 2313 5591 siderantes
2340 5541 2403 5590 ut
2431 5553 2497 5590 ea
2529 5552 2656 5606 quas
2682 5541 2814 5590 ante
2842 5536 3071 5589 fuerant
3110 5536 3268 5603 gesta
3299 5534 3359 5587 in
3398 5533 3628 5587 oblivio-

2000 5648 2134 5686 nem
2163 5630 2450 5685 caderent.
2474 5633 2616 5687 Cum
2640 5635 2828 5684 autem
2855 5645 3093 5699 magnus
3114 5627 3487 5681 fraternitatis
3507 5644 3633 5681 con-

2001 5741 2197 5779 cursus
2225 5724 2406 5778 factus
2438 5724 2655 5791 fuisset,
2688 5740 2800 5777 una
2832 5739 2936 5777 vox
2966 5725 3088 5776 erat
3122 5721 3379 5775 omnium
3418 5722 3629 5790 gratias

2003 5820 2116 5873 Dee
2142 5820 2462 5890 agentium,
2493 5818 2570 5873 ait
2616 5817 2935 5886 Cornelius,
2965 5816 3241 5889 gaudium
3270 5816 3518 5885 pecteris
3544 5815 3629 5870 la-
