4084 6208
493 283 594 338 135

1850 275 2002 340 VlTA
2040 285 2094 340 S.
2134 277 2472 338 CYPRIANI.

3749 280 3845 336 136

490 411 698 483 crymis
720 412 1122 482 exprimentes,
1155 409 1596 481 complectentes
1627 426 1720 464 eos
1751 412 1909 482 quasi
1933 429 2000 466 eo
2025 411 2116 465 die
2143 413 2350 496 Aante
2409 407 2704 463 Novatiani
2749 407 3190 462 ordinationem.
3237 406 3347 461 Sed
3394 423 3512 462 non
3552 411 3670 461 tam
3721 423 3846 461 sero

490 523 657 576 ρωηᾶ
678 504 912 559 carceris
940 505 1179 559 fuissent
1205 505 1453 558 liberati.
1480 504 1839 559 Confessores
1867 506 2114 559 declara-

490 605 625 653 runt
655 616 714 652 se
755 598 1076 652 Cornelium
1114 599 1486 652 sanctissima:
1524 600 1785 653 Ecclesiae
1822 599 2118 653 catholicae

491 693 818 762 episcopum
847 708 1180 762 agnoscere,
1215 692 1455 746 confessi
1487 696 1621 746 sunt
1646 709 1702 746 se
1745 693 2119 762 imposturam

487 802 676 856 passos
727 802 791 840 ac
837 785 1250 840 circumventos
1293 802 1438 852 esse,
1468 787 1562 839 sed
1613 789 1802 839 tamen
1841 786 2116 840 sinceram

485 886 733 934 mentem
759 896 922 934 suam
944 896 1169 950 semper
1188 881 1240 932 in
1266 879 1509 933 Ecclesia
1536 878 1731 946 fuisse;
1757 879 1966 950 quippe
1989 895 2118 933 cum

487 990 604 1026 non
652 974 986 1043 ignorarent
1015 990 1191 1027 unum
1225 974 1400 1026 Deum
1439 989 1582 1041 esse,
1612 989 1793 1026 unum
1834 974 2118 1028 Christum

490 1065 681 1138 134
713 1067 1018 1121 Dominum
1049 1084 1114 1120 ac
1135 1083 1309 1121 unum
1339 1066 1608 1137 Spiritum
1632 1071 1912 1132 sanctum,
1939 1083 2118 1120 unum

486 1160 812 1230 episcopum
862 1160 918 1213 in
971 1160 1220 1214 Ecclesia
1268 1160 1541 1214 catholica
1586 1177 1705 1214 esse
1751 1160 1979 1215 debere.
2027 1160 2121 1214 llis

484 1254 654 1306 rebus
705 1259 1000 1324 permotus
1039 1253 1330 1308 Cornelius
1380 1254 1678 1307 Maximum
1726 1254 2118 1324 presbyterum

485 1347 672 1400 locum
703 1363 869 1400 suum
895 1347 1060 1417 jussit
1102 1363 1432 1417 agnoscere,
1461 1353 1696 1401 cwteros
1732 1364 1858 1401 cum
1901 1347 2119 1417 ingenti

487 1441 684 1510 p0puli
715 1440 986 1511 suffragio
1010 1442 1244 1511 recepit,
1274 1458 1338 1494 ac
1377 1441 1572 1494 omnia
1605 1441 1825 1495 remisit
1853 1443 1963 1495 Deo
1995 1457 2118 1495 om-

485 1535 787 1604 nipotenti.
823 1536 949 1588 Haec
977 1541 1166 1588 autem
1194 1535 1396 1588 eadem
1419 1535 1578 1601 hora,
1608 1535 1804 1588 eodem
1826 1541 2118 1590 momento

486 1627 554 1680 ad
608 1626 952 1697 Cyprianum
1004 1645 1106 1697 per
1156 1628 1362 1698 scripta
1407 1628 1737 1694 transmisit,
1770 1645 1976 1699 nempe
2020 1645 2121 1698 per

487 1721 654 1790 epist.
698 1721 849 1774 inter
885 1720 1246 1791 Cyprianicas
1288 1723 1376 1788 46,
1418 1738 1482 1776 ac
1523 1721 1906 1792 Nicephorum
1943 1722 2121 1792 acoly-

2221 509 2464 573 quatnor
2491 503 2568 556 illi
2598 502 2968 567 confessores,
3000 505 3099 554 aut
3126 501 3326 554 saltem
3364 504 3495 555 ante
3543 500 3848 555 concilium

2222 598 2565 661 Romanum,
2596 596 2831 650 rediisse
2851 595 2908 648 in
2936 595 3243 650 Ecclesiam
3274 594 3559 649 videntur.

2293 690 2526 746 Reditus
2578 690 2961 744 confessorum
3021 689 3209 758 paucis
3265 688 3460 742 diebus
3513 687 3847 742 subsecutus

2222 788 2306 838 est
2350 801 2550 838 novam
2599 784 2947 854 legationem
2999 782 3318 837 Novatiani.
3362 803 3390 832 ‹‹
3438 783 3650 836 Novato
3694 782 3846 836 enim

2222 879 2376 932 illinc
2406 895 2438 930 a
2481 878 2636 932 vobis
2666 877 3011 946 discedente,
3037 876 3116 930 ait
3158 876 3466 946 Cyprianus
3505 876 3689 946 (epist.
3733 876 3844 945 49),

2222 972 2275 1026 id
2304 975 2409 1038 est,
2441 971 2488 1042 1
2506 970 2630 1044 35
2662 971 2908 1042 procella
2927 975 2983 1024 et
3007 969 3232 1023 turbine
3252 969 3572 1034 recedente,
3593 986 3658 1023 ex
3686 973 3845 1040 parte

2223 1065 2333 1118 illic
2359 1064 2518 1135 quies
2557 1066 2704 1118 facta
2743 1069 2846 1118 est.
2883 1086 2908 1114 »
2940 1065 3112 1118 Porro
3141 1080 3172 1116 a
3216 1062 3398 1133 prima
3447 1063 3735 1132 legatione
3773 1062 3846 1116 ad

2221 1159 2364 1212 hanc
2387 1174 2589 1211 novam
2618 1175 2731 1211 non
2757 1158 3002 1211 multum
3029 1156 3340 1211 intercessit
3368 1155 3642 1226 temporis
3669 1172 3682 1210 :
3713 1172 3848 1210 nam

2227 1273 2254 1299 ‹‹
2305 1255 2619 1320 prostratus
2666 1250 2968 1304 virtutibus
3019 1249 3114 1303 Dei
3169 1269 3195 1300 »
3251 1248 3615 1315 Novatianus,
3664 1254 3728 1302 ut
3771 1249 3852 1303 ait

2221 1346 2514 1400 Cornelius
2543 1344 2728 1414 (epist.
2762 1343 2872 1414 48),
2907 1365 2934 1392 ‹‹
2975 1359 3104 1397 cum
3149 1343 3419 1397 Maximus
3457 1346 3514 1397 et
3561 1342 3851 1413 Longinus

2222 1443 2282 1493 et
2317 1441 2586 1493 Machaeus
2633 1438 2877 1491 fuissent
2931 1437 3146 1508 expulsi
3204 1453 3235 1489 a
3276 1436 3556 1507 Cypriano
3609 1437 3847 1507 ejusque

2221 1533 2473 1603 collegis,
2504 1534 2694 1586 denuo
2725 1531 3055 1585 resurrexit.
3084 1553 3110 1580 »
3142 1531 3356 1593 Quibus
3382 1547 3446 1583 ex
3478 1530 3660 1583 verbis
3691 1533 3851 1600 patet

2220 1627 2590 1680 Novatianum
2623 1642 2735 1679 non
2766 1641 2796 1678 a
2820 1625 2967 1679 Julio
2998 1640 3190 1678 mense
3238 1625 3307 1678 ad
3354 1623 3728 1678 Novembrem
3766 1624 3846 1677 fe-

2220 1720 2426 1774 riatum
2459 1735 2598 1786 esse,
2627 1719 2727 1773 sed
2778 1722 3006 1788 accepta
3044 1717 3252 1772 damna
3292 1718 3548 1788 protinus
3583 1733 3846 1786 reparare

482 1815 647 1867 thum
681 1813 1027 1868 descendere
1067 1815 1133 1868 ad
1167 1815 1552 1883 navigandum
1591 1815 1966 1869 destinantem
2008 1793 2196 1869 sta-B
2222 1814 2493 1881 voluisse,
2556 1813 2738 1867 missis
2794 1812 3160 1882 peritioribus
3217 1811 3510 1882 magisque
3559 1811 3850 1865 industriis

488 1907 589 1961 tim
620 1907 855 1960 dimisit.
889 1906 1398 1974 Carthaginensem
1441 1907 1734 1960 ecclesiam
1762 1908 1957 1962 laetitia
1986 1924 2116 1978 per-

488 1999 762 2054 fuderunt
816 2000 1019 2053 litteras
1074 2000 1355 2064 Cornelii;
1407 2017 1510 2054 nec
1551 1999 1789 2054 dubium
1839 2001 1974 2070 quin
2029 2017 2121 2054 eas

482 2095 794 2164 Cyprianus
839 2093 909 2147 ad
953 2097 1189 2148 caeteras
1233 2094 1434 2148 Africaa
1475 2095 1740 2149 ecclesias
1786 2094 2028 2160 miserit,
2057 2099 2122 2149 ut

487 2190 794 2258 rogaverat
840 2187 1159 2252 Cornelius,
1207 2187 1295 2241 cui
1345 2189 1638 2258 respondit
1680 2205 1781 2258 per
1824 2187 1989 2258 epist.
2029 2188 2116 2242 47.

482 2281 841 2352 Scripserunt
889 2282 1060 2334 etiam
1106 2281 1463 2336 confessores
1503 2281 1574 2335 ad
1620 2282 1991 2352 Cyprianum,
2020 2299 2115 2336 eo-

487 2389 734 2445 rumque
766 2375 929 2445 epist.
955 2381 1038 2428 est
1067 2375 1216 2429 inter
1241 2375 1598 2446 Cyprianicas
1635 2378 1722 2429 50.
1756 2375 1848 2428 Hic
1889 2392 2120 2446 respon-

483 2468 567 2522 dit
598 2469 914 2539 Cyprianus
943 2484 1045 2539 per
1073 2469 1242 2538 epist.
1281 2472 1368 2523 52.
1397 2469 1535 2532 Quae
1575 2472 1766 2523 autem
1810 2485 1876 2522 ex
1918 2469 2119 2523 litteris

481 2563 726 2619 Cornelii
757 2562 1057 2633 desumpta
1087 2563 1465 2630 narravimus,
1498 2579 1566 2616 ea
1595 2563 1840 2632 probant
1879 2579 1996 2617 non
2027 2579 2116 2616 so-

485 2658 570 2712 los
597 2656 948 2710 confessores
977 2655 1868 2710 rediisse.Veneruntcumillisin
1892 2657 2120 2727 presby-

481 2750 692 2806 terium
726 2769 751 2801 «
785 2750 1038 2820 plerique
1069 2750 1273 2803 fratres
1305 2749 1400 2820 qui
1430 2767 1490 2804 se
1522 2751 1603 2803 eis
1637 2750 2052 2820 adjunxerant;
2086 2772 2112 2799 »

480 2844 634 2915 quod
655 2843 888 2915 quidem
913 2860 1022 2897 non
1049 2843 1272 2897 videtur
1291 2843 1361 2897 de
1384 2843 1549 2914 plebe
1573 2843 1847 2898 catholica
1865 2860 1968 2915 pro
1989 2860 2118 2898 con-

479 2938 791 2992 fessoribus
835 2937 1179 3007 deprecante
1222 2937 1465 3008 intelligi
1510 2953 1696 3008 posse.
1729 2939 1930 2991 Postea
1961 2938 2116 2991 enim

480 3036 669 3086 narrat
694 3031 992 3086 Cornelius
1008 3031 1378 3084 fraternitatis
1397 3047 1738 3085 concursum
1762 3047 1964 3102 ;quem
1991 3036 2112 3085 tum

475 3125 708 3179 demum
762 3123 978 3179 factum
1029 3123 1242 3178 indicat
1283 3125 1457 3178 fuisse
1502 3141 1632 3178 cum
1681 3141 1918 3179 omnem
1963 3125 2115 3179 hunc

476 3223 667 3273 actum
709 3219 917 3289 populo
965 3217 1373 3271 insinuandum
1413 3219 1723 3288 judicavit;
1757 3218 1989 3272 ditficile
2031 3224 2113 3273 est

475 3328 610 3366 sane
645 3317 706 3366 ut
735 3312 1092 3366 confessores
1127 3312 1226 3382 qui
1258 3312 1469 3366 multos
1496 3313 1830 3366 auctoritate
1858 3330 1956 3366 sua
1984 3313 2107 3367 abs-

473 3409 785 3472 traxerant,
831 3405 1012 3458 nullos
1053 3405 1109 3458 in
1159 3404 1450 3458 redeundo
1487 3406 1671 3460 socios
1705 3410 1762 3459 et
1800 3405 2111 3461 imitatores

473 3499 778 3554 haberent.
811 3498 1052 3554 Cornelii
1083 3499 1255 3552 verba
1277 3515 1389 3553 non
1405 3499 1568 3553 aliter
1599 3500 2006 3570 interpretatus
2030 3504 2113 3556 est

471 3593 788 3663 Cyprianus
824 3610 836 3647 :
875 3614 897 3642 ‹‹
944 3594 1164 3656 Quanto
1208 3593 1389 3663 majus
1433 3596 1518 3646 est
1562 3594 1858 3664 gaudium,
1901 3594 2108 3665 inquit,

470 3686 656 3758 (epist.
701 3689 807 3754 41),
863 3692 921 3740 et
967 3687 1022 3739 in
1067 3687 1233 3740 terris
1280 3687 1496 3757 pariter
1542 3691 1597 3740 et
1643 3687 1700 3740 in
1755 3689 1890 3742 coelo
1941 3704 2110 3759 super

471 3779 887 3834 confessoribus
917 3779 987 3832 ad
1035 3779 1338 3834 Ecclesiam
1389 3781 1485 3835 Dei
1528 3797 1656 3835 cum
1706 3781 1884 3851 gloria
1924 3798 2021 3835 sua
2054 3787 2110 3836 et

474 3888 605 3929 cum
651 3875 817 3927 laudo
855 3873 1247 3940 redeuntibus,
1291 3878 1346 3927 et
1387 3875 1663 3929 redeundi
1705 3875 1851 3928 viam
1894 3875 2109 3929 caeteris

473 3968 716 4038 exempli
750 3967 834 4020 sui
855 3967 966 4021 fide
996 3971 1055 4021 et
1082 3968 1417 4038 probatione
1439 3968 1774 4022 facientibus
1799 3969 1812 4022 l
1838 3969 1932 4022 Hic
1952 3969 2106 4023 enim

472 4063 750 4133 quosdam
784 4061 992 4116 fratres
1025 4066 1246 4116 nostros
1275 4078 1437 4116 error
1470 4063 1784 4130 induxerat,
1824 4063 1971 4133 quod
2003 4063 2105 4117 sibi

469 4155 1052 4211 communicationem
1102 4155 1485 4209 confessorum
1544 4156 1703 4226 sequi
1756 4156 2102 4211 viderentur.

475 4251 598 4314 Quo
625 4265 816 4304 errore
849 4249 1092 4317 sublato,
1125 4249 1219 4302 lux
1267 4249 1525 4303 omnium
1572 4250 1895 4320 pectoribus
1921 4250 2106 4304 infusa

468 4347 572 4409 est,
607 4347 664 4397 et
694 4342 939 4396 Ecclesia
959 4342 1233 4396 catholica
1258 4358 1364 4396 nec
1392 4342 1569 4396 scindi
1601 4360 1706 4396 nec
1733 4343 1905 4397 dividi
1937 4359 2102 4414 posse

473 4442 786 4491 monstrata
817 4441 918 4489 est.
949 4457 976 4486 »
1012 4436 1172 4490 Unde
1218 4437 1425 4490 mirum
1469 4437 1688 4490 videtur
1729 4453 1829 4491 cur
1869 4437 2098 4508 Cypria-

2223 1908 2436 1977 legatis.
2467 1909 2614 1978 Ergo
2641 1906 2862 1961 reditus
2903 1905 3310 1972 confessorum,
3340 1906 3438 1977 qui
3481 1921 3644 1959 novae
3683 1907 3846 1977 lega-

2223 2001 2388 2054 tionis
2431 2000 2838 2070 profectionem
2883 2000 3143 2070 proxime
3179 2000 3479 2070 contingit,
3510 2016 3622 2054 non
3667 2002 3851 2070 potest

2222 2094 2278 2147 in
2323 2109 2585 2148 mensem
2633 2093 3000 2147 novembrem
3051 2093 3227 2162 rejici.
3273 2092 3486 2146 Deinde
3522 2109 3656 2147 vero
3686 2092 3849 2146 Nice-

2221 2188 2456 2258 phorus,
2491 2187 2586 2240 ille
2635 2187 2932 2257 acolythus
2969 2187 3068 2258 qui
3113 2189 3420 2258 utramque
3461 2186 3764 2257 epistolam
3795 2190 3851 2241 et

2221 2282 2290 2335 de
2323 2297 2470 2335 nova
2493 2281 2782 2351 legatione
2810 2287 2868 2334 et
2895 2281 2964 2335 de
2998 2280 3183 2335 reditu
3216 2281 3601 2334 confessorum
3632 2281 3845 2347 attulit,

2222 2391 2337 2428 non
2387 2374 2609 2428 videtur
2659 2373 2897 2428 clericus
2947 2375 3118 2428 fuisse
3173 2373 3478 2440 Romanus,
3513 2374 3615 2428 sed
3664 2374 3849 2444 potius

2220 2468 2338 2537 ipse
2367 2467 2458 2521 ille
2490 2466 2838 2536 Nicephorus
2862 2467 3156 2538 acolythus
3191 2483 3362 2537 quem
3403 2467 3718 2538 Cyprianus
3752 2467 3847 2536 ju-

2219 2561 2296 2615 lio
2333 2564 2598 2624 exeunte,
2632 2561 2717 2614 vel
2761 2568 3002 2632 augusto
3048 2561 3279 2615 ineunte
3317 2577 3447 2615 cum
3489 2561 3676 2614 Mettio
3712 2561 3845 2614 sub-

2219 2655 2456 2710 diacono
2487 2657 2725 2709 Romam
2753 2655 3000 2709 miserat.
3033 2655 3124 2710 Sic
3155 2656 3310 2709 enim
3335 2654 3404 2709 de
3432 2655 3525 2708 illo
3552 2654 3847 2709 Cornelius

2218 2749 2474 2819 loquitur
2505 2748 2666 2819 epist.
2695 2751 2761 2803 46
2791 2766 2803 2803 :
2839 2771 2864 2798 ‹‹
2903 2750 3029 2803 Haec
3057 2751 3250 2820 igitur,
3281 2750 3461 2803 frater
3487 2749 3844 2812 charissime,

2220 2844 2417 2897 eadem
2465 2844 2624 2910 hora,
2675 2844 2874 2897 eodem
2919 2851 3216 2897 momento
3266 2843 3338 2897 ad
3384 2847 3438 2897 te
3485 2859 3586 2913 per
3638 2844 3848 2913 scripta

2217 2937 2658 3006 transmisimus,
2703 2940 2759 2991 et
2798 2937 3178 3006 Nicephorum
3215 2937 3563 3007 acolythum,
3606 2937 3843 2996 descen-

2218 3031 2354 3085 dere
2410 3032 2482 3085 ad
2533 3031 2913 3102 navigandum
2965 3030 3367 3095 destinantem,
3397 3030 3465 3084 ad
3513 3045 3608 3083 vos
3651 3030 3842 3084 statim

2217 3124 2426 3179 dimisi.
2466 3148 2491 3175 ››
2519 3125 2734 3189 Quibus
2759 3140 2824 3178 ex
2856 3124 3039 3179 verbis
3069 3127 3223 3194 patet
3247 3125 3400 3178 hunc
3429 3123 3698 3178 clericnm
3728 3139 3843 3178 non

2215 3219 2344 3272 data
2387 3235 2561 3289 opera
2591 3236 2622 3271 a
2669 3219 2933 3274 Cornelio
2974 3218 3210 3272 missum
3253 3217 3442 3285 fuisse,
3488 3217 3587 3272 sed
3632 3218 3840 3288 potius,

2213 3327 2364 3376 cum,
2398 3311 2661 3381 perfectis
2703 3311 2872 3366 rebus
2914 3326 3153 3381 quarum
3201 3327 3366 3364 causa
3406 3316 3662 3376 venerat,
3694 3309 3844 3365 redi-

2213 3409 2321 3472 ret,
2349 3411 2607 3459 sanctum
2635 3405 2962 3460 Pontiﬁcem
2983 3404 3170 3459 oblata
3192 3404 3488 3460 occasione
3513 3421 3678 3459 usum
3694 3420 3840 3460 esse.

2212 3499 2351 3552 Hinc
2371 3499 2488 3568 jam
2519 3499 2572 3553 ei
2604 3499 3009 3569 perferendam
3039 3499 3338 3569 epistolam
3373 3498 3606 3553 dederat
3632 3499 3700 3552 de
3734 3515 3840 3552 no-

2211 3592 2291 3645 vis
2316 3593 2681 3647 tentamentis
2709 3593 3024 3659 Novatiani,
3058 3592 3155 3646 sed
3183 3593 3417 3646 minime
3444 3593 3836 3663 necessariam,

2209 3692 2307 3740 aut
2349 3704 2477 3758 qua:
2524 3687 2791 3741 clericum
2836 3686 2986 3742 mitti
3037 3687 3367 3756 postularet,
3396 3687 3673 3756 siquidem
3711 3687 3839 3756 jam

2211 3780 2412 3834 missus
2443 3797 2505 3834 ea
2538 3781 2606 3834 de
2635 3797 2693 3834 re
2721 3781 2910 3834 fuerat
2937 3779 3247 3850 Augendus
3279 3780 3581 3846 confessor,
3608 3796 3709 3835 nec
3740 3797 3841 3836 ne-

2208 3890 2362 3928 cesse
2391 3878 2513 3928 erat
2555 3873 2726 3928 alium
2773 3881 2972 3945 postea
3013 3874 3239 3928 mittere
3265 3873 3363 3945 qui
3407 3874 3560 3928 idem
3604 3876 3838 3930 nuntia-

2208 3972 2313 4022 ret.
2346 3969 2536 4035 Porro,
2567 3969 2612 4022 si
2653 3968 2700 4022 is
2731 3973 2816 4022 est
2857 3968 3206 4038 Nicephorus
3243 3969 3540 4039 acolythus
3575 3969 3672 4038 qui
3702 3985 3837 4024 cum

2205 4062 2397 4116 Mettio
2427 4062 2592 4133 epist.
2626 4064 2694 4116 42
2726 4062 2994 4133 Cypriani
3029 4062 3281 4132 pertulit,
3314 4062 3524 4116 frustra
3549 4062 3700 4116 illius
3739 4079 3834 4119 re-

2206 4155 2358 4210 ditus
2377 4156 2447 4210 ad
2478 4172 2730 4210 mensem
2764 4156 3137 4210 novembrem
3171 4155 3452 4210 differtur.
3476 4156 3635 4210 Parvi
3657 4156 3839 4211 refert

2205 4250 2352 4319 quod
2386 4250 2443 4304 in
2474 4250 2679 4304 litteris
2707 4249 2950 4306 Cornelii
2978 4250 3132 4304 nulla
3165 4249 3262 4304 ﬁat
3290 4251 3502 4304 mentio
3541 4250 3612 4304 de
3642 4249 3836 4306 Mettio

2205 4343 2571 4410 subdiacono,
2601 4361 2849 4416 quocum
2870 4344 3219 4415 Nicephorus
3237 4343 3530 4415 acolythus
3544 4345 3836 4416 profectus

2202 4438 2390 4492 fuerat
2419 4439 2764 4509 Carthagine
2795 4456 2808 4492 :
2842 4454 2973 4492 nam
3003 4437 3263 4492 similiter
3289 4438 3529 4504 Mettius,
3560 4442 3621 4492 ut
3659 4455 3837 4511 supra

469 4547 608 4584 num
663 4529 1056 4584 Tillemontius
1097 4530 1166 4583 de
1213 4530 1344 4583 solis
1389 4530 1807 4584 confessoribus
1851 4530 2446 4604 locutumDvidimus
2495 4533 2553 4586 in
2602 4533 2767 4603 epist.
2821 4535 2908 4598 53,
2968 4533 3116 4586 solus
3173 4533 3522 4600 nominatur,
3572 4534 3835 4604 quamvis

473 4624 778 4678 existimet.
807 4623 940 4677 Tota
973 4640 1059 4677 res
1085 4623 1155 4676 ab
1196 4623 1399 4677 eodem
1448 4624 1673 4678 erudito
1718 4624 1984 4695 scriptore
2023 4626 2099 4679 sic

466 4721 752 4781 narratur,
786 4717 943 4788 quasi
987 4733 1102 4771 uno
1133 4722 1189 4771 et
1216 4718 1417 4771 eodem
1464 4717 1556 4772 die
1597 4721 1878 4772 transacta
1911 4719 2095 4773 fuerit.

466 4813 578 4868 Sed
608 4816 803 4866 tamen
834 4828 902 4866 ex
931 4811 1018 4865 his
1043 4811 1288 4867 Cornelii
1315 4812 1516 4880 verbis,
1541 4832 1569 4859 ‹‹
1603 4813 1905 4867 adfuerunt
1927 4815 2099 4868 etiam

467 4907 714 4977 episcopi
747 4906 1020 4977 quinque,
1050 4905 1144 4976 qui
1179 4911 1235 4960 et
1262 4906 1429 4960 hodie
1463 4911 1774 4976 praesentes
1805 4907 2095 4976 fuerunt,»

466 5001 610 5054 duos
638 5001 758 5054 dies
788 5000 1110 5068 insumptos
1143 4999 1312 5053 fuisse
1348 5002 1523 5069 patet,
1554 5016 1796 5070 quorum
1827 5001 1984 5071 prior
2009 5001 2098 5056 de-

465 5094 860 5148 liberationem
907 5091 1106 5146 habuit
1153 5092 1225 5145 de
1274 5093 1622 5163 recipiendis
1662 5094 2094 5163 confessoribus,

464 5188 734 5260 postridie
765 5203 895 5240 vero
935 5185 1194 5240 absoluta
1225 5192 1280 5240 et
1328 5187 1600 5257 perfecta,
1631 5204 1842 5259 magno
1890 5189 2092 5243 frater-

461 5282 652 5338 nitatis
679 5297 976 5346 concursu,
1002 5296 1129 5350 quae
1161 5280 1344 5350 pridie
1371 5281 1678 5336 constituta
1709 5284 1954 5337 fuerant.

535 5377 821 5446 Insignem
854 5375 1008 5428 hunc
1047 5376 1313 5428 eventum
1341 5375 1736 5430 Tillemontius
1762 5383 1820 5430 et
1861 5379 2092 5433 Pearso-

461 5469 590 5525 nius
614 5468 686 5523 ad
717 5484 971 5523 mensem
1019 5468 1397 5523 Novembrem
1429 5468 1600 5540 hujus
1629 5470 1764 5524 anni
1803 5475 1894 5525 251
1945 5473 2090 5526 refe-

457 5565 700 5620 rendum
750 5568 969 5634 putant,
1017 5566 1146 5633 post
1185 5562 1487 5616 concilium
1546 5565 1889 5629 Romanum,
1940 5566 2092 5637 quod

459 5661 566 5715 hoc
613 5672 765 5712 anno
807 5661 900 5712 ‘251
939 5657 1238 5712 Cornelius
1284 5673 1412 5710 cum
1463 5659 1757 5730 sexaginta
1809 5659 2092 5731 episc0pis

460 5754 658 5808 habuit
719 5769 913 5806 mense
967 5751 1210 5818 octobri,
1260 5759 1323 5805 ut
1373 5753 1561 5821 pl-acet
1619 5753 1945 5816 Pearsonio,
2006 5754 2090 5808 vel

462 5849 634 5908 etiam
680 5848 864 5903 niulto
912 5846 1093 5916 citius,
1130 5853 1186 5900 ut
1235 5846 1522 5900 existimat
1573 5847 1987 5918 Tillemontius,
2027 5865 2090 5902 ac

2201 4627 2384 4681 socius
2415 4627 2466 4681 ei
2496 4627 2794 4697 adjunctus
2816 4631 2962 4681 esset
2987 4626 3354 4696 Nicephorus.

2269 4722 2429 4784 Quod
2462 4727 2675 4792 spectat
2702 4721 2770 4775 ad
2795 4719 3091 4775 concilium
3122 4722 3467 4787 Romanum,
3487 4720 3670 4775 reditu
3698 4737 3838 4777 con-

2199 4814 2473 4869 fessorum
2507 4817 2744 4869 omnino
2775 4814 3058 4885 posterius
3085 4813 3326 4869 videtur.
3353 4815 3577 4869 Nullum
3600 4831 3834 4886 prorsus

2201 4909 2372 4980 hujus
2401 4910 2625 4964 concilii
2658 4910 2964 4980 vestigium
2993 4909 3050 4962 in
3079 4908 3283 4962 litteris
3312 4909 3550 4963 Romam
3581 4913 3676 4963 aut
3701 4911 3837 4964 Car-

2198 5004 2489 5074 thaginem
2520 5004 2705 5058 missis
2731 5005 2878 5057 intra
2905 5002 3043 5056 illud
3083 5008 3308 5073 tempus
3335 5003 3487 5074 quod
3516 5020 3547 5056 a
3582 5004 3836 5059 Cornelii

2200 5099 2559 5152 ordinatione
2602 5099 2669 5152 ad
2723 5098 2971 5151 reditum
3019 5097 3404 5151 confessorum
3453 5097 3689 5152 effluxit.
3734 5099 3837 5153 Le-

2199 5192 2312 5263 gati
2343 5191 2642 5245 Caldonius
2668 5197 2724 5246 et
2753 5192 3111 5255 Fortunatus,
3135 5191 3232 5261 qui
3264 5191 3666 5261 Carthaginem
3702 5197 3837 5263 post

2196 5285 2485 5340 Novatiani
2519 5285 2938 5340 ordinationem
2968 5285 3208 5352 rediere,
3236 5301 3346 5340 non
3376 5285 3624 5356 amplius
3653 5303 3834 5357 quam

2195 5379 2476 5434 sexdecim
2512 5380 2908 5450 episcoporum
2938 5379 3152 5433 litteras
3180 5379 3661 5443 attulerunt.Quis
3693 5397 3835 5452 ergo

2194 5473 2388 5528 credat
2410 5475 2532 5546 jam
2566 5477 2681 5528 tum
2715 5473 3138 5528 ordinationem
3169 5473 3412 5530 Cornelii
3435 5474 3493 5527 in
3511 5473 3746 5528 concilio
3765 5491 3834 5531 Lx

2194 5567 2588 5638 episcoporum
2611 5568 3006 5622 confirmatam
3035 5567 3227 5637 fuisse,
3246 5570 3311 5622 ut
3328 5568 3645 5637 suspicatur
3667 5569 3700 5623 Ἰ
3709 5569 3834 5624 ille-

2192 5661 2480 5715 montius?
2532 5663 2809 5716 Praeterea
2855 5662 2960 5716 hoc
3018 5662 3338 5728 concilium,
3388 5665 3531 5715 teste
3583 5662 3831 5717 Eusebio

2195 5755 2310 5824 (lib.
2345 5772 2418 5822 v1,
2449 5771 2572 5826 cap.
2603 5757 2714 5826 43),
2745 5756 2991 5811 decrevit
3019 5777 3046 5806 «
3080 5757 3350 5809 Novatum
3379 5755 3611 5826 quidem
3647 5761 3702 5810 et
3729 5773 3831 5812 eos

2194 5849 2290 5921 qui
2350 5867 2462 5904 una
2519 5867 2648 5904 cum
2700 5851 2818 5922 ipso
2858 5866 2978 5905 sese
3023 5850 3333 5904 insolenter
3378 5850 3722 5920 extulerant,
3771 5858 3831 5910 et
