4104 6192
266 252 366 307 137

1636 250 1790 311 VITA
1830 257 1883 309 S.
1925 250 2265 313 CYPRIANI.

3540 254 3642 309 138

257 377 611 447 quicumque
644 377 1133 432 inhumanissima:
1165 382 1222 432 et
1257 395 1286 432 a
1326 379 1577 434 fraterna
1620 380 1897 433 charitate
1920 393 1977 464 Α
1999 380 2231 449 ejusque
2258 378 2493 448 collegae
2516 377 2720 447 quibus
2748 375 3017 431 scriberet
3045 381 3101 432 et
3133 393 3165 429 a
3197 376 3642 446 quibuslitteras

256 472 463 526 alienae
493 473 616 541 ejus
643 472 895 542 opinioni
922 473 1241 526 consentire
1273 480 1731 544 praesumpserat,
1759 474 1895 527 alie-

257 582 366 619 nos
408 566 483 618 ab
528 566 777 619 Ecclesia
826 565 1114 620 habendos
1167 584 1309 621 esse.
1354 590 1379 615 ››
1430 574 1499 621 At
1547 569 1897 622 confessores

253 660 334 712 sic
375 677 435 714 se
481 667 617 713 ante
659 661 906 714 reditum
938 677 1182 731 gessere,
1212 661 1291 715 sic
1336 661 1641 717 redeuntes
1682 661 1897 731 excepti

253 760 410 821 sunt,
444 762 505 807 ut
535 754 1011 808 excommunicati
1038 754 1207 809 fuisse
1236 772 1353 809 non
1382 756 1685 809 videantur
1710 773 1742 809 a
1766 772 1897 810 con-

250 847 389 901 cilio
420 848 719 918 sexaginta
748 848 1139 919 episcoporum
1165 866 1176 901 :
1203 866 1357 914 nam,
1381 850 1422 902 si
1454 850 1524 903 ab
1554 850 1661 903 hac
1682 850 1896 920 synodo

252 939 301 1011 1
320 938 453 1012 36
484 941 544 993 in
564 941 845 1011 judicium
862 943 1036 996 vocati
1057 946 1116 996 et
1138 943 1613 997 excommunicati
1646 946 1704 997 in
1722 944 1894 997 schis-

246 1042 406 1087 mate
462 1034 887 1103 obduruissent,
928 1053 1001 1089 an
1058 1036 1247 1090 dicere
1291 1036 1609 1105 potuissent
1654 1036 1896 1090 circum-

250 1132 455 1181 ventos
486 1144 547 1182 se
574 1144 697 1182 esse
734 1136 787 1183 et
834 1129 1210 1199 imposturam
1266 1147 1479 1200 passos,
1528 1148 1590 1184 ac
1642 1136 1897 1185 mentem

250 1238 417 1275 suam
452 1238 692 1291 semper
734 1223 790 1275 in
836 1224 1075 1278 Ecclesia
1122 1223 1338 1277 fuisse?
1377 1224 1502 1294 quis
1541 1224 1718 1277 credit
1761 1226 1894 1279 Cor-

251 1314 482 1368 nelium
513 1316 593 1367 sic
624 1333 721 1369 eos
745 1323 1107 1387 recepturum
1137 1317 1333 1384 fuisse,
1385 1322 1444 1371 ut
1489 1318 1680 1371 omnia
1710 1319 1898 1371 remit-

252 1414 405 1462 teret
438 1410 557 1463 Deo
595 1410 1007 1479 omnipotenti!
1042 1427 1157 1464 non
1184 1412 1261 1464 sic
1300 1411 1393 1481 agi
1436 1411 1580 1465 solet
1620 1428 1750 1465 cum
1792 1412 1900 1465 ho-

252 1502 521 1555 minibus
543 1503 950 1572 jamjudicatis
978 1508 1035 1557 et
1062 1504 1581 1559 excommunicatis.
1618 1505 1899 1559 Posterius

253 1612 400 1665 ergo
430 1596 738 1649 concilium
765 1597 947 1651 reditu
978 1599 1365 1652 confessorum
1401 1615 1413 1651 :
1447 1599 1540 1653 sed
1564 1605 1755 1653 tamen
1784 1616 1897 1652 non

251 1690 446 1742 multo
495 1691 804 1759 posterius;
853 1707 985 1744 nam
1033 1692 1378 1761 gravissima:
1413 1708 1581 1746 causa
1629 1693 1899 1745 suberant

2000 482 2198 528 muluo
2252 474 2507 544 aceipere
2558 477 2873 544 Oporteret,
2920 473 2963 525 si
3020 474 3145 544 quis
3185 479 3379 527 autem
3430 478 3639 543 praeter

1997 586 2092 623 eos
2115 586 2256 639 quos
2284 568 2595 639 Cyprianus
2644 568 2879 637 epistola
2918 584 3019 621 sua
3063 568 3392 638 complexus
3427 566 3636 635 fuerat,

1998 662 2241 717 scribere
2296 661 2567 728 auderet,
2624 660 2835 714 scirent
2888 677 3021 715 eum
3077 662 3162 715 vel
3217 662 3496 717 sacrificio
3553 666 3643 719 vel

1998 756 2191 809 libello
2249 772 2368 810 esse
2426 755 2793 815 maculatum,
2849 754 2932 808 vel
2981 771 3156 808 unum
3220 755 3289 809 de
3338 756 3639 824 haereticis,

1999 865 2325 920 perversum
2357 848 2571 902 scilicet
2596 854 2651 901 et
2683 847 3013 918 profanum.

2073 942 2259 1015 137
2294 943 2576 1013 Scriptum
2613 941 2970 995 existimatur
3012 942 3119 995 hoc
3162 958 3310 995 anne
3360 946 3637 1013 praestan-

1999 1038 2281 1091 tissimum
2310 1036 2576 1107 Cypriani
2607 1052 2749 1105 Opus
2770 1036 2835 1089 de
2878 1037 3133 1091 Oratione
3174 1039 3476 1090 Demim’ca.
3530 1040 3632 1091 Re-

2000 1130 2541 1186 censeturaPontio
2596 1134 2726 1200 post
2751 1129 2959 1183 librum
2993 1131 3056 1183 de
3107 1132 3324 1184 Unitate
3374 1132 3640 1193 Ecclesia),

2004 1228 2217 1279 etcum
2251 1225 2429 1279 multa
2476 1225 2535 1277 in
2579 1224 2777 1277 eodem
2824 1224 2969 1276 libro
3006 1222 3279 1277 adversus
3327 1224 3641 1279 schismati-

2000 1335 2091 1372 cos
2118 1319 2490 1372 vehementer
2523 1320 2580 1371 et
2609 1317 2835 1386 copiose
2866 1316 3148 1383 dicantur,
3178 1334 3289 1370 non
3334 1318 3478 1371 male
3508 1336 3638 1373 con-

1999 1412 2250 1466 cluditur
2306 1412 2427 1481 jam
2493 1410 2766 1481 prodiisse
2840 1409 3163 1463 Felicissimi
3231 1414 3289 1464 et
3351 1412 3643 1466 Novatiani

2000 1507 2306 1559 schismata
2335 1522 2464 1559 cum
2489 1506 2606 1558 haec
2639 1504 2911 1557 scriberet
2942 1503 3281 1573 Cyprianus.

2070 1599 2226 1655 Circa
2256 1599 2481 1653 Pascha:
2512 1598 2697 1668 prima
2740 1598 3017 1651 solemnia
3066 1598 3288 1667 scripsit
3324 1598 3643 1669 Cyprianus

1998 1694 2161 1764 epist.
2195 1696 2260 1746 53
2288 1692 2359 1745 ad
2401 1691 2693 1761 episcopos
2722 1692 3112 1756 Fortunatum,
3142 1690 3491 1762 Ahymnum,
3533 1694 3640 1763 0p-

249 1799 359 1835 cur
386 1784 499 1836 cito
529 1782 856 1849 haberetur,
890 1788 1007 1838 tum
1042 1788 1102 1837 ut
1137 1784 1429 1841 Novatiani
1464 1791 1651 1855 partes
1678 1786 1899 1856 penitus
1922 1762 1976 1833 Β
2002 1762 2202 1853 tatum,
2244 1785 2640 1852 [lonatianum,
2688 1784 3083 1851 Fortunatum,
3118 1789 3174 1838 et
3216 1785 3475 1850 Felicem,
3517 1762 3636 1857 qui.

248 1876 691 1945 frangerentur,
748 1879 872 1930 tum
934 1881 995 1930 ut
1046 1878 1337 1947 lapsorum
1400 1894 1583 1945 causa,
1641 1895 1769 1948 qua:
1830 1878 1901 1931 ad

250 1969 570 2022 concilium
600 1970 812 2039 rejecta
849 1971 1050 2037 fuerat,
1093 1970 1520 2041 dijudicaretur.

250 2071 439 2125 ΗΝ.
468 2102 537 2110 -
568 2074 644 2125 De
668 2076 829 2138 gestis
860 2077 910 2127 et
940 2076 1159 2143 scriptis
1187 2076 1246 2130 s.
1296 2060 1563 2144 Cypriani
1613 2090 1757 2128 anno
1800 2077 1903 2128 252

786 2158 913 2206 ante
939 2156 1378 2222 persecutionem.

328 2249 651 2303 Damnatus
683 2253 799 2304 toto
830 2250 967 2304 orbe
991 2251 1334 2305 Novatianus
1365 2268 1481 2306 non
1512 2252 1905 2323 despondebat

248 2342 543 2410 animum,
577 2343 673 2397 sed
705 2360 805 2414 per
832 2344 1106 2414 plurimas
1138 2345 1395 2399 civitates
1444 2362 1619 2400 novos
1677 2352 1899 2415 aposto-

248 2437 343 2490 los
374 2454 506 2490 suos
532 2437 818 2504 mittebat,
854 2442 913 2491 ut
955 2438 1216 2508 quaedam
1255 2439 1505 2494 recentia
1536 2440 1903 2495 institutionis

248 2547 378 2583 suae
428 2529 803 2585 fundamenta
850 2532 1237 2597 constitueret,
1303 2539 1358 2586 et
1403 2550 1574 2603 super
1616 2534 1903 2604 legitimos

250 2623 564 2693 episcopos
594 2630 818 2678 crearet
847 2624 987 2679 alios
1014 2626 1547 2697 pseudoepiscopos.
1580 2628 1634 2681 ld
1667 2632 1905 2681 testatur

251 2717 584 2787 Cyprianus
610 2718 666 2770 in
702 2719 947 2786 Epistula
978 2719 1049 2772 ad
1090 2722 1485 2786 Antoniunum,
1515 2722 1722 2791 scripta
1751 2738 1902 2775 anno

251 2814 357 2864 251
398 2814 647 2864 exeunte
696 2818 794 2863 aut
840 2814 941 2864 “252
987 2812 1235 2865 ineunte.
1293 2814 1641 2867 Jamdndum
1693 2815 1903 2867 litteras

252 2909 568 2974 acceperat
618 2905 933 2974 Cyprianus
995 2906 1061 2959 ab
1117 2906 1229 2959 hoc
1282 2907 1563 2961 Numidiae
1617 2908 1900 2977 episcopo,

254 2997 475 3067 quibus
516 3013 573 3051 se
619 3013 747 3050 cum
797 2999 1104 3053 Novatiano
1157 3016 1269 3053 non
1314 3001 1764 3067 communicare,
1802 3000 1903 3054 sed

252 3090 528 3146 Cornelio
552 3090 786 3144 affixam
818 3108 939 3145 esse.
976 3092 1349 3162 signiﬁcabat,
1381 3099 1554 3165 atque
1582 3100 1641 3149 ut
1672 3110 1897 3148 earum-
1930 3132 1985 3206 Ο

265 3186 385 3206 Al“-
427 3185 746 3206 IILI.-_.._--__
801 3186 1114 3206 -_.-__-_1-___
1174 3187 1237 3206 -.ι
1291 3188 1506 3206 n-..,.|‘
1698 3189 1810 3206 .‘nn-
1868 3205 1878 3206 κ

256 3186 393 3240 dem
427 3185 752 3237 litterarum
795 3186 1122 3256 exemplum
1169 3187 1243 3240 ad
1288 3188 1613 3242 Cornelium
1662 3189 1909 3242 mittere-

258 3282 376 3342 tur,
408 3278 751 3347 postulabat.
784 3279 889 3332 Sed
925 3282 1118 3348 postea
1159 3279 1282 3333 alia;
1329 3280 1529 3334 littera
1572 3297 1891 3352 supervene

260 3378 421 3437 runt,
455 3371 514 3425 in
545 3371 749 3441 quibus
784 3375 983 3426 nutare
1028 3373 1343 3436 videbatur,
1385 3375 1682 3429 Novatiani
1713 3375 1912 3429 litteris

258 3472 471 3531 motus,
518 3471 571 3519 et
619 3482 791 3535 quam
852 3467 955 3520 iste
1010 3467 1273 3521 haeresim
1324 3468 1746 3535 introduxisset,
1798 3484 1911 3540 qua

271 3560 509 3612 ratione
570 3559 865 3614 Cornelius
931 3576 1059 3614 cum
1124 3562 1428 3632 TrOphimo
1475 3568 1525 3616 et
1573 3562 1912 3617 thuriticatis

261 3652 741 3721 communicaret,
789 3654 1197 3721 sciscitabatur,
1238 3671 1299 3709 ac
1352 3672 1423 3710 ne
1459 3657 1630 3726 ipsius
1678 3656 1910 3727 quidem

260 3747 535 3817 Cypriani
567 3746 985 3802 humanitatem
1016 3746 1072 3801 in
1100 3749 1288 3819 lapsos
1314 3766 1481 3820 aequo
1526 3750 1720 3805 animo
1762 3752 1908 3805 acci-

259 3841 475 3912 piebat.
506 3840 597 3895 Sic
626 3840 677 3894 ei
709 3842 1007 3910 respondet
1046 3843 1364 3913 Cyprianus
1394 3844 1451 3897 in
1498 3844 1602 3898 hac
1642 3845 1907 3915 epist.52,

266 3942 327 3989 ut
357 3952 416 3988 se
444 3941 501 3988 et
526 3934 858 3990 Cornelium
889 3935 1128 3989 mirifice
1158 3936 1446 4006 defendat,
1479 3944 1535 3991 et
1559 3954 1686 3993 cum
1727 3939 1907 3993 Nova-

263 4030 418 4082 tiano
486 4028 776 4081 neminem
822 4030 1248 4084 communicare
1301 4048 1463 4100 posse
1527 4031 1904 4101 demonstret,

263 4121 488 4193 nisiqui
519 4123 696 4175 totius
726 4122 987 4175 Ecclesiae
1015 4124 1484 4178 communionem
1537 4125 1770 4195 rejiciat.
1822 4125 1909 4179 Li-

264 4221 403 4287 quet
432 4215 703 4287 scriptam
726 4233 845 4269 esse
876 4216 1172 4287 epistolam
1217 4224 1342 4289 post
1387 4220 1634 4273 reditum
1686 4222 1903 4274 confes-

263 4325 464 4364 sorum
498 4325 641 4379 quos
668 4310 726 4362 in
764 4309 1004 4364 Ecclesia
1041 4327 1170 4364 cum
1211 4313 1471 4367 Cornelio
1507 4313 1740 4383 junctus
1785 4331 1907 4368 esse

266 4403 420 4465 dicit,
458 4408 584 4473 post
612 4407 854 4457 mortem
898 4404 1070 4469 Decii,
1106 4421 1274 4475 quem
1309 4412 1604 4474 tyrannum
1636 4410 1903 4479 appellat,

2002 1897 2130 1935 cum
2147 1884 2337 1934 essent
2354 1880 2409 1931 in
2424 1878 2651 1932 civitate
2673 1876 2941 1947 Capsensi
2965 1881 3196 1947 propter
3214 1878 3638 1935 ordinationem

2001 1974 2246 2044 episcopi
2278 1972 2586 2043 (Douatuli,
2621 1975 2679 2024 ut
2709 1970 3012 2024 verisimile
3046 1977 3149 2039 est,
3185 1972 3482 2042 Capsensis
3520 1974 3641 2044 epi-

2003 2068 2177 2138 scopi,
2207 2067 2303 2137 qui
2334 2067 2455 2121 loco
2482 2065 2842 2135 sexagesimo
2873 2081 3025 2118 nono
3053 2067 3399 2120 sententiam
3422 2067 3558 2121 dicit
3583 2068 3643 2122 in

2002 2160 2241 2216 concilio
2268 2158 2705 2229 Carthaginensi
2736 2176 2887 2213 anno
2914 2159 3065 2226 257),
3100 2160 3334 2214 consulti
3362 2160 3593 2215 fuerant
3616 2179 3648 2215 a

2006 2254 2247 2326 Superio
2276 2271 2347 2308 an
2369 2253 2437 2307 ad
2459 2252 2930 2307 communionem
2958 2253 3077 2323 jam
3091 2250 3432 2307 admittendi
3456 2261 3646 2329 essent

2027 2350 2222 2416 Ninus,
2257 2347 2690 2402 Clementianus
2724 2352 2779 2400 et
2815 2347 3031 2412 Florus,
3065 2347 3165 2417 qui
3197 2348 3483 2402 Christum
3511 2366 3639 2403 con-

2003 2438 2131 2493 fessi
2185 2453 2376 2492 coram
2436 2436 2777 2506 magistratu
2856 2439 2912 2489 et
2963 2436 3151 2505 plebe,
3220 2439 3419 2506 postea
3495 2438 3644 2491 inter

2002 2535 2285 2586 tormenta
2311 2547 2501 2585 coram
2544 2529 2878 2600 proconsule
2928 2529 3200 2600 superati,
3247 2531 3639 2600 paenitentiam

2002 2643 2173 2697 agere
2205 2643 2313 2679 non
2347 2624 2684 2678 destiterant
2713 2640 2813 2693 per
2857 2623 2962 2676 hoc
2990 2623 3321 2684 triennium,
3355 2642 3468 2678 non
3504 2626 3645 2679 illud

2005 2720 2235 2791 quidem
2290 2724 2549 2772 exactum
2610 2717 2706 2770 sed
2774 2716 3124 2771 inchoatum.
3185 2718 3323 2771 Rem
3384 2718 3642 2773 decidere

2004 2830 2117 2867 non
2148 2812 2286 2880 ausi,
2336 2811 2409 2865 ad
2454 2811 2806 2880 Cyprianum
2838 2810 3185 2877 detulerant,
3212 2816 3268 2865 et
3300 2811 3645 2882 scripserant

2007 2930 2033 2955 ‹‹
2063 2910 2125 2961 ut
2153 2922 2282 2960 cum
2316 2904 2575 2975 pluribus
2604 2902 2840 2973 collegis
2862 2902 2933 2955 de
2961 2904 3066 2956 hoc
3097 2904 3219 2973 ipso
3250 2906 3581 2975 plenissime
3616 2928 3641 2953 η

2005 3003 2286 3053 tractaret.
2324 2997 2651 3067 Respondet
2677 2996 2997 3066 Cyprianus
3025 2995 3379 3051 reddendam
3396 3000 3644 3069 ejusmo-

2010 3094 2064 3148 di
2098 3092 2418 3146 hominibus
2446 3090 2932 3157 communionem,
2981 3106 3154 3162 seque
3196 3107 3264 3145 ea
3300 3092 3369 3146 de
3412 3108 3473 3146 re
3515 3110 3645 3148 cum

2015 3186 2291 3258 episcopis
2323 3184 2768 3239 deliberaturum
2796 3182 3080 3253 promittit
3109 3206 3135 3234 ‹‹
3171 3186 3399 3255 quando
3441 3188 3647 3243 solem-

2014 3280 2173 3335 nitati
2227 3278 2379 3349 apud
2440 3294 2568 3331 suos
2625 3276 2979 3331 celebrandae
3048 3277 3441 3348 satisfeceriut,
3498 3303 3525 3331 ››
3588 3285 3646 3336 et

2015 3374 2419 3444 Carthaginem
2445 3393 2473 3420 ‹‹
2505 3370 2787 3425 venerint.
2825 3392 2850 3421 ››

2086 3469 2184 3523 Vix
2205 3466 2442 3521 dubium
2487 3471 2569 3521 est
2620 3465 2758 3536 quin
2825 3466 3170 3535 promissum
3224 3467 3531 3536 perfecerit
3585 3469 3643 3523 in

2014 3562 2248 3617 concilio
2280 3560 2436 3625 quod
2460 3559 2806 3630 Carthagine
2840 3558 3095 3612 habitum
3130 3560 3233 3613 hoc
3265 3577 3416 3616 anno
3453 3562 3644 3617 Idibus

2013 3655 2157 3721 Maii,
2221 3661 2280 3709 ut
2332 3655 2452 3725 ipse
2509 3657 2751 3708 testatur
2793 3651 2955 3723 epist.
3014 3656 3081 3707 55
3136 3654 3213 3724 (p.
3268 3654 3377 3725 8i).
3439 3656 3647 3710 Scribit

2014 3749 2227 3804 ibidem
2259 3770 2287 3797 ί(
2311 3748 2621 3812 Privatum,
2654 3750 2907 3801 veterem
2937 3747 3272 3801 haereticum
3320 3749 3373 3801 in
3404 3749 3642 3805 Lambe-

2012 3844 2191 3897 sitana
2218 3842 2451 3897 colonia
2473 3848 2603 3895 ante
2637 3841 2845 3895 multos
2876 3840 2995 3895 fere
3021 3857 3200 3895 annos
3246 3842 3317 3894 ob
3364 3843 3544 3897 multa
3584 3848 3641 3899 et

2012 3937 2205 4009 gravia
2230 3936 2433 3990 delicta
2465 3934 2783 4005 nonaginta
2827 3940 2884 3988 et
2923 3935 3322 4005 episcoporum
3356 3939 3644 3992 sententia

2008 4032 2476 4094 condemnatum,
2508 4032 2565 4082 et
2615 4027 2845 4081 Fabiani
2892 4048 2919 4076 »
2967 4044 3124 4097 papae
3161 4044 3226 4082 ac
3267 4029 3467 4083 Donati
3507 4031 3639 4085 Car-

2009 4123 2359 4194 thaginensis
2389 4121 2639 4193 episcopi
2676 4143 2700 4169 ››
2736 4120 2938 4174 litteris
2971 4120 3320 4175 severissime
3353 4128 3630 4190 notatum,

2008 4234 2140 4272 cum
2169 4232 2403 4270 causam
2440 4216 2494 4268 in
2523 4216 2627 4268 hoc
2654 4214 2893 4268 concilio
2934 4230 3105 4284 agere
3137 4215 3277 4269 velle
3317 4232 3375 4270 se
3423 4217 3650 4273 diceret

2007 4312 2317 4366 admissum
2361 4325 2476 4364 non
2511 4308 2704 4363 fuisse.
2763 4308 2900 4362 Huic
2953 4308 3196 4362 concilio
3246 4308 3641 4367 interfuerunt

2008 4406 2259 4477 episcopi
2305 4402 2602 4473 sexaginta
2645 4418 2764 4468 sex,
2793 4401 2839 4455 si
2890 4402 2989 4467 ibi,
3052 4406 3114 4455 ut
3163 4402 3641 4460 verisimillimum

266 4497 363 4550 sed
392 4504 582 4550 tamen
610 4502 738 4566 apte
770 4513 1086 4551 concessam
1126 4499 1297 4569 lapsis
1328 4500 1436 4554 hoc
1467 4517 1618 4555 anno
1676 4506 1775 4555 252
1810 4502 1891 4555 in-
1919 4504 1975 4575 ι)
1999 4503 2102 4565 est,
2160 4498 2455 4570 propositis
2484 4514 2516 4549 a
2544 4497 2677 4550 Fido
2734 4496 2999 4573 episcopo
3048 4496 3460 4566 quaestionibus
3516 4515 3638 4553 res-

268 4590 649 4660 dulgentiain,
680 4590 964 4661 siquidem
992 4592 1252 4662 Cypriani
1282 4594 1535 4648 defensio
1564 4596 1621 4649 in
1661 4595 1731 4648 iis
1779 4599 1903 4650 tan-

266 4689 389 4738 tum
442 4688 701 4738 versatur
742 4702 872 4755 qum
929 4686 1265 4740 Libellaticis
1316 4705 1465 4743 anno
1512 4690 1809 4760 superiore
1854 4696 1909 4744 et

267 4779 490 4833 caeteris
519 4784 573 4831 in
617 4780 817 4832 mortis
848 4779 1102 4849 periculo
1131 4781 1451 4836 constitutis
1491 4799 1752 4837 concessa
1793 4785 1909 4838 fue-

267 4880 417 4926 rant.
454 4873 570 4925 Non
613 4872 900 4926 immerito
948 4875 1302 4928 Antonianus
1343 4875 1437 4928 ille
1484 4877 1635 4930 idem
1688 4876 1909 4931 videtur

270 4982 388 5019 esse
415 4967 593 5036 quiin
628 4966 791 5021 titulo
816 4968 978 5036 epist.
1023 4970 1109 5030 70,
1156 4969 1304 5023 inter
1360 4968 1656 5040 episcopos
1712 4970 1903 5024 Numi-

272 5061 370 5113 das
411 5066 770 5126 recensetur;
820 5060 975 5131 quod
1023 5062 1195 5116 etiam
1250 5070 1590 5133 argumento
1639 5069 1722 5118 est
1775 5081 1907 5118 eum

270 5154 530 5224 Cypriani
562 5154 799 5207 monitis
828 5172 939 5208 non
976 5156 1267 5210 restitisse.

342 5248 631 5302 Emissarii
670 5248 965 5302 Novatiani
1005 5251 1149 5303 circa
1204 5251 1310 5305 hoc
1345 5254 1566 5321 tempus
1605 5252 1906 5305 Maximum

277 5342 824 5412 pseudoepiscopum
881 5343 1390 5414 Carthaginensem
1435 5345 1693 5400 fecerunt
1737 5362 1748 5398 :
1809 5346 1907 5400 sed

277 5435 378 5489 hoc
406 5436 627 5489 facinus
658 5439 771 5489 tam
803 5436 1052 5507 ignobile
1096 5444 1151 5491 et
1183 5438 1489 5493 obscurum
1527 5439 1654 5505 fuit,
1691 5443 1750 5493 ut
1798 5440 1905 5510 Cy-

278 5531 500 5600 prianus
542 5546 612 5583 ne
651 5529 1019 5583 scribendum
1060 5532 1288 5601 quidem
1338 5549 1405 5585 ea
1449 5533 1516 5587 de
1563 5550 1623 5586 re
1663 5536 1906 5588 Romam

273 5624 571 5691 judicaret.
623 5623 763 5677 Nam
808 5625 973 5694 paulo
1002 5631 1131 5679 ante
1172 5626 1241 5679 de
1287 5628 1630 5696 collegarum
1676 5627 1907 5681 consilio

281 5719 512 5771 miserat
536 5717 801 5771 Cornelio
831 5717 1069 5771 nomina
1114 5718 1471 5789 integrorum
1515 5726 1570 5774 et
1598 5721 1903 5775 catholico-

282 5827 401 5867 rum
434 5812 491 5866 in
535 5812 721 5869 Africa
769 5811 1187 5882 episcoporum,
1242 5817 1301 5867 ut
1356 5813 1560 5869 scirent
1614 5816 1907 5871 Cornelius

608 5911 883 5979 PATROL.
913 5909 1011 5973 ιν.

2009 4608 2254 4665 ponsum
2289 4592 2413 4646 fuit.
2464 4592 2513 4645 is
2544 4608 2643 4662 per
2686 4590 2905 4644 litteras
2956 4593 3188 4660 questus
3245 4591 3433 4645 fuerat
3487 4593 3642 4662 quod

2007 4686 2316 4758 Therapius
2344 4686 2644 4756 episcopus
2696 4684 2867 4737 Bulla:
2908 4691 2963 4737 et
3003 4684 3310 4748 confessor,
3364 4690 3422 4737 ut
3460 4686 3637 4755 conji-

2009 4782 2084 4836 cit
2140 4779 2420 4835 Pamelius
2475 4796 2543 4833 ex
2600 4777 2799 4832 concil.
2852 4776 3042 4829 Carth.
3098 4793 3189 4829 an.
3244 4779 3370 4844 256,
3436 4778 3641 4833 Victori

2004 4874 2294 4947 quondam
2322 4873 2675 4944 presbytero,
2732 4874 3046 4940 antequam
3091 4871 3488 4939 paenitentiam
3516 4873 3638 4943 ple-

2007 4986 2141 5023 nam
2188 4968 2416 5039 egisset,
2448 4982 2648 5038 pacem
2698 4967 3007 5018 immaturo
3055 4968 3310 5034 tempore
3364 4964 3635 5020 dedisset.

2007 5066 2286 5118 Praeterea
2316 5077 2523 5115 novam
2557 5058 2865 5130 quamdam
2912 5057 2982 5113 de
3044 5058 3357 5112 infantibus
3409 5060 3637 5129 opinio-

2009 5173 2141 5212 nem
2173 5156 2334 5210 Fidus
2365 5156 2757 5226 proposuerat,
2792 5154 2850 5206 in
2899 5152 3102 5223 quibus
3134 5169 3353 5207 morem
3387 5155 3640 5226 antiquas

2008 5249 2455 5305 circumcisionis
2508 5247 2822 5302 tenendum
2876 5247 3133 5317 putabat,
3193 5250 3254 5299 ut
3298 5247 3441 5302 infra
3484 5255 3638 5303 octa-

2008 5362 2138 5399 vum
2168 5344 2320 5399 diem
2363 5360 2477 5398 non
2522 5343 2968 5413 baptizarentur.
3017 5341 3171 5393 Inter
3211 5342 3350 5395 alias
3392 5343 3640 5397 rationes

2008 5441 2154 5493 hanc
2180 5437 2450 5492 afferebat
2481 5454 2493 5492 :
2527 5458 2553 5485 ‹‹
2583 5435 2898 5506 Vestigium
2930 5434 3159 5488 infantis
3186 5434 3241 5488 in
3274 5435 3473 5505 primis
3506 5454 3635 5506 par-

2009 5538 2097 5587 tus
2134 5532 2221 5587 sui
2254 5531 2458 5586 diebus
2494 5530 2789 5585 constituti
2814 5529 3096 5583 mundum
3144 5545 3260 5583 non
3292 5546 3438 5598 esse,
3488 5531 3643 5600 quod

2010 5626 2397 5698 unusquisque
2422 5624 2561 5679 illud
2591 5625 2825 5678 horreat
2847 5622 3181 5676 exosculari.
3211 5644 3237 5671 ›ι
3272 5623 3642 5693 Respondent

2009 5722 2300 5792 sexaginta
2330 5736 2422 5773 sex
2476 5718 2724 5788 episc0pi
2779 5733 2880 5786 per
2923 5716 3087 5785 epist.
3147 5716 3236 5780 47,
3275 5716 3638 5785 objurgatum

2008 5816 2176 5871 fuisse
2204 5811 2565 5885 'l‘herapium,
2606 5828 2706 5865 nec
2739 5816 2926 5864 tamen
2952 5809 3193 5862 ablatam
3238 5810 3445 5863 Victori
3483 5829 3637 5867 Culu.

3291 5936 3327 5973 υ
