4084 6208
491 235 590 288 139

481 357 838 411 munionem.
872 357 946 410 De
978 353 1290 409 infantibus
1316 356 1510 407 autem
1546 353 1900 423 propositam
1934 353 2001 406 ab
2031 369 2101 406 eo

481 451 806 521 opinionem
843 466 954 503 uno
999 465 1093 502 ore
1139 447 1386 502 universi
1416 447 1699 516 reiiciunt,
1730 450 1786 501 et
1825 447 2105 517 baptisma

482 544 786 598 infantium
818 565 843 590 ‹‹
875 543 930 596 in
960 544 1146 612 primo
1178 543 1368 595 statim
1413 541 1716 594 nativitatis
1763 557 1878 593 suae
1924 545 2048 594 ortu
2085 561 2112 588 »

477 635 921 707 praeclarissimis
950 636 1237 690 rationum
1284 635 1588 689 momentis
1632 634 1967 688 defendunt.
2001 635 2113 688 Hoc

481 735 666 784 autem
707 729 1012 783 concilium
1062 729 1354 798 sexaginta
1395 747 1486 781 sex
1520 729 1917 798 episcoporum
1967 729 2113 782 idem

479 839 710 893 prorsus
739 840 859 877 esse
895 823 1233 894 perspicitur
1270 839 1335 877 ac
1381 821 1520 875 illud
1568 822 1722 892 quod
1769 822 1959 875 Idibus
1992 821 2114 876 Maii

482 915 743 970 habitum
779 917 884 970 hoc
927 934 1080 971 anno
1130 920 1252 970 252.
1289 917 1444 979 Quod
1495 917 1650 969 enim
1687 932 1947 970 concessa
1995 915 2112 968 Vic-

482 1009 595 1063 tori
615 1010 902 1080 quondam
934 1009 1266 1080 presbytero
1295 1009 1439 1062 laica
1462 1009 1790 1062 communio
1811 1008 2118 1078 reprehen-

483 1102 705 1157 sionem
731 1101 778 1173 1
795 1100 922 1174 38
943 1120 1055 1156 non
1081 1101 1652 1172 elfugit,argumento
1669 1105 1753 1154 est
1775 1101 1914 1154 nihil
1934 1101 2117 1155 adhuc

485 1194 801 1250 detractum
834 1212 896 1249 ac
929 1197 1186 1249 limatum
1218 1195 1388 1248 fuisse
1418 1195 1486 1248 de
1517 1193 1824 1264 superioris
1858 1193 1995 1246 anni
2026 1193 2119 1247 de-

487 1292 661 1355 creto,
687 1305 750 1342 ac
770 1289 1024 1343 nondum
1043 1304 1236 1358 pacem
1265 1288 1667 1358 penitentibus
1688 1287 1968 1340 redditam
1988 1287 2119 1340 fuis-

485 1399 579 1450 se;
611 1398 736 1452 quae
768 1388 954 1434 tamen
979 1381 1084 1434 illis
1115 1381 1477 1451 indulgentia
1508 1381 1810 1451 perpaucis
1832 1380 2119 1433 mensibus

484 1478 614 1546 post
635 1475 936 1528 concilium
965 1474 1150 1527 Idibus
1179 1474 1304 1528 Maii
1341 1473 1595 1528 habitum
1625 1490 1894 1527 concessa
1925 1478 2028 1526 est.

556 1567 922 1622 Lombertum
945 1567 1146 1620 merito
1173 1567 1410 1637 castigat
1437 1566 1790 1635 Pearsonius,
1824 1567 1979 1637 quod
2011 1568 2117 1621 hoc

485 1661 789 1716 concilium
830 1661 1123 1730 sexaginta
1170 1677 1267 1714 sex
1322 1661 1723 1731 episcoporum
1771 1678 1882 1713 non
1935 1661 2110 1715 multo

1852 229 2002 284 Vl‘l‘A
2044 229 2097 282 S.
2139 226 2476 283 Ci'l’ltlANl.

3752 227 3767 278 t
3785 227 3847 279 40

2207 352 2579 424 pugnandum
2604 357 2864 421 paratum
2889 351 3057 404 fuisse
3083 349 3454 420 perspicimus
3479 365 3545 402 ex
3567 350 3736 420 epist.
3760 351 3847 404 54.

2287 446 2504 515 Scripta
2550 452 2634 499 est
2677 445 2822 499 circa
2855 445 3000 498 idem
3035 449 3276 513 tempus,
3305 448 3363 496 ut
3393 444 3652 496 observat
3687 443 3852 497 Tille-

2216 541 2484 608 montius,
2527 541 2694 611 epist.
2740 541 2805 593 64
2849 540 2924 592 ad
2961 541 3262 608 Epictetum
3301 542 3350 590 et
3385 538 3592 607 plebem
3628 540 3848 592 Assum“-

2217 640 2405 688 tunum
2455 634 2721 688 adversus
2785 632 3286 698 Fortunatiannm,
3341 631 3621 700 quondam
3685 631 3853 702 hujus

2217 727 2452 781 civitatis
2494 728 2844 797 episcopum,
2889 728 3008 796 qui,
3052 723 3369 778 sacerdotio
3410 724 3482 778 ob
3530 725 3854 779 simulacro-

2218 838 2344 874 rum
2373 821 2582 874 cultum
2617 820 2872 890 dejectus
2901 842 2927 869 «
2960 835 3062 890 pro
3091 820 3316 887 integro
3344 834 3514 888 agere
3545 818 3788 886 volebat,
3821 841 3847 866 ››

2218 919 2276 969 et
2330 916 2725 986 episcopatum
2791 915 2892 968 sibi
2955 918 3203 983 coeperat
3257 912 3566 966 vindicare.
3621 912 3855 967 Videtur

2220 1008 2525 1078 Epictetus,
2571 1025 2744 1078 quem
2785 1008 3098 1078 Cyprianus
3140 1007 3376 1060 fratrem
3417 1006 3687 1077 appellat,
3730 1006 3856 1060 For-

2219 1103 2484 1156 tunitiani
2527 1103 2647 1156 loco
2689 1103 3025 1155 constitutus
3068 1101 3260 1154 fuisse.
3305 1100 3426 1154 Non
3470 1101 3620 1153 solus
3663 1100 3855 1153 Fortu-

2221 1197 2484 1250 natianus
2527 1214 2593 1250 ex
2638 1196 2805 1266 lapsis
2846 1195 3126 1265 episcopis
3157 1193 3435 1263 ejusmodi
3479 1193 3698 1247 facinus
3736 1199 3856 1246 ten-

2220 1290 2394 1356 tabat,
2430 1291 2523 1343 sed
2555 1289 2818 1344 observat
2843 1289 3160 1359 Cyprianus
3185 1287 3488 1341 nonnullos
3525 1287 3666 1340 alios
3702 1287 3855 1340 idem

2220 1399 2516 1453 aggressos
2543 1399 2684 1447 esse,
2717 1383 2850 1436 dum
2893 1379 3084 1454 139
3125 1381 3315 1451 stipes,
3347 1386 3401 1434 et
3430 1379 3762 1440 oblationes,
3798 1385 3855 1433 et

2220 1477 2374 1529 lucra
2414 1476 2755 1541 desiderant,
2796 1475 3001 1546 quibus
3038 1474 3198 1545 prius
3237 1473 3580 1527 insatiabiles
3626 1473 3857 1527 incuba-

2218 1570 2373 1634 bant,
2424 1575 2479 1624 et
2525 1570 2696 1623 caenis
2746 1573 2916 1639 atque
2961 1568 3142 1638 epulis
3189 1566 3358 1622 etiam
3409 1583 3557 1620 nunc
3606 1566 3851 1634 inhiant,

2219 1679 2466 1733 quarum
2512 1663 2803 1732 crapulam
2843 1678 3028 1732 nuper
3064 1661 3368 1732 superstite
3408 1659 3466 1714 in
3511 1660 3631 1714 dies
3669 1659 3854 1713 crudi-

482 1759 613 1826 post
660 1755 960 1808 concilium
1006 1755 1142 1807 anni
1189 1753 1498 1824 superioris
1555 1755 1934 1808 collocaverit.
1986 1755 2108 1808 Non
2139 1763 2194 1833 Β
2221 1760 2337 1810 tate
2380 1757 2700 1811 ructabant.
2735 1779 2762 1805 ››
2797 1758 2936 1810 Cum
2978 1758 3170 1809 autem
3209 1755 3394 1825 lapsos
3432 1770 3632 1808 omnes
3662 1754 3851 1807 horte-

480 1848 787 1902 verisimile
821 1852 906 1902 est
937 1855 1060 1918 post
1093 1848 1415 1914 concilium,
1450 1849 1601 1918 quod
1635 1847 1850 1901 tamdiu
1889 1848 1944 1901 in
1979 1865 2115 1902 cau-

483 1943 560 1995 sis
588 1943 873 2011 lapsorum
901 1940 1279 2010 dijudicandis
1310 1946 1646 2011 occupatum
1679 1941 1808 2006 fuit,
1842 1941 1996 1995 aliud
2031 1958 2123 1996 co-

486 2035 616 2089 dem
654 2052 805 2088 anno
847 2039 959 2088 tam
1011 2035 1280 2106 frequens
1329 2039 1697 2088 convocatum
1755 2035 1944 2103 fuisse,
1991 2053 2121 2090 cum

484 2130 796 2199 praesertim
828 2129 1050 2182 nullum
1078 2129 1245 2198 hujus
1277 2129 1357 2183 rei
1387 2129 1692 2198 vestigium
1725 2135 1908 2182 eXstet
1941 2130 1998 2182 in
2026 2129 2118 2182 lit-

485 2224 620 2276 teris
668 2239 823 2275 anno
874 2223 1170 2292 superiore
1215 2222 1456 2292 scriptis.
1485 2226 1550 2277 At
1597 2223 1744 2277 idem
1795 2223 2122 2277 Pearsonius

488 2315 597 2369 hoc
627 2314 925 2370 concilium
963 2316 1018 2369 in
1055 2331 1166 2386 quo
1197 2315 1616 2386 responderunt
1657 2317 1788 2370 Fido
1829 2317 2122 2386 sexaginta

484 2425 577 2464 sex
611 2409 876 2480 episcopi,
909 2410 963 2462 in
993 2410 1126 2464 anni
1159 2413 1255 2464 233
1293 2425 1550 2464 mensem
1597 2410 1989 2481 Septembrem
2032 2427 2121 2464 re-

481 2504 627 2572 jicit,
655 2520 785 2557 cum
817 2503 1084 2575 episcopi,
1124 2508 1183 2557 ut
1211 2504 1327 2574 ipse
1345 2505 1649 2565 existimat,
1670 2505 1929 2558 restituta
1961 2521 2118 2575 pace,

485 2597 553 2650 de
581 2597 750 2650 rebus
791 2597 1180 2652 ecclesiasticis
1219 2598 1672 2651 consiliarentur.
1720 2599 1836 2651 Non
1884 2599 2123 2669 quadrat

482 2688 604 2743 haec
635 2691 830 2761 opinio
855 2707 982 2744 cum
1011 2691 1099 2744 his
1136 2692 1534 2762 episcoporum
1564 2691 1751 2744 verbis
1785 2709 1794 2744 :
1827 2693 1963 2756 Qua!
2011 2709 2118 2760 res,

481 2783 767 2854 inquiunt,
798 2785 931 2837 satis
964 2802 1078 2838 non
1127 2787 1299 2838 movit
1342 2801 1628 2840 recessum
1676 2803 1796 2839 esse
1847 2803 1879 2840 a
1910 2786 2120 2841 decreti

483 2877 661 2932 nostri
701 2878 1058 2944 auctoritate,
1117 2881 1177 2931 ut
1225 2886 1356 2932 ante
1413 2880 1734 2948 legitimum
1787 2884 2011 2950 tempus
2065 2883 2123 2934 et

483 2972 720 3041 plenum
776 2972 1193 3039 satisfactionis,
1243 2981 1298 3026 et
1328 2974 1447 3026 sine
1478 2973 1656 3043 petitu
1691 2980 1746 3027 et
1775 2974 2120 3028 conscientia

479 3065 682 3136 plebis,
757 3066 909 3118 nulla
975 3066 1305 3120 infirmitate
1361 3071 1602 3137 urgente
1658 3085 1720 3121 ac
1787 3069 2120 3121 necessitate

2222 1854 2317 1903 tur
2349 1853 2430 1918 ut,
2466 1872 2491 1898 ‹‹
2528 1849 2989 1920 magnitudinem
3028 1849 3213 1902 delicti
3243 1847 3330 1901 sui
3359 1851 3790 1918 cognoscentes,
3825 1863 3860 1900 a

2224 1945 2582 2015 deprecando
2615 1943 2852 1997 Domino
2885 1959 3001 1997 non
3030 1942 3314 2008 recedant,
3343 1941 3442 1996 sed
3471 1941 3859 1995 satisfactioni—

2224 2038 2327 2092 bus
2354 2039 2732 2092 immorantes
2761 2037 2830 2090 ad
2859 2036 3159 2092 Ecclesiam
3188 2036 3431 2106 pulsent,
3459 2056 3485 2084 »
3514 2052 3630 2089 non
3658 2034 3860 2088 imme-

2226 2133 2334 2185 rito
2373 2133 2493 2187 haec
2534 2131 2773 2202 epistola
2805 2136 2938 2184 ante
2977 2145 3303 2184 concessam
3344 2129 3656 2200 generatim
3688 2127 3858 2198 lapsis

2224 2225 2644 2296 indulgentiam
2677 2224 2888 2295 scripta
2918 2224 3298 2278 existimatur.

2297 2319 2580 2388 Rejectus,
2616 2324 2676 2372 ut
2711 2318 2884 2372 modo
2927 2317 3193 2385 diximus,
3223 2335 3255 2371 a
3284 2316 3526 2371 concilio
3559 2316 3856 2386 Carthagi-

2224 2413 2386 2466 nensi
2421 2413 2674 2466 Privatus
2703 2412 3245 2482 pseudoepiscopum
3283 2410 3627 2480 Carthagine
3657 2410 3862 2464 consti-

2229 2507 2334 2559 tuit
2364 2507 2754 2572 Fortunatum,
2785 2506 2879 2576 qui
2922 2513 3043 2559 erat
3077 2527 3103 2554 ‹‹
3135 2522 3282 2559 unus
3311 2521 3378 2558 ex
3414 2504 3668 2575 quinque
3702 2520 3860 2574 pres-

2224 2599 2438 2670 byteris
2472 2600 2820 2670 jampridem
2864 2600 2930 2653 de
2964 2599 3208 2653 Ecclesia
3238 2599 3514 2669 profugis,
3545 2603 3600 2651 et
3637 2602 3862 2651 senten-

2224 2694 2305 2746 tia
2337 2693 2822 2764 coepiscoporum,
2857 2693 2938 2746 ait
2975 2693 3312 2764 Cyprianus,
3347 2692 3511 2762 epist.
3543 2695 3607 2744 55
3639 2694 3715 2761 (ρ.
3745 2693 3860 2760 83),

2224 2787 2534 2841 multorum
2595 2791 2652 2841 et
2701 2786 3162 2856 gravissimorum
3214 2787 3483 2850 virorum,
3535 2785 3630 2854 qui
3685 2799 3862 2854 super

2223 2881 2331 2935 hac
2371 2882 2557 2952 priore
2599 2898 2749 2934 anno
2787 2903 2814 2930 ››
2855 2881 2928 2934 ad
2967 2879 3292 2935 Cornelium
3335 2881 3546 2934 litteras
3579 2879 3855 2932 fecerant.

2221 2975 2464 3044 Operam
2507 2975 2576 3028 ad
2622 2975 2727 3028 hoc
2767 2975 2946 3030 scelus
2989 2980 3289 3042 navarunt,
3323 2979 3386 3027 ut
3427 2972 3635 3026 ibidem
3679 2971 3757 3024 ait
3796 2969 3857 3025 S.

2223 3069 2445 3138 Martyr,
2486 3068 2630 3122 Felix
2673 3067 2924 3138 quidam,
2964 3067 3062 3139 qui
3102 3083 3228 3121 cum
3264 3067 3360 3120 illo
3401 3071 3653 3130 venerat,
3685 3081 3859 3135 quem

485 3164 745 3229 cogente,
777 3175 881 3230 pax
929 3161 980 3212 ei
1017 3161 1438 3214 concederetur.
1491 3182 1515 3207 α
1557 3163 1682 3215 Haec
1721 3163 1934 3232 optime
1976 3180 2108 3216 con-
2141 3133 2196 3204 Ο
2226 3161 2346 3231 ipse
2395 3167 2556 3215 extra
2606 3163 2912 3216 Ecclesiam
2962 3162 3018 3215 in
3062 3161 3266 3215 hwresi
3311 3160 3857 3231 pseudoepiscopum

483 3259 696 3321 gruunt
764 3253 947 3306 Idibus
1009 3254 1128 3306 Maii
1185 3254 1318 3307 anni
1380 3258 1504 3308 252.
1573 3257 1696 3308 Jam
1761 3256 2111 3326 poenitentiae

483 3351 702 3415 partem
733 3361 846 3398 non
878 3346 1226 3400 mediocrem
1261 3347 1670 3418 adimpleverat
1692 3350 1898 3416 Victor,
1931 3367 2107 3404 unum

478 3438 943 3509 reprehenditur,
999 3440 1149 3510 quod
1223 3442 1453 3510 plenum
1521 3446 1744 3513 tempus
1807 3461 1917 3497 non
1977 3461 2107 3498 exe-

484 3533 690 3602 gisset;
731 3533 1050 3603 quinetiam
1100 3535 1241 3588 nihil
1290 3535 1806 3606 reprehenderetur
1843 3539 1887 3591 si
1936 3538 2113 3608 plebis

481 3631 681 3695 rogatu
711 3643 973 3680 concessa
1004 3643 1112 3697 pax
1152 3628 1368 3684 fuisset.
1413 3633 1481 3684 At
1528 3631 2109 3704 profectomunquam

482 3719 729 3790 episcopi
808 3723 920 3773 tam
972 3721 1178 3775 leniter
1250 3722 1500 3792 egissent
1571 3741 1724 3779 anno
1793 3729 1894 3780 253
1966 3727 2115 3780 inter

482 3813 666 3884 prima
721 3814 870 3883 pacis
927 3814 1109 3870 initia.
1168 3816 1310 3870 Nam
1375 3817 1492 3887 qui,
1545 3817 1724 3888 sopita
1779 3819 1926 3872 Decii
1983 3837 2111 3890 per-

488 3907 820 3974 secutione,
872 3911 1088 3962 tantam
1143 3927 1260 3981 prte
1325 3929 1381 3965 se
1429 3912 1789 3966 severitatem
1848 3914 2112 3982 tulerant,

486 4005 548 4054 ut
573 4001 1222 4057 excommunicationem
1256 4004 1640 4074 minarentur,
1675 4006 1720 4059 si
1756 4007 1884 4077 quis
1934 4009 2117 4078 lapsos

481 4094 550 4148 ad
626 4095 1089 4150 communionem
1175 4097 1530 4164 admitteret,
1607 4099 1664 4165 ii,
1750 4100 1907 4154 ﬁnita
1974 4101 2116 4155 Galli

485 4193 540 4241 et
611 4188 895 4241 Volusiani
962 4191 1380 4259 persecutione,
1461 4210 1586 4246 cum
1649 4194 1833 4248 adhuc
1915 4212 2118 4250 manus

483 4281 767 4350 lapsorum
822 4283 1104 4336 sacrificiis
1171 4285 1430 4339 nefandis
1485 4287 1798 4355 fumarent,
1850 4306 1920 4342 an
1976 4291 2116 4344 adeo

481 4374 700 4428 remissi
735 4376 887 4429 fuere
912 4379 977 4429 ut
1004 4393 1203 4447 pacem
1234 4395 1556 4434 concessam
1591 4398 1702 4434 non
1740 4383 2120 4452 reprehensu-

2214 3254 2351 3308 olim
2384 3257 2785 3323 constituerat;
2821 3257 3051 3309 Jovinus
3099 3259 3154 3308 et
3195 3254 3484 3319 Maximus,
3519 3253 3590 3307 ob
3617 3253 3863 3306 nefanda

2212 3349 2482 3401 sacrificia
2531 3352 2588 3402 et
2619 3349 2851 3402 crimina
2883 3349 2939 3402 in
2969 3366 3026 3402 se
3056 3347 3318 3419 probata,
3341 3347 3623 3400 sententia
3651 3362 3861 3400 novem

2213 3441 2607 3512 episcoporum
2639 3442 3030 3510 condemnati,
3066 3448 3121 3495 et
3159 3442 3360 3495 iterato
3410 3457 3636 3512 quoque
3667 3456 3700 3493 a
3729 3439 3860 3510 plu-

2214 3536 2370 3590 ribus
2397 3536 2518 3588 aliis
2556 3535 2613 3589 in
2649 3537 2886 3590 concilio
2926 3552 3079 3590 anno
3111 3535 3281 3606 priori
3320 3534 3586 3601 abstenti,
3630 3533 3868 3604 Reposi-

2215 3634 2306 3683 tus
2335 3630 2773 3698 Saturuicensis,
2809 3631 2906 3701 qui
2948 3647 3062 3684 non
3094 3634 3315 3684 tantum
3355 3630 3413 3683 in
3454 3629 3856 3700 persecutione

2216 3723 2334 3794 ipse
2373 3723 2674 3791 ceciderat,
2707 3724 2805 3779 sed
2836 3729 2891 3779 et
2937 3725 3245 3778 maximam
3287 3726 3503 3794 partem
3535 3721 3712 3792 plebis
3743 3738 3862 3775 suae

2219 3818 2494 3888 sacrilega
2537 3818 2900 3888 persuasione
2952 3817 3255 3888 dejecerat.
3307 3818 3371 3872 Hi
3419 3817 3674 3888 quinque
3722 3831 3860 3869 cum

2216 3912 2412 3982 paucis
2451 3912 2536 3966 vel
2569 3911 2890 3966 sacrificatis
2920 3913 3005 3966 vel
3040 3913 3189 3966 male
3234 3911 3338 3966 sibi
3380 3911 3615 3966 consciis
3656 3911 3858 3966 Fortu-

2219 4008 2419 4060 natum
2464 4005 2571 4059 sibi
2617 4006 3173 4077 pseudoepiscopum
3207 4009 3564 4076 cooptarunt.
3601 4005 3710 4059 Sed
3749 4004 3863 4058 illis

2221 4101 2406 4154 scelus
2446 4116 2512 4153 ex
2557 4100 2838 4154 sententia
2879 4116 2993 4154 non
3029 4099 3311 4154 successit.
3348 4100 3484 4153 Nam
3524 4115 3652 4152 cum
3692 4098 3858 4152 dicti-

2225 4197 2441 4247 tassent
2469 4193 2662 4264 viginti
2686 4194 2939 4265 quinque
2973 4193 3264 4265 episcopos
3290 4193 3696 4263 Carthaginem
3730 4209 3864 4245 veno

2220 4291 2394 4354 turos,
2434 4304 2549 4342 non
2593 4287 2712 4342 sine
2751 4287 3032 4342 mendacii
3066 4288 3302 4341 infamia
3339 4288 3594 4358 quinque
3635 4289 3863 4341 tantum

2220 4381 2431 4451 reperti
2469 4388 2616 4436 sunt.
2651 4381 2861 4436 Deinde
2903 4399 3053 4447 vero,
3087 4398 3231 4452 quos
3270 4388 3440 4435 antea
3473 4380 3859 4450 decipiebant,

485 4483 576 4520 ros
630 4486 686 4521 se
741 4468 994 4523 dicerent
1045 4472 1089 4524 si
1161 4495 1186 4520 ‹‹
1248 4474 1369 4528 sine
1435 4473 1612 4544 petitu
1672 4479 1727 4529 et
1774 4478 2278 4576 conscientiaDet
2316 4475 2454 4528 falsa
2482 4493 2539 4529 se
2567 4492 2664 4546 spe
2694 4475 2966 4530 redeundi
2997 4477 3052 4528 in
3091 4475 3396 4529 Ecclesiam
3438 4474 3859 4546 producebant,

485 4561 664 4630 plebis
693 4578 962 4617 concessa
991 4582 1103 4619 non
1143 4566 1392 4620 fuisset?
1429 4567 1712 4622 Praeterea
1759 4586 1876 4623 non
1920 4571 2115 4626 viden-

483 4656 579 4708 tur
637 4661 761 4725 post
807 4659 1264 4726 persecutionem
1307 4661 1444 4716 Galli
1491 4668 1546 4715 et
1595 4663 1877 4717 Volusiani
1934 4681 2122 4718 neces-

482 4748 626 4801 saria
665 4748 838 4802 fuisse
885 4751 1144 4817 concilia,
1197 4754 1327 4824 quia
1379 4772 1442 4808 ex
1495 4755 1578 4808 bis
1629 4773 1756 4826 quae
1816 4774 1873 4810 in
1932 4759 2119 4828 priore

482 4842 723 4895 concilio
753 4848 962 4897 statuta
986 4845 1055 4899 de
1083 4846 1252 4916 lapsis
1291 4848 1522 4902 fuerant
1567 4850 1748 4904 facilis
1790 4850 1897 4904 fuit
1951 4852 2120 4907 totius

481 4936 561 4988 rei
599 4935 972 5005 deliberatio;
1005 4939 1086 4992 vel
1139 4941 1325 5010 potius
1379 4943 1513 5012 quia
1560 4949 1657 4997 aut
1713 4946 1855 4998 nulli
1903 4945 1958 4998 in
2013 4946 2118 5001 hac

480 5031 894 5098 persecutione,
926 5035 1026 5085 aut
1061 5033 1268 5088 saltem
1317 5037 1640 5106 paucissimi
1673 5039 1939 5093 videntur
1967 5041 2114 5094 ceci-

481 5121 646 5177 disse.
695 5125 953 5178 Testatur
1005 5127 1317 5196 Cyprianus
1359 5129 1414 5182 in
1448 5132 1699 5200 Epistola
1753 5137 1817 5186 57
1868 5151 1962 5188 eos
2018 5134 2116 5206 qui

479 5218 668 5271 Romas
706 5219 807 5271 sub
851 5219 1015 5274 Decio
1064 5221 1404 5290 ceciderant,
1461 5226 1835 5281 confessionis
1890 5227 2113 5283 laudem

482 5310 541 5363 in
570 5311 674 5364 hoc
703 5313 951 5367 secundo
999 5315 1198 5384 praelio
1243 5299 1479 5387 adeptos
1531 5319 1721 5373 fuisse.
1760 5320 1913 5375 Idem
1969 5321 2118 5376 testi-

479 5403 737 5458 monium
786 5407 987 5460 saltem
1055 5408 1258 5463 Africae
1326 5411 1525 5466 tribuit
1590 5420 1787 5468 auctor
1848 5415 1975 5470 libri
2043 5417 2117 5470 ad

479 5499 674 5553 Norat.
755 5500 827 5567 (p.
894 5499 997 5569 tl).
1058 5500 1197 5555 llinc
1240 5503 1555 5574 Cyprianus
1605 5507 1656 5560 in
1711 5508 1874 5578 epist.
1926 5513 1982 5564 8|
2041 5511 2116 5564 ad

476 5591 766 5660 Martyres,
791 5610 903 5647 non
936 5595 1158 5666 plangit
1197 5597 1386 5652 clades
1417 5607 1473 5652 et
1519 5601 1723 5656 funera
1769 5619 2022 5671 suorum,
2054 5611 2115 5658 ut

475 5684 532 5737 in
557 5685 718 5755 epist.
759 5689 790 5738 9
820 5687 922 5741 sub
965 5688 1128 5743 Decio
1167 5690 1396 5746 fecerat.
1443 5693 1554 5749 Nec
1606 5696 1815 5750 mirum
1854 5696 1897 5750 si
1939 5698 2110 5751 victo-

475 5779 639 5835 resin
659 5781 767 5836 hac
789 5797 986 5855 pugna
1019 5784 1179 5840 fuere
1213 5801 1352 5858 quos
1380 5791 1541 5844 tanto
1585 5791 1760 5845 animi
1805 5791 2008 5846 ardore
2045 5792 2112 5847 ad

2223 4569 2282 4623 hi
2312 4568 2407 4622 ubi
2436 4569 2701 4624 viderunt
2727 4569 3293 4640 pseudoepiscopum,
3323 4570 3517 4623 fraude
3546 4571 3860 4639 comperta,

2223 4663 2292 4718 ad
2346 4665 2648 4718 Ecclesiam
2699 4665 3016 4718 redierunt.
3069 4665 3261 4735 Itaque
3312 4664 3500 4734 plures
3543 4669 3704 4717 erant
3756 4663 3858 4732 qui

2223 4757 2293 4812 de
2347 4757 2578 4811 nefariis
2622 4758 2730 4810 illis
2779 4758 3102 4811 hominibus
3138 4757 3553 4828 judicaverant,
3606 4757 3650 4809 si
3703 4773 3860 4828 pres-

2221 4851 2406 4923 byteri
2439 4858 2495 4906 et
2524 4853 2741 4906 diaconi
2776 4855 3169 4918 numerentur,
3213 4868 3382 4922 quam
3425 4851 3520 4922 qui
3563 4854 3691 4904 tunc
3721 4867 3860 4904 cum

2221 4946 2328 4999 illis
2369 4946 2660 5016 conjuncti
2700 4945 3054 5000 videbantur.
3086 4945 3366 5000 Probabat
3402 4951 3591 4999 tamen
3629 4945 3862 5014 Cypria.

2219 5056 2325 5094 nus
2373 5042 2432 5092 et
2479 5039 2782 5110 diligenter
2829 5039 3191 5093 examinabat
3239 5040 3472 5110 quinam
3516 5038 3748 5095 admitti
3804 5043 3864 5093 et

2219 5134 2396 5205 recipi
2438 5134 2495 5187 in
2538 5133 2839 5188 Ecclesiam
2875 5133 3168 5188 deberent.
3203 5133 3447 5196 Quidam
3486 5133 3640 5186 enim
3682 5133 3862 5202 recipi

2217 5245 2331 5282 non
2391 5233 2655 5298 poterant
2701 5249 2728 5277 ‹‹
2777 5228 2900 5282 sine
2949 5227 3216 5282 seandalo
3270 5230 3326 5282 et
3375 5227 3626 5298 periculo
3672 5227 3859 5296 pluri-

2217 5339 2460 5377 morum.
2515 5345 2541 5373 »
2592 5322 2894 5377 Fremebat
2947 5323 3102 5376 enim
3151 5321 3312 5392 plebs
3365 5326 3424 5375 et
3470 5320 3865 5375 reluctabatur

2219 5439 2245 5464 α
2299 5418 2520 5486 quoties
2565 5417 3017 5471 inemendabiles
3058 5421 3117 5470 et
3161 5416 3426 5487 protervi,
3471 5420 3529 5469 et
3566 5415 3654 5469 vel
3699 5414 3866 5469 adul-

2218 5510 2374 5563 teriis
2407 5511 2488 5564 vel
2529 5510 2818 5564 sacrificiis
2849 5510 3242 5576 contaminati,
3275 5513 3333 5563 et
3362 5516 3487 5581 post
3517 5509 3638 5562 hinc
3668 5508 3862 5563 adhuc

2216 5603 2450 5674 insuper
2494 5604 2565 5658 de
2609 5604 2911 5658 schismate
2952 5605 3019 5658 ad
3053 5604 3360 5659 Ecclesiam
3390 5625 3417 5653 υ
3445 5603 3722 5658 redibant.
3753 5602 3864 5658 Vix

2215 5697 2370 5770 plebi
2392 5698 2790 5770 persuadebat,
2824 5699 2939 5753 imo
2969 5697 3342 5770 extorquebat
3366 5701 3432 5752 ut
3460 5699 3600 5754 tales
3626 5697 3861 5752 admitti

2215 5793 2638 5861 consentirent;
2693 5800 2750 5848 et
2801 5793 3011 5866 justior
3066 5793 3241 5847 factus
3297 5796 3419 5848 erat
3469 5792 3864 5851 fraternitatis
