4084 6208
219 264 295 325 lit

1562 265 1716 324 VITA
1754 268 1809 325 S.
1849 266 2185 327 CYPRlANl.
2278 258 2283 261 ⁷

3452 236 3555 327 ’142

214 395 356 450 dolor
381 410 449 449 ex
480 410 547 448 eo
577 394 731 466 quod
761 410 907 448 unus
942 399 1112 465 atque
1141 393 1304 462 alius,
1333 393 1626 449 obtinente
1656 394 1823 465 plebe
1849 410 1901 481 Α
1926 394 2085 448 dium
2131 393 2359 448 unitatis
2412 394 2467 447 in
2520 396 2683 449 Petro
2725 394 3098 449 constitutum
3145 395 3421 465 agnoscit,
3470 397 3553 451 ita

217 494 266 542 et
297 487 734 557 contradicente,
763 487 1030 559 Cypriani
1058 486 1331 542 facilitate
1368 488 1633 558 suscepti,
1666 488 1822 558 pejo-

211 598 288 637 res
309 581 638 636 exstiterant
664 598 840 653 quam
867 582 1025 652 prius
1048 581 1273 636 fuerant
1303 582 1487 652 (Ibid.)

274 672 561 727 Fortunati
603 672 966 727 ordinatione
1008 671 1149 726 adeo
1190 687 1306 726 non
1349 671 1686 726 movebatur
1719 671 1819 742 Cy-

212 761 428 833 prianus
460 764 525 815 ut
552 777 620 815 ea
648 761 716 815 de
745 777 803 815 re
832 760 1089 832 protinus
1125 761 1195 815 ad
1223 760 1548 815 Cornelium
1575 760 1826 815 scriben-

212 855 334 909 dum
367 870 495 909 esse
520 870 635 909 non
670 854 981 925 judicaret.
1011 854 1216 909 Nactus
1244 858 1439 909 tamen
1474 853 1829 910 occasionem

211 948 635 1003 familiarissimi
678 948 927 1003 hominis
971 951 1030 1003 et
1079 947 1286 1016 clerici,
1331 964 1434 1019 per
1483 947 1827 1002 Felicianum

210 1043 552 1114 acolythum,
576 1059 750 1113 quem
784 1041 1079 1097 Cornelius
1109 1041 1169 1095 in
1189 1041 1433 1096 Africam
1467 1057 1599 1096 cum
1628 1044 1832 1096 Perseo

212 1133 463 1204 ep'ncopo
506 1134 758 1199 miserat,
792 1132 970 1186 etiam
1010 1133 1078 1187 de
1112 1132 1419 1186 Fortunate
1455 1131 1563 1186 isto
1591 1132 1828 1202 scripse-

211 1230 287 1279 rat
310 1225 381 1279 ad
413 1226 744 1281 Cornelium
770 1243 784 1291 ;
813 1225 934 1292 sed,
962 1225 1097 1279 dum
1138 1225 1489 1295 Carthagine
1522 1225 1834 1279 Felicianus

212 1315 289 1368 vel
327 1322 503 1370 vente
542 1314 885 1381 retardatnr,
914 1315 1004 1369 vel
1050 1315 1396 1386 accipiendis
1438 1315 1559 1369 aliis
1587 1314 1834 1386 epistolis

213 1410 512 1477 detinetur,
540 1407 892 1463 Felicissimo
928 1410 1169 1464 Romam
1202 1411 1546 1479 properante
1584 1423 1834 1479 praeven-

216 1510 294 1556 tus
335 1506 444 1557 est.
498 1504 550 1558 Is
597 1501 749 1556 enim
790 1504 1030 1558 Romam
1083 1502 1418 1557 mittebatur
1460 1518 1589 1556 cum
1633 1501 1835 1557 litteris

216 1596 503 1651 Fortunati
549 1595 623 1650 ad
662 1596 1009 1663 Cornelium,
1053 1612 1184 1651 cum
1236 1596 1460 1651 nefaria
1503 1596 1599 1651 illa
1642 1595 1831 1663 factio,

217 1690 458 1761 undique
489 1690 718 1743 exclusa
743 1696 799 1744 et
828 1690 886 1744 in
917 1688 1109 1762 140
1131 1689 1320 1744 Africa
1344 1689 1414 1744 ob
1445 1690 1724 1744 scelerum
1747 1689 1833 1743 in-

1928 489 2032 543 hoc
2058 489 2205 553 loco,
2241 488 2344 541 etsi
2374 490 2545 558 negat
2585 488 2860 542 minorem
2892 505 3011 542 esse
3041 489 3306 543 Afrorum
3336 489 3549 561 episco-

1930 599 2132 654 porum
2182 580 2599 645 auctoritatem,
2648 583 2932 636 immerito
2986 583 3322 652 pronuntiat
3374 583 3556 638 editor

1928 675 2269 731 Oxoniensis
2318 676 2627 745 primatum
2676 676 2746 728 ab
2793 691 2860 729 eo
2916 676 3158 746 negari:
3212 676 3309 731 sed
3353 677 3422 730 de
3467 678 3556 732 his

1923 769 2043 841 jam
2098 769 2347 823 diximus
2395 769 2451 823 in
2510 769 2867 839 praefatione.
2919 768 3184 833 Quamvis
3235 777 3421 824 autem
3485 771 3555 825 de

1931 863 2177 918 Cornelii
2201 861 2524 933 prudentia:
2554 866 2609 916 et
2635 861 2964 916 constantia:
2994 862 3410 917 existimatione
3433 865 3555 918 hinc

1932 957 2176 1028 epistola
2231 955 2444 1026 aliquid
2494 956 2794 1010 detrahere
2851 972 3010 1026 posse
3066 956 3366 1023 videretur,
3423 974 3553 1011 eum

1934 1058 2128 1105 tamen
2167 1050 2475 1104 admonere
2502 1053 2561 1104 et
2602 1066 2806 1120 rogare
2837 1065 2952 1103 non
2986 1049 3210 1103 dubitat
3245 1049 3560 1119 Cyprianus

1935 1150 1995 1198 ut
2023 1143 2093 1198 de
2137 1160 2291 1197 more
2320 1161 2420 1197 suo
2448 1144 2544 1197 has
2580 1144 2795 1197 litteras
2825 1144 2977 1197 clere
3006 1159 3199 1196 secum
3237 1144 3559 1213 praesidenti

1934 1240 1990 1293 et
2028 1237 2394 1291 sanctissimae
2423 1243 2591 1308 atque
2631 1237 2997 1308 amplissima:
3028 1236 3180 1308 plebi
3218 1237 3387 1309 legat,
3419 1238 3561 1293 adeo

1934 1332 2164 1401 cognita
2194 1337 2314 1386 erat
2352 1331 2635 1402 Cypriane
2676 1335 2733 1384 et
2759 1331 3051 1401 explorata
3089 1331 3265 1385 virtus
3294 1332 3561 1388 Cornelii.

1932 1428 2161 1480 Constat
2190 1426 2339 1479 hanc
2357 1425 2653 1495 epistolam
2691 1425 2795 1478 hoc
2819 1441 2968 1478 anno
3003 1427 3109 1478 252
3123 1426 3393 1496 scriptam
3427 1426 3562 1480 fuis-

1935 1536 2030 1588 se;
2072 1524 2485 1573 commemorat
2530 1518 2683 1572 enim
2730 1518 3043 1588 Cyprianus
3082 1518 3383 1573 concilium
3425 1520 3561 1573 anni

1933 1613 2161 1686 prioris,
2193 1617 2318 1667 tum
2349 1611 2521 1666 etiam
2549 1611 2698 1666 aliud
2733 1611 3005 1682 proximis
3031 1611 3222 1667 idibus
3248 1613 3375 1667 Maii
3400 1613 3559 1668 habi-

1936 1713 2058 1762 tum
2092 1723 2105 1761 :
2139 1707 2272 1761 hinc
2300 1723 2358 1759 se
2386 1705 2537 1775 plebi
2564 1721 2679 1759 sure
2710 1704 3087 1776 quadriennio
3106 1706 3228 1776 jam
3258 1706 3562 1777 probatum

214 1783 436 1838 famiam
473 1783 687 1854 ubique
720 1786 875 1849 nota,
918 1784 1158 1838 Romam
1188 1783 1574 1855 navigandum
1593 1782 1834 1854 judicas—

1940 1818 2059 1856 esse
2105 1800 2259 1854 dicit.
2293 1799 2509 1870 Scripta
2555 1806 2746 1853 autem
2792 1816 2903 1853 non
2952 1798 3175 1853 videtur
3219 1800 3323 1853 nisi
3368 1818 3561 1856 mense

214 1881 305 1931 set.
355 1877 529 1932 Venit
590 1876 778 1948 itaque
833 1878 1078 1932 Romam
1145 1876 1525 1932 Felicissimus
1600 1876 1835 1948 stipatus

212 1976 423 2025 caterva
470 1973 529 2025 et
555 1969 804 2025 factione
848 1970 1300 2041 desperatorum,
1328 1970 1429 2025 sed
1469 1970 1710 2041 rejectus
1753 1976 1833 2024 est

211 2080 239 2116 a
260 2064 544 2133 Cornelio,
577 2068 635 2118 et
676 2085 703 2114 ‹‹
735 2064 936 2135 vigore
979 2065 1147 2135 plene
1178 2081 1292 2136 quo
1336 2064 1630 2136 episcopos
1667 2079 1835 2135 agere

211 2160 449 2227 oportet,
482 2179 511 2207 »
538 2158 735 2229 pulsus
763 2156 832 2211 de
872 2157 1143 2213 Ecclesia.
1177 2157 1408 2221 Verum,
1438 2173 1566 2211 cum
1609 2156 1832 2210 dictita-

209 2257 325 2305 rent
350 2251 564 2306 nefarii
594 2251 863 2306 homines
884 2252 1263 2307 Fortunatum
1294 2267 1326 2305 a
1351 2250 1551 2322 viginti
1582 2250 1837 2322 quinque

209 2345 486 2415 episcOpis
513 2345 841 2399 ordinatum
870 2362 1012 2413 esse,
1039 2360 1286 2416 cumque
1311 2344 1641 2399 Cornelium
1673 2365 1700 2394 α
1732 2360 1834 2415 ag-

213 2438 374 2509 gressi
421 2443 615 2493 essent
653 2439 1068 2493 comminantes
1113 2437 1285 2510 qued,
1330 2438 1375 2492 si
1430 2438 1651 2493 litteras
1700 2453 1837 2509 quas

208 2533 517 2587 attulerant
568 2548 684 2587 non
737 2533 1040 2603 accepiset,
1087 2532 1310 2603 publice
1365 2548 1461 2586 eas
1512 2533 1835 2598 recitarent,

208 2628 261 2678 et
285 2626 469 2680 multa
508 2625 695 2697 turpia
721 2631 779 2680 et
806 2626 1086 2696 probrosa
1128 2629 1185 2680 et
1215 2640 1312 2680 ore
1353 2642 1453 2679 suo
1483 2625 1657 2696 digna
1698 2641 1835 2696 pro-

208 2718 439 2785 ferrent,
488 2741 519 2770 η
563 2719 876 2786 Cornelius,
915 2720 1004 2774 cui
1054 2720 1361 2774 molestum
1412 2723 1531 2773 erat
1572 2720 1837 2790 Cypriani

207 2812 522 2881 silentium,
554 2831 584 2864 α
617 2812 789 2868 minis
810 2819 980 2885 atque
1006 2813 1317 2869 terroribus
1346 2828 1545 2867 eorum
1575 2813 1834 2884 aliquan-

206 2911 319 2960 tum
365 2914 695 2962 commotus
744 2928 795 2972 ››,
838 2906 979 2961 duas
1032 2906 1203 2961 simul
1244 2906 1507 2977 epistolas
1553 2907 1837 2977 Cypriane

206 3015 298 3069 per
348 3001 626 3055 Saturum
684 3000 1008 3071 acolythmn
1056 2999 1298 3071 scripsit,
1351 3016 1592 3071 quarum
1653 2999 1840 3070 prima

204 3094 423 3165 pulsum
458 3097 785 3149 constanter
815 3094 1245 3160 Felicissimum,
1276 3094 1452 3148 altera
1480 3098 1834 3151 commotum

206 3193 259 3241 et
293 3189 640 3243 exterritum
684 3188 858 3259 ipsius
889 3188 1133 3244 Cornelii
1165 3187 1421 3242 animum
1464 3187 1836 3258 signiﬁcabat.

266 3282 691 3337 Pennelestum
728 3282 929 3336 accidit
955 3282 1234 3353 Cypriane
1277 3282 1448 3353 quod,
1483 3298 1611 3335 cum
1648 3282 1704 3335 in
1740 3279 1838 3335 de-

206 3375 487 3430 fendendo
529 3378 857 3447 episcopatu
900 3376 1146 3430 Cornelii
1188 3392 1469 3430 summam
1513 3374 1695 3429 animi
1725 3374 1836 3428 for-

207 3469 506 3525 titndinem
557 3468 930 3535 declarasset,
962 3470 1115 3523 idem
1154 3469 1258 3523 sibi
1297 3470 1355 3523 in
1384 3485 1445 3523 re
1487 3468 1780 3522 simillima
1809 3484 1841 3520 a

203 3564 458 3619 Cornelio
488 3579 611 3618 non
639 3563 971 3617 referretur.
1001 3564 1361 3635 Quapropter
1385 3563 1456 3617 ad
1496 3579 1627 3617 eum
1659 3561 1837 3633 scrip-

204 3655 269 3711 sit
303 3659 477 3729 epist.
520 3661 615 3719 55,
662 3657 918 3712 dolerem
962 3674 1124 3711 suum
1175 3657 1414 3712 minime
1454 3656 1836 3725 dissimulans,

202 3748 345 3819 quod
383 3746 695 3804 Cornelius
716 3763 884 3801 aures
919 3748 1250 3819 praebuisset
1278 3747 1651 3802 schismaticis
1680 3746 1840 3801 omni

203 3843 433 3897 sceleris
489 3841 719 3897 macula
764 3842 976 3896 notatis
1019 3847 1075 3895 et
1134 3842 1192 3895 in
1240 3841 1483 3897 concilio
1530 3840 1837 3909 damnatis,

202 3947 391 3994 contra
415 3941 759 4011 episcepum
801 3940 997 4011 populi
1023 3940 1271 3995 universi
1306 3939 1579 4011 suffragio
1607 3939 1663 3994 in
1701 3955 1839 4011 pace

204 4036 512 4101 delectum,
563 4038 658 4093 Dei
701 4038 911 4092 auxilio
955 4038 1011 4092 in
1056 4037 1450 4109 persecutione
1488 4042 1836 4109 protectum,

202 4132 431 4202 collegis
484 4131 758 4185 omnibus
799 4131 1044 4187 ﬁdeliter
1089 4132 1375 4202 junctum,
1423 4131 1576 4203 plebi
1620 4147 1736 4186 suae
1782 4131 1839 4185 in

202 4226 537 4298 episcopatu
588 4226 965 4296 quadriennio
1014 4226 1133 4297 jam
1182 4226 1503 4297 probatum,
1550 4226 1604 4280 in
1648 4226 1838 4297 quiete

201 4319 543 4374 servientem
593 4318 923 4390 disciplinae,
967 4320 1023 4373 in
1081 4322 1419 4392 tempestate
1461 4320 1840 4390 proscriptum

205 4414 478 4485 applicito
508 4418 567 4468 et
594 4414 860 4485 adjuncto
887 4414 1247 4485 episcopatus
1283 4413 1369 4467 sui
1400 4413 1649 4480 nomine,
1679 4414 1839 4467 toties

1932 1894 2099 1949 Junio
2129 1896 2397 1959 exeunte,
2429 1895 2529 1946 aut
2557 1892 2791 1947 ineunte
2815 1891 2981 1946 Julio.

1938 1986 2120 2059 141
2172 1987 2321 2043 XXV.
2365 2018 2432 2026 —
2474 1988 2771 2041 Persecutio
2825 1986 3096 2039 reveletur
3154 1986 3444 2056 Cypriane,
3497 2017 3565 2029 .-

2006 2070 2273 2123 Hortatur
2338 2068 2717 2121 Thibaritanos
2771 2067 2847 2120 ad
2900 2071 3185 2121 certamen.
3240 2098 3309 2107 ——
3371 2069 3564 2139 Lapsis

2003 2148 2388 2219 pauitantibus
2427 2162 2617 2216 pacem
2656 2149 2895 2201 restituit
2940 2148 2999 2200 in
3041 2147 3285 2213 concilio,
3314 2149 3460 2218 quod
3499 2150 3564 2203 ab

2007 2231 2117 2283 alio
2155 2230 2347 2283 Idibus
2384 2229 2521 2282 Maii
2558 2227 2742 2281 habite
2779 2228 3045 2296 distingui
3080 2228 3250 2283 debet.

2009 2323 2154 2377 Cum
2197 2340 2230 2376 a
2261 2321 2503 2376 concilio
2549 2320 3004 2392 Corthaginensi,
3034 2322 3182 2392 quod
3226 2322 3414 2376 Idibus
3443 2323 3565 2378 Maii

1937 2412 2198 2468 habitum
2225 2411 2492 2481 diximus,
2518 2412 2653 2465 satis
2681 2412 2862 2466 multa
2903 2427 3082 2482 usque
3123 2410 3188 2465 ad
3224 2414 3566 2483 persecutio-

1937 2518 2070 2556 nem
2090 2500 2533 2569 intercesserint,
2561 2500 2921 2571 perspicuum
2948 2506 3032 2554 est
3058 2500 3427 2570 imperatores
3446 2503 3569 2556 Gal-

1938 2591 2055 2645 lum
2079 2593 2137 2644 et
2168 2589 2555 2655 Velusianum,
2579 2590 2679 2659 qui
2701 2606 2849 2643 anno
2877 2592 2971 2643 251
3001 2594 3241 2644 exeunte
3261 2590 3565 2661 imperium

1937 2680 2129 2750 adepti
2174 2679 2425 2745 fuerant,
2456 2694 2559 2749 per
2599 2681 2784 2732 totum
2831 2677 2969 2731 illud
3013 2684 3238 2749 tempus
3277 2680 3415 2735 nihil
3459 2680 3564 2734 ira-

1938 2767 2123 2823 cunde
2150 2767 2209 2820 in
2237 2766 2589 2821 Christianos
2615 2766 2819 2836 egisse,
2846 2783 2947 2820 nec
2979 2783 3145 2821 suum
3182 2768 3237 2821 in
3266 2768 3389 2821 illos
3420 2770 3565 2823 furo-

1940 2874 2056 2911 rem
2091 2856 2349 2910 incitasse
2386 2858 2516 2908 ante
2543 2855 2791 2909 mediam
2823 2854 2990 2926 hujus
3027 2856 3159 2909 anni
3194 2861 3468 2912 zestatem.
3497 2861 3569 2913 At

1938 2951 2190 3005 violenta
2239 2950 2348 3004 fuit
2392 2949 2742 3021 persecutio,
2784 2966 2887 3003 nec
2930 2949 3103 3003 alium
3149 2950 3321 3005 ﬁnem
3371 2951 3571 3006 habuit

1941 3061 2117 3117 quam
2147 3044 2268 3115 ipsa
2294 3045 2707 3115 imperatorum
2740 3041 2870 3097 vita.
2893 3043 3016 3097 Jam
3047 3045 3333 3099 nonnullae
3361 3045 3570 3100 scintil-

1859 3145 1915 3219 Ο
1940 3140 2006 3193 las
2030 3138 2384 3191 emicuerant
2411 3154 2538 3190 cum
2570 3135 2883 3207 Cyprianus
2910 3136 2981 3189 ad
3008 3136 3337 3191 Cornelium
3364 3138 3571 3193 scribe-

1941 3238 2027 3287 ret
2056 3231 2350 3303 epistolam
2385 3233 2471 3285 55.
2504 3230 2593 3285 Ait
2625 3230 2778 3283 enim
2810 3251 2837 3278 «
2864 3229 2952 3283 his
2982 3228 3117 3299 ipsis
3154 3230 3352 3285 diebus
3382 3255 3408 3282 ››
3438 3233 3564 3303 qui-

1938 3327 2045 3381 bus
2081 3324 2377 3393 scribebat,
2415 3346 2443 3374 «
2481 3324 2553 3378 ob
2583 3322 2856 3378 sacriﬁcia
2894 3340 3020 3394 quae
3049 3323 3235 3378 edicto
3279 3327 3567 3396 proposito

1941 3421 2222 3476 celebrare
2267 3419 2506 3491 populus
2538 3418 2878 3488 jubebatur,
2922 3418 3167 3472 clamore
3206 3419 3566 3490 popularium

1938 3522 2010 3575 ad
2044 3522 2265 3575 leonem
2287 3518 2475 3573 denuo
2494 3517 2839 3588 postulatum
2866 3538 2892 3565 n
2917 3533 2973 3569 se
3000 3540 3027 3565 (ι
3058 3518 3111 3570 in
3140 3517 3289 3572 circe
3318 3540 3343 3567 ››
3375 3518 3566 3575 fuisse.

1944 3614 2180 3669 Videtur
2230 3611 2660 3666 indicendorum
2705 3610 3104 3665 sacriﬁciorum
3148 3628 3376 3666 causam
3418 3621 3568 3669 attu-

1940 3709 2067 3764 lisse
2100 3706 2275 3779 pestis
2316 3707 2413 3759 illa
2443 3721 2570 3776 quae
2610 3704 2711 3758 sub
2745 3704 2904 3759 Galle
2942 3708 3000 3758 et
3027 3706 3323 3761 Volusiano
3356 3724 3421 3761 ac
3459 3724 3563 3762 cas-

1939 3799 2074 3853 teris
2124 3797 2392 3867 deinceps
2434 3795 2788 3868 principibus
2832 3796 3182 3851 horrendum
3230 3796 3288 3850 in
3334 3799 3567 3853 modum

1938 3888 2133 3943 saeviit.
2192 3888 2311 3941 Non
2370 3886 2550 3940 multo
2605 3888 2731 3954 post
2796 3884 3095 3939 subsecuta
3155 3886 3565 3956 imperatorum

1940 3979 2079 4035 Galli
2113 3980 2167 4032 et
2199 3975 2479 4030 Volusiani
2506 3974 2777 4028 adversus
2816 3975 3164 4028 Christianos
3190 3976 3392 4043 edicta,
3425 3995 3564 4049 quo-

1940 4086 2067 4123 rum
2126 4064 2640 4138 prmcegnitienem
2695 4079 2822 4116 cum
2877 4063 3183 4134 accepisset
3228 4067 3564 4136 Cyprianus,

1941 4162 2134 4219 multis
2178 4158 2490 4213 visionibus
2535 4156 2804 4211 divinitus
2849 4157 3073 4225 oblatis,
3132 4158 3356 4229 scripsit
3397 4161 3561 4231 epist.

1942 4257 2008 4308 56
2051 4254 2125 4306 ad
2168 4250 2568 4314 Thibaritanes,
2599 4264 2737 4317 quos
2775 4264 2903 4301 cum
2961 4253 3129 4302 antea
3175 4249 3415 4305 invisere
3459 4257 3565 4307 sta-

1941 4341 2161 4408 tuisset,
2202 4338 2507 4394 consilium
2551 4344 2686 4390 tunc
2734 4337 3012 4392 conﬁcere
3059 4354 3174 4393 non
3222 4340 3426 4410 potuit,
3465 4341 3566 4396 sed

1940 4432 2173 4486 vicarias
2199 4445 2300 4499 pro
2331 4444 2390 4482 se
2413 4428 2629 4482 litteras
2658 4425 2829 4496 misit,
2852 4426 2909 4481 in
2938 4426 3144 4498 quibus
3169 4445 3263 4483 eos
3290 4429 3569 4485 admonet

200 4507 263 4560 ad
304 4509 544 4563 leonem
596 4507 854 4578 petitum,
890 4508 945 4561 in
989 4507 1155 4576 circe,
1188 4508 1247 4561 in
1288 4507 1704 4579 amphitheatro
1736 4508 1834 4561 Do-

1940 4539 1995 4577 se
2028 4542 2054 4570 ‹‹
2082 4518 2306 4574 Domini
2340 4515 2673 4571 instruentis
2698 4516 3028 4586 dignatione
3056 4539 3084 4566 ››
3113 4518 3463 4588 cognovisse,
3485 4520 3565 4575 id-

202 4602 421 4656 minicm
453 4600 805 4672 dignationis
825 4601 1153 4656 testimonio
1181 4600 1546 4667 honoratum,
1572 4618 1635 4655 ac
1656 4616 1839 4671 nuper

200 4698 366 4750 etiam
399 4696 668 4751 clamore
696 4695 1056 4767 pepularium
1086 4696 1152 4750 ad
1186 4696 1404 4749 leonem
1432 4695 1620 4749 denuo
1650 4698 1838 4766 postu-

199 4787 413 4844 latum;
446 4792 815 4845 Demonstrat
854 4789 1010 4843 nefas
1055 4789 1224 4844 fuisse
1263 4788 1639 4843 schismaticis
1690 4810 1717 4837 «
1765 4788 1836 4842 ad

198 4883 335 4938 Petri
377 4882 728 4939 cathedram
760 4891 929 4954 atque
971 4883 1040 4937 ad
1087 4882 1392 4939 Ecclesiam
1437 4882 1833 4954 principalem,

198 4977 344 5031 unde
372 4977 751 5032 sacerdotalis
778 4978 966 5032 unitas
1002 4980 1198 5032 exorta
1229 4983 1331 5044 est,
1364 4999 1391 5026 ›ι
1423 4978 1639 5031 litteras
1663 4976 1833 5044 ferre,

198 5092 225 5115 α
245 5087 376 5126 cum
398 5075 691 5126 statutum
714 5072 784 5127 sit
800 5072 1067 5126 omnibus
1089 5071 1273 5138 nobis,
1292 5071 1501 5142 inquit,
1526 5074 1585 5125 et
1604 5085 1834 5141 inquum

197 5162 263 5217 sit
300 5166 536 5237 pariter
567 5181 632 5219 ac
667 5166 905 5236 justum,
936 5171 996 5219 ut
1040 5165 1483 5236 uniuscujusque
1528 5180 1692 5218 causa
1723 5163 1835 5218 illic

198 5259 466 5314 audiatur
536 5258 632 5313 ubi
705 5264 791 5313 est
854 5259 1072 5313 crimen
1138 5258 1448 5313 admissum
1493 5300 1506 5314 .
1548 5297 1562 5312 .
1612 5299 1624 5311 .
1670 5299 1684 5326 ,
1724 5256 1831 5311 nisi

199 5350 239 5403 si
281 5353 485 5423 paucis
532 5352 843 5423 desperatis
870 5356 928 5406 et
967 5352 1206 5424 perditis
1234 5352 1422 5407 minor
1462 5353 1685 5407 videtur
1714 5369 1833 5407 esse

199 5447 513 5501 auctoritas
562 5446 957 5517 episcoporum
1013 5446 1069 5501 in
1132 5447 1317 5501 Africa
1371 5446 1830 5512 constitutorum,

201 5541 299 5592 etc.
329 5558 357 5589 ιι
386 5540 488 5595 Sic
535 5539 889 5611 episcopatus
927 5540 1011 5595 sui
1033 5541 1167 5610 jura
1205 5540 1465 5595 defendit
1492 5540 1831 5611 Cyprianus,

202 5640 256 5685 ut
287 5634 595 5688 exordium
626 5633 854 5688 unitatis
881 5636 937 5689 in
966 5635 1208 5690 Ecclesia
1245 5637 1526 5699 Romana,
1565 5638 1625 5688 ut
1651 5635 1830 5689 eccle—

204 5726 282 5779 sia
320 5727 656 5798 principali,
700 5731 1003 5798 agnoscat;
1059 5734 1136 5796 et,
1179 5729 1657 5799 quemadmodum
1700 5727 1831 5782 alibi

208 5834 397 5893 parem
438 5821 600 5874 inter
631 5821 906 5893 apostolos
938 5825 1269 5895 potestatem
1310 5822 1642 5891 admittens,
1671 5837 1831 5877 exor-

1939 4628 2049 4682 que
2070 4608 2363 4664 sciendum
2384 4622 2507 4660 esse
2529 4621 2593 4659 ac
2614 4601 2717 4675 pro
2739 4608 2897 4659 certe
2924 4605 3272 4660 credendum
3293 4610 3350 4660 ct
3368 4613 3564 4661 tenen-

1939 4700 2075 4754 dum
2098 4698 2413 4769 graviorem
2439 4710 2588 4748 nunc
2609 4709 2778 4763 quam
2801 4696 2971 4746 antea
2993 4697 3052 4746 et
3070 4694 3402 4749 ferociorem
3427 4711 3563 4768 pug-

1937 4809 2069 4848 nam
2102 4792 2441 4857 imminere;
2467 4787 2676 4842 deinde
2699 4802 2830 4840 vero
2852 4802 2920 4839 ex
2949 4786 3252 4858 Scripturis
3271 4790 3473 4842 sanctis
3504 4794 3564 4844 et

1937 4898 2003 4937 ex
2034 4881 2366 4937 Christianae
2400 4876 2691 4947 religionis
2722 4874 3012 4946 principiis
3038 4876 3255 4948 colligit
3284 4877 3561 4950 quidquid

1937 4977 2006 5031 ad
2049 4973 2498 5047 persecutionem
2530 4974 2853 5025 constanter
2891 4970 3283 5026 sustinendam
3322 4973 3560 5030 incitare

1977 5071 2175 5123 oterat.

1936 5086 2175 5141 peierat.

2008 5159 2240 5213 Videtur
2297 5154 2642 5227 Cyprianum
2698 5151 3004 5207 detinuisse
3071 5153 3376 5224 quominus
3425 5157 3558 5213 Thi-

1936 5242 2330 5308 baritanorum
2370 5249 2508 5303 votis
2546 5248 2909 5315 satisfaceret,
2950 5248 3218 5319 imposita
3254 5252 3561 5307 necessitas

1935 5348 2105 5403 rebus
2135 5344 2386 5401 ecclesiae
2413 5361 2550 5411 sure,
2569 5343 2911 5398 imminente
2940 5344 3347 5413 persecutione,
3373 5346 3555 5416 previ-

1937 5440 2130 5497 dendi.
2162 5440 2307 5495 Nihil
2336 5442 2529 5493 autem
2560 5438 2716 5510 prius
2746 5437 2850 5491 sibi
2895 5436 3222 5491 faciendum
3258 5438 3561 5495 arbitratus

1936 5536 2043 5591 hoc
2076 5532 2478 5589 molestissime
2506 5537 2782 5603 tempore,
2810 5548 2981 5601 quam
3013 5537 3075 5586 ut
3099 5547 3298 5587 omnes
3325 5534 3559 5589 omnino

1938 5628 2143 5685 milites
2185 5627 2390 5683 Christi
2428 5626 2524 5699 qui
2566 5643 2727 5681 arma
2759 5625 3163 5680 desiderabant
3201 5630 3253 5681 et
3298 5628 3559 5698 praelium

1935 5723 2287 5796 ﬂagitabant,
2320 5722 2464 5776 intra
2497 5725 2682 5776 castra
2711 5721 2933 5775 Domini
2958 5719 3290 5790 colligeret;
3320 5721 3563 5776 decrevit

1937 5819 1992 5874 in
2023 5818 2262 5873 concilio
2291 5833 2422 5871 cum
2453 5815 2727 5889 episcopis
2758 5831 2861 5881 xu,
2894 5821 2972 5882 ut,
3004 5816 3342 5869 examinatis
3367 5814 3558 5887 singu-
