4084 6208
524 220 620 287 143

1886 223 2038 290 νιΤΑ
2076 235 2130 289 s.
2171 224 2504 289 cvrntANl.

3780 229 3868 290 144

514 357 705 412 lorum
750 356 956 424 causis,
987 371 1094 427 pax
1136 356 1305 427 lapsis
1351 357 1581 412 daretur
1620 357 1717 429 qui
1755 359 2146 429 panitentiam
2170 357 2533 442 Asororibus
2567 357 2855 428 precetur.
2889 352 3015 410 Hac
3052 351 3344 427 pradictio
3383 373 3501 412 non
3537 356 3721 412 multo
3751 365 3872 430 post

517 468 690 521 agere
731 467 765 504 a
792 451 980 521 primo
1009 450 1101 506 die
1135 466 1248 504 non
1281 450 1636 505 destiterant.
1666 452 1926 523 Episcopi
1961 452 2148 523 lapsus

518 545 821 599 certiorem
856 560 924 598 ea
953 543 1024 597 de
1054 559 1114 597 re
1137 544 1357 598 faciunt
1385 544 1709 600 Cornelium
1744 563 1848 616 per
1867 546 2032 616 epist.
2057 547 2145 612 54,

513 655 690 710 seque
718 638 799 692 ita
830 658 858 688 «
886 643 1081 692 sancto
1105 638 1319 708 Spiritu
1353 645 1703 709 suggerente
1734 661 1761 688 n
1784 640 2042 694 statuisse
2069 639 2148 694 di-

515 737 669 801 cunt,
718 749 782 786 ac
827 733 1168 802 sanguinem
1217 732 1426 787 Christi
1473 733 1540 786 iis
1583 750 1695 787 non
1747 733 2147 805 denegandum

515 826 912 881 demonstrant
954 826 1050 896 qui
1094 843 1259 880 suum
1308 843 1408 896 pro
1451 826 1674 881 Christo
1719 827 1948 882 fusuros
1992 844 2050 881 se
2091 834 2145 881 et

511 920 720 974 acriter
744 925 1097 990 pugnaturos
1120 919 1548 991 promittebant.
1574 919 1812 974 Addunt
1839 937 1959 975 sese
1991 920 2141 974 idem

514 1012 775 1068 Cornelio
828 1034 855 1063 «
911 1017 1162 1084 paterna
1211 1013 1614 1068 misericordia
1667 1015 2142 1086 contemplatione

511 1107 851 1178 placiturum
891 1129 918 1155 »
952 1122 1204 1177 sperare.
1234 1107 1400 1161 Miror
1425 1107 1530 1160 hoc
1574 1107 1873 1162 concilium
1901 1125 1932 1160 a
1976 1110 2140 1162 Pear-

512 1201 672 1256 sonio
714 1201 985 1256 confundi
1027 1217 1154 1254 cum
1191 1218 1256 1256 eo
1301 1202 1448 1272 quod
1491 1200 1682 1256 Idibus
1719 1202 1840 1256 Maii
1881 1201 2140 1256 habitum

513 1300 616 1349 est.
651 1295 789 1348 Nam
833 1299 887 1349 1ο
917 1295 985 1349 de
1015 1295 1186 1348 rebus
1217 1295 1404 1348 Idibus
1429 1295 1556 1349 Maii
1602 1295 1932 1349 deliberatis
1971 1296 2142 1350 nulla

516 1389 588 1444 ad
627 1388 952 1444 Cornelium
993 1388 1195 1458 synodi
1225 1388 1455 1443 nomine
1491 1389 1713 1460 scripta
1744 1395 1874 1443 sunt
1902 1389 2137 1458 littera;

514 1483 748 1554 quippe,
774 1498 904 1536 cum
929 1481 999 1534 de
1025 1481 1269 1548 Privato,
1299 1499 1468 1552 quem
1493 1483 1741 1553 synodus
1770 1500 1882 1538 non
1905 1483 2143 1538 admise-

509 1582 617 1642 rat,
634 1579 753 1630 tum
777 1576 987 1630 nedum
1007 1576 1332 1646 Cyprianus
1352 1575 1424 1630 ad
1441 1576 1761 1632 Cornelium
1785 1593 1887 1631 suo
1909 1577 2139 1631 nomine

509 1670 822 1740 scripserit,
851 1685 981 1722 cum
1023 1670 1260 1723 facultas
1292 1669 1478 1724 oblata
1521 1675 1607 1724 est
1636 1669 1901 1724 Feliciani
1943 1671 2134 1742 acoly-

506 1763 614 1818 thi.
657 1766 717 1817 2°
749 1764 806 1816 In
856 1763 1020 1832 epist.
1055 1766 1142 1829 55,
1173 1779 1239 1816 ex
1286 1779 1396 1834 qua
1434 1763 1736 1818 concilium
1773 1764 1967 1818 Idibus
2013 1763 2136 1820 Maii

507 1856 769 1910 habitum
801 1856 973 1910 fuisse
1019 1856 1310 1924 discimus,
1345 1857 1565 1911 nullum
1610 1861 1795 1912 exstat
1839 1857 2140 1930 vestigium

507 1966 790 2004 concessa
813 1950 986 2020 lapsis
1013 1949 1390 2020 indulgentia
1413 1949 1462 2021 1
1479 1949 1606 2023 42
1629 1952 1720 2005 sed
1748 1952 2140 2007 tantummodo

509 2044 815 2098 necessitas
852 2043 1206 2113 poenitentia
1232 2044 1499 2097 adversus
1545 2045 1954 2099 Felicissimum
1984 2046 2135 2116 ejus-

505 2153 618 2208 que
664 2137 934 2190 satellites
979 2136 1329 2191 defenditur.
1374 2140 1559 2208 Atque
1607 2137 1741 2192 hinc
1787 2141 1945 2209 patet
1991 2139 2139 2193 hanc

504 2231 801 2302 epistolam
841 2232 901 2284 in
931 2230 1187 2284 editione
1222 2231 1526 2286 ()xoniensi
1556 2231 1842 2286 immerito
1883 2233 2138 2304 praponi

504 2323 992 2396 quinquagesima
1015 2330 1252 2395 quarta,
1277 2340 1382 2395 per
1400 2341 1572 2396 quam
1592 2326 1886 2380 Cornelius
1909 2325 1979 2380 de
2002 2343 2136 2382 con-

507 2434 662 2472 cessa
687 2417 856 2488 lapsis
876 2417 1277 2471 communione
1304 2417 1511 2472 certior
1535 2418 1714 2473 factus
1735 2423 1837 2474 est.
1865 2422 1924 2474 3°
1945 2420 2138 2475 Conci-

507 2512 648 2565 lium
670 2511 1069 2582 episc0porum
1100 2527 1212 2579 xu,
1237 2511 1294 2564 in
1328 2528 1441 2582 quo
1465 2512 1636 2582 lapsis
1663 2513 1790 2567 data
1810 2516 2138 2569 communio

505 2609 607 2672 est,
658 2604 900 2658 instante
947 2604 1344 2675 persecutione
1399 2605 1656 2659 habitum
1710 2606 1834 2674 fuit,
1878 2614 1933 2662 et
1975 2608 2135 2662 hoste

503 2702 794 2753 certamen
837 2697 1142 2761 indicente,
1179 2715 1308 2752 cum
1371 2699 1509 2769 lapsi
1551 2716 1708 2753 arma
1747 2700 2140 2756 desiderarent

501 2797 556 2846 et
585 2791 925 2863 ﬂagitarent,
954 2798 1013 2844 ut
1033 2795 1120 2845 est
1145 2791 1203 2844 in
1235 2793 1403 2862 epist.
1429 2795 1517 2860 54,
1537 2809 1710 2864 seque
1735 2813 1764 2843 ‹‹
1785 2794 1853 2848 ad
1879 2811 2135 2866 pugnam

499 2893 724 2956 paratos
768 2902 889 2939 esse
929 2892 988 2939 et
1018 2902 1118 2956 pro
1149 2885 1374 2940 Domini
1419 2886 1506 2940 sui
1538 2887 1774 2941 nomine
1802 2905 1864 2942 ac
1905 2905 2010 2960 pro
2039 2906 2139 2942 sua

502 2979 682 3034 salute
727 2983 874 3033 stare
937 2979 1160 3034 fortiter
1213 2985 1269 3034 et
1314 2996 1576 3051 pugnare
1630 3001 1657 3032 »
1707 2982 2134 3052 proﬁterentur.

2249 451 2309 506 in
2357 451 2620 507 Cornelio
2668 451 2883 506 exitum
2937 451 3133 504 sortita
3182 456 3290 518 est,
3339 451 3436 522 qui
3480 456 3703 522 martyr
3743 452 3870 507 obiit

2248 544 2648 602 Centumcellis
2691 545 2780 600 die
2817 547 2880 600 14
2908 544 3263 615 Septembris
3289 544 3458 614 hujus
3496 546 3626 599 anni
3659 549 3784 613 252,
3816 553 3870 602 ut

2247 640 2401 694 inter
2421 639 2776 694 doctissimos
2793 654 3048 711 quosque
3069 638 3351 692 convenit.
3373 639 3606 693 Interim
3625 641 3870 695 Novatia-

2248 751 2375 802 nus,
2422 737 2482 787 ut
2516 732 2830 804 Cyprianus
2871 732 3154 798 observat,
3185 737 3250 786 ut
3290 748 3394 786 nec
3425 733 3654 786 unitatis
3687 735 3867 788 Eccle-

2247 828 2365 897 sia,
2399 827 2479 882 ita
2519 843 2621 881 nec
2663 826 2784 896 ejus
2824 826 3251 897 triumphorum
3291 825 3590 897 particeps,
3621 827 3868 898 quiesce-

2245 922 2364 989 bat,
2412 937 2517 975 nec
2563 937 2695 975 eum
2745 921 2982 974 omnino
3030 919 3222 990 tetigit
3266 920 3602 991 persecutio.
3653 921 3866 989 Lucius,

2245 1016 2342 1088 qui
2368 1015 2634 1070 Cornelio
2681 1013 2964 1080 successit,
2996 1014 3200 1068 eodem
3235 1013 3361 1067 fere
3388 1019 3643 1084 tempore
3687 1032 3864 1070 sacer-

2244 1109 2387 1164 dotii
2414 1111 2471 1163 et
2498 1108 2680 1164 exsilii
2724 1107 2967 1178 gloriam
2993 1107 3233 1178 adeptus
3262 1111 3381 1176 est;
3415 1106 3512 1162 sed
3552 1109 3722 1178 paulo
3752 1114 3870 1179 post

2243 1207 2556 1268 revocatus,
2587 1207 2808 1272 martyr
2833 1200 2974 1255 obiit
3005 1199 3094 1254 die
3121 1203 3324 1271 quarto
3355 1203 3456 1254 aut
3479 1202 3683 1272 quinto
3714 1218 3866 1256 men-

2243 1297 2318 1350 sis
2338 1296 2522 1351 Martii
2540 1312 2691 1349 anno
2709 1297 2836 1362 253,
2852 1310 2983 1349 cum
3006 1295 3263 1366 quinque
3286 1294 3580 1348 mensibus
3596 1311 3661 1349 ac
3678 1295 3867 1366 paucis

2243 1389 2440 1445 diebus
2485 1389 2829 1461 prafuisset.
2881 1387 3017 1442 Huic
3070 1387 3380 1458 Cyprianus
3430 1404 3559 1442 cum
3604 1389 3863 1443 sacerdo-

2242 1483 2388 1538 tium
2415 1486 2473 1537 et
2497 1482 2912 1537 confessionem
2943 1481 3260 1551 gratulatus
3285 1481 3484 1535 fuisset
3503 1498 3604 1552 per
3630 1482 3863 1550 litteras,

2240 1593 2366 1648 qua
2396 1575 2471 1631 ad
2496 1593 2601 1631 nos
2626 1592 2741 1630 non
2775 1579 3180 1645 pervenerunt,
3209 1575 3453 1630 reditum
3485 1575 3662 1629 etiam
3689 1581 3872 1645 gratu-

2239 1670 2384 1726 latus
2434 1676 2489 1724 et
2527 1685 2630 1740 per
2679 1669 2844 1740 epist.
2882 1672 2948 1725 58
2986 1686 3085 1723 suo
3129 1671 3188 1722 et
3228 1668 3576 1739 collegarum
3619 1670 3868 1724 nomine.

2159 1743 2370 1833 BSed,
2430 1770 2640 1835 prater
2691 1763 2797 1818 hoc
2852 1763 3171 1818 litterarum
3223 1762 3495 1830 ofﬁcium,
3543 1763 3749 1834 quibus
3799 1763 3870 1816 ad

2239 1874 2546 1913 commune
2573 1857 2851 1928 gaudium
2873 1857 3137 1911 Ecclesia
3163 1857 3436 1911 Romana
3459 1873 3624 1910 suum
3649 1872 3872 1928 quoque

2241 1951 2514 2007 accedere
2547 1956 2802 2018 testatur,
2836 1951 2915 2005 ait
2940 1966 2998 2005 se
3026 1967 3140 2004 non
3170 1949 3218 2022 1
3236 1949 3364 2023 43
3393 1967 3612 2005 cessare
3644 1970 3672 1999 ‹‹
3697 1950 3755 2004 in
3781 1967 3872 2004 sa-

2239 2044 2464 2100 criﬁciis
2506 2048 2676 2115 atque
2717 2045 2778 2098 in
2831 2044 3180 2099 orationibus
3231 2045 3342 2098 Deo
3381 2044 3527 2098 Patri
3555 2047 3612 2098 et
3654 2043 3873 2098 Christo

2241 2139 2380 2194 Filio
2425 2139 2548 2210 ejus
2596 2138 2841 2194 Domino
2883 2143 3079 2193 nostro
3134 2138 3348 2208 gratias
3389 2154 3561 2209 agere
3607 2144 3664 2193 et
3706 2154 3872 2193 orare

2239 2234 2454 2305 pariter
2478 2237 2645 2304 atque
2668 2239 2859 2303 petere
2891 2235 2950 2286 ut
2973 2233 3071 2302 qui
3099 2232 3382 2302 perfectus
3403 2238 3488 2286 est
3508 2238 3679 2303 atque
3706 2232 3876 2303 perﬁ-

2239 2329 2398 2382 ciens
2420 2327 2700 2382 custodiat
2721 2332 2778 2381 et
2802 2326 3057 2397 perﬁciat
3081 2325 3155 2394 (in
3184 2325 3352 2380 Lucio
3374 2325 3737 2380 confessionis
3759 2326 3877 2396 glo-

2237 2422 2448 2476 riosam
2476 2420 2788 2488 coronam),
2816 2442 2843 2470 ››
2865 2426 2984 2488 etc;
3009 2422 3067 2474 et
3091 2419 3256 2490 quasi
3281 2419 3614 2490 pravideret
3635 2418 3689 2472 id
3716 2420 3874 2490 quod

2239 2520 2439 2586 postea
2476 2515 2682 2581 evenit,
2717 2514 2951 2567 Lucium
2994 2513 3205 2567 idcirco
3231 2518 3554 2568 revocatum
3592 2512 3762 2566 fuisse
3798 2513 3875 2566 ab

2237 2609 2433 2664 exsilio
2475 2608 2813 2678 suspicatur,
2843 2613 2907 2661 ut
2943 2606 3000 2660 in
3044 2607 3221 2661 oculis
3255 2607 3504 2661 ecclesia
3543 2623 3660 2660 sua
3695 2607 3874 2660 vitam

2238 2720 2344 2774 pro
2372 2703 2596 2758 Christo
2623 2701 3015 2773 profunderet.
3050 2702 3290 2755 Decreta
3327 2700 3575 2756 Cornelii
3605 2700 3673 2755 de
3695 2700 3874 2771 lapsis

2237 2797 2472 2852 Lucium
2507 2795 2874 2850 conﬁrmasse
2915 2795 3183 2849 discimus
3209 2811 3274 2848 ex
3303 2794 3606 2865 Cypriane,
3637 2794 3735 2864 qui
3763 2795 3878 2848 Lu-

2235 2891 2390 2945 cium
2423 2896 2480 2944 et
2504 2889 2829 2946 Cornelium
2858 2888 3056 2942 beatos
3085 2893 3368 2958 martyres
3396 2887 3660 2957 appellat,
3689 2904 3876 2958 seque

2240 3001 2441 3040 eorum
2465 2983 2800 3038 memoriam
2825 2981 3108 3036 honorare
3136 2980 3292 3046 dicit,
3309 2997 3372 3034 ac
3394 2981 3514 3034 illos
3531 2980 3738 3051 Spiritu
3764 2981 3872 3036 Dei

501 3073 887 3138 Quamobrem
925 3073 1031 3126 hoc
1066 3074 1362 3127 consilium
1405 3074 1597 3128 statim
1636 3075 1904 3146 subsequi
1940 3076 2138 3132 debuit
2155 3107 2210 3182 Ο
2238 3079 2459 3150 plenos,
2488 3080 2542 3130 et
2581 3079 2640 3130 in
2671 3075 2914 3148 glorioso
2943 3075 3222 3144 martyrio
3255 3073 3591 3128 constitutos
3617 3073 3869 3129 dandam

499 3168 749 3225 Cornelii
778 3166 1078 3233 confessio,
1111 3167 1207 3238 qui
1247 3166 1466 3236 primus
1502 3169 1698 3222 Roma
1723 3170 2010 3224 confessus
2029 3177 2130 3224 est.

505 3261 618 3316 Sed
637 3277 671 3314 a
687 3261 918 3314 consilio
936 3261 1124 3314 ldibus
1141 3259 1264 3313 Maii
1281 3260 1476 3314 habito
1498 3262 1673 3316 multo
1692 3261 2136 3319 intercesserunt

504 3370 683 3424 usque
713 3355 782 3408 ad
809 3353 1263 3425 persecutionem
1312 3357 1364 3407 et
1397 3355 1642 3409 Cornelii
1675 3356 2085 3411 confessionem
2118 3377 2130 3412 :

504 3448 794 3503 Fortunati
834 3447 1138 3517 ordinatio,
1179 3448 1354 3502 missa
1392 3449 1463 3502 ab
1507 3466 1574 3503 eo
1617 3451 1853 3504 Romam
1897 3451 2130 3522 legatio,

505 3543 747 3600 Cornelii
764 3543 830 3596 ad
853 3541 1193 3614 Cyprianum
1213 3542 1416 3596 littera
1440 3559 1503 3596 ac
1539 3543 1804 3614 Cypriani
1823 3545 2130 3615 responsio.

503 3671 672 3725 XXVI.
701 3699 769 3709 —
805 3669 862 3723 S.
895 3667 1140 3723 Cornelio
1181 3670 1497 3738 gratulatur
1531 3673 1878 3738 confessionis
1919 3672 2134 3726 laudem

574 3751 632 3806 S.
680 3749 1006 3819 Cyprianus.
1052 3779 1121 3788 —
1168 3751 1501 3816 Con/asseres
1547 3750 1997 3820 Carthaginenses
2041 3768 2128 3806 co-

578 3832 827 3884 hortatur
871 3844 968 3900 per
1009 3830 1164 3899 epist.
1207 3831 1295 3898 81,
1337 3847 1499 3900 quam
1539 3833 1598 3885 in
1641 3833 1741 3885 hac
1775 3835 2134 3902 persecutione

575 3913 831 3980 scriptam
859 3911 1029 3976 fuisse
1049 3909 1355 3963 ostenditur
1378 3926 1524 3964 anno
1553 3913 1677 3965 252.

577 4014 729 4067 Vana
755 4029 869 4066 non
900 4011 1010 4066 fuit
1036 4011 1298 4082 Cypriani
1319 4012 1614 4082 pradictio
1642 4014 1849 4068 futura
1878 4032 2133 4086 persecu-

504 4107 694 4174 tionis,
723 4122 831 4161 nec
857 4106 1126 4160 adhibita
1165 4105 1236 4159 ab
1264 4122 1332 4160 eo
1361 4106 1651 4161 cautiones
1687 4109 1758 4162 ad
1782 4108 2131 4165 Christianos

505 4200 956 4256 corroborandos
985 4205 1178 4270 optato
1211 4199 1363 4254 exitu
1385 4205 1710 4255 caruerunt.
1744 4203 1940 4257 Roma
1959 4205 2132 4273 prosi-

503 4296 604 4350 luit
638 4294 997 4350 adversarius
1032 4300 1248 4347 terrore
1277 4293 1523 4348 violento
1547 4295 1752 4349 Christi
1793 4303 1975 4351 castra
2005 4301 2128 4352 tur-

504 4388 642 4444 bare
675 4405 686 4441 :
719 4387 817 4440 sed
852 4386 1028 4442 virtus
1063 4386 1173 4440 illic
1205 4387 1583 4457 pracedentis
1621 4389 1871 4460 episcopi
1909 4391 2130 4462 publice

2235 3189 2355 3228 esse
2376 3188 2578 3243 pacem
2600 3171 2769 3242 lapsis
2799 3169 3108 3238 censuisse,
3133 3172 3189 3223 et
3215 3167 3546 3238 paenitentia
3572 3175 3693 3222 acta
3714 3168 3876 3223 fruc-

2235 3272 2356 3322 tum
2397 3263 2921 3320 communicationis
2960 3269 3016 3317 et
3043 3263 3196 3332 pacis
3222 3262 3555 3332 negandum
3583 3279 3700 3316 non
3741 3279 3875 3318 esse

2237 3359 2443 3415 litteris
2472 3359 2588 3413 suis
2615 3358 2858 3428 signasse
2889 3360 3126 3411 testatur
3151 3355 3335 3427 (epist.
3365 3358 3472 3426 67).

2305 3453 2577 3516 Quamvis
2591 3450 3024 3521 erumpentibus
3051 3448 3463 3520 persecutionis
3481 3448 3736 3503 scintillis
3757 3466 3872 3519 po-

2234 3547 2478 3601 stulatus
2503 3545 2679 3600 fuerit
2703 3545 2772 3599 ad
2802 3544 3025 3598 leonem
3053 3543 3390 3614 Cyprianus,
3411 3559 3526 3598 non
3559 3547 3747 3597 tamen
3783 3559 3880 3596 se-

2234 3640 2416 3709 cessit,
2467 3643 2530 3694 ut
2575 3639 2633 3693 in
2685 3637 3078 3709 persecutione
3121 3637 3224 3691 sub
3275 3637 3462 3705 Decio,
3512 3653 3615 3691 nec
3667 3635 3881 3707 pulsus

2233 3741 2330 3790 aut
2374 3733 2720 3806 proscriptus
2767 3733 2895 3787 fuit.
2931 3731 3154 3786 Primus
3194 3731 3537 3800 Carthagine
3581 3731 3881 3801 impetum

2230 3827 2560 3884 ferocientis
2607 3826 2803 3898 populi
2833 3825 3120 3892 sustinuit,
3153 3828 3214 3879 ut
3241 3822 3432 3879 videre
3476 3829 3562 3879 est
3590 3824 3649 3878 in
3691 3823 3876 3895 epist.

2231 3927 2326 3989 81,
2373 3921 2657 3993 gloriosus
2700 3899 2872 3975 senex
2915 3919 3263 3990 Rogatianus
3302 3918 3620 3990 presbyter,
3662 3917 3762 3989 qui
3803 3918 3879 3973 in

2230 4017 2631 4090 persecutione
2678 4014 2830 4069 Decii
2879 4014 3171 4068 confessus
3207 4014 3406 4079 fuerat,
3451 4016 3526 4080 et,
3557 4029 3587 4067 e
3631 4028 3880 4068 carcere

2231 4112 2470 4177 solutus,
2509 4109 2729 4164 duobus
2777 4107 3060 4178 episcopis
3102 4112 3159 4162 et
3197 4107 3494 4162 Numidico
3534 4105 3883 4178 presbytero

2228 4206 2288 4259 in
2327 4203 2585 4275 regenda
2624 4202 2859 4257 ecclesia
2883 4201 3319 4272 Carthaginensi
3357 4201 3657 4272 adjunctus
3687 4217 3719 4255 a
3764 4202 3877 4272 Cy~

2229 4299 2433 4370 priano
2464 4298 2672 4352 fuerat.
2706 4298 2754 4350 Is
2793 4312 2924 4350 cum
2956 4294 3176 4367 primus
3202 4296 3260 4350 in
3296 4296 3398 4350 hac
3425 4295 3567 4351 Galli
3601 4300 3657 4349 et
3689 4295 3882 4350 Volu-

2229 4392 2374 4448 siani
2424 4391 2819 4463 persecutione
2873 4389 3159 4460 conjectus
3205 4389 3261 4444 in
3311 4405 3601 4444 carcerem
3658 4389 3888 4445 fuisset

505 4482 871 4553 comprobata
905 4486 1028 4550 .cst,
1071 4497 1134 4534 ac
1183 4480 1610 4550 quodammodo
1655 4483 1887 4537 ecclesia
1942 4481 2205 4553 omnisD
2230 4503 2358 4542 cum
2394 4486 2758 4552 Felicissimo,
2786 4500 2958 4555 quem
3001 4483 3318 4555 Cyprianus
3347 4483 3604 4554 quietum
3630 4499 3888 4554 semper

500 4577 759 4630 Romana
785 4574 1036 4629 confessa
1077 4579 1162 4627 est
1193 4595 1203 4626 :
1233 4575 1300 4629 ad
1341 4589 1590 4646 pugnam
1621 4592 1739 4630 non
1778 4576 1987 4648 singuli
2017 4579 2126 4632 mi-

501 4670 653 4737 lites,
695 4670 793 4724 sed
834 4675 950 4722 tota
995 4672 1178 4722 castra
1226 4669 1580 4739 prodierunt,
1622 4671 1865 4725 accurrit
1915 4687 2122 4743 prope-

503 4770 696 4818 ranter
733 4770 788 4818 et
817 4763 972 4817 venit
1010 4761 1266 4833 quisquis
1293 4763 1526 4817 audivit.
1556 4764 1791 4819 Plurimi
1817 4781 1881 4820 ex
1907 4764 1994 4819 his
2027 4766 2123 4836 qui

500 4857 604 4912 sub
642 4857 811 4912 Decio
841 4857 981 4928 lapsi
1019 4857 1264 4926 fuerant,
1295 4857 1543 4928 gloriosa
1571 4858 1922 4914 confessione
1960 4860 2122 4914 resti-

499 4952 610 5007 tuti
643 4957 795 5019 sunt,
822 4952 943 5016 ipso
975 4951 1172 5007 dolore
1208 4951 1557 5023 paenitentia
1587 4953 1714 5007 facti
1753 4953 1822 5007 ad
1859 4954 2122 5025 pralinm

495 5047 782 5115 fortiores,
805 5047 881 5100 ita
909 5049 975 5100 ut
997 5051 1299 5118 appareret
1325 5061 1419 5100 eos
1437 5046 1494 5100 in
1526 5046 1709 5117 prima
1728 5048 2120 5118 persecutione

495 5157 654 5196 nova
686 5147 858 5212 atque
885 5140 1122 5194 insueta
1158 5139 1236 5193 rei
1263 5155 1472 5210 pavore
1501 5140 1977 5211 trepidasse.Hac
2005 5141 2116 5196 dis-

499 5237 682 5290 cimus
713 5252 777 5290 ex
825 5234 993 5305 epist.
1031 5238 1095 5288 57
1129 5233 1414 5305 Cypriani,
1449 5234 1508 5287 in
1535 5251 1647 5305 qua
1685 5236 1943 5291 Cornelio
1969 5237 2116 5294 Cen-

497 5329 780 5385 tumcellis
809 5329 1085 5383 exsulanti
1119 5328 1356 5399 gloriam
1386 5328 1750 5383 confessionis
1775 5331 2116 5400 gratulatur,

497 5428 555 5478 et
602 5440 731 5478 cum
781 5439 848 5477 eo
883 5425 1265 5477 communicat
1311 5423 1461 5494 quod
1495 5423 1856 5493 providentia
1896 5426 2118 5480 Domini

493 5517 774 5572 monentis
818 5517 1123 5571 instructus
1172 5522 1531 5587 cognoverat,
1577 5538 1604 5566 «
1654 5518 2115 5590 appropinquare

485 5611 606 5682 jam
662 5611 986 5666 certaminis
1037 5614 1092 5666 et
1138 5611 1338 5681 agonis
1380 5609 1560 5665 nostri
1605 5610 1779 5680 diem,
1830 5633 1857 5661 »
1907 5612 2113 5684 inquit.

492 5706 678 5776 Rogat
719 5705 964 5776 denique
1009 5709 1070 5760 ut
1147 5708 1272 5760 uter
1325 5703 1398 5759 ad
1441 5704 1740 5760 Dominum
1794 5705 1952 5776 prior
2005 5706 2112 5760 mi-

490 5800 761 5875 graverit,
817 5799 990 5856 Deum
1052 5817 1154 5873 pro
1214 5800 1393 5854 altero
1457 5802 1514 5853 et
1563 5815 1668 5873 pro
1731 5799 1997 5855 fratribus
2051 5817 2114 5856 ac

2228 4587 2285 4636 et
2311 4580 2564 4634 sobrium
2592 4580 2827 4634 fratrem
2858 4577 3130 4649 appellat,
3160 4594 3289 4632 cum
3326 4577 3526 4632 eodem
3555 4579 3888 4631 coronatus

2227 4679 2329 4731 est.
2375 4676 2621 4728 Cateros
2662 4672 3014 4727 confessores
3053 4671 3111 4725 in
3163 4687 3387 4725 carcere
3431 4670 3674 4725 inclusos
3724 4671 3884 4725 hor-

2225 4773 2380 4824 tatur
2415 4767 2726 4840 Cyprianus
2761 4766 2838 4835 (in
2866 4765 3027 4836 epist.
3063 4767 3170 4834 8t),
3203 4768 3266 4818 ut
3304 4764 3690 4834 Rogatianum
3721 4765 3886 4820 imi-

2223 4865 2434 4929 tentur,
2467 4877 2637 4933 seque
2670 4859 2977 4915 Dominum
3005 4857 3226 4913 assidue
3253 4859 3470 4930 precari
3502 4858 3581 4912 ait
3609 4860 3670 4911 ut
3695 4873 3883 4913 eam-

2225 4956 2355 5011 dem
2384 4971 2448 5009 ac
2474 4955 2568 5009 ille
2599 4970 2868 5009 coronam
2896 4957 3295 5024 assequantur.
3326 4954 3481 5008 Inter
3506 4952 3607 5006 hos
3637 4951 3892 5008 confes-

2221 5065 2377 5104 sores
2413 5048 2706 5104 enitebant
2741 5046 2901 5118 pueri
2929 5050 2986 5102 et
3020 5047 3273 5114 femina,
3304 5045 3358 5100 id
3399 5046 3547 5117 quod
3587 5045 3761 5100 etiam
3801 5047 3892 5102 in

2221 5143 2620 5214 persecutione
2664 5142 2814 5197 Decii
2837 5141 3141 5212 contigisse
3188 5140 3561 5212 perspicimus
3591 5156 3656 5194 ex
3705 5139 3890 5195 libro

2219 5239 2286 5293 de
2323 5239 2519 5308 Lapsis
2562 5239 2640 5309 (p.
2677 5237 2822 5305 181),
2856 5242 2913 5291 et
2948 5236 3004 5289 in
3043 5234 3434 5306 persecutione
3475 5234 3750 5289 Valeriani
3791 5250 3893 5292 ex

2221 5331 2388 5403 epist.
2422 5335 2508 5386 77.
2552 5331 2822 5385 Eamdem
2869 5329 3236 5385 confessionis
3280 5329 3504 5383 laudem
3544 5328 3759 5398 adepti,
3800 5334 3900 5385 ut.

2219 5426 2402 5496 capite
2447 5425 2513 5480 24
2555 5424 2994 5490 observavimus,
3023 5423 3122 5495 qui
3163 5423 3267 5478 sub
3313 5421 3481 5477 Decio
3531 5421 3676 5492 lapsi
3723 5421 3892 5476 fue—

2218 5523 2366 5574 rant.
2397 5519 2554 5583 Quod
2581 5519 2813 5591 quidem
2841 5519 2912 5574 de
2944 5519 3204 5591 plurimis
3237 5516 3478 5587 intelligi
3515 5515 3706 5583 debet,
3736 5533 3901 5574 non

2216 5617 2408 5669 tamen
2454 5613 2523 5669 de
2556 5612 2862 5681 omnibus;
2890 5629 3021 5668 nam
3067 5618 3266 5667 auctor
3303 5609 3434 5665 libri
3477 5610 3552 5665 ad
3581 5612 3896 5667 Novatia-

2214 5723 2367 5775 num,
2411 5707 2549 5762 alios
2599 5724 2668 5762 ex
2722 5723 2920 5762 eorum
2977 5721 3221 5761 numero
3266 5704 3456 5759 adhuc
3499 5702 3904 5775 poenitentia:

2216 5801 2475 5858 addictos
2501 5805 2947 5858 commemorat.
2980 5799 3088 5856 Sed
3119 5800 3251 5873 quia
3281 5798 3448 5878 epist.
3473 5799 3531 5853 81
3569 5796 3665 5853 alii
3698 5797 3793 5854 Val
3807 5815 3906 5858 e-
