4084 6208
222 296 303 349 HS
1374 270 1385 275 “
1574 287 1726 343 VITA
1763 287 1818 341 s.
1864 286 2197 343 CYPRIANI.

3469 285 3566 341 146

215 420 362 487 riani,
415 418 509 473 alii
559 416 703 472 Decii
760 415 1141 489 persecutioni
1194 414 1506 481 ascribunt,
1539 431 1825 486 exponen-
1847 438 1905 511 Α
1927 429 2059 467 eum
2092 414 2437 483 argumento
2470 415 2556 467 est
2585 413 2656 466 ad
2687 410 2928 483 gloriam
2961 412 3306 483 pervenisse.
3338 416 3570 471 Confes-

214 517 329 571 dum
376 514 537 568 nobis
577 516 659 567 est
698 511 772 566 ad
814 512 958 565 hanc
1005 512 1191 581 potius
1235 511 1338 564 sub
1386 510 1539 565 Gallo
1571 516 1627 565 et
1654 510 1821 563 Volu-

211 611 349 664 siano
378 607 836 679 persecutionem
862 604 1166 659 referenda
1196 604 1473 659 videatur.

270 705 419 757 Hanc
439 702 738 772 epistolam
758 700 1041 754 Pamelius
1060 704 1115 752 et
1139 698 1405 752 Baronius
1434 700 1585 753 inter
1616 702 1829 770 postre-

209 815 311 852 mas
342 795 615 867 Cypriani
656 800 985 862 numerant,
1022 798 1079 848 et
1116 794 1173 848 in
1220 793 1617 866 persecutione
1660 793 1826 847 Vale-

208 892 331 946 riani
365 890 641 961 scriptam
668 893 890 958 putant.
922 889 1031 942 Hac
1072 888 1431 959 potissimum
1460 887 1681 941 ratione
1717 887 1825 941 du-

206 989 416 1049 cuntur,
467 983 616 1054 quod
670 982 1021 1052 Rogatianus
1066 981 1364 1053 presbyter
1412 985 1467 1035 et
1517 980 1828 1047 confessor,

210 1094 359 1149 quem
414 1079 540 1147 post
585 1076 735 1130 Decii
790 1075 1245 1146 persecutionem
1296 1074 1640 1145 superfuisse
1692 1091 1825 1128 con-

207 1176 319 1239 stat,
358 1171 423 1224 in
474 1172 577 1225 hac
617 1170 784 1241 epist.
829 1172 886 1224 81
938 1168 1109 1223 vitam
1140 1185 1239 1239 pro
1270 1168 1489 1224 Christo
1535 1185 1663 1222 cum
1696 1168 1831 1223 Feli-

208 1266 423 1319 cissimo
458 1264 679 1319 dicatur
711 1263 1046 1333 profudisse.
1072 1265 1254 1334 Atque
1276 1264 1335 1317 id
1361 1262 1591 1335 quidem
1623 1262 1831 1316 tabulis

208 1359 586 1414 ecclesiasticis
632 1364 1080 1412 consentaneum
1121 1363 1223 1425 est,
1253 1358 1313 1411 in
1362 1357 1590 1428 quibus,
1644 1356 1833 1428 inquit

209 1454 489 1521 Baronius,
523 1452 825 1523 Rogatiani
854 1454 909 1507 et
936 1451 1276 1506 Felicissimo
1310 1473 1337 1500 «
1371 1468 1487 1506 una
1513 1451 1605 1505 die
1642 1467 1829 1521 passo-

210 1562 318 1602 rum
351 1546 558 1601 natalis
596 1546 918 1601 solemuitas
953 1545 1287 1616 consignata
1330 1551 1414 1600 est
1458 1562 1529 1598 vn
1574 1545 1688 1599 Kal.
1723 1545 1828 1598 No-

204 1642 463 1694 vembris.
507 1663 536 1691 »
580 1642 783 1695 Contra
824 1640 1159 1695 Pearsonius
1204 1640 1354 1694 hanc
1396 1640 1689 1710 epistolam
1729 1638 1831 1692 sub

207 1735 360 1789 Decio
393 1734 662 1805 scriptam
695 1751 816 1788 esse
857 1734 1166 1803 contendit,
1207 1750 1338 1788 cum
1372 1734 1572 1788 lateret
1598 1733 1830 1803 Cypria-

1933 523 2085 561 sores
2130 507 2328 561 laudat
2377 506 2531 577 quod
2577 506 2766 560 futura
2810 510 3028 561 tantum
3080 508 3351 577 cogitent,
3400 515 3464 563 ut
3507 510 3576 564 ad

1932 601 2286 672 complexum
2340 600 2563 653 Domini
2622 600 2983 671 perveniant,
3037 606 3096 654 ut
3147 605 3459 671 sequantur
3517 604 3573 657 in

1934 694 2203 750 omnibus
2246 694 2656 765 Rogatianum,
2704 711 2875 764 quem
2919 694 3042 763 jam
3080 695 3137 748 in
3179 695 3370 750 multis
3408 696 3580 751 rebus

1932 788 2148 842 imitati
2186 789 2429 841 fuerant.
2471 790 2597 842 Jam
2633 804 2770 857 ergo
2808 791 3149 858 pervenerat
3188 789 3260 842 ad
3299 806 3572 861 conspec-

1935 886 2058 936 tum
2117 881 2336 936 Domini
2396 881 2742 951 Rogatianus
2800 880 3083 952 Siquidem
3142 883 3440 952 pervenire
3500 884 3572 938 ad

1935 980 2307 1046 conspectum
2354 975 2578 1029 Domini
2624 976 2773 1029 idem
2831 980 2917 1029 est
2972 992 3036 1029 ac
3084 976 3464 1046 Rogatianum
3514 978 3573 1030 in

1933 1070 2199 1123 omnibus
2234 1069 2412 1139 sequi.
2455 1062 2751 1122 Paraverat
2789 1069 2901 1122 illis
2931 1069 3285 1139 Rogatianus
3322 1070 3574 1140 primum

1933 1162 2241 1233 hospitium
2273 1163 2329 1216 in
2361 1179 2610 1216 carcere.
2655 1162 2758 1217 Ubi
2799 1162 3111 1217 secundum
3159 1164 3418 1233 parabat,
3468 1164 3575 1218 nisi

1932 1257 1992 1310 in
2040 1258 2197 1325 caelo,
2244 1257 2583 1310 antecedens
2625 1272 2717 1310 eos
2764 1256 2939 1310 veluti
2992 1260 3242 1311 metator
3290 1257 3570 1328 quidam?

1937 1350 2186 1421 Denique
2216 1350 2395 1403 Deum
2424 1355 2686 1420 precatur
2717 1349 3035 1421 Cyprianus
3062 1356 3127 1404 ut
3152 1350 3206 1403 id
3240 1349 3296 1403 in
3328 1367 3443 1422 quo
3478 1368 3575 1405 an-

1933 1444 2231 1498 tecedebat
2260 1460 2355 1497 eos
2390 1444 2757 1514 Rogatianus,
2790 1444 2848 1497 in
2892 1444 3027 1514 ipsis
3064 1448 3494 1499 consummetur
3520 1451 3582 1500 et

1934 1538 2005 1592 ad
2036 1554 2304 1592 coronam
2330 1538 2681 1608 perveniant.
2706 1538 2998 1608 Ergojam
3022 1538 3089 1592 ad
3122 1538 3268 1592 hanc
3298 1555 3572 1593 coronam

1933 1631 2285 1703 Rogatianus
2331 1634 2690 1703 pervenerat,
2719 1648 2887 1703 quam
2927 1647 3056 1685 cum
3098 1632 3156 1685 in
3196 1631 3350 1685 Decii
3380 1649 3572 1703 perse-

1935 1726 2163 1781 cutione
2191 1726 2429 1796 adeptus
2458 1741 2573 1779 non
2605 1726 2697 1792 sit,
2727 1725 2825 1779 sed
2856 1730 2986 1779 ante
3013 1741 3042 1778 e
3071 1740 3291 1780 carcere
3314 1742 3576 1797 egressus

204 1846 313 1895 nus,
343 1827 525 1899 idque
562 1828 763 1898 probat
796 1844 859 1882 ex
892 1827 1090 1898 primis
1128 1828 1376 1898 epistolae
1412 1827 1596 1881 verbis
1627 1844 1640 1881 :
1678 1849 1703 1875 ‹‹
1739 1827 1834 1882 Sa-
1855 1810 1909 1881 Β
1935 1819 2005 1873 Sit
2036 1835 2212 1890 quam
2243 1819 2555 1889 Cyprianus
2587 1834 2615 1872 θ
2644 1835 2743 1871 ⁵υο
2779 1834 3021 1885 εθεθδευ»
3053 1834 3282 1873 necesse
3311 1822 3398 1872 est
3424 1820 3573 1874 hanc

199 1923 304 1977 luto
358 1939 494 1988 vos,
547 1922 750 1976 fratres
800 1921 1139 1990 cbarissimi,
1171 1927 1375 1992 optans
1428 1922 1548 1993 ipse
1600 1938 1828 1993 quoque

198 2023 489 2087 conspectu
520 2022 703 2070 vestro
732 2016 863 2083 frui,
909 2015 952 2068 si
992 2032 1081 2069 me
1121 2015 1190 2069 ad
1230 2031 1328 2069 vos
1375 2015 1670 2085 pervenire
1722 2015 1828 2069 loci

195 2110 429 2163 conditio
456 2110 838 2181 permitteret,
864 2132 890 2157 υ
933 2114 1123 2163 autem
1157 2109 1309 2179 loqui
1344 2108 1487 2163 solet
1517 2108 1829 2179 Cyprianus

195 2220 219 2257 e
246 2221 343 2257 suo
374 2220 624 2271 secessu,
660 2206 721 2256 ut
755 2204 812 2256 in
850 2201 1040 2275 144
1085 2203 1249 2273 epist.
1281 2208 1310 2257 ὅ
1342 2219 1353 2256 :
1393 2224 1415 2251 α
1464 2204 1528 2257 Et
1557 2202 1829 2272 quoniam

194 2297 321 2350 mihi
367 2297 649 2351 interesse
690 2313 846 2349 nunc
882 2313 996 2351 non
1033 2297 1310 2367 permittit
1342 2297 1448 2351 loci
1487 2296 1764 2363 conditio;
1798 2318 1823 2343 ››

193 2396 241 2445 et
274 2391 328 2445 in
365 2392 539 2462 epist.
579 2394 645 2447 37
689 2391 761 2445 ad
800 2391 1063 2445 eumdem
1107 2391 1323 2446 clerum
1356 2408 1371 2449 :
1404 2412 1429 2439 ›)
1461 2391 1683 2446 Utinam
1720 2390 1829 2445 loci

195 2490 243 2538 et
284 2485 500 2555 gradus
549 2486 663 2538 mei
708 2485 953 2539 conditio
1008 2485 1363 2556 permitteret
1411 2488 1470 2539 ut
1511 2485 1633 2555 ipse
1679 2500 1828 2539 nunc

196 2595 439 2649 praesens
471 2594 598 2632 esse
628 2578 879 2649 possem!
910 2600 936 2627 ››
971 2580 1127 2633 Unde
1168 2578 1456 2633 concludit
1491 2578 1827 2632 Pearsonius

198 2672 275 2725 his
303 2672 495 2727 verbis
532 2690 642 2725 non
676 2672 939 2727 exsilium
972 2672 1233 2743 Cypriani
1263 2673 1346 2726 sui
1379 2673 1692 2740 Valeriano,
1726 2673 1825 2726 sed

193 2765 333 2819 illius
378 2766 487 2820 sub
540 2766 705 2821 Decio
747 2783 1026 2821 secessum
1067 2766 1345 2821 denotari.
1389 2767 1596 2821 Locum
1634 2773 1824 2821 autem

194 2876 248 2912 ex
274 2877 385 2930 quo
430 2865 728 2914 mortuum
776 2860 1155 2930 Rogatianum
1197 2860 1366 2914 fuisse
1411 2860 1718 2929 judicatur,
1765 2862 1823 2915 in

192 2952 358 3007 aliam
410 2971 650 3025 prorsus
694 2954 1031 3009 sententiam
1084 2954 1474 3025 accipiendum
1523 2971 1641 3009 esse
1685 2955 1824 3008 exis-

188 3046 363 3113 timat,
413 3065 479 3101 ac
528 3064 785 3102 errorem
834 3048 891 3101 in
938 3047 1156 3102 tabulas
1206 3048 1605 3102 ecclesiasticas
1650 3049 1822 3120 irrep-

1935 1912 2239 1983 epistolam
2291 1913 2362 1966 ad
2409 1912 2559 1965 aliud
2612 1915 2839 1983 tempus
2887 1911 3109 1966 referri.
3157 1911 3368 1966 Nititur
3409 1913 3572 1967 Tille~

1930 2008 2181 2060 montius
2231 2005 2317 2060 his
2371 2005 2573 2074 verbis,
2620 2027 2646 2053 ‹‹
2687 2005 2833 2059 viam
2884 2003 3209 2073 facientem,
3249 2022 3349 2059 vos
3404 2009 3570 2060 ante-

1933 2100 2098 2166 cedit,
2131 2122 2157 2148 «
2190 2105 2252 2152 ut
2280 2099 2661 2169 Rogatianum
2690 2098 2893 2169 probet
2918 2114 3031 2152 non
3062 2097 3268 2152 obiisse
3298 2115 3424 2153 cum
3452 2100 3575 2153 lucc

1930 2194 2171 2265 epistola
2216 2192 2577 2246 scriberetur.
2620 2196 2693 2246 At
2738 2192 2864 2263 quis
2908 2193 3087 2246 nescit
3126 2193 3337 2263 lingua:
3381 2194 3573 2247 latina!

1935 2287 2292 2342 sterilitatem
2332 2303 2481 2357 saepe
2530 2302 2729 2357 cogere
2770 2291 2833 2340 ut
2878 2286 3157 2357 ejusmodi
3203 2304 3367 2341 voces
3405 2304 3571 2341 usur-

1930 2383 2180 2453 pentur?
2223 2383 2490 2452 Martyres
2535 2381 2589 2434 in
2636 2380 2802 2451 epist.
2846 2383 2915 2435 78
2960 2382 3191 2435 laudant
3230 2381 3572 2451 Cyprianum

1934 2475 2127 2548 145
2178 2476 2350 2546 quod,
2395 2491 2524 2529 cum
2567 2475 2783 2545 primus
2816 2475 3122 2530 confitendi
3153 2475 3381 2546 signum
3417 2480 3573 2530 extu-

1928 2570 2081 2639 lerit,
2122 2569 2300 2640 ipsius
2329 2568 2516 2622 anima
2547 2590 2574 2617 «
2605 2585 2718 2622 non
2754 2571 2974 2623 tantum
3012 2572 3332 2640 martyrum
3372 2570 3440 2624 de
3466 2588 3568 2624 sre-

1928 2664 2053 2717 culo
2099 2662 2223 2733 jam
2281 2662 2676 2717 excedentium
2718 2663 2863 2716 socia
2902 2678 3021 2716 esse
3064 2664 3316 2733 coeperit,
3362 2663 3459 2717 sed
3513 2667 3573 2718 et

1924 2773 2053 2811 cum
2091 2756 2300 2811 futuris
2349 2756 2635 2810 caelestem
2679 2756 2987 2811 amicitiam
3020 2779 3047 2806 »
3078 2757 3444 2827 copulaverit.
3482 2757 3569 2814 Si-

1924 2850 2045 2904 mili
2070 2867 2298 2922 prorsus
2331 2850 2501 2905 modo
2556 2850 2913 2905 confessores
2942 2851 3199 2904 hortatur
3230 2852 3566 2922 Cyprianus,

1934 2945 1994 2998 in
2039 2945 2205 3016 epist.
2247 2948 2300 3013 9,
2344 2950 2406 2998 ut
2442 2944 2817 3014 Mappalicum
2872 2948 3181 3015 martyrem
3232 2949 3564 3016 sequantur.

1925 3059 1951 3090 α
2008 3041 2179 3093 Istum
2227 3055 2377 3093 nunc
2423 3037 2821 3092 beatissimum
2869 3042 3197 3109 martyrem,
3245 3039 3452 3111 inquit,
3502 3045 3558 3095 et

185 3141 332 3210 sisse,
364 3142 511 3195 dum
544 3141 777 3209 Bedam,
811 3142 905 3213 qui
940 3142 1040 3196 has
1068 3142 1333 3213 Cypriani
1366 3143 1583 3197 litteras
1610 3143 1817 3212 laudat,
1843 3183 1897 3257 Ο
1922 3133 2063 3187 alios
2112 3132 2418 3203 participes
2463 3131 2719 3202 ejusdem
2768 3133 3178 3203 congressionis
3223 3137 3279 3187 et
3318 3133 3559 3188 comites

191 3240 230 3257 ..ι
262 3252 319 3257 -_
358 3236 469 3257 :n:-
523 3235 677 3257 .l---l
713 3235 1086 3257 h-_-12---_--
1133 3242 1175 3257 -x
1212 3236 1613 3257 n.1:-:_-:____-_
1669 3254 1789 3257 ----
1928 3227 1981 3257 ἐπ
2025 3225 2136 3257 (ξι-1η
2181 3226 2407 3257 οιηιπηω,
2464 3226 2519 3257 ἔνι
2566 3226 2760 3257 Ᾱηιηηη
2797 3224 3077 3257 “alin-alma
3146 3227 3201 3257 ἶ..
3248 3228 3559 3257 ηηηηιέηηη

186 3240 230 3287 et
258 3252 319 3288 ex
358 3236 473 3289 illis
517 3235 685 3289 docet
713 3235 1091 3306 Rogatianum
1126 3242 1181 3290 et
1212 3236 1621 3293 Felicissimum
1666 3254 1819 3292 mar-

182 3329 319 3398 tyrio
351 3334 668 3384 coronatos
697 3346 837 3397 esse,
863 3330 1175 3397 Usuardus,
1203 3330 1320 3386 Αὰο
1344 3333 1401 3384 et
1430 3330 1523 3387 alii
1552 3331 1671 3387 sine
1700 3348 1826 3386 exa-

186 3423 327 3478 mine
355 3429 707 3495 sequuntur.

249 3517 554 3571 Pearsonii
588 3517 872 3571 sententia
915 3516 1128 3571 arridet
1168 3517 1552 3587 Tillemontio;
1597 3519 1695 3573 sed
1738 3524 1821 3574 ta-

186 3626 309 3664 men
336 3612 546 3665 multis
585 3611 749 3664 rebus
788 3610 1128 3681 perspicitur
1170 3611 1316 3666 hanc
1363 3611 1660 3684 epistolam
1708 3630 1821 3667 non

176 3704 229 3757 in
268 3722 501 3759 secessu
532 3704 798 3775 scriptam
825 3721 967 3772 esse,
1009 3704 1104 3759 sed
1145 3705 1508 3777 Carthagine,
1547 3722 1677 3761 cum
1698 3706 1821 3778 jam

178 3797 403 3852 obiisset
432 3798 808 3868 Rogatianus,
845 3815 965 3853 non
1006 3802 1192 3854 tamen
1226 3799 1329 3854 sub
1361 3800 1678 3869 Valeriano,
1721 3801 1820 3857 sed

174 3892 269 3944 sub
291 3894 458 3946 Gallo
494 3898 551 3945 et
573 3891 891 3947 Volusiano.
919 3892 1167 3948 Nimium
1198 3900 1428 3965 apertus
1450 3899 1533 3949 est
1554 3894 1819 3966 Cypriani

176 3990 501 4053 contextus,
548 4003 715 4056 quam
767 3992 826 4041 ut
877 3987 1254 4058 Bogatianum
1309 3994 1364 4043 et
1412 3988 1817 4045 Felicissimum

176 4082 457 4151 martyrio
500 4087 797 4135 coronatos
839 4098 1118 4152 negemus
1159 4088 1470 4153 antequam
1514 4082 1658 4137 hanc
1697 4082 1815 4155 epi-

174 4175 370 4228 stulam
430 4174 714 4229 scriberet
769 4176 1103 4245 Cyprianus.
1160 4178 1369 4232 Locum
1426 4176 1813 4248 inspiciamus.

174 4290 197 4315 α
225 4267 413 4331 Quam
452 4268 651 4333 ﬁdem,
687 4268 892 4340 inquit,
924 4286 1017 4323 vos
1047 4287 1271 4341 quoque
1302 4270 1611 4325 retinentes
1638 4277 1693 4326 et
1722 4271 1814 4325 die

169 4378 225 4414 ac
250 4368 423 4417 nocte
460 4362 827 4429 meditantes,
857 4366 971 4417 toto
1010 4365 1174 4419 corde
1206 4365 1277 4419 ad
1320 4366 1498 4419 Deum
1542 4365 1812 4437 prompti,

168 4462 513 4527 contemptu
560 4456 931 4526 praesentium
973 4457 1167 4511 futura
1208 4458 1610 4513 tantummodo
1655 4459 1810 4529 cogi-

1926 3227 1985 3281 in
2023 3225 2137 3280 ﬁde
2180 3226 2429 3293 stabiles,
2464 3226 2522 3279 in
2566 3226 2761 3280 dolore
2797 3224 3103 3297 patientes,
3146 3227 3203 3280 in
3247 3228 3562 3299 quaestione

1926 3320 2185 3388 victores,
2214 3324 2277 3374 ut
2303 3324 2492 3375 caeteri
2519 3336 2744 3391 quoque
2774 3320 3071 3374 sectemini
3102 3326 3157 3375 et
3186 3326 3318 3393 Opto
3350 3322 3564 3393 pariter

1926 3420 1981 3470 et
2013 3415 2302 3483 exhortor,
2333 3417 2414 3480 ut,
2448 3430 2588 3485 quos
2627 3413 2912 3467 vinculum
2943 3414 3313 3469 confessionis
3348 3420 3406 3470 et
3429 3416 3561 3470 hos-

1924 3508 2132 3582 pitium
2160 3506 2405 3563 carceris
2431 3507 2597 3562 simul
2616 3494 3056 3580 junxitfjungat
3085 3509 3261 3564 etiam
3287 3527 3557 3565 consum-

1922 3604 2101 3659 matio
2135 3601 2363 3656 virtutis
2395 3604 2451 3656 et
2482 3618 2697 3656 corona
2736 3602 2999 3656 caelestis.
3033 3623 3061 3652 »

1993 3698 2116 3752 Non
2147 3697 2297 3751 belle
2339 3696 2557 3767 accepit
2592 3696 2929 3751 Pearsonius
2970 3698 3089 3751 haec
3115 3697 3306 3766 verba,
3339 3722 3365 3748 (ι
3395 3698 3440 3754 si
3469 3717 3560 3755 me

1921 3791 1995 3846 ad
2038 3807 2134 3846 vos
2183 3790 2480 3862 pervenire
2527 3789 2636 3844 loci
2684 3790 2931 3845 conditio
2980 3791 3353 3862 permitteret.
3399 3815 3427 3843 »
3466 3794 3559 3849 Ait

1922 3884 2081 3940 enim
2117 3884 2467 3957 Cyprianum
2505 3883 2595 3938 his
2634 3884 2819 3939 verbis
2856 3885 3159 3957 designare
3202 3907 3229 3936 ‹‹
3270 3888 3454 3943 locum
3498 3888 3557 3944 in

1919 4001 2032 4057 quo
2081 3999 2331 4055 praesens
2383 3999 2503 4037 esse
2553 3986 2609 4038 et
2654 3990 2959 4055 conspectu
3008 3985 3395 4040 confessorum
3444 3987 3560 4042 frui

1919 4078 2164 4132 maxime
2206 4076 2546 4148 concupivit,
2582 4076 2679 4131 sed
2721 4078 2851 4145 loci,
2896 4079 3002 4133 hoc
3047 4084 3134 4134 est
3170 4081 3552 4152 Carthaginis,

1918 4172 2015 4227 ubi
2041 4171 2359 4242 persecutio
2392 4171 2511 4241 jam
2543 4171 2818 4239 fervebat,
2848 4172 3237 4228 conditionem
3268 4191 3381 4230 non
3417 4192 3546 4246 per-

1916 4266 2160 4321 misisse.
2192 4286 2219 4316 »
2253 4267 2459 4320 Verum
2499 4265 2605 4320 hac
2647 4283 2780 4321 voce
2825 4284 2940 4322 non
2981 4268 3412 4340 Carthaginem,
3452 4271 3552 4325 sed

1918 4360 2300 4432 episcopalem
2343 4361 2737 4415 auctoritatem
2780 4362 3063 4435 designari
3104 4364 3442 4435 perspicitur
3481 4382 3550 4419 ex

1916 4454 2175 4525 pluribus
2227 4454 2488 4525 Cypriani
2540 4455 2914 4526 testimoniis;
2968 4457 3045 4511 sic
3100 4456 3156 4511 in
3202 4459 3366 4529 epist.
3423 4463 3476 4514 Η
3534 4477 3545 4514 :

169 4550 309 4613 tatis,
340 4555 409 4605 ut
440 4549 519 4604 ad
544 4550 793 4604 fructum
827 4551 990 4621 regni
1022 4551 1222 4606 mtcrni
1247 4554 1305 4607 et
1340 4553 1409 4606 ad
1451 4554 1812 4623 complexum
1835 4557 1894 4628 D
1920 4568 1947 4600 «
1988 4548 2312 4603 Sollicitudo
2333 4549 2440 4603 loci
2462 4549 2637 4603 nostri
2661 4556 2715 4605 et
2736 4550 2911 4604 timor
2934 4551 3161 4605 Domini
3186 4553 3493 4624 compellit.
3520 4574 3546 4604 ι)

164 4648 215 4697 et
239 4645 513 4699 osculum
542 4644 767 4698 Domini
788 4651 845 4699 et
871 4650 1236 4715 conspectum
1264 4646 1458 4700 venire
1486 4646 1726 4718 possitis,
1752 4648 1816 4700 ut

166 4737 495 4807 sequamini
546 4738 606 4791 in
663 4738 928 4793 omnibus
985 4740 1360 4809 Rogatianum
1419 4740 1813 4812 presbyterum

164 4830 490 4901 gloriosum
521 4848 737 4900 senem,
766 4832 913 4887 viam
954 4834 1111 4889 vobis
1148 4834 1217 4889 ad
1249 4834 1488 4906 gloriam
1538 4834 1814 4906 temporis

160 4927 333 4980 nostri
383 4926 661 4998 religiosa
691 4928 895 4982 virtute
924 4934 979 4983 et
1003 4929 1194 4984 divina
1237 4928 1567 5000 dignatione
1608 4928 1813 4983 facien-

164 5024 303 5089 tem,
365 5022 478 5094 qui
531 5039 663 5076 cum
719 5023 1063 5079 Felicissimo
1128 5024 1305 5078 fratre
1368 5027 1558 5077 nostro
1620 5023 1811 5094 quieto

165 5130 395 5186 semper
424 5118 489 5169 et
516 5116 721 5183 sobrio,
768 5118 1059 5188 excipiens
1104 5116 1424 5172 ferocientis
1468 5116 1660 5187 pOpuli
1708 5117 1811 5172 im-

167 5212 380 5277 petum,
418 5209 682 5279 primum
710 5211 1016 5282 hospitium
1050 5211 1204 5265 vobis
1232 5212 1290 5264 in
1322 5227 1547 5265 carcere
1590 5226 1809 5281 praepa-

165 5302 326 5369 ravit,
358 5308 419 5357 et
452 5307 700 5358 metator
741 5305 989 5375 quodam
1026 5305 1195 5359 modo
1236 5307 1440 5371 vester,
1482 5320 1633 5357 nunc
1665 5321 1806 5376 quo-

166 5410 272 5464 que
318 5413 421 5450 vos
476 5398 780 5451 antecedit.
810 5398 969 5462 Quod
1001 5403 1061 5453 ut
1103 5401 1531 5453 consummetur
1559 5397 1616 5452 in
1654 5398 1809 5453 vobis

170 5489 405 5543 assiduis
466 5489 815 5543 orationibus
882 5491 1188 5547 Dominum
1260 5491 1677 5563 deprecamur,
1748 5494 1810 5547 ut

171 5583 338 5637 initiis
366 5583 444 5636 ad
496 5598 723 5635 summa
764 5586 1136 5655 pergentibus
1166 5601 1305 5656 quos
1347 5585 1604 5641 conﬁteri
1649 5586 1805 5655 facit,

168 5672 325 5726 faciat
378 5679 443 5726 et
493 5673 766 5727 coronari.
815 5694 840 5721 η
890 5674 1053 5729 Nulla
1106 5674 1226 5729 fere
1272 5692 1379 5731 vox
1423 5676 1534 5731 hoc
1582 5677 1642 5731 in
1687 5677 1807 5731 loco

172 5782 290 5837 quae
317 5782 444 5821 non
496 5766 869 5837 Rogatianum
906 5783 1011 5840 pro
1040 5768 1256 5825 Christo
1298 5787 1527 5842 passum
1568 5770 1803 5826 indicet.

176 5860 337 5915 Vocat
362 5876 512 5915 eum
554 5861 860 5933 Cyprianus
888 5884 915 5913 «
962 5864 1271 5937 gloriosum
1310 5883 1535 5937 senem,
1585 5888 1611 5917 ››
1654 5867 1807 5940 quod

1918 4662 1945 4693 «
1987 4643 2128 4697 Cum
2184 4642 2261 4697 illi
2309 4645 2627 4716 (martyres)
2670 4661 2951 4699 memores
2987 4645 3095 4701 loci
3128 4647 3310 4701 nostri
3347 4648 3415 4701 ad
3459 4665 3550 4703 me

1914 4735 2133 4791 litteras
2165 4736 2477 4791 direxerint
2511 4758 2537 4788 ι)
2570 4737 2751 4809 (epist.
2788 4737 2896 4808 {0).
2931 4758 2957 4786 ‹‹
2987 4740 3258 4811 Congruit
3291 4740 3395 4812 ipsi
3424 4742 3547 4796 loco

1916 4836 1973 4885 et
2017 4830 2203 4885 officio
2242 4832 2541 4886 sacerdotii
2583 4832 2762 4886 nostri
2791 4856 2818 4882 ››
2854 4833 3038 4904 (epist.
3072 4836 3179 4904 63).
3228 4835 3346 4888 Vid.
3383 4836 3547 4908 epist.

1914 4928 2002 4980 65,
2040 4925 2448 4993 Quamobrem,
2489 4943 2618 4980 cum
2658 4926 2738 4981 ait
2780 4927 3091 4999 Cyprianus
3132 4929 3189 4983 in
3234 4929 3339 4984 hac
3378 4932 3543 5002 epist.

1912 5021 1969 5073 8t
2014 5035 2027 5073 :
2073 5041 2099 5068 ‹‹
2143 5019 2335 5073 Saluto
2382 5036 2500 5088 vos,
2546 5020 2751 5075 fratres
2795 5022 3132 5090 cbarissimi,
3180 5028 3384 5095 optans
3428 5025 3549 5097 ipse

1912 5130 2137 5186 quoque
2168 5117 2479 5185 conspectu
2521 5120 2705 5169 vestro
2732 5115 2864 5186 frui,
2899 5114 2941 5169 si
2981 5132 3073 5171 me
3111 5118 3182 5172 ad
3216 5136 3313 5173 vos
3348 5135 3545 5190 perve-

1910 5208 2035 5262 nire
2095 5208 2203 5262 loci
2256 5208 2505 5263 conditio
2560 5209 2939 5280 permitteret.
2990 5210 3133 5275 Quid
3188 5212 3340 5267 enim
3400 5214 3547 5270 mihi

1912 5302 2162 5373 Optatius
2186 5305 2243 5357 et
2269 5303 2450 5358 laetius
2476 5306 2664 5375 posset
2693 5303 2973 5371 accidere,
3009 5321 3181 5375 quam
3210 5324 3363 5362 nunc
3388 5308 3545 5363 vobis

1909 5395 2219 5463 inhaerere,
2246 5402 2311 5452 ut
2336 5398 2802 5470 complectemini
2841 5414 2933 5453 me
2973 5400 3235 5455 manibus
3269 5401 3379 5457 illis
3417 5420 3545 5475 qua:

1910 5506 2069 5562 purae
2101 5493 2157 5546 et
2186 5491 2519 5547 innocentes
2550 5496 2609 5547 et
2639 5492 2992 5547 Dominicam
3023 5493 3198 5549 fidem
3227 5502 3541 5568 servantes,

1910 5586 2189 5655 sacrilega
2233 5586 2509 5659 obsequia
2552 5586 2931 5659 respuerant?
2959 5587 3103 5653 Quid
3135 5588 3447 5659 jucundius
3488 5594 3547 5647 et

1909 5678 2210 5733 sublimius
2247 5696 2422 5751 quam
2460 5681 2701 5737 osculari
2730 5698 2885 5736 nunc
2922 5697 3021 5737 ora
3057 5686 3263 5751 vestra,
3294 5684 3547 5756 conspici

1908 5774 2081 5829 etiam
2130 5780 2470 5845 praesentem
2524 5775 2595 5830 ab
2642 5775 2816 5831 oculis
2860 5775 3163 5832 vestris?»
3210 5793 3340 5832 cum
3386 5778 3542 5848 haec,

1906 5868 2165 5941 inquam,
2205 5868 2286 5923 ait
2323 5869 2655 5943 Cyprianus,
2689 5871 2899 5929 indicat
2936 5888 2997 5929 se
3036 5871 3144 5929 hac
3185 5888 3297 5927 una
3342 5888 3401 5927 re
3443 5872 3544 5929 (ἱρη-
