4084 6208
418 274 547 329 -147

1817 274 1967 330 VlTA
2006 275 2060 329 S.
2103 273 2432 330 CYPRIANI.

3711 271 3813 329 148

452 396 619 452 tineri
650 395 957 469 quominus
989 396 1197 451 invisat
1237 402 1539 470 martyres,
1574 397 1726 470 quod
1767 404 1984 453 metuat
2008 414 2077 452 ne
2100 396 2481 485 Aconjuncta
2510 396 2638 464 fuit,
2670 396 2848 451 multo
2876 394 3059 467 aptior
3089 394 3310 451 videtur
3346 394 3517 451 fuisse
3553 396 3625 451 ad
3666 396 3813 452 cicu-

448 491 727 563 dignitate
755 491 1093 562 conspicuus
1131 492 1324 546 oculos
1354 492 1650 565 gentilium
1680 492 1933 564 effugere
1965 509 2078 546 non

447 586 641 655 possit.
694 586 805 640 Nec
848 602 1081 640 necesse
1127 591 1210 640 est
1256 602 1388 640 eum
1440 585 1685 642 abfuisse
1736 587 2077 659 Carthagine

453 684 511 733 ut
548 679 625 733 sic
665 678 939 733 scriberet
979 696 991 733 :
1024 696 1125 733 sua
1161 679 1311 734 enim
1355 680 1513 734 illum
1559 680 1824 752 dignitas,
1856 680 2082 735 etiamsi

450 772 723 826 adfuisset
784 773 1162 844 Carthagine,
1222 774 1479 828 detinere
1535 775 1721 845 potuit
1774 775 2078 846 quominus

451 872 673 922 sanctos
716 870 991 937 martyres
1022 867 1310 921 inviseret.
1344 869 1483 922 Nam
1524 868 1621 939 qui
1660 869 1988 939 providebat
2018 872 2082 923 ut

455 964 732 1031 martyres
764 980 791 1007 «
824 977 942 1015 non
979 962 1337 1031 glomeratim
1370 978 1473 1016 nec
1516 978 1619 1033 per
1653 962 2080 1017 multitudinem

452 1054 619 1107 simul
641 1054 903 1122 junctam
936 1054 1333 1122 inviserentur,
1368 1056 1463 1110 sed
1495 1059 1560 1110 ut
1585 1056 1899 1127 presbyteri
1938 1072 2076 1126 quo-

452 1163 564 1218 que
594 1148 689 1218 qui
730 1148 841 1202 illic
878 1148 1025 1219 apud
1059 1149 1405 1203 confessorcs
1435 1169 1463 1197 ››
1501 1149 1829 1215 offerebant,
1869 1149 2081 1220 singuli

452 1256 581 1295 cum
621 1241 860 1312 singulis
895 1242 1144 1296 diaconis
1187 1243 1538 1297 alternarent
1577 1243 1761 1313 (epist.
1796 1245 1866 1312 5),
1900 1244 2080 1297 mullo

453 1335 642 1389 minus
693 1336 810 1406 ipse
860 1336 1268 1404 commisisset,
1316 1343 1373 1390 ut
1421 1336 1478 1391 in
1528 1337 1720 1392 oculos
1779 1337 2078 1407 gentilium

454 1428 752 1483 incurrens
794 1446 941 1484 nova
984 1429 1243 1484 incendia
1282 1436 1689 1485 commoveret.
1725 1430 1870 1495 Quin
1907 1431 2081 1487 etiam

452 1522 574 1577 haec
602 1523 949 1578 consuetudo
983 1526 1114 1577 ante
1145 1523 1493 1594 Cyprianum
1528 1524 1586 1578 in
1617 1524 1799 1580 Africa
1835 1524 2079 1595 vigebat,

454 1619 515 1669 ut
568 1617 869 1687 episcopus
923 1617 1272 1671 confessorcs
1325 1634 1441 1672 non
1484 1618 1774 1673 inviseret.
1828 1620 2083 1673 Testatur

452 1709 607 1765 enim
648 1710 962 1781 Cyprianus
1006 1710 1062 1764 in
1113 1728 1244 1782 epp.
1294 1714 1359 1766 tO
1407 1715 1463 1765 et
1507 1716 1594 1777 2t,
1650 1712 1704 1766 id
1753 1729 1980 1784 semper
2022 1713 2080 1766 in

2181 490 2284 545 dos
2340 491 2644 562 populares
2699 492 2904 558 motus,
2957 505 3088 544 cum
3145 489 3478 545 calamitatis
3528 507 3697 545 causa
3752 490 3814 548 in

2178 584 2530 640 Christianos
2562 583 2917 654 rejiceretur.

2177 702 2380 756 XXVII.
2414 731 2482 740 —
2512 703 2655 755 Mira
2685 701 2925 755 Charitas
2964 703 3022 758 S.
3063 700 3332 770 Cypriani
3363 703 3423 755 in
3459 703 3622 770 pestis
3658 703 3812 757 cula-

2249 782 2460 836 mitate.
2489 811 2556 820 —
2583 781 2916 850 Religionem
2942 782 3189 848 defendit
3215 781 3473 836 adversus
3512 783 3813 836 Demetria-

2250 877 2400 915 num.
2431 892 2499 899 —
2530 864 2709 916 Totius
2747 862 2976 915 ecclesiae
3015 861 3459 930 Carthaginensis
3496 862 3715 932 prolixa
3756 864 3816 917 in

2250 941 2578 995 redimendis
2606 943 2835 1011 captivis
2863 941 3187 996 liberalitas.

2250 1052 2335 1106 Ad
2368 1052 2826 1123 persecutionem
2864 1053 3169 1108 accedebat
3195 1054 3314 1107 lues
3339 1053 3627 1110 horrenda
3662 1071 3816 1127 quae,

2180 1147 2281 1200 sub
2310 1146 2444 1217 ipsis
2475 1146 2672 1214 Deciis,
2706 1149 2769 1200 ut
2795 1146 3099 1202 verisimile
3123 1150 3226 1216 est,
3255 1147 3497 1218 incepta,
3529 1148 3815 1220 majorem

2178 1240 2237 1294 in
2282 1240 2511 1294 modum
2548 1239 2649 1293 sub
2686 1240 2845 1295 Gallo
2873 1243 2932 1294 et
2956 1240 3258 1295 Volusiano
3294 1247 3543 1312 grassata
3579 1249 3680 1298 est.
3720 1244 3820 1298 Hic

2179 1334 2441 1404 Cypriani
2470 1334 2713 1388 cbaritas
2739 1334 2798 1388 in
2826 1334 2962 1405 ipsis
2989 1334 3351 1389 ethnicorum
3381 1336 3559 1389 oculis
3588 1336 3818 1406 enituit,

2182 1432 2240 1481 et
2282 1428 2354 1482 ad
2400 1444 2685 1482 summam
2731 1427 3062 1499 reipublicae
3110 1427 3409 1484 utilitatem
3453 1429 3818 1487 redundavit.

2180 1522 2321 1576 Nam
2349 1537 2477 1575 cum
2508 1520 2717 1577 ethnici
2748 1537 2951 1576 omnes
2978 1521 3285 1576 horrerent
3305 1528 3361 1577 et
3389 1523 3653 1594 fugerent
3682 1540 3819 1578 con-

2183 1615 2329 1686 tagia
2364 1632 2426 1668 ac
2454 1632 2589 1668 suos
2616 1615 2792 1685 impie
2832 1619 3203 1686 exponerent,
3232 1633 3316 1683 ac,
3345 1616 3671 1687 jacentibus
3698 1622 3818 1672 tota

2182 1707 2406 1762 civitate
2437 1708 2827 1774 cadaveribus,
2858 1725 3028 1763 nemo
3054 1708 3207 1764 aliud
3234 1710 3550 1782 quidquam
3583 1712 3820 1782 respice-

451 1804 810 1874 praeteritum
838 1804 939 1858 sub
967 1804 1421 1859 antecessoribus
1458 1806 1571 1859 suis
1605 1806 1814 1862 factum
1848 1822 1989 1874 esse,
2025 1812 2084 1862 ut
2104 1782 2159 1852 B
2186 1807 2270 1857 ret
2296 1802 2403 1856 nisi
2433 1802 2592 1857 lucra
2623 1802 2895 1869 crudelia,
2924 1808 3044 1857 tum
3076 1819 3210 1858 vero
3233 1804 3438 1859 Christi
3466 1806 3523 1858 et
3551 1805 3647 1859 Dei
3676 1806 3825 1859 Pon-

453 1897 769 1968 presbyteri
823 1902 881 1952 et
939 1897 1158 1953 diaconi
1213 1898 1537 1969 plenissime
1592 1900 1736 1954 circa
1794 1900 2085 1972 Evangelii

452 1990 640 2062 legem
687 1997 961 2062 martyres
1003 1995 1058 2045 et
1102 1992 1453 2047 confessorcs
1493 1993 1861 2061 instruerent,
1893 1999 1949 2049 et
1975 1994 2086 2048 dia-

453 2084 579 2139 coni
608 2085 678 2139 ad
711 2101 999 2139 carcerem
1034 2092 1420 2140 commeantes
1449 2094 1760 2158 martyrum
1800 2087 2086 2142 desideria

452 2179 697 2233 consiliis
738 2180 854 2234 suis
899 2182 955 2233 et
993 2180 1414 2251 Scripturarum
1456 2182 1757 2253 praeceptis
1799 2182 2085 2253 guberna—

452 2275 600 2326 rent.
632 2268 780 2327 Nihil
809 2290 946 2345 ergo
978 2278 1132 2328 vetat
1159 2274 1469 2345 quominus
1501 2275 1850 2347 Cyprianum
1880 2275 1938 2329 in
1969 2276 2087 2347 ipsa

453 2367 595 2423 urbe
638 2367 965 2422 necessariis
1006 2367 1172 2422 rebus
1210 2371 1269 2422 et
1296 2374 1719 2423 antecessorum
1758 2369 2024 2441 exemplo
2053 2386 2087 2425 a

456 2462 848 2517 confessorum
902 2465 1210 2534 conspectu
1265 2463 1576 2517 distentum
1632 2463 1755 2518 haec
1804 2464 2087 2535 scripsisse

457 2555 866 2610 existimemus.
910 2557 1106 2627 Neque
1144 2556 1315 2610 etiam
1364 2556 1553 2611 dicere
1582 2557 1822 2612 verebor
1860 2574 1971 2611 non
2008 2558 2087 2612 sic

458 2647 653 2720 146
702 2650 1025 2703 locuturum
1072 2649 1243 2704 fuisse
1288 2649 1334 2703 si
1392 2650 1666 2705 abfuisset
1717 2650 2084 2721 Carthagine.

454 2742 752 2805 Quomodo
780 2742 934 2796 enim
962 2743 1255 2797 absentem
1284 2746 1344 2797 et
1371 2743 1425 2796 in
1450 2743 1642 2798 abdito
1668 2745 1790 2799 loco
1820 2745 2088 2798 latentem

456 2836 571 2892 sola
603 2834 855 2906 dignitas
888 2853 922 2889 a
951 2837 1247 2907 complexu
1282 2841 1601 2908 martyrum
1640 2844 1881 2905 arceret,
1914 2855 2088 2910 quem

2186 1895 2324 1949 tifex
2362 1896 2590 1966 plebem
2633 1914 2743 1950 uno
2773 1896 2832 1951 in
2871 1896 2993 1951 loco
3024 1904 3427 1969 congregatam
3462 1898 3648 1953 vivido
3679 1899 3825 1954 hor-

2185 1994 2306 2044 tatu
2334 1990 2568 2043 adduxit
2595 1996 2659 2044 ut
2689 1990 2918 2060 pietatis
2940 1991 3125 2046 officia
3155 2008 3271 2046 non
3297 1993 3479 2047 solum
3511 1993 3570 2046 in
3600 1993 3825 2048 domes-

2185 2082 2326 2137 ticos
2362 2083 2515 2153 fidei,
2544 2083 2643 2139 sed
2680 2085 2736 2138 in
2769 2084 2922 2156 ipsos
2955 2085 3123 2139 etiam
3160 2086 3418 2141 ethnicos
3455 2086 3821 2157 conferrent;

2188 2192 2252 2230 ac
2277 2176 2547 2231 charitate
2576 2177 2960 2232 inﬂammatus
2996 2194 3064 2233 ea
3094 2178 3236 2233 dixit
3265 2196 3412 2250 qum,
3442 2179 3487 2233 si
3517 2199 3545 2232 (ι
3577 2181 3826 2252 gentiles

2189 2269 2385 2324 audire
2413 2271 2745 2341 potuissent,
2771 2272 2849 2326 ait
2876 2272 3126 2340 Pontius,
3154 2272 3388 2327 forsitan
3411 2274 3599 2328 statim
3628 2274 3827 2329 crede-

2187 2367 2333 2416 rent.
2371 2385 2397 2413 »
2434 2364 2735 2433 Distributa
2762 2370 2893 2421 sunt
2930 2382 3067 2437 ergo
3101 2367 3370 2422 continuo
3414 2384 3514 2438 pro
3548 2367 3828 2440 qualitate

2194 2455 2496 2512 hominum
2529 2444 2697 2529 atque
2730 2459 3000 2513 ordinum
3030 2459 3368 2515 ministeria.
3397 2461 3552 2515 Multi
3586 2461 3683 2532 qui
3715 2477 3826 2515 an-

2195 2551 2377 2620 gustia
2418 2552 2769 2622 paupertatis
2805 2552 3079 2607 benelicia
3113 2560 3370 2624 sumptus
3409 2570 3672 2609 exercere
3701 2571 3830 2609 non

2188 2651 2472 2718 poterant,
2502 2645 2630 2717 plus
2658 2644 2845 2718 147
2882 2647 3204 2718 sumptibus
3243 2648 3622 2715 exhibebant;
3662 2663 3829 2703 com-

2191 2743 2490 2811 pensantes
2521 2738 2749 2810 proprio
2787 2740 2980 2793 labore
3024 2741 3345 2794 mercedem
3385 2741 3593 2795 divitiis
3634 2742 3830 2797 omni-

2188 2833 2295 2887 bus
2343 2832 2689 2887 chariorem.
2733 2833 2924 2888 Fiebat
2972 2834 3161 2905 itaque
3203 2835 3643 2890 exuberantium
3690 2852 3833 2906 ope-

456 2929 513 2983 in
542 2930 662 3000 ipsa
691 2930 832 2984 urbe
866 2931 1198 2985 necessariae
1240 2931 1532 2986 cautiones
1557 2932 1627 2985 ab
1655 2932 1763 2987 hoc
1800 2932 2007 3003 gaudio
2035 2936 2089 2987 et

456 3029 881 3077 antecessorum
914 3025 1178 3094 exempla
1208 3025 1623 3080 removissent?
1655 3025 1793 3080 llinc
1826 3026 1882 3079 in
1922 3027 2085 3097 epist.

457 3120 521 3182 9,
573 3126 755 3188 quam
793 3117 867 3171 ad
920 3120 1195 3188 martyres
1245 3124 1302 3172 et
1352 3119 1709 3174 confessoros
1754 3120 1812 3173 in
1866 3137 2085 3174 secessu

458 3210 729 3280 scriptam
775 3226 893 3264 esse
935 3216 1171 3278 constat,
1212 3229 1325 3265 non
1373 3212 1452 3265 ait
1495 3229 1774 3267 secessum
1819 3230 1985 3267 suum
2031 3214 2089 3268 in

458 3304 569 3357 hoc
608 3303 710 3357 sibi
756 3304 1062 3357 molestum
1104 3321 1243 3370 esse,
1277 3305 1426 3375 quod
1461 3322 1558 3360 eos
1590 3322 1706 3360 non
1742 3309 1915 3376 possit
1942 3308 2088 3361 invi-

463 3412 609 3450 sere.
654 3396 948 3467 Significat
988 3397 1145 3450 urbis
1191 3397 1534 3451 desiderium
1584 3399 1641 3451 in
1687 3400 1848 3469 epist.
1896 3404 1993 3469 37,
2035 3406 2094 3455 at

463 3505 831 3561 nequaquam
875 3495 936 3544 ut
972 3490 1029 3543 in
1076 3494 1391 3561 martyrum
1434 3493 1819 3563 complexibus
1858 3494 2091 3562 hmreat,

464 3584 562 3636 sed
610 3583 796 3653 potius
828 3605 855 3633 ‹‹
887 3588 945 3637 ut
983 3588 1280 3655 promptus
1320 3589 1376 3638 et
1412 3585 1595 3640 libens
1633 3587 1869 3641 Solemni
1907 3587 2095 3642 minis-

464 3678 608 3731 terio
641 3682 843 3732 cuncta
869 3678 1014 3732 circa
1044 3679 1381 3733 fortissimos
1418 3680 1619 3735 fratres
1655 3680 1968 3736 dilectionis
1992 3682 2091 3736 ob-

466 3771 664 3843 sequia
690 3772 993 3843 compleat.
1027 3793 1053 3821 ››

538 3869 650 3922 Nec
672 3867 942 3937 congruit
970 3882 1106 3937 ergo
1135 3867 1253 3921 haec
1287 3867 1522 3939 epistola
1545 3868 1695 3922 Decii
1719 3867 2093 3938 temporibus,

466 3976 656 4031 neque
692 3960 864 4014 etiam
909 3960 1183 4015 Valeriani
1217 3961 1612 4031 persecutioni,
1645 3962 1804 4033 cujus
1844 3962 2096 4033 primum

466 4054 751 4126 impetum
779 4055 1053 4109 sustinuit
1079 4055 1421 4126 Cyprianus;
1455 4072 1556 4110 nec
1584 4055 1635 4110 ei
1662 4056 2015 4128 Rogatianus
2043 4063 2097 4111 et

469 4148 866 4215 Felicissimus,
905 4148 1004 4203 sed
1040 4148 1158 4220 ipse
1196 4149 1321 4203 aliis
1352 4150 1636 4217 omnibus,
1671 4157 1723 4203 ut
1760 4150 1906 4204 infra
1944 4150 2099 4204 vide-

468 4243 679 4309 bimus,
710 4242 895 4297 facem
928 4243 998 4296 ad
1031 4242 1417 4297 conﬁtendum
1461 4244 1664 4298 Christi
1707 4260 1916 4298 nomen
1959 4260 2100 4315 prte-

2188 2944 2316 2982 rum
2360 2927 2622 2999 largitate
2656 2926 2805 2998 quod
2838 2927 3056 2982 bonum
3102 2931 3186 2982 est
3223 2929 3291 2983 ad
3328 2945 3545 2999 omnes,
3587 2945 3704 2984 non
3752 2929 3835 2985 ad

2189 3020 2337 3075 solos
2363 3020 2700 3075 domesticos
2725 3019 2881 3075 ﬁdei.

2262 3116 2415 3167 inter
2438 3114 2539 3167 has
2560 3112 2973 3184 persecutionis
2993 3118 3047 3167 et
3071 3115 3244 3184 pestis
3261 3114 3629 3183 calamitates,
3653 3116 3837 3187 scrip-

2191 3208 2261 3261 sit
2299 3207 2611 3279 Cyprianus
2649 3207 2857 3261 librum
2896 3208 3154 3263 adversus
3188 3194 3614 3276 Demetrianum,
3647 3226 3837 3280 quem

2193 3300 2423 3353 Pontius
2455 3299 2541 3353 his
2572 3299 2752 3354 verbis
2792 3298 3057 3370 designat
3098 3319 3110 3353 :
3146 3323 3172 3350 α
3212 3303 3316 3356 Per
3354 3318 3526 3373 quem
3560 3302 3834 3372 gentiles,

2192 3393 2538 3464 repercussis
2563 3393 2620 3447 in
2650 3410 2708 3447 se
2738 3393 2805 3448 iis
2834 3410 2962 3464 quas
3006 3394 3170 3449 nobis
3210 3394 3505 3466 ingerunt,
3533 3396 3841 3451 vinceren—

2195 3488 2372 3542 tur?»
2396 3488 2721 3542 Ventitabat
2748 3487 2818 3542 ad
2849 3488 3199 3559 Cyprianum
3232 3489 3640 3557 Demetrianus,
3670 3507 3840 3545 θυω-

2195 3598 2305 3652 que
2353 3582 2699 3653 Cyprianus,
2742 3602 2769 3630 «
2810 3581 3190 3636 oblatrantem
3235 3582 3507 3638 adversus
3547 3584 3725 3637 Deum
3780 3591 3844 3640 et

2192 3674 2377 3729 verbis
2414 3674 2601 3746 impiis
2632 3675 3078 3746 obstrepentem,
3110 3698 3135 3725 ››
3170 3676 3404 3731 minime
3435 3676 3707 3734 idoneum
3730 3678 3841 3750 ju-

2196 3768 2421 3823 dicabat
2456 3785 2706 3840 quocum
2747 3769 3210 3841 congrederetur,
3249 3792 3275 3819 u
3306 3787 3436 3824 cum
3481 3788 3584 3825 nec
3623 3772 3841 3827 docere

2195 3861 2499 3917 indocilem
2545 3878 2707 3934 posse
2754 3863 2857 3917 sibi
2900 3862 3205 3928 videretur,
3254 3880 3359 3918 nec
3402 3864 3643 3936 impium
3690 3866 3843 3935 reli-

2198 3955 2370 4027 gione
2421 3956 2831 4027 comprimere,
2888 3973 2991 4011 nec
3042 3957 3330 4013 furentem
3379 3959 3613 4013 lenitate
3666 3960 3841 4015 cohi-

2197 4049 2353 4104 bere.
2409 4069 2436 4098 »
2496 4050 2631 4116 Sed,
2691 4066 2817 4104 cum
2878 4050 3033 4103 idem
3094 4051 3486 4106 Demetrianus
3545 4051 3846 4108 dictitaret

2201 4165 2226 4192 α
2277 4143 2432 4214 quod
2487 4143 2630 4197 bella
2685 4143 2936 4198 crebrius
2984 4147 3243 4215 surgant,
3288 4146 3439 4216 quod
3486 4145 3625 4213 lues,
3677 4147 3847 4218 quod

2198 4238 2378 4291 fames
2415 4236 2668 4303 saeviant,
2703 4237 2972 4308 quodque
3014 4238 3226 4293 imbres
3272 4244 3331 4293 et
3368 4239 3587 4310 pluvias
3627 4255 3848 4295 serena

468 4336 615 4389 tulit.
647 4336 814 4389 Multo
844 4336 1205 4390 commodius
1234 4338 1509 4390 referetur
1536 4336 1698 4407 epist.
1722 4340 1780 4391 2t
1816 4338 1884 4391 ad
1913 4354 2100 4409 perse-
2197 4334 2373 4404 longa
2398 4332 2768 4403 su3pendant,
2794 4354 2822 4383 ››
2854 4334 3188 4391 Christianis
3217 4334 3509 4406 imputari,
3540 4338 3728 4390 tacere
3761 4338 3851 4391 ul-

468 4429 755 4483 cutionem
784 4430 927 4485 Galli
959 4432 1014 4484 et
1054 4429 1359 4496 Volusiani,
1398 4430 1454 4483 in
1491 4447 1604 4500 qua
1644 4430 1955 4501 Cyprianus
1995 4448 2099 4486 nec
2203 4435 2288 4485 tra
2327 4432 2512 4486 noluit
2552 4432 2892 4503 Cyprianus;
2930 4449 3016 4499 ac,
3059 4449 3129 4487 ne
3172 4432 3464 4487 silentium
3502 4433 3851 4490 diffidentia:

470 4523 813 4595 Carthagine
843 4524 1110 4596 expulsus
1147 4530 1249 4591 est,
1294 4540 1396 4578 nec
1436 4531 1641 4595 Sponte
1677 4525 1874 4591 cessit;
1905 4530 1963 4579 at
2002 4522 2180 4593 mi-D
2205 4542 2319 4581 non
2356 4526 2714 4580 verecundiae
2750 4526 3119 4595 tribueretur,
3161 4526 3295 4581 huic
3340 4527 3562 4582 homini
3601 4544 3855 4600 respon-

469 4618 625 4671 nime
665 4617 899 4671 dubium
929 4620 1012 4670 est
1043 4617 1179 4688 quin
1213 4634 1312 4688 pro
1342 4634 1402 4671 se
1431 4618 1499 4671 ad
1529 4634 1695 4672 aures
1727 4621 1785 4671 et
1811 4618 1879 4671 ad
1910 4619 2103 4672 oculos
2206 4619 2457 4674 dendum
2498 4635 2619 4673 esse
2660 4619 2841 4687 duxit,
2879 4641 2907 4668 «
2937 4619 3148 4691 pariter
3191 4626 3246 4675 et
3284 4622 3497 4675 caeteris
3534 4638 3674 4693 quos
3716 4622 3853 4694 ipse

468 4711 855 4765 confessorum
885 4710 1119 4764 vicarias
1144 4710 1361 4764 litteras
1399 4710 1635 4777 miserit,
1668 4726 1799 4764 cum
1830 4727 1925 4764 eos
1955 4710 2100 4765 invi-
2203 4713 2443 4767 forsitan
2474 4716 2869 4781 coneltaverat,
2904 4718 2962 4767 et
2989 4714 3286 4767 adversum
3330 4714 3675 4769 Christianos
3708 4717 3859 4771 odia

466 4800 586 4859 sere
640 4805 893 4875 exposita
930 4806 1187 4859 omnium
1229 4804 1405 4859 oculis
1439 4803 1688 4875 dignitas
1722 4821 1833 4859 non
1865 4805 2101 4860 sineret.
2206 4806 2521 4860 maledictis
2543 4806 2770 4860 vocibus
2792 4805 3130 4861 seminando
3151 4806 3389 4863 comites
3409 4808 3512 4862 sibi
3540 4809 3738 4879 plures
3764 4826 3857 4864 ra-

466 4899 650 4953 Mcnse
688 4899 910 4954 Octobri
953 4900 1089 4953 anni
1121 4903 1245 4965 252,
1276 4916 1389 4970 quo
1426 4899 1773 4969 Rogatianus
1803 4904 1857 4953 et
1884 4898 2106 4955 Felicis-
2205 4899 2341 4954 dicis
2369 4902 2540 4976 atque
2575 4899 2812 4969 originis
2844 4921 2871 4948 ››
2905 4916 3021 4954 sua:
3062 4921 3089 4949 «
3128 4901 3499 4971 pullulatione
3539 4925 3566 4951 »
3602 4902 3856 4959 fecerat.

469 4993 644 5045 simus
672 4994 821 5063 passi
854 4993 1121 5047 dicuntur
1148 4993 1203 5046 in
1234 4994 1445 5048 tabulis
1474 4993 1886 5061 ecclesiasticis,
1923 5008 2105 5063 perse-
2207 4994 2561 5048 Demonstrat
2597 4993 2772 5065 igitur
2808 4993 3152 5048 calamitates
3190 5011 3302 5048 non
3342 4994 3472 5050 inde
3512 4995 3648 5050 oriri
3677 4998 3860 5067 quod

469 5086 617 5140 cutio
658 5086 951 5153 saeviebat;
990 5086 1149 5156 cujus
1196 5087 1277 5140 rei
1331 5088 1486 5141 testis
1532 5091 1618 5141 est
1660 5087 1977 5150 Cornelius,
2007 5076 2105 5158 qui
2208 5090 2379 5142 Deum
2408 5087 2712 5142 Christiani
2743 5089 2948 5156 colant,
2983 5087 3077 5141 sed
3108 5087 3265 5159 quod
3294 5105 3427 5143 eum
3455 5090 3695 5161 gentiles
3724 5108 3862 5147 non

470 5197 667 5234 mense
705 5179 1015 5251 septembri
1055 5180 1225 5250 hujus
1254 5182 1390 5234 anni
1429 5187 1645 5252 martyr
1682 5180 1839 5235 obiit.
1881 5184 2106 5237 Pearso-
2206 5183 2411 5250 colant,
2443 5182 2675 5254 ejusque
2703 5184 2945 5236 cultores
2977 5182 3133 5237 omni
3172 5183 3449 5238 cruciatus
3486 5198 3696 5254 genere
3733 5188 3868 5242 tor-

464 5274 593 5328 nius
620 5290 685 5327 ex
714 5273 906 5345 populi
932 5274 1253 5328 ferocientis
1284 5274 1522 5343 impetu,
1551 5291 1723 5345 quem
1754 5275 2105 5346 Rogatianus
2206 5279 2421 5348 queant
2448 5293 2460 5330 :
2494 5276 2749 5347 quamvis
2774 5281 2964 5332 autem
2993 5275 3084 5331 ha:
3110 5275 3461 5331 calamitates
3487 5277 3638 5349 ipsos
3665 5279 3866 5335 etiam

466 5367 749 5440 excepisse
786 5366 1011 5434 dicitur,
1050 5367 1214 5438 epist.
1256 5370 1313 5423 St
1353 5367 1424 5422 ad
1463 5368 1920 5439 persecutionem
1952 5370 2107 5424 Decii
2205 5370 2557 5427 Christianos
2602 5370 2919 5442 attingant,
2967 5386 3062 5424 eas
3112 5374 3306 5424 tamen
3351 5369 3483 5424 solis
3529 5370 3868 5440 gentilibus

464 5463 752 5535 pertinere
781 5461 1090 5530 concludit,
1119 5462 1248 5533 quia
1286 5478 1438 5533 saepe
1478 5462 1539 5517 in
1577 5461 1683 5517 hac
1712 5463 2106 5534 persecutione
2206 5480 2433 5531 nocere,
2462 5480 2577 5517 non
2606 5463 2942 5519 Christianis
2968 5479 3110 5536 quos
3134 5462 3207 5518 ad
3234 5466 3452 5518 aeterna
3479 5463 3690 5534 gaudia
3722 5482 3871 5537 per-

465 5556 759 5628 p0pularis
789 5555 1081 5611 temeritas
1110 5555 1165 5610 in
1189 5556 1531 5628 Cyprianum
1566 5555 1775 5628 erupit.
1798 5558 1874 5611 At
1897 5557 1951 5611 in
1981 5574 2105 5628 per-
2144 5608 2147 5613 .
2207 5557 2441 5612 ducunt.
2476 5557 2792 5611 Lactantius
2825 5558 2883 5628 (l.
2920 5574 2975 5625 v,
3006 5575 3055 5611 υ.
3085 5555 3138 5626 4)
3173 5556 3365 5611 minus
3392 5555 3690 5612 commode
3727 5559 3867 5615 fac-

467 5652 753 5707 secutione
785 5650 926 5705 Galli
961 5650 1226 5705 eamdem
1260 5650 1457 5722 populi
1490 5650 1882 5706 temeritatem
1913 5667 2108 5722 exper—
2208 5654 2331 5705 tum
2362 5668 2393 5704 a
2424 5651 2707 5723 Cypriano
2743 5650 3099 5721 existimavit,
3142 5655 3205 5707 ut
3244 5651 3312 5706 ad
3351 5650 3750 5722 frangendum
3802 5662 3873 5712 et

464 5749 555 5800 tus
582 5749 665 5800 est
684 5746 1015 5817 Cyprianus,
1039 5749 1098 5798 ut
1128 5745 1246 5816 ipse
1278 5750 1471 5799 narrat
1500 5744 1558 5799 in
1589 5744 1758 5816 epist.
1788 5748 1872 5799 55.
1898 5744 2108 5800 Deinde
2207 5745 2660 5801 convincendum
2686 5746 3108 5801 Demetrianum
3129 5744 3433 5818 Scriptura:
3454 5745 3642 5817 potius
3659 5761 3871 5819 quam

464 5858 600 5895 vero
623 5825 910 5896 horrenda
933 5839 1025 5894 illa
1049 5840 1220 5912 pestis
1243 5857 1370 5913 quae
1393 5856 1519 5894 cum
1542 5838 1681 5896 Galli
1708 5839 2107 5912 persecutione
2211 5842 2506 5915 poetarum
2541 5846 2594 5895 et
2622 5840 3100 5916 phiIOSOphorum
3128 5838 3456 5898 testimonia
3481 5840 3697 5930 citaret:
3733 5839 3871 5898 Sed
