4084 6208
245 260 328 313 149
1562 258 1705 315 VITA
1745 262 1799 313 S.
1840 262 2175 316 CYPRIANI.

3480 272 3577 324 158

231 391 587 458 prmterquam
630 384 781 456 quod
825 385 1165 440 adhibendae
1206 390 1365 440 erant
1404 387 1727 457 Scripturae,
1784 394 1841 443 ut
1873 390 2016 492 Asis
2060 391 2298 460 injectus
2342 413 2368 439 ‹‹
2410 409 2621 447 mceror
2660 398 2829 466 atque
2877 395 3160 450 cruciatus
3205 396 3274 451 de
3318 398 3572 467 periculo

235 482 350 551 quid
372 480 667 535 Christiani
691 480 984 546 sentirent,
1006 480 1141 550 quid
1160 482 1549 550 sperarent,in
1576 490 1839 553 promptu
1864 480 1918 493 ⁴⁸
1950 484 2252 555 virginum,
2286 502 2386 555 pro
2425 487 2630 556 quibus
2670 505 2783 542 non
2817 493 3038 543 tantum
3072 491 3365 557 libertatis,
3394 493 3489 546 sed
3518 496 3577 547 et

232 580 392 637 esset,
451 575 595 627 inest
654 575 911 643 profecto
969 574 1148 627 sancti
1204 575 1446 644 Spiritus
1507 576 1847 630 testimoniis

232 673 373 721 tanta
406 669 484 721 vis
520 686 580 721 ac
613 672 768 721 tanta
803 668 1086 738 majestas,
1118 672 1181 721 ut
1209 670 1289 722 vel
1332 685 1427 722 eos
1468 669 1564 739 qui
1598 670 1845 724 maxime

231 762 626 827 obduruerunt,
656 778 991 832 permovere
1033 762 1266 832 possint.
1298 762 1441 827 (Vid.
1478 766 1595 815 not.
1638 764 1843 829 Baluz.)

290 858 442 909 llunc
488 856 697 908 librum
743 855 799 908 in
852 855 1235 924 persecutione
1274 856 1409 909 Galli
1459 862 1515 909 et
1563 857 1845 911 Volusiani

228 949 483 1020 scriptum
516 966 638 1003 esse
678 952 834 1018 patet
870 966 935 1003 ex
977 948 1299 1003 testimonio
1340 950 1543 1017 Pontii,
1575 951 1670 1020 qui
1711 968 1842 1005 eum

224 1049 463 1097 recenset
498 1044 649 1096 inter
691 1043 864 1096 libros
899 1044 963 1096 de
1000 1046 1184 1113 Lapsis
1222 1046 1278 1097 et
1321 1044 1385 1097 de
1419 1046 1635 1099 Unitate
1662 1046 1840 1098 Eccle-

222 1142 300 1192 sia:
344 1140 469 1207 post
520 1137 666 1192 Decii
717 1137 1172 1207 persecutionem
1231 1138 1487 1207 scriptos,
1535 1144 1589 1191 et
1635 1138 1840 1191 librum

222 1233 275 1285 de
303 1234 599 1291 Patientia,
632 1232 726 1301 qui
778 1230 1230 1300 persecutionem
1267 1230 1544 1284 Valeriani
1585 1237 1837 1285 anteces-

222 1326 297 1379 sit.
326 1326 476 1379 Idem
508 1325 683 1378 etiam
723 1324 868 1378 efﬁci
910 1328 1093 1394 potest
1132 1342 1197 1378 ex
1243 1324 1329 1378 his
1358 1325 1538 1379 verbis
1576 1325 1840 1395 Cypriani

223 1424 287 1490 (ρ.
334 1420 457 1488 221)
509 1437 522 1473 :
572 1440 598 1467 ι(
648 1420 715 1473 Ut
765 1418 1071 1472 memorias
1118 1422 1406 1473 taceamus
1449 1418 1734 1489 antiquas,
1786 1423 1844 1473 et

223 1515 451 1567 ultiones
501 1531 604 1584 pro
654 1512 966 1567 cultoribus
1024 1512 1123 1567 Dei
1178 1529 1327 1583 saepe
1374 1513 1637 1583 repetitas
1686 1513 1840 1566 nullo

223 1609 351 1661 vocis
389 1608 681 1679 prmconio
729 1608 1098 1673 revolvamus,
1141 1607 1547 1661 documentum
1597 1607 1840 1661 recentis

218 1703 287 1756 rei
329 1702 461 1756 satis
506 1708 610 1769 est,
655 1702 802 1772 quod
848 1701 926 1753 sic
967 1700 1228 1755 celeriter
1270 1702 1534 1771 quodque
1581 1701 1637 1755 in
1686 1706 1840 1756 tanta

1947 578 2184 649 pudoris
2215 580 2437 649 jactura
2469 581 2733 634 deflenda
2776 604 2800 631 ››
2836 583 3191 638 videbantur.
3224 588 3575 656 Quapropter

1950 677 2271 743 «prompte
2318 691 2517 727 omnes
2560 678 2617 728 et
2660 675 2903 729 libenter
2940 694 3001 730 ac
3042 678 3277 747 largiter
3321 681 3573 735 subsidia

1947 767 2275 821 nummaria
2322 768 2591 821 fratribus
2632 770 3017 837 contulerunt,
3066 788 3293 841 semper
3340 774 3569 844 quidem

1946 861 2262 914 secundum
2305 861 2432 914 ﬁdei
2462 879 2575 915 suae
2605 863 2934 917 ﬁrmitatem
2966 864 3034 917 ad
3067 882 3207 935 opus
3245 867 3339 920 Dei
3381 869 3565 937 proni,

1945 971 2094 1007 nunc
2137 958 2347 1023 tamen,
2388 956 2465 1008 ait
2503 956 2835 1026 Cyprianus,
2868 958 3051 1028 magis
3091 959 3161 1013 ad
3203 977 3375 1030 opera
3418 963 3567 1015 salu—

1946 1048 2084 1101 taris
2116 1049 2592 1120 contemplatione
2622 1051 2759 1104 tanti
2785 1051 2995 1105 doloris
3020 1054 3259 1107 accensi.
3290 1075 3314 1100 n
3347 1054 3575 1124 Scripsit

1944 1142 2136 1212 itaque
2182 1144 2500 1212 Cyprianus
2553 1144 2715 1213 epist.
2768 1148 2833 1198 60
2878 1146 2951 1199 ad
2999 1150 3267 1216 episcopos
3306 1149 3579 1204 Numidia?

1944 1251 2006 1289 ac
2059 1236 2214 1289 misit
2272 1260 2297 1284 (ι
2355 1238 2621 1290 sestercia
2673 1243 2896 1292 centum
2954 1241 3131 1293 millia
3183 1258 3569 1307 nummorum,

1944 1328 2081 1382 cleri
2112 1332 2169 1383 et
2201 1330 2386 1400 plebis
2414 1330 2712 1385 collatione
2740 1333 2985 1387 collecta.
3022 1355 3049 1382 ››
3082 1335 3263 1404 Rogat
3292 1352 3385 1387 eos
3411 1352 3572 1389 sanc-

1943 1425 2033 1476 tus
2075 1424 2282 1493 Martyr
2326 1428 2407 1491 ut,
2451 1424 2495 1477 si
2544 1425 2679 1494 quid
2720 1426 2828 1479 tale
2879 1426 3148 1497 deinceps
3188 1428 3473 1495 acciderit,
3516 1429 3571 1483 id

1944 1516 2065 1570 sine
2096 1533 2251 1570 mora
2274 1534 2376 1587 per
2400 1516 2613 1571 litteras
2634 1519 2917 1585 nuntient,
2947 1542 2970 1567 ‹‹
2996 1538 3096 1590 pro
3122 1526 3273 1575 certo
3300 1522 3577 1577 habentes

1943 1610 2245 1665 Ecclesium
2291 1611 2838 1681 (Carthaginenscm)
2880 1618 2937 1667 et
2981 1615 3397 1669 fraternitatem
3444 1617 3571 1670 uni-

1942 1720 2162 1758 versam
2211 1720 2280 1758 ne
2320 1704 2441 1758 haec
2474 1705 2618 1759 ultra
2655 1706 2795 1760 ﬁant
2835 1708 3094 1777 precibus
3125 1725 3317 1776 orare;
3348 1709 3389 1762 si
3429 1710 3577 1764 facta

216 1797 485 1851 celeritate
532 1796 610 1849 sic
648 1795 943 1867 granditer
986 1811 1170 1865 nuper
1206 1799 1391 1848 secuta
1433 1795 1689 1849 defensio
1731 1798 1832 1863 est,
1859 1788 1914 1857 B
1940 1799 2171 1865 fuerint,
2222 1799 2464 1852 libenter
2521 1804 2579 1853 ct
2626 1800 2863 1871 largiter
2914 1801 3158 1856 subsidia
3206 1808 3495 1873 praestare.
3540 1826 3567 1854 ››

218 1891 376 1944 ruinis
429 1908 643 1955 rerum,
686 1891 924 1960 jacturis
972 1907 1169 1961 opum,
1220 1890 1516 1959 dispendio
1566 1889 1831 1957 militum,

215 1986 585 2039 diminutione
626 1992 965 2039 castrorum.
1004 2006 1029 2031 ››
1069 1984 1395 2054 Legebatur
1432 1983 1487 2037 in
1532 1983 1836 2054 superiori-

214 2079 304 2132 bus
347 2080 718 2139 editionibus,
767 2100 793 2129 «
839 2079 1015 2132 ruinis
1060 2095 1281 2148 regum,
1325 2099 1350 2125 η
1400 2078 1609 2147 quibus
1653 2077 1835 2131 verbis

215 2175 393 2227 Decios
422 2174 715 2243 designari
742 2173 1141 2226 existimarunt
1169 2172 1396 2226 eruditi.
1422 2172 1549 2237 Sed,
1579 2172 1835 2243 quamvis

216 2268 457 2320 Baluzius
500 2285 566 2321 ex
616 2272 868 2321 veterum
915 2266 1170 2321 codicum
1212 2266 1542 2319 auctoritate
1586 2266 1839 2337 posuerit

216 2387 236 2413 υ
266 2367 443 2418 ruinis
488 2383 705 2431 rerum,
747 2388 773 2414 ››
806 2382 924 2419 non
968 2366 1153 2418 minus
1191 2364 1489 2417 manifesta
1531 2364 1835 2434 descriptio

214 2466 283 2511 est
342 2476 547 2513 eorum
614 2476 741 2529 quae
808 2458 981 2512 Deciis
1049 2460 1120 2512 ob
1188 2461 1418 2512 vexatos
1484 2458 1837 2513 Christianos

211 2558 538 2616 evenerunt,
590 2570 692 2606 nec
748 2553 949 2606 referri
1004 2555 1193 2622 potest
1243 2552 1310 2605 ad
1365 2552 1683 2605 Gordianus
1739 2557 1838 2606 aut

211 2647 514 2717 Philippos,
542 2648 641 2718 qui
668 2647 1015 2701 Christianos
1052 2664 1163 2699 non
1200 2651 1327 2699 sunt
1361 2646 1661 2716 persecuti.

272 2740 466 2813 148
525 2742 946 2795 Demetrianum
997 2757 1171 2811 quem
1228 2740 1536 2810 Cyprianus
1595 2740 1834 2808 refellit,

209 2835 287 2887 alii
338 2836 747 2904 proconsulem
796 2834 1016 2899 Africae,
1065 2834 1157 2888 alii
1208 2851 1383 2887 unum
1437 2851 1503 2887 ex
1548 2832 1840 2903 judicibus

206 2929 367 2982 fuisse
416 2930 637 2999 opinati
683 2934 832 2982 sunt.
880 2928 1232 2983 Crediderim
1281 2928 1465 2998 potius
1512 2943 1687 2981 unum
1734 2926 1835 2980 ali-

210 3040 363 3093 quem
412 3041 484 3077 ex
533 3022 796 3093 sophistis
838 3022 1044 3090 fuisse;
1090 3022 1260 3093 idque
1309 3022 1439 3075 satis
1487 3020 1839 3092 persuadent

208 3118 410 3171 crebra:
455 3134 593 3171 cum
638 3116 915 3187 Cypriane
954 3116 1383 3186 disputationes,
1433 3115 1730 3169 calumniae
1778 3115 1835 3168 in

207 3212 553 3266 Christianos
616 3216 671 3265 et
730 3210 1162 3265 criminationes
1225 3227 1367 3281 quas
1419 3210 1469 3263 ei
1534 3210 1838 3279 exprobrat

205 3308 538 3377 Cyprianus,
586 3321 949 3376 nequaquam
1000 3305 1256 3359 indicans
1310 3307 1652 3375 potestatem
1706 3320 1835 3357 cum

207 3402 343 3454 mala
383 3401 499 3454 hac
540 3405 730 3453 mente
761 3400 1120 3469 conjunctam
1159 3399 1347 3452 fuisse.
1382 3398 1676 3468 Decepisse
1706 3414 1836 3450 eru-

207 3493 342 3548 ditos
375 3493 645 3549 homines
682 3493 950 3546 videntur
980 3493 1098 3547 haec
1140 3492 1313 3546 verba
1352 3498 1428 3562 (p.
1466 3493 1585 3562 219)
1622 3508 1633 3545 :
1670 3512 1695 3541 ‹‹
1731 3491 1839 3554 Qui

207 3588 334 3642 alios
354 3588 612 3658 judicas,
640 3586 949 3657 aliquando
979 3590 1035 3640 et
1070 3593 1129 3641 tu
1163 3592 1284 3641 esto
1325 3587 1403 3640 tui
1430 3586 1629 3656 judex.
1664 3607 1691 3633 ››
1729 3585 1841 3639 Sed

206 3681 314 3736 hzec
341 3684 411 3736 ad
434 3681 723 3752 judicium
754 3682 976 3735 forense
1014 3698 1127 3735 non
1168 3681 1476 3751 pertinent,
1506 3696 1609 3733 nec
1647 3682 1841 3734 Deme—

205 3778 457 3829 triannm
513 3775 848 3830 nominatim
894 3775 1034 3846 petit
1076 3776 1410 3847 Cyprianus,
1450 3774 1547 3828 sed
1595 3790 1836 3845 genera-

204 3871 293 3924 tim
325 3870 596 3943 gentiles,
631 3869 854 3941 quibus,
882 3875 943 3923 ut
982 3869 1189 3923 ibidem
1224 3868 1321 3936 ait,
1359 3868 1591 3923 vacabat
1624 3890 1651 3917 ι(
1691 3868 1843 3921 inter

204 3966 314 4035 ipsa
374 3966 618 4019 adversa
672 3966 852 4018 malos
916 3980 1067 4030 esse,
1124 3970 1178 4017 et
1236 3964 1292 4016 in
1352 3962 1616 4033 periculis
1667 3962 1841 4016 tantis

204 4076 306 4113 non
348 4061 421 4114 de
464 4076 525 4111 se
561 4058 762 4128 magis,
806 4058 900 4111 sed
941 4058 1010 4111 de
1050 4058 1226 4111 altero
1254 4058 1529 4127 judicare.
1572 4078 1598 4105 ››
1647 4058 1840 4127 Neque

203 4155 362 4207 etiam
397 4154 474 4207 ad
508 4154 927 4207 Demetrianum
965 4152 1189 4223 prOprie
1228 4154 1487 4222 spectant
1524 4152 1644 4205 haec
1672 4152 1843 4205 verba

206 4250 273 4319 i’p.
322 4250 454 4317 220}
513 4264 526 4300 :
580 4269 607 4293 ‹‹
659 4248 939 4311 lnnoxios,
984 4247 1188 4316 justus,
1245 4248 1359 4300 Deo
1417 4246 1618 4300 charos
1668 4247 1840 4300 domo

202 4344 401 4409 privas,
438 4342 786 4412 patrimonio
830 4340 1057 4411 spolias,
1096 4340 1305 4394 catenis
1349 4341 1584 4410 premis,
1619 4356 1841 4394 carcere

202 4436 465 4503 includis,
510 4435 720 4506 gladio,
758 4435 977 4501 bestiis,
1019 4434 1245 4504 ignibus
1286 4435 1475 4506 punis,
1517 4437 1651 4503 etc.,
1686 4458 1712 4483 n
1747 4433 1841 4487 sed

1860 3161 1915 3234 C

1937 1891 2197 1947 Subdidit
2236 1892 2403 1946 etiam
2448 1893 2762 1963 Cyprianus
2804 1895 3039 1950 nomina
3078 1894 3438 1966 singulorum
3474 1897 3569 1967 qui

1937 1986 2005 2040 ad
2042 1987 2151 2041 hoc
2197 2002 2339 2056 opus
2371 1990 2484 2040 tam
2515 1989 2889 2042 necessarium
2932 1994 3198 2060 prompte
3239 2006 3301 2043 ac
3331 1990 3578 2045 libenter

1938 2080 2157 2150 operati
2201 2080 2447 2147 fuerant,
2491 2087 2550 2135 ut
2592 2082 2671 2134 eis
2714 2083 2961 2153 episcopi
3000 2083 3183 2138 vicem
3222 2084 3357 2138 boni
3390 2086 3576 2155 operis

1939 2174 1995 2227 in
2046 2174 2339 2227 sacriﬁciis
2394 2180 2447 2227 et
2495 2175 2756 2245 precibus
2808 2180 3310 2247 repraesentarent;
3363 2178 3461 2232 sed
3520 2182 3578 2233 et

1940 2268 2289 2339 collegarum
2326 2274 2379 2322 et
2406 2271 2893 2337 consacerdotum,
2922 2272 3018 2342 qui
3048 2277 3101 2325 et
3128 2272 3254 2342 ipsi,
3281 2289 3409 2326 cum
3441 2290 3578 2343 pra!-

1942 2368 2132 2416 sentes
2182 2368 2390 2431 essent,
2430 2369 2485 2415 et
2530 2380 2631 2417 suo
2674 2370 2731 2418 et
2774 2365 2951 2433 plebis
2989 2382 3103 2419 suae
3146 2367 3377 2420 nomine
3418 2383 3575 2437 quee-

1939 2456 2073 2510 dam
2135 2472 2238 2527 pro
2302 2456 2516 2510 viribus
2570 2458 2963 2526 contulerant,
3026 2462 3263 2514 nomina
3327 2460 3576 2529 addidit,

1939 2565 2254 2619 eorumque
2319 2551 2635 2604 summulas
2697 2552 3035 2621 signiﬁcavit
3100 2560 3155 2607 et
3219 2554 3392 2608 misit.
3449 2555 3575 2608 Haec

1940 2643 2279 2696 Pearsonius
2326 2645 2627 2713 contigisse
2674 2651 2836 2715 putat
2877 2645 3041 2701 initio
3092 2648 3226 2701 anni
3276 2650 3398 2714 253,
3445 2664 3576 2702 cum

1940 2737 2081 2790 Galli
2130 2737 2477 2807 negligentia
2519 2738 2772 2792 barbaris
2817 2741 3143 2795 nationibus
3184 2741 3241 2795 in
3288 2742 3575 2797 Romano-

1942 2846 2069 2883 rum
2100 2831 2237 2883 ﬁnes
2269 2829 2316 2901 1
2335 2830 2459 2903 49
2481 2831 2668 2885 aditus
2696 2836 2936 2903 pateret.
2962 2834 3102 2888 Illud
3134 2835 3332 2889 saltem
3356 2835 3579 2888 videtur

1938 2924 2106 2977 statui
2160 2940 2340 2994 posse,
2390 2924 2537 2977 hanc
2592 2925 2887 2993 epistolam
2934 2931 3063 2997 post
3115 2929 3578 2998 persecutionem

1940 3016 2091 3071 Decii
2118 3016 2383 3088 scriptam
2413 3017 2600 3071 fuisse.
2629 3019 2685 3073 Si
2713 3019 2839 3091 quis
2867 3021 3020 3075 enim
3048 3021 3259 3076 librum
3286 3022 3351 3075 de
3375 3024 3567 3090 Lapsis

1939 3127 2070 3164 cum
2112 3111 2217 3164 hac
2258 3112 2500 3181 epistola
2530 3114 2805 3182 conferat,
2834 3114 2993 3168 facile
3034 3115 3309 3185 intelliget
3338 3116 3575 3171 Cartha-

1943 3206 2206 3275 ginenses
2234 3205 2308 3258 sic
2341 3209 2396 3260 et
2424 3208 2818 3277 persecutione
2859 3214 3225 3279 expurgatos,
3256 3215 3312 3265 et
3337 3211 3487 3264 curis
3515 3228 3579 3265 ac

1940 3299 2232 3353 laboribus
2288 3301 2556 3371 Cypriani
2612 3302 2938 3357 immutatos
2989 3303 3181 3369 fuisse,
3234 3308 3294 3359 ut
3346 3305 3575 3359 eosdem

1942 3410 2064 3447 esse
2098 3393 2185 3447 vix
2224 3411 2515 3464 agnoscas.
2548 3396 2711 3463 Nam,
2740 3412 2869 3450 cum
2899 3400 3069 3451 antea
3096 3398 3368 3468 plurimos
3395 3398 3449 3451 in
3480 3400 3583 3453 hac

1949 3488 2199 3542 Ecclesia
2240 3487 2583 3543 diuturnitas
2625 3490 2777 3559 pacis
2819 3491 3180 3561 corrupisset,
3216 3494 3269 3545 et
3306 3492 3579 3562 patrimo-

1945 3582 2023 3635 nii
2056 3598 2221 3636 amor
2248 3582 2567 3637 sacriﬁcare
2596 3584 2913 3639 simulacris
2942 3585 3243 3655 adegisset,
3278 3602 3429 3640 nunc
3456 3603 3580 3641 om-

1946 3692 2063 3741 nes,
2093 3681 2327 3747 accepto
2376 3677 2454 3730 rei
2495 3678 2549 3730 in
2594 3678 2855 3732 Numidia
2898 3684 3069 3749 gestae
3100 3679 3323 3747 nuntio,
3358 3681 3585 3751 captivi.

1944 3774 2123 3824 tatem
2172 3770 2418 3825 fratrum
2467 3787 2628 3825 suam
2677 3776 3035 3844 computant,
3085 3790 3284 3828 omnes
3334 3774 3585 3845 periculo

1944 3864 2231 3934 virginum
2272 3870 2517 3920 moerent
2555 3871 2610 3920 et
2644 3868 3063 3936 excruciantur,
3092 3885 3291 3922 omnes
3330 3868 3402 3923 ad
3442 3870 3590 3923 redi-

1946 3959 2158 4012 menda
2209 3960 2303 4013 Dei
2354 3960 2563 4031 templa
2607 3961 2868 4015 certatim
2915 3978 3051 4031 opes
3094 3979 3221 4015 suas
3262 3961 3584 4029 effundunt,

1946 4070 2149 4106 omnes
2212 4060 2518 4123 precantur
2585 4072 2656 4109 ne
2725 4054 2846 4109 haec
2909 4056 3055 4109 ultra
3122 4056 3290 4122 ﬁant;
3349 4056 3481 4124 sed,
3542 4056 3587 4110 si

1943 4148 2091 4200 facta
2131 4147 2368 4216 fuerint,
2410 4148 2655 4203 libenter
2693 4153 2751 4203 et
2794 4150 3029 4220 largiter
3062 4150 3305 4204 subsidia
3346 4150 3583 4220 promit-

1944 4246 2089 4294 tunt.

1944 4354 2171 4409 XXVIII.
2213 4387 2281 4395 —
2318 4359 2394 4410 De
2444 4357 2596 4410 libris
2639 4362 2688 4410 et
2737 4359 2973 4426 epistolis
3010 4365 3133 4429 post
3167 4361 3587 4427 persecutionem

2014 4438 2231 4505 scriptis
2258 4438 2354 4490 sub
2384 4439 2673 4491 Valeriano
2702 4444 2866 4507 atque
2891 4441 2949 4492 in
2971 4440 3291 4509 primordiis
3320 4440 3587 4509 Stephani

203 4530 531 4600 generatim
576 4530 647 4583 ad
695 4546 895 4583 omnes
942 4528 1214 4596 ethnicos,
1262 4546 1429 4599 quos,
1477 4535 1537 4582 ut
1582 4528 1701 4581 ﬁeri
1751 4535 1922 4605 so-D
2009 4532 2193 4586 papae,
2221 4520 2384 4571 annis
2411 4520 2510 4572 253
2544 4524 2593 4571 et
2621 4519 2744 4572 254.

200 4626 271 4679 let
324 4626 383 4679 in
439 4624 719 4694 ejusmodi
775 4623 1147 4690 orationibus,
1199 4639 1349 4676 nunc
1399 4621 1677 4693 singulari
1727 4638 1830 4674 nu-

201 4737 377 4787 mero,
420 4735 577 4772 nunc
607 4718 803 4788 plurali
838 4717 1162 4787 alloquitur.
1205 4717 1371 4771 Paulo
1400 4723 1531 4769 ante
1567 4715 1790 4769 dicebat
1819 4731 1831 4769 :

202 4838 223 4859 οι
262 4814 469 4867 Adhuc
510 4813 741 4882 insuper
776 4811 873 4865 Dei
906 4827 1096 4864 servos
1124 4816 1180 4863 ct
1212 4810 1492 4880 majestati
1527 4827 1589 4863 ac
1621 4807 1837 4863 nomini

199 4910 316 4977 ejus
360 4908 580 4962 dicatos
622 4906 845 4975 injustis
887 4905 1375 4975 persecutiouibus
1421 4904 1694 4975 fatigatis.
1738 4907 1836 4958 Sa-

200 5002 263 5056 tis
312 5018 437 5056 non
483 5008 567 5055 est
609 5000 760 5070 quod
806 4999 927 5068 ipse
975 5005 1031 5051 tu
1078 4999 1254 5052 Deum
1300 5015 1415 5052 non
1461 4998 1617 5064 colis,
1658 4997 1839 5051 adhuc

203 5097 441 5167 insuper
480 5112 577 5149 eos
613 5095 711 5165 qui
755 5093 952 5147 colunt
992 5092 1263 5163 sacrilega
1308 5092 1675 5145 infestatione
1709 5107 1839 5161 per-

202 5191 480 5262 sequeris.
516 5212 542 5237 η

264 5284 537 5355 Cypriani
570 5282 888 5337 hortatibus
918 5297 1151 5336 accensa
1193 5280 1352 5351 plebs
1386 5279 1843 5350 Carthaginensis

202 5378 453 5433 libenter
476 5378 805 5447 arripiebat,
830 5376 872 5429 si
902 5392 1014 5447 qua
1040 5392 1098 5429 se
1123 5375 1284 5429 daret
1309 5375 1529 5428 occasio
1555 5374 1844 5427 charitatis

204 5474 564 5527 exercendae.
596 5472 759 5537 Quod
794 5476 915 5525 tum
949 5470 1194 5524 maxime
1224 5468 1527 5523 declaravit
1553 5484 1682 5522 cum
1716 5471 1840 5521 octo

205 5567 489 5621 Numidia:
539 5566 789 5637 episc0pi
842 5564 1177 5635 gravissimo
1220 5580 1351 5617 casu
1403 5562 1645 5634 perculsi
1692 5562 1846 5633 quod

208 5663 399 5731 plures
425 5661 775 5716 Christianos
801 5676 831 5713 e
852 5658 1141 5727 Numidia,
1166 5658 1224 5711 in
1248 5658 1335 5711 his
1354 5657 1606 5728 virgines
1627 5656 1847 5713 Christo

211 5754 446 5823 dicatas,
480 5754 701 5808 barbari
726 5752 1110 5821 abduxissent,
1145 5768 1317 5824 opem
1351 5750 1619 5823 Cypriani
1645 5750 1849 5823 implo-

216 5854 437 5903 ramnt.
470 5851 607 5904 Tum
636 5866 769 5903 vero
798 5847 1112 5902 communis
1144 5846 1403 5903 Ecclesize
1430 5846 1846 5920 Carthaginen-

2014 4621 2132 4673 Non
2169 4621 2348 4675 multo
2398 4626 2525 4691 post
2568 4620 2719 4674 Lucii
2756 4622 3114 4691 martyrium,
3148 4622 3299 4693 quod
3346 4622 3588 4692 contigit

1938 4715 2029 4769 die
2081 4715 2283 4785 quinto
2328 4715 2508 4767 Martii
2550 4715 2721 4784 hujus
2762 4716 2896 4768 anni
2936 4718 3058 4780 253,
3099 4716 3310 4769 electus
3346 4720 3430 4769 est
3464 4716 3584 4769 Ste-

1941 4810 2188 4880 phanus,
2219 4809 2365 4862 forte
2409 4808 2538 4878 quia
2576 4809 2697 4877 jam
2742 4813 2861 4861 tum
2908 4808 3263 4863 Christianos
3305 4809 3586 4879 respirare

1944 4902 2218 4957 sinebant
2268 4905 2454 4955 motus
2507 4902 2562 4955 in
2613 4902 2850 4973 imperio
2906 4902 3151 4957 excitati.
3206 4904 3341 4955 Nam
3392 4920 3589 4958 mense

1942 4998 2103 5062 Maio,
2153 5001 2213 5050 ut
2256 4996 2595 5051 doctissimis
2635 4997 2849 5051 criticis
2892 4998 3139 5063 videtur,
3172 4997 3313 5051 ultio
3354 4998 3586 5068 sangui-

1943 5092 2031 5145 nis
2068 5090 2527 5147 Christianorum
2562 5091 2619 5145 in
2660 5091 2814 5146 Gallo
2856 5092 3080 5154 enituit,
3109 5108 3279 5163 quem
3320 5091 3405 5145 sui
3438 5091 3589 5146 mili-

1946 5190 2056 5251 tes,
2115 5202 2243 5239 cum
2302 5186 2627 5257 repellendo
2678 5187 2999 5254 Aimiliano,
3048 5187 3146 5257 qui
3195 5187 3314 5257 jam
3370 5186 3589 5241 Italiam

1946 5284 2345 5350 occupaverat,
2402 5280 2679 5351 imparem
2732 5281 3012 5349 viderent,
3068 5280 3313 5352 imperio
3370 5284 3426 5335 et
3478 5282 3593 5335 vita

1946 5373 2280 5443 spoliarunt.
2328 5376 2469 5429 Cum
2516 5380 2709 5429 autem
2754 5374 3087 5429 IEmilianus
3126 5373 3248 5446 ipse
3294 5374 3442 5428 circa
3485 5377 3594 5430 Au-

1948 5470 2181 5539 gustum
2222 5484 2477 5524 mensem
2506 5485 2536 5522 a
2566 5469 2859 5537 militibus,
2898 5469 2992 5539 qui
3036 5468 3340 5540 imperium
3371 5468 3590 5523 detule-

1951 5566 2081 5616 rant
2135 5562 2354 5617 occisus
2403 5563 2619 5627 fuisset,
2671 5563 2915 5633 imperio
2965 5564 3177 5633 potitus
3233 5568 3314 5616 est
3364 5563 3593 5617 nemine

1948 5655 2352 5726 interpellante
2402 5657 2746 5724 Valerianus,
2791 5658 2954 5727 cujus
2994 5657 3263 5728 aequitate
3297 5661 3351 5710 et
3392 5655 3595 5709 eximio

1948 5750 2143 5805 favore
2194 5766 2423 5804 summa
2476 5767 2583 5821 pax
2633 5750 2896 5806 Ecclesiae
2942 5750 3171 5805 affulsit.
3225 5750 3356 5817 Sed,
3404 5749 3598 5803 sedata

1952 5844 2364 5917 persecutionis
2394 5845 2663 5917 procella,
2695 5845 2866 5915 pestis
2899 5844 3341 5915 ingravescebat.
3379 5842 3595 5905 Quam-
