  <div class='ocr_page' id='page_1' title='image "/cluster/home/n/w/nwhite01/storage/ocr_20150623/4/hvd.32044073549446/081.png"; bbox 0 0 4084 6208; ppageno 0'>
   <div class='ocr_carea' id='block_1_1' title="bbox 448 260 2069 317">
    <p class='ocr_par' dir='ltr' id='par_1_1' title="bbox 448 261 2029 317">
     <span class='ocr_line' id='line_1_1' title="bbox 448 261 2029 317; baseline -0.001 -3"><span class='ocrx_word' id='word_1_1' title='bbox 448 261 534 315; x_wconf 78' lang='grc'>151</span> <span class='ocrx_word' id='word_1_2' title='bbox 1787 261 1939 317; x_wconf 79' lang='grc' dir='ltr'>νιτΑ</span> <span class='ocrx_word' id='word_1_3' title='bbox 1977 262 2029 316; x_wconf 92' lang='lat' dir='ltr'>S.</span> 
     </span>
    </p>
   </div>
   <div class='ocr_carea' id='block_1_2' title="bbox 2174 260 2406 317">
    <p class='ocr_par' dir='ltr' id='par_1_2' title="bbox 2174 260 2406 316">
     <span class='ocr_line' id='line_1_2' title="bbox 2174 260 2406 316; baseline -0.004 -1"><span class='ocrx_word' id='word_1_4' title='bbox 2174 260 2406 316; x_wconf 57' lang='lat' dir='ltr'>PBIANI.</span> 
     </span>
    </p>
   </div>
   <div class='ocr_carea' id='block_1_3' title="bbox 3716 268 3814 322">
    <p class='ocr_par' dir='ltr' id='par_1_3' title="bbox 3716 268 3814 322">
     <span class='ocr_line' id='line_1_3' title="bbox 3716 268 3814 322; baseline 0.01 -1"><span class='ocrx_word' id='word_1_5' title='bbox 3716 268 3814 322; x_wconf 75' lang='grc'>152</span> 
     </span>
    </p>
   </div>
   <div class='ocr_carea' id='block_1_4' title="bbox 445 385 3816 472">
    <p class='ocr_par' dir='ltr' id='par_1_4' title="bbox 445 385 3816 472">
     <span class='ocr_line' id='line_1_4' title="bbox 445 385 3816 472; baseline 0 -27"><span class='ocrx_word' id='word_1_6' title='bbox 445 392 642 446; x_wconf 83' lang='lat' dir='ltr'>obrem</span> <span class='ocrx_word' id='word_1_7' title='bbox 679 389 1008 462; x_wconf 82' lang='lat' dir='ltr'>Cyprianus,</span> <span class='ocrx_word' id='word_1_8' title='bbox 1048 404 1175 443; x_wconf 89' lang='lat' dir='ltr'>cum</span> <span class='ocrx_word' id='word_1_9' title='bbox 1215 387 1698 443; x_wconf 91' lang='lat' dir='ltr'>animadverteret</span> <span class='ocrx_word' id='word_1_10' title='bbox 1734 410 1761 438; x_wconf 88' lang='grc'>‹‹</span> <span class='ocrx_word' id='word_1_11' title='bbox 1802 389 1858 442; x_wconf 91' lang='lat' dir='ltr'>in</span> <span class='ocrx_word' id='word_1_12' title='bbox 1899 388 2068 460; x_wconf 82' lang='lat' dir='ltr'>plebe</span> <span class='ocrx_word' id='word_1_13' title='bbox 2092 386 2359 472; x_wconf 66' lang='lat' dir='ltr'>Ainquit</span> <span class='ocrx_word' id='word_1_14' title='bbox 2387 386 2718 457; x_wconf 82' lang='lat' dir='ltr'>Cyprianus,</span> <span class='ocrx_word' id='word_1_15' title='bbox 2751 385 2798 440; x_wconf 89' lang='lat' dir='ltr'>si</span> <span class='ocrx_word' id='word_1_16' title='bbox 2834 386 2891 442; x_wconf 91' lang='lat' dir='ltr'>in</span> <span class='ocrx_word' id='word_1_17' title='bbox 2935 387 3044 442; x_wconf 92' lang='lat' dir='ltr'>hoc</span> <span class='ocrx_word' id='word_1_18' title='bbox 3075 388 3266 460; x_wconf 90' lang='lat' dir='ltr'>operis</span> <span class='ocrx_word' id='word_1_19' title='bbox 3306 405 3493 460; x_wconf 81' lang='lat' dir='ltr'>agone</span> <span class='ocrx_word' id='word_1_20' title='bbox 3519 395 3816 448; x_wconf 89' lang='lat' dir='ltr'>currentes</span> 
     </span>
    </p>
   </div>
   <div class='ocr_carea' id='block_1_5' title="bbox 443 482 2065 556">
    <p class='ocr_par' dir='ltr' id='par_1_5' title="bbox 443 482 2065 556">
     <span class='ocr_line' id='line_1_5' title="bbox 443 482 2065 556; baseline -0.003 -15"><span class='ocrx_word' id='word_1_21' title='bbox 443 487 723 556; x_wconf 89' lang='lat' dir='ltr'>quosdam</span> <span class='ocrx_word' id='word_1_22' title='bbox 752 485 835 538; x_wconf 90' lang='lat' dir='ltr'>vel</span> <span class='ocrx_word' id='word_1_23' title='bbox 867 484 1258 538; x_wconf 89' lang='lat' dir='ltr'>imbecillitate</span> <span class='ocrx_word' id='word_1_24' title='bbox 1286 482 1482 550; x_wconf 90' lang='lat' dir='ltr'>animi,</span> <span class='ocrx_word' id='word_1_25' title='bbox 1507 484 1593 537; x_wconf 85' lang='lat' dir='ltr'>vel</span> <span class='ocrx_word' id='word_1_26' title='bbox 1613 483 1747 537; x_wconf 79' lang='lat' dir='ltr'>fidei</span> <span class='ocrx_word' id='word_1_27' title='bbox 1773 483 2065 553; x_wconf 71' lang='lat' dir='ltr'>parvitate,</span> 
     </span>
    </p>
   </div>
   <div class='ocr_carea' id='block_1_6' title="bbox 443 577 2070 644">
    <p class='ocr_par' dir='ltr' id='par_1_6' title="bbox 443 577 2070 644">
     <span class='ocr_line' id='line_1_6' title="bbox 443 577 2070 644; baseline -0.001 -14"><span class='ocrx_word' id='word_1_28' title='bbox 443 581 528 635; x_wconf 89' lang='lat' dir='ltr'>vel</span> <span class='ocrx_word' id='word_1_29' title='bbox 578 579 877 634; x_wconf 83' lang='lat' dir='ltr'>dulcedine</span> <span class='ocrx_word' id='word_1_30' title='bbox 923 579 1209 633; x_wconf 67' lang='lat' dir='ltr'>saecularis</span> <span class='ocrx_word' id='word_1_31' title='bbox 1255 579 1405 644; x_wconf 71' lang='lat' dir='ltr'>vitae,</span> <span class='ocrx_word' id='word_1_32' title='bbox 1457 577 1544 631; x_wconf 85' lang='lat' dir='ltr'>vel</span> <span class='ocrx_word' id='word_1_33' title='bbox 1596 594 1761 631; x_wconf 84' lang='lat' dir='ltr'>sexus</span> <span class='ocrx_word' id='word_1_34' title='bbox 1812 577 2070 643; x_wconf 83' lang='lat' dir='ltr'>mollitie,</span> 
     </span>
    </p>
   </div>
   <div class='ocr_carea' id='block_1_7' title="bbox 434 672 2073 746">
    <p class='ocr_par' dir='ltr' id='par_1_7' title="bbox 434 672 2073 746">
     <span class='ocr_line' id='line_1_7' title="bbox 434 672 2073 746; baseline -0.001 -18"><span class='ocrx_word' id='word_1_35' title='bbox 434 677 549 745; x_wconf 77' lang='lat' dir='ltr'>vel,</span> <span class='ocrx_word' id='word_1_36' title='bbox 585 676 738 746; x_wconf 87' lang='lat' dir='ltr'>quod</span> <span class='ocrx_word' id='word_1_37' title='bbox 782 676 963 746; x_wconf 84' lang='lat' dir='ltr'>majus</span> <span class='ocrx_word' id='word_1_38' title='bbox 1004 681 1106 744; x_wconf 90' lang='lat' dir='ltr'>est,</span> <span class='ocrx_word' id='word_1_39' title='bbox 1147 675 1403 728; x_wconf 78' lang='lat' dir='ltr'>veritatis</span> <span class='ocrx_word' id='word_1_40' title='bbox 1443 689 1656 740; x_wconf 87' lang='lat' dir='ltr'>errore,</span> <span class='ocrx_word' id='word_1_41' title='bbox 1700 672 1888 727; x_wconf 90' lang='lat' dir='ltr'>minus</span> <span class='ocrx_word' id='word_1_42' title='bbox 1927 678 2073 728; x_wconf 88' lang='lat' dir='ltr'>stare</span> 
     </span>
    </p>
   </div>
   <div class='ocr_carea' id='block_1_8' title="bbox 444 767 2074 841">
    <p class='ocr_par' dir='ltr' id='par_1_8' title="bbox 444 767 2074 841">
     <span class='ocr_line' id='line_1_8' title="bbox 444 767 2074 841; baseline -0.002 -17"><span class='ocrx_word' id='word_1_43' title='bbox 444 770 684 837; x_wconf 77' lang='lat' dir='ltr'>fortiter,</span> <span class='ocrx_word' id='word_1_44' title='bbox 725 786 825 824; x_wconf 90' lang='lat' dir='ltr'>nec</span> <span class='ocrx_word' id='word_1_45' title='bbox 865 769 1115 841; x_wconf 86' lang='lat' dir='ltr'>pectoris</span> <span class='ocrx_word' id='word_1_46' title='bbox 1155 769 1238 822; x_wconf 91' lang='lat' dir='ltr'>sui</span> <span class='ocrx_word' id='word_1_47' title='bbox 1284 768 1540 822; x_wconf 90' lang='lat' dir='ltr'>divinum</span> <span class='ocrx_word' id='word_1_48' title='bbox 1586 770 1755 838; x_wconf 87' lang='lat' dir='ltr'>atque</span> <span class='ocrx_word' id='word_1_49' title='bbox 1796 767 2074 821; x_wconf 90' lang='lat' dir='ltr'>invictum</span> 
     </span>
    </p>
   </div>
   <div class='ocr_carea' id='block_1_9' title="bbox 444 861 2123 934">
    <p class='ocr_par' dir='ltr' id='par_1_9' title="bbox 444 861 2123 934">
     <span class='ocr_line' id='line_1_9' title="bbox 444 861 2123 934; baseline -0.001 -17"><span class='ocrx_word' id='word_1_50' title='bbox 444 864 616 918; x_wconf 89' lang='lat' dir='ltr'>robur</span> <span class='ocrx_word' id='word_1_51' title='bbox 645 880 926 931; x_wconf 77' lang='lat' dir='ltr'>exserere,</span> <span class='ocrx_word' id='word_1_52' title='bbox 957 883 984 914; x_wconf 84' lang='lat'>»</span> <span class='ocrx_word' id='word_1_53' title='bbox 1013 880 1128 918; x_wconf 91' lang='lat' dir='ltr'>non</span> <span class='ocrx_word' id='word_1_54' title='bbox 1168 863 1536 934; x_wconf 67' lang='lat' dir='ltr'>praetermisit</span> <span class='ocrx_word' id='word_1_55' title='bbox 1570 861 1920 916; x_wconf 86' lang='lat' dir='ltr'>occasionem</span> <span class='ocrx_word' id='word_1_56' title='bbox 1967 861 2070 916; x_wconf 83' lang='lat' dir='ltr'>do-</span> <span class='ocrx_word' id='word_1_57' title='bbox 2114 888 2123 896; x_wconf 90' lang='lat'><strong>-</strong></span> 
     </span>
    </p>
   </div>
   <div class='ocr_carea' id='block_1_10' title="bbox 445 957 2074 1028">
    <p class='ocr_par' dir='ltr' id='par_1_10' title="bbox 445 957 2074 1028">
     <span class='ocr_line' id='line_1_10' title="bbox 445 957 2074 1028; baseline -0.001 -16"><span class='ocrx_word' id='word_1_58' title='bbox 445 957 636 1013; x_wconf 69' lang='lat' dir='ltr'>cendaz</span> <span class='ocrx_word' id='word_1_59' title='bbox 668 958 941 1026; x_wconf 85' lang='lat' dir='ltr'>veritatis,</span> <span class='ocrx_word' id='word_1_60' title='bbox 975 975 1038 1012; x_wconf 91' lang='lat' dir='ltr'>ac</span> <span class='ocrx_word' id='word_1_61' title='bbox 1081 957 1614 1028; x_wconf 75' lang='lat' dir='ltr'>praestantissimum</span> <span class='ocrx_word' id='word_1_62' title='bbox 1646 958 1710 1011; x_wconf 86' lang='lat' dir='ltr'>de</span> <span class='ocrx_word' id='word_1_63' title='bbox 1744 957 2074 1011; x_wconf 77' lang='lat' dir='ltr'>Mortalitate</span> 
     </span>
    </p>
   </div>
   <div class='ocr_carea' id='block_1_11' title="bbox 445 1050 2069 1122">
    <p class='ocr_par' dir='ltr' id='par_1_11' title="bbox 445 1050 2069 1122">
     <span class='ocr_line' id='line_1_11' title="bbox 445 1050 2069 1122; baseline -0.001 -18"><span class='ocrx_word' id='word_1_64' title='bbox 445 1050 656 1106; x_wconf 88' lang='lat' dir='ltr'>librum</span> <span class='ocrx_word' id='word_1_65' title='bbox 700 1051 939 1122; x_wconf 87' lang='lat' dir='ltr'>scripsit,</span> <span class='ocrx_word' id='word_1_66' title='bbox 970 1052 1026 1106; x_wconf 91' lang='lat' dir='ltr'>in</span> <span class='ocrx_word' id='word_1_67' title='bbox 1065 1067 1175 1122; x_wconf 92' lang='lat' dir='ltr'>quo</span> <span class='ocrx_word' id='word_1_68' title='bbox 1213 1050 1569 1104; x_wconf 87' lang='lat' dir='ltr'>demonstrat</span> <span class='ocrx_word' id='word_1_69' title='bbox 1607 1050 1728 1122; x_wconf 87' lang='lat' dir='ltr'>ejus</span> <span class='ocrx_word' id='word_1_70' title='bbox 1766 1065 1884 1103; x_wconf 91' lang='lat' dir='ltr'>esse</span> <span class='ocrx_word' id='word_1_71' title='bbox 1920 1066 2069 1103; x_wconf 90' lang='lat' dir='ltr'>mor-</span> 
     </span>
    </p>
   </div>
   <div class='ocr_carea' id='block_1_12' title="bbox 446 1143 2072 1216">
    <p class='ocr_par' dir='ltr' id='par_1_12' title="bbox 446 1143 2072 1216">
     <span class='ocr_line' id='line_1_12' title="bbox 446 1143 2072 1216; baseline -0.002 -16"><span class='ocrx_word' id='word_1_72' title='bbox 446 1151 564 1200; x_wconf 85' lang='lat' dir='ltr'>tem</span> <span class='ocrx_word' id='word_1_73' title='bbox 607 1145 804 1199; x_wconf 91' lang='lat' dir='ltr'>timere</span> <span class='ocrx_word' id='word_1_74' title='bbox 845 1145 940 1216; x_wconf 89' lang='lat' dir='ltr'>qui</span> <span class='ocrx_word' id='word_1_75' title='bbox 980 1145 1048 1199; x_wconf 85' lang='lat' dir='ltr'>ad</span> <span class='ocrx_word' id='word_1_76' title='bbox 1089 1144 1376 1199; x_wconf 87' lang='lat' dir='ltr'>Christum</span> <span class='ocrx_word' id='word_1_77' title='bbox 1415 1143 1498 1198; x_wconf 91' lang='lat' dir='ltr'>ire</span> <span class='ocrx_word' id='word_1_78' title='bbox 1540 1143 1700 1210; x_wconf 88' lang='lat' dir='ltr'>nolit,</span> <span class='ocrx_word' id='word_1_79' title='bbox 1743 1160 1838 1197; x_wconf 91' lang='lat' dir='ltr'>eos</span> <span class='ocrx_word' id='word_1_80' title='bbox 1878 1146 2072 1197; x_wconf 88' lang='lat' dir='ltr'>autem</span> 
     </span>
    </p>
   </div>
   <div class='ocr_carea' id='block_1_13' title="bbox 447 1237 2071 1310">
    <p class='ocr_par' dir='ltr' id='par_1_13' title="bbox 447 1237 2071 1310">
     <span class='ocr_line' id='line_1_13' title="bbox 447 1237 2071 1310; baseline -0.001 -18"><span class='ocrx_word' id='word_1_81' title='bbox 447 1241 546 1310; x_wconf 85' lang='lat' dir='ltr'>qui</span> <span class='ocrx_word' id='word_1_82' title='bbox 572 1256 696 1295; x_wconf 86' lang='lat' dir='ltr'>vere</span> <span class='ocrx_word' id='word_1_83' title='bbox 723 1240 779 1293; x_wconf 93' lang='lat' dir='ltr'>in</span> <span class='ocrx_word' id='word_1_84' title='bbox 807 1239 1096 1296; x_wconf 86' lang='lat' dir='ltr'>Christum</span> <span class='ocrx_word' id='word_1_85' title='bbox 1124 1238 1386 1304; x_wconf 89' lang='lat' dir='ltr'>credunt,</span> <span class='ocrx_word' id='word_1_86' title='bbox 1408 1238 1584 1292; x_wconf 81' lang='lat' dir='ltr'>laetari</span> <span class='ocrx_word' id='word_1_87' title='bbox 1609 1239 1815 1292; x_wconf 89' lang='lat' dir='ltr'>debere</span> <span class='ocrx_word' id='word_1_88' title='bbox 1845 1254 1974 1292; x_wconf 92' lang='lat' dir='ltr'>cum</span> <span class='ocrx_word' id='word_1_89' title='bbox 2001 1237 2071 1291; x_wconf 88' lang='lat' dir='ltr'>ad</span> 
     </span>
    </p>
   </div>
   <div class='ocr_carea' id='block_1_14' title="bbox 445 1331 2069 1404">
    <p class='ocr_par' dir='ltr' id='par_1_14' title="bbox 445 1331 2069 1404">
     <span class='ocr_line' id='line_1_14' title="bbox 445 1331 2069 1404; baseline -0.002 -15"><span class='ocrx_word' id='word_1_90' title='bbox 445 1334 732 1389; x_wconf 86' lang='lat' dir='ltr'>Christum</span> <span class='ocrx_word' id='word_1_91' title='bbox 773 1337 1071 1388; x_wconf 86' lang='lat' dir='ltr'>vocantur.</span> <span class='ocrx_word' id='word_1_92' title='bbox 1112 1333 1315 1387; x_wconf 88' lang='lat' dir='ltr'>Narrat</span> <span class='ocrx_word' id='word_1_93' title='bbox 1356 1332 1688 1404; x_wconf 89' lang='lat' dir='ltr'>episcopum</span> <span class='ocrx_word' id='word_1_94' title='bbox 1735 1331 2069 1403; x_wconf 88' lang='lat' dir='ltr'>quemdam,</span> 
     </span>
    </p>
   </div>
   <div class='ocr_carea' id='block_1_15' title="bbox 447 1426 2072 1500">
    <p class='ocr_par' dir='ltr' id='par_1_15' title="bbox 447 1426 2072 1500">
     <span class='ocr_line' id='line_1_15' title="bbox 447 1426 2072 1500; baseline -0.001 -18"><span class='ocrx_word' id='word_1_95' title='bbox 447 1429 544 1500; x_wconf 89' lang='lat' dir='ltr'>qui</span> <span class='ocrx_word' id='word_1_96' title='bbox 585 1428 810 1499; x_wconf 87' lang='lat' dir='ltr'>petebat</span> <span class='ocrx_word' id='word_1_97' title='bbox 856 1431 916 1481; x_wconf 88' lang='lat' dir='ltr'>ut</span> <span class='ocrx_word' id='word_1_98' title='bbox 945 1444 974 1481; x_wconf 93' lang='lat' dir='ltr'>e</span> <span class='ocrx_word' id='word_1_99' title='bbox 1006 1427 1207 1481; x_wconf 90' lang='lat' dir='ltr'>morbo</span> <span class='ocrx_word' id='word_1_100' title='bbox 1252 1426 1538 1493; x_wconf 88' lang='lat' dir='ltr'>evaderet,</span> <span class='ocrx_word' id='word_1_101' title='bbox 1574 1426 1912 1497; x_wconf 86' lang='lat' dir='ltr'>increpitum</span> <span class='ocrx_word' id='word_1_102' title='bbox 1953 1441 2072 1480; x_wconf 89' lang='lat' dir='ltr'>esse</span> 
     </span>
    </p>
   </div>
   <div class='ocr_carea' id='block_1_16' title="bbox 447 1519 2068 1592">
    <p class='ocr_par' dir='ltr' id='par_1_16' title="bbox 447 1519 2068 1592">
     <span class='ocr_line' id='line_1_16' title="bbox 447 1519 2068 1592; baseline -0.001 -16"><span class='ocrx_word' id='word_1_103' title='bbox 447 1524 505 1576; x_wconf 89' lang='lat' dir='ltr'>in</span> <span class='ocrx_word' id='word_1_104' title='bbox 535 1521 750 1576; x_wconf 89' lang='lat' dir='ltr'>visione</span> <span class='ocrx_word' id='word_1_105' title='bbox 785 1537 798 1575; x_wconf 91' lang='lat'><strong>:</strong></span> <span class='ocrx_word' id='word_1_106' title='bbox 834 1542 861 1570; x_wconf 92' lang='grc'>‹‹</span> <span class='ocrx_word' id='word_1_107' title='bbox 899 1520 1068 1575; x_wconf 81' lang='lat' dir='ltr'>Nobis</span> <span class='ocrx_word' id='word_1_108' title='bbox 1106 1536 1334 1592; x_wconf 90' lang='lat' dir='ltr'>quoque</span> <span class='ocrx_word' id='word_1_109' title='bbox 1376 1519 1533 1591; x_wconf 87' lang='lat' dir='ltr'>ipsis,</span> <span class='ocrx_word' id='word_1_110' title='bbox 1572 1519 1758 1591; x_wconf 89' lang='lat' dir='ltr'>inquit</span> <span class='ocrx_word' id='word_1_111' title='bbox 1799 1520 1880 1591; x_wconf 89' lang='lat' dir='ltr'>(p.</span> <span class='ocrx_word' id='word_1_112' title='bbox 1923 1519 2068 1590; x_wconf 79' lang='grc'>234),</span> 
     </span>
    </p>
   </div>
   <div class='ocr_carea' id='block_1_17' title="bbox 446 1613 2071 1685">
    <p class='ocr_par' dir='ltr' id='par_1_17' title="bbox 446 1613 2071 1685">
     <span class='ocr_line' id='line_1_17' title="bbox 446 1613 2071 1685; baseline -0.001 -15"><span class='ocrx_word' id='word_1_113' title='bbox 446 1615 698 1670; x_wconf 89' lang='lat' dir='ltr'>minimis</span> <span class='ocrx_word' id='word_1_114' title='bbox 744 1619 800 1668; x_wconf 92' lang='lat' dir='ltr'>et</span> <span class='ocrx_word' id='word_1_115' title='bbox 841 1613 1104 1669; x_wconf 84' lang='lat' dir='ltr'>extremis</span> <span class='ocrx_word' id='word_1_116' title='bbox 1142 1614 1366 1685; x_wconf 89' lang='lat' dir='ltr'>quoties</span> <span class='ocrx_word' id='word_1_117' title='bbox 1406 1615 1718 1669; x_wconf 88' lang='lat' dir='ltr'>revelatum</span> <span class='ocrx_word' id='word_1_118' title='bbox 1759 1618 1861 1680; x_wconf 90' lang='lat' dir='ltr'>est,</span> <span class='ocrx_word' id='word_1_119' title='bbox 1896 1630 2071 1685; x_wconf 89' lang='lat' dir='ltr'>quam</span> 
     </span>
    </p>
   </div>
   <div class='ocr_carea' id='block_1_18' title="bbox 443 1707 2068 1779">
    <p class='ocr_par' dir='ltr' id='par_1_18' title="bbox 443 1707 2068 1779">
     <span class='ocr_line' id='line_1_18' title="bbox 443 1707 2068 1779; baseline -0.002 -15"><span class='ocrx_word' id='word_1_120' title='bbox 443 1709 775 1779; x_wconf 85' lang='lat' dir='ltr'>frequenter</span> <span class='ocrx_word' id='word_1_121' title='bbox 821 1712 878 1762; x_wconf 90' lang='lat' dir='ltr'>et</span> <span class='ocrx_word' id='word_1_122' title='bbox 930 1707 1227 1762; x_wconf 83' lang='lat' dir='ltr'>manifeste</span> <span class='ocrx_word' id='word_1_123' title='bbox 1271 1708 1342 1762; x_wconf 92' lang='lat' dir='ltr'>de</span> <span class='ocrx_word' id='word_1_124' title='bbox 1393 1709 1494 1762; x_wconf 87' lang='lat' dir='ltr'>Dei</span> <span class='ocrx_word' id='word_1_125' title='bbox 1540 1707 1870 1779; x_wconf 80' lang='lat' dir='ltr'>dignatione</span> <span class='ocrx_word' id='word_1_126' title='bbox 1923 1723 2068 1778; x_wconf 66' lang='lat' dir='ltr'>pra:-</span> 
     </span>
    </p>
   </div>
   <div class='ocr_carea' id='block_1_19' title="bbox 443 1771 2148 1874">
    <p class='ocr_par' dir='ltr' id='par_1_19' title="bbox 443 1771 2148 1874">
     <span class='ocr_line' id='line_1_19' title="bbox 443 1771 2148 1874; baseline -0.003 -16"><span class='ocrx_word' id='word_1_127' title='bbox 443 1771 671 1874; x_wconf 79' lang='lat' dir='ltr'>ceptum</span> <span class='ocrx_word' id='word_1_128' title='bbox 703 1807 787 1856; x_wconf 89' lang='lat' dir='ltr'>est</span> <span class='ocrx_word' id='word_1_129' title='bbox 812 1808 874 1856; x_wconf 91' lang='lat' dir='ltr'>ut</span> <span class='ocrx_word' id='word_1_130' title='bbox 902 1804 1252 1856; x_wconf 88' lang='lat' dir='ltr'>contestarer</span> <span class='ocrx_word' id='word_1_131' title='bbox 1276 1801 1498 1856; x_wconf 88' lang='lat' dir='ltr'>assidue</span> <span class='ocrx_word' id='word_1_132' title='bbox 1530 1805 1586 1856; x_wconf 92' lang='lat' dir='ltr'>et</span> <span class='ocrx_word' id='word_1_133' title='bbox 1602 1771 1837 1872; x_wconf 70' lang='lat' dir='ltr'>publice</span> <span class='ocrx_word' id='word_1_134' title='bbox 1863 1771 2069 1872; x_wconf 42' lang='lat' dir='ltr'>pr&#39;aadi-</span> <span class='ocrx_word' id='word_1_135' title='bbox 2095 1771 2148 1842; x_wconf 81' lang='grc' dir='ltr'>Β</span> 
     </span>
    </p>
   </div>
   <div class='ocr_carea' id='block_1_20' title="bbox 445 1895 2069 1966">
    <p class='ocr_par' dir='ltr' id='par_1_20' title="bbox 445 1895 2069 1966">
     <span class='ocr_line' id='line_1_20' title="bbox 445 1895 2069 1966; baseline -0.002 -16"><span class='ocrx_word' id='word_1_136' title='bbox 445 1913 637 1950; x_wconf 88' lang='lat' dir='ltr'>carem</span> <span class='ocrx_word' id='word_1_137' title='bbox 682 1896 886 1950; x_wconf 87' lang='lat' dir='ltr'>fratres</span> <span class='ocrx_word' id='word_1_138' title='bbox 930 1899 1148 1950; x_wconf 88' lang='lat' dir='ltr'>nostros</span> <span class='ocrx_word' id='word_1_139' title='bbox 1193 1912 1305 1950; x_wconf 91' lang='lat' dir='ltr'>non</span> <span class='ocrx_word' id='word_1_140' title='bbox 1347 1912 1468 1950; x_wconf 90' lang='lat' dir='ltr'>esse</span> <span class='ocrx_word' id='word_1_141' title='bbox 1509 1896 1794 1966; x_wconf 89' lang='lat' dir='ltr'>lugendos</span> <span class='ocrx_word' id='word_1_142' title='bbox 1835 1895 2069 1950; x_wconf 89' lang='lat' dir='ltr'>accersi-</span> 
     </span>
    </p>
   </div>
   <div class='ocr_carea' id='block_1_21' title="bbox 445 1988 2072 2045">
    <p class='ocr_par' dir='ltr' id='par_1_21' title="bbox 445 1988 2072 2045">
     <span class='ocr_line' id='line_1_21' title="bbox 445 1988 2072 2045; baseline -0.001 -1"><span class='ocrx_word' id='word_1_143' title='bbox 445 1990 595 2045; x_wconf 92' lang='lat' dir='ltr'>tione</span> <span class='ocrx_word' id='word_1_144' title='bbox 624 1988 914 2044; x_wconf 90' lang='lat' dir='ltr'>Dominica</span> <span class='ocrx_word' id='word_1_145' title='bbox 946 1989 1017 2042; x_wconf 90' lang='lat' dir='ltr'>de</span> <span class='ocrx_word' id='word_1_146' title='bbox 1050 1990 1257 2044; x_wconf 70' lang='lat' dir='ltr'>saeculo</span> <span class='ocrx_word' id='word_1_147' title='bbox 1290 1989 1589 2044; x_wconf 88' lang='lat' dir='ltr'>liberatos!</span> <span class='ocrx_word' id='word_1_148' title='bbox 1624 2012 1652 2039; x_wconf 83' lang='lat'>»</span> <span class='ocrx_word' id='word_1_149' title='bbox 1683 1992 1840 2044; x_wconf 88' lang='lat' dir='ltr'>Hunc</span> <span class='ocrx_word' id='word_1_150' title='bbox 1865 1989 2072 2043; x_wconf 91' lang='lat' dir='ltr'>librum</span> 
     </span>
    </p>
   </div>
   <div class='ocr_carea' id='block_1_22' title="bbox 445 2083 2074 2156">
    <p class='ocr_par' dir='ltr' id='par_1_22' title="bbox 445 2083 2074 2156">
     <span class='ocr_line' id='line_1_22' title="bbox 445 2083 2074 2156; baseline -0.001 -18"><span class='ocrx_word' id='word_1_151' title='bbox 445 2084 523 2139; x_wconf 92' lang='lat' dir='ltr'>sic</span> <span class='ocrx_word' id='word_1_152' title='bbox 564 2084 829 2154; x_wconf 82' lang='lat' dir='ltr'>designat</span> <span class='ocrx_word' id='word_1_153' title='bbox 866 2083 1099 2138; x_wconf 86' lang='lat' dir='ltr'>Pontius</span> <span class='ocrx_word' id='word_1_154' title='bbox 1130 2088 1259 2156; x_wconf 92' lang='lat' dir='ltr'>post</span> <span class='ocrx_word' id='word_1_155' title='bbox 1289 2099 1432 2154; x_wconf 92' lang='lat' dir='ltr'>opus</span> <span class='ocrx_word' id='word_1_156' title='bbox 1464 2084 1724 2138; x_wconf 67' lang='lat' dir='ltr'>adversus</span> <span class='ocrx_word' id='word_1_157' title='bbox 1759 2085 1991 2141; x_wconf 84' lang='lat' dir='ltr'>Gentiles</span> <span class='ocrx_word' id='word_1_158' title='bbox 2019 2087 2074 2137; x_wconf 91' lang='lat' dir='ltr'>et</span> 
     </span>
    </p>
   </div>
   <div class='ocr_carea' id='block_1_23' title="bbox 442 2178 2068 2248">
    <p class='ocr_par' dir='ltr' id='par_1_23' title="bbox 442 2178 2068 2248">
     <span class='ocr_line' id='line_1_23' title="bbox 442 2178 2068 2248; baseline -0.001 -15"><span class='ocrx_word' id='word_1_159' title='bbox 442 2183 574 2233; x_wconf 87' lang='lat' dir='ltr'>ante</span> <span class='ocrx_word' id='word_1_160' title='bbox 603 2178 777 2232; x_wconf 91' lang='lat' dir='ltr'>libros</span> <span class='ocrx_word' id='word_1_161' title='bbox 805 2178 871 2232; x_wconf 87' lang='lat' dir='ltr'>dc</span> <span class='ocrx_word' id='word_1_162' title='bbox 902 2178 1068 2248; x_wconf 84' lang='lat' dir='ltr'>Opere</span> <span class='ocrx_word' id='word_1_163' title='bbox 1104 2182 1154 2232; x_wconf 87' lang='lat' dir='ltr'>et</span> <span class='ocrx_word' id='word_1_164' title='bbox 1183 2179 1529 2248; x_wconf 76' lang='lat' dir='ltr'>Eleemosynu</span> <span class='ocrx_word' id='word_1_165' title='bbox 1565 2193 1630 2232; x_wconf 89' lang='lat' dir='ltr'>ac</span> <span class='ocrx_word' id='word_1_166' title='bbox 1661 2179 1726 2232; x_wconf 81' lang='lat' dir='ltr'>de</span> <span class='ocrx_word' id='word_1_167' title='bbox 1752 2179 2024 2232; x_wconf 48' lang='lat' dir='ltr'>Patientia,</span> <span class='ocrx_word' id='word_1_168' title='bbox 2052 2197 2068 2232; x_wconf 92' lang='lat'><strong><em>:</em></strong></span> 
     </span>
    </p>
   </div>
   <div class='ocr_carea' id='block_1_24' title="bbox 447 2271 2068 2344">
    <p class='ocr_par' dir='ltr' id='par_1_24' title="bbox 447 2271 2068 2344">
     <span class='ocr_line' id='line_1_24' title="bbox 447 2271 2068 2344; baseline 0 -18"><span class='ocrx_word' id='word_1_169' title='bbox 447 2291 474 2322; x_wconf 73' lang='grc' dir='ltr'>ι(</span> <span class='ocrx_word' id='word_1_170' title='bbox 517 2274 563 2326; x_wconf 90' lang='grc' dir='ltr'><strong>Α</strong></span> <span class='ocrx_word' id='word_1_171' title='bbox 604 2289 716 2344; x_wconf 84' lang='lat' dir='ltr'>quo</span> <span class='ocrx_word' id='word_1_172' title='bbox 759 2271 1065 2328; x_wconf 90' lang='lat' dir='ltr'>Christiani</span> <span class='ocrx_word' id='word_1_173' title='bbox 1112 2271 1388 2326; x_wconf 89' lang='lat' dir='ltr'>mollioris</span> <span class='ocrx_word' id='word_1_174' title='bbox 1429 2271 1663 2326; x_wconf 84' lang='lat' dir='ltr'>affectus</span> <span class='ocrx_word' id='word_1_175' title='bbox 1706 2272 1854 2325; x_wconf 90' lang='lat' dir='ltr'>circa</span> <span class='ocrx_word' id='word_1_176' title='bbox 1900 2271 2068 2326; x_wconf 90' lang='lat' dir='ltr'>amis-</span> 
     </span>
    </p>
   </div>
   <div class='ocr_carea' id='block_1_25' title="bbox 445 2365 2073 2437">
    <p class='ocr_par' dir='ltr' id='par_1_25' title="bbox 445 2365 2073 2437">
     <span class='ocr_line' id='line_1_25' title="bbox 445 2365 2073 2437; baseline -0.001 -17"><span class='ocrx_word' id='word_1_177' title='bbox 445 2366 662 2422; x_wconf 87' lang='lat' dir='ltr'>sionem</span> <span class='ocrx_word' id='word_1_178' title='bbox 694 2383 926 2421; x_wconf 90' lang='lat' dir='ltr'>suorum</span> <span class='ocrx_word' id='word_1_179' title='bbox 953 2369 1069 2430; x_wconf 88' lang='lat' dir='ltr'>aut,</span> <span class='ocrx_word' id='word_1_180' title='bbox 1099 2365 1254 2437; x_wconf 91' lang='lat' dir='ltr'>quod</span> <span class='ocrx_word' id='word_1_181' title='bbox 1291 2365 1470 2436; x_wconf 88' lang='lat' dir='ltr'>magis</span> <span class='ocrx_word' id='word_1_182' title='bbox 1501 2371 1600 2434; x_wconf 87' lang='lat' dir='ltr'>est,</span> <span class='ocrx_word' id='word_1_183' title='bbox 1635 2365 1766 2421; x_wconf 88' lang='lat' dir='ltr'>fidei</span> <span class='ocrx_word' id='word_1_184' title='bbox 1793 2366 2073 2436; x_wconf 87' lang='lat' dir='ltr'>parvioris</span> 
     </span>
    </p>
   </div>
   <div class='ocr_carea' id='block_1_26' title="bbox 444 2459 2072 2531">
    <p class='ocr_par' dir='ltr' id='par_1_26' title="bbox 444 2459 2072 2531">
     <span class='ocr_line' id='line_1_26' title="bbox 444 2459 2072 2531; baseline -0.002 -13"><span class='ocrx_word' id='word_1_185' title='bbox 444 2462 878 2518; x_wconf 86' lang='lat' dir='ltr'>consolarentur</span> <span class='ocrx_word' id='word_1_186' title='bbox 913 2477 1009 2531; x_wconf 87' lang='lat' dir='ltr'>spe</span> <span class='ocrx_word' id='word_1_187' title='bbox 1046 2460 1390 2514; x_wconf 83' lang='lat' dir='ltr'>futurorum.</span> <span class='ocrx_word' id='word_1_188' title='bbox 1425 2481 1452 2510; x_wconf 84' lang='lat'>»</span> <span class='ocrx_word' id='word_1_189' title='bbox 1487 2460 1741 2531; x_wconf 91' lang='lat' dir='ltr'>Scriptus</span> <span class='ocrx_word' id='word_1_190' title='bbox 1766 2459 1987 2514; x_wconf 91' lang='lat' dir='ltr'>videtur</span> <span class='ocrx_word' id='word_1_191' title='bbox 2012 2461 2072 2514; x_wconf 89' lang='lat' dir='ltr'>in</span> 
     </span>
    </p>
   </div>
   <div class='ocr_carea' id='block_1_27' title="bbox 443 2553 2072 2628">
    <p class='ocr_par' dir='ltr' id='par_1_27' title="bbox 443 2553 2072 2628">
     <span class='ocr_line' id='line_1_27' title="bbox 443 2553 2072 2628; baseline -0.002 -18"><span class='ocrx_word' id='word_1_192' title='bbox 443 2572 578 2628; x_wconf 89' lang='lat' dir='ltr'>pace</span> <span class='ocrx_word' id='word_1_193' title='bbox 621 2555 725 2609; x_wconf 89' lang='lat' dir='ltr'>sub</span> <span class='ocrx_word' id='word_1_194' title='bbox 765 2553 1063 2609; x_wconf 86' lang='lat' dir='ltr'>Valeriano</span> <span class='ocrx_word' id='word_1_195' title='bbox 1105 2570 1117 2608; x_wconf 93' lang='lat'>:</span> <span class='ocrx_word' id='word_1_196' title='bbox 1161 2554 1316 2608; x_wconf 89' lang='lat' dir='ltr'>nulla</span> <span class='ocrx_word' id='word_1_197' title='bbox 1356 2553 1507 2607; x_wconf 91' lang='lat' dir='ltr'>enim</span> <span class='ocrx_word' id='word_1_198' title='bbox 1550 2554 1698 2607; x_wconf 88' lang='lat' dir='ltr'>inest</span> <span class='ocrx_word' id='word_1_199' title='bbox 1735 2553 2072 2623; x_wconf 80' lang='lat' dir='ltr'>signiﬁcatio</span> 
     </span>
    </p>
   </div>
   <div class='ocr_carea' id='block_1_28' title="bbox 443 2647 2071 2720">
    <p class='ocr_par' dir='ltr' id='par_1_28' title="bbox 443 2647 2071 2720">
     <span class='ocr_line' id='line_1_28' title="bbox 443 2647 2071 2720; baseline -0.002 -16"><span class='ocrx_word' id='word_1_200' title='bbox 443 2647 849 2720; x_wconf 90' lang='lat' dir='ltr'>persecutionis</span> <span class='ocrx_word' id='word_1_201' title='bbox 911 2663 1040 2702; x_wconf 90' lang='lat' dir='ltr'>cum</span> <span class='ocrx_word' id='word_1_202' title='bbox 1090 2653 1245 2718; x_wconf 84' lang='lat' dir='ltr'>peste</span> <span class='ocrx_word' id='word_1_203' title='bbox 1295 2647 1640 2718; x_wconf 73' lang='lat' dir='ltr'>conjunctae;</span> <span class='ocrx_word' id='word_1_204' title='bbox 1696 2647 1831 2718; x_wconf 88' lang='lat' dir='ltr'>quin</span> <span class='ocrx_word' id='word_1_205' title='bbox 1898 2648 2071 2701; x_wconf 90' lang='lat' dir='ltr'>etiam</span> 
     </span>
    </p>
   </div>
   <div class='ocr_carea' id='block_1_29' title="bbox 442 2741 2073 2814">
    <p class='ocr_par' dir='ltr' id='par_1_29' title="bbox 442 2741 2073 2814">
     <span class='ocr_line' id='line_1_29' title="bbox 442 2741 2073 2814; baseline -0.004 -14"><span class='ocrx_word' id='word_1_206' title='bbox 442 2742 757 2814; x_wconf 81' lang='lat' dir='ltr'>Cyprianus</span> <span class='ocrx_word' id='word_1_207' title='bbox 805 2742 914 2796; x_wconf 87' lang='lat' dir='ltr'>hac</span> <span class='ocrx_word' id='word_1_208' title='bbox 972 2741 1283 2796; x_wconf 84' lang='lat' dir='ltr'>calamitate</span> <span class='ocrx_word' id='word_1_209' title='bbox 1341 2741 1688 2797; x_wconf 88' lang='lat' dir='ltr'>Christianos</span> <span class='ocrx_word' id='word_1_210' title='bbox 1751 2741 1960 2795; x_wconf 89' lang='lat' dir='ltr'>armari</span> <span class='ocrx_word' id='word_1_211' title='bbox 2015 2743 2073 2794; x_wconf 90' lang='lat' dir='ltr'>et</span> 
     </span>
    </p>
   </div>
   <div class='ocr_carea' id='block_1_30' title="bbox 441 2835 2073 2909">
    <p class='ocr_par' dir='ltr' id='par_1_30' title="bbox 441 2835 2073 2909">
     <span class='ocr_line' id='line_1_30' title="bbox 441 2835 2073 2909; baseline -0.001 -19"><span class='ocrx_word' id='word_1_212' title='bbox 441 2836 756 2909; x_wconf 59' lang='lat' dir='ltr'>praeparari</span> <span class='ocrx_word' id='word_1_213' title='bbox 789 2835 1060 2903; x_wconf 78' lang='lat' dir='ltr'>declarat,</span> <span class='ocrx_word' id='word_1_214' title='bbox 1089 2841 1147 2889; x_wconf 90' lang='lat' dir='ltr'>ut</span> <span class='ocrx_word' id='word_1_215' title='bbox 1173 2835 1396 2889; x_wconf 88' lang='lat' dir='ltr'>fortiter</span> <span class='ocrx_word' id='word_1_216' title='bbox 1416 2852 1475 2889; x_wconf 91' lang='lat' dir='ltr'>se</span> <span class='ocrx_word' id='word_1_217' title='bbox 1503 2838 1706 2905; x_wconf 80' lang='lat' dir='ltr'>gerant</span> <span class='ocrx_word' id='word_1_218' title='bbox 1729 2851 1860 2889; x_wconf 91' lang='lat' dir='ltr'>cum</span> <span class='ocrx_word' id='word_1_219' title='bbox 1892 2851 2073 2905; x_wconf 89' lang='lat' dir='ltr'>perse-</span> 
     </span>
    </p>
   </div>
   <div class='ocr_carea' id='block_1_31' title="bbox 443 2927 2070 3001">
    <p class='ocr_par' dir='ltr' id='par_1_31' title="bbox 443 2927 2070 3001">
     <span class='ocr_line' id='line_1_31' title="bbox 443 2927 2070 3001; baseline -0.002 -15"><span class='ocrx_word' id='word_1_220' title='bbox 443 2929 594 2986; x_wconf 91' lang='lat' dir='ltr'>cutio</span> <span class='ocrx_word' id='word_1_221' title='bbox 615 2930 852 2984; x_wconf 89' lang='lat' dir='ltr'>venerit.</span> <span class='ocrx_word' id='word_1_222' title='bbox 877 2951 904 2978; x_wconf 89' lang='grc'>‹‹</span> <span class='ocrx_word' id='word_1_223' title='bbox 927 2928 1220 2983; x_wconf 84' lang='lat' dir='ltr'>Excedunt</span> <span class='ocrx_word' id='word_1_224' title='bbox 1243 2927 1292 3000; x_wconf 99' lang='lat'>1</span> <span class='ocrx_word' id='word_1_225' title='bbox 1309 2927 1434 3001; x_wconf 85' lang='lat'>50</span> <span class='ocrx_word' id='word_1_226' title='bbox 1455 2945 1578 2984; x_wconf 89' lang='lat' dir='ltr'>ecce</span> <span class='ocrx_word' id='word_1_227' title='bbox 1602 2929 1660 2983; x_wconf 92' lang='lat' dir='ltr'>in</span> <span class='ocrx_word' id='word_1_228' title='bbox 1686 2945 1839 3000; x_wconf 90' lang='lat' dir='ltr'>pace,</span> <span class='ocrx_word' id='word_1_229' title='bbox 1864 2927 2070 2998; x_wconf 90' lang='lat' dir='ltr'>inquit,</span> 
     </span>
    </p>
   </div>
   <div class='ocr_carea' id='block_1_32' title="bbox 441 3021 2068 3094">
    <p class='ocr_par' dir='ltr' id='par_1_32' title="bbox 441 3021 2068 3094">
     <span class='ocr_line' id='line_1_32' title="bbox 441 3021 2068 3094; baseline -0.002 -14"><span class='ocrx_word' id='word_1_230' title='bbox 441 3028 577 3080; x_wconf 72' lang='lat' dir='ltr'>tutae</span> <span class='ocrx_word' id='word_1_231' title='bbox 607 3041 734 3078; x_wconf 92' lang='lat' dir='ltr'>cum</span> <span class='ocrx_word' id='word_1_232' title='bbox 777 3024 961 3094; x_wconf 79' lang='lat' dir='ltr'>gloria</span> <span class='ocrx_word' id='word_1_233' title='bbox 1000 3039 1101 3076; x_wconf 90' lang='lat' dir='ltr'>sua</span> <span class='ocrx_word' id='word_1_234' title='bbox 1140 3021 1531 3093; x_wconf 89' lang='lat' dir='ltr'>virgines.....,</span> <span class='ocrx_word' id='word_1_235' title='bbox 1562 3023 1954 3077; x_wconf 89' lang='lat' dir='ltr'>accenduntur</span> <span class='ocrx_word' id='word_1_236' title='bbox 1984 3029 2068 3078; x_wconf 87' lang='lat' dir='ltr'>te-</span> 
     </span>
    </p>
   </div>
   <div class='ocr_carea' id='block_1_33' title="bbox 441 3116 2149 3216">
    <p class='ocr_par' dir='ltr' id='par_1_33' title="bbox 441 3116 2149 3216">
     <span class='ocr_line' id='line_1_33' title="bbox 441 3116 2149 3216; baseline -0.003 -44"><span class='ocrx_word' id='word_1_237' title='bbox 441 3119 579 3191; x_wconf 88' lang='lat' dir='ltr'>pidi,</span> <span class='ocrx_word' id='word_1_238' title='bbox 609 3119 1078 3187; x_wconf 82' lang='lat' dir='ltr'>constringuntur</span> <span class='ocrx_word' id='word_1_239' title='bbox 1106 3116 1346 3184; x_wconf 89' lang='lat' dir='ltr'>remissi,</span> <span class='ocrx_word' id='word_1_240' title='bbox 1382 3117 1701 3171; x_wconf 87' lang='lat' dir='ltr'>excitantur</span> <span class='ocrx_word' id='word_1_241' title='bbox 1730 3117 1939 3187; x_wconf 83' lang='lat' dir='ltr'>ignavi,</span> <span class='ocrx_word' id='word_1_242' title='bbox 1973 3117 2068 3171; x_wconf 84' lang='lat' dir='ltr'>de-</span> <span class='ocrx_word' id='word_1_243' title='bbox 2095 3143 2149 3216; x_wconf 67' lang='grc' dir='ltr'>Ο</span> 
     </span>
    </p>
   </div>
   <div class='ocr_carea' id='block_1_34' title="bbox 440 3209 2074 3281">
    <p class='ocr_par' dir='ltr' id='par_1_34' title="bbox 440 3209 2074 3281">
     <span class='ocr_line' id='line_1_34' title="bbox 440 3209 2074 3281; baseline -0.004 -11"><span class='ocrx_word' id='word_1_244' title='bbox 440 3215 683 3270; x_wconf 86' lang='lat' dir='ltr'>sertores</span> <span class='ocrx_word' id='word_1_245' title='bbox 711 3211 1131 3281; x_wconf 87' lang='lat' dir='ltr'>compelluntur</span> <span class='ocrx_word' id='word_1_246' title='bbox 1158 3215 1218 3263; x_wconf 91' lang='lat' dir='ltr'>ut</span> <span class='ocrx_word' id='word_1_247' title='bbox 1248 3210 1500 3276; x_wconf 86' lang='lat' dir='ltr'>redeant,</span> <span class='ocrx_word' id='word_1_248' title='bbox 1528 3209 1766 3279; x_wconf 69' lang='lat' dir='ltr'>gentiles</span> <span class='ocrx_word' id='word_1_249' title='bbox 1792 3216 2074 3279; x_wconf 89' lang='lat' dir='ltr'>coguntur</span> 
     </span>
    </p>
   </div>
   <div class='ocr_carea' id='block_1_35' title="bbox 443 3288 2070 3374">
    <p class='ocr_par' dir='ltr' id='par_1_35' title="bbox 443 3288 2070 3374">
     <span class='ocr_line' id='line_1_35' title="bbox 443 3288 2070 3374; baseline -0.002 -15"><span class='ocrx_word' id='word_1_250' title='bbox 443 3313 502 3359; x_wconf 92' lang='lat' dir='ltr'>ut</span> <span class='ocrx_word' id='word_1_251' title='bbox 554 3304 818 3371; x_wconf 90' lang='lat' dir='ltr'>credant,</span> <span class='ocrx_word' id='word_1_252' title='bbox 871 3288 1030 3357; x_wconf 82' lang='lat' dir='ltr'>vetus</span> <span class='ocrx_word' id='word_1_253' title='bbox 1078 3303 1333 3357; x_wconf 88' lang='lat' dir='ltr'>fidelium</span> <span class='ocrx_word' id='word_1_254' title='bbox 1393 3303 1638 3373; x_wconf 89' lang='lat' dir='ltr'>p0pulus</span> <span class='ocrx_word' id='word_1_255' title='bbox 1693 3303 1761 3356; x_wconf 90' lang='lat' dir='ltr'>ad</span> <span class='ocrx_word' id='word_1_256' title='bbox 1817 3303 2070 3374; x_wconf 82' lang='lat' dir='ltr'>quietem</span> 
     </span>
    </p>
   </div>
   <div class='ocr_carea' id='block_1_36' title="bbox 436 3395 2073 3467">
    <p class='ocr_par' dir='ltr' id='par_1_36' title="bbox 436 3395 2073 3467">
     <span class='ocr_line' id='line_1_36' title="bbox 436 3395 2073 3467; baseline -0.002 -13"><span class='ocrx_word' id='word_1_257' title='bbox 436 3402 688 3466; x_wconf 84' lang='lat' dir='ltr'>vocatur,</span> <span class='ocrx_word' id='word_1_258' title='bbox 745 3397 815 3452; x_wconf 87' lang='lat' dir='ltr'>ad</span> <span class='ocrx_word' id='word_1_259' title='bbox 877 3395 1054 3450; x_wconf 92' lang='lat' dir='ltr'>aciem</span> <span class='ocrx_word' id='word_1_260' title='bbox 1113 3412 1310 3450; x_wconf 88' lang='lat' dir='ltr'>recens</span> <span class='ocrx_word' id='word_1_261' title='bbox 1369 3401 1423 3450; x_wconf 91' lang='lat' dir='ltr'>et</span> <span class='ocrx_word' id='word_1_262' title='bbox 1479 3397 1739 3467; x_wconf 84' lang='lat' dir='ltr'>copiosus</span> <span class='ocrx_word' id='word_1_263' title='bbox 1793 3397 2073 3451; x_wconf 83' lang='lat' dir='ltr'>exercitus</span> 
     </span>
    </p>
   </div>
   <div class='ocr_carea' id='block_1_37' title="bbox 440 3490 2068 3562">
    <p class='ocr_par' dir='ltr' id='par_1_37' title="bbox 440 3490 2068 3562">
     <span class='ocr_line' id='line_1_37' title="bbox 440 3490 2068 3562; baseline -0.002 -15"><span class='ocrx_word' id='word_1_264' title='bbox 440 3492 644 3548; x_wconf 87' lang='lat' dir='ltr'>robore</span> <span class='ocrx_word' id='word_1_265' title='bbox 692 3490 926 3545; x_wconf 83' lang='lat' dir='ltr'>fortiore</span> <span class='ocrx_word' id='word_1_266' title='bbox 981 3490 1287 3560; x_wconf 81' lang='lat' dir='ltr'>colligitur,</span> <span class='ocrx_word' id='word_1_267' title='bbox 1339 3495 1694 3562; x_wconf 88' lang='lat' dir='ltr'>pugnaturus</span> <span class='ocrx_word' id='word_1_268' title='bbox 1741 3491 1860 3544; x_wconf 88' lang='lat' dir='ltr'>sine</span> <span class='ocrx_word' id='word_1_269' title='bbox 1913 3495 2068 3544; x_wconf 91' lang='lat' dir='ltr'>metu</span> 
     </span>
    </p>
   </div>
   <div class='ocr_carea' id='block_1_38' title="bbox 440 3584 2068 3655">
    <p class='ocr_par' dir='ltr' id='par_1_38' title="bbox 440 3584 2068 3655">
     <span class='ocr_line' id='line_1_38' title="bbox 440 3584 2068 3655; baseline -0.002 -14"><span class='ocrx_word' id='word_1_270' title='bbox 440 3585 643 3641; x_wconf 88' lang='lat' dir='ltr'>mortis</span> <span class='ocrx_word' id='word_1_271' title='bbox 672 3601 800 3639; x_wconf 89' lang='lat' dir='ltr'>cum</span> <span class='ocrx_word' id='word_1_272' title='bbox 833 3585 1091 3655; x_wconf 63' lang='lat' dir='ltr'>prailium</span> <span class='ocrx_word' id='word_1_273' title='bbox 1121 3585 1362 3652; x_wconf 88' lang='lat' dir='ltr'>venerit,</span> <span class='ocrx_word' id='word_1_274' title='bbox 1391 3584 1488 3655; x_wconf 91' lang='lat' dir='ltr'>qui</span> <span class='ocrx_word' id='word_1_275' title='bbox 1524 3584 1594 3638; x_wconf 92' lang='lat' dir='ltr'>ad</span> <span class='ocrx_word' id='word_1_276' title='bbox 1625 3584 1887 3638; x_wconf 85' lang='lat' dir='ltr'>militiam</span> <span class='ocrx_word' id='word_1_277' title='bbox 1924 3588 2068 3638; x_wconf 86' lang='lat' dir='ltr'>tem-</span> 
     </span>
    </p>
   </div>
   <div class='ocr_carea' id='block_1_39' title="bbox 438 3678 2070 3752">
    <p class='ocr_par' dir='ltr' id='par_1_39' title="bbox 438 3678 2070 3752">
     <span class='ocr_line' id='line_1_39' title="bbox 438 3678 2070 3752; baseline -0.001 -18"><span class='ocrx_word' id='word_1_278' title='bbox 438 3696 577 3752; x_wconf 90' lang='lat' dir='ltr'>pore</span> <span class='ocrx_word' id='word_1_279' title='bbox 631 3678 995 3734; x_wconf 88' lang='lat' dir='ltr'>mortalitatis</span> <span class='ocrx_word' id='word_1_280' title='bbox 1043 3678 1280 3734; x_wconf 90' lang='lat' dir='ltr'>accedit.</span> <span class='ocrx_word' id='word_1_281' title='bbox 1329 3701 1356 3728; x_wconf 84' lang='lat'><strong>»</strong></span> <span class='ocrx_word' id='word_1_282' title='bbox 1405 3678 1537 3732; x_wconf 86' lang='lat' dir='ltr'>Hinc</span> <span class='ocrx_word' id='word_1_283' title='bbox 1584 3679 1757 3733; x_wconf 91' lang='lat' dir='ltr'>etiam</span> <span class='ocrx_word' id='word_1_284' title='bbox 1808 3679 2070 3734; x_wconf 90' lang='lat' dir='ltr'>nonnulli</span> 
     </span>
    </p>
   </div>
   <div class='ocr_carea' id='block_1_40' title="bbox 442 3771 2068 3843">
    <p class='ocr_par' dir='ltr' id='par_1_40' title="bbox 442 3771 2068 3843">
     <span class='ocr_line' id='line_1_40' title="bbox 442 3771 2068 3843; baseline -0.001 -15"><span class='ocrx_word' id='word_1_285' title='bbox 442 3776 663 3828; x_wconf 90' lang='lat' dir='ltr'>metum</span> <span class='ocrx_word' id='word_1_286' title='bbox 707 3789 871 3826; x_wconf 90' lang='lat' dir='ltr'>suum</span> <span class='ocrx_word' id='word_1_287' title='bbox 913 3772 1021 3826; x_wconf 93' lang='lat' dir='ltr'>hoc</span> <span class='ocrx_word' id='word_1_288' title='bbox 1064 3772 1297 3826; x_wconf 91' lang='lat' dir='ltr'>nomine</span> <span class='ocrx_word' id='word_1_289' title='bbox 1334 3771 1746 3843; x_wconf 79' lang='lat' dir='ltr'>praetexebant,</span> <span class='ocrx_word' id='word_1_290' title='bbox 1778 3773 1929 3843; x_wconf 90' lang='lat' dir='ltr'>quod</span> <span class='ocrx_word' id='word_1_291' title='bbox 1967 3772 2068 3826; x_wconf 88' lang='lat' dir='ltr'>sibi</span> 
     </span>
    </p>
   </div>
   <div class='ocr_carea' id='block_1_41' title="bbox 440 3865 2067 3938">
    <p class='ocr_par' dir='ltr' id='par_1_41' title="bbox 440 3865 2067 3938">
     <span class='ocr_line' id='line_1_41' title="bbox 440 3865 2067 3938; baseline -0.001 -16"><span class='ocrx_word' id='word_1_292' title='bbox 440 3866 612 3938; x_wconf 84' lang='lat' dir='ltr'>pestis</span> <span class='ocrx_word' id='word_1_293' title='bbox 652 3865 1007 3921; x_wconf 82' lang='lat' dir='ltr'>occasionem</span> <span class='ocrx_word' id='word_1_294' title='bbox 1049 3865 1309 3936; x_wconf 86' lang='lat' dir='ltr'>martyrii</span> <span class='ocrx_word' id='word_1_295' title='bbox 1351 3867 1715 3937; x_wconf 74' lang='lat' dir='ltr'>praeriperet;</span> <span class='ocrx_word' id='word_1_296' title='bbox 1749 3883 1862 3937; x_wconf 89' lang='lat' dir='ltr'>qua</span> <span class='ocrx_word' id='word_1_297' title='bbox 1903 3883 2067 3921; x_wconf 82' lang='lat' dir='ltr'>excu-</span> 
     </span>
    </p>
   </div>
   <div class='ocr_carea' id='block_1_42' title="bbox 440 3959 2070 4032">
    <p class='ocr_par' dir='ltr' id='par_1_42' title="bbox 440 3959 2070 4032">
     <span class='ocr_line' id='line_1_42' title="bbox 440 3959 2070 4032; baseline 0 -18"><span class='ocrx_word' id='word_1_298' title='bbox 440 3961 655 4016; x_wconf 88' lang='lat' dir='ltr'>satione</span> <span class='ocrx_word' id='word_1_299' title='bbox 699 3961 780 4015; x_wconf 90' lang='lat' dir='ltr'>uti</span> <span class='ocrx_word' id='word_1_300' title='bbox 821 3977 934 4014; x_wconf 90' lang='lat' dir='ltr'>non</span> <span class='ocrx_word' id='word_1_301' title='bbox 975 3959 1307 4031; x_wconf 86' lang='lat' dir='ltr'>potuissent.</span> <span class='ocrx_word' id='word_1_302' title='bbox 1347 3960 1388 4014; x_wconf 87' lang='lat' dir='ltr'>si</span> <span class='ocrx_word' id='word_1_303' title='bbox 1429 3977 1538 4032; x_wconf 91' lang='lat' dir='ltr'>qua</span> <span class='ocrx_word' id='word_1_304' title='bbox 1579 3965 1713 4014; x_wconf 91' lang='lat' dir='ltr'>tunc</span> <span class='ocrx_word' id='word_1_305' title='bbox 1757 3961 2070 4032; x_wconf 90' lang='lat' dir='ltr'>persecutio</span> 
     </span>
    </p>
   </div>
   <div class='ocr_carea' id='block_1_43' title="bbox 440 4054 1498 4127">
    <p class='ocr_par' dir='ltr' id='par_1_43' title="bbox 440 4054 1498 4127">
     <span class='ocr_line' id='line_1_43' title="bbox 440 4054 1498 4127; baseline -0.004 -17"><span class='ocrx_word' id='word_1_306' title='bbox 440 4055 660 4110; x_wconf 83' lang='lat' dir='ltr'>aditum</span> <span class='ocrx_word' id='word_1_307' title='bbox 693 4054 762 4109; x_wconf 89' lang='lat' dir='ltr'>ad</span> <span class='ocrx_word' id='word_1_308' title='bbox 795 4055 1131 4127; x_wconf 77' lang='lat' dir='ltr'>martyrium</span> <span class='ocrx_word' id='word_1_309' title='bbox 1163 4054 1498 4124; x_wconf 84' lang='lat' dir='ltr'>aperuisset.</span> 
     </span>
    </p>
   </div>
   <div class='ocr_carea' id='block_1_44' title="bbox 510 4148 2067 4218">
    <p class='ocr_par' dir='ltr' id='par_1_44' title="bbox 510 4148 2067 4218">
     <span class='ocr_line' id='line_1_44' title="bbox 510 4148 2067 4218; baseline 0 -15"><span class='ocrx_word' id='word_1_310' title='bbox 510 4151 670 4203; x_wconf 86' lang='lat' dir='ltr'>Ilunc</span> <span class='ocrx_word' id='word_1_311' title='bbox 715 4151 906 4202; x_wconf 90' lang='lat' dir='ltr'>tamen</span> <span class='ocrx_word' id='word_1_312' title='bbox 953 4148 1160 4202; x_wconf 91' lang='lat' dir='ltr'>librum</span> <span class='ocrx_word' id='word_1_313' title='bbox 1208 4149 1312 4203; x_wconf 88' lang='lat' dir='ltr'>sub</span> <span class='ocrx_word' id='word_1_314' title='bbox 1352 4148 1506 4203; x_wconf 89' lang='lat' dir='ltr'>Gallo</span> <span class='ocrx_word' id='word_1_315' title='bbox 1551 4148 1827 4218; x_wconf 90' lang='lat' dir='ltr'>scriptum</span> <span class='ocrx_word' id='word_1_316' title='bbox 1875 4149 2067 4203; x_wconf 83' lang='lat' dir='ltr'>existi-</span> 
     </span>
    </p>
   </div>
   <div class='ocr_carea' id='block_1_45' title="bbox 439 4242 2068 4316">
    <p class='ocr_par' dir='ltr' id='par_1_45' title="bbox 439 4242 2068 4316">
     <span class='ocr_line' id='line_1_45' title="bbox 439 4242 2068 4316; baseline 0 -20"><span class='ocrx_word' id='word_1_317' title='bbox 439 4246 558 4297; x_wconf 87' lang='lat' dir='ltr'>mat</span> <span class='ocrx_word' id='word_1_318' title='bbox 587 4243 941 4311; x_wconf 88' lang='lat' dir='ltr'>Pearsonius,</span> <span class='ocrx_word' id='word_1_319' title='bbox 972 4259 1125 4296; x_wconf 89' lang='lat' dir='ltr'>anno</span> <span class='ocrx_word' id='word_1_320' title='bbox 1160 4245 1283 4309; x_wconf 86' lang='grc'>252,</span> <span class='ocrx_word' id='word_1_321' title='bbox 1317 4264 1343 4290; x_wconf 87' lang='grc'><strong>‹‹</strong></span> <span class='ocrx_word' id='word_1_322' title='bbox 1381 4242 1516 4314; x_wconf 88' lang='lat' dir='ltr'>quia</span> <span class='ocrx_word' id='word_1_323' title='bbox 1555 4248 1959 4316; x_wconf 84' lang='lat' dir='ltr'>argumentum</span> <span class='ocrx_word' id='word_1_324' title='bbox 1999 4244 2068 4296; x_wconf 90' lang='lat' dir='ltr'>ab</span> 
     </span>
    </p>
   </div>
   <div class='ocr_carea' id='block_1_46' title="bbox 438 4337 2065 4408">
    <p class='ocr_par' dir='ltr' id='par_1_46' title="bbox 438 4337 2065 4408">
     <span class='ocr_line' id='line_1_46' title="bbox 438 4337 2065 4408; baseline 0.001 -18"><span class='ocrx_word' id='word_1_325' title='bbox 438 4337 686 4391; x_wconf 90' lang='lat' dir='ltr'>instante</span> <span class='ocrx_word' id='word_1_326' title='bbox 729 4338 1120 4408; x_wconf 89' lang='lat' dir='ltr'>persecutione</span> <span class='ocrx_word' id='word_1_327' title='bbox 1159 4341 1214 4390; x_wconf 86' lang='lat' dir='ltr'>et</span> <span class='ocrx_word' id='word_1_328' title='bbox 1251 4337 1586 4392; x_wconf 82' lang='lat' dir='ltr'>antichristo</span> <span class='ocrx_word' id='word_1_329' title='bbox 1628 4338 1889 4392; x_wconf 85' lang='lat' dir='ltr'>veniente</span> <span class='ocrx_word' id='word_1_330' title='bbox 1931 4338 2065 4391; x_wconf 85' lang='lat' dir='ltr'>duc-</span> 
     </span>
    </p>
   </div>
   <div class='ocr_carea' id='block_1_47' title="bbox 436 4429 2064 4503">
    <p class='ocr_par' dir='ltr' id='par_1_47' title="bbox 436 4429 2064 4503">
     <span class='ocr_line' id='line_1_47' title="bbox 436 4429 2064 4503; baseline 0.002 -21"><span class='ocrx_word' id='word_1_331' title='bbox 436 4435 560 4484; x_wconf 88' lang='lat' dir='ltr'>tum</span> <span class='ocrx_word' id='word_1_332' title='bbox 610 4429 723 4484; x_wconf 88' lang='lat' dir='ltr'>late</span> <span class='ocrx_word' id='word_1_333' title='bbox 773 4431 1140 4502; x_wconf 86' lang='lat' dir='ltr'>persequitur</span> <span class='ocrx_word' id='word_1_334' title='bbox 1186 4453 1212 4480; x_wconf 84' lang='lat'>»</span> <span class='ocrx_word' id='word_1_335' title='bbox 1267 4431 1598 4503; x_wconf 81' lang='lat' dir='ltr'>Cyprianus.</span> <span class='ocrx_word' id='word_1_336' title='bbox 1652 4432 1778 4498; x_wconf 91' lang='lat' dir='ltr'>Sed,</span> <span class='ocrx_word' id='word_1_337' title='bbox 1829 4448 1959 4485; x_wconf 87' lang='lat' dir='ltr'>cum</span> <span class='ocrx_word' id='word_1_338' title='bbox 2012 4433 2064 4486; x_wconf 94' lang='lat' dir='ltr'>S.</span> 
     </span>
    </p>
   </div>
   <div class='ocr_carea' id='block_1_48' title="bbox 2175 481 3811 554">
    <p class='ocr_par' dir='ltr' id='par_1_48' title="bbox 2175 481 3811 554">
     <span class='ocr_line' id='line_1_48' title="bbox 2175 481 3811 554; baseline 0.004 -20"><span class='ocrx_word' id='word_1_339' title='bbox 2175 481 2292 534; x_wconf 87' lang='lat' dir='ltr'>dies</span> <span class='ocrx_word' id='word_1_340' title='bbox 2323 497 2423 534; x_wconf 91' lang='lat' dir='ltr'>nos</span> <span class='ocrx_word' id='word_1_341' title='bbox 2450 481 2539 534; x_wconf 86' lang='lat' dir='ltr'>vel</span> <span class='ocrx_word' id='word_1_342' title='bbox 2569 481 2906 536; x_wconf 89' lang='lat' dir='ltr'>redditionis</span> <span class='ocrx_word' id='word_1_343' title='bbox 2935 483 3021 536; x_wconf 92' lang='lat' dir='ltr'>vel</span> <span class='ocrx_word' id='word_1_344' title='bbox 3053 484 3467 554; x_wconf 90' lang='lat' dir='ltr'>persecutionis</span> <span class='ocrx_word' id='word_1_345' title='bbox 3503 485 3811 552; x_wconf 88' lang='lat' dir='ltr'>invenerit,</span> 
     </span>
    </p>
   </div>
   <div class='ocr_carea' id='block_1_49' title="bbox 2175 575 3810 649">
    <p class='ocr_par' dir='ltr' id='par_1_49' title="bbox 2175 575 3810 649">
     <span class='ocr_line' id='line_1_49' title="bbox 2175 575 3810 649; baseline 0.004 -21"><span class='ocrx_word' id='word_1_346' title='bbox 2175 591 2461 643; x_wconf 86' lang='lat' dir='ltr'>nusquam</span> <span class='ocrx_word' id='word_1_347' title='bbox 2516 575 2790 629; x_wconf 89' lang='lat' dir='ltr'>Dominus</span> <span class='ocrx_word' id='word_1_348' title='bbox 2843 575 3068 630; x_wconf 90' lang='lat' dir='ltr'>meritis</span> <span class='ocrx_word' id='word_1_349' title='bbox 3123 577 3328 631; x_wconf 91' lang='lat' dir='ltr'>nostris</span> <span class='ocrx_word' id='word_1_350' title='bbox 3383 579 3450 631; x_wconf 90' lang='lat' dir='ltr'>ad</span> <span class='ocrx_word' id='word_1_351' title='bbox 3508 580 3810 649; x_wconf 63' lang='lat' dir='ltr'>praemium</span> 
     </span>
    </p>
   </div>
   <div class='ocr_carea' id='block_1_50' title="bbox 2175 667 3812 744">
    <p class='ocr_par' dir='ltr' id='par_1_50' title="bbox 2175 667 3812 744">
     <span class='ocr_line' id='line_1_50' title="bbox 2175 667 3812 744; baseline 0.005 -24"><span class='ocrx_word' id='word_1_352' title='bbox 2175 667 2380 722; x_wconf 88' lang='lat' dir='ltr'>deerit.</span> <span class='ocrx_word' id='word_1_353' title='bbox 2415 669 2472 720; x_wconf 90' lang='lat' dir='ltr'>In</span> <span class='ocrx_word' id='word_1_354' title='bbox 2507 685 2644 739; x_wconf 90' lang='lat' dir='ltr'>pace</span> <span class='ocrx_word' id='word_1_355' title='bbox 2677 669 3037 724; x_wconf 88' lang='lat' dir='ltr'>vincentibus</span> <span class='ocrx_word' id='word_1_356' title='bbox 3068 687 3340 725; x_wconf 89' lang='lat' dir='ltr'>coronam</span> <span class='ocrx_word' id='word_1_357' title='bbox 3369 671 3672 727; x_wconf 87' lang='lat' dir='ltr'>candidam</span> <span class='ocrx_word' id='word_1_358' title='bbox 3710 690 3812 744; x_wconf 93' lang='lat' dir='ltr'>pro</span> 
     </span>
    </p>
   </div>
   <div class='ocr_carea' id='block_1_51' title="bbox 2176 761 3801 838">
    <p class='ocr_par' dir='ltr' id='par_1_51' title="bbox 2176 761 3801 838">
     <span class='ocr_line' id='line_1_51' title="bbox 2176 761 3801 838; baseline 0.006 -25"><span class='ocrx_word' id='word_1_359' title='bbox 2176 761 2441 832; x_wconf 87' lang='lat' dir='ltr'>operibus</span> <span class='ocrx_word' id='word_1_360' title='bbox 2493 761 2681 832; x_wconf 80' lang='lat' dir='ltr'>dabit;</span> <span class='ocrx_word' id='word_1_361' title='bbox 2731 764 2787 816; x_wconf 92' lang='lat' dir='ltr'>in</span> <span class='ocrx_word' id='word_1_362' title='bbox 2843 765 3232 834; x_wconf 89' lang='lat' dir='ltr'>persecutione</span> <span class='ocrx_word' id='word_1_363' title='bbox 3289 781 3641 837; x_wconf 89' lang='lat' dir='ltr'>purpuream</span> <span class='ocrx_word' id='word_1_364' title='bbox 3697 784 3801 838; x_wconf 89' lang='lat' dir='ltr'>pro</span> 
     </span>
    </p>
   </div>
   <div class='ocr_carea' id='block_1_52' title="bbox 2173 855 2904 926">
    <p class='ocr_par' dir='ltr' id='par_1_52' title="bbox 2173 855 2904 926">
     <span class='ocr_line' id='line_1_52' title="bbox 2173 855 2904 926; baseline 0.005 -19"><span class='ocrx_word' id='word_1_365' title='bbox 2173 855 2438 926; x_wconf 89' lang='lat' dir='ltr'>passione</span> <span class='ocrx_word' id='word_1_366' title='bbox 2472 856 2840 926; x_wconf 89' lang='lat' dir='ltr'>germinabit.</span> <span class='ocrx_word' id='word_1_367' title='bbox 2876 879 2904 904; x_wconf 68' lang='grc' dir='ltr'><strong>ιι</strong></span> 
     </span>
    </p>
   </div>
   <div class='ocr_carea' id='block_1_53' title="bbox 2244 949 3809 1025">
    <p class='ocr_par' dir='ltr' id='par_1_53' title="bbox 2244 949 3809 1025">
     <span class='ocr_line' id='line_1_53' title="bbox 2244 949 3809 1025; baseline 0.004 -23"><span class='ocrx_word' id='word_1_368' title='bbox 2244 949 2327 1003; x_wconf 77' lang='lat' dir='ltr'>Ad</span> <span class='ocrx_word' id='word_1_369' title='bbox 2373 949 2603 1004; x_wconf 89' lang='lat' dir='ltr'>initium</span> <span class='ocrx_word' id='word_1_370' title='bbox 2655 951 2791 1005; x_wconf 87' lang='lat' dir='ltr'>anni</span> <span class='ocrx_word' id='word_1_371' title='bbox 2839 952 2942 1007; x_wconf 80' lang='grc'>254</span> <span class='ocrx_word' id='word_1_372' title='bbox 2990 951 3236 1006; x_wconf 85' lang='lat' dir='ltr'>refertur</span> <span class='ocrx_word' id='word_1_373' title='bbox 3280 952 3445 1024; x_wconf 86' lang='lat' dir='ltr'>epist.</span> <span class='ocrx_word' id='word_1_374' title='bbox 3495 955 3582 1023; x_wconf 90' lang='lat'>69,</span> <span class='ocrx_word' id='word_1_375' title='bbox 3634 970 3809 1025; x_wconf 91' lang='lat' dir='ltr'>quam</span> 
     </span>
    </p>
   </div>
   <div class='ocr_carea' id='block_1_54' title="bbox 2174 1045 3803 1118">
    <p class='ocr_par' dir='ltr' id='par_1_54' title="bbox 2174 1045 3803 1118">
     <span class='ocr_line' id='line_1_54' title="bbox 2174 1045 3803 1118; baseline 0.003 -21"><span class='ocrx_word' id='word_1_376' title='bbox 2174 1045 2247 1098; x_wconf 80' lang='lat' dir='ltr'>ad</span> <span class='ocrx_word' id='word_1_377' title='bbox 2295 1047 2629 1101; x_wconf 78' lang='lat' dir='ltr'>Florentium</span> <span class='ocrx_word' id='word_1_378' title='bbox 2671 1048 2979 1114; x_wconf 82' lang='lat' dir='ltr'>Pupianum</span> <span class='ocrx_word' id='word_1_379' title='bbox 3023 1045 3245 1116; x_wconf 90' lang='lat' dir='ltr'>scripsit</span> <span class='ocrx_word' id='word_1_380' title='bbox 3291 1047 3624 1118; x_wconf 87' lang='lat' dir='ltr'>Cyprianus,</span> <span class='ocrx_word' id='word_1_381' title='bbox 3673 1064 3803 1102; x_wconf 90' lang='lat' dir='ltr'>cum</span> 
     </span>
    </p>
   </div>
   <div class='ocr_carea' id='block_1_55' title="bbox 2166 1139 3802 1211">
    <p class='ocr_par' dir='ltr' id='par_1_55' title="bbox 2166 1139 3802 1211">
     <span class='ocr_line' id='line_1_55' title="bbox 2166 1139 3802 1211; baseline 0.003 -20"><span class='ocrx_word' id='word_1_382' title='bbox 2166 1139 2283 1209; x_wconf 88' lang='lat' dir='ltr'>jam</span> <span class='ocrx_word' id='word_1_383' title='bbox 2318 1156 2412 1193; x_wconf 86' lang='lat' dir='ltr'>sex</span> <span class='ocrx_word' id='word_1_384' title='bbox 2446 1139 2608 1193; x_wconf 90' lang='lat' dir='ltr'>annis</span> <span class='ocrx_word' id='word_1_385' title='bbox 2649 1139 2944 1192; x_wconf 91' lang='lat' dir='ltr'>ecclesiam</span> <span class='ocrx_word' id='word_1_386' title='bbox 2973 1139 3484 1210; x_wconf 88' lang='lat' dir='ltr'>Carthaginensem</span> <span class='ocrx_word' id='word_1_387' title='bbox 3516 1141 3802 1211; x_wconf 90' lang='lat' dir='ltr'>guberna-</span> 
     </span>
    </p>
   </div>
   <div class='ocr_carea' id='block_1_56' title="bbox 2174 1232 3810 1303">
    <p class='ocr_par' dir='ltr' id='par_1_56' title="bbox 2174 1232 3810 1303">
     <span class='ocr_line' id='line_1_56' title="bbox 2174 1232 3810 1303; baseline 0.002 -18"><span class='ocrx_word' id='word_1_388' title='bbox 2174 1235 2278 1285; x_wconf 90' lang='lat' dir='ltr'>ret.</span> <span class='ocrx_word' id='word_1_389' title='bbox 2323 1233 2606 1303; x_wconf 86' lang='lat' dir='ltr'>Papianus</span> <span class='ocrx_word' id='word_1_390' title='bbox 2649 1232 2745 1285; x_wconf 90' lang='lat' dir='ltr'>ille</span> <span class='ocrx_word' id='word_1_391' title='bbox 2784 1234 2916 1285; x_wconf 90' lang='lat' dir='ltr'>ante</span> <span class='ocrx_word' id='word_1_392' title='bbox 2958 1233 3412 1302; x_wconf 89' lang='lat' dir='ltr'>persecutionem</span> <span class='ocrx_word' id='word_1_393' title='bbox 3455 1234 3512 1287; x_wconf 89' lang='lat' dir='ltr'>in</span> <span class='ocrx_word' id='word_1_394' title='bbox 3562 1234 3810 1288; x_wconf 86' lang='lat' dir='ltr'>Ecclesia</span> 
     </span>
    </p>
   </div>
   <div class='ocr_carea' id='block_1_57' title="bbox 2171 1325 3808 1398">
    <p class='ocr_par' dir='ltr' id='par_1_57' title="bbox 2171 1325 3808 1398">
     <span class='ocr_line' id='line_1_57' title="bbox 2171 1325 3808 1398; baseline 0.002 -18"><span class='ocrx_word' id='word_1_395' title='bbox 2171 1326 2360 1381; x_wconf 87' lang='lat' dir='ltr'>fuerat</span> <span class='ocrx_word' id='word_1_396' title='bbox 2423 1331 2481 1380; x_wconf 94' lang='lat' dir='ltr'>et</span> <span class='ocrx_word' id='word_1_397' title='bbox 2542 1325 3064 1380; x_wconf 87' lang='lat' dir='ltr'>communicaverat</span> <span class='ocrx_word' id='word_1_398' title='bbox 3128 1343 3259 1380; x_wconf 92' lang='lat' dir='ltr'>cum</span> <span class='ocrx_word' id='word_1_399' title='bbox 3325 1327 3642 1398; x_wconf 84' lang='lat' dir='ltr'>Cypriane;</span> <span class='ocrx_word' id='word_1_400' title='bbox 3709 1329 3808 1383; x_wconf 90' lang='lat' dir='ltr'>sed</span> 
     </span>
    </p>
   </div>
   <div class='ocr_carea' id='block_1_58' title="bbox 2171 1423 3804 1495">
    <p class='ocr_par' dir='ltr' id='par_1_58' title="bbox 2171 1423 3804 1495">
     <span class='ocr_line' id='line_1_58' title="bbox 2171 1423 3804 1495; baseline 0.001 -17"><span class='ocrx_word' id='word_1_401' title='bbox 2171 1428 2387 1495; x_wconf 89' lang='lat' dir='ltr'>postea,</span> <span class='ocrx_word' id='word_1_402' title='bbox 2431 1423 2799 1478; x_wconf 90' lang='lat' dir='ltr'>schismaticis</span> <span class='ocrx_word' id='word_1_403' title='bbox 2843 1440 2902 1478; x_wconf 88' lang='lat' dir='ltr'>se</span> <span class='ocrx_word' id='word_1_404' title='bbox 2944 1424 3284 1494; x_wconf 87' lang='lat' dir='ltr'>adjungens,</span> <span class='ocrx_word' id='word_1_405' title='bbox 3327 1425 3638 1494; x_wconf 82' lang='lat' dir='ltr'>«infanda,</span> <span class='ocrx_word' id='word_1_406' title='bbox 3683 1431 3804 1481; x_wconf 88' lang='lat' dir='ltr'>tur-</span> 
     </span>
    </p>
   </div>
   <div class='ocr_carea' id='block_1_59' title="bbox 2171 1518 3800 1598">
    <p class='ocr_par' dir='ltr' id='par_1_59' title="bbox 2171 1518 3800 1598">
     <span class='ocr_line' id='line_1_59' title="bbox 2171 1518 3800 1598; baseline 0.002 -27"><span class='ocrx_word' id='word_1_407' title='bbox 2171 1518 2287 1598; x_wconf 80' lang='lat' dir='ltr'>pia,</span> <span class='ocrx_word' id='word_1_408' title='bbox 2323 1519 2491 1573; x_wconf 91' lang='lat' dir='ltr'>etiam</span> <span class='ocrx_word' id='word_1_409' title='bbox 2523 1518 2830 1589; x_wconf 86' lang='lat' dir='ltr'>gentilibus</span> <span class='ocrx_word' id='word_1_410' title='bbox 2853 1518 3212 1586; x_wconf 85' lang='lat' dir='ltr'>exsecranda,</span> <span class='ocrx_word' id='word_1_411' title='bbox 3245 1539 3272 1567; x_wconf 86' lang='lat'>»</span> <span class='ocrx_word' id='word_1_412' title='bbox 3302 1519 3372 1573; x_wconf 87' lang='lat' dir='ltr'>de</span> <span class='ocrx_word' id='word_1_413' title='bbox 3404 1520 3684 1590; x_wconf 85' lang='lat' dir='ltr'>Cypriane</span> <span class='ocrx_word' id='word_1_414' title='bbox 3721 1523 3800 1574; x_wconf 89' lang='lat' dir='ltr'>te-</span> 
     </span>
    </p>
   </div>
   <div class='ocr_carea' id='block_1_60' title="bbox 2173 1611 3806 1676">
    <p class='ocr_par' dir='ltr' id='par_1_60' title="bbox 2173 1611 3806 1676">
     <span class='ocr_line' id='line_1_60' title="bbox 2173 1611 3806 1676; baseline 0.001 -10"><span class='ocrx_word' id='word_1_415' title='bbox 2173 1629 2329 1666; x_wconf 87' lang='lat' dir='ltr'>mere</span> <span class='ocrx_word' id='word_1_416' title='bbox 2351 1612 2689 1667; x_wconf 87' lang='lat' dir='ltr'>crediderat.</span> <span class='ocrx_word' id='word_1_417' title='bbox 2713 1611 2859 1676; x_wconf 88' lang='lat' dir='ltr'>Quin</span> <span class='ocrx_word' id='word_1_418' title='bbox 2883 1611 3053 1666; x_wconf 91' lang='lat' dir='ltr'>etiam</span> <span class='ocrx_word' id='word_1_419' title='bbox 3077 1612 3290 1667; x_wconf 86' lang='lat' dir='ltr'>litteras</span> <span class='ocrx_word' id='word_1_420' title='bbox 3312 1613 3380 1666; x_wconf 93' lang='lat' dir='ltr'>ad</span> <span class='ocrx_word' id='word_1_421' title='bbox 3402 1629 3534 1666; x_wconf 91' lang='lat' dir='ltr'>eum</span> <span class='ocrx_word' id='word_1_422' title='bbox 3561 1613 3806 1668; x_wconf 90' lang='lat' dir='ltr'>scribere</span> 
     </span>
    </p>
   </div>
   <div class='ocr_carea' id='block_1_61' title="bbox 2173 1705 3804 1778">
    <p class='ocr_par' dir='ltr' id='par_1_61' title="bbox 2173 1705 3804 1778">
     <span class='ocr_line' id='line_1_61' title="bbox 2173 1705 3804 1778; baseline 0 -18"><span class='ocrx_word' id='word_1_423' title='bbox 2173 1723 2344 1761; x_wconf 86' lang='lat' dir='ltr'>ausus</span> <span class='ocrx_word' id='word_1_424' title='bbox 2383 1711 2484 1773; x_wconf 83' lang='lat' dir='ltr'>est,</span> <span class='ocrx_word' id='word_1_425' title='bbox 2519 1706 2575 1759; x_wconf 91' lang='lat' dir='ltr'>in</span> <span class='ocrx_word' id='word_1_426' title='bbox 2616 1705 2822 1776; x_wconf 90' lang='lat' dir='ltr'>quibus</span> <span class='ocrx_word' id='word_1_427' title='bbox 2856 1705 3110 1776; x_wconf 91' lang='lat' dir='ltr'>judicem</span> <span class='ocrx_word' id='word_1_428' title='bbox 3154 1721 3212 1759; x_wconf 89' lang='lat' dir='ltr'>se</span> <span class='ocrx_word' id='word_1_429' title='bbox 3253 1706 3502 1778; x_wconf 89' lang='lat' dir='ltr'>episcopi</span> <span class='ocrx_word' id='word_1_430' title='bbox 3539 1707 3626 1760; x_wconf 92' lang='lat' dir='ltr'>sui</span> <span class='ocrx_word' id='word_1_431' title='bbox 3669 1724 3804 1761; x_wconf 86' lang='lat' dir='ltr'>con-</span> 
     </span>
    </p>
   </div>
   <div class='ocr_carea' id='block_1_62' title="bbox 2173 1799 3803 1868">
    <p class='ocr_par' dir='ltr' id='par_1_62' title="bbox 2173 1799 3803 1868">
     <span class='ocr_line' id='line_1_62' title="bbox 2173 1799 3803 1868; baseline 0 -14"><span class='ocrx_word' id='word_1_432' title='bbox 2173 1801 2428 1866; x_wconf 89' lang='lat' dir='ltr'>stituens,</span> <span class='ocrx_word' id='word_1_433' title='bbox 2475 1799 2688 1854; x_wconf 89' lang='lat' dir='ltr'>dicebat</span> <span class='ocrx_word' id='word_1_434' title='bbox 2738 1799 3063 1853; x_wconf 88' lang='lat' dir='ltr'>sacerdotes</span> <span class='ocrx_word' id='word_1_435' title='bbox 3108 1800 3352 1854; x_wconf 90' lang='lat' dir='ltr'>humiles</span> <span class='ocrx_word' id='word_1_436' title='bbox 3401 1817 3521 1854; x_wconf 89' lang='lat' dir='ltr'>esse</span> <span class='ocrx_word' id='word_1_437' title='bbox 3573 1800 3803 1868; x_wconf 89' lang='lat' dir='ltr'>debere,</span> 
     </span>
    </p>
   </div>
   <div class='ocr_carea' id='block_1_63' title="bbox 2175 1893 3806 1965">
    <p class='ocr_par' dir='ltr' id='par_1_63' title="bbox 2175 1893 3806 1965">
     <span class='ocr_line' id='line_1_63' title="bbox 2175 1893 3806 1965; baseline 0 -17"><span class='ocrx_word' id='word_1_438' title='bbox 2175 1895 2499 1965; x_wconf 86' lang='lat' dir='ltr'>scrupulum</span> <span class='ocrx_word' id='word_1_439' title='bbox 2535 1893 2638 1947; x_wconf 88' lang='lat' dir='ltr'>sibi</span> <span class='ocrx_word' id='word_1_440' title='bbox 2681 1909 2799 1947; x_wconf 90' lang='lat' dir='ltr'>esse</span> <span class='ocrx_word' id='word_1_441' title='bbox 2843 1893 3156 1948; x_wconf 89' lang='lat' dir='ltr'>tollendum</span> <span class='ocrx_word' id='word_1_442' title='bbox 3189 1894 3256 1948; x_wconf 90' lang='lat' dir='ltr'>de</span> <span class='ocrx_word' id='word_1_443' title='bbox 3294 1894 3489 1949; x_wconf 90' lang='lat' dir='ltr'>animo</span> <span class='ocrx_word' id='word_1_444' title='bbox 3531 1894 3587 1948; x_wconf 92' lang='lat' dir='ltr'>in</span> <span class='ocrx_word' id='word_1_445' title='bbox 3632 1911 3806 1965; x_wconf 90' lang='lat' dir='ltr'>quem</span> 
     </span>
    </p>
   </div>
   <div class='ocr_carea' id='block_1_64' title="bbox 2175 1987 3806 2059">
    <p class='ocr_par' dir='ltr' id='par_1_64' title="bbox 2175 1987 3806 2059">
     <span class='ocr_line' id='line_1_64' title="bbox 2175 1987 3806 2059; baseline 0 -17"><span class='ocrx_word' id='word_1_446' title='bbox 2175 1988 2469 2055; x_wconf 88' lang='lat' dir='ltr'>inciderat,</span> <span class='ocrx_word' id='word_1_447' title='bbox 2505 1987 2809 2041; x_wconf 87' lang='lat' dir='ltr'>Ecclesiam</span> <span class='ocrx_word' id='word_1_448' title='bbox 2840 1990 3071 2057; x_wconf 88' lang='lat' dir='ltr'>propter</span> <span class='ocrx_word' id='word_1_449' title='bbox 3099 1987 3440 2059; x_wconf 86' lang='lat' dir='ltr'>Cyprianum</span> <span class='ocrx_word' id='word_1_450' title='bbox 3481 1988 3806 2059; x_wconf 90' lang='lat' dir='ltr'>portionem</span> 
     </span>
    </p>
   </div>
   <div class='ocr_carea' id='block_1_65' title="bbox 2173 2080 3806 2152">
    <p class='ocr_par' dir='ltr' id='par_1_65' title="bbox 2173 2080 3806 2152">
     <span class='ocr_line' id='line_1_65' title="bbox 2173 2080 3806 2152; baseline 0 -16"><span class='ocrx_word' id='word_1_451' title='bbox 2173 2082 2260 2136; x_wconf 90' lang='lat' dir='ltr'>sui</span> <span class='ocrx_word' id='word_1_452' title='bbox 2287 2082 2345 2136; x_wconf 90' lang='lat' dir='ltr'>in</span> <span class='ocrx_word' id='word_1_453' title='bbox 2373 2082 2628 2152; x_wconf 91' lang='lat' dir='ltr'>disperso</span> <span class='ocrx_word' id='word_1_454' title='bbox 2660 2080 2890 2146; x_wconf 89' lang='lat' dir='ltr'>habere,</span> <span class='ocrx_word' id='word_1_455' title='bbox 2922 2096 3122 2135; x_wconf 90' lang='lat' dir='ltr'>omnes</span> <span class='ocrx_word' id='word_1_456' title='bbox 3151 2082 3246 2152; x_wconf 91' lang='lat' dir='ltr'>qui</span> <span class='ocrx_word' id='word_1_457' title='bbox 3287 2099 3414 2136; x_wconf 93' lang='lat' dir='ltr'>cum</span> <span class='ocrx_word' id='word_1_458' title='bbox 3447 2099 3516 2136; x_wconf 91' lang='lat' dir='ltr'>eo</span> <span class='ocrx_word' id='word_1_459' title='bbox 3546 2098 3806 2136; x_wconf 89' lang='lat' dir='ltr'>commu-</span> 
     </span>
    </p>
   </div>
   <div class='ocr_carea' id='block_1_66' title="bbox 2173 2175 3808 2248">
    <p class='ocr_par' dir='ltr' id='par_1_66' title="bbox 2173 2175 3808 2248">
     <span class='ocr_line' id='line_1_66' title="bbox 2173 2175 3808 2248; baseline -0.001 -18"><span class='ocrx_word' id='word_1_460' title='bbox 2173 2175 2455 2242; x_wconf 89' lang='lat' dir='ltr'>nicabant,</span> <span class='ocrx_word' id='word_1_461' title='bbox 2501 2176 2708 2246; x_wconf 90' lang='lat' dir='ltr'>polluto</span> <span class='ocrx_word' id='word_1_462' title='bbox 2746 2175 2895 2229; x_wconf 88' lang='lat' dir='ltr'>illius</span> <span class='ocrx_word' id='word_1_463' title='bbox 2936 2191 3032 2229; x_wconf 90' lang='lat' dir='ltr'>ore</span> <span class='ocrx_word' id='word_1_464' title='bbox 3076 2175 3321 2246; x_wconf 91' lang='lat' dir='ltr'>pollutos</span> <span class='ocrx_word' id='word_1_465' title='bbox 3363 2193 3503 2244; x_wconf 89' lang='lat' dir='ltr'>esse,</span> <span class='ocrx_word' id='word_1_466' title='bbox 3549 2181 3603 2230; x_wconf 86' lang='lat' dir='ltr'>et</span> <span class='ocrx_word' id='word_1_467' title='bbox 3641 2191 3808 2248; x_wconf 90' lang='lat' dir='ltr'>spem</span> 
     </span>
    </p>
   </div>
   <div class='ocr_carea' id='block_1_67' title="bbox 2173 2269 3804 2341">
    <p class='ocr_par' dir='ltr' id='par_1_67' title="bbox 2173 2269 3804 2341">
     <span class='ocr_line' id='line_1_67' title="bbox 2173 2269 3804 2341; baseline 0.001 -19"><span class='ocrx_word' id='word_1_468' title='bbox 2173 2271 2302 2324; x_wconf 64' lang='lat' dir='ltr'>vitae</span> <span class='ocrx_word' id='word_1_469' title='bbox 2329 2274 2556 2323; x_wconf 63' lang='lat' dir='ltr'>interna:</span> <span class='ocrx_word' id='word_1_470' title='bbox 2586 2269 3122 2323; x_wconf 89' lang='lat' dir='ltr'>communicationis</span> <span class='ocrx_word' id='word_1_471' title='bbox 3150 2270 3296 2324; x_wconf 88' lang='lat' dir='ltr'>illius</span> <span class='ocrx_word' id='word_1_472' title='bbox 3322 2271 3653 2341; x_wconf 81' lang='lat' dir='ltr'>contagione</span> <span class='ocrx_word' id='word_1_473' title='bbox 3683 2286 3804 2340; x_wconf 89' lang='lat' dir='ltr'>per-</span> 
     </span>
    </p>
   </div>
   <div class='ocr_carea' id='block_1_68' title="bbox 2173 2362 3809 2435">
    <p class='ocr_par' dir='ltr' id='par_1_68' title="bbox 2173 2362 3809 2435">
     <span class='ocr_line' id='line_1_68' title="bbox 2173 2362 3809 2435; baseline -0.001 -17"><span class='ocrx_word' id='word_1_474' title='bbox 2173 2363 2397 2418; x_wconf 89' lang='lat' dir='ltr'>didisse.</span> <span class='ocrx_word' id='word_1_475' title='bbox 2431 2362 2742 2433; x_wconf 88' lang='lat' dir='ltr'>Cyprianus</span> <span class='ocrx_word' id='word_1_476' title='bbox 2779 2363 3170 2417; x_wconf 89' lang='lat' dir='ltr'>innocentiam</span> <span class='ocrx_word' id='word_1_477' title='bbox 3210 2380 3372 2417; x_wconf 88' lang='lat' dir='ltr'>suam</span> <span class='ocrx_word' id='word_1_478' title='bbox 3415 2381 3483 2418; x_wconf 88' lang='lat' dir='ltr'>ea</span> <span class='ocrx_word' id='word_1_479' title='bbox 3522 2381 3649 2435; x_wconf 65' lang='lat' dir='ltr'>quae</span> <span class='ocrx_word' id='word_1_480' title='bbox 3681 2363 3809 2434; x_wconf 89' lang='lat' dir='ltr'>cpi-</span> 
     </span>
    </p>
   </div>
   <div class='ocr_carea' id='block_1_69' title="bbox 2174 2456 3803 2528">
    <p class='ocr_par' dir='ltr' id='par_1_69' title="bbox 2174 2456 3803 2528">
     <span class='ocr_line' id='line_1_69' title="bbox 2174 2456 3803 2528; baseline 0.001 -17"><span class='ocrx_word' id='word_1_481' title='bbox 2174 2473 2406 2527; x_wconf 66' lang='lat' dir='ltr'>scopum</span> <span class='ocrx_word' id='word_1_482' title='bbox 2459 2456 2697 2510; x_wconf 87' lang='lat' dir='ltr'>decebat</span> <span class='ocrx_word' id='word_1_483' title='bbox 2744 2456 3016 2527; x_wconf 84' lang='lat' dir='ltr'>gravitate</span> <span class='ocrx_word' id='word_1_484' title='bbox 3062 2459 3119 2510; x_wconf 90' lang='lat' dir='ltr'>et</span> <span class='ocrx_word' id='word_1_485' title='bbox 3163 2459 3479 2512; x_wconf 90' lang='lat' dir='ltr'>constantia</span> <span class='ocrx_word' id='word_1_486' title='bbox 3525 2458 3803 2528; x_wconf 85' lang='lat' dir='ltr'>defendit,</span> 
     </span>
    </p>
   </div>
   <div class='ocr_carea' id='block_1_70' title="bbox 2174 2553 3806 2627">
    <p class='ocr_par' dir='ltr' id='par_1_70' title="bbox 2174 2553 3806 2627">
     <span class='ocr_line' id='line_1_70' title="bbox 2174 2553 3806 2627; baseline 0.002 -19"><span class='ocrx_word' id='word_1_487' title='bbox 2174 2559 2230 2609; x_wconf 91' lang='lat' dir='ltr'>et</span> <span class='ocrx_word' id='word_1_488' title='bbox 2256 2553 2570 2624; x_wconf 90' lang='lat' dir='ltr'>impudenti</span> <span class='ocrx_word' id='word_1_489' title='bbox 2594 2553 2978 2620; x_wconf 87' lang='lat' dir='ltr'>obtrectatori,</span> <span class='ocrx_word' id='word_1_490' title='bbox 3003 2554 3047 2608; x_wconf 91' lang='lat' dir='ltr'>si</span> <span class='ocrx_word' id='word_1_491' title='bbox 3079 2554 3410 2609; x_wconf 87' lang='lat' dir='ltr'>temeritatis</span> <span class='ocrx_word' id='word_1_492' title='bbox 3438 2561 3494 2610; x_wconf 90' lang='lat' dir='ltr'>et</span> <span class='ocrx_word' id='word_1_493' title='bbox 3523 2556 3806 2627; x_wconf 69' lang='lat' dir='ltr'>superbiae</span> 
     </span>
    </p>
   </div>
   <div class='ocr_carea' id='block_1_71' title="bbox 2175 2647 3806 2722">
    <p class='ocr_par' dir='ltr' id='par_1_71' title="bbox 2175 2647 3806 2722">
     <span class='ocr_line' id='line_1_71' title="bbox 2175 2647 3806 2722; baseline 0.002 -20"><span class='ocrx_word' id='word_1_494' title='bbox 2175 2652 2345 2719; x_wconf 87' lang='lat' dir='ltr'>atque</span> <span class='ocrx_word' id='word_1_495' title='bbox 2382 2647 2702 2702; x_wconf 63' lang='lat' dir='ltr'>insolentias</span> <span class='ocrx_word' id='word_1_496' title='bbox 2732 2649 2818 2702; x_wconf 92' lang='lat' dir='ltr'>vel</span> <span class='ocrx_word' id='word_1_497' title='bbox 2849 2665 2976 2702; x_wconf 92' lang='lat' dir='ltr'>sero</span> <span class='ocrx_word' id='word_1_498' title='bbox 3006 2650 3397 2720; x_wconf 70' lang='lat' dir='ltr'>pmnitentiam</span> <span class='ocrx_word' id='word_1_499' title='bbox 3431 2666 3599 2720; x_wconf 87' lang='lat' dir='ltr'>agerc</span> <span class='ocrx_word' id='word_1_500' title='bbox 3627 2667 3806 2722; x_wconf 71' lang='lat' dir='ltr'>cmpe-</span> 
     </span>
    </p>
   </div>
   <div class='ocr_carea' id='block_1_72' title="bbox 2174 2740 3805 2815">
    <p class='ocr_par' dir='ltr' id='par_1_72' title="bbox 2174 2740 3805 2815">
     <span class='ocr_line' id='line_1_72' title="bbox 2174 2740 3805 2815; baseline 0.002 -20"><span class='ocrx_word' id='word_1_501' title='bbox 2174 2742 2267 2811; x_wconf 88' lang='lat' dir='ltr'>rit,</span> <span class='ocrx_word' id='word_1_502' title='bbox 2297 2742 2520 2795; x_wconf 87' lang='lat' dir='ltr'>veniam</span> <span class='ocrx_word' id='word_1_503' title='bbox 2562 2740 2729 2795; x_wconf 73' lang='lat' dir='ltr'>offert</span> <span class='ocrx_word' id='word_1_504' title='bbox 2763 2758 2775 2794; x_wconf 92' lang='lat'>:</span> <span class='ocrx_word' id='word_1_505' title='bbox 2813 2762 2839 2792; x_wconf 84' lang='lat'>«</span> <span class='ocrx_word' id='word_1_506' title='bbox 2877 2742 3134 2797; x_wconf 80' lang='lat' dir='ltr'>Mancute</span> <span class='ocrx_word' id='word_1_507' title='bbox 3166 2749 3380 2810; x_wconf 86' lang='lat' dir='ltr'>tamen,</span> <span class='ocrx_word' id='word_1_508' title='bbox 3413 2743 3618 2815; x_wconf 89' lang='lat' dir='ltr'>inquit,</span> <span class='ocrx_word' id='word_1_509' title='bbox 3652 2745 3805 2815; x_wconf 84' lang='lat' dir='ltr'>apud</span> 
     </span>
    </p>
   </div>
   <div class='ocr_carea' id='block_1_73' title="bbox 2172 2835 3808 2909">
    <p class='ocr_par' dir='ltr' id='par_1_73' title="bbox 2172 2835 3808 2909">
     <span class='ocr_line' id='line_1_73' title="bbox 2172 2835 3808 2909; baseline 0.002 -20"><span class='ocrx_word' id='word_1_510' title='bbox 2172 2852 2275 2889; x_wconf 91' lang='lat' dir='ltr'>nos</span> <span class='ocrx_word' id='word_1_511' title='bbox 2327 2835 2530 2889; x_wconf 69' lang='lat' dir='ltr'>divinae</span> <span class='ocrx_word' id='word_1_512' title='bbox 2585 2852 2838 2890; x_wconf 58' lang='lat' dir='ltr'>censura!</span> <span class='ocrx_word' id='word_1_513' title='bbox 2889 2843 3143 2907; x_wconf 87' lang='lat' dir='ltr'>respectu</span> <span class='ocrx_word' id='word_1_514' title='bbox 3199 2842 3249 2893; x_wconf 89' lang='lat' dir='ltr'>et</span> <span class='ocrx_word' id='word_1_515' title='bbox 3303 2841 3482 2906; x_wconf 90' lang='lat' dir='ltr'>metu,</span> <span class='ocrx_word' id='word_1_516' title='bbox 3536 2842 3596 2892; x_wconf 94' lang='lat' dir='ltr'>ut</span> <span class='ocrx_word' id='word_1_517' title='bbox 3651 2839 3808 2909; x_wconf 89' lang='lat' dir='ltr'>prius</span> 
     </span>
    </p>
   </div>
   <div class='ocr_carea' id='block_1_74' title="bbox 2175 2930 3789 3004">
    <p class='ocr_par' dir='ltr' id='par_1_74' title="bbox 2175 2930 3789 3004">
     <span class='ocr_line' id='line_1_74' title="bbox 2175 2930 3789 3004; baseline 0.001 -20"><span class='ocrx_word' id='word_1_518' title='bbox 2175 2930 2478 2984; x_wconf 90' lang='lat' dir='ltr'>Dominum</span> <span class='ocrx_word' id='word_1_519' title='bbox 2527 2945 2721 2983; x_wconf 92' lang='lat' dir='ltr'>meum</span> <span class='ocrx_word' id='word_1_520' title='bbox 2763 2930 3054 2984; x_wconf 89' lang='lat' dir='ltr'>consulam</span> <span class='ocrx_word' id='word_1_521' title='bbox 3103 2947 3174 2984; x_wconf 87' lang='lat' dir='ltr'>an</span> <span class='ocrx_word' id='word_1_522' title='bbox 3223 2932 3322 2985; x_wconf 88' lang='lat' dir='ltr'>tibi</span> <span class='ocrx_word' id='word_1_523' title='bbox 3365 2949 3562 3002; x_wconf 86' lang='lat' dir='ltr'>pacem</span> <span class='ocrx_word' id='word_1_524' title='bbox 3604 2931 3789 3004; x_wconf 82' lang='lat'><strong>151</strong></span> 
     </span>
    </p>
   </div>
   <div class='ocr_carea' id='block_1_75' title="bbox 2174 3022 3804 3080">
    <p class='ocr_par' dir='ltr' id='par_1_75' title="bbox 2174 3022 3804 3080">
     <span class='ocr_line' id='line_1_75' title="bbox 2174 3022 3804 3080; baseline 0.002 -4"><span class='ocrx_word' id='word_1_525' title='bbox 2174 3023 2292 3077; x_wconf 89' lang='lat' dir='ltr'>dari</span> <span class='ocrx_word' id='word_1_526' title='bbox 2334 3029 2388 3078; x_wconf 91' lang='lat' dir='ltr'>et</span> <span class='ocrx_word' id='word_1_527' title='bbox 2425 3027 2479 3077; x_wconf 91' lang='lat' dir='ltr'>te</span> <span class='ocrx_word' id='word_1_528' title='bbox 2518 3022 2589 3076; x_wconf 92' lang='lat' dir='ltr'>ad</span> <span class='ocrx_word' id='word_1_529' title='bbox 2631 3023 3213 3078; x_wconf 89' lang='lat' dir='ltr'>communicationem</span> <span class='ocrx_word' id='word_1_530' title='bbox 3254 3025 3512 3080; x_wconf 64' lang='lat' dir='ltr'>Ecclesiae</span> <span class='ocrx_word' id='word_1_531' title='bbox 3551 3043 3667 3080; x_wconf 79' lang='lat' dir='ltr'>suae</span> <span class='ocrx_word' id='word_1_532' title='bbox 3702 3027 3804 3079; x_wconf 83' lang='lat' dir='ltr'>ad-</span> 
     </span>
    </p>
   </div>
   <div class='ocr_carea' id='block_1_76' title="bbox 2177 3117 3808 3190">
    <p class='ocr_par' dir='ltr' id='par_1_76' title="bbox 2177 3117 3808 3190">
     <span class='ocr_line' id='line_1_76' title="bbox 2177 3117 3808 3190; baseline 0.003 -20"><span class='ocrx_word' id='word_1_533' title='bbox 2177 3117 2325 3171; x_wconf 89' lang='lat' dir='ltr'>mitti</span> <span class='ocrx_word' id='word_1_534' title='bbox 2358 3134 2458 3170; x_wconf 90' lang='lat' dir='ltr'>sua</span> <span class='ocrx_word' id='word_1_535' title='bbox 2491 3117 2812 3171; x_wconf 86' lang='lat' dir='ltr'>ostensione</span> <span class='ocrx_word' id='word_1_536' title='bbox 2839 3122 2894 3171; x_wconf 91' lang='lat' dir='ltr'>et</span> <span class='ocrx_word' id='word_1_537' title='bbox 2920 3118 3309 3172; x_wconf 88' lang='lat' dir='ltr'>admonitione</span> <span class='ocrx_word' id='word_1_538' title='bbox 3338 3120 3635 3190; x_wconf 88' lang='lat' dir='ltr'>permittit.</span> <span class='ocrx_word' id='word_1_539' title='bbox 3670 3142 3697 3169; x_wconf 85' lang='lat'>»</span> <span class='ocrx_word' id='word_1_540' title='bbox 3730 3121 3808 3175; x_wconf 85' lang='lat' dir='ltr'>Ex</span> 
     </span>
    </p>
   </div>
   <div class='ocr_carea' id='block_1_77' title="bbox 2174 3209 3813 3283">
    <p class='ocr_par' dir='ltr' id='par_1_77' title="bbox 2174 3209 3813 3283">
     <span class='ocr_line' id='line_1_77' title="bbox 2174 3209 3813 3283; baseline 0.002 -20"><span class='ocrx_word' id='word_1_541' title='bbox 2174 3209 2260 3263; x_wconf 86' lang='lat' dir='ltr'>his</span> <span class='ocrx_word' id='word_1_542' title='bbox 2290 3215 2449 3281; x_wconf 92' lang='lat' dir='ltr'>patet</span> <span class='ocrx_word' id='word_1_543' title='bbox 2479 3211 2628 3264; x_wconf 89' lang='lat' dir='ltr'>hunc</span> <span class='ocrx_word' id='word_1_544' title='bbox 2661 3210 2953 3265; x_wconf 88' lang='lat' dir='ltr'>hominem</span> <span class='ocrx_word' id='word_1_545' title='bbox 2997 3227 3113 3265; x_wconf 89' lang='lat' dir='ltr'>non</span> <span class='ocrx_word' id='word_1_546' title='bbox 3151 3212 3480 3283; x_wconf 89' lang='lat' dir='ltr'>episcopum</span> <span class='ocrx_word' id='word_1_547' title='bbox 3521 3213 3713 3278; x_wconf 89' lang='lat' dir='ltr'>fuisse,</span> <span class='ocrx_word' id='word_1_548' title='bbox 3747 3219 3813 3268; x_wconf 89' lang='lat' dir='ltr'>ut</span> 
     </span>
    </p>
   </div>
   <div class='ocr_carea' id='block_1_78' title="bbox 2174 3304 3808 3377">
    <p class='ocr_par' dir='ltr' id='par_1_78' title="bbox 2174 3304 3808 3377">
     <span class='ocr_line' id='line_1_78' title="bbox 2174 3304 3808 3377; baseline 0.001 -19"><span class='ocrx_word' id='word_1_549' title='bbox 2174 3304 2436 3358; x_wconf 92' lang='lat' dir='ltr'>nonnulli</span> <span class='ocrx_word' id='word_1_550' title='bbox 2477 3304 2579 3358; x_wconf 90' lang='lat' dir='ltr'>sibi</span> <span class='ocrx_word' id='word_1_551' title='bbox 2611 3304 2920 3370; x_wconf 85' lang='lat' dir='ltr'>tinxerunt,</span> <span class='ocrx_word' id='word_1_552' title='bbox 2950 3304 3049 3358; x_wconf 91' lang='lat' dir='ltr'>sed</span> <span class='ocrx_word' id='word_1_553' title='bbox 3083 3305 3286 3359; x_wconf 88' lang='lat' dir='ltr'>laicnm</span> <span class='ocrx_word' id='word_1_554' title='bbox 3332 3306 3596 3377; x_wconf 77' lang='lat' dir='ltr'>Cypriani</span> <span class='ocrx_word' id='word_1_555' title='bbox 3627 3307 3808 3376; x_wconf 83' lang='lat' dir='ltr'>juris-</span> 
     </span>
    </p>
   </div>
   <div class='ocr_carea' id='block_1_79' title="bbox 2174 3397 3808 3468">
    <p class='ocr_par' dir='ltr' id='par_1_79' title="bbox 2174 3397 3808 3468">
     <span class='ocr_line' id='line_1_79' title="bbox 2174 3397 3808 3468; baseline 0.002 -18"><span class='ocrx_word' id='word_1_556' title='bbox 2174 3397 2407 3452; x_wconf 90' lang='lat' dir='ltr'>dictioni</span> <span class='ocrx_word' id='word_1_557' title='bbox 2447 3397 2801 3468; x_wconf 88' lang='lat' dir='ltr'>subjectum;</span> <span class='ocrx_word' id='word_1_558' title='bbox 2833 3399 2923 3452; x_wconf 92' lang='lat' dir='ltr'>cui</span> <span class='ocrx_word' id='word_1_559' title='bbox 2968 3404 3162 3452; x_wconf 90' lang='lat' dir='ltr'>tamen</span> <span class='ocrx_word' id='word_1_560' title='bbox 3205 3416 3324 3454; x_wconf 89' lang='lat' dir='ltr'>sese</span> <span class='ocrx_word' id='word_1_561' title='bbox 3364 3399 3582 3455; x_wconf 88' lang='lat' dir='ltr'>nefario</span> <span class='ocrx_word' id='word_1_562' title='bbox 3624 3401 3808 3455; x_wconf 85' lang='lat' dir='ltr'>schis-</span> 
     </span>
    </p>
   </div>
   <div class='ocr_carea' id='block_1_80' title="bbox 2176 3491 3812 3566">
    <p class='ocr_par' dir='ltr' id='par_1_80' title="bbox 2176 3491 3812 3566">
     <span class='ocr_line' id='line_1_80' title="bbox 2176 3491 3812 3566; baseline 0.004 -22"><span class='ocrx_word' id='word_1_563' title='bbox 2176 3497 2323 3546; x_wconf 86' lang='lat' dir='ltr'>mate</span> <span class='ocrx_word' id='word_1_564' title='bbox 2376 3491 2750 3546; x_wconf 81' lang='lat' dir='ltr'>subtraxerat.</span> <span class='ocrx_word' id='word_1_565' title='bbox 2798 3493 2911 3546; x_wconf 88' lang='lat' dir='ltr'>Nec</span> <span class='ocrx_word' id='word_1_566' title='bbox 2961 3493 3323 3549; x_wconf 90' lang='lat' dir='ltr'>verisimilior</span> <span class='ocrx_word' id='word_1_567' title='bbox 3367 3511 3565 3549; x_wconf 89' lang='lat' dir='ltr'>eorum</span> <span class='ocrx_word' id='word_1_568' title='bbox 3614 3496 3812 3566; x_wconf 89' lang='lat' dir='ltr'>opinio</span> 
     </span>
    </p>
   </div>
   <div class='ocr_carea' id='block_1_81' title="bbox 2174 3585 3812 3660">
    <p class='ocr_par' dir='ltr' id='par_1_81' title="bbox 2174 3585 3812 3660">
     <span class='ocr_line' id='line_1_81' title="bbox 2174 3585 3812 3660; baseline 0.005 -23"><span class='ocrx_word' id='word_1_569' title='bbox 2174 3585 2270 3656; x_wconf 88' lang='lat' dir='ltr'>qui</span> <span class='ocrx_word' id='word_1_570' title='bbox 2304 3586 2617 3657; x_wconf 84' lang='lat' dir='ltr'>Pupianuin</span> <span class='ocrx_word' id='word_1_571' title='bbox 2651 3586 2862 3657; x_wconf 86' lang='lat' dir='ltr'>aliquid</span> <span class='ocrx_word' id='word_1_572' title='bbox 2903 3586 2958 3640; x_wconf 91' lang='lat' dir='ltr'>iu</span> <span class='ocrx_word' id='word_1_573' title='bbox 3000 3588 3393 3658; x_wconf 89' lang='lat' dir='ltr'>persecutione</span> <span class='ocrx_word' id='word_1_574' title='bbox 3426 3606 3652 3660; x_wconf 89' lang='lat' dir='ltr'>passum</span> <span class='ocrx_word' id='word_1_575' title='bbox 3684 3607 3812 3645; x_wconf 90' lang='lat' dir='ltr'>esse</span> 
     </span>
    </p>
   </div>
   <div class='ocr_carea' id='block_1_82' title="bbox 2172 3680 3808 3755">
    <p class='ocr_par' dir='ltr' id='par_1_82' title="bbox 2172 3680 3808 3755">
     <span class='ocr_line' id='line_1_82' title="bbox 2172 3680 3808 3755; baseline 0.004 -23"><span class='ocrx_word' id='word_1_576' title='bbox 2172 3680 2544 3746; x_wconf 88' lang='lat' dir='ltr'>contendunt,</span> <span class='ocrx_word' id='word_1_577' title='bbox 2578 3681 2714 3751; x_wconf 89' lang='lat' dir='ltr'>quia</span> <span class='ocrx_word' id='word_1_578' title='bbox 2744 3680 2878 3734; x_wconf 86' lang='lat' dir='ltr'>dicit</span> <span class='ocrx_word' id='word_1_579' title='bbox 2908 3680 2961 3733; x_wconf 89' lang='lat' dir='ltr'>ei</span> <span class='ocrx_word' id='word_1_580' title='bbox 2995 3681 3311 3752; x_wconf 87' lang='lat' dir='ltr'>Cyprianus</span> <span class='ocrx_word' id='word_1_581' title='bbox 3343 3684 3420 3754; x_wconf 83' lang='lat' dir='ltr'>(p.</span> <span class='ocrx_word' id='word_1_582' title='bbox 3462 3686 3580 3755; x_wconf 87' lang='grc'>121)</span> <span class='ocrx_word' id='word_1_583' title='bbox 3610 3701 3622 3737; x_wconf 92' lang='lat'><strong>:</strong></span> <span class='ocrx_word' id='word_1_584' title='bbox 3662 3706 3688 3732; x_wconf 76' lang='grc' dir='ltr'><em>υ</em></span> <span class='ocrx_word' id='word_1_585' title='bbox 3722 3685 3808 3738; x_wconf 81' lang='lat' dir='ltr'>Ne</span> 
     </span>
    </p>
   </div>
   <div class='ocr_carea' id='block_1_83' title="bbox 2169 3772 3808 3846">
    <p class='ocr_par' dir='ltr' id='par_1_83' title="bbox 2169 3772 3808 3846">
     <span class='ocr_line' id='line_1_83' title="bbox 2169 3772 3808 3846; baseline 0.004 -20"><span class='ocrx_word' id='word_1_586' title='bbox 2169 3772 2314 3827; x_wconf 89' lang='lat' dir='ltr'>forte</span> <span class='ocrx_word' id='word_1_587' title='bbox 2341 3773 2608 3828; x_wconf 87' lang='lat' dir='ltr'>claritatis</span> <span class='ocrx_word' id='word_1_588' title='bbox 2641 3777 2698 3828; x_wconf 91' lang='lat' dir='ltr'>et</span> <span class='ocrx_word' id='word_1_589' title='bbox 2728 3774 2986 3845; x_wconf 89' lang='lat' dir='ltr'>martyrii</span> <span class='ocrx_word' id='word_1_590' title='bbox 3016 3777 3098 3828; x_wconf 91' lang='lat' dir='ltr'>tui</span> <span class='ocrx_word' id='word_1_591' title='bbox 3136 3775 3386 3846; x_wconf 76' lang='lat' dir='ltr'>dignitas</span> <span class='ocrx_word' id='word_1_592' title='bbox 3416 3783 3607 3831; x_wconf 89' lang='lat' dir='ltr'>nostra</span> <span class='ocrx_word' id='word_1_593' title='bbox 3644 3794 3808 3832; x_wconf 91' lang='lat' dir='ltr'>com-</span> 
     </span>
    </p>
   </div>
   <div class='ocr_carea' id='block_1_84' title="bbox 2171 3867 3808 3939">
    <p class='ocr_par' dir='ltr' id='par_1_84' title="bbox 2171 3867 3808 3939">
     <span class='ocr_line' id='line_1_84' title="bbox 2171 3867 3808 3939; baseline 0.004 -19"><span class='ocrx_word' id='word_1_594' title='bbox 2171 3867 2558 3921; x_wconf 89' lang='lat' dir='ltr'>municatione</span> <span class='ocrx_word' id='word_1_595' title='bbox 2598 3868 2930 3922; x_wconf 75' lang='lat' dir='ltr'>maculatur.</span> <span class='ocrx_word' id='word_1_596' title='bbox 2977 3887 3003 3918; x_wconf 79' lang='grc' dir='ltr'>ι)</span> <span class='ocrx_word' id='word_1_597' title='bbox 3044 3870 3109 3922; x_wconf 85' lang='grc' dir='ltr'>ΕΙ.</span> <span class='ocrx_word' id='word_1_598' title='bbox 3149 3887 3200 3939; x_wconf 93' lang='lat' dir='ltr'>p.</span> <span class='ocrx_word' id='word_1_599' title='bbox 3236 3873 3334 3923; x_wconf 90' lang='grc'>122</span> <span class='ocrx_word' id='word_1_600' title='bbox 3369 3887 3382 3924; x_wconf 94' lang='lat'>:</span> <span class='ocrx_word' id='word_1_601' title='bbox 3421 3891 3446 3917; x_wconf 90' lang='grc'>‹‹</span> <span class='ocrx_word' id='word_1_602' title='bbox 3477 3872 3808 3926; x_wconf 90' lang='lat' dir='ltr'>Persecutio</span> 
     </span>
    </p>
   </div>
   <div class='ocr_carea' id='block_1_85' title="bbox 2171 3961 3809 4032">
    <p class='ocr_par' dir='ltr' id='par_1_85' title="bbox 2171 3961 3809 4032">
     <span class='ocr_line' id='line_1_85' title="bbox 2171 3961 3809 4032; baseline 0.002 -17"><span class='ocrx_word' id='word_1_603' title='bbox 2171 3961 2324 4015; x_wconf 89' lang='lat' dir='ltr'>enim</span> <span class='ocrx_word' id='word_1_604' title='bbox 2355 3961 2588 4015; x_wconf 90' lang='lat' dir='ltr'>veniens</span> <span class='ocrx_word' id='word_1_605' title='bbox 2614 3967 2667 4016; x_wconf 93' lang='lat' dir='ltr'>te</span> <span class='ocrx_word' id='word_1_606' title='bbox 2690 3962 2758 4015; x_wconf 90' lang='lat' dir='ltr'>ad</span> <span class='ocrx_word' id='word_1_607' title='bbox 2791 3978 3072 4015; x_wconf 90' lang='lat' dir='ltr'>summam</span> <span class='ocrx_word' id='word_1_608' title='bbox 3105 3963 3359 4032; x_wconf 85' lang='lat' dir='ltr'>martyrii</span> <span class='ocrx_word' id='word_1_609' title='bbox 3391 3964 3809 4020; x_wconf 85' lang='lat' dir='ltr'>sublimitatem</span> 
     </span>
    </p>
   </div>
   <div class='ocr_carea' id='block_1_86' title="bbox 2174 4055 3813 4128">
    <p class='ocr_par' dir='ltr' id='par_1_86' title="bbox 2174 4055 3813 4128">
     <span class='ocr_line' id='line_1_86' title="bbox 2174 4055 3813 4128; baseline 0.003 -20"><span class='ocrx_word' id='word_1_610' title='bbox 2174 4055 2453 4126; x_wconf 83' lang='lat' dir='ltr'>provexit,</span> <span class='ocrx_word' id='word_1_611' title='bbox 2489 4071 2577 4110; x_wconf 90' lang='lat' dir='ltr'>me</span> <span class='ocrx_word' id='word_1_612' title='bbox 2616 4062 2808 4110; x_wconf 90' lang='lat' dir='ltr'>autem</span> <span class='ocrx_word' id='word_1_613' title='bbox 2843 4056 3272 4126; x_wconf 85' lang='lat' dir='ltr'>proscriptionis</span> <span class='ocrx_word' id='word_1_614' title='bbox 3310 4074 3484 4112; x_wconf 89' lang='lat' dir='ltr'>onere</span> <span class='ocrx_word' id='word_1_615' title='bbox 3527 4057 3813 4128; x_wconf 88' lang='lat' dir='ltr'>depressit</span> 
     </span>
    </p>
   </div>
   <div class='ocr_carea' id='block_1_87' title="bbox 2170 4149 3810 4223">
    <p class='ocr_par' dir='ltr' id='par_1_87' title="bbox 2170 4149 3810 4223">
     <span class='ocr_line' id='line_1_87' title="bbox 2170 4149 3810 4223; baseline 0.002 -21"><span class='ocrx_word' id='word_1_616' title='bbox 2170 4166 2299 4203; x_wconf 89' lang='lat' dir='ltr'>cum</span> <span class='ocrx_word' id='word_1_617' title='bbox 2333 4149 2555 4219; x_wconf 90' lang='lat' dir='ltr'>publice</span> <span class='ocrx_word' id='word_1_618' title='bbox 2585 4149 2872 4219; x_wconf 88' lang='lat' dir='ltr'>legeretur</span> <span class='ocrx_word' id='word_1_619' title='bbox 2904 4167 2916 4204; x_wconf 91' lang='lat'><strong>:</strong></span> <span class='ocrx_word' id='word_1_620' title='bbox 2948 4171 2975 4202; x_wconf 76' lang='grc' dir='ltr'>(ι</span> <span class='ocrx_word' id='word_1_621' title='bbox 3009 4151 3063 4205; x_wconf 90' lang='lat' dir='ltr'>Si</span> <span class='ocrx_word' id='word_1_622' title='bbox 3093 4152 3219 4221; x_wconf 90' lang='lat' dir='ltr'>quis</span> <span class='ocrx_word' id='word_1_623' title='bbox 3248 4155 3404 4205; x_wconf 89' lang='lat' dir='ltr'>tenet</span> <span class='ocrx_word' id='word_1_624' title='bbox 3429 4153 3516 4206; x_wconf 91' lang='lat' dir='ltr'>vel</span> <span class='ocrx_word' id='word_1_625' title='bbox 3551 4153 3810 4223; x_wconf 88' lang='lat' dir='ltr'>possidet</span> 
     </span>
    </p>
   </div>
   <div class='ocr_carea' id='block_1_88' title="bbox 2171 4242 3806 4315">
    <p class='ocr_par' dir='ltr' id='par_1_88' title="bbox 2171 4242 3806 4315">
     <span class='ocr_line' id='line_1_88' title="bbox 2171 4242 3806 4315; baseline 0.004 -19"><span class='ocrx_word' id='word_1_626' title='bbox 2171 4243 2242 4296; x_wconf 90' lang='lat' dir='ltr'>de</span> <span class='ocrx_word' id='word_1_627' title='bbox 2273 4243 2432 4296; x_wconf 93' lang='lat' dir='ltr'>bonis</span> <span class='ocrx_word' id='word_1_628' title='bbox 2459 4242 2666 4298; x_wconf 69' lang='lat' dir='ltr'>Caecilii</span> <span class='ocrx_word' id='word_1_629' title='bbox 2694 4243 2962 4314; x_wconf 86' lang='lat' dir='ltr'>Cypriani</span> <span class='ocrx_word' id='word_1_630' title='bbox 2991 4243 3241 4315; x_wconf 89' lang='lat' dir='ltr'>episcopi</span> <span class='ocrx_word' id='word_1_631' title='bbox 3269 4245 3747 4302; x_wconf 87' lang='lat' dir='ltr'>Christianorum.</span> <span class='ocrx_word' id='word_1_632' title='bbox 3778 4270 3806 4294; x_wconf 74' lang='grc' dir='ltr'><strong>η</strong></span> 
     </span>
    </p>
   </div>
   <div class='ocr_carea' id='block_1_89' title="bbox 2171 4336 3807 4407">
    <p class='ocr_par' dir='ltr' id='par_1_89' title="bbox 2171 4336 3807 4407">
     <span class='ocr_line' id='line_1_89' title="bbox 2171 4336 3807 4407; baseline 0.002 -16"><span class='ocrx_word' id='word_1_633' title='bbox 2171 4336 2281 4391; x_wconf 92' lang='lat' dir='ltr'>Sed</span> <span class='ocrx_word' id='word_1_634' title='bbox 2324 4337 2382 4390; x_wconf 92' lang='lat' dir='ltr'>in</span> <span class='ocrx_word' id='word_1_635' title='bbox 2428 4337 2515 4390; x_wconf 89' lang='lat' dir='ltr'>his</span> <span class='ocrx_word' id='word_1_636' title='bbox 2545 4337 2729 4390; x_wconf 90' lang='lat' dir='ltr'>verbis</span> <span class='ocrx_word' id='word_1_637' title='bbox 2771 4337 3073 4392; x_wconf 86' lang='lat' dir='ltr'>manifesta</span> <span class='ocrx_word' id='word_1_638' title='bbox 3114 4344 3198 4393; x_wconf 87' lang='lat' dir='ltr'>est</span> <span class='ocrx_word' id='word_1_639' title='bbox 3239 4339 3453 4407; x_wconf 87' lang='lat' dir='ltr'>ironia;</span> <span class='ocrx_word' id='word_1_640' title='bbox 3500 4356 3602 4393; x_wconf 89' lang='lat' dir='ltr'>nec</span> <span class='ocrx_word' id='word_1_641' title='bbox 3648 4341 3807 4394; x_wconf 88' lang='lat' dir='ltr'>absi-</span> 
     </span>
    </p>
   </div>
   <div class='ocr_carea' id='block_1_90' title="bbox 2172 4430 3805 4501">
    <p class='ocr_par' dir='ltr' id='par_1_90' title="bbox 2172 4430 3805 4501">
     <span class='ocr_line' id='line_1_90' title="bbox 2172 4430 3805 4501; baseline 0.004 -18"><span class='ocrx_word' id='word_1_642' title='bbox 2172 4430 2292 4484; x_wconf 89' lang='lat' dir='ltr'>mili</span> <span class='ocrx_word' id='word_1_643' title='bbox 2322 4430 2491 4484; x_wconf 91' lang='lat' dir='ltr'>modo</span> <span class='ocrx_word' id='word_1_644' title='bbox 2522 4430 2818 4501; x_wconf 88' lang='lat' dir='ltr'>Dionysius</span> <span class='ocrx_word' id='word_1_645' title='bbox 2843 4432 3259 4487; x_wconf 86' lang='lat' dir='ltr'>Alexandrinus</span> <span class='ocrx_word' id='word_1_646' title='bbox 3287 4432 3545 4487; x_wconf 88' lang='lat' dir='ltr'>Germani</span> <span class='ocrx_word' id='word_1_647' title='bbox 3582 4433 3805 4489; x_wconf 84' lang='lat' dir='ltr'>calum-</span> 
     </span>
    </p>
   </div>
   <div class='ocr_carea' id='block_1_91' title="bbox 439 4513 3811 4599">
    <p class='ocr_par' dir='ltr' id='par_1_91' title="bbox 439 4513 3811 4599">
     <span class='ocr_line' id='line_1_91' title="bbox 439 4513 3811 4599; baseline 0.002 -23"><span class='ocrx_word' id='word_1_648' title='bbox 439 4527 658 4594; x_wconf 87' lang='lat' dir='ltr'>martyr</span> <span class='ocrx_word' id='word_1_649' title='bbox 689 4523 1034 4594; x_wconf 80' lang='lat' dir='ltr'>jamdudum</span> <span class='ocrx_word' id='word_1_650' title='bbox 1076 4525 1330 4580; x_wconf 89' lang='lat' dir='ltr'>crederet</span> <span class='ocrx_word' id='word_1_651' title='bbox 1368 4525 1566 4579; x_wconf 90' lang='lat' dir='ltr'>mundi</span> <span class='ocrx_word' id='word_1_652' title='bbox 1606 4525 1777 4578; x_wconf 79' lang='lat' dir='ltr'>linem</span> <span class='ocrx_word' id='word_1_653' title='bbox 1821 4529 1877 4578; x_wconf 91' lang='lat' dir='ltr'>et</span> <span class='ocrx_word' id='word_1_654' title='bbox 1919 4513 2290 4583; x_wconf 89' lang='lat' dir='ltr'>anti-Dnias</span> <span class='ocrx_word' id='word_1_655' title='bbox 2341 4523 2549 4578; x_wconf 90' lang='lat' dir='ltr'>refellit</span> <span class='ocrx_word' id='word_1_656' title='bbox 2587 4541 2600 4579; x_wconf 93' lang='lat'>:</span> <span class='ocrx_word' id='word_1_657' title='bbox 2648 4547 2674 4573; x_wconf 85' lang='grc'>‹‹</span> <span class='ocrx_word' id='word_1_658' title='bbox 2720 4525 2829 4580; x_wconf 88' lang='lat' dir='ltr'>Sed</span> <span class='ocrx_word' id='word_1_659' title='bbox 2877 4525 3113 4579; x_wconf 87' lang='lat' dir='ltr'>fortasse</span> <span class='ocrx_word' id='word_1_660' title='bbox 3155 4528 3485 4593; x_wconf 85' lang='lat' dir='ltr'>Germanus,</span> <span class='ocrx_word' id='word_1_661' title='bbox 3538 4550 3564 4575; x_wconf 82' lang='grc'><strong>››</strong></span> <span class='ocrx_word' id='word_1_662' title='bbox 3616 4528 3811 4599; x_wconf 85' lang='lat' dir='ltr'>inquit</span> 
     </span>
    </p>
   </div>
   <div class='ocr_carea' id='block_1_92' title="bbox 435 4616 2072 4690">
    <p class='ocr_par' dir='ltr' id='par_1_92' title="bbox 435 4616 2072 4690">
     <span class='ocr_line' id='line_1_92' title="bbox 435 4616 2072 4690; baseline 0.001 -19"><span class='ocrx_word' id='word_1_663' title='bbox 435 4616 633 4671; x_wconf 78' lang='lat' dir='ltr'>chi-isti</span> <span class='ocrx_word' id='word_1_664' title='bbox 673 4616 983 4672; x_wconf 89' lang='lat' dir='ltr'>adventum</span> <span class='ocrx_word' id='word_1_665' title='bbox 1026 4617 1259 4687; x_wconf 89' lang='lat' dir='ltr'>instare,</span> <span class='ocrx_word' id='word_1_666' title='bbox 1303 4619 1447 4672; x_wconf 91' lang='lat' dir='ltr'>hanc</span> <span class='ocrx_word' id='word_1_667' title='bbox 1490 4618 1821 4690; x_wconf 89' lang='lat' dir='ltr'>opinionem</span> <span class='ocrx_word' id='word_1_668' title='bbox 1863 4618 1918 4672; x_wconf 89' lang='lat' dir='ltr'>in</span> <span class='ocrx_word' id='word_1_669' title='bbox 1950 4619 2072 4689; x_wconf 87' lang='lat' dir='ltr'>ipsa</span> 
     </span>
    </p>
   </div>
   <div class='ocr_carea' id='block_1_93' title="bbox 434 4711 2072 4783">
    <p class='ocr_par' dir='ltr' id='par_1_93' title="bbox 434 4711 2072 4783">
     <span class='ocr_line' id='line_1_93' title="bbox 434 4711 2072 4783; baseline 0.001 -18"><span class='ocrx_word' id='word_1_670' title='bbox 434 4711 604 4765; x_wconf 90' lang='lat' dir='ltr'>etiam</span> <span class='ocrx_word' id='word_1_671' title='bbox 658 4728 793 4782; x_wconf 91' lang='lat' dir='ltr'>pace</span> <span class='ocrx_word' id='word_1_672' title='bbox 848 4712 1090 4766; x_wconf 86' lang='lat' dir='ltr'>retinere</span> <span class='ocrx_word' id='word_1_673' title='bbox 1141 4713 1355 4781; x_wconf 89' lang='lat' dir='ltr'>debuit,</span> <span class='ocrx_word' id='word_1_674' title='bbox 1403 4729 1534 4766; x_wconf 92' lang='lat' dir='ltr'>cum</span> <span class='ocrx_word' id='word_1_675' title='bbox 1586 4713 1906 4783; x_wconf 58' lang='lat' dir='ltr'>praesertim</span> <span class='ocrx_word' id='word_1_676' title='bbox 1952 4713 2072 4766; x_wconf 89' lang='lat' dir='ltr'>lues</span> 
     </span>
    </p>
   </div>
   <div class='ocr_carea' id='block_1_94' title="bbox 432 4806 2070 4877">
    <p class='ocr_par' dir='ltr' id='par_1_94' title="bbox 432 4806 2070 4877">
     <span class='ocr_line' id='line_1_94' title="bbox 432 4806 2070 4877; baseline 0.001 -18"><span class='ocrx_word' id='word_1_677' title='bbox 432 4822 562 4876; x_wconf 70' lang='lat' dir='ltr'>qua:</span> <span class='ocrx_word' id='word_1_678' title='bbox 595 4811 714 4860; x_wconf 88' lang='lat' dir='ltr'>tum</span> <span class='ocrx_word' id='word_1_679' title='bbox 747 4806 1125 4877; x_wconf 86' lang='lat' dir='ltr'>grassabatur,</span> <span class='ocrx_word' id='word_1_680' title='bbox 1159 4824 1270 4861; x_wconf 88' lang='lat' dir='ltr'>una</span> <span class='ocrx_word' id='word_1_681' title='bbox 1311 4823 1431 4861; x_wconf 89' lang='lat' dir='ltr'>esse</span> <span class='ocrx_word' id='word_1_682' title='bbox 1471 4807 1763 4862; x_wconf 88' lang='lat' dir='ltr'>videretur</span> <span class='ocrx_word' id='word_1_683' title='bbox 1798 4823 1866 4860; x_wconf 86' lang='lat' dir='ltr'>ex</span> <span class='ocrx_word' id='word_1_684' title='bbox 1904 4807 2070 4861; x_wconf 89' lang='lat' dir='ltr'>rebus</span> 
     </span>
    </p>
   </div>
   <div class='ocr_carea' id='block_1_95' title="bbox 434 4899 2070 4971">
    <p class='ocr_par' dir='ltr' id='par_1_95' title="bbox 434 4899 2070 4971">
     <span class='ocr_line' id='line_1_95' title="bbox 434 4899 2070 4971; baseline 0.001 -18"><span class='ocrx_word' id='word_1_685' title='bbox 434 4899 637 4953; x_wconf 88' lang='lat' dir='ltr'>mundi</span> <span class='ocrx_word' id='word_1_686' title='bbox 668 4901 838 4954; x_wconf 81' lang='lat' dir='ltr'>tinem</span> <span class='ocrx_word' id='word_1_687' title='bbox 877 4901 1271 4955; x_wconf 87' lang='lat' dir='ltr'>antecessuris.</span> <span class='ocrx_word' id='word_1_688' title='bbox 1304 4901 1442 4955; x_wconf 85' lang='lat' dir='ltr'>Hinc</span> <span class='ocrx_word' id='word_1_689' title='bbox 1470 4901 1687 4955; x_wconf 56' lang='lat' dir='ltr'>easdem</span> <span class='ocrx_word' id='word_1_690' title='bbox 1719 4900 1914 4954; x_wconf 90' lang='lat' dir='ltr'>mundi</span> <span class='ocrx_word' id='word_1_691' title='bbox 1949 4918 2070 4971; x_wconf 90' lang='lat' dir='ltr'>per-</span> 
     </span>
    </p>
   </div>
   <div class='ocr_carea' id='block_1_96' title="bbox 439 4993 2068 5066">
    <p class='ocr_par' dir='ltr' id='par_1_96' title="bbox 439 4993 2068 5066">
     <span class='ocr_line' id='line_1_96' title="bbox 439 4993 2068 5066; baseline 0.003 -21"><span class='ocrx_word' id='word_1_692' title='bbox 439 4993 627 5046; x_wconf 90' lang='lat' dir='ltr'>euntis</span> <span class='ocrx_word' id='word_1_693' title='bbox 681 5001 738 5048; x_wconf 90' lang='lat' dir='ltr'>et</span> <span class='ocrx_word' id='word_1_694' title='bbox 787 4995 1100 5049; x_wconf 90' lang='lat' dir='ltr'>antichristi</span> <span class='ocrx_word' id='word_1_695' title='bbox 1156 4995 1666 5066; x_wconf 82' lang='lat' dir='ltr'>apprOpinquantis</span> <span class='ocrx_word' id='word_1_696' title='bbox 1721 4994 2068 5065; x_wconf 89' lang='lat' dir='ltr'>suspiciones</span> 
     </span>
    </p>
   </div>
   <div class='ocr_carea' id='block_1_97' title="bbox 430 5086 2064 5160">
    <p class='ocr_par' dir='ltr' id='par_1_97' title="bbox 430 5086 2064 5160">
     <span class='ocr_line' id='line_1_97' title="bbox 430 5086 2064 5160; baseline 0.002 -21"><span class='ocrx_word' id='word_1_697' title='bbox 430 5086 493 5139; x_wconf 92' lang='lat' dir='ltr'>in</span> <span class='ocrx_word' id='word_1_698' title='bbox 543 5086 698 5141; x_wconf 89' lang='lat' dir='ltr'>libris</span> <span class='ocrx_word' id='word_1_699' title='bbox 744 5091 800 5140; x_wconf 92' lang='lat' dir='ltr'>et</span> <span class='ocrx_word' id='word_1_700' title='bbox 857 5089 1112 5158; x_wconf 88' lang='lat' dir='ltr'>epistolis</span> <span class='ocrx_word' id='word_1_701' title='bbox 1158 5091 1285 5158; x_wconf 87' lang='lat' dir='ltr'>post</span> <span class='ocrx_word' id='word_1_702' title='bbox 1333 5089 1777 5158; x_wconf 87' lang='lat' dir='ltr'>persecutionem</span> <span class='ocrx_word' id='word_1_703' title='bbox 1825 5089 2064 5160; x_wconf 89' lang='lat' dir='ltr'>scriptis,</span> 
     </span>
    </p>
   </div>
   <div class='ocr_carea' id='block_1_98' title="bbox 435 5179 2064 5254">
    <p class='ocr_par' dir='ltr' id='par_1_98' title="bbox 435 5179 2064 5254">
     <span class='ocr_line' id='line_1_98' title="bbox 435 5179 2064 5254; baseline 0.002 -22"><span class='ocrx_word' id='word_1_704' title='bbox 435 5180 496 5232; x_wconf 90' lang='lat' dir='ltr'>ut</span> <span class='ocrx_word' id='word_1_705' title='bbox 539 5179 597 5234; x_wconf 90' lang='lat' dir='ltr'>in</span> <span class='ocrx_word' id='word_1_706' title='bbox 639 5179 784 5235; x_wconf 91' lang='lat' dir='ltr'>libro</span> <span class='ocrx_word' id='word_1_707' title='bbox 829 5182 894 5236; x_wconf 86' lang='lat' dir='ltr'>de</span> <span class='ocrx_word' id='word_1_708' title='bbox 934 5185 1080 5237; x_wconf 78' lang='lat' dir='ltr'>Unit.</span> <span class='ocrx_word' id='word_1_709' title='bbox 1110 5183 1310 5238; x_wconf 85' lang='lat' dir='ltr'>Eccles.</span> <span class='ocrx_word' id='word_1_710' title='bbox 1349 5186 1460 5253; x_wconf 89' lang='lat' dir='ltr'>(pp.</span> <span class='ocrx_word' id='word_1_711' title='bbox 1498 5185 1595 5236; x_wconf 83' lang='grc'>199</span> <span class='ocrx_word' id='word_1_712' title='bbox 1635 5188 1690 5236; x_wconf 89' lang='lat' dir='ltr'>et</span> <span class='ocrx_word' id='word_1_713' title='bbox 1731 5186 1872 5254; x_wconf 88' lang='grc'>200),</span> <span class='ocrx_word' id='word_1_714' title='bbox 1914 5187 1969 5236; x_wconf 91' lang='lat' dir='ltr'>et</span> <span class='ocrx_word' id='word_1_715' title='bbox 2008 5183 2064 5237; x_wconf 90' lang='lat' dir='ltr'>in</span> 
     </span>
    </p>
   </div>
   <div class='ocr_carea' id='block_1_99' title="bbox 431 5271 2063 5347">
    <p class='ocr_par' dir='ltr' id='par_1_99' title="bbox 431 5271 2063 5347">
     <span class='ocr_line' id='line_1_99' title="bbox 431 5271 2063 5347; baseline 0.002 -20"><span class='ocrx_word' id='word_1_716' title='bbox 431 5271 599 5344; x_wconf 90' lang='lat' dir='ltr'>epist.</span> <span class='ocrx_word' id='word_1_717' title='bbox 645 5276 733 5342; x_wconf 91' lang='lat'>68,</span> <span class='ocrx_word' id='word_1_718' title='bbox 777 5275 844 5329; x_wconf 86' lang='lat' dir='ltr'>de</span> <span class='ocrx_word' id='word_1_719' title='bbox 883 5276 1122 5331; x_wconf 72' lang='lat' dir='ltr'>Basilidc</span> <span class='ocrx_word' id='word_1_720' title='bbox 1158 5282 1206 5330; x_wconf 92' lang='lat' dir='ltr'>et</span> <span class='ocrx_word' id='word_1_721' title='bbox 1251 5276 1504 5330; x_wconf 80' lang='lat' dir='ltr'>Martiale</span> <span class='ocrx_word' id='word_1_722' title='bbox 1537 5275 1617 5346; x_wconf 90' lang='lat' dir='ltr'>(p.</span> <span class='ocrx_word' id='word_1_723' title='bbox 1667 5279 1808 5347; x_wconf 85' lang='grc'>120).</span> <span class='ocrx_word' id='word_1_724' title='bbox 1851 5276 2063 5331; x_wconf 85' lang='lat' dir='ltr'>Proba-</span> 
     </span>
    </p>
   </div>
   <div class='ocr_carea' id='block_1_100' title="bbox 429 5366 2066 5440">
    <p class='ocr_par' dir='ltr' id='par_1_100' title="bbox 429 5366 2066 5440">
     <span class='ocr_line' id='line_1_100' title="bbox 429 5366 2066 5440; baseline 0.002 -19"><span class='ocrx_word' id='word_1_725' title='bbox 429 5366 602 5422; x_wconf 87' lang='lat' dir='ltr'>bilius</span> <span class='ocrx_word' id='word_1_726' title='bbox 632 5385 772 5440; x_wconf 91' lang='lat' dir='ltr'>ergo</span> <span class='ocrx_word' id='word_1_727' title='bbox 815 5375 897 5423; x_wconf 89' lang='lat' dir='ltr'>est</span> <span class='ocrx_word' id='word_1_728' title='bbox 935 5369 1142 5424; x_wconf 91' lang='lat' dir='ltr'>librum</span> <span class='ocrx_word' id='word_1_729' title='bbox 1174 5371 1240 5425; x_wconf 88' lang='lat' dir='ltr'>de</span> <span class='ocrx_word' id='word_1_730' title='bbox 1269 5371 1604 5424; x_wconf 75' lang='lat' dir='ltr'>Mortalitute</span> <span class='ocrx_word' id='word_1_731' title='bbox 1637 5369 1740 5424; x_wconf 87' lang='lat' dir='ltr'>sub</span> <span class='ocrx_word' id='word_1_732' title='bbox 1771 5369 2066 5425; x_wconf 89' lang='lat' dir='ltr'>Valeriano</span> 
     </span>
    </p>
   </div>
   <div class='ocr_carea' id='block_1_101' title="bbox 432 5461 1449 5534">
    <p class='ocr_par' dir='ltr' id='par_1_101' title="bbox 432 5461 1449 5534">
     <span class='ocr_line' id='line_1_101' title="bbox 432 5461 1449 5534; baseline 0.003 -19"><span class='ocrx_word' id='word_1_733' title='bbox 432 5461 708 5534; x_wconf 86' lang='lat' dir='ltr'>scriptum</span> <span class='ocrx_word' id='word_1_734' title='bbox 744 5479 865 5518; x_wconf 89' lang='lat' dir='ltr'>esse</span> <span class='ocrx_word' id='word_1_735' title='bbox 893 5479 1044 5518; x_wconf 90' lang='lat' dir='ltr'>anno</span> <span class='ocrx_word' id='word_1_736' title='bbox 1073 5467 1175 5519; x_wconf 79' lang='grc'>233</span> <span class='ocrx_word' id='word_1_737' title='bbox 1207 5467 1304 5518; x_wconf 91' lang='lat' dir='ltr'>aut</span> <span class='ocrx_word' id='word_1_738' title='bbox 1327 5465 1449 5518; x_wconf 77' lang='grc'>254.</span> 
     </span>
    </p>
   </div>
   <div class='ocr_carea' id='block_1_102' title="bbox 499 5555 2060 5629">
    <p class='ocr_par' dir='ltr' id='par_1_102' title="bbox 499 5555 2060 5629">
     <span class='ocr_line' id='line_1_102' title="bbox 499 5555 2060 5629; baseline 0.001 -19"><span class='ocrx_word' id='word_1_739' title='bbox 499 5555 663 5611; x_wconf 89' lang='lat' dir='ltr'>Liber</span> <span class='ocrx_word' id='word_1_740' title='bbox 689 5557 754 5612; x_wconf 87' lang='lat' dir='ltr'>de</span> <span class='ocrx_word' id='word_1_741' title='bbox 783 5557 953 5629; x_wconf 87' lang='lat' dir='ltr'>Opere</span> <span class='ocrx_word' id='word_1_742' title='bbox 978 5564 1028 5614; x_wconf 85' lang='lat' dir='ltr'>et</span> <span class='ocrx_word' id='word_1_743' title='bbox 1059 5559 1410 5628; x_wconf 77' lang='lat' dir='ltr'>Eleemosynu</span> <span class='ocrx_word' id='word_1_744' title='bbox 1438 5563 1566 5629; x_wconf 80' lang='lat' dir='ltr'>post</span> <span class='ocrx_word' id='word_1_745' title='bbox 1591 5557 1796 5612; x_wconf 87' lang='lat' dir='ltr'>librum</span> <span class='ocrx_word' id='word_1_746' title='bbox 1825 5559 1890 5614; x_wconf 87' lang='lat' dir='ltr'>de</span> <span class='ocrx_word' id='word_1_747' title='bbox 1916 5559 2060 5614; x_wconf 76' lang='lat' dir='ltr'>Mor-</span> 
     </span>
    </p>
   </div>
   <div class='ocr_carea' id='block_1_103' title="bbox 425 5651 2062 5725">
    <p class='ocr_par' dir='ltr' id='par_1_103' title="bbox 425 5651 2062 5725">
     <span class='ocr_line' id='line_1_103' title="bbox 425 5651 2062 5725; baseline 0.001 -21"><span class='ocrx_word' id='word_1_748' title='bbox 425 5651 646 5706; x_wconf 81' lang='lat' dir='ltr'>talitate</span> <span class='ocrx_word' id='word_1_749' title='bbox 691 5668 723 5706; x_wconf 88' lang='lat' dir='ltr'>a</span> <span class='ocrx_word' id='word_1_750' title='bbox 767 5651 966 5708; x_wconf 91' lang='lat' dir='ltr'>Pontio</span> <span class='ocrx_word' id='word_1_751' title='bbox 1016 5652 1275 5725; x_wconf 83' lang='lat' dir='ltr'>proxime</span> <span class='ocrx_word' id='word_1_752' title='bbox 1323 5657 1669 5722; x_wconf 90' lang='lat' dir='ltr'>recensetur,</span> <span class='ocrx_word' id='word_1_753' title='bbox 1715 5668 1780 5707; x_wconf 85' lang='lat' dir='ltr'>ac</span> <span class='ocrx_word' id='word_1_754' title='bbox 1824 5651 2062 5724; x_wconf 90' lang='lat' dir='ltr'>proinde</span> 
     </span>
    </p>
   </div>
   <div class='ocr_carea' id='block_1_104' title="bbox 421 5744 2064 5819">
    <p class='ocr_par' dir='ltr' id='par_1_104' title="bbox 421 5744 2064 5819">
     <span class='ocr_line' id='line_1_104' title="bbox 421 5744 2064 5819; baseline 0.001 -22"><span class='ocrx_word' id='word_1_755' title='bbox 421 5744 528 5798; x_wconf 88' lang='lat' dir='ltr'>sub</span> <span class='ocrx_word' id='word_1_756' title='bbox 570 5745 868 5801; x_wconf 88' lang='lat' dir='ltr'>Valeriano</span> <span class='ocrx_word' id='word_1_757' title='bbox 913 5747 1152 5819; x_wconf 90' lang='lat' dir='ltr'>scriptus</span> <span class='ocrx_word' id='word_1_758' title='bbox 1195 5751 1299 5803; x_wconf 91' lang='lat' dir='ltr'>est.</span> <span class='ocrx_word' id='word_1_759' title='bbox 1341 5747 1497 5802; x_wconf 85' lang='lat' dir='ltr'>Pacis</span> <span class='ocrx_word' id='word_1_760' title='bbox 1537 5752 1764 5819; x_wconf 85' lang='lat' dir='ltr'>tempus</span> <span class='ocrx_word' id='word_1_761' title='bbox 1801 5745 2064 5817; x_wconf 88' lang='lat' dir='ltr'>designat</span> 
     </span>
    </p>
   </div>
   <div class='ocr_carea' id='block_1_105' title="bbox 413 5838 2056 5915">
    <p class='ocr_par' dir='ltr' id='par_1_105' title="bbox 413 5838 2056 5915">
     <span class='ocr_line' id='line_1_105' title="bbox 413 5838 2056 5915; baseline 0.001 -23"><span class='ocrx_word' id='word_1_762' title='bbox 413 5838 534 5894; x_wconf 68' lang='lat' dir='ltr'>haec</span> <span class='ocrx_word' id='word_1_763' title='bbox 585 5839 709 5895; x_wconf 90' lang='lat' dir='ltr'>libri</span> <span class='ocrx_word' id='word_1_764' title='bbox 769 5843 1054 5898; x_wconf 72' lang='lat' dir='ltr'>conclusio</span> <span class='ocrx_word' id='word_1_765' title='bbox 1107 5861 1120 5899; x_wconf 90' lang='lat'><strong>:</strong></span> <span class='ocrx_word' id='word_1_766' title='bbox 1178 5863 1204 5891; x_wconf 87' lang='grc'><strong><em>‹‹</em></strong></span> <span class='ocrx_word' id='word_1_767' title='bbox 1252 5844 1309 5899; x_wconf 92' lang='lat' dir='ltr'>Si</span> <span class='ocrx_word' id='word_1_768' title='bbox 1359 5841 1672 5915; x_wconf 82' lang='lat' dir='ltr'>expeditos,</span> <span class='ocrx_word' id='word_1_769' title='bbox 1722 5840 1766 5894; x_wconf 87' lang='lat' dir='ltr'>si</span> <span class='ocrx_word' id='word_1_770' title='bbox 1822 5841 2056 5910; x_wconf 81' lang='lat' dir='ltr'>cclcrcs,</span> 
     </span>
    </p>
   </div>
   <div class='ocr_carea' id='block_1_106' title="bbox 2172 4618 3804 4689">
    <p class='ocr_par' dir='ltr' id='par_1_106' title="bbox 2172 4618 3804 4689">
     <span class='ocr_line' id='line_1_106' title="bbox 2172 4618 3804 4689; baseline 0.004 -19"><span class='ocrx_word' id='word_1_771' title='bbox 2172 4619 2321 4689; x_wconf 88' lang='lat' dir='ltr'>apud</span> <span class='ocrx_word' id='word_1_772' title='bbox 2351 4619 2553 4672; x_wconf 90' lang='lat' dir='ltr'>Euseb.</span> <span class='ocrx_word' id='word_1_773' title='bbox 2592 4618 2710 4688; x_wconf 87' lang='lat' dir='ltr'>(lib.</span> <span class='ocrx_word' id='word_1_774' title='bbox 2745 4635 2836 4684; x_wconf 86' lang='lat' dir='ltr'>vii,</span> <span class='ocrx_word' id='word_1_775' title='bbox 2875 4636 2922 4672; x_wconf 89' lang='lat' dir='ltr'>c.</span> <span class='ocrx_word' id='word_1_776' title='bbox 2959 4619 3065 4687; x_wconf 69' lang='lat' dir='ltr'>ll),</span> <span class='ocrx_word' id='word_1_777' title='bbox 3102 4640 3130 4668; x_wconf 85' lang='lat'><strong>«</strong></span> <span class='ocrx_word' id='word_1_778' title='bbox 3165 4619 3357 4674; x_wconf 89' lang='lat' dir='ltr'>multis</span> <span class='ocrx_word' id='word_1_779' title='bbox 3401 4621 3530 4674; x_wconf 84' lang='lat' dir='ltr'>fidei</span> <span class='ocrx_word' id='word_1_780' title='bbox 3575 4624 3804 4677; x_wconf 84' lang='lat' dir='ltr'>confes-</span> 
     </span>
    </p>
   </div>
   <div class='ocr_carea' id='block_1_107' title="bbox 2171 4711 3808 4784">
    <p class='ocr_par' dir='ltr' id='par_1_107' title="bbox 2171 4711 3808 4784">
     <span class='ocr_line' id='line_1_107' title="bbox 2171 4711 3808 4784; baseline 0.004 -19"><span class='ocrx_word' id='word_1_781' title='bbox 2171 4711 2420 4766; x_wconf 89' lang='lat' dir='ltr'>sionibus</span> <span class='ocrx_word' id='word_1_782' title='bbox 2449 4713 2744 4783; x_wconf 90' lang='lat' dir='ltr'>gloriatur,</span> <span class='ocrx_word' id='word_1_783' title='bbox 2777 4714 2956 4767; x_wconf 89' lang='lat' dir='ltr'>multa</span> <span class='ocrx_word' id='word_1_784' title='bbox 2983 4713 3291 4784; x_wconf 63' lang='lat' dir='ltr'>praedicare</span> <span class='ocrx_word' id='word_1_785' title='bbox 3324 4719 3510 4784; x_wconf 89' lang='lat' dir='ltr'>potest</span> <span class='ocrx_word' id='word_1_786' title='bbox 3533 4716 3808 4771; x_wconf 89' lang='lat' dir='ltr'>adversus</span> 
     </span>
    </p>
   </div>
   <div class='ocr_carea' id='block_1_108' title="bbox 2169 4806 3810 4879">
    <p class='ocr_par' dir='ltr' id='par_1_108' title="bbox 2169 4806 3810 4879">
     <span class='ocr_line' id='line_1_108' title="bbox 2169 4806 3810 4879; baseline 0.003 -19"><span class='ocrx_word' id='word_1_787' title='bbox 2169 4823 2227 4860; x_wconf 89' lang='lat' dir='ltr'>se</span> <span class='ocrx_word' id='word_1_788' title='bbox 2262 4812 2442 4877; x_wconf 89' lang='lat' dir='ltr'>gesta.</span> <span class='ocrx_word' id='word_1_789' title='bbox 2485 4827 2510 4858; x_wconf 83' lang='lat'><strong><em>»</em></strong></span> <span class='ocrx_word' id='word_1_790' title='bbox 2549 4806 2871 4870; x_wconf 90' lang='lat' dir='ltr'>Quinetiam</span> <span class='ocrx_word' id='word_1_791' title='bbox 2913 4807 3126 4861; x_wconf 88' lang='lat' dir='ltr'>indicat</span> <span class='ocrx_word' id='word_1_792' title='bbox 3156 4809 3470 4879; x_wconf 87' lang='lat' dir='ltr'>Cyprianus</span> <span class='ocrx_word' id='word_1_793' title='bbox 3501 4826 3614 4863; x_wconf 93' lang='lat' dir='ltr'>non</span> <span class='ocrx_word' id='word_1_794' title='bbox 3647 4811 3810 4865; x_wconf 86' lang='lat' dir='ltr'>defu-</span> 
     </span>
    </p>
   </div>
   <div class='ocr_carea' id='block_1_109' title="bbox 2172 4901 3809 4972">
    <p class='ocr_par' dir='ltr' id='par_1_109' title="bbox 2172 4901 3809 4972">
     <span class='ocr_line' id='line_1_109' title="bbox 2172 4901 3809 4972; baseline 0.004 -19"><span class='ocrx_word' id='word_1_795' title='bbox 2172 4905 2358 4955; x_wconf 90' lang='lat' dir='ltr'>turam</span> <span class='ocrx_word' id='word_1_796' title='bbox 2403 4901 2832 4972; x_wconf 87' lang='lat' dir='ltr'>reprehensioni</span> <span class='ocrx_word' id='word_1_797' title='bbox 2875 4902 3194 4968; x_wconf 88' lang='lat' dir='ltr'>materiam,</span> <span class='ocrx_word' id='word_1_798' title='bbox 3233 4903 3278 4956; x_wconf 90' lang='lat' dir='ltr'>si</span> <span class='ocrx_word' id='word_1_799' title='bbox 3317 4903 3387 4956; x_wconf 92' lang='lat' dir='ltr'>de</span> <span class='ocrx_word' id='word_1_800' title='bbox 3431 4904 3600 4957; x_wconf 90' lang='lat' dir='ltr'>rebus</span> <span class='ocrx_word' id='word_1_801' title='bbox 3628 4921 3662 4957; x_wconf 84' lang='lat' dir='ltr'>a</span> <span class='ocrx_word' id='word_1_802' title='bbox 3704 4907 3809 4959; x_wconf 86' lang='lat' dir='ltr'>Pu-</span> 
     </span>
    </p>
   </div>
   <div class='ocr_carea' id='block_1_110' title="bbox 2170 4994 3804 5068">
    <p class='ocr_par' dir='ltr' id='par_1_110' title="bbox 2170 4994 3804 5068">
     <span class='ocr_line' id='line_1_110' title="bbox 2170 4994 3804 5068; baseline 0.004 -20"><span class='ocrx_word' id='word_1_803' title='bbox 2170 4994 2339 5065; x_wconf 84' lang='lat' dir='ltr'>piano</span> <span class='ocrx_word' id='word_1_804' title='bbox 2371 4995 2427 5049; x_wconf 90' lang='lat' dir='ltr'>in</span> <span class='ocrx_word' id='word_1_805' title='bbox 2471 4995 2861 5066; x_wconf 88' lang='lat' dir='ltr'>persecutione</span> <span class='ocrx_word' id='word_1_806' title='bbox 2895 5001 2953 5050; x_wconf 92' lang='lat' dir='ltr'>et</span> <span class='ocrx_word' id='word_1_807' title='bbox 2992 4995 3044 5048; x_wconf 92' lang='lat' dir='ltr'>in</span> <span class='ocrx_word' id='word_1_808' title='bbox 3076 5012 3214 5066; x_wconf 89' lang='lat' dir='ltr'>pace</span> <span class='ocrx_word' id='word_1_809' title='bbox 3248 4997 3423 5067; x_wconf 89' lang='lat' dir='ltr'>gestis</span> <span class='ocrx_word' id='word_1_810' title='bbox 3455 4997 3804 5068; x_wconf 89' lang='lat' dir='ltr'>inquiratur.</span> 
     </span>
    </p>
   </div>
   <div class='ocr_carea' id='block_1_111' title="bbox 2172 5089 3806 5163">
    <p class='ocr_par' dir='ltr' id='par_1_111' title="bbox 2172 5089 3806 5163">
     <span class='ocr_line' id='line_1_111' title="bbox 2172 5089 3806 5163; baseline 0.003 -21"><span class='ocrx_word' id='word_1_811' title='bbox 2172 5110 2198 5136; x_wconf 91' lang='grc'>‹‹</span> <span class='ocrx_word' id='word_1_812' title='bbox 2234 5090 2312 5143; x_wconf 92' lang='lat' dir='ltr'>De</span> <span class='ocrx_word' id='word_1_813' title='bbox 2356 5089 2422 5143; x_wconf 90' lang='lat' dir='ltr'>iis</span> <span class='ocrx_word' id='word_1_814' title='bbox 2464 5095 2675 5149; x_wconf 69' lang='lat' dir='ltr'>autem.</span> <span class='ocrx_word' id='word_1_815' title='bbox 2710 5089 2898 5162; x_wconf 88' lang='lat' dir='ltr'>inquit</span> <span class='ocrx_word' id='word_1_816' title='bbox 2926 5090 3003 5159; x_wconf 90' lang='lat' dir='ltr'>(p.</span> <span class='ocrx_word' id='word_1_817' title='bbox 3051 5091 3189 5159; x_wconf 79' lang='grc'>124),</span> <span class='ocrx_word' id='word_1_818' title='bbox 3233 5107 3359 5161; x_wconf 69' lang='lat' dir='ltr'>qua:</span> <span class='ocrx_word' id='word_1_819' title='bbox 3406 5095 3464 5145; x_wconf 91' lang='lat' dir='ltr'>tu</span> <span class='ocrx_word' id='word_1_820' title='bbox 3505 5091 3671 5163; x_wconf 87' lang='lat' dir='ltr'>egisti</span> <span class='ocrx_word' id='word_1_821' title='bbox 3717 5095 3806 5148; x_wconf 85' lang='lat' dir='ltr'>vel</span> 
     </span>
    </p>
   </div>
   <div class='ocr_carea' id='block_1_112' title="bbox 2167 5183 3808 5253">
    <p class='ocr_par' dir='ltr' id='par_1_112' title="bbox 2167 5183 3808 5253">
     <span class='ocr_line' id='line_1_112' title="bbox 2167 5183 3808 5253; baseline 0.004 -17"><span class='ocrx_word' id='word_1_822' title='bbox 2167 5183 2226 5237; x_wconf 88' lang='lat' dir='ltr'>in</span> <span class='ocrx_word' id='word_1_823' title='bbox 2267 5183 2657 5253; x_wconf 90' lang='lat' dir='ltr'>persecutione</span> <span class='ocrx_word' id='word_1_824' title='bbox 2699 5184 2780 5236; x_wconf 90' lang='lat' dir='ltr'>vel</span> <span class='ocrx_word' id='word_1_825' title='bbox 2827 5183 2883 5236; x_wconf 91' lang='lat' dir='ltr'>in</span> <span class='ocrx_word' id='word_1_826' title='bbox 2927 5200 3082 5253; x_wconf 87' lang='lat' dir='ltr'>pace,</span> <span class='ocrx_word' id='word_1_827' title='bbox 3123 5185 3359 5239; x_wconf 89' lang='lat' dir='ltr'>stultum</span> <span class='ocrx_word' id='word_1_828' title='bbox 3401 5189 3488 5239; x_wconf 90' lang='lat' dir='ltr'>est</span> <span class='ocrx_word' id='word_1_829' title='bbox 3529 5191 3590 5239; x_wconf 92' lang='lat' dir='ltr'>ut</span> <span class='ocrx_word' id='word_1_830' title='bbox 3629 5189 3808 5242; x_wconf 85' lang='lat' dir='ltr'>velini</span> 
     </span>
    </p>
   </div>
   <div class='ocr_carea' id='block_1_113' title="bbox 2166 5276 3808 5348">
    <p class='ocr_par' dir='ltr' id='par_1_113' title="bbox 2166 5276 3808 5348">
     <span class='ocr_line' id='line_1_113' title="bbox 2166 5276 3808 5348; baseline 0.004 -17"><span class='ocrx_word' id='word_1_831' title='bbox 2166 5282 2221 5331; x_wconf 88' lang='lat' dir='ltr'>te</span> <span class='ocrx_word' id='word_1_832' title='bbox 2265 5276 2547 5347; x_wconf 88' lang='lat' dir='ltr'>judicare,</span> <span class='ocrx_word' id='word_1_833' title='bbox 2596 5277 2830 5347; x_wconf 89' lang='lat' dir='ltr'>quando</span> <span class='ocrx_word' id='word_1_834' title='bbox 2879 5280 2940 5330; x_wconf 93' lang='lat' dir='ltr'>tu</span> <span class='ocrx_word' id='word_1_835' title='bbox 2988 5278 3176 5348; x_wconf 87' lang='lat' dir='ltr'>magis</span> <span class='ocrx_word' id='word_1_836' title='bbox 3211 5277 3467 5348; x_wconf 85' lang='lat' dir='ltr'>judicem</span> <span class='ocrx_word' id='word_1_837' title='bbox 3516 5283 3568 5334; x_wconf 89' lang='lat' dir='ltr'>te</span> <span class='ocrx_word' id='word_1_838' title='bbox 3622 5283 3808 5337; x_wconf 88' lang='lat' dir='ltr'>nostri</span> 
     </span>
    </p>
   </div>
   <div class='ocr_carea' id='block_1_114' title="bbox 2170 5371 2614 5425">
    <p class='ocr_par' dir='ltr' id='par_1_114' title="bbox 2170 5371 2614 5425">
     <span class='ocr_line' id='line_1_114' title="bbox 2170 5371 2614 5425; baseline -0.009 0"><span class='ocrx_word' id='word_1_839' title='bbox 2170 5371 2552 5425; x_wconf 89' lang='lat' dir='ltr'>constitueris.</span> <span class='ocrx_word' id='word_1_840' title='bbox 2587 5391 2614 5420; x_wconf 87' lang='lat'>»</span> 
     </span>
    </p>
   </div>
   <div class='ocr_carea' id='block_1_115' title="bbox 2237 5464 3808 5539">
    <p class='ocr_par' dir='ltr' id='par_1_115' title="bbox 2237 5464 3808 5539">
     <span class='ocr_line' id='line_1_115' title="bbox 2237 5464 3808 5539; baseline 0.004 -22"><span class='ocrx_word' id='word_1_841' title='bbox 2237 5465 2358 5518; x_wconf 86' lang='lat' dir='ltr'>Non</span> <span class='ocrx_word' id='word_1_842' title='bbox 2394 5464 2632 5518; x_wconf 88' lang='lat' dir='ltr'>dubium</span> <span class='ocrx_word' id='word_1_843' title='bbox 2672 5470 2756 5519; x_wconf 92' lang='lat' dir='ltr'>est</span> <span class='ocrx_word' id='word_1_844' title='bbox 2796 5465 2934 5536; x_wconf 90' lang='lat' dir='ltr'>quin</span> <span class='ocrx_word' id='word_1_845' title='bbox 2968 5465 3023 5520; x_wconf 92' lang='lat' dir='ltr'>in</span> <span class='ocrx_word' id='word_1_846' title='bbox 3057 5466 3326 5538; x_wconf 89' lang='lat' dir='ltr'>Stephani</span> <span class='ocrx_word' id='word_1_847' title='bbox 3365 5482 3525 5537; x_wconf 78' lang='lat' dir='ltr'>papae.</span> <span class='ocrx_word' id='word_1_848' title='bbox 3562 5467 3808 5539; x_wconf 83' lang='lat' dir='ltr'>primor-</span> 
     </span>
    </p>
   </div>
   <div class='ocr_carea' id='block_1_116' title="bbox 2165 5557 3802 5634">
    <p class='ocr_par' dir='ltr' id='par_1_116' title="bbox 2165 5557 3802 5634">
     <span class='ocr_line' id='line_1_116' title="bbox 2165 5557 3802 5634; baseline 0.004 -23"><span class='ocrx_word' id='word_1_849' title='bbox 2165 5557 2292 5623; x_wconf 90' lang='lat' dir='ltr'>diis,</span> <span class='ocrx_word' id='word_1_850' title='bbox 2331 5573 2397 5612; x_wconf 88' lang='lat' dir='ltr'>ac</span> <span class='ocrx_word' id='word_1_851' title='bbox 2428 5574 2566 5629; x_wconf 89' lang='lat' dir='ltr'>pace</span> <span class='ocrx_word' id='word_1_852' title='bbox 2595 5558 2698 5612; x_wconf 90' lang='lat' dir='ltr'>sub</span> <span class='ocrx_word' id='word_1_853' title='bbox 2728 5559 3028 5615; x_wconf 85' lang='lat' dir='ltr'>Valeriano</span> <span class='ocrx_word' id='word_1_854' title='bbox 3059 5560 3283 5632; x_wconf 89' lang='lat' dir='ltr'>vigente</span> <span class='ocrx_word' id='word_1_855' title='bbox 3321 5561 3638 5632; x_wconf 86' lang='lat' dir='ltr'>Cyprianus</span> <span class='ocrx_word' id='word_1_856' title='bbox 3675 5563 3802 5634; x_wconf 91' lang='lat' dir='ltr'>epi-</span> 
     </span>
    </p>
   </div>
   <div class='ocr_carea' id='block_1_117' title="bbox 2163 5653 3807 5728">
    <p class='ocr_par' dir='ltr' id='par_1_117' title="bbox 2163 5653 3807 5728">
     <span class='ocr_line' id='line_1_117' title="bbox 2163 5653 3807 5728; baseline 0.005 -23"><span class='ocrx_word' id='word_1_857' title='bbox 2163 5653 2336 5706; x_wconf 86' lang='lat' dir='ltr'>stolas</span> <span class='ocrx_word' id='word_1_858' title='bbox 2387 5655 2453 5706; x_wconf 88' lang='lat'>67</span> <span class='ocrx_word' id='word_1_859' title='bbox 2508 5655 2565 5707; x_wconf 92' lang='lat' dir='ltr'>et</span> <span class='ocrx_word' id='word_1_860' title='bbox 2625 5655 2691 5708; x_wconf 88' lang='lat'>68</span> <span class='ocrx_word' id='word_1_861' title='bbox 2753 5653 3061 5724; x_wconf 89' lang='lat' dir='ltr'>scripserit.</span> <span class='ocrx_word' id='word_1_862' title='bbox 3117 5654 3490 5726; x_wconf 54' lang='lat' dir='ltr'>Sexagesima:</span> <span class='ocrx_word' id='word_1_863' title='bbox 3541 5657 3807 5728; x_wconf 62' lang='lat' dir='ltr'>septimas</span> 
     </span>
    </p>
   </div>
   <div class='ocr_carea' id='block_1_118' title="bbox 2162 5745 3802 5822">
    <p class='ocr_par' dir='ltr' id='par_1_118' title="bbox 2162 5745 3802 5822">
     <span class='ocr_line' id='line_1_118' title="bbox 2162 5745 3802 5822; baseline 0.004 -23"><span class='ocrx_word' id='word_1_864' title='bbox 2162 5745 2285 5801; x_wconf 62' lang='lat' dir='ltr'>haec</span> <span class='ocrx_word' id='word_1_865' title='bbox 2331 5745 2436 5800; x_wconf 91' lang='lat' dir='ltr'>fuit</span> <span class='ocrx_word' id='word_1_866' title='bbox 2484 5747 2702 5802; x_wconf 89' lang='lat' dir='ltr'>occasio</span> <span class='ocrx_word' id='word_1_867' title='bbox 2747 5764 2760 5802; x_wconf 88' lang='lat'>:</span> <span class='ocrx_word' id='word_1_868' title='bbox 2815 5748 3148 5816; x_wconf 88' lang='lat' dir='ltr'>Marcianus,</span> <span class='ocrx_word' id='word_1_869' title='bbox 3194 5749 3532 5805; x_wconf 88' lang='lat' dir='ltr'>Arelatensis</span> <span class='ocrx_word' id='word_1_870' title='bbox 3579 5750 3802 5822; x_wconf 78' lang='lat' dir='ltr'>episco-</span> 
     </span>
    </p>
   </div>
   <div class='ocr_carea' id='block_1_119' title="bbox 2161 5842 3803 5919">
    <p class='ocr_par' dir='ltr' id='par_1_119' title="bbox 2161 5842 3803 5919">
     <span class='ocr_line' id='line_1_119' title="bbox 2161 5842 3803 5919; baseline 0.007 -26"><span class='ocrx_word' id='word_1_871' title='bbox 2161 5857 2284 5913; x_wconf 85' lang='lat' dir='ltr'>pus,</span> <span class='ocrx_word' id='word_1_872' title='bbox 2319 5858 2445 5898; x_wconf 86' lang='lat' dir='ltr'>cum</span> <span class='ocrx_word' id='word_1_873' title='bbox 2485 5859 2540 5897; x_wconf 90' lang='lat' dir='ltr'>se</span> <span class='ocrx_word' id='word_1_874' title='bbox 2572 5842 2880 5898; x_wconf 81' lang='lat' dir='ltr'>Novatiano</span> <span class='ocrx_word' id='word_1_875' title='bbox 2908 5843 3258 5915; x_wconf 78' lang='lat' dir='ltr'>adjnnxissct</span> <span class='ocrx_word' id='word_1_876' title='bbox 3296 5851 3467 5919; x_wconf 85' lang='lat' dir='ltr'>atque</span> <span class='ocrx_word' id='word_1_877' title='bbox 3497 5843 3566 5902; x_wconf 84' lang='lat' dir='ltr'>ab</span> <span class='ocrx_word' id='word_1_878' title='bbox 3602 5846 3803 5905; x_wconf 81' lang='lat' dir='ltr'>Eccle-</span> 
     </span>
    </p>
   </div>
  </div>
