4084 6208
245 274 332 326 l53

1570 275 1723 331 VITA
1761 275 1814 330 S.
1855 275 2189 332 CYPRIANI.

3495 279 3595 339 154

240 396 324 448 sia:
351 394 640 452 catholicae
673 395 889 450 unitate
925 395 1289 466 discessisset,
1333 398 1504 452 servis
1544 399 1639 453 Dei
1679 401 1935 484 pmni-A
1959 401 2144 455 locum
2175 401 2505 456 substitutos
2541 403 2734 457 fuisse.
2782 403 2938 458 Alius
2979 404 3130 460 Felix
3179 405 3250 460 de
3305 407 3594 463 Cmsarau-

215 488 482 557 fontibus
533 496 589 543 et
641 489 962 544 dolentibus
1013 496 1069 544 et
1127 491 1430 545 Ecclesiam
1489 493 1751 563 lacrymis
1806 501 1860 552 et

238 582 440 653 gemitu
472 589 526 636 et
564 583 762 637 dolore
802 584 1150 655 pulsantibus
1178 585 1382 639 divinae
1417 586 1640 656 pietatis
1680 589 1856 642 subsi-

239 677 323 729 dia
351 677 680 744 claudebat;
711 681 767 730 et
793 694 920 731 cum
949 679 1018 732 ab
1052 679 1331 749 episc0pis
1360 679 1613 733 nondum
1642 681 1860 736 absten-

237 775 318 822 tus
345 771 654 836 videretur,
675 769 921 840 jactabat
962 788 1020 825 se
1065 778 1120 826 et
1161 773 1508 842 przedicabat
1551 775 1722 844 quod,
1753 777 1856 830 No-

235 863 446 917 vatiano
504 865 734 918 studens
788 871 842 918 et
904 867 1025 935 ejus
1077 867 1446 935 pervicaciam
1504 884 1769 938 sequens,
1831 887 1860 922 a

233 958 631 1012 communione
675 975 733 1013 se
773 959 1170 1030 episcOporum
1216 968 1587 1031 segregasset.
1629 962 1862 1033 Scripsit

232 1068 292 1104 ea
316 1052 384 1104 de
412 1068 479 1105 re
528 1053 706 1106 semel
733 1057 786 1106 et
818 1054 1022 1107 iterum
1056 1053 1134 1108 ad
1178 1055 1524 1124 Cyprianum
1564 1057 1861 1111 Faustinus

234 1145 642 1215 Lugdunensis.
680 1146 810 1216 Ejus
851 1147 1052 1200 litteris
1081 1149 1348 1219 acceptis,
1381 1149 1695 1219 Cyprianus
1726 1151 1862 1203 scri-

230 1237 303 1291 bit
352 1238 426 1291 ad
487 1239 843 1309 Stephanum
896 1257 1126 1310 papam,
1173 1258 1421 1311 eumque
1458 1242 1633 1296 etiam
1692 1247 1860 1314 atque

231 1332 386 1386 etiam
444 1333 708 1386 hortatur
738 1340 799 1388 ut
848 1334 1212 1405 plenissimas
1257 1335 1479 1389 litteras
1529 1338 1586 1389 in
1629 1337 1855 1407 provin-

231 1427 364 1479 ciam
414 1433 474 1480 et
525 1427 594 1480 ad
641 1428 865 1498 plebem
911 1429 1132 1483 Arelate
1174 1429 1580 1485 consistentem
1629 1431 1856 1501 dirigat,

229 1520 427 1590 quibus
457 1520 726 1576 abstento
755 1521 1040 1576 Marciano
1085 1523 1226 1576 alius
1260 1523 1313 1576 in
1347 1524 1468 1595 ejus
1511 1525 1856 1578 locum'sub-

231 1614 529 1680 stitnatur;
571 1619 628 1668 et
674 1631 805 1668 cum
863 1616 1027 1670 multi
1081 1633 1144 1670 ex
1195 1616 1463 1671 fratribus
1503 1619 1668 1671 annis
1698 1634 1860 1689 supe-

232 1706 480 1761 rioribus
520 1708 642 1762 sine
682 1725 821 1779 pace
863 1710 1227 1777 excesserint,
1269 1711 1353 1765 vel
1398 1711 1617 1765 caeteris
1658 1711 1856 1765 subve-

1965 500 2146 564 gusta,
2179 512 2351 566 quem
2391 497 2704 568 Cyprianus
2744 498 2874 552 fidei
2919 500 3199 554 cultorem
3235 516 3300 552 ac
3344 501 3596 555 veritatis

1963 589 2320 643 defensorem
2353 598 2529 658 vocat,
2554 591 2757 644 litteris
2780 593 2894 646 suis
2920 593 3286 647 conﬁrmavit
3313 594 3594 665 quidquid

1964 683 2212 736 ecclesia?
2259 684 2367 737 illae
2418 685 2762 755 scripserant
2805 702 2869 738 ac
2918 686 3119 755 legatis
3161 687 3589 742 mandaverant.

1961 778 2144 831 Lectae
2175 781 2307 831 sunt
2334 779 2536 832 litterae
2565 784 2617 832 et
2643 778 2820 832 auditi
2849 779 3028 849 legati
3059 779 3113 832 in
3148 781 3383 834 concilio
3409 796 3595 836 xxxvn

1962 870 2384 941 episcoporum.
2415 873 2737 943 Cyprianus
2760 873 2858 943 qui
2886 879 3126 943 praeerat
3154 877 3208 926 et
3228 873 3321 926 alii
3343 875 3590 945 episcopi

1961 964 2381 1034 responderunt
2412 982 2514 1036 per
2543 967 2706 1036 epist.
2738 969 2824 1031 68,
2861 966 3110 1019 Basilidis
3150 983 3262 1020 non
3302 970 3415 1021 tam
3458 968 3593 1022 abo-

1960 1058 2059 1112 lita
2091 1074 2212 1111 esse
2235 1075 2409 1129 quam
2438 1060 2725 1112 cumulata
2759 1060 2983 1126 delicta,
3020 1076 3119 1113 nec
3154 1059 3401 1114 rescindi
3432 1077 3596 1131 posse

1963 1151 2382 1206 ordinationem
2406 1153 2535 1223 jure
2560 1154 2907 1223 perfectam;
2941 1170 3128 1223 neque
3160 1153 3334 1207 etiam
3358 1154 3595 1208 Martiali

1961 1244 2232 1298 fallaciam
2264 1245 2536 1315 prodesse
2569 1262 2728 1317 posse
2755 1263 2767 1312 ;
2796 1247 3004 1299 frustra
3030 1246 3169 1299 tales
3197 1247 3590 1316 episcopatum

1967 1338 2070 1392 sibi
2102 1355 2378 1410 usurpare
2409 1340 2620 1408 conari,
2653 1357 2780 1394 cum
2816 1340 3186 1393 manifestum
3219 1341 3289 1393 sit
3319 1339 3595 1410 ejusmodi

1961 1432 2227 1486 homines
2272 1449 2374 1487 nec
2420 1433 2678 1488 Ecclesiae
2725 1434 2934 1489 Christi
2984 1450 3226 1504 praeesse
3265 1449 3448 1504 posse,
3492 1450 3599 1487 nec

1962 1527 2077 1580 Deo
2109 1527 2378 1580 sacriﬁcia
2417 1528 2620 1582 offerre
2669 1528 2892 1582 debere.
2925 1527 3383 1598 lndignationem
3431 1544 3589 1581 suam

1959 1619 2282 1690 signiﬁcant
2310 1621 2577 1674 adversus
2606 1621 2897 1692 episcopos
2924 1621 3022 1692 qui
3063 1621 3339 1690 depositis
3365 1620 3596 1691 collegis

1963 1713 2245 1782 favebant,
2275 1730 2337 1768 ac
2365 1713 2515 1785 plebi
2541 1715 2646 1784 ipsi
2671 1715 3013 1768 denuntiant
3041 1730 3173 1767 cum
3203 1714 3416 1768 talibus
3443 1730 3597 1768 com-

231 1802 416 1855 niatur
466 1804 564 1872 qui
613 1807 943 1873 supersunt,
985 1805 1080 1874 qui
1136 1808 1193 1858 et
1240 1804 1438 1858 diebus
1491 1821 1553 1858 ac
1600 1805 1940 1875 noctibusB
1967 1808 2380 1861 municandum
2413 1825 2522 1862 non
2547 1825 2687 1875 esse,
2714 1824 3032 1879 eorumque
3057 1807 3404 1862 contactibus
3426 1807 3598 1878 pollui

230 1895 630 1964 ingemiscnnf.
664 1897 849 1967 Rogat
879 1899 1055 1951 etiam
1083 1900 1148 1951 ut
1177 1897 1284 1951 sibi
1317 1897 1600 1968 signiﬁcet
1641 1899 1766 1970 quis
1804 1901 1860 1954 in

229 1990 407 2044 locum
446 1991 726 2044 Marciani
762 1992 991 2046 Arelate
1026 1992 1198 2046 fuerit
1239 1991 1594 2059 substitutus,
1625 1999 1687 2047 ut
1727 1993 1866 2048 sciat

226 2082 290 2135 ad
333 2100 517 2154 quem
566 2084 770 2138 fratres
818 2085 1068 2155 dirigere
1115 2091 1169 2140 et
1214 2085 1304 2139 cui
1348 2085 1594 2140 scribere
1641 2086 1860 2141 debeat.

225 2178 366 2231 lianc
397 2177 705 2248 epistolam
735 2179 1017 2250 Cypriane
1045 2180 1326 2234 Launoius
1365 2180 1724 2250 abjudicavit,
1766 2181 1863 2235 sed

227 2271 342 2340 ejus
368 2272 574 2343 opinio
609 2271 689 2326 sic
715 2272 867 2327 inter
907 2273 1160 2328 eruditos
1190 2275 1419 2345 explosa
1457 2277 1560 2341 est,
1587 2279 1645 2328 ut
1675 2281 1863 2329 actum

224 2369 346 2435 agat
378 2365 488 2437 qui
517 2381 642 2420 eam
672 2367 935 2421 refellere
967 2368 1121 2421 velit.

287 2460 452 2515 Circa
501 2459 657 2513 idem
703 2465 932 2532 tempus
971 2461 1083 2514 alia
1133 2477 1221 2515 res
1265 2462 1322 2515 in
1377 2461 1655 2533 Hispaniis
1703 2465 1864 2532 gesta

225 2554 569 2607 cbaritatem
598 2554 883 2624 Cypriani,
919 2572 1046 2626 qua:
1079 2555 1278 2610 Africa:
1320 2555 1526 2609 ﬁnibus
1569 2572 1683 2610 non
1718 2573 1853 2610 con-

228 2647 541 2713 tinebatur,
570 2649 637 2701 ad
683 2649 1128 2703 succurrendum
1173 2649 1384 2703 exteris
1423 2650 1670 2704 ecclesiis
1707 2667 1861 2704 com-

229 2742 420 2795 movit.
459 2742 584 2795 Duo
624 2741 894 2814 episcopi,
923 2743 1188 2796 Basilides
1225 2747 1282 2797 et
1320 2744 1601 2810 Martialis,
1627 2745 1697 2798 ob
1730 2761 1858 2814 gra-

226 2835 467 2888 vissima
498 2835 703 2890 delicta
734 2835 998 2908 depositi,
1031 2837 1408 2891 sacerdotium
1445 2838 1577 2907 jure
1609 2837 1862 2891 ablatum

225 2929 320 2982 sibi
351 2929 656 2983 vindicare
702 2930 1015 2984 audebant.
1050 2932 1296 3001 Uterque
1340 2931 1587 2985 nefando
1624 2931 1854 2986 idolola-

224 3024 342 3076 triae
395 3023 606 3078 libello
653 3026 1075 3079 contaminatus
1111 3041 1126 3092 ;
1175 3024 1436 3079 Basilides
1476 3025 1660 3079 adhuc
1703 3025 1860 3079 insu-

223 3134 342 3186 per,
391 3120 611 3188 praater
669 3117 842 3171 libelli
893 3119 1193 3184 maculam,
1241 3134 1368 3172 cum
1422 3118 1479 3171 in
1535 3118 1862 3173 infirmitate

228 3210 605 3266 decumberet
644 3211 700 3264 in
747 3213 926 3265 Deum
959 3209 1149 3284 152
1185 3211 1698 3282 blasphemaverat,
1729 3217 1784 3267 et
1808 3229 1868 3266 se

224 3303 660 3375 blasphemasse
725 3306 1017 3359 confessus
1077 3306 1307 3372 fuerat,
1367 3311 1422 3360 et
1484 3306 1870 3377 episcopatum

227 3413 326 3466 pro
373 3399 744 3453 conscientiae
783 3416 901 3453 sua:
933 3399 1168 3453 vulnere
1210 3406 1407 3470 sponte
1453 3400 1768 3470 deponens,
1797 3401 1870 3454 ad

225 3494 514 3562 agendam
553 3493 951 3563 paenitentiam
977 3509 1280 3547 conversus
1320 3493 1529 3560 fuerat,
1561 3496 1738 3548 Deum
1770 3495 1865 3548 de-

227 3604 490 3658 precans,
532 3589 593 3640 et
645 3586 778 3641 satis
826 3588 1112 3657 gratulans
1158 3587 1200 3640 si
1244 3587 1350 3641 sibi
1395 3588 1480 3640 vel
1526 3587 1671 3642 laico
1707 3605 1865 3642 com-

226 3682 525 3735 municare
580 3680 964 3752 contingeret.
1022 3680 1290 3735 Martialis
1346 3697 1606 3752 quoque,
1663 3688 1870 3751 praeter

227 3777 536 3844 gentilium
583 3774 771 3845 turpia
813 3777 869 3827 et
917 3774 1198 3828 lutulenta
1229 3774 1481 3828 convivia
1528 3775 1582 3828 in
1631 3775 1870 3846 collegio

224 3868 316 3922 diu
347 3870 741 3939 frequentata,
771 3874 826 3922 et
862 3869 1010 3922 ﬁlios
1041 3868 1098 3921 in
1138 3869 1338 3922 eodem
1378 3868 1616 3940 collegio
1647 3872 1867 3923 extera-

225 3980 352 4016 rum
385 3963 662 4033 gentium
693 3979 849 4016 more
883 3962 1031 4032 apud
1065 3962 1308 4034 profana
1346 3963 1603 4033 sepulcra
1646 3963 1866 4034 deposi-

228 4059 309 4111 los
358 4061 421 4111 et
461 4056 810 4126 alienigenis
851 4058 1229 4126 consepultus,
1260 4058 1397 4109 actis
1439 4057 1608 4110 etiam
1649 4057 1870 4128 publice

228 4151 437 4204 habitis
475 4149 630 4220 apud
684 4155 1114 4221 procuratorem
1151 4150 1524 4204 ducenarium
1577 4150 1870 4222 obtempe-

227 4262 379 4298 rasse
414 4261 478 4298 se
508 4243 843 4297 idololatria:
867 4251 921 4297 et
943 4243 1229 4300 Christum
1259 4260 1498 4313 negasse
1527 4250 1872 4298 contestatus

228 4341 440 4392 fuerat.
473 4341 615 4393 Cum
649 4341 887 4408 uterque
912 4337 982 4391 ob
1005 4338 1124 4391 haec
1143 4344 1196 4391 et
1219 4338 1401 4391 multa
1428 4338 1542 4392 alia
1561 4337 1764 4391 delicta
1777 4338 1874 4391 de-

227 4434 452 4502 positus
493 4431 713 4495 fuisset,
761 4430 1048 4499 Basilides,
1097 4431 1258 4501 cujus
1300 4431 1358 4485 in
1406 4433 1588 4485 locum
1632 4431 1874 4486 Sabinus

226 4528 294 4580 de
316 4527 606 4580 universa:
625 4525 996 4579 fraternitatis
1019 4524 1288 4596 suffragio
1308 4531 1364 4581 et
1383 4526 1451 4579 de
1475 4526 1868 4596 episcoporum

218 4620 446 4689 judicio
478 4619 816 4672 substitutus
839 4619 1046 4686 fuerat,
1084 4620 1323 4674 Romam
1355 4619 1872 4689 pergens,Stepha-

228 4732 366 4767 num
399 4716 577 4783 longe
620 4713 869 4782 positum
901 4717 957 4766 et
988 4719 1158 4783 gestae
1185 4713 1263 4767 rei
1311 4730 1375 4766 ac
1418 4712 1667 4767 veritatis
1706 4713 1870 4782 igna-

225 4824 353 4862 rum
417 4807 642 4876 fefellit,
703 4811 763 4860 ut
807 4806 1126 4861 exambiret
1178 4807 1374 4878 reponi
1442 4823 1500 4860 se
1552 4806 1758 4876 injuste
1816 4806 1873 4860 in

225 4905 626 4973 episcopatum
655 4901 724 4955 de
753 4917 863 4971 quo
888 4901 1076 4954 fuerat
1099 4901 1230 4970 jure
1264 4901 1570 4971 depositus.
1598 4901 1868 4954 Nomina-

227 4997 326 5052 tim
358 5014 486 5051 non
519 4995 652 5050 dicit
680 4995 999 5066 Cyprianus
1031 4995 1335 5049 Martialem
1368 5011 1598 5066 quoque
1631 4997 1874 5049 Romam

227 5090 628 5154 contendisse,
678 5089 776 5143 sed
827 5088 885 5141 id
933 5088 1068 5142 satis
1107 5088 1321 5142 indicat
1355 5105 1483 5142 cum
1519 5088 1640 5141 ait:
1689 5110 1714 5135 ‹‹
1762 5088 1874 5143 Sed

227 5201 330 5240 nec
397 5183 640 5239 Martiali
691 5187 879 5253 potest
926 5183 1203 5254 profuisse
1267 5182 1510 5248 fallacia,
1569 5183 1875 5252 quominus

227 5280 346 5349 ipse.
377 5294 619 5350 quoque
642 5276 862 5330 delictis
884 5276 1155 5347 gravibus
1182 5275 1469 5331 involutus
1488 5277 1873 5348 episcopatum

231 5377 427 5428 tenere
462 5389 576 5425 non
607 5371 804 5442 possit.
837 5391 864 5419 ››

300 5468 588 5521 Videntur
617 5465 870 5536 episcopi
917 5464 1176 5518 nonnulli
1208 5464 1264 5517 in
1297 5463 1563 5535 Hispania
1603 5463 1875 5534 depositis

227 5561 334 5614 illis
394 5558 681 5631 episcopis
739 5559 975 5623 favisse,
1028 5558 1129 5612 sed
1181 5558 1442 5613 Ecclesia:
1495 5558 1760 5628 Legionis
1819 5561 1876 5611 et

228 5655 514 5708 Asturica:
535 5658 590 5707 et
613 5653 876 5706 Emerita:
913 5653 1262 5724 scripserunt
1302 5669 1368 5706 ea
1388 5653 1458 5706 de
1483 5669 1544 5705 re
1568 5652 1635 5706 ad
1660 5651 1878 5724 episco-

229 5765 330 5820 pos
355 5749 683 5814 Africanos,
712 5764 776 5801 ac
807 5747 1016 5817 legatos
1047 5747 1328 5801 miserunt
1366 5746 1639 5802 Sabinum
1687 5751 1743 5800 et
1779 5747 1878 5800 Fe—

235 5843 426 5909 licem,
461 5858 604 5913 quos
648 5841 940 5912 probabile
983 5844 1068 5896 est
1109 5840 1167 5896 in
1211 5840 1469 5896 Basilidis
1509 5843 1564 5895 et
1606 5839 1874 5896 Martialis

1966 1903 2062 1972 qui
2113 1918 2259 1962 cum
2297 1902 2403 1955 illis
2449 1903 2641 1956 illicita
2691 1901 3209 1956 communicatione
3258 1901 3594 1955 miscentur.

1966 1996 2104 2060 Quae
2129 1996 2362 2067 quidem
2390 1997 2673 2051 sententia
2693 2013 2805 2050 non
2832 1996 3004 2050 modo
3031 1995 3279 2050 habenas
3307 2011 3418 2048 non
3443 1995 3601 2049 laxat

1964 2089 2207 2143 licentiae
2264 2089 2561 2160 pepulari,
2618 2089 2719 2143 scd
2770 2089 2942 2143 etiam
2997 2104 3122 2143 eam
3179 2088 3467 2155 refrenat,
3522 2104 3597 2141 ne

1964 2183 2238 2237 arbitratu
2267 2200 2364 2236 suo
2407 2183 2689 2254 judicium
2733 2183 2803 2238 de
2854 2183 3120 2253 episcopo
3161 2199 3260 2236 suo
3309 2184 3470 2248 ferat,
3503 2185 3602 2236 aut

1964 2277 2218 2348 legitime
2247 2277 2574 2331 ordinatum
2605 2277 2675 2330 ab
2721 2277 2844 2330 aliis
2884 2277 3162 2347 episcopis
3192 2276 3472 2347 rejiciens,
3503 2279 3602 2329 aut

1962 2370 2216 2441 legitime
2244 2370 2561 2442 depositum
2589 2371 2863 2425 retinens.

1964 2483 2133 2536 XXIX.
2173 2514 2240 2521 —
2267 2485 2634 2536 Dissensiones
2662 2483 2727 2536 de
2768 2483 3034 2551 baptismo
3065 2487 3266 2536 exorta
3309 2496 3455 2535 anno
3497 2484 3600 2536 253

2033 2569 2292 2618 exeunte:
2335 2579 2398 2617 ac
2437 2563 2494 2616 S.
2539 2565 2844 2632 Stephanus
2892 2569 3018 2616 ante
3062 2577 3182 2615 cum
3234 2562 3602 2618 Orientalibus

2035 2659 2199 2712 quam
2229 2659 2346 2697 cum
2373 2645 2528 2710 Afris
2547 2645 2792 2696 certavit.

2035 2745 2284 2799 Tandem
2312 2745 2636 2798 disserendo
2664 2744 3028 2816 pervenimus
3058 2743 3129 2797 ad
3161 2742 3593 2797 celeberrimam

1965 2840 2123 2892 illam
2175 2838 2246 2892 de
2285 2839 2686 2893 haereticorum
2723 2837 3002 2909 baptismo
3039 2837 3505 2905 controversiam,
3539 2837 3599 2890 in

1965 2950 2075 3004 qua
2103 2949 2209 2985 non
2243 2948 2412 3003 parva
2433 2931 2829 2986 haereticorum
2853 2937 2950 2985 aut
2967 2931 3459 2985 schismaticorum
3485 2946 3602 2984 ma-

1967 3043 2074 3080 nus
2101 3026 2378 3080 universa:
2413 3026 2665 3080 Ecclesia:
2711 3026 2923 3079 bellum
2959 3023 3182 3089 indixit,
3217 3024 3315 3078 sed
3348 3024 3607 3094 insignes

1971 3120 2239 3186 ecclesias,
2300 3120 2502 3186 Africa,
2555 3119 2940 3190 Cappadocia,
2997 3117 3190 3172 Cilicia
3243 3121 3300 3171 et
3344 3117 3604 3172 finitimae

1972 3214 2274 3285 provinciae
2304 3213 2372 3267 de
2405 3230 2466 3267 re
2517 3215 2687 3284 longe
2733 3212 3061 3283 gravissima
3090 3228 3219 3266 cum
3260 3211 3385 3265 aliis
3430 3211 3604 3266 eccle-

1970 3307 2063 3361 siis
2333 3308 2713 3362 decertarunt.
2748 3307 2857 3360 Etsi
2890 3312 3083 3359 autem
3131 3305 3189 3359 in
3231 3305 3351 3376 ipso
3383 3304 3599 3359 dissen-

1971 3401 2144 3456 sionis
2204 3401 2470 3457 incendio
2534 3401 2788 3454 luctuosa
2850 3416 3043 3454 rerum
3112 3399 3281 3453 facies
3347 3399 3598 3468 exstitit,

1970 3496 2161 3544 tamen
2187 3506 2250 3544 ex
2280 3489 2595 3544 commodis
2619 3505 2748 3560 quae
2804 3489 2859 3542 in
2903 3488 3201 3543 Ecclesiam
3234 3505 3297 3542 ex
3326 3488 3429 3542 hac
3461 3504 3599 3543 con-

1971 3585 2244 3638 troversia
2288 3585 2595 3650 fluxerunt,
2625 3582 2787 3636 facile
2833 3582 3172 3653 perspicitur
3216 3598 3339 3636 eam
3382 3581 3602 3637 Christo

1971 3678 2303 3749 providente
2338 3677 2784 3748 et'dispensante
2811 3683 3006 3730 natam
3053 3675 3245 3742 fuisse,
3276 3692 3389 3729 non
3417 3676 3604 3730 solum

1971 3778 2034 3826 ut
2061 3788 2150 3826 res
2179 3772 2317 3826 tanti
2339 3770 2614 3826 momenti
2638 3769 2878 3824 conflato
2897 3773 2952 3824 et
2971 3768 3319 3840 conspiranti
3339 3768 3602 3824 omnium

1972 3882 2247 3920 consensu
2290 3865 2598 3936 aliquando
2634 3864 2979 3931 ﬁrmaretur,
3005 3864 3102 3917 sed
3129 3864 3303 3918 etiam
3330 3868 3392 3918 ut
3434 3862 3607 3918 habe-

1973 3963 2103 4013 rent
2129 3959 2339 4029 posteri
2380 3959 2514 4029 quid
2560 3958 2616 4012 in
2661 3958 2942 4028 ejusmodi
2991 3957 3434 4012 dissensionibus
3479 3957 3605 4011 imi-

1973 4057 2246 4106 tarentur.
2302 4054 2441 4106 Nam
2493 4052 2762 4122 baptismi
2817 4051 3216 4106 haereticorum
3277 4051 3605 4105 defensores

1973 4147 2238 4201 fraternas
2268 4146 2560 4200 charitatis
2592 4147 2774 4200 fcedus
2802 4163 2914 4200 non
2962 4151 3240 4216 ruperunt
3279 4161 3410 4198 cum
3458 4143 3545 4208 iis,
3573 4163 3606 4198 a

1972 4239 2178 4311 quibus
2219 4240 2520 4293 maximam
2561 4239 2929 4294 sacramentis
2973 4238 3243 4309 injuriam
3275 4237 3398 4292 fieri
3446 4237 3601 4292 vide-

1972 4334 2143 4399 bant;
2176 4333 2267 4387 isti
2297 4338 2488 4388 autem
2521 4339 2576 4388 et
2605 4350 2733 4387 cum
2763 4333 2830 4387 iis
2871 4350 3012 4405 quos
3052 4349 3120 4387 ne
3155 4333 3441 4403 Baptismo
3482 4331 3603 4404 qui-

1975 4427 2104 4481 dem
2138 4427 2392 4482 iuitiatos
2422 4428 2718 4498 putabant,
2747 4430 2802 4481 et
2848 4443 2977 4480 cum
3026 4426 3093 4482 iis
3123 4427 3220 4497 qui
3255 4426 3605 4498 Baptismum

1974 4521 2351 4576 morientibus
2385 4521 2698 4574 infantibus
2737 4522 3047 4591 denegare,
3091 4525 3147 4574 et
3187 4520 3605 4574 Eucharistiam

1975 4632 2085 4669 non
2131 4615 2425 4686 baptizatis
2468 4616 2756 4685 porrigere
2802 4614 3158 4682 videbantur,
3187 4613 3607 4668 communicare

1973 4725 2090 4763 non
2124 4709 2479 4763 dubitarunt.
2509 4708 2740 4762 lnitium
2770 4708 2983 4762 dissidii
3017 4708 3191 4761 refert
3215 4706 3606 4761 Tillemontius

1974 4804 2042 4856 ad
2067 4819 2280 4857 annum
2314 4806 2438 4870 256,
2469 4801 2727 4873 quamvis
2755 4818 2868 4855 non
2901 4800 3188 4872 improbet
3213 4800 3606 4866 Pearsonium,

1975 4898 2072 4969 qui
2130 4897 2383 4968 primum
2451 4895 2899 4966 Carthaginense
2961 4894 3264 4950 concilium
3329 4899 3606 4948 autumno

1975 4991 2112 5046 anni
2162 4995 2264 5046 255
2307 4991 2564 5045 habitum
2606 4994 2786 5062 putat.
2823 4991 3070 5061 Uterque
3119 4989 3276 5060 prius
3319 4989 3376 5042 in
3419 4987 3608 5043 Africa

1977 5102 2149 5157 quam
2193 5085 2250 5138 in
2281 5086 2513 5140 Oriente
2556 5089 2870 5156 pugnatum
2910 5085 3198 5155 opinatur.
3227 5083 3332 5148 Qui
3369 5083 3606 5154 Stepha-

1974 5196 2113 5234 num
2167 5195 2319 5234 anno
2373 5183 2472 5233 255
2528 5179 2731 5234 obiisse
2788 5179 3014 5246 volunt,
3083 5178 3383 5233 dissidium
3444 5177 3609 5232 citius

1976 5273 2251 5329 exarsisse
2300 5274 2674 5328 contendunt.
2711 5275 2977 5338 Quamvis
3003 5277 3191 5328 autem
3221 5271 3492 5343 gravibus
3539 5271 3609 5326 de

1976 5368 2154 5423 causis
2183 5367 2538 5439 Stephanum
2568 5369 2964 5422 Tillemontius
3002 5373 3060 5423 et
3086 5366 3426 5422 Pearsonius
3459 5381 3610 5420 anno

1977 5466 2079 5516 257
2108 5461 2314 5517 obiisse
2355 5462 2699 5529 existiment,
2725 5461 2988 5516 videntur
3015 5464 3210 5516 tamen
3238 5459 3609 5515 dissensionis

1975 5556 2296 5627 primordia
2323 5556 2568 5610 nimium
2599 5572 2724 5610 sero
2765 5556 3060 5610 collocare.
3120 5554 3364 5612 Probare
3405 5569 3611 5625 aggre-

1977 5651 2098 5704 diar
2142 5651 2577 5705 controversiam
2611 5666 2762 5703 anno
2792 5653 2896 5706 253
2927 5655 3172 5704 exeunte
3216 5648 3443 5718 coepisse
3490 5646 3610 5715 agi-

1977 5744 2106 5814 tari,
2142 5744 2423 5814 citiusque
2459 5744 2815 5815 Stephanum
2848 5761 2976 5798 cum
3017 5742 3398 5798 Orientalibus
3434 5755 3608 5811 quam

1976 5855 2104 5894 cum
2133 5838 2278 5894 Afris
2310 5838 2642 5893 decertasse.
