4104 6192
488 258 585 317 155

1815 271 1967 327 VlTA
2004 271 2058 325 S.
2100 269 2416 326 CYPRIANI
2427 311 2438 323 .

3749 269 3846 324 156

566 397 621 451 t°
651 393 763 452 Cur
792 394 862 450 de
888 394 1174 466 baptismo
1203 393 1485 467 disputari
1502 401 1748 467 captum
1773 411 1892 450 esse
1915 402 2112 465 putem
2136 407 2195 480 Α
2216 394 2284 448 lis
2308 393 2466 449 vario
2507 391 2804 448 discordia
2846 409 3057 466 genere
3097 396 3482 464 rumpentem,
3513 392 3688 448 modo
3717 409 3848 448 cum

489 506 641 545 anno
693 493 815 554 253,
843 491 1037 542 auctor
1072 495 1157 543 est
1193 490 1482 557 Eusebius,
1512 490 1610 561 qui
1655 489 1943 560 conceptis
1987 505 2112 544 ver-

486 583 574 637 bis
603 583 848 638 declarat
886 582 1003 653 (lib.
1035 599 1131 649 vu,
1165 600 1213 637 c.
1243 584 1295 654 4)
1326 583 1658 655 Dionysium
1711 585 1770 638 in
1809 584 2014 638 litteris
2043 583 2118 637 ad

489 676 837 747 Stephanum
866 675 938 730 de
977 676 1261 746 baptismo
1288 677 1512 748 scriptis
1549 677 1825 732 indicasse
1859 698 1884 727 ‹‹
1918 693 2117 732 omnes

487 769 698 840 ubique
727 769 1008 836 ecclesias,
1040 770 1257 825 mollito
1297 771 1418 841 jam
1446 771 1861 842 persecutionis
1900 772 2114 839 furore,

481 863 679 917 Novati
710 863 1095 918 turbulentam
1129 864 1443 919 novitatem
1486 865 1828 920 detestantes
1869 866 2018 919 inter
2057 881 2115 919 se

483 973 686 1028 pacem
717 957 928 1011 iniisse.
965 980 992 1006 ››
1023 958 1121 1012 Vix
1153 975 1290 1030 ergo
1335 959 1581 1013 desierat
1622 959 1940 1032 persecutio
1984 977 2115 1014 cum

481 1055 739 1106 exortam
769 1051 836 1106 de
881 1051 1164 1122 Baptismo
1210 1053 1649 1108 controversiam
1682 1054 1873 1108 sedare
1911 1054 2114 1125 Diony-

485 1161 598 1198 sms
644 1148 968 1199 conaretur.
1015 1149 1208 1213 Porro,
1253 1162 1384 1200 cum
1436 1148 1752 1217 persecutio
1795 1164 1945 1202 anno
1986 1151 2107 1214 253,

484 1237 680 1292 sedata
720 1237 898 1293 fuerit
938 1255 1134 1294 mense
1175 1240 1338 1305 Maio,
1372 1240 1670 1313 Dionysius
1711 1242 1779 1296 de
1825 1242 2110 1313 baptismo

479 1331 551 1385 ad
582 1333 933 1402 Stephanum
979 1334 1157 1388 serius
1196 1333 1302 1388 hoc
1339 1351 1490 1389 anno
1533 1339 1780 1390 exeunte
1825 1335 2110 1407 scripsisse

485 1441 603 1480 non
652 1425 896 1481 videtur.
946 1429 1145 1483 Censet
1191 1428 1544 1495 Pearsonius,
1589 1445 1704 1483 non
1749 1429 2108 1500 improbante

480 1519 862 1586 'l‘illemontio,
894 1526 1145 1575 erratum
1179 1538 1302 1576 esse
1354 1522 1600 1590 Eusebii,
1629 1523 1727 1594 qui
1767 1523 1918 1595 quod
1957 1524 2107 1578 dixe-

481 1615 571 1667 rat
597 1613 898 1684 Dionysius
925 1615 995 1669 de
1025 1632 1164 1686 pace
1196 1619 1322 1686 post
1349 1616 1728 1671 dissensiones
1768 1634 1797 1672 a
1841 1619 2104 1673 Novatia-

480 1707 569 1760 nis
600 1707 866 1762 excitatas
894 1710 1218 1777 constituta,
1243 1710 1300 1764 id
1339 1711 1408 1765 de
1451 1727 1587 1781 pace
1619 1712 2106 1782 persecutionibus

2218 487 2617 556 Orientalibus,
2659 489 2808 558 quod
2839 505 2941 543 nec
2967 505 3062 542 vos
3089 489 3263 542 latere
3289 487 3646 554 conﬁdimus,
3675 488 3848 543 modo

2217 582 2502 637 vobiscum
2532 582 2625 654 qui
2669 583 2724 636 in
2755 582 2994 637 meridie
3022 582 3199 636 estis?
3228 604 3254 631 »
3289 584 3367 653 (p.
3403 586 3541 651 l5tl).
3572 582 3844 640 Praeclare

2219 677 2481 730 observat
2543 676 2937 731 Tillemontius
3009 675 3303 730 dissidium
3371 675 3645 746 Stephani
3710 691 3843 730 cum

2218 769 2615 837 Orientalibus,
2645 770 2794 840 quod
2842 770 3202 823 Firmilianus
3248 773 3682 835 commemorat,
3726 786 3845 824 non

2217 864 2287 918 de
2331 863 2616 920 Novatiani
2654 863 2980 929 schismate,
3010 868 3069 918 ut
3109 863 3450 918 existimavit
3490 863 3842 931 Lombertus,

2215 957 2313 1012 sed
2353 957 2424 1012 de
2468 957 2746 1028 baptismo
2778 961 2978 1010 natum
3025 957 3215 1011 fuisse.
3258 959 3398 1011 Nam
3448 972 3846 1028 compressum

2215 1051 2322 1106 fuit
2348 1050 2405 1105 in
2437 1052 2670 1106 Oriente
2698 1051 2802 1105 hoc
2847 1051 3092 1104 schisma
3128 1051 3290 1105 initio
3332 1051 3694 1121 pontificatus
3731 1050 3846 1105 Ste-

2213 1145 2430 1216 phani;
2478 1162 2580 1199 nec
2625 1145 2960 1213 Orientales,
2998 1145 3056 1198 in
3104 1145 3191 1199 his
3237 1145 3620 1210 Firmilianus,
3653 1144 3846 1198 minus

2210 1239 2382 1292 studii
2411 1256 2586 1310 quam
2615 1239 2731 1310 ipse
2777 1239 3108 1310 Stephanus
3151 1238 3465 1293 adhibuere
3509 1238 3568 1292 in
3600 1237 3711 1292 hoc
3755 1254 3845 1293 ex-

2209 1333 2554 1402 stinguendo
2583 1333 2914 1401 schismate,
2949 1332 3162 1386 nedum
3195 1349 3304 1403 pax
3333 1333 3486 1386 inter
3513 1349 3612 1386 eos
3643 1337 3699 1386 et
3728 1335 3844 1386 Ste-

2209 1427 2462 1498 phanum
2493 1431 2872 1497 rumperetur.
2911 1426 3183 1497 Perpauci
3213 1425 3342 1481 huic
3373 1427 3660 1480 schismati
3693 1427 3845 1480 fave-

2205 1520 2366 1588 bant,
2400 1521 2570 1592 idque
2599 1520 2940 1588 Autiocliia,
2978 1523 3043 1574 ut
3067 1523 3224 1590 patet
3265 1537 3329 1574 ex
3361 1522 3607 1590 Epistola
3636 1520 3844 1591 Diony-

2208 1614 2274 1668 sii
2323 1615 2398 1670 ad
2455 1615 2758 1670 Cornelium
2806 1614 2955 1684 apud
3010 1614 3206 1668 Euseb.
3260 1613 3377 1681 (lib.
3427 1631 3498 1683 vi,
3549 1630 3669 1685 cap.
3722 1615 3831 1683 46).

2209 1708 2482 1778 Loquitur
2517 1725 2654 1780 ergo
2693 1708 3051 1762 Firmilianus
3095 1708 3164 1761 de
3207 1707 3510 1779 baptismo.
3549 1708 3686 1762 Illud
3733 1724 3835 1762 au-

479 1801 841 1856 ethnicorum
892 1803 1228 1858 succedente
1271 1804 1485 1858 dictum
1515 1805 1843 1860 crediderit.
1877 1807 2005 1875 Sed,
2045 1780 2182 1860 utB
2212 1808 2324 1856 tem
2355 1819 2418 1856 ex
2461 1803 2584 1873 ejus
2619 1802 2804 1858 verbis
2845 1801 3134 1872 colligitur
3171 1818 3283 1855 non
3330 1802 3530 1855 eodem
3581 1807 3838 1872 tempore

482 1895 756 1950 Eusebius
783 1899 899 1951 tam
943 1897 1247 1952 oscitanter
1294 1898 1671 1952 hallucinatus
1710 1900 1949 1969 dicatur,
1985 1918 2108 1972 gra-

475 2003 604 2042 vem
655 1989 910 2059 aliquam
961 2007 1186 2045 causam
1237 1991 1465 2047 subesse
1511 1997 1751 2064 oportet.
1805 1995 2111 2066 Distinguit

476 2086 737 2138 accurate
769 2085 1179 2156 persecutionis
1227 2086 1473 2140 furorem
1517 2103 1551 2140 a
1588 2088 1906 2142 turbulenta
1949 2091 2105 2144 novi-

476 2180 619 2242 tate,
651 2180 707 2231 et
729 2194 929 2248 pacem
957 2179 1107 2233 inter
1134 2179 1394 2234 ecclesias
1427 2180 1629 2235 initam
1668 2199 1700 2235 a
1741 2183 1954 2237 mollito
1987 2201 2109 2253 per-

479 2271 785 2325 secutionis
849 2272 1062 2327 furore.
1115 2274 1249 2338 Quis
1308 2291 1446 2346 ergo
1499 2276 1689 2329 credat
1751 2276 1805 2330 in
1872 2277 2111 2347 epistola

479 2365 726 2434 Dionysii
758 2365 900 2419 nihil
947 2367 1180 2420 omnino
1222 2368 1293 2422 de
1327 2369 1520 2422 sedata
1564 2371 1959 2440 persecutione
2000 2372 2108 2426 dic-

479 2464 601 2511 tum
649 2457 840 2526 fuisse,
882 2461 1143 2531 quamvis
1183 2461 1234 2516 id
1275 2462 1548 2516 Eusebius
1586 2463 1789 2534 legisse
1832 2480 1890 2518 se
1934 2468 2105 2519 teste-

477 2552 613 2606 tur?
657 2556 716 2607 2o
749 2553 1043 2625 Dionysius
1085 2554 1143 2609 in
1183 2555 1386 2610 eadem
1431 2556 1500 2610 de
1545 2556 1824 2628 baptismo
1871 2558 2109 2629 epistola

479 2646 777 2701 nuntiabat
803 2647 1110 2718 Stephano,
1144 2654 1208 2703 ut
1236 2656 1499 2704 eventum
1523 2651 1761 2705 omnino
1791 2655 2103 2718 recentem,

478 2738 707 2793 sedatos
771 2757 892 2794 esse
960 2748 1146 2796 motus
1210 2759 1350 2814 quos
1401 2745 1694 2798 Novatiaui
1753 2746 1983 2800 haresis
2047 2747 2104 2802 in

477 2832 705 2888 Oriente
732 2834 1094 2890 excitaverat.
1129 2837 1258 2904 Sed,
1292 2838 1336 2891 si
1364 2854 1490 2892 cum
1532 2838 1702 2909 hujus
1742 2838 2106 2894 dissensionis

476 2926 589 2980 line
621 2927 928 2998 conjuncta
953 2933 1087 2984 sunt
1123 2931 1522 2986 controversia
1553 2932 1622 2985 de
1662 2931 1950 3003 baptismo
1984 2934 2103 3004 pri-

480 3019 742 3088 mordia,
797 3022 978 3076 serius
1026 3040 1176 3077 anno
1226 3027 1325 3079 255
1374 3025 1507 3095 poni
1561 3041 1677 3078 non
1731 3026 1963 3081 debent.
2019 3027 2105 3083 Sic

2211 1897 2568 1966 Stephanum
2609 1912 2736 1950 cum
2777 1895 3162 1950 Orientalibus
3205 1898 3262 1948 et
3307 1896 3454 1949 Afris
3496 1895 3835 1960 decertasse,

2209 1991 2309 2044 sed
2361 1991 2530 2044 variis
2581 1989 2932 2054 temporibus
2979 1992 3037 2044 et
3090 1988 3303 2058 modis;
3356 2005 3420 2042 ac
3462 2006 3551 2044 res
3591 1989 3838 2044 Orientis

2209 2084 2396 2139 lenius
2424 2101 2482 2138 se
2515 2083 2780 2138 habuisse
2811 2088 2930 2138 tum
2981 2099 3110 2138 cum
3153 2083 3209 2136 in
3248 2083 3430 2138 Africa
3467 2083 3739 2153 majorem
3781 2085 3840 2137 iu

2210 2179 2444 2233 modum
2489 2178 2867 2232 turbarentur.
2901 2179 3037 2231 Hinc
3077 2177 3235 2231 idem
3282 2178 3580 2249 Dionysius
3619 2178 3672 2231 in
3721 2179 3843 2249 epi-

2209 2273 2345 2327 stola
2409 2288 2601 2344 quam,
2654 2275 2882 2326 mortuo
2950 2271 3264 2342 Stephano,
3313 2271 3383 2326 ad
3440 2272 3838 2327 Philemonem

2209 2366 2607 2437 presbyterum
2652 2367 2976 2420 Romanum
3025 2364 3267 2435 scripsit,
3315 2365 3735 2436 deprecatorem
3781 2383 3840 2421 se

2209 2477 2310 2531 pro
2371 2459 2520 2514 Afris
2579 2459 2712 2514 solis
2775 2459 3121 2529 interponit;
3177 2465 3368 2530 atque,
3426 2463 3489 2513 ut
3551 2461 3841 2515 Romanos

2209 2553 2525 2625 demitiget,
2572 2554 2926 2607 demonstrat
2972 2552 3139 2623 (apud
3183 2553 3385 2607 Euseb.
3428 2557 3566 2608 Hist.
3609 2553 3704 2607 lib.
3737 2571 3838 2623 vn,

2207 2665 2254 2702 c.
2287 2652 2334 2715 5)
2364 2670 2390 2696 ‹‹
2411 2663 2521 2701 non
2547 2647 2617 2702 ab
2643 2647 2788 2700 Afris
2814 2646 2943 2700 solis
2971 2647 3125 2700 hunc
3159 2663 3380 2702 morem
3413 2654 3548 2702 tunc
3580 2648 3835 2718 primum

2205 2743 2487 2796 invectum
2521 2741 2710 2806 fuisse,
2741 2763 2768 2790 »
2797 2741 2895 2795 sed
2938 2740 3091 2795 idem
3133 2748 3302 2796 antea
3351 2741 3422 2795 ab
3460 2740 3842 2796 Orientalibus

2207 2837 2263 2890 in
2297 2835 2548 2891 conciliis
2577 2837 2888 2903 statutum;
2932 2835 3082 2905 quod
3131 2835 3364 2906 quidem
3414 2835 3838 2906 perabsurdum

2207 2930 2499 2984 videretur
2543 2929 2590 2982 si
2639 2929 2759 2982 istis
2803 2929 2983 2982 Roma
3025 2929 3293 3000 placatior
3332 2946 3504 3000 quam
3553 2929 3696 2983 Afris
3724 2946 3840 2984 non

2204 3024 2423 3078 fuisset.
2458 3024 2517 3077 In
2553 3021 2792 3093 epistola
2819 3027 3011 3076 autem
3038 3023 3106 3076 ad
3147 3023 3379 3094 Xystum
3428 3023 3499 3076 de
3544 3023 3838 3094 Stephano

479 3113 637 3168 enim
666 3115 735 3170 de
781 3117 969 3172 sedata
1011 3117 1364 3172 dissensione
1409 3118 1661 3190 loquitur
1695 3120 2012 3192 Dionysius,
2046 3128 2106 3175 ut
2128 3149 2181 3222 Ο
2208 3119 2444 3189 ejusque
2486 3133 2616 3171 cum
2657 3116 2803 3170 Afris
2850 3116 3272 3171 concertatione
3319 3116 3602 3170 disserens
3641 3118 3839 3172 aiebat

477 3207 533 3262 id
567 3225 683 3263 non
713 3211 894 3264 multo
924 3215 1050 3281 post
1091 3211 1557 3282 persecutionem
1594 3214 1894 3284 contigisse
1923 3215 2106 3270 videa-

478 3304 591 3354 tur.
626 3301 791 3366 Quod
817 3304 973 3358 enim
995 3305 1092 3372 ait,
1121 3325 1147 3353 «
1171 3321 1373 3360 omnes
1401 3306 1610 3376 ubique
1628 3308 1905 3362 antistites
1929 3325 2107 3363 unum

477 3393 744 3466 idemque
771 3397 1002 3462 sentire,
1035 3402 1091 3452 et
1116 3399 1188 3453 ob
1219 3416 1413 3470 pacem
1443 3400 1726 3471 insperato
1759 3403 1858 3455 154
1899 3401 2108 3456 factam

478 3488 886 3546 incredibiliter
923 3492 1123 3560 latari,
1168 3514 1195 3542 »
1241 3494 1377 3548 satis
1423 3494 1634 3548 indicat
1680 3496 1895 3549 malum
1950 3502 2107 3550 ante-

477 3599 648 3654 quam
680 3583 894 3640 radices
921 3591 1120 3657 ageret
1148 3603 1536 3658 compressum
1583 3588 1772 3657 fuisse,
1807 3595 1864 3644 et
1902 3606 2105 3661 pacem

476 3677 749 3735 sancitam
815 3697 942 3734 cum
1007 3685 1361 3736 metueretur
1427 3699 1499 3736 ne
1568 3682 1842 3737 dissensio
1916 3685 2109 3756 ingra-

470 3777 748 3827 vesceret.
799 3775 872 3828 At
917 3773 960 3828 si
1009 3791 1182 3847 usque
1229 3775 1299 3830 ad
1346 3792 1561 3830 annum
1603 3780 1706 3832 256
1753 3777 2105 3833 decertatum

476 3865 675 3920 fuisset
705 3867 760 3921 in
805 3867 1035 3923 Oriente
1062 3869 1129 3923 de
1166 3870 1614 3925 Novatianorum
1656 3872 1960 3941 sententia,
1991 3888 2106 3927 non

475 3959 698 4015 videtur
727 3961 1060 4017 incendium
1090 3965 1270 4018 multa
1307 3964 1394 4019 die
1441 3965 1843 4020 conﬁrmatum
1891 3967 1968 4020 sic
2008 3983 2102 4020 ex-

475 4054 686 4126 stingui
715 4056 984 4127 potuisse,
1017 4063 1076 4112 ut
1107 4057 1247 4111 nihil
1293 4058 1534 4114 omnino
1577 4075 1647 4114 ne
1687 4059 1830 4114 fumi
1873 4059 2106 4131 quidem

471 4154 813 4220 superesset.
848 4152 963 4206 Huc
1007 4151 1222 4207 accedit
1263 4152 1567 4207 auctoritas
1602 4154 1892 4226 Cypriani,
1922 4153 2022 4225 qui
2049 4153 2106 4207 in

475 4243 708 4313 epistola
764 4244 832 4299 ad
899 4246 1277 4316 Stephanum,
1321 4247 1470 4301 circa
1537 4263 1632 4302 an.
1701 4249 1805 4300 254
1869 4247 2100 4317 scripta,

475 4340 714 4391 testatur
758 4339 1132 4394 Novatianum
1166 4361 1193 4387 ‹‹
1233 4357 1462 4412 semper
1505 4346 1762 4395 retusum
1806 4344 1861 4395 et
1903 4342 2108 4396 refuta-

475 4434 595 4484 tum
628 4437 685 4485 et
713 4449 816 4502 per
845 4438 1025 4487 totum
1058 4433 1254 4488 orbem
1276 4451 1310 4488 a
1331 4435 1722 4489 sacerdotibus
1752 4434 1849 4489 Dei
1879 4435 2101 4489 absten-

2211 3233 2237 3260 ‹‹
2264 3211 2424 3283 prius
2452 3210 2614 3264 illum
2656 3209 2730 3263 ad
2774 3226 2833 3263 se
2870 3209 3158 3280 scripsisse
3203 3209 3273 3264 de
3303 3211 3511 3265 Heleno
3542 3216 3599 3264 et
3628 3211 3697 3265 de
3729 3211 3844 3267 Fir-

2209 3303 2468 3370 miliano,
2502 3320 2567 3358 ac
2595 3304 2663 3356 de
2705 3303 2970 3357 omnibus
3016 3303 3261 3374 denique
3303 3304 3692 3358 sacerdotibus
3735 3322 3842 3376 per

2207 3397 2487 3463 Ciliciam,
2533 3396 2943 3468 Cappadociam
2989 3403 3332 3468 cunctasque
3380 3398 3651 3453 ﬁnitimas
3695 3415 3838 3470 pro-

2205 3491 2414 3545 vincias
2459 3491 2817 3560 constitutis;
2870 3507 2990 3545 sese
3048 3491 3120 3546 ob
3171 3491 3436 3546 eamdem
3481 3508 3708 3547 causam
3757 3493 3833 3547 ab

2207 3586 2436 3640 illorum
2464 3585 2865 3640 communione
2895 3585 3381 3654 discessurum,eo
3410 3586 3586 3657 quod,
3616 3586 3839 3656 aiebat,

2208 3679 2509 3734 hareticos
2563 3677 2753 3751 155
2803 3679 3235 3750 rebaptizarent.
3281 3702 3309 3729 ››
3359 3680 3502 3734 Illud
3538 3680 3696 3750 prius
3742 3697 3839 3734 ar-

2209 3777 2486 3844 gumento
2514 3780 2600 3827 est
2625 3773 2980 3844 Stephanum
3012 3777 3142 3827 ante
3184 3774 3252 3828 de
3294 3774 3499 3829 eodem
3539 3774 3840 3829 haretico-

2206 3884 2334 3922 rum
2378 3867 2658 3938 baptismo
2703 3883 2834 3920 cum
2890 3866 3083 3922 Cilicia
3125 3871 3182 3922 et
3229 3867 3486 3922 ﬁnitimis
3534 3868 3842 3938 provinciis

2206 3979 2377 4035 quam
2422 3978 2552 4016 cum
2594 3960 2781 4015 Africa
2811 3977 3129 4032 pugnasse;
3174 3964 3233 4016 et
3264 3978 3392 4016 cum
3435 3962 3590 4033 apud
3629 3961 3839 4033 Diony-

2207 4057 2354 4110 sium
2386 4056 2456 4110 de
2505 4056 2720 4111 Heleno
2748 4061 2803 4110 et
2841 4055 3167 4110 Firmiliano
3198 4056 3446 4126 graviter
3481 4059 3838 4127 quereretur,

2208 4150 2467 4204 nondum
2517 4151 2863 4220 Cyprianum
2907 4152 2962 4205 et
2991 4149 3282 4206 Africanos
3321 4151 3607 4221 episcopos
3650 4150 3733 4205 illi
3767 4149 3841 4206 'iu

2208 4243 2580 4298 offensionem
2625 4245 2865 4299 venisse.
2901 4242 3060 4308 Quod
3107 4250 3298 4297 autem
3342 4243 3589 4298 addebat
3627 4244 3838 4316 Diony-

2208 4339 2342 4405 sius,
2377 4339 2504 4392 «de
2531 4338 2621 4392 his
2652 4338 2920 4393 omnibus
2959 4354 3068 4408 ego
3108 4337 3180 4391 ad
3228 4337 3389 4391 illum
3436 4338 3629 4409 scripsi
3667 4356 3842 4394 orans

2208 4436 2384 4504 atque
2428 4431 2753 4500 obtestans;
2795 4454 2822 4482 »
2857 4432 2984 4503 quis
3017 4448 3082 4486 ex
3125 4431 3213 4484 his
3243 4431 3425 4486 verbis
3467 4449 3574 4486 non
3607 4433 3845 4504 colligat

471 4531 618 4579 tum.
650 4545 678 4576 η
709 4525 766 4580 Si
796 4541 934 4597 ergo
965 4532 1118 4582 totus
1153 4527 1302 4582 orbis
1332 4528 1390 4582 in
1429 4527 1754 4582 damnando
1790 4529 2180 4610 NovatianoD
2204 4527 2504 4598 epistolam
2561 4526 2714 4580 illam
2775 4542 2952 4598 quam
2980 4568 2993 4595 ,
3041 4529 3183 4580 teste
3231 4525 3503 4594 Eusebio,
3551 4543 3722 4581 unam
3768 4527 3842 4582 ad

462 4620 587 4692 jam
625 4625 746 4674 tum
790 4624 1181 4689 consenserat,
1215 4622 1454 4693 epistola
1496 4622 1743 4694 Dionysii
1789 4639 1915 4694 qua
1956 4623 2106 4678 hunc

471 4714 874 4786 episcoporum
921 4719 1085 4770 antea
1137 4715 1534 4771 dissidentium
1581 4733 1917 4772 consensum
1968 4735 2107 4772 nun~

469 4809 649 4862 tiabat
695 4810 761 4863 ad
807 4827 1023 4864 annum
1068 4814 1170 4865 256
1221 4810 1466 4865 revocari
1512 4828 1628 4865 non
1677 4815 1882 4882 potest.
1940 4812 2105 4866 Aliud

467 4909 876 4972 argumentum
931 4904 987 4958 in
1044 4905 1303 4959 eamdem
1361 4905 1703 4959 sententiam
1753 4906 2101 4978 suppeditat,

467 4996 618 5066 quod
663 4996 911 5051 secundo
941 4999 1066 5052 loco
1119 4998 1483 5068 probandum
1524 5000 1894 5071 suscepimus,
1939 5001 2104 5054 citius

468 5088 528 5143 in
597 5089 826 5144 Oriente
882 5107 1056 5162 quam
1105 5092 1161 5145 in
1222 5093 1399 5148 Africa
1467 5094 1846 5148 decertatum.
1909 5094 2102 5165 Neque

469 5183 623 5236 enim
649 5183 695 5237 si
743 5184 1016 5240 dissensio
1059 5192 1192 5240 ante
1223 5187 1280 5239 in
1327 5186 1556 5242 Oriente
1589 5205 1765 5259 quam
1812 5189 1871 5242 in
1911 5189 2103 5244 Africa

463 5281 660 5332 exorta
706 5285 812 5346 est,
852 5280 1036 5334 serius
1077 5280 1344 5335 collocari
1390 5283 1602 5351 poterit
1647 5299 1798 5337 anno
1846 5285 1951 5338 254
1995 5289 2096 5338 aut

465 5378 709 5426 exeunte
737 5376 858 5428 253.

538 5465 678 5521 Illud
707 5472 900 5522 autem
925 5466 1222 5522 dissidium
1268 5468 1426 5540 prius
1454 5469 1512 5523 in
1555 5470 1928 5542 Cappadocia,
1958 5470 2096 5528 Cili-

465 5560 552 5615 cia
579 5567 636 5615 et
661 5560 920 5616 ﬁnitimis
947 5561 1254 5632 provinciis
1281 5580 1453 5634 quam
1498 5563 1556 5618 in
1603 5564 1789 5619 Africa
1825 5565 2099 5621 exarsisse

467 5657 637 5726 patet
662 5671 729 5709 ex
788 5655 875 5710 his
941 5655 1257 5710 Firmiliani
1324 5657 1383 5712 in
1451 5658 1810 5729 Stephanum
1877 5658 2092 5714 dictis:

466 5771 492 5795 ‹‹
521 5748 668 5813 Quid
696 5749 975 5805 humilius
1002 5753 1100 5804 aut
1125 5751 1306 5805 lenius
1333 5769 1506 5823 quam
1537 5769 1666 5807 cum
1695 5757 1776 5808 tot
1819 5753 2099 5826 episcopis

463 5859 568 5915 per
592 5847 768 5899 totum
802 5843 1082 5899 mundum
1110 5844 1466 5917 dissensisse;
1499 5863 1695 5918 pacem
1738 5863 1870 5902 cum
1901 5849 2096 5920 singu-

2209 4621 2566 4692 Stephanum
2597 4619 2838 4691 scripsit,
2871 4636 2987 4674 non
3035 4620 3321 4687 Afrorum,
3352 4627 3414 4676 ut
3458 4621 3672 4692 opinati
3705 4625 3842 4676 sunt

2207 4715 2603 4770 Tillemontius
2630 4719 2688 4768 et
2716 4713 3070 4782 Pearsonius,
3102 4713 3202 4768 sed
3234 4731 3432 4768 eorum
3465 4701 3630 4770 causa
3659 4715 3839 4787 scrip-

2211 4813 2326 4863 tam
2360 4809 2531 4864 fuisse
2563 4809 2632 4862 de
2667 4808 2876 4879 quibus
2914 4807 3240 4879 Stephanus
3277 4808 3597 4880 scripserat,
3631 4825 3843 4880 nempe

2206 4903 2400 4959 Heleni
2450 4907 2506 4958 et
2554 4902 2892 4972 Firmiliani,
2922 4903 3018 4974 qui
3072 4902 3308 4973 proinde
3362 4902 3510 4957 illius
3559 4919 3736 4974 opera
3782 4908 3844 4959 et

2207 4996 2711 5053 commendatione
2760 4997 2916 5067 prius
2969 4996 3052 5049 usi
3102 5002 3234 5050 sunt
3277 5013 3452 5067 quam
3501 4997 3641 5051 Afri.
3697 4997 3842 5052 [llud

2206 5092 2382 5147 etiam
2415 5091 2472 5145 in
2514 5108 2582 5146 ea
2610 5107 2781 5163 quam
2815 5090 3130 5144 refellimus
3156 5090 3424 5161 opinione
3471 5092 3712 5146 occurrit
3743 5091 3842 5145 ἰη-

2204 5186 2507 5249 commodi,
2535 5185 2689 5257 quod
2719 5185 2961 5238 nimium
2992 5184 3161 5238 multi
3193 5188 3426 5239 eventus
3461 5201 3495 5238 a
3523 5185 3842 5240 Tillemon-

2204 5281 2284 5335 tio
2315 5283 2372 5335 et
2396 5297 2427 5334 a
2459 5280 2764 5335 Pearsonio
2796 5279 2943 5333 intra
2979 5294 3193 5332 annum
3232 5279 3648 5334 concluduntur
3676 5295 3690 5334 :
3724 5283 3848 5336 tres

2204 5373 2403 5446 synodi
2449 5374 2946 5445 Carthaginenses,
2976 5375 3064 5428 tot
3099 5373 3367 5445 Cypriani
3411 5373 3683 5445 epistola,
3715 5376 3844 5429 Ste-

2202 5469 2377 5542 phani
2439 5469 2648 5524 littera
2703 5467 2774 5523 ad
2831 5467 3163 5538 Dionysium
3219 5473 3278 5522 et
3331 5467 3404 5523 ad
3462 5467 3844 5540 Cyprianum,

2201 5564 2436 5635 ejusque
2481 5563 2654 5618 modo
2693 5578 2824 5617 cum
2870 5561 3271 5632 Orientalibus,
3309 5561 3480 5617 modo
3519 5579 3647 5617 cum
3695 5563 3846 5618 Afris

2201 5657 2600 5713 dissensiones.
2631 5660 2828 5730 Longe
2873 5656 3051 5711 satius
3095 5659 3179 5711 est
3224 5657 3370 5712 hanc
3414 5673 3609 5712 rerum
3650 5661 3839 5728 gesta-

2200 5770 2328 5808 rum
2355 5753 2687 5807 varietatem
2717 5749 3076 5822 temporibus
3108 5749 3482 5823 distinguere.

2273 5847 2383 5904 Sed
2435 5848 2576 5903 forte
2621 5845 2922 5920 objicietur
2965 5845 3118 5918 quod
3164 5847 3243 5900 ait
3293 5845 3562 5902 Eusebius
3606 5844 3700 5900 lib.
3739 5863 3843 5919 vn,
