4084 6208
288 266 371 321 i57
1592 268 1737 324 VlTA
1775 270 1827 323 S.
1870 271 2200 329 CYPRIANI.

3527 278 3625 341 i58

276 418 315 455 c.
356 401 403 463 3,
432 406 615 468 πρῶτος
639 404 731 452 τῶν
753 404 865 456 τότε
888 402 1169 466 Κυπριανὸς,
1204 396 1309 449 etc.
1344 415 1370 443 «
1422 394 1641 452 Primus
1685 412 1877 451 eorum

1990 405 2194 475 priano
2248 405 2418 475 primi
2478 407 2760 465 dederunt
2804 409 3096 464 sentcntim
3143 424 3262 465 suae
3321 409 3504 480 palam
3562 414 3622 466 et

279 493 363 563 qui
402 497 538 545 tunc
569 492 850 558 exstitere,
893 489 1226 560 Cyprianus,
1264 489 1727 559 Carthaginensis
1762 492 1884 561 opi-

278 602 485 656 scopas,
516 585 805 640 haereticos
839 583 1064 637 nonnisi
1098 599 1198 653 per
1225 582 1568 653 baptismum
1597 584 1666 637 ab
1697 602 1886 638 errore

275 681 415 749 prius
462 685 735 749 purgatos
779 677 1157 731 admittendos
1196 693 1315 730 esse
1352 678 1589 730 censuit.
1622 699 1648 727 ››
1679 679 1883 732 Gerar-

274 774 363 826 dus
388 816 399 838 ,
430 776 677 825 Joannes
709 773 935 825 Vossius
976 778 1025 825 et
1061 772 1308 825 Valesius
1350 770 1651 825 Eusebium
1681 772 1885 826 erroris

271 872 569 933 accusant;
607 867 701 919 sed
744 866 1097 929 Pearsonius,
1147 864 1251 918 etsi
1300 870 1443 917 recte
1489 863 1741 918 observat
1785 867 1883 919 ad-

268 976 447 1014 Vcrsus
486 960 763 1013 Valesium
813 960 930 1013 hiec
978 960 1200 1015 Eusebii
1251 961 1417 1014 verba
1458 968 1642 1032 πρῶτος
1661 970 1753 1015 τῶν
1777 967 1886 1015 τότε

267 1055 335 1107 ita
374 1054 665 1107 reddenda
709 1070 850 1114 esse,
882 1075 906 1101 ‹‹
945 1055 1160 1123 primus
1199 1070 1392 1108 eorum
1424 1056 1519 1125 qui
1555 1058 1685 1107 tunc
1715 1054 1880 1106 exsti-

266 1151 391 1214 tere,
428 1170 455 1196 ››
482 1164 595 1201 non
623 1152 814 1200 autem
850 1151 908 1199 ut
940 1147 1207 1216 Valesius,
1243 1170 1269 1196 (ι
1293 1149 1507 1219 primus
1538 1147 1818 1213 omnium,
1855 1169 1879 1194 ››

266 1257 456 1310 parum
490 1244 684 1294 tamen
711 1240 765 1293 in
789 1240 1030 1296 Eusebio
1059 1242 1353 1311 purgando
1383 1241 1687 1313 promovit.
1717 1241 1882 1307 Nam,

266 1351 379 1387 cum
436 1334 802 1389 l-‘irmilianus
855 1335 1121 1405 Cypriani
1186 1336 1423 1406 aequalis
1483 1334 1881 1389 haereticorum

268 1429 541 1499 baptisma
565 1429 733 1499 longe
754 1432 887 1482 ante
909 1430 1250 1498 Cyprianum
1276 1430 1531 1499 rejccerit
1559 1431 1613 1482 in
1643 1428 1883 1483 concilio

268 1522 553 1589 lconiensi,
599 1522 690 1575 cui
719 1539 777 1576 se
821 1523 1142 1576 interfuisse
1188 1526 1420 1577 testatur
1449 1524 1508 1578 in
1533 1523 1771 1593 epistola
1811 1520 1879 1574 ad

265 1617 623 1687 Cyprianum,
661 1632 821 1687 aeque
869 1616 1135 1671 Eusebius
1178 1618 1389 1671 erroris
1429 1621 1722 1686 argnetur,
1768 1614 1884 1669 sive

264 1710 554 1775 omnium,
603 1709 714 1763 sive
773 1710 1077 1780 aequalium
1139 1711 1389 1779 primum
1451 1711 1573 1764 haec
1628 1708 1883 1763 statuisse

1988 505 2182 569 aperte
2212 501 2605 569 praedicanda}.
2633 503 2742 556 Etsi
2762 504 2914 557 enim
2934 504 3220 576 baptisma
3245 504 3311 558 ab
3330 504 3619 559 haereticis

1987 589 2447 643 administratum
2482 592 2714 661 rejicere
2742 594 3015 662 solebant,
3049 598 3237 649 tamen
3272 611 3402 650 cum
3446 612 3615 667 syno-

1988 678 2092 732 dus
2109 679 2449 750 Carthagine
2480 681 2802 747 haberetur,
2822 683 3231 737 consulendam
3264 684 3422 739 illam
3448 685 3624 740 duxe-

1988 774 2118 821 runt
2149 790 2173 813 (ά
2212 769 2280 821 de
2326 769 2393 823 iis
2435 770 2530 839 qui
2589 771 2737 841 apud
2786 772 3079 825 luereticos
3124 778 3178 826 et
3226 772 3615 827 schismaticos

1986 861 2261 931 baptizari
2282 863 2565 931 videntur,
2590 881 2663 917 an
2688 865 2757 918 ad
2781 866 3079 919 Ecclesiam
3106 866 3459 935 catholicam,
3488 883 3619 938 quas

1989 972 2098 1007 una
2130 962 2232 1022 est,
2264 957 2551 1011 venientes
2582 957 2850 1029 baptizari
2874 959 3139 1013 debeant.
3169 981 3194 1007 ››
3224 960 3533 1029 Cyprianus
3561 964 3618 1015 et

1985 1049 2076 1102 alii
2107 1050 2372 1120 episcopi,
2406 1069 2640 1106 numero
2664 1056 2750 1117 3l,
2776 1058 2837 1106 nt
2858 1057 3009 1123 patet
3037 1070 3101 1106 ex
3146 1052 3310 1107 titulo
3339 1054 3500 1123 epist.
3530 1057 3619 1124 70,

1986 1144 2219 1197 laudant
2247 1146 2519 1199 Numidas
2551 1147 2700 1217 quod
2738 1169 2765 1195 ‹‹
2793 1151 2847 1200 et
2891 1147 2993 1217 ipsi
3031 1148 3323 1200 veritatem
3351 1150 3407 1201 et
3436 1147 3617 1200 firmi-

1986 1241 2160 1291 tatem
2190 1238 2474 1293 catholicae
2498 1241 2711 1311 regulae
2736 1243 2987 1306 teneant,
3012 1258 3185 1313 seque
3213 1240 3323 1294 illis
3351 1240 3626 1294 assentiri

1986 1330 2328 1401 proﬁtentur
2355 1333 2639 1387 neminem
2669 1334 2806 1388 foris
2826 1334 3099 1404 baptizari
3131 1337 3291 1389 extra
3310 1334 3615 1391 Ecclesiam

1986 1441 2231 1493 posse.»
2287 1427 2403 1479 Non
2451 1426 2627 1480 multo
2673 1432 2801 1497 post
2850 1428 3136 1481 consultus
3187 1428 3391 1482 eadem
3443 1427 3513 1481 de
3563 1444 3622 1481 re

1984 1518 2298 1589 Cyprianus
2352 1537 2385 1572 a
2434 1520 2642 1583 Quinto
2701 1522 2760 1575 in
2814 1522 3146 1575 Mauritania
3204 1523 3467 1593 episcopo
3516 1538 3619 1591 per

1985 1613 2294 1666 Lucianum
2340 1614 2753 1685 presbyterum,
2796 1616 3018 1686 scripsit
3044 1617 3113 1669 ad
3161 1632 3289 1669 eum
3340 1618 3507 1687 epist.
3546 1619 3604 1669 7t

1983 1713 2151 1777 atque
2183 1710 2243 1759 ut
2270 1708 2437 1761 sciret
2466 1728 2491 1758 «
2523 1708 2662 1778 quid
2690 1726 2872 1779 nuper
2911 1710 2967 1763 in
3016 1710 3254 1764 concilio
3291 1709 3611 1779 coepiscopi

261 1804 599 1873 Cyprianum
642 1802 866 1856 dixerit.
912 1804 1103 1873 Longe
1131 1820 1270 1874 ergo
1299 1802 1643 1874 probabilius
1674 1801 2115 1880 idcircoBcum
2163 1802 2631 1873 compresbyteris
2674 1803 2767 1874 qui
2818 1803 3092 1869 aderant,
3144 1824 3169 1851 ››
3227 1803 3615 1871 censuissent,

262 1898 464 1966 primas
507 1897 785 1967 Cypriano
818 1896 1047 1964 deferri,
1099 1898 1231 1969 quia
1276 1898 1583 1967 plurimum
1619 1894 1882 1967 ponderis

258 1991 377 2044 huic
446 1991 741 2045 sententiae
804 1991 1059 2058 addidit,
1125 1991 1290 2062 eique
1353 1992 1530 2045 multo
1606 1990 1884 2044 celebrior

259 2085 463 2138 exstitit
522 2102 692 2155 quam
754 2085 1132 2140 Orientalibus
1200 2102 1329 2139 cum
1396 2085 1684 2156 Stephano
1740 2100 1878 2137 con-

260 2180 526 2233 troversia
539 2221 551 2232 .

250 2291 387 2345 XXX.
426 2291 573 2345 Ordo
603 2296 654 2345 et
691 2295 850 2347 series
876 2307 1053 2346 rerum
1094 2295 1153 2345 in
1190 2294 1385 2359 Africa
1420 2296 1691 2359 gestarum
1738 2306 1881 2344 anno

316 2374 419 2424 255
471 2379 521 2425 et
571 2374 694 2434 256,
728 2387 897 2442 usque
942 2372 1016 2426 ad
1054 2372 1341 2427 concilium
1383 2374 1603 2434 tertium
1647 2370 1879 2426 Cartha-

320 2466 563 2519 gmense.

318 2554 389 2607 De
421 2554 602 2607 initiis
631 2554 801 2624 hujus
858 2553 1227 2609 dissensionis
1259 2555 1317 2608 in
1352 2554 1534 2610 Africa
1581 2572 1692 2608 non
1723 2554 1883 2608 valde

252 2646 666 2713 laborandum;
722 2665 854 2701 nam
906 2654 1021 2702 tota
1070 2666 1161 2702 res
1208 2650 1265 2702 in
1296 2648 1636 2719 conjecturis
1680 2648 1880 2719 posita.

252 2742 588 2796 Pearsonius
632 2742 880 2811 primum
916 2742 1214 2796 concilium
1238 2742 1680 2813 Carthaginense
1713 2759 1879 2796 revo-

251 2841 329 2889 cat
354 2836 425 2888 ad
460 2842 801 2889 autumnum
841 2836 974 2889 anni
1001 2840 1125 2890 255.
1166 2836 1582 2896 Tillemontius,
1624 2836 1721 2907 qui
1747 2847 1877 2890 'om-

250 2930 334 2983 nia
366 2930 519 2982 intra
550 2928 799 2998 spatium
826 2929 958 2982 anni
986 2932 1087 2983 256
1111 2930 1414 2996 concludit,
1446 2946 1560 2983 non
1591 2930 1881 3000 improbat

250 3021 658 3088 Pearsonium;
704 3038 807 3075 nec
852 3022 993 3076 forte
1032 3022 1384 3093 improbetur
1412 3022 1459 3076 si
1494 3023 1622 3094 quis
1664 3023 1731 3076 ab
1761 3022 1879 3090 ipso

250 3116 373 3169 anni
402 3118 512 3169 255
554 3116 715 3169 initio
758 3117 1202 3170 controversiam
1230 3116 1492 3171 deducat.
1520 3118 1629 3170 Hoc
1656 3121 1877 3170 tantum

1984 1895 2237 1966 ejusdem
2269 1896 2521 1966 epistola).
2559 1898 2887 1968 exemplum
2929 1898 3007 1951 illi
3037 1897 3203 1952 misit.

2052 1988 2243 2060 Neque
2272 1990 2446 2045 etiam
2475 1991 2718 2045 multum
2749 1992 2967 2046 efﬂuxit
3001 1990 3271 2062 temporis
3294 1991 3443 2045 inter
3468 1991 3617 2046 hanc

1983 2082 2277 2153 epistolam
2320 2090 2375 2139 et
2422 2086 2721 2139 concilium
2765 2086 3080 2140 secundum
3122 2085 3570 2156 Carthaginense
3597 2126 3611 2151 ,

1984 2178 2042 2230 in
2071 2195 2182 2250 quo
2204 2179 2382 2233 multa
2403 2179 2632 2250 quidem
2658 2181 2878 2251 prolata
2904 2184 3076 2251 atque
3096 2182 3381 2234 transacta
3409 2185 3559 2246 sunt,
3590 2199 3617 2227 ››

1982 2273 2080 2327 sed
2121 2272 2256 2326 illud
2308 2273 2362 2327 in
2412 2274 2628 2344 primis,
2667 2274 2818 2345 quod
2864 2275 3152 2346 Stephano
3193 2291 3357 2345 papa
3384 2274 3617 2345 Cypria-

1983 2384 2091 2421 nus
2128 2384 2229 2422 ιιι
2276 2368 2671 2439 episc0porum
2715 2368 2812 2441 qui
2858 2386 2987 2422 cum
3036 2370 3156 2439 ipso
3206 2368 3472 2422 sederant
3514 2384 3616 2421 no-

1984 2460 2136 2515 mine
2166 2462 2463 2532 perscribit
2490 2479 2582 2516 eos
2610 2462 2706 2533 qui
2728 2462 2878 2533 apud
2911 2462 3212 2517 haareticos
3228 2463 3311 2516 vel
3343 2461 3615 2516 schisma-

1985 2554 2124 2609 ticos
2155 2555 2314 2609 tincti
2361 2561 2512 2622 sunt,
2559 2555 2859 2610 redeuntes
2887 2556 2954 2610 ad
3001 2556 3306 2610 Ecclesium
3346 2554 3618 2626 baptizari

1983 2652 2265 2719 oportere.
2301 2650 2363 2704 Id
2404 2651 2720 2721 Cyprianus
2758 2656 2993 2705 testatur
3022 2672 3047 2698 ‹‹
3097 2650 3405 2719 diligenter
3433 2666 3618 2720 nuper

1983 2760 2308 2814 expressum
2368 2766 2392 2791 n
2439 2746 2632 2812 fuisse,
2667 2761 2797 2798 cum
2846 2744 2903 2797 in
2948 2746 3193 2815 Epistola
3224 2745 3299 2798 ad
3329 2746 3616 2811 Quintum,

1984 2842 2105 2891 tum
2132 2838 2191 2891 in
2220 2838 2419 2892 litteris
2441 2838 2515 2892 ud
2543 2842 2810 2907 episcopos
2836 2840 3121 2894 Numidas.
3153 2838 3457 2908 Utriusque
3491 2838 3611 2907 epi-

1982 2928 2141 2981 stolae
2192 2928 2520 2998 exemplum
2575 2928 2747 2981 mittit
2800 2928 3083 2998 Stephano
3134 2943 3263 2980 cum
3313 2927 3478 2997 epist.
3526 2930 3613 2980 72.

1982 3020 2155 3074 Addit
2206 3021 2261 3074 in
2309 3022 2509 3075 eodem
2540 3020 2775 3075 concilio
2802 3024 3070 3075 statutum
3101 3037 3222 3076 esse
3251 3036 3528 3074 consensu
3562 3024 3618 3073 et

1985 3116 2315 3169 auctoritate
2360 3115 2650 3171 communi
2689 3136 2715 3163 ‹‹
2764 3120 2821 3168 ut
2860 3115 3026 3169 etiam
3070 3115 3113 3168 si
3157 3115 3254 3186 qui
3302 3114 3618 3185 presbyteri

254 3216 495 3263 statuere
537 3225 837 3279 possumus
876 3209 1033 3280 prius
1073 3210 1221 3263 inter
1268 3227 1325 3263 se
1366 3210 1682 3264 decertasse
1722 3183 1955 3263 AfrosC
1983 3216 2081 3263 aut
2129 3210 2391 3276 diaconi,
2444 3210 2541 3280 qui
2593 3210 2680 3263 vel
2737 3210 2794 3263 in
2849 3210 3090 3263 Ecclesia
3132 3209 3409 3263 catholica
3457 3208 3614 3279 prius

246 3319 411 3373 quam
448 3319 586 3357 cum
632 3303 946 3374 Stephano.
988 3305 1044 3356 In
1083 3305 1326 3373 Epistula
1364 3306 1437 3357 ad
1482 3304 1746 3359 Numidas
1789 3321 1874 3357 re-

248 3397 523 3450 felluntur
572 3418 597 3443 ‹‹
628 3397 723 3466 qui
756 3396 1051 3450 haereticos
1099 3402 1380 3451 asserunt.
1432 3418 1456 3445 ››
1506 3396 1709 3467 Tangit
1745 3413 1875 3451 eos-

245 3489 363 3543 dem
418 3490 738 3560 Cyprianus
788 3490 846 3543 in
887 3492 1125 3560 Epistula
1167 3491 1242 3544 ad
1275 3492 1553 3557 Quintum.
1615 3512 1641 3539 ι(
1684 3490 1878 3545 Nescio

246 3585 471 3651 etenim,
498 3584 706 3653 inquit,
730 3600 842 3654 qua
865 3584 1308 3654 praesumptione
1326 3584 1614 3638 ducuntur
1643 3584 1879 3654 quidam

243 3675 308 3730 de
329 3676 565 3747 collegis
587 3678 809 3745 nostris,
843 3681 901 3730 ut
925 3680 1127 3748 putent
1155 3694 1248 3731 eos
1269 3678 1364 3748 qui
1395 3677 1547 3747 apud
1576 3678 1878 3732 haereticos

244 3768 440 3842 156
478 3771 638 3823 tincti
672 3776 825 3837 sunt,
868 3771 1090 3840 quando
1131 3771 1203 3823 ad
1242 3788 1344 3824 nos
1392 3771 1671 3837 venerint,
1702 3771 1880 3842 bapti-

240 3865 347 3917 zari
392 3882 513 3918 non
556 3870 834 3933 oportere.
880 3887 908 3913 ››
951 3864 1061 3917 Nec
1107 3868 1294 3919 tamen
1338 3864 1439 3917 hac
1490 3864 1876 3919 institutorum

241 3958 508 4011 varietate
544 3974 645 4027 pax
676 3964 731 4011 et
764 3958 944 4027 gratia
974 3957 1290 4025 dissiluere,
1322 3963 1384 4011 ut
1426 3976 1487 4012 ex
1526 3959 1771 4027 Epistula
1802 3959 1878 4012 ml

239 4056 571 4125 Stephanum
623 4056 980 4126 perspicitur.
1023 4078 1048 4104 u
1101 4057 1382 4109 Craterum
1420 4056 1647 4121 scimus,
1696 4056 1879 4127 inquit

240 4148 579 4220 Cyprianus,
620 4150 901 4220 quosdam
943 4149 1097 4219 quod
1139 4150 1315 4203 semel
1360 4150 1701 4203 imbibercnt
1732 4150 1879 4205 nolle

242 4241 557 4313 deponere,
594 4263 619 4293 ι)
662 4259 764 4297 nec
796 4243 1147 4314 propositum
1184 4264 1210 4292 α
1239 4260 1404 4297 suum
1437 4243 1597 4298 facile
1630 4247 1874 4309 mutare,

238 4337 329 4389 sed
356 4338 514 4390 salvo
548 4337 697 4389 inter
735 4337 979 4407 collegas
1016 4336 1167 4407 pacis
1196 4340 1254 4390 et
1299 4336 1616 4391 concordiae
1657 4336 1877 4391 vinculo

239 4430 508 4500 quzedam
542 4432 793 4500 propria,
819 4447 947 4501 quae
977 4431 1127 4500 apud
1156 4448 1215 4484 se
1239 4432 1417 4485 semel
1448 4432 1562 4484 sint
1589 4435 1873 4501 usurpata,

1982 3304 2221 3357 ordinati
2268 3304 2501 3369 fuerint,
2550 3307 2607 3356 et
2652 3304 3013 3373 postmodum
3049 3303 3252 3375 perﬁdi
3284 3319 3346 3356 ac
3377 3301 3613 3356 rebelles

1980 3404 2173 3451 contra
2220 3398 2521 3452 Ecclesiam
2570 3398 2847 3466 steterint,
2892 3399 2978 3451 vel
3024 3398 3172 3469 apud
3225 3397 3527 3451 hazreticos
3579 3413 3612 3450 a

1983 3491 2480 3564 pseudoepiscopis
2523 3498 2580 3546 et
2627 3492 2971 3546 antichristis
2999 3496 3193 3546 contra
3220 3491 3428 3546 Christi
3462 3490 3612 3545 ordi-

1979 3586 2273 3639 nationem
2333 3586 2570 3656 profana
2629 3586 2983 3640 ordinatione
3046 3585 3297 3656 promoti
3354 3585 3500 3651 sint,
3560 3588 3616 3638 et

1980 3686 2179 3734 contra
2216 3680 2390 3734 altare
2440 3697 2616 3733 unum
2644 3686 2813 3750 atque
2861 3680 3115 3733 divinum
3171 3678 3440 3733 sacrificia
3474 3678 3614 3732 foris

1980 3774 2116 3826 falsa
2178 3790 2242 3827 ac
2292 3774 2562 3844 sacrilega
2592 3774 2793 3827 oilerre
2842 3774 3024 3827 conati
3070 3774 3200 3840 sint,
3251 3790 3345 3827 eos
3386 3788 3615 3844 quoque

1983 3862 2169 3934 157
2215 3864 2319 3917 hac
2358 3862 2685 3917 conditione
2715 3863 2917 3934 suscipi
2965 3880 3092 3916 cum
3140 3867 3520 3928 revertuntur,
3551 3865 3615 3915 nt

1979 3958 2405 4012 communicent
2454 3958 2596 4024 laici,
2646 3964 2700 4012 et
2732 3957 2863 4011 satis
2915 3957 3162 4011 habeant
3208 3957 3358 4027 quod
3408 3956 3614 4010 admit-

1978 4055 2178 4106 tuntur
2206 4052 2274 4104 ad
2322 4068 2519 4121 pacem
2570 4052 2665 4122 qui
2716 4052 2908 4106 hostes
2957 4050 3110 4122 pacis
3136 4050 3477 4117 exstiterint,
3510 4065 3612 4103 nec

1978 4144 2190 4199 debere
2242 4161 2337 4199 eos
2384 4151 2734 4199 revertentes
2782 4162 2849 4199 ea
2894 4146 3044 4216 apud
3091 4162 3191 4198 nos
3239 4143 3610 4199 ordinationis

1979 4243 2032 4291 et
2058 4238 2286 4291 honoris
2316 4255 2467 4292 arma
2502 4240 2749 4294 retinere
2796 4239 3000 4310 quibus
3039 4242 3235 4293 contra
3267 4254 3368 4292 nos
3394 4253 3612 4309 pugna-

1978 4332 2183 4387 verint.
2214 4351 2241 4383 »

2013 4404 2131 4480 “Ad
2164 4427 2266 4480 hoc
2297 4430 2523 4498 tempus
2551 4427 2761 4481 referre
2794 4444 2966 4499 cogor
3004 4427 3358 4499 legationem
3389 4427 3607 4498 episco-

238 4524 514 4578 retinere.
563 4548 587 4573 ››
635 4525 945 4578 Nonnullos
988 4541 1055 4578 ex
1101 4525 1284 4578 Africa
1333 4524 1629 4595 episcopos
1685 4529 2179 4620 petei'erorum
2226 4537 2365 4591 quos
2410 4521 2712 4575 concilium
2762 4523 3085 4575 Africanum
3135 4523 3205 4576 ad
3250 4522 3607 4592 Stephanum

237 4616 504 4672 videntur
532 4618 653 4671 haec
682 4618 947 4689 Cypriani
976 4618 1146 4671 verba
1176 4618 1231 4671 in
1265 4620 1508 4688 Epistula
1534 4619 1609 4671 ad
1633 4620 1873 4672 Jubaia-

236 4726 361 4763 num
395 4729 409 4764 :
452 4736 479 4759 α
509 4712 573 4764 Et
603 4728 753 4765 nunc
779 4712 927 4782 apud
950 4712 1223 4781 quosdam
1248 4712 1314 4765 de
1343 4712 1551 4766 nostris
1588 4712 1875 4766 haeretico-

235 4819 357 4857 rum
388 4805 679 4876 baptisma
704 4812 1039 4875 occupatum
1080 4806 1365 4859 asseritur.
1404 4828 1429 4853 ι)
1464 4808 1568 4860 Per
1607 4806 1871 4859 eumdem

230 4899 575 4952 Juhaianum
645 4900 795 4953 venit
845 4900 901 4952 in
938 4900 1201 4969 Cypriani
1248 4916 1450 4953 manus
1490 4901 1725 4969 epistola
1766 4901 1869 4954 ad-

232 5008 411 5047 versus
458 4993 856 5062 rebaptizantes
892 4994 1118 5064 scripta.
1149 4994 1252 5048 Sed
1299 5010 1364 5046 ea
1398 5009 1500 5047 nec
1527 5012 1559 5045 a
1586 4994 1872 5065 Stephano

234 5102 407 5156 papa,
458 5103 565 5139 nec
603 5085 676 5140 ab
718 5087 831 5139 ullo
865 5104 933 5141 ex
982 5086 1372 5140 transmarinis
1413 5087 1690 5157 episc0pis
1717 5090 1871 5155 (tunc

231 5179 381 5233 enim
414 5184 572 5233 recta
618 5179 707 5233 via
745 5180 1149 5250 Carthaginem
1180 5181 1249 5233 ad
1279 5181 1628 5251 Cyprianum
1673 5197 1867 5250 perve-

236 5272 455 5339 nisset),
493 5272 591 5326 sed
640 5273 709 5327 ab
745 5275 1008 5329 Afrorum
1038 5275 1229 5345 aliquo
1258 5273 1480 5328 videtur
1518 5274 1867 5328 elucubrata.

234 5365 352 5434 lpse
385 5366 563 5419 etiam
592 5368 896 5421 Jubaianus
923 5385 1035 5421 non
1060 5367 1295 5422 omnino
1327 5368 1740 5422 assentiebatur
1762 5370 1867 5439 Cy-

236 5458 456 5527 priano,
487 5460 583 5514 sed
610 5460 909 5514 adversum
944 5462 1373 5532 rebaptizationi
1400 5461 1659 5514 animum
1688 5462 1865 5531 signi-

236 5552 460 5615 ﬁcabat,
487 5555 617 5624 quia
652 5554 1108 5615 Novatianenses,
1139 5555 1179 5609 si
1212 5571 1354 5625 quos
1382 5573 1449 5609 ex
1479 5554 1777 5611 Catholicis
1808 5556 1867 5608 in

237 5654 420 5712 partes
454 5661 583 5700 suas
617 5646 926 5716 allicerent,
958 5648 1274 5703 horrendos
1301 5664 1397 5702 eos
1424 5649 1634 5703 scelere
1670 5648 1863 5719 rebap-

240 5738 513 5793 tizabant.

308 5832 514 5887 Decem
543 5838 599 5889 et
641 5837 765 5889 octo
796 5834 1044 5907 episcopi
1094 5835 1352 5892 Numida:
1376 5836 1731 5892 occasionem
1761 5838 1863 5907 σγ-

1978 4614 2149 4667 misit.
2198 4616 2304 4667 llos
2349 4615 2567 4685 legatos
2610 4616 2926 4686 episc0pos,
2981 4616 3059 4669 ait
3108 4616 3485 4680 Firmilianus,
3530 4615 3608 4667 sic

1976 4708 2220 4778 suscepit
2268 4709 2621 4779 Stephanus,
2670 4732 2695 4758 ‹‹
2744 4715 2804 4762 ut
2854 4726 2947 4763 eos
3004 4726 3105 4763 nec
3160 4710 3227 4763 ad
3281 4725 3606 4762 sermonem

1975 4803 2171 4857 saltem
2217 4802 2479 4872 colloquii
2528 4802 2848 4856 communis
2887 4802 3237 4870 admitteret,
3281 4802 3469 4856 adhuc
3519 4802 3607 4856 in-

1974 4913 2210 4967 super...
2256 4896 2587 4967 prazciperet
2637 4896 2983 4951 fraternitati
3046 4898 3321 4951 universa:
3370 4914 3441 4951 ne
3484 4897 3609 4967 quis

1974 5007 2069 5045 eos
2098 4991 2153 5044 in
2190 4990 2424 5044 domum
2459 5007 2619 5044 suam
2650 4991 2923 5061 reciperet
2951 5034 2963 5058 ,
3013 4995 3075 5045 ut
3105 4991 3460 5046 venientibus
3487 5009 3604 5046 non

1974 5084 2159 5139 solum
2190 5102 2300 5156 pax
2350 5091 2406 5138 et
2433 5085 2783 5152 communio,
2831 5084 2928 5138 sed
2962 5092 3019 5139 et
3062 5089 3273 5140 tectum
3307 5089 3364 5139 et
3410 5086 3607 5157 hospi-

1972 5179 2116 5232 tium
2159 5182 2528 5249 negaretur»
2576 5179 2653 5248 (p.
2692 5179 2831 5249 150).
2875 5179 3143 5243 Queritur
3189 5181 3365 5235 etiam
3401 5181 3603 5235 Firmi-

1972 5272 2159 5326 lianus
2191 5273 2343 5343 quod
2394 5272 2742 5344 Cyprianum
2791 5273 3169 5344 Stephanusa
3220 5276 3610 5345 pseudochris-

1972 5371 2092 5419 tum
2131 5369 2189 5421 et
2236 5366 2773 5437 pseudoapostolum
2800 5370 2856 5421 et
2900 5366 3159 5422 dolosum
3212 5368 3539 5439 operarium
3574 5392 3600 5417 ››

1970 5460 2181 5513 diceret
2219 5462 2292 5530 (p.
2349 5462 2489 5531 151).
2533 5462 2659 5514 Haac
2702 5461 2955 5531 profecto
2996 5461 3346 5516 incredibilia
3389 5468 3598 5527 essent,

1970 5553 2076 5607 nisi
2108 5553 2427 5608 nitere:.tur
2470 5555 2713 5609 duorum
2756 5554 3054 5609 hominum
3086 5556 3432 5626 testimonio,
3468 5557 3593 5628 qui-

1969 5647 2075 5701 bus
2115 5647 2255 5702 tides
2287 5646 2547 5719 derogari
2581 5666 2690 5702 non
2737 5649 2932 5719 possit,
2963 5650 3354 5703 Firmilianum
3386 5650 3508 5704 dico
3540 5656 3596 5704 et

1968 5741 2331 5813 Cyprianum,
2382 5742 2480 5814 qui
2528 5741 2836 5796 Firmiliani
2868 5742 3166 5813 epistolam
3198 5744 3371 5798 latine
3399 5743 3598 5797 reddi-

1968 5835 2067 5902 dit,
2102 5840 2197 5889 aut
2228 5836 2422 5890 saltem
2458 5836 2791 5891 auctoritate
2832 5852 2933 5890 sua
2964 5837 3268 5907 evulgavrt.
3318 5837 3426 5891 Sed
3470 5853 3600 5892 exa-
