4084 6208
385 321 483 378 ζ59

1717 327 1865 382 VlTA
1905 327 1958 381 S.
1999 327 2328 385 CYPRIANI.

3643 323 3740 381 l60

380 446 648 501 minanda
690 446 857 501 nobis
887 450 1017 502 sunt
1060 446 1282 518 singula
1315 447 1624 505 Firmiliani
1651 452 1841 520 verba,
1886 458 2005 507 tum
2031 464 2204 538 Avn,
2247 470 2295 508 c.
2333 453 2385 523 5)
2432 455 2490 508 in
2539 453 2704 525 epist.
2755 453 2829 508 ad
2869 457 3096 523 Xystum
3143 463 3282 511 :Kai
3332 466 3432 517 τοῖς
3479 461 3741 524 ἀγαπητοῦ

382 556 455 593 ne
487 540 635 594 illius
660 540 922 611 querelis,
953 557 1082 612 quae
1107 558 1206 596 sua
1235 549 1434 613 sponte
1467 544 1601 599 satis
1627 562 1829 616 graves
1857 551 2004 616 sunt,

379 633 590 704 aliquid
622 633 883 702 addatur,
928 638 1050 689 tum
1083 638 1144 689 ut
1173 653 1285 708 quo
1324 643 1584 709 tempore
1611 645 1668 694 et
1693 639 1863 694 modo
1889 641 2009 695 hate

386 730 512 780 acta
545 726 658 780 sint
685 726 1084 797 dijudicemus.

456 829 592 882 Illud
625 830 815 901 primo
856 833 1173 902 perspicere
1212 834 1353 888 mihi
1398 834 1614 903 videor,
1657 837 1761 891 hos
1792 838 2010 908 legatos

382 938 499 976 non
529 923 781 978 maxima
811 925 1100 980 celeritate
1147 928 1384 996 venisse,
1425 929 1524 983 sed
1554 930 1767 984 famam
1813 948 2008 985 eorum

383 1015 659 1070 adventus
697 1019 1078 1089 praznuntiam
1115 1021 1308 1076 fuisse.
1355 1023 1541 1077 Vetuit
1572 1023 1726 1078 enim
1771 1025 2006 1095 Stepha-

385 1126 492 1162 nus
532 1126 603 1164 ne
633 1111 758 1182 quis
801 1128 896 1167 eos
936 1113 1109 1167 domo
1148 1115 1457 1186 exciperet,
1493 1137 1520 1168 ‹‹
1554 1121 1615 1170 ut
1652 1117 2010 1172 venientibus

384 1219 502 1257 non
532 1203 714 1258 solum
746 1222 853 1276 pax
885 1209 943 1259 et
967 1208 1318 1275 communio,
1349 1209 1448 1264 sed
1477 1213 1534 1264 et
1559 1215 1773 1265 tectum
1799 1217 1854 1266 et
1878 1212 2007 1265 hos-

382 1297 589 1367 pitium
630 1306 956 1370 negaretur.
998 1322 1024 1348 n
1077 1302 1334 1358 Nondum
1378 1319 1514 1374 ergo
1567 1308 1840 1360 venerant
1881 1321 2010 1359 cum

383 1390 508 1444 haec
543 1391 861 1463 Stephanus
891 1394 1156 1463 ediceret,
1193 1397 1283 1450 cui
1309 1399 1558 1469 spatium
1580 1399 1862 1454 dederunt
1884 1405 2008 1454 tum

385 1484 456 1537 de
490 1486 745 1554 ipsorum
766 1489 1032 1556 adventu,
1061 1495 1183 1544 tum
1204 1490 1274 1544 de
1295 1491 1465 1546 rebus
1492 1493 1551 1546 in
1581 1493 1814 1548 concilio
1840 1494 2012 1565 gestis

384 1581 784 1648 cognoscendi.
826 1585 1009 1653 Atque
1051 1584 1184 1638 inde
1227 1585 1432 1656 colligo
1478 1587 1621 1641 hanc
1659 1587 2009 1658 legationem

383 1688 498 1725 non
553 1690 715 1743 posse
772 1675 844 1727 ad
906 1676 1138 1730 tertium
1198 1679 1502 1734 concilium
1569 1680 2012 1753 Carthaginense

382 1765 602 1832 referri,
637 1769 892 1837 quamvis
907 1769 1266 1826 Tillemontio
1291 1789 1451 1826 secus
1479 1773 1755 1828 videatur.
1786 1776 2015 1830 Constat

2109 557 2158 604 δὲ
2217 557 2354 618 ἡμῶν
2417 556 2499 604 καὶ
2553 557 2987 621 συμπρεσϐυτέροις
3047 556 3286 620 Διονυσίῳ
3349 556 3432 604 καὶ
3483 556 3742 617 Φιλήμονι,

2108 651 2383 713 συμψήφοις
2407 650 2631 715 πρότερον
2661 650 2877 714 Στεφάνῳ
2905 650 3191 712 γενομένοις,
3220 651 3299 698 καὶ
3333 650 3554 714 περὶτῶν
3585 649 3744 697 αὐτῶν

2111 760 2192 807 μοι
2230 743 2484 808 γράφουσι,
2530 745 2754 810 πρότερον
2795 745 2878 808 μὲν
2907 745 3064 806 ὀλίγα,
3092 745 3173 792 καὶ
3209 742 3291 792 νῦν
3330 743 3379 791 δὲ
3406 743 3484 791 διὰ
3516 743 3746 794 πλειόνων

2117 840 2377 888 ἐπέστειλα.
2409 853 2436 880 α
2468 831 2578 886 Sed
2611 837 2665 886 et
2695 831 3047 886 charissimis
3079 830 3344 885 fratribus
3371 834 3430 884 et
3453 846 3745 900 compres-

2115 925 2329 997 byteris
2357 925 2618 996 Dionysio
2647 942 2708 979 ac
2742 923 3095 994 Philemoni,
3130 923 3226 994 qui
3255 923 3411 995 prius
3450 923 3747 994 Stephano

2117 1019 2328 1074 assensi
2358 1020 2604 1087 fuerant,
2639 1019 2818 1089 deque
2850 1019 3052 1072 iisdem
3097 1018 3265 1072 rebus
3289 1018 3361 1071 ad
3392 1034 3482 1071 me
3515 1016 3740 1089 scripsi-

2120 1119 2269 1181 rant,
2317 1118 2478 1168 antea
2537 1114 2768 1184 quidem
2810 1113 3079 1180 breviter,
3117 1128 3261 1166 nenc
3306 1127 3441 1166 vero
3489 1113 3747 1183 pluribus

2119 1207 2301 1261 verbis
2345 1206 2560 1277 scripsi.
2589 1228 2628 1275 _»
2663 1206 2864 1276 Liquet
2894 1223 2962 1259 ex
3005 1206 3094 1260 his
3120 1205 3303 1260 verbis
3330 1204 3658 1276 Dionysium
3689 1210 3747 1259 et

2110 1301 2527 1369 Philemonem,
2580 1316 2709 1354 cum
2741 1301 2908 1353 antea
2940 1299 2996 1353 in
3028 1299 3294 1354 omnibus
3330 1299 3619 1370 Stephano
3663 1316 3747 1353 as-

2113 1393 2459 1448 sentirentur
2481 1437 2496 1460 ,
2527 1397 2720 1465 postea
2760 1394 2830 1448 ab
2862 1410 2927 1448 eo
2959 1394 3146 1464 aliqua
3171 1393 3229 1446 in
3287 1409 3351 1447 re
3393 1393 3743 1447 dissensisse.

2115 1487 2460 1542 Perabsurbe
2515 1491 2710 1542 autem
2755 1487 3042 1541 Launoius
3093 1487 3254 1556 (tom.
3306 1488 3463 1556 Vlll},
3511 1504 3567 1558 p.
3620 1489 3746 1554 603)

2114 1599 2178 1636 ex
2221 1581 2308 1636 his
2336 1580 2623 1636 concludit
2665 1581 2768 1635 hos
2809 1579 2950 1634 duos
2993 1580 3367 1652 presbyteros,
3409 1596 3538 1634 cum
3579 1585 3749 1634 antea

2112 1675 2461 1746 baptismum
2519 1674 2590 1728 ab
2638 1674 2917 1729 haereticis
2969 1675 3164 1728 datum
3217 1690 3335 1728 non
3393 1674 3742 1744 rejicerent,

2117 1772 2314 1839 postea
2362 1769 2419 1822 in
2465 1768 2730 1840 Cypriani
2777 1768 3119 1822 sententiam
3189 1768 3548 1822 concessisse.
3605 1769 3742 1822 Per-

383 1859 539 1913 enim
565 1861 941 1931 Rogatianum
972 1881 1003 1917 a
1031 1865 1307 1935 Cypriano
1338 1866 1394 1919 in
1429 1867 1841 1938 Cappadociam
1876 1869 2007 1922 mis-
2037 1837 2091 1908 Β
2116 1878 2326 1932 paucos
2369 1863 2485 1917 fore
2516 1862 2760 1917 arbitror
2801 1861 2898 1933 qui
2940 1861 3173 1915 Launoii
3205 1863 3593 1932 conjecturam
3625 1878 3742 1916 non

383 1969 509 2006 sum
535 1971 651 2008 non
691 1954 864 2010 fuisse
894 1957 999 2010 nisi
1027 1963 1327 2029 postquam
1357 1961 1532 2030 legati
1563 1962 1810 2032 episcopi
1839 1964 2012 2017 Roma

382 2043 589 2096 reversi
611 2047 761 2098 sunt.
811 2045 919 2099 Sed
959 2063 1087 2101 cum
1114 2049 1417 2103 concilium
1449 2050 1683 2104 tertium
1712 2051 2008 2121 Carthagi-

383 2151 556 2190 nense
603 2137 848 2192 calendis
893 2139 1241 2210 Septembris
1293 2143 1641 2196 celebratum
1689 2143 1897 2212 fuerit,
1949 2161 2011 2198 ac

381 2229 748 2299 Rogatianus,
807 2235 951 2286 teste
998 2234 1328 2290 Firmiliano
1355 2277 1369 2303 ,
1416 2236 1600 2291 redire
1643 2238 2008 2307 festinaverit,

381 2325 512 2392 quia
557 2324 862 2379 hibernum
924 2331 1151 2398 tempus
1216 2329 1488 2399 urgebat,
1551 2331 1841 2401 quomodo
1890 2330 2011 2385 fieri

378 2417 566 2486 potuit
608 2423 668 2472 ut
707 2423 832 2489 post
886 2421 1185 2475 concilium
1235 2424 1486 2494 episcopi
1534 2423 1711 2494 legati
1767 2425 2008 2479 Romam

375 2513 527 2563 irent
553 2527 617 2565 ac
647 2511 918 2579 redirent,
963 2531 1025 2568 ac
1056 2521 1181 2584 post
1210 2532 1410 2570 eorum
1450 2517 1695 2571 reditum
1739 2519 2006 2589 Rogatia-

375 2619 482 2658 nus
509 2604 565 2657 in
595 2606 1006 2676 Cappadociam
1033 2608 1252 2677 missus,
1289 2610 1563 2664 redeundi
1595 2615 1725 2665 ante
1756 2612 2010 2666 hiemem

379 2697 625 2768 spatium
673 2699 950 2755 haberet?
1006 2705 1234 2756 Fatetur
1272 2704 1675 2769 ,Tillemontius
1719 2706 1841 2759 haec
1895 2722 2008 2760 non

379 2792 543 2846 facile
572 2793 692 2847 fieri
716 2794 996 2864 potuisse;
1030 2796 1126 2850 sed
1155 2801 1346 2852 tamen
1375 2814 1489 2852 non
1521 2816 1842 2870 repugnare
1871 2816 2000 2853 con-

381 2886 586 2954 tendit,
622 2888 803 2958 posito
837 2889 1104 2944 videlicet
1142 2896 1444 2961 utramque
1485 2893 1834 2962 legationem
1866 2893 2007 2947 itum

375 2985 430 3034 et
470 2980 719 3034 reditum
766 2983 1126 3037 accelerasse.
1183 2988 1250 3040 At
1305 2985 1550 3039 vidimus
1601 2987 2008 3057 episcoporum

377 3074 471 3144 qui
491 3076 730 3129 Romam
758 3076 912 3130 missi
939 3083 1090 3148 sunt,
1110 3078 1416 3133 adventum
1445 3096 1560 3134 non
1580 3080 1738 3134 valde
1766 3081 2005 3135 celerem

373 3168 473 3221 sed
508 3169 693 3238 potius
725 3170 949 3225 tardum
989 3172 1305 3236 exstitisse;
1339 3173 1496 3244 quod
1526 3174 1757 3244 quidem
1799 3174 1841 3228 si
1875 3173 1998 3228 ani-

377 3262 1201 3332 madvertissetTillemontius,
1233 3267 1406 3320 credo
1428 3267 1591 3321 aliter
1613 3267 2004 3341 judicaturum

374 3354 567 3408 fuisse.
590 3357 891 3420 Przeterea,
921 3375 1051 3412 cum
1091 3360 1415 3429 Stephanus
1457 3361 1516 3414 in
1543 3362 1784 3432 Epistolu
1814 3363 1888 3415 ad
1908 3363 2006 3431 Cy-

371 3451 664 3518 prianum,
708 3467 835 3521 qua:
878 3458 1010 3506 ante
1057 3452 1355 3508 concilium
1409 3455 1640 3510 tertium
1688 3455 1858 3509 missa
1901 3462 2001 3524 est,

371 3541 736 3597 abstinendos
779 3550 940 3616 putet
982 3546 1430 3618 rebaptizantes,
1475 3549 1635 3603 valde
1683 3549 1882 3604 dubito
1932 3567 2004 3605 an

369 3635 476 3689 hoc
501 3636 800 3693 concilium
840 3639 1058 3710 legatos
1085 3642 1377 3713 episcopos
1418 3643 1698 3713 ejusmodi
1752 3643 2004 3714 periculo

373 3731 743 3801 exposuisset,
774 3738 834 3788 ut
866 3734 946 3787 eis
977 3736 1175 3789 Romae
1189 3737 1848 3809 communionegaretur.
1872 3739 2007 3792 Pro-

371 3824 615 3879 babilius
647 3843 786 3898 ergo
818 3833 901 3882 est
931 3828 1274 3899 legationem
1305 3835 1433 3901 post
1462 3831 1775 3886 secundum
1806 3832 2000 3886 conci-

372 3917 513 3972 lium
549 3919 776 3975 missam
803 3921 992 3977 fuisse.

442 4018 584 4072 lllud
631 4019 801 4074 etiam
846 4037 914 4075 ex
965 4022 1152 4076 verbis
1208 4023 1520 4078 Firmiliani
1568 4025 1767 4079 deduci
1797 4029 1999 4098 potest,

366 4111 614 4166 edictum
649 4112 840 4187 158
879 4115 1156 4186 Stephani
1197 4135 1310 4171 non
1366 4118 1599 4173 omnino
1643 4119 1700 4173 in
1730 4135 1849 4175 rem
1881 4121 1999 4175 col-

368 4204 547 4260 latum
596 4207 788 4262 fuisse.
838 4212 893 4262 l°
934 4211 1264 4266 Incredibile
1307 4217 1388 4266 est
1429 4212 1484 4265 in
1531 4218 1646 4266 tam
1676 4219 1864 4267 sancta
1905 4215 2001 4268 Ec-

368 4299 538 4354 clesia
587 4301 974 4371 commissum,
1026 4307 1086 4358 ut
1141 4306 1312 4376 legati
1357 4306 1602 4377 episcopi
1649 4313 1920 4378 negatum
1969 4325 2001 4362 a

367 4393 637 4447 fratribus
725 4395 1038 4466 hospitium
1108 4400 1256 4469 apud
1327 4399 1579 4454 inﬁdeles
1653 4406 1997 4472 qumrerent.

333 4473 427 4540 ¹20
476 4487 779 4560 Distinguit
827 4490 1186 4546 Firmiliauus
1233 4496 1447 4548 tectum
1492 4498 1548 4547 et
1606 4494 1916 4565 hospitium
1965 4513 1998 4549 a

2112 1956 2432 2026 explodant.
2477 1957 2598 2010 Non
2644 1955 2799 2010 enim
2848 1955 2938 2009 hic
2984 1959 3097 2008 tam
3138 1955 3314 2026 igitur
3358 1955 3428 2009 de
3477 1955 3744 2026 dogmate

2114 2066 2287 2120 quam
2343 2049 2412 2102 de
2459 2049 2743 2120 dogmatis
2795 2048 3138 2103 defendendi
3186 2048 3403 2103 ratione
3438 2067 3451 2104 :
3485 2065 3588 2102 nec
3619 2049 3742 2103 Ste-

2111 2143 2289 2214 phani
2326 2142 2642 2198 doctrinam
2692 2142 2974 2213 improbat
3010 2142 3321 2212 Dionysius,
3362 2143 3574 2214 quippe
3612 2158 3745 2196 cum

2111 2237 2263 2290 illam
2322 2237 2440 2307 ipse
2504 2241 2874 2308 sequeretur,
2937 2236 3036 2290 sed
3091 2237 3147 2290 in
3211 2253 3278 2290 eo
3333 2237 3631 2291 lenitatem
3688 2239 3747 2290 et

2110 2330 2285 2384 animi
2343 2330 2794 2385 moderationem
2853 2330 3109 2401 requirit.
3163 2332 3551 2401 Quapropter,
3611 2347 3744 2385 cum

2110 2425 2189 2478 ait
2235 2424 2558 2496 Dionysium
2607 2429 2662 2477 et
2705 2424 3093 2479 Philemonem
3137 2424 3426 2495 Stephano
3470 2424 3623 2494 prius
3650 2441 3739 2477 as-

2109 2518 2379 2586 sensisse,
2428 2517 2614 2588 deque
2665 2517 2872 2571 iisdem
2925 2517 3093 2572 rebus
3140 2517 3214 2572 ad
3266 2535 3324 2571 se
3379 2517 3668 2588 scripsisse
3725 2534 3739 2571 :

2110 2612 2166 2666 id
2211 2612 2386 2682 accipi
2442 2612 2607 2665 debet
2659 2612 2727 2665 de
2775 2612 2875 2664 hac
2929 2611 3204 2682 Stephani
3252 2611 3558 2677 sententia,
3620 2628 3739 2666 non

2110 2705 2651 2760 communicandum
2705 2721 2826 2758 esse
2866 2721 2996 2758 cum
3027 2706 3237 2759 Heleno
3277 2711 3331 2759 et
3383 2705 3738 2771 Firmiliano,

2110 2805 2166 2853 et
2215 2799 2340 2853 aliis
2373 2797 2884 2868 rebaptizantibus;
2918 2815 3045 2870 quae
3077 2799 3362 2869 praecipua
3387 2799 3495 2852 fuit
3537 2803 3593 2852 et
3622 2799 3742 2853 dis-

2111 2893 2431 2947 cordiarum
2487 2891 2649 2962 origo
2685 2934 2698 2960 ,
2746 2895 2802 2945 et
2849 2908 3116 2946 curarum
3169 2909 3233 2946 ac
3283 2892 3735 2947 sollicitudinum

2110 2981 2815 3052 Dionysiimateria.Quod
2846 2981 2891 3035 si
2923 2982 3198 3052 Stephani
3227 2983 3740 3053 agendirationem

2110 3076 2404 3148 Dionysius
2449 3080 2505 3130 et
2545 3075 2839 3130 Philemon
2901 3076 3136 3146 probare
3211 3076 3511 3148 aliquando
3557 3076 3736 3131 desie-

2109 3175 2260 3237 runt,
2309 3175 2427 3223 tum
2478 3169 2719 3223 maxime
2772 3169 3036 3224 videntur
3093 3169 3150 3223 id
3203 3169 3396 3224 fecisse
3445 3187 3572 3224 cum
3604 3187 3736 3225 eum

2107 3264 2178 3318 ad
2227 3269 2504 3318 extremas
2527 3263 2652 3316 illas
2699 3262 2997 3318 discordiae
3044 3263 3488 3335 signiﬁcationes
3545 3265 3740 3319 eti'erri

2105 3356 2416 3424 viderunt;
2475 3373 2578 3411 nec
2623 3356 2912 3411 immerito
2975 3373 3176 3412 eorum
3245 3357 3523 3428 sapientia
3585 3359 3739 3413 miti-

2108 3453 2306 3522 gatum
2356 3450 2748 3506 existimamus
2795 3451 3045 3505 edictum
3088 3451 3390 3522 Stephani,
3439 3452 3595 3523 quod
3663 3469 3739 3507 ne

2106 3544 2227 3616 ipse
2277 3543 2510 3615 quidem
2565 3543 2927 3599 Firmilianus
2988 3545 3060 3598 ad
3123 3545 3342 3600 exitum
3394 3546 3737 3618 perductum

2103 3638 2275 3693 fuisse
2319 3637 2472 3706 dicit,
2521 3644 2583 3692 ut
2623 3638 2824 3708 legatis
2867 3637 3147 3710 episcopis
3193 3645 3406 3694 tectum
3453 3644 3509 3694 et
3539 3641 3732 3712 hospi-

2107 3732 2250 3785 tium
2281 3723 2604 3802 negaretur.

2176 3827 2296 3880 lam
2339 3841 2471 3878 vero
2512 3824 2856 3880 Tillemontii
2900 3825 3212 3880 rationibus
3239 3842 3350 3880 non
3379 3826 3605 3883 difficile
3649 3831 3739 3882 est

2105 3919 2470 3990 respondere.
2518 3918 2830 3974 Verisimile
2879 3934 2999 3973 esse
3043 3935 3155 3973 non
3186 3924 3349 3991 putat
3387 3922 3740 3992 Stephanum

2103 4014 2173 4068 ad
2207 4013 2460 4084 primum
2483 4013 2700 4067 decreti
2726 4013 2971 4067 Africani
2993 4013 3257 4068 nuntium
3290 4019 3409 4069 tam
3431 4015 3739 4070 vehemen-

2102 4112 2188 4162 ter
2229 4107 2519 4161 exarsisse.
2557 4107 2662 4162 Sed
2693 4107 2812 4161 ιιωο
2853 4106 3172 4174 difﬁcultas,
3202 4125 3329 4179 qua:
3353 4109 3736 4179 Tillemontio,

2102 4201 2513 4256 dissensionem
2537 4201 2595 4254 in
2623 4201 2813 4257 Africa
2841 4200 3114 4272 incepisse
3135 4201 3497 4273 existimanti,
3527 4219 3740 4275 magna

2100 4294 2418 4363 videbatur,
2443 4311 2510 4348 ex
2543 4294 2632 4348 his
2657 4310 2785 4365 quae
2801 4295 2870 4348 de
2899 4294 3133 4349 Oriente
3163 4295 3408 4350 diximus
3429 4299 3734 4352 evanescit.

2099 4388 2356 4458 Necjam
2384 4389 2593 4441 mirum
2623 4387 2774 4442 estsi
2803 4387 3111 4459 Stephano,
3143 4389 3230 4442 his
3257 4405 3384 4460 qua:
3404 4389 3510 4460 ipsi
3540 4390 3588 4463 1
3607 4390 3736 4464 59

2098 4498 2230 4536 cum
2263 4480 2514 4537 Asiaticis
2550 4481 2986 4536 intercesserant
3035 4498 3308 4550 accenso,
3368 4499 3544 4538 novas
3579 4485 3738 4540 faces

366 4597 503 4652 pace
537 4586 593 4636 et
619 4585 1031 4640 communione
1064 4591 1120 4640 et
1156 4603 1415 4642 sermone
1442 4587 1707 4658 colloquii
1734 4605 1992 4644 commu-
2016 4578 2074 4650 D
2100 4575 2308 4630 ἀοῘοΓίδ
2336 4575 2594 4630 Africana
2627 4575 2852 4631 decreta
2875 4575 3269 4632 admoverunt-

364 4675 496 4730 uis:
539 4676 788 4732 declarat
835 4680 1126 4750 conceptis
1169 4681 1349 4736 verbis
1394 4681 1689 4753 episcopos
1737 4703 1762 4732 ‹‹
1795 4700 1896 4738 nec
1927 4685 2000 4738 ad

365 4786 688 4826 sermonem
737 4773 938 4828 saltem
981 4775 1246 4846 colloquii
1293 4776 1616 4830 communis
1661 4799 1686 4826 ››
1721 4777 1997 4832 admissos

363 4863 532 4919 fuisse
565 4885 575 4919 :
607 4866 761 4936 quod
788 4871 980 4921 autem
1009 4873 1226 4939 spectat
1248 4870 1319 4923 ad
1341 4873 1549 4924 tectum
1579 4876 1635 4924 et
1662 4871 1995 4942 hospitium,

365 4959 546 5012 minas
579 4963 798 5015 tantum
829 4968 883 5016 et
913 4962 1068 5033 jussa
1102 4964 1426 5033 exprobrat,
1477 4981 1593 5018 non
1626 4981 1746 5019 rem
1789 4965 1993 5036 ipsam,

365 5067 533 5121 quam
579 5057 772 5108 tamen
818 5071 931 5108 non
983 5055 1202 5111 videtur
1246 5057 1554 5112 omissurus
1585 5057 1754 5111 fuisse
1800 5059 1845 5112 si
1888 5060 1996 5114 hoc

364 5147 536 5201 etiam
578 5147 957 5203 humanitatis
995 5150 1180 5204 officio
1216 5151 1546 5206 caruissent.
1595 5156 1652 5208 3°
1681 5153 1994 5207 Verisimile

363 5238 449 5289 est
497 5236 554 5289 in
601 5237 846 5293 Ecclesia
891 5240 1174 5307 Romana,
1206 5257 1333 5311 qua:
1392 5242 1594 5295 sanctis
1653 5241 1996 5313 presbyteris

361 5325 709 5392 abundabat,
751 5327 970 5398 aliquos
1010 5330 1145 5383 tunc
1186 5330 1466 5385 exstitisse
1507 5331 1604 5402 qui
1648 5348 1706 5385 se
1749 5332 1992 5403 Stepha-

363 5431 500 5468 num
538 5414 688 5470 inter
714 5419 771 5470 et
814 5416 1159 5488 Cyprianum
1190 5419 1412 5474 medios
1441 5420 1903 5492 interponerent;
1930 5439 1993 5476 ac

359 5507 404 5561 si
454 5507 643 5562 minus
694 5509 1068 5582 impetrarent
1111 5529 1141 5566 a
1200 5513 1490 5586 Stephano
1548 5520 1610 5569 ut
1661 5516 1876 5587 legatos
1919 5517 1990 5571 ad

360 5602 826 5659 communionem
873 5608 931 5660 et
975 5606 1326 5679 colloquium
1376 5608 1734 5676 admitteret,
1790 5610 1993 5665 saltem

358 5710 490 5748 eum
519 5694 880 5754 deterrerent
904 5700 1210 5772 quominus
1253 5701 1499 5773 hospitio
1541 5719 1640 5757 eos
1673 5703 1860 5775 excipi
1887 5719 1986 5758 ve-

359 5787 523 5839 taret.
560 5786 751 5858 Neque
797 5788 949 5843 enim
985 5790 1195 5860 aptiori
1242 5794 1497 5862 tempore
1548 5792 1820 5846 collocare
1871 5809 1993 5864 pos-

358 5894 553 5935 sumus
599 5882 750 5954 quod
798 5883 878 5939 ait
911 5885 1206 5958 Dionysius
1233 5886 1403 5959 (apud
1433 5887 1635 5943 Euseb.
1688 5889 1858 5951 Hist,
1890 5887 1989 5943 lib.

2168 4669 2380 4734 Quaerit
2406 4669 2582 4725 etiam
2624 4669 3012 4724 Tillemontius
3042 4687 3144 4724 cur
3172 4671 3491 4742 Stephanus
3517 4673 3585 4729 ad
3619 4674 3732 4748 Cy-

2099 4770 2363 4839 prianum
2386 4769 2690 4839 scripserit,
2719 4768 2766 4822 si
2786 4769 3024 4839 legatos,
3054 4785 3155 4824 nec
3172 4770 3240 4824 ad
3258 4773 3731 4828 communionem

2101 4880 2204 4916 nec
2235 4862 2306 4916 ad
2333 4863 2673 4933 colloquium
2701 4861 2951 4917 admisit.
2987 4867 3055 4919 At
3096 4862 3331 4920 minime
3359 4873 3642 4937 repugnat
3673 4871 3740 4923 ut

2100 4956 2210 5011 duo
2239 4955 2320 5009 illi
2359 4972 2503 5026 quos
2535 4956 2781 5010 diximus
2809 4956 3121 5028 presbyteri
3152 4975 3184 5013 a
3230 4963 3427 5013 sancto
3461 4961 3736 5016 Pontiﬁce

2098 5050 2474 5121 impetrarent
2529 5056 2593 5105 ut
2635 5052 2838 5105 saltem
2896 5051 2965 5104 ad
2992 5053 3345 5123 Cyprianum
3412 5054 3734 5126 scriberet;

2097 5160 2434 5215 quanquam
2481 5143 2820 5214 Stephanus,
2862 5161 2990 5198 cum
3035 5145 3120 5200 his
3151 5147 3209 5200 in
3241 5147 3446 5202 litteris
3491 5147 3740 5220 rebapti-

2096 5240 2286 5288 zantes
2316 5233 2686 5288 abstinendos
2713 5237 2891 5304 putet,
2921 5251 3037 5289 non
3063 5237 3306 5290 multum
3330 5237 3557 5292 videtur
3575 5256 3608 5293 a
3634 5256 3739 5295 sua

2097 5327 2154 5382 in
2185 5328 2402 5398 legatos
2429 5327 2638 5398 agendi
2670 5328 2886 5383 ratione
2916 5328 3224 5384 discedere.

2165 5417 2306 5474 lllud
2337 5417 2519 5471 etiam-
2564 5417 2890 5487 argumenti
2933 5417 3055 5472 loco
3101 5419 3274 5474 sumit
3311 5420 3735 5493 Tillemontius,

2093 5511 2245 5583 quod
2288 5509 2601 5583 Cyprianus
2645 5509 2704 5564 in
2763 5511 3001 5566 concilio
3068 5513 3234 5568 tertio
3293 5514 3737 5588 Carthaginensi

2095 5605 2236 5659 nihil
2264 5604 2333 5660 de
2363 5603 2448 5658 his
2490 5604 2548 5658 in
2573 5604 2792 5676 legatos
2822 5603 3046 5676 injuriis
3076 5606 3281 5662 dixerit
3313 5625 3326 5663 :
3374 5609 3529 5666 unde
3549 5611 3730 5683 scrip-

2095 5704 2183 5753 tor
2228 5698 2587 5754 doctissimus
2635 5698 2922 5755 concludit
2968 5701 3318 5772 legationem
3367 5708 3495 5775 post
3544 5706 3736 5761 conci-

2094 5793 2236 5847 lium
2271 5793 2500 5848 tertium
2541 5794 2927 5849 collocandam
2961 5811 3100 5850 esse.
3148 5796 3259 5851 Sed
3291 5797 3400 5852 hoc
3430 5798 3730 5855 silentium

2094 5887 2334 5959 lenitati,
2367 5904 2495 5961 quae
2516 5904 2744 5944 summa
2775 5888 2885 5945 fuit
2914 5889 2973 5944 in
2999 5890 3304 5962 Cypriane,
3334 5891 3726 5951 tribuendum.
