4084 6208
268 200 341 254 im
1612 183 1761 251 VlTA
1800 196 1853 250 s.
1896 190 2230 253 CYPRIANI.

3492 204 3591 260 162

260 325 307 377 ln
336 321 525 377 litteris
550 324 741 375 autem
764 320 832 375 ad
866 319 1221 391 Pompeium,
1250 319 1309 373 in
1350 319 1555 391 quibus
1585 320 1854 391 Stephani
1882 334 1935 405 Α
1960 321 2325 391 epistolarum
2356 322 2411 377 in
2444 323 2650 394 quibus
2681 324 2749 379 de
2776 324 3128 396 baptizandis
3163 327 3443 382 haereticis
3475 329 3587 383 dis-

258 417 469 487 epistola
519 415 819 481 refellitur,
870 414 1147 469 nonnulla
1176 416 1230 469 S.
1278 414 1505 484 Martyri
1559 414 1756 467 durius
1800 416 1857 468 in

254 510 579 579 Stephanum
638 510 784 563 dicta
825 509 1172 576 exciderunt,
1228 524 1357 578 qum
1402 508 1454 560 in
1498 511 1651 561 tanta
1680 508 1858 561 animi

255 604 614 658 moderatione
669 606 1007 673 conceptum
1060 619 1127 655 ex
1173 601 1440 656 maximis
1494 602 1857 655 contumeliis

253 697 485 752 dolorem
538 698 811 752 indicant.
868 697 1024 751 Idem
1088 696 1334 767 probant
1395 696 1517 749 haec
1570 695 1742 749 verba
1791 712 1855 750 ex

251 792 473 861 Epistqu
522 792 597 845 ad
650 791 999 852 Jubaianum,
1043 806 1168 861 quae
1213 795 1343 843 ante
1390 789 1689 843 concilium
1740 796 1853 842 ter-

250 887 373 939 tium
425 902 487 939 ac
536 900 649 939 non
705 885 888 938 multo
941 890 1064 954 post
1106 882 1422 937 secundum
1472 882 1674 953 scripta
1729 886 1849 937 est:

248 1004 272 1027 ιι
305 982 407 1035 Cur
441 978 899 1048 praevaricatores
943 977 1215 1045 veritatis,
1261 1000 1287 1025 ››
1338 976 1525 1047 inquit
1571 978 1646 1046 (p.
1709 977 1852 1046 133),

247 1095 269 1121 u
306 1090 397 1126 cur
424 1072 743 1142 proditores
774 1071 1004 1124 unitatis
1034 1070 1422 1126 existimamur
1450 1070 1477 1123 ἰ)
1514 1092 1541 1117 ››

306 1176 659 1246 Legationem
702 1176 958 1246 proxime
1009 1179 1205 1230 secuta
1249 1178 1332 1229 est
1380 1176 1628 1244 Epistolu
1665 1175 1740 1228 ad
1765 1176 1857 1228 Ju—

247 1272 483 1324 baianum
516 1270 867 1340 episcopum.
914 1272 960 1323 Is
1005 1270 1366 1323 consuluerat
1410 1268 1756 1339 Cyprianum
1785 1268 1855 1322 de

244 1363 505 1434 baptismo
538 1362 607 1416 ab
639 1362 923 1417 haereticis
969 1362 1122 1429 dato,
1158 1361 1439 1432 simulque
1481 1361 1714 1414 miserat
1740 1361 1853 1431 epi-

249 1457 426 1509 stolam
480 1473 595 1510 non
648 1473 680 1511 a
732 1473 792 1510 se
842 1455 941 1511 sed
997 1456 1065 1509 ab
1117 1456 1227 1509 alio
1276 1455 1542 1525 scriptam
1588 1455 1856 1508 adversus

246 1551 565 1604 sententiam
602 1550 890 1621 Cypriani.
944 1549 1168 1603 Refellit
1217 1549 1365 1603 hanc
1418 1547 1719 1618 epistolam
1757 1550 1855 1619 Cy-

246 1644 477 1715 prianus,
502 1648 800 1698 etsummo
821 1643 1006 1697 studio
1035 1643 1248 1713 colligit
1272 1642 1550 1713 quidquid
1573 1642 1640 1695 ad
1671 1658 1854 1696 causae

244 1753 343 1790 suae
370 1737 767 1792 defensionem
806 1737 993 1791 valere
1041 1735 1425 1802 existimabat,
1459 1741 1681 1789 servata
1705 1752 1854 1789 sem-
1877 1707 1933 1778 B

243 1846 333 1901 per
357 1830 532 1884 animi
563 1830 957 1885 moderatione
985 1833 1043 1883 et
1067 1829 1365 1893 charitate,
1394 1846 1503 1899 qua
1546 1829 1688 1883 nihil
1718 1828 1856 1883 anti-

242 1924 390 1992 quius
446 1922 713 1977 habebat.
758 1922 926 1977 Mittit
972 1923 1141 1976 etiam
1196 1922 1474 1977 Jubaiano
1521 1923 1854 1992 exemplum

241 2018 472 2086 epistola:
514 2018 588 2071 ad
612 2017 881 2074 Numidas
920 2020 978 2071 et
1003 2017 1079 2070 ad
1110 2017 1388 2083 Quintum,
1418 2032 1482 2070 ac
1512 2016 1657 2069 forte
1685 2016 1854 2070 etiam

240 2111 501 2180 proxima:
536 2110 737 2182 synodi
766 2110 1012 2176 decreta,
1047 2109 1116 2163 de
1148 2127 1259 2180 qua
1287 2110 1363 2163 sic
1403 2109 1650 2181 loquitur
1682 2127 1694 2163 :
1731 2131 1757 2160 ‹‹
1794 2111 1858 2163 Et

237 2215 372 2253 nunc
430 2214 665 2270 quoque
720 2214 849 2252 cum
904 2198 963 2251 in
1013 2214 1190 2252 unum
1236 2199 1692 2253 convenissemus
1739 2204 1854 2253 tam

236 2292 531 2361 provincia:
559 2292 758 2348 Africae
799 2309 966 2363 quam
1015 2291 1297 2346 Numidiae
1341 2291 1589 2363 episcopi
1618 2308 1856 2346 numero

238 2388 587 2457 septuaginta
643 2390 700 2440 et
749 2402 919 2451 unus,
975 2384 1083 2439 hoc
1137 2384 1288 2439 idem
1339 2374 1526 2440 denuo
1572 2385 1857 2440 sententia

236 2486 418 2534 nostra
446 2480 802 2534 ﬁrmavimus
834 2502 860 2529 ››
893 2480 970 2549 (p.
1006 2482 1147 2548 120).
1178 2479 1251 2532 Ex
1280 2479 1487 2549 quibus
1527 2483 1684 2549 patet
1711 2479 1857 2533 hanc

235 2574 516 2643 epistolam
599 2590 711 2627 non
784 2573 961 2626 multo
1028 2576 1158 2642 post
1234 2573 1536 2627 concilium
1589 2572 1854 2642 scriptam

231 2666 410 2734 fuisse,
447 2667 549 2720 sed
580 2671 769 2721 tamen
802 2673 1101 2737 postquam
1130 2684 1162 2720 a
1194 2666 1478 2736 Stephano
1526 2666 1726 2721 litterae
1772 2683 1857 2720 ve-

235 2761 435 2815 nissent
472 2779 485 2814 :
518 2778 651 2814 nam
706 2761 763 2814 in
824 2761 1067 2830 Epistolu
1117 2760 1191 2814 ad
1231 2760 1565 2830 Stephanum
1624 2765 1859 2814 testatur

233 2856 537 2925 Cyprianus
584 2854 886 2908 nonnullos
930 2872 963 2908 a
1016 2871 1075 2908 se
1122 2853 1443 2922 dissentire,
1498 2876 1524 2903 ‹‹
1573 2854 1668 2908 sed
1706 2854 1858 2908 salvo

232 2942 368 2997 inter
398 2944 648 3015 collegas
675 2944 829 3014 pacis
870 2948 926 2998 et
954 2943 1271 2999 concordiae
1312 2944 1558 2999 vinculo.
1592 2963 1619 2996 »
1651 2944 1859 2999 Contra

231 3036 283 3090 in
313 3039 561 3107 Epistola
586 3039 661 3091 ad
685 3039 1017 3092 Jubairmum
1062 3038 1141 3091 ait
1176 3038 1255 3109 (p.
1300 3039 1419 3107 l29)
1452 3055 1464 3091 :
1499 3060 1525 3087 ‹‹
1564 3039 1677 3102 Cur
1708 3054 1854 3108 prae—

231 3132 562 3185 varicatores
587 3132 858 3197 veritatis,
890 3148 990 3185 cur
1019 3131 1342 3201 proditores
1383 3132 1614 3186 unitatis
1660 3131 1850 3186 existi-

232 3240 447 3278 mamur
481 3245 511 3277 ν
570 3225 643 3296 (p.
682 3225 824 3291 132).
869 3227 993 3279 Jam
1042 3231 1165 3279 tum
1215 3241 1351 3297 ergo
1397 3225 1755 3280 desiderabat
1796 3225 1853 3278 in

234 3317 566 3372 adversariis
618 3318 733 3372 suis
770 3319 923 3389 pacis
964 3323 1019 3373 et
1058 3318 1375 3373 concordiae
1420 3318 1674 3375 studium
1704 3320 1853 3390 quod

233 3412 475 3466 scribens
508 3412 581 3466 ad
610 3413 963 3482 Stephanum
996 3413 1343 3468 laudaverat.

290 3506 429 3559 Misit
481 3506 764 3561 Jubaiano
804 3506 959 3560 aliud
1004 3524 1231 3573 munus,
1292 3506 1550 3561 libellum
1608 3507 1673 3561 de
1721 3508 1853 3563 bono

227 3595 531 3661 Patientia,
564 3596 633 3649 de
663 3612 773 3666 quo
800 3596 881 3649 sic
907 3596 1161 3667 loquitur
1190 3598 1270 3666 (p.
1318 3595 1436 3664 137)
1480 3612 1492 3649 :
1530 3616 1556 3644 ι(
1588 3596 1854 3651 Servatur

230 3701 258 3738 a
286 3686 447 3739 nobis
483 3685 767 3755 patienter
794 3690 849 3739 et
878 3685 1085 3738 leniter
1112 3684 1357 3739 charitas
1395 3685 1593 3752 animi,
1628 3685 1853 3757 collegii

229 3773 425 3841 honor,
459 3775 750 3828 vinculum
781 3773 912 3829 ﬁdei
943 3775 1323 3844 etjconcordia
1351 3776 1668 3830 sacerdotii.
1688 3777 1855 3848 Prop-

232 3878 307 3926 ter
348 3874 458 3928 hoc
523 3872 694 3926 etiam
744 3872 995 3926 libellum
1037 3874 1103 3927 de
1150 3873 1284 3926 bono
1324 3876 1632 3941 Patientia,
1679 3891 1853 3945 quan-

230 3973 343 4025 tum
370 3972 561 4026 valuit
586 3973 779 4025 nostra
806 3970 1187 4038 mediocritas,
1216 3971 1585 4042 permittente
1609 3973 1853 4027 Domino

230 4074 279 4122 et
303 4070 644 4141 inspirante,
682 4068 1143 4140 conscripsimus,
1177 4085 1349 4140 quem
1391 4071 1460 4125 ad
1501 4076 1554 4125 te
1602 4088 1703 4142 pro
1734 4088 1855 4126 mu-

230 4174 315 4220 tua
367 4166 677 4222 dilectione
717 4167 1150 4221 transmisimus.
1192 4190 1220 4218 ››
1266 4169 1540 4224 Praeclare
1594 4169 1854 4224 observa-

227 4271 353 4319 runt
409 4265 626 4320 eruditi
674 4264 778 4319 viri
816 4270 937 4320 tam
980 4269 1355 4338 attemperate
1409 4268 1685 4339 scriptum
1736 4285 1855 4323 esse

230 4364 372 4420 hunc
389 4366 633 4432 librum,
660 4370 724 4419 ut
747 4366 1194 4419 controversiam
1230 4382 1358 4437 quae
1407 4372 1543 4420 tunc
1581 4366 1853 4432 fervebat,

226 4478 331 4516 non
386 4463 578 4533 magis
633 4462 889 4534 attigerit
940 4461 1129 4535 160
1188 4464 1518 4534 Cyprianus,
1582 4481 1754 4536 quam

228 4561 375 4615 nulla
432 4578 668 4632 prorsus
728 4562 1054 4616 exstitisset.
1100 4563 1225 4617 Non
1269 4564 1452 4616 multo
1504 4567 1631 4633 post
1680 4561 1856 4615 alium

227 4658 431 4713 librum
478 4660 542 4715 de
599 4661 719 4715 Zeto
762 4665 813 4714 et
844 4662 1033 4715 Livore
1077 4660 1298 4731 scripsit
1347 4660 1547 4715 eodem
1600 4660 1853 4715 consilio.

226 4756 472 4829 Uterque
500 4764 830 4814 recensetur
876 4776 907 4813 a
957 4759 1152 4814 Pontio
1179 4764 1309 4831 post
1343 4759 1552 4814 librum
1594 4760 1659 4813 de
1690 4761 1856 4831 Opere

226 4863 272 4908 et
298 4858 667 4926 Eleemosyna.

290 4954 435 5009 Cum
474 4955 681 5008 littera:
732 4954 1002 5027 Stephani
1041 4956 1101 5010 in
1153 4955 1401 5011 Africam
1440 4956 1675 5028 perlatas
1713 4956 1850 5011 fuis-

224 5060 361 5121 sent,
422 5054 726 5125 Pompeius
776 5054 1130 5110 Sabratensis
1185 5054 1500 5125 episcopus,
1562 5055 1737 5121 idem,
1793 5058 1857 5109 ut

225 5152 527 5206 verisimile
559 5157 663 5221 est,
694 5152 791 5224 qui
820 5152 1161 5207 ordinationi
1196 5152 1252 5207 S.
1300 5152 1552 5207 Cornelii
1583 5154 1856 5207 interfue-

224 5255 326 5315 rat,
357 5252 702 5321 siguiﬁcavit
726 5252 1007 5323 Cypriano
1034 5251 1301 5322 cupidum
1338 5268 1396 5305 se
1435 5267 1555 5307 esse
1603 5251 1857 5321 epistolas

226 5346 495 5419 Stephani
519 5349 799 5404 videndae.
826 5351 1034 5404 Morem
1061 5350 1113 5403 ei
1146 5351 1294 5421 gerit
1321 5350 1659 5422 Cyprianus,
1683 5356 1854 5420 atque

227 5447 364 5501 hanc
416 5448 709 5518 epistolam
759 5449 966 5503 refellit
1033 5449 1198 5520 paulo
1267 5451 1623 5517 commotior,
1705 5450 1853 5521 quod

228 5543 548 5617 Stephanus
608 5570 633 5594 ‹‹
684 5548 1007 5602 sacerdotes
1055 5548 1147 5601 Dei
1194 5546 1489 5602 veritatem
1535 5547 1741 5603 Christi
1801 5551 1859 5602 et

230 5642 488 5699 Ecclesiae
538 5645 811 5699 unitatem
867 5649 1089 5700 tuentes
1138 5645 1502 5700 abstinendos
1548 5666 1576 5695 »
1634 5650 1859 5717 putaret

240 5743 417 5817 {episL
454 5744 563 5814 74).
595 5744 774 5799 Simul
802 5744 1069 5816 Pompeio
1116 5744 1268 5799 misit
1312 5746 1575 5818 exempla
1615 5746 1856 5800 aliarum

1960 416 2238 466 seruerat.

2031 501 2199 554 Liber
2253 502 2318 556 de
2372 504 2647 571 Baptismo
2706 505 3092 571 haereticorum,
3156 506 3315 575 cujus
3392 514 3591 562 auctor

1961 595 2259 666 episcopus
2292 602 2430 663 erat,
2465 600 2522 649 ut
2559 597 2696 651 alias
2741 598 3127 668 probabimus,
3170 604 3288 653 tam
3337 601 3587 672 indignis

1959 689 2220 743 conviciis
2247 690 2593 760 Cyprianum
2642 691 2877 761 appetit,
2924 696 2985 745 ut
3023 693 3293 763 scriptum
3327 711 3445 748 esse
3475 713 3587 749 non

1960 783 2213 836 dubitem
2252 788 2381 853 post
2420 784 2558 838 illud
2595 789 2821 854 tempus
2860 801 2970 855 quo
3011 786 3327 856 Cyprianus
3369 788 3439 841 ad
3466 790 3586 843 Ste-

1957 872 2214 942 phanum
2270 872 2539 940 scribens,
2582 873 2649 926 iis
2696 890 2727 926 a
2778 874 2982 945 quibus
3033 874 3419 943 dissentiebat,
3476 895 3588 930 ser-

1958 968 2103 1017 vatae
2145 966 2435 1019 charitatis
2490 971 2545 1019 et
2585 968 2900 1021 concordia:
2952 968 3343 1023 testimonium
3380 970 3589 1025 tribue-

1956 1057 2075 1111 bat.

2030 1147 2251 1219 Scripta
2295 1148 2472 1202 etiam
2518 1149 2680 1219 epist.
2728 1152 2794 1202 75
2838 1150 2912 1203 ad
2957 1152 3235 1220 Magnum,
3285 1156 3579 1222 postquam

1958 1240 2355 1311 disputationis
2396 1249 2562 1297 aestus
2610 1243 2907 1297 nonnullos
2944 1261 3009 1297 ex
3040 1244 3303 1314 Cypriani
3336 1246 3592 1300 adversa-

1957 1330 2053 1383 riis
2086 1330 2141 1383 iu
2171 1332 2417 1385 convicia
2448 1338 2505 1386 et
2539 1333 2838 1387 maledicta
2864 1334 3209 1404 abripuerat.
3244 1336 3400 1399 Quod
3435 1336 3585 1389 enim

1957 1440 2053 1477 eos
2105 1444 2131 1471 «
2188 1425 2503 1495 pertinaces
2550 1436 2603 1480 et
2654 1428 2923 1481 indociles
2974 1450 3000 1477 ››
3058 1434 3252 1493 vocat;
3311 1430 3462 1500 quod
3511 1432 3591 1484 ait

1958 1517 2469 1587 «praevaricatores
2518 1519 2650 1573 ﬁdei
2707 1526 2876 1590 atque
2944 1521 3199 1575 Ecclesiae
3269 1522 3590 1592 proditores

1954 1610 2103 1664 intra
2130 1612 2249 1681 ipsa
2276 1618 2431 1682 septa
2471 1614 2726 1666 Ecclesiae
2767 1618 2965 1667 contra
3014 1615 3323 1669 Ecclesium
3364 1622 3587 1684 stare,»

1959 1704 2209 1758 declarat
2251 1706 2367 1759 haec
2424 1706 2599 1760 oratio
2654 1707 2801 1759 illius
2852 1708 3125 1775 dolorem,
3190 1708 3345 1780 quod
3409 1709 3591 1763 animi

1959 1797 2414 1852 moderationem
2469 1805 2524 1853 et
2582 1800 2814 1854 unitatis
2866 1801 3137 1871 studium,
3201 1804 3289 1856 cui
3345 1804 3589 1857 maxime

1958 1893 2280 1946 consultum
2337 1893 2583 1959 volebat,
2642 1893 2700 1947 in
2751 1894 3016 1947 omnibus
3084 1896 3424 1950 adversariis
3474 1914 3591 1951 non

1961 1986 2259 2055 reperiret.
2292 1986 2445 2041 Hanc
2470 1990 2661 2041 tamen
2695 1987 2990 2058 epistolam
3027 1990 3303 2043 Barouius
3349 1997 3403 2044 et
3433 1992 3591 2045 Pear-

1961 2078 2152 2131 sonius
2182 2078 2430 2149 primam
2460 2081 2720 2134 omnium
2754 2082 2821 2135 de
2860 2081 3143 2152 baptismo
3192 2083 3462 2154 scriptam
3491 2101 3588 2138 v0-

1958 2170 2103 2235 lunt,
2134 2171 2267 2240 quia
2315 2169 2373 2223 in
2425 2187 2493 2223 ea
2539 2170 2853 2241 Cyprianus
2900 2172 3114 2242 priores
3168 2174 3428 2243 epistolas
3472 2192 3587 2229 non

1959 2265 2394 2313 commemorat.
2427 2259 2537 2313 Sed
2566 2276 2635 2313 ne
2664 2260 2784 2313 haec
2812 2260 3043 2330 quidem
3075 2260 3308 2331 epistola
3342 2262 3398 2316 in
3438 2264 3586 2319 litte-

1960 2352 2035 2405 ris
2061 2353 2135 2406 ad
2161 2356 2424 2420 Quintum
2461 2358 2515 2407 et
2557 2355 2890 2408 Jubuianum
2926 2358 2983 2409 et
3028 2356 3161 2408 alios
3206 2363 3582 2412 memoratur.

1958 2448 2237 2500 Praeterea
2296 2447 2524 2501 videtur
2569 2449 2823 2518 Magnus,
2871 2455 2930 2501 ut
2966 2449 3226 2503 observat
3277 2451 3583 2505 Tillemon-

1959 2540 2087 2605 tius,
2122 2540 2337 2610 priores
2364 2542 2629 2611 epistolas
2662 2543 2931 2613 Cypriani
2958 2548 3117 2597 notas
3162 2547 3218 2597 et
3264 2551 3586 2615 perspectas

1959 2634 2222 2688 habuisse
2272 2653 2284 2689 :
2331 2636 2744 2689 assentiebatur
2787 2637 2942 2690 enim
2997 2638 3049 2690 ci
3096 2637 3153 2690 in
3198 2638 3481 2706 omnibus,
3525 2655 3588 2693 ac

1957 2745 2107 2782 unus
2134 2732 2355 2782 tantum
2404 2729 2552 2783 illius
2596 2730 2794 2783 animo
2838 2732 3134 2802 scrupulus
3184 2732 3482 2797 insidebat,
3510 2750 3583 2787 an

1958 2823 2108 2877 inter
2154 2826 2385 2877 caeteros
2416 2822 2711 2878 haereticos
2755 2824 2794 2877 ii
2831 2824 2929 2895 qui
2970 2841 3001 2878 a
3056 2826 3362 2879 Novatiano
3394 2827 3583 2881 venie-

1961 2916 2127 2983 bant,
2158 2915 2481 2987 baptizandi
2511 2923 2716 2972 essent.

2030 3009 2339 3073 Quaesierat
2376 3010 2548 3065 etiam
2593 3012 2824 3080 Magnus
2875 3012 3012 3082 quid
3056 3013 3335 3084 Cypriano
3367 3012 3436 3068 de
3476 3013 3583 3068 illis

1879 3079 1933 3153 Ο
1960 3104 2248 3158 videretur
2284 3105 2514 3176 «quiin
2556 3105 2889 3159 inﬁrmitate
2919 3109 2976 3160 et
3018 3107 3292 3178 languore
3339 3110 3583 3179 gratiam

1962 3198 2061 3251 Dei
2090 3204 2550 3269 consequuntur,
2597 3216 2669 3254 an
2698 3199 2938 3254 habendi
2978 3201 3091 3254 sint
3121 3202 3361 3272 legitimi
3390 3203 3580 3258 Chrisc
3662 3210 3663 3213 “

1959 3292 2115 3358 tiani,
2152 3314 2178 3342 »
2225 3308 2290 3346 eo
2333 3293 2489 3363 quod
2534 3310 2679 3363 aqua
2730 3294 2964 3347 salutari
3011 3311 3124 3349 non
3169 3296 3269 3350 loti
3304 3295 3437 3364 sint,
3489 3293 3585 3352 sed

1958 3386 2189 3457 perfusi.
2249 3386 2569 3456 Respondet
2622 3388 2934 3458 Cyprianus
2987 3389 3270 3459 ejusmodi
3325 3391 3585 3445 homines

1958 3479 2246 3551 legitimos
2288 3496 2405 3533 esse
2447 3481 2801 3549 christianos,
2856 3498 2919 3535 ac
2962 3482 3115 3552 parvi
3162 3482 3376 3538 referre
3430 3484 3586 3555 quod

1959 3577 2170 3648 perfusi
2211 3581 2307 3631 aut
2359 3578 2572 3649 aspersi
2610 3578 2840 3632 fuerint.
2892 3580 2981 3634 Sic
3036 3586 3229 3634 autem
3271 3598 3363 3635 eos
3409 3583 3587 3653 carpit

1959 3672 2055 3742 qui
2108 3672 2388 3743 baptisma
2448 3672 2849 3726 haereticorum
2894 3674 3155 3744 probant,
3201 3681 3257 3728 et
3301 3676 3583 3747 baptismo

1959 3766 2333 3820 ecclesiastico
2378 3767 2732 3836 majestatem
2776 3784 2933 3821 suam
2975 3774 3032 3822 et
3076 3770 3431 3824 sanctitatem
3485 3770 3582 3825 de-

1958 3860 2257 3929 rogabant,
2304 3866 2364 3913 ut
2415 3862 2720 3914 Romanam
2788 3863 3093 3915 Ecclesiam
3157 3880 3269 3917 non
3344 3864 3582 3919 obscure

1955 3953 2232 4023 designet,
2262 3954 2320 4008 in
2367 3970 2481 4025 qua
2522 3960 2718 4009 notum
2760 3958 2845 4009 est
2883 3956 3113 4011 clinicos
3148 3974 3179 4009 a
3211 3958 3359 4013 clero
3388 3960 3586 4013 exclu-

1955 4063 2047 4101 sos
2066 4047 2258 4101 fuisse.

1954 4160 2125 4214 XXXI.
2157 4190 2225 4200 —-
2254 4163 2329 4215 De
2353 4163 2575 4216 concilio
2619 4165 2774 4217 tertio
2818 4162 3251 4233 CarthaginenSi.
3298 4195 3366 4205 —
3413 4166 3586 4222 Mittit

2028 4240 2334 4311 Cyprianus
2370 4244 2737 4311 Rogatianum
2765 4244 3053 4297 diaconum
3081 4246 3152 4299 ad
3180 4246 3582 4303 Firmilianum.

2030 4352 2090 4361 —
2122 4325 2196 4376 De
2223 4324 2446 4393 epistola
2476 4325 2789 4377 Firmiliani
2816 4325 2889 4378 ad
2921 4326 3272 4395 Cyprianum.

1812 4426 1934 4522 4D
2030 4426 2411 4480 lmmoderata
2459 4427 2912 4480 adversariorum
2983 4429 3166 4483 studia
3207 4429 3585 4500 justissimam

1959 4520 2250 4573 metuendi
2283 4534 2510 4574 causam
2545 4522 2855 4576 attulerant
2880 4523 3158 4592 Cypriane
3188 4541 3261 4577 ne
3292 4526 3426 4595 quid
3456 4527 3581 4581 vul-

1955 4613 2105 4667 neris
2138 4614 2339 4667 unitati
2384 4614 2642 4668 Ecclesia:
2672 4614 3016 4669 inureretur.
3068 4618 3270 4686 Quare,
3317 4624 3381 4671 ut
3427 4621 3583 4674 tanto

1955 4708 2107 4762 malo
2135 4710 2411 4771 occurrat,
2444 4705 2490 4779 1
2510 4704 2623 4779 61
2669 4708 3027 4779 frequentius
3055 4726 3227 4780 quam
3258 4717 3427 4765 antea
3448 4728 3581 4766 con-

1955 4802 2149 4856 cilium
2186 4801 2353 4873 cogit,
2387 4807 2589 4856 etcum
2621 4801 2893 4872 episcopis
2924 4804 3213 4857 nonnullis
3254 4810 3581 4861 exterarum

1957 4897 2214 4967 gentium
2244 4895 2481 4950 consilia
2528 4895 2781 4949 fovendae
2822 4896 2969 4966 pacis
3000 4900 3057 4950 et
3085 4898 3317 4952 unitatis
3344 4900 3581 4969 conjun-

1959 4990 2057 5061 git.

2027 5085 2145 5147 Quo
2176 5086 2365 5138 autem
2413 5100 2564 5138 anno
2605 5084 2791 5139 habita
2822 5084 2895 5139 sit
2934 5084 3055 5140 haec
3101 5086 3353 5157 synodus
3398 5104 3586 5160 opera:

1956 5178 2206 5249 pretium
2252 5183 2333 5233 est
2378 5177 2687 5249 inquirere.
2732 5180 2867 5233 Tota
2912 5196 2997 5234 res
3051 5182 3260 5251 pendet
3299 5200 3363 5236 ex
3406 5188 3586 5239 morte

1957 5272 2229 5344 Stephani
2258 5289 2415 5343 papas
2447 5289 2459 5337 ;
2491 5290 2642 5340 nam,
2684 5290 2810 5326 cum
2850 5290 3017 5328 nemo
3060 5274 3283 5330 dubitet
3316 5278 3452 5348 quin
3497 5280 3586 5333 die

1958 5367 2199 5421 secunda
2240 5366 2479 5437 Augusti
2521 5366 2748 5436 obierit,
2806 5386 3029 5422 necesse
3058 5374 3141 5423 est
3187 5373 3247 5423 ut
3284 5372 3587 5427 concilium

1957 5460 2407 5530 Carthaginense
2460 5460 2713 5528 tertium,
2780 5462 2930 5533 quod
2984 5479 3051 5517 eo
3122 5464 3305 5517 adhuc
3366 5466 3587 5519 vivente

1961 5553 2224 5609 Kalendis
2273 5553 2619 5627 Septembris
2658 5556 2918 5611 habiturn
2969 5562 3070 5621 est,
3119 5575 3233 5612 uno
3275 5566 3404 5612 ante
3442 5560 3589 5613 illius

1960 5656 2204 5705 mortem
2252 5668 2406 5706 anno
2449 5650 2708 5704 habitum
2756 5653 2995 5707 dicatur.
3039 5653 3179 5707 Satis
3216 5657 3410 5706 autem
3442 5654 3589 5706 inter

1958 5761 2153 5799 omnes
2197 5746 2456 5803 convenit
2502 5745 2865 5817 Stephanum
2900 5744 3228 5802 ordinatum
3287 5747 3455 5801 fuisse
3499 5763 3595 5803 an-
