4084 6208
416 296 516 351 M3

1802 283 1958 348 VITA
1996 294 2050 348 S.
2084 288 2426 350 CYPlllANl.

3681 293 3783 353 164

414 436 488 474 no
540 421 666 490 253,
726 417 826 473 sed
880 417 980 472 alii
1011 416 1153 472 duos
1193 418 1414 471 tantum
1458 432 1637 471 annos
1681 416 1930 484 sedisse,
1987 423 2043 472 et
2065 418 2249 502 Ahus
2303 418 2377 473 ad
2430 418 2778 489 Stephanum
2835 436 2898 474 ac
2948 424 3139 491 postea
3199 421 3269 475 de
3344 420 3627 476 Africanis
3707 420 3779 475 ad

414 531 565 569 anno
591 517 692 569 255
739 515 1029 566 mortuum
1075 527 1197 565 esse
1247 511 1621 567 existimant:
1654 511 1748 565 alii
1802 516 2045 582 quatuor

416 608 470 662 ei
519 607 884 679 pontificatus
935 621 1116 660 annos
1171 604 1449 673 tribuunt,
1500 605 1737 676 ejusque
1797 611 2045 659 mortem

414 702 670 755 referunt
699 699 772 753 ad
807 715 1020 753 annum
1059 701 1182 752 257.
1226 698 1509 753 Posterior
1545 697 1841 765 sententia,
1874 714 2045 769 quam

415 792 801 849 Tillemontius
847 799 902 847 et
948 791 1281 847 Pearsonins
1322 791 1499 846 secuti
1538 797 1690 858 sunt,
1718 791 1955 846 solutior
1991 796 2045 846 et

416 886 748 959 explicatior
797 886 1035 941 videtur.
1077 887 1238 953 Nam,
1278 884 1322 938 si
1371 902 1523 940 mors
1566 884 1840 956 Stephani
1896 885 2046 939 refe-

415 988 577 1037 ratur
609 981 682 1035 ad
714 997 810 1035 an.
843 984 965 1049 255,
995 980 1300 1034 concilium
1332 979 1564 1034 tertium
1593 979 2045 1050 Carthaginense

414 1075 785 1130 referendum
815 1075 920 1130 erit
945 1075 1016 1131 ad
1044 1073 1326 1129 Kalendas
1353 1072 1705 1144 Septembris
1747 1073 1881 1126 anni
1918 1073 2042 1139 254,

415 1170 700 1240 simulque
750 1173 1094 1223 concurrent
1134 1167 1403 1238 Stephani
1446 1183 1578 1221 cum
1624 1166 1769 1220 Afris
1815 1170 1872 1220 et
1913 1182 2045 1221 cum

413 1260 797 1317 Orientalibus
823 1260 1297 1322 concertationes,
1343 1276 1483 1331 quas
1525 1260 1877 1332 temporibus
1910 1258 2048 1314 divi-

414 1372 502 1409 sas
532 1372 653 1410 esse
704 1355 1085 1427 probavimus.
1115 1356 1233 1409 Huc
1272 1353 1552 1408 accedunt
1592 1354 1879 1409 rationum
1921 1368 2043 1408 mo-

415 1453 630 1517 menta,
663 1449 866 1520 quibus
891 1448 1285 1503 Tillemontius
1306 1452 1362 1501 et
1386 1447 1717 1501 Pearsonius
1748 1447 2043 1515 nituntur;

414 1543 553 1597 illud
601 1541 899 1612 imprimis,
948 1540 1097 1612 quod
1153 1540 1510 1595 Firmilianus
1547 1539 1606 1595 in
1662 1540 1914 1611 Epistola
1972 1539 2043 1594 ad

414 1636 759 1707 Cyprianum
789 1637 1026 1690 testetur
1053 1655 1081 1683 «
1113 1639 1243 1689 ante
1274 1634 1471 1705 viginti
1511 1637 1570 1688 et
1609 1633 1748 1689 duos
1779 1635 1899 1689 fere
1942 1651 2046 1688 an-

415 1746 517 1783 nos
573 1728 923 1800 temporibus
990 1733 1115 1800 post
1179 1728 1561 1783 Alexandrum
1637 1727 2044 1799 imperatorem

2146 512 2379 583 Xystum
2444 512 2733 583 scripsisse
2789 513 3028 570 dicatur.
3082 515 3243 582 Nam,
3294 531 3425 569 cum
3482 514 3783 569 dissidium

2147 605 2420 676 Stephani
2446 623 2575 660 cum
2622 606 2998 662 Orientalibus
3035 625 3150 663 non
3190 609 3329 664 illud
3366 608 3598 681 quidem
3633 625 3785 663 com-

2145 699 2399 770 positum
2443 700 2658 767 fuisset,
2695 701 2792 755 sed
2840 705 3029 757 tamen
3071 701 3500 773 demitigatum,
3540 719 3607 757 ac
3660 702 3783 758 istis

2145 793 2618 848 consuetudinem
2650 811 2809 848 suam
2856 796 3080 865 pacitice
3128 796 3509 851 retinentibus
3539 795 3782 864 bellum,

2146 887 2211 935 ut
2241 882 2315 937 ita
2341 882 2546 951 dicam,
2577 883 2634 937 in
2664 883 2912 938 Africam
2943 887 3141 956 postea
3168 885 3506 939 translatum
3545 885 3779 955 fuisset;

2150 976 2386 1031 minime
2414 977 2620 1031 mirum
2661 978 2706 1031 si
2746 977 3047 1049 Dionysius
3096 996 3210 1033 non
3252 979 3498 1049 amplius
3536 980 3610 1034 ad
3653 980 3779 1036 Ste-

2148 1071 2405 1141 phanum
2448 1070 2691 1142 scripsit,
2738 1087 2841 1126 nec
2883 1077 3015 1126 ante
3064 1073 3318 1127 studium
3366 1090 3533 1127 suum
3574 1074 3782 1140 ad_res

2146 1164 2522 1235 pacificandas
2551 1165 2904 1220 exsuscitavit
2944 1181 3119 1237 quam
3165 1167 3236 1220 de
3291 1167 3460 1222 rebus
3492 1167 3780 1236 Afrorum,

2147 1257 2245 1328 qui
2294 1257 2444 1312 illius
2481 1274 2647 1330 Opem
2684 1258 2919 1314 fortasse
2956 1260 3134 1316 serius
3172 1261 3578 1333 implorarunt,
3618 1265 3779 1317 certo

2147 1352 2521 1421 cognovisset.

2219 1446 2451 1499 Exstant
2476 1449 2598 1499 acta
2640 1445 2812 1516 hujus
2852 1446 2997 1501 tertii
3029 1446 3251 1502 concilii
3289 1448 3777 1519 Carthaginensis,

2145 1538 2233 1593 cui
2295 1538 2599 1594 adfuerunt
2670 1556 2733 1594 ex
2799 1540 3086 1610 provincia
3143 1541 3347 1610 Africa,
3397 1543 3665 1597 Numidia
3724 1548 3782 1597 et

2146 1632 2481 1687 Mauritania
2528 1632 2774 1705 episcopi
2826 1650 3023 1702 Lxxxv,
3080 1635 3166 1690 vel
3217 1637 3388 1690 etiam
3444 1652 3684 1705 Lxxxvu,
3737 1635 3783 1691 si

2146 1728 2523 1781 numerentur
2566 1726 2679 1781 duo
2725 1727 3005 1795 absentes,
3072 1728 3374 1800 Pompeius
3424 1729 3783 1785 Sabratensis

415 1823 624 1877 multas
672 1797 940 1877 accidisse
989 1797 1340 1876 calamitates
1381 1838 1486 1892 per
1532 1797 1951 1893 Cappadociam
1989 1797 2122 1875 etB
2149 1825 2207 1876 et
2247 1820 2417 1891 Dioga
2454 1820 2967 1892 Leptimagnensis,
3001 1823 3099 1893 qui
3137 1797 3283 1877 vices
3325 1839 3458 1878 suas
3493 1823 3677 1877 Natali
3711 1824 3783 1878 ab

412 1934 518 1988 per
547 1918 811 1983 Pontum,
850 1918 914 1970 ut
968 1931 1033 1971 ex
1071 1915 1175 1969 hoc
1226 1915 1541 1986 persecutio
1584 1931 1818 1987 quoque
1862 1914 2051 1986 gravis

415 2009 716 2065 adversum
759 2026 860 2063 nos
898 2008 1204 2064 Christiani
1252 2007 1504 2064 nominis
1557 2008 1738 2063 fieret.
1770 2031 1797 2059 »
1831 2007 2045 2073 Quam-

413 2103 640 2172 obrem,
669 2119 800 2158 cum
849 2102 1167 2157 Alexander
1207 2108 1462 2157 mortuus
1511 2103 1582 2157 sit
1607 2118 1757 2157 anno
1787 2105 1911 2171 235,
1942 2119 2045 2156 an-

417 2214 525 2252 nus
551 2196 620 2251 ab
650 2195 772 2267 ejus
803 2199 982 2251 morte
1031 2194 1322 2250 vicesimus
1375 2196 1655 2250 secundus
1692 2195 1848 2250 idem
1892 2212 2053 2267 pror-

414 2307 507 2347 sus
536 2308 599 2345 ac
630 2293 753 2359 256,
788 2306 852 2345 ac
899 2290 1136 2361 proinde
1186 2289 1295 2344 hoc
1336 2289 1579 2344 maxime
1605 2306 1757 2344 anno
1798 2289 2051 2344 fervebat

415 2384 716 2441 dissidium
797 2382 867 2438 de
949 2382 1236 2455 baptismo
1287 2382 1662 2455 nondumque
1731 2382 2051 2454 Stephanus

415 2479 653 2533 obierat.
684 2481 745 2532 2°
778 2476 834 2533 Si
867 2480 1128 2531 mortuus
1160 2475 1351 2531 fuisset
1387 2477 1704 2547 Stephanus
1736 2493 1887 2531 anno
1920 2480 2044 2546 255,

418 2571 701 2644 quomodo
727 2569 1058 2643 Cyprianus,
1090 2569 1187 2640 qui
1233 2586 1384 2624 anno
1431 2573 1534 2626 258
1564 2570 1753 2625 Idibus
1784 2570 2044 2642 Septem-

414 2665 535 2720 bris
561 2664 735 2719 vitam
762 2680 862 2736 pro
887 2663 1104 2718 Christo
1146 2663 1412 2735 profudit,
1447 2664 1642 2718 tandiu
1685 2664 2048 2720 conticuisset

413 2760 475 2815 in
509 2776 568 2815 re
609 2758 751 2813 tanti
800 2757 1114 2812 momenti?
1169 2757 1319 2812 Nihil
1360 2758 1510 2812 enim
1554 2774 1655 2829 per
1687 2763 1873 2813 totum
1906 2758 2046 2813 illud

419 2857 646 2924 tempus
671 2850 944 2923 assignari
990 2854 1178 2922 posset
1216 2851 1367 2922 quod
1403 2851 1578 2906 ab‘eo
1607 2854 1706 2906 aut
1749 2852 1819 2905 ad
1861 2868 2044 2907 causa;

418 2963 536 3002 sum
588 2945 1011 3012 defensionem,
1069 2950 1166 2999 aut
1220 2944 1291 2999 ad
1345 2961 1540 3000 rerum
1590 2945 2045 3017 pacificationem

408 3040 621 3096 factum
649 3039 946 3094 diceretur.
979 3038 1114 3105 Sed,
1161 3037 1205 3093 si
1249 3037 1633 3093 controversia
1667 3038 1736 3093 de
1761 3037 2044 3110 baptismo

410 3134 481 3190 ad
507 3151 721 3189 annum
769 3136 872 3189 256
923 3133 1218 3198 referatur,
1267 3149 1380 3187 non
1431 3131 1593 3187 valde
1644 3131 1856 3187 mirum
1886 3133 2039 3187 vide-

405 3226 560 3284 bitur
600 3226 754 3299 quod
798 3226 1110 3299 Cyprianus
1154 3231 1279 3297 post
1318 3227 1551 3281 tertium
1591 3226 2041 3297 Carthaginense

406 3321 731 3388 concilium,
787 3325 915 3394 post
963 3319 1197 3392 scriptas
1250 3320 1325 3374 ad
1366 3321 1745 3375 Firmilianum
1797 3320 2038 3389 litteras,

405 3414 762 3481 conticuerit,
821 3413 955 3485 quia
997 3412 1332 3484 persecutio,
1376 3428 1504 3483 quae
1550 3429 1679 3467 cum
1722 3429 1875 3468 anno
1934 3416 2035 3468 257

401 3507 636 3578 incepit,
690 3506 779 3561 his
827 3506 994 3561 rebus
1038 3506 1321 3578 agitandis
1362 3506 1550 3561 locum
1593 3523 1705 3560 non
1754 3506 2038 3579 relinque-

400 3601 521 3657 bat.
580 3604 642 3656 3°
699 3600 956 3655 Pluribus
997 3600 1351 3672 argumentis
1402 3601 1598 3672 probat
1643 3601 2039 3657 Tillemontius

401 3696 459 3753 S.
510 3695 865 3766 Stephanum
904 3700 1216 3765 martyrem
1264 3694 1501 3761 obiisse;
1561 3701 1618 3749 et
1666 3711 1797 3750 cum
1840 3712 2033 3766 perse-

375 3788 554 3845 'cutio
608 3806 721 3844 non
763 3788 1036 3844 exarserit
1079 3788 1184 3843 nisi
1231 3805 1381 3843 anno
1425 3791 1547 3858 257,
1580 3788 1708 3843 inde
1747 3789 2041 3844 concludit

398 3882 575 3939 sancti
616 3882 765 3937 illius
806 3884 973 3952 Papa:
1004 3888 1246 3937 mortem
1290 3882 1360 3937 ad
1404 3899 1660 3937 mensem
1710 3886 2032 3953 Augustum

399 3976 661 4049 ejusdem
691 3976 827 4031 anni
870 3976 1229 4031 referendam
1262 3993 1404 4043 esse,
1444 3993 1507 4030 ac
1548 3976 1789 4048 proinde
1836 3976 2033 4030 conci-

397 4069 540 4127 lium
569 4071 1019 4143 Carthaginense
1045 4071 1297 4138 tertium,
1320 4069 1471 4141 quod
1495 4086 1562 4124 eo
1594 4069 1782 4125 adhuc
1808 4069 2032 4124 vivente

399 4166 748 4222 celebratum
779 4171 881 4231 est,
915 4168 975 4218 et
998 4164 1220 4219 litteras
1241 4164 1509 4234 Cypriani
1527 4164 1602 4218 ad
1626 4164 2032 4231 Firmilianum,

400 4275 527 4332 quae
560 4259 776 4332 pariter
803 4258 907 4313 sub
935 4257 1041 4312 hoc
1075 4256 1341 4313 Pontifice
1375 4256 1597 4329 scriptae
1637 4263 1787 4326 sunt,
1816 4257 1889 4312 ad
1938 4273 2035 4313 an-

399 4370 541 4409 num
567 4356 672 4408 256
702 4352 1016 4423 pertinere.

470 4447 776 4518 Praacipute
829 4444 1190 4500 difficultates
1238 4462 1365 4517 quae
1403 4445 1546 4500 hanc
1588 4444 1934 4500 Tillemontii
1976 4449 2034 4501 et

2149 1913 2265 1969 Oea
2290 1914 2712 1969 commiserant.
2742 1914 2884 1969 Cum
2912 1930 3051 1987 ergo
3082 1916 3140 1969 in
3180 1932 3359 1970 unum
3387 1918 3785 1971 convenissent

2152 2006 2417 2062 Kalendis
2462 2006 2807 2077 Septembris
2849 2024 2980 2063 cum
3026 2009 3369 2080 presbyteris
3410 2015 3467 2064 et
3504 2009 3780 2080 diaconis,

2149 2107 2430 2173 praesente
2475 2101 2648 2155 etiam
2710 2101 2891 2172 plebis
2944 2102 3189 2157 maxima
3233 2105 3414 2174 parte,
3443 2103 3603 2158 lectas
3647 2107 3785 2158 sunt

2148 2194 2350 2249 litterae
2387 2194 2642 2249 Jubaiani
2682 2195 2756 2249 ad
2794 2194 3159 2267 Cyprianum,
3202 2196 3340 2250 item
3377 2196 3647 2268 Cypriani
3706 2197 3781 2252 ad

2146 2287 2485 2343 Jubaianum
2515 2294 2571 2342 et
2598 2304 2740 2359 quas
2769 2289 3133 2360 postmodum
3163 2289 3445 2361 Cypriano
3468 2288 3781 2344 Jubaianus

2147 2382 2530 2453 rescripserat.
2567 2383 2708 2465 lium
2742 2383 3060 2453 Cyprianus
3096 2383 3356 2438 hortatus
3398 2388 3483 2438 est
3536 2388 3597 2438 ut
3645 2401 3776 2439 sen-

2146 2474 2383 2529 tentiam
2438 2476 2613 2531 libere
2667 2492 2732 2531 ac
2786 2476 3014 2547 pacifice
3063 2476 3348 2546 dicerent,
3396 2497 3425 2527 ‹‹
3474 2476 3778 2532 neminem

2140 2569 2482 2639 judicantes,
2534 2575 2636 2624 aut
2683 2586 2715 2623 a
2756 2569 2887 2640 jure
2938 2571 3356 2626 communionis
3395 2570 3666 2642 aliquem,
3729 2572 3779 2626 si

2146 2662 2430 2717 diversum
2483 2662 2741 2732 senserit,
2785 2669 3136 2719 amoventes.
3188 2664 3380 2735 Neque
3432 2664 3587 2718 enim
3627 2665 3780 2737 quis-

2146 2773 2315 2825 quam
2353 2759 2634 2823 nostrum,
2686 2757 2890 2826 aiebat,
2932 2758 3258 2829 episcopum
3295 2774 3353 2813 se
3390 2774 3514 2812 esse
3556 2759 3774 2830 episco-

2147 2866 2349 2922 porum
2399 2852 2710 2920 constituit,
2748 2857 2847 2906 aut
2888 2852 3182 2923 tyrannica
3221 2857 3442 2907 terrore
3491 2852 3563 2906 ad
3613 2853 3774 2908 obse-

2146 2945 2358 3015 quendi
2391 2945 2784 3001 necessitatem
2812 2946 3059 3017 collegas
3086 2961 3218 3001 suos
3246 2945 3429 3017 adigit
3458 2964 3470 3000 :
3505 2967 3531 2995 »
3566 2946 3777 3018 quibus

2142 3039 2327 3093 verbis
2356 3039 2708 3110 Stephanum
2756 3038 2937 3095 notari
2981 3040 3242 3095 observat
3279 3040 3567 3095 Baronius.
3614 3040 3777 3095 ldem

2144 3149 2346 3188 omnes
2377 3149 2488 3187 uno
2515 3149 2612 3188 ore
2658 3134 3116 3204 pronuntiarunt,
3148 3151 3213 3189 ac
3252 3133 3485 3189 ultimus
3510 3136 3775 3189 omnium

2141 3226 2455 3298 Cyprianus
2478 3227 2814 3281 sententiam
2852 3241 3013 3281 suam
3060 3226 3120 3281 in
3159 3229 3409 3297 Epistula
3449 3230 3523 3282 ad
3549 3229 3776 3284 Jubaiu-

2138 3336 2267 3375 num
2296 3320 2621 3391 plenissime
2650 3336 2978 3391 expressam
3010 3320 3177 3375 fuisse
3204 3320 3531 3376 declaravit.

2210 3413 2523 3469 Stabilitam
2563 3414 2666 3468 hoc
2700 3414 2934 3469 consilio
2969 3413 3120 3468 inter
3156 3415 3321 3469 Afros
3359 3415 3640 3470 unitatem
3677 3432 3774 3469 no-

2139 3507 2222 3562 vis
2248 3506 2527 3579 prtesidiis
2570 3507 2925 3562 communire
2971 3506 3165 3561 statuit
3205 3508 3542 3579 Cyprianus.
3584 3510 3777 3581 Roga-

2139 3601 2354 3656 tianum
2405 3601 2704 3655 diaconum
2766 3601 2917 3655 misit
2959 3618 3091 3655 cum
3138 3601 3339 3656 litteris
3384 3601 3452 3656 ad
3503 3601 3777 3657 Firmilia-

2140 3713 2300 3763 num,
2352 3695 2557 3767 quibus
2608 3712 2738 3750 eum
2795 3694 2866 3750 de
2915 3694 3262 3750 dissensione
3304 3713 3434 3751 cum
3485 3697 3776 3768 Stephano

2137 3790 2435 3845 certiorem
2472 3788 2728 3844 faciebat.
2767 3790 2998 3845 Videtur
3037 3791 3211 3844 etiam
3255 3790 3471 3845 misisse
3517 3807 3642 3862 quae
3704 3790 3777 3847 de

2135 3882 2414 3954 baptismo
2468 3883 2862 3938 hrereticorum
2910 3883 2981 3937 ad
3031 3884 3173 3939 alios
3226 3885 3567 3955 scripserat;
3632 3900 3772 3940 nam

2135 3976 2496 4033 Firmilianus
2568 3977 2757 4032 laudat
2836 3977 2986 4032 illius
3063 3978 3329 4033 adversus
3405 3979 3767 4050 Stephanum

2134 4088 2423 4142 responsa,
2473 4088 2537 4126 ac
2580 4072 2851 4127 nonnulla
2899 4072 3223 4144 refertque
3279 4072 3338 4126 in
3394 4074 3637 4143 Epistula
3691 4074 3772 4128 ad

2132 4166 2464 4221 Iubaianum
2516 4165 2809 4236 leguntur.
2867 4167 3139 4237 Pergrata
3183 4166 3512 4222 acciderunt
3564 4167 3770 4222 Firmi-

2132 4254 2284 4311 liano
2332 4239 2539 4326 scripta
2580 4254 2867 4327 Cypriani,
2895 4271 3021 4327 quae
3066 4254 3297 4327 quidem
3343 4273 3401 4310 se
3451 4258 3610 4329 quasi
3668 4274 3773 4312 sua

2132 4348 2368 4421 propria
2417 4348 2727 4420 suscepisse
2782 4354 3051 4417 testatur,
3120 4366 3227 4404 nec
3300 4349 3359 4405 in
3439 4357 3770 4407 transcursu

2131 4442 2359 4513 legisse,
2389 4441 2490 4497 sed
2521 4458 2672 4514 saepe
2720 4441 2971 4523 repetita.
2996 4443 3287 4499 memoriae
3337 4445 3652 4500 mandasse.
3677 4445 3774 4501 Sic

396 4540 684 4599 Pearsonii
726 4538 1071 4595 sententiam
1116 4538 1507 4607 obstruebant,
1564 4539 1701 4594 solvi
1748 4556 1913 4610 posse
1954 4538 2329 4612 vi-Dautem
2377 4536 2687 4607 respondet
2731 4537 3034 4607 Cypriane,
3066 4540 3130 4591 ut
3166 4554 3296 4609 qua:
3334 4538 3406 4592 ab
3444 4538 3568 4609 ipso
3617 4539 3772 4595 dicta

397 4632 606 4687 dentur
632 4646 698 4685 ex
729 4629 816 4684 his
856 4645 985 4700 quae
1022 4627 1196 4684 modo
1236 4628 1657 4684 observavimus
1703 4629 1772 4684 de
1809 4628 2030 4684 dissen-

398 4725 557 4782 sione
589 4724 770 4779 serius
798 4723 853 4778 in
883 4723 1071 4778 Africa
1099 4740 1267 4795 quam
1312 4724 1368 4777 in
1413 4723 1642 4778 Oriente
1671 4728 1888 4778 exorta.
1921 4723 2034 4778 Hac

396 4820 549 4876 enim
584 4824 782 4875 notata
811 4816 1199 4884 distinctione,
1228 4816 1367 4871 nihil
1411 4817 1533 4888 jam
1580 4816 1757 4871 ofﬁcit
1782 4817 2028 4872 auctori-

394 4918 482 4969 tas
538 4912 782 4981 Eusebii,
857 4928 958 4965 nec
1009 4927 1235 4967 necesse
1297 4915 1379 4965 est
1455 4912 1721 4966 accurato
1771 4910 2031 4982 scriptori

393 5022 618 5062 nmvnm
658 5004 973 5061 absurdum
1024 5005 1320 5075 attingere.
1369 5004 1600 5059 Fatetur
1639 5005 2031 5059 Tillemontius

392 5116 509 5156 non
568 5100 733 5155 facile
794 5098 1058 5169 eXplicari
1111 5095 1303 5170 162
1354 5114 1519 5169 posse
1576 5115 1679 5153 cur
1736 5098 2031 5169 Dionysius

392 5193 829 5261 Alexandrinus,
870 5192 915 5246 si
947 5192 1146 5263 Xystus
1174 5208 1245 5245 ne
1278 5197 1395 5246 toto
1423 5191 1657 5262 quidem
1690 5207 1843 5247 anno
1877 5208 2026 5264 prte-

392 5287 522 5356 fuit,
567 5293 682 5343 tres
739 5294 937 5342 tamen
988 5285 1056 5341 ad
1106 5301 1238 5341 eum
1296 5284 1516 5340 litteras
1563 5285 1803 5356 dederit,
1855 5286 2029 5358 idque

394 5380 808 5454 persecutionis
836 5386 893 5435 et
935 5378 1117 5435 exsilii
1163 5378 1439 5434 molestiis
1477 5378 1762 5449 detentus,
1793 5396 1924 5435 cum
1958 5381 2028 5435 ad

392 5475 753 5548 Stephanum
809 5474 959 5529 illius
1000 5474 1395 5542 decessorem,
1446 5472 1551 5527 sub
1607 5489 1720 5544 quo
1778 5474 2030 5529 acriores

390 5577 552 5628 erant
579 5570 893 5635 discordiae,
926 5569 1101 5624 semel
1126 5573 1349 5623 tantum
1382 5567 1714 5639 scripsisset.
1761 5568 1888 5624 Haec
1915 5568 2025 5623 dif-

391 5666 631 5730 ficultas,
663 5681 793 5738 quas
846 5663 1036 5735 prima
1070 5662 1259 5734 specie
1297 5662 1364 5717 de
1407 5661 1680 5734 Stephani
1716 5662 1882 5716 annis
1921 5661 2024 5716 ali-

395 5761 532 5834 quid
575 5760 922 5816 demendum
962 5764 1019 5813 ct
1058 5759 1225 5827 Xysto
1265 5756 1588 5811 addendum
1646 5755 1867 5821 suadet,
1911 5771 2023 5810 non

391 5854 969 5915 leviterimminuitur
996 5852 1039 5908 si
1073 5852 1372 5925 Dionysius
1402 5849 1471 5906 de
1521 5850 1688 5905 rebus
1732 5848 2028 5904 Orientali-

2131 4630 2385 4699 fuerant,
2441 4633 2659 4685 retexat
2710 4629 2784 4685 ad
2832 4632 3281 4687 confirmandam
3335 4632 3655 4700 veritatem,
3710 4638 3774 4689 et

2134 4723 2402 4795 quaedam
2433 4723 2602 4778 addat
2645 4722 2717 4779 ad
2766 4724 3167 4780 cumulandam
3205 4725 3624 4797 probationem.
3660 4726 3770 4783 Sed

2132 4818 2343 4888 raptim
2380 4818 2646 4874 scribenti
2694 4819 2873 4873 multa
2923 4818 2983 4873 in
3034 4819 3386 4890 Stephanum
3442 4820 3771 4877 iracundius

2132 4911 2280 4966 dicta
2317 4912 2668 4980 exciderunt,
2726 4929 2851 4983 quae
2898 4912 3131 4968 fortasse
3178 4930 3280 4984 pro
3329 4913 3537 4970 eximia
3583 4915 3771 4971 animi

2132 5006 2521 5061 moderatione
2558 5006 2916 5061 ["irmilianus
2955 5006 3334 5074 emendasset,
3370 5008 3477 5063 nisi
3513 5009 3769 5081 spatium

2130 5100 2478 5171 relegendus,
2511 5106 2570 5154 ut
2598 5117 2700 5172 par
2739 5104 2880 5168 erat,
2908 5101 3162 5171 epistolae
3205 5103 3553 5173 Itogatianus
3588 5120 3770 5159 more:

2130 5194 2438 5265 impatiens
2489 5193 2808 5266 eripuisset.
2855 5195 2978 5249 Haec
3022 5200 3214 5250 autem
3281 5196 3594 5251 Firmiliani
3651 5197 3771 5270 epi-

2130 5288 2290 5355 stola,
2330 5303 2458 5358 quae
2508 5288 2706 5341 Latine
2756 5287 2980 5343 reddita
3026 5291 3214 5343 exstat
3264 5289 3416 5345 inter
3464 5290 3766 5361 Cypriani-

2129 5397 2219 5435 cas
2245 5384 2336 5448 75,
2365 5382 2443 5435 sic
2486 5382 2750 5453 Cypriani
3023 5383 3231 5454 stylum
3278 5384 3513 5453 redolet,
3548 5388 3607 5439 ut
3647 5401 3769 5440 non

2129 5474 2304 5529 alium
2329 5474 2706 5545 interpretem
2734 5475 2998 5532 habuisse
3027 5475 3304 5532 videatur.

2198 5568 2369 5623 Fidus
2414 5568 2700 5640 interpres
2752 5585 2950 5640 grzecaa
3001 5570 3216 5642 linguas
3270 5571 3566 5643 ingenium
3615 5590 3763 5629 non-

2128 5662 2296 5716 nullis
2322 5662 2381 5716 in
2408 5661 2544 5717 locis
2588 5663 2841 5719 retinuit.
2879 5665 3049 5720 Paulo
3081 5668 3207 5736 post
3231 5665 3454 5720 initium
3484 5668 3564 5738 (p.
3598 5663 3762 5739 143):

2129 5775 2156 5805 ‹‹
2196 5755 2622 5813 Contristantur
2676 5757 2919 5829 (Angeli)
2979 5757 3209 5831 quando
3275 5759 3466 5815 vident
3515 5762 3765 5818 diversas

2128 5851 2503 5923 quorumdam
2533 5856 2756 5908 mentes
2781 5857 2837 5908 et
2865 5854 3060 5909 scissas
3091 5847 3428 5925 voluntates,
3452 5857 3612 5930 quasi
3644 5873 3761 5918 non
