4104 6192
288 264 363 320 Idi»
1628 250 1773 309 VITA
1814 254 1869 308 S.
1912 252 2247 307 CYPRIANI.

3500 262 3597 317 l66

278 393 463 442 tantum
508 400 677 437 unum
728 387 785 436 et
824 380 1087 435 eumdem
1134 382 1309 435 Deum
1360 379 1528 433 simul
1577 377 2128 461 invocent,AForte
2194 377 2543 448 persecutio,
2597 396 2725 451 quae
2790 382 2984 452 paucis
3052 388 3241 453 postea
3310 385 3601 442 mensibus

276 480 351 533 sed
382 478 634 549 separatis
666 480 723 529 et
751 475 941 529 divisis
966 474 1035 528 ab
1074 474 1311 527 invicem
1343 489 1444 527 nec
1476 472 1857 525 confabulatio

267 576 362 644 jam
390 572 550 643 possit
579 587 697 624 esse
724 576 821 623 aut
848 585 1037 623 sermo
1065 568 1409 634 communis,
1436 588 1462 615 ››
1484 566 1542 619 id
1570 572 1673 633 est,
1696 566 1857 637 quasi

273 685 363 721 non
406 671 619 719 tantum
667 681 846 718 unum
895 669 950 717 et
991 663 1253 717 eumdem
1309 662 1485 714 Deum
1533 662 1699 714 simul
1746 677 1857 713 non

272 763 543 823 invocent;
610 775 737 829 quae
805 763 1088 828 postrema
1149 755 1377 826 negatio
1442 770 1859 825 nonnunquam

268 854 513 907 omittitur
557 852 705 923 apud
752 850 997 917 Latinos,
1029 850 1125 903 sed
1175 849 1382 917 sapius
1422 848 1573 919 apud
1620 849 1856 902 Graecos.

265 950 394 1017 (Pag.
449 949 614 1013 £45):
673 968 699 993 ‹‹
740 946 852 999 Nisi
898 944 943 998 si
994 944 1079 997 his
1133 942 1410 1013 episcopis
1456 942 1662 1013 quibus
1712 958 1863 996 nunc

267 1044 427 1095 minor
474 1041 579 1094 fuit
621 1040 851 1105 Paulus;
895 1061 923 1088 »
971 1038 1276 1108 legendum
1325 1036 1542 1107 putavit
1584 1036 1863 1090 Pamelius

270 1159 289 1181 α
315 1135 374 1189 de
400 1134 600 1204 quibus
628 1150 805 1187 nunc:
830 1155 857 1182 »
889 1132 984 1187 sed
1004 1132 1338 1186 manifestus
1366 1134 1449 1184 est
1469 1130 1860 1195 hellenismus,

264 1237 415 1290 τούτοις
469 1234 745 1290 ἐπισκόποις
815 1238 915 1289 τοῖς
975 1232 1058 1281 νῦν
1125 1248 1151 1274 (ι
1209 1225 1298 1279 his
1369 1224 1650 1295 episcopis
1710 1240 1863 1277 nunc

266 1322 624 1377 existentibus.
656 1344 682 1370 ››
722 1321 957 1375 Facilius
998 1320 1372 1375 hellenismus
1414 1318 1865 1389 deprehenditur

269 1418 315 1469 in
339 1417 415 1469 his
440 1416 616 1469 verbis
650 1420 721 1486 (p.
752 1415 873 1483 147)
908 1432 921 1468 :
957 1438 983 1463 ‹‹
1014 1416 1169 1468 Idem
1206 1430 1363 1468 error
1403 1416 1506 1477 est,
1538 1412 1860 1466 daemonum

268 1510 458 1564 fallacia
483 1510 600 1580 ipsa
626 1515 729 1574 est,
768 1532 795 1558 »
826 1509 881 1561 id
908 1514 993 1563 est
1022 1507 1244 1562 eadem.

327 1605 510 1657 Narrat
558 1602 925 1657 Firmilianus
966 1603 1043 1673 (p.
1090 1601 1233 1669 146),
1278 1601 1573 1655 historiam
1612 1599 1865 1654 mulieris

272 1713 298 1751 α
336 1698 575 1750 daemone
627 1696 859 1761 afflatze,
900 1712 1028 1766 qua:
1070 1717 1097 1744 ‹‹
1154 1695 1322 1749 etiam
1371 1695 1477 1748 hoc
1532 1694 1866 1764 frequenter

1964 472 2318 541 supervenit,
2352 473 2573 525 animos
2607 491 2638 527 a
2684 475 3005 529 domesticis
3038 477 3492 533 contentionibus
3529 482 3597 535 ad

1960 564 2252 635 religionis
2290 566 2680 620 defensionem
2723 569 3008 637 avocavit;
3056 572 3152 624 sed
3193 589 3303 626 non
3352 574 3457 627 alia
3504 592 3597 627 res

1965 659 2281 727 periculum
2335 660 2651 714 schismatis
2700 662 2770 715 ab
2828 664 3069 717 Ecclesia
3124 666 3367 735 repulit,
3425 685 3596 738 quam

1962 752 2199 806 unitatis
2240 769 2404 806 amor
2450 770 2513 807 ex
2565 758 2804 825 utraque
2850 760 3007 827 parte
3048 758 3351 828 impressus
3397 762 3599 815 animis

1963 849 2019 897 et
2046 847 2380 917 insculptas.
2407 847 2716 901 Videbatur
2759 849 2867 902 sibi
2916 855 3153 921 utraque
3201 869 3332 923 pars
3362 857 3600 910 maximi

1964 941 2245 994 momenti
2300 942 2637 995 sententiam
2692 942 3018 997 defendere.
3076 945 3197 999 Non
3247 948 3602 1016 ignorabant

1965 1034 2229 1103 Cypriani
2291 1034 2597 1087 adversarii
2663 1052 2889 1105 gravem
2940 1037 3206 1107 iujuriam
3262 1056 3289 1091 a
3356 1041 3598 1113 rebapti-

1966 1127 2226 1180 zantibus
2258 1127 2380 1180 fieri
2428 1131 2484 1181 et
2526 1129 2731 1183 Christi
2777 1132 3144 1185 sacramentis
3176 1136 3233 1186 et
3276 1135 3598 1204 apostolica:

1964 1220 2252 1273 traditioni
2299 1226 2354 1274 et
2402 1225 2483 1274 tot
2528 1222 2777 1276 ecclesiis
2821 1240 2967 1294 quae,
3002 1224 3046 1277 si
3094 1241 3226 1278 vera
3270 1226 3467 1280 fuisset
3498 1229 3598 1299 Cy-

1966 1313 2151 1383 priani
2184 1314 2398 1383 opinio,
2434 1317 2898 1370 communionem
2926 1318 3257 1372 hominibus
3280 1336 3395 1374 non
3422 1320 3599 1391 bapti-

1966 1408 2098 1460 zatis
2149 1407 2457 1473 dedissent,
2513 1426 2575 1462 ac
2630 1426 2778 1479 szepe
2832 1410 3003 1464 etiam
3062 1412 3480 1468 commisissent
3537 1418 3596 1468 ut

1965 1501 2213 1554 infantes
2281 1500 2564 1572 baptismo
2630 1503 2943 1557 defraudati
3020 1510 3398 1560 morerentur.
3468 1508 3596 1561 Hazc

1965 1595 2250 1665 Cypriano
2286 1595 2457 1649 fuisse
2489 1596 2714 1667 objecta
2754 1598 3112 1667 perspicitur,
3148 1605 3268 1653 tum
3308 1617 3375 1653 ex
3419 1602 3595 1671 ipsius

1968 1688 2238 1758 epistolis,
2282 1695 2403 1743 tum
2456 1707 2519 1743 ex
2563 1690 2710 1744 libro
2760 1692 2825 1745 de
2866 1694 3283 1761 Bebaptismate.
3314 1695 3477 1748 Parte
3525 1712 3593 1749 ex

272 1808 381 1843 ausa
449 1796 573 1857 est,
644 1796 704 1843 ut
780 1794 835 1842 et
912 1790 1262 1844 invocatione
1339 1806 1451 1842 non
1530 1780 2073 1857 contempti-Balia
2122 1787 2483 1841 Firmilianus
2526 1792 2580 1841 et
2632 1788 2963 1859 Cyprianus,
3011 1806 3140 1843 cum
3188 1791 3308 1845 haic
3356 1793 3592 1863 quastio

268 1884 345 1937 bili
390 1885 731 1938 sanctiﬁcare
777 1901 833 1938 se
878 1900 1083 1955 panem
1134 1888 1189 1937 et
1230 1882 1632 1937 Eucharistiam
1684 1882 1862 1936 facere

269 1978 543 2045 simularet,
580 1984 636 2032 et
673 1977 1010 2031 sacrificium
1048 1976 1290 2032 Domino
1333 1976 1487 2046 (non)
1521 1975 1642 2029 sine
1676 1992 1859 2029 sacra-

267 2076 431 2125 mento
473 2072 653 2126 solita:
697 2072 1116 2143 praedicationis
1160 2070 1408 2136 offerret,
1465 2092 1492 2119 »
1542 2073 1652 2124 etc.
1698 2070 1861 2139 Legit

266 2166 534 2236 Rigaltius,
588 2167 754 2236 cujus
805 2170 940 2220 nota
994 2165 1051 2219 in
1106 2165 1241 2220 edit.
1299 2164 1477 2219 Oxon.
1534 2163 1859 2234 apponitur,

268 2280 288 2305 α
334 2259 497 2312 solitae
548 2259 919 2329 precationis.
970 2280 996 2307 »
1041 2262 1109 2313 At
1147 2258 1288 2311 nihil
1342 2273 1576 2328 prorsus
1626 2261 1857 2311 mutan-

264 2353 406 2419 dum;
436 2354 553 2407 haec
584 2353 741 2407 enim
771 2355 1031 2407 accurate
1059 2352 1129 2407 de
1173 2352 1371 2423 graecis
1403 2367 1669 2421 expressa
1708 2354 1857 2404 sunt.

264 2446 428 2500 Preces
474 2448 530 2501 in
595 2448 875 2501 sacriﬁcio
939 2446 1062 2500 ﬁeri
1128 2446 1305 2500 solita:
1368 2450 1643 2498 vocantur
1707 2443 1858 2515 apud

262 2540 397 2594 Basil.
430 2540 624 2611 (Epist.
658 2542 785 2609 241)
816 2547 1184 2604 ἐκκλησιαστικὰ
1211 2546 1509 2611 κηρύγματα,
1537 2559 1564 2587 ί(
1593 2537 1860 2609 praedica-

262 2632 412 2687 tiones
441 2634 861 2688 ecclesiasticae.
893 2654 919 2685 υ

314 2732 435 2782 Cum
471 2729 823 2782 existimaret
857 2727 1220 2782 Firmilianus
1249 2727 1602 2781 adversarios
1628 2743 1755 2780 suos
1801 2726 1856 2780 in

261 2820 512 2890 baptismo
547 2822 693 2876 foris
733 2822 802 2875 ab
849 2822 1055 2875 adultis
1092 2824 1354 2893 suscepto
1382 2821 1586 2877 Christi
1620 2822 1857 2892 gratiam

257 2931 551 2984 agnoscere,
581 2918 665 2969 sic
709 2932 803 2969 eos
835 2916 1052 2969 refellit
1096 2917 1174 2986 (p.
1207 2915 1325 2983 147)
1362 2932 1375 2969 :
1412 2936 1437 2963 ‹‹
1478 2916 1617 2969 Nam
1656 2914 1698 2967 si
1744 2930 1857 2968 non

258 3010 503 3063 mentitur
548 3010 856 3081 Apostolus
910 3009 1100 3063 dicens
1147 3027 1158 3063 :
1219 3009 1487 3079 Quotquot
1537 3012 1592 3063 in
1647 3008 1857 3064 Christo

257 3105 390 3158 tincti
444 3108 586 3165 estis,
644 3104 920 3161 Christum
962 3105 1232 3165 induistis,
1266 3103 1461 3174 utique
1497 3104 1591 3174 qui
1639 3103 1751 3156 illic
1800 3102 1856 3156 in

257 3195 449 3252 Christo
487 3198 806 3269 baptizatus
837 3204 938 3265 est,
973 3198 1158 3251 induit
1206 3197 1493 3251 Christum
1529 3216 1541 3251 :
1579 3197 1622 3250 si
1665 3202 1851 3251 autem

258 3290 413 3345 induit
440 3293 758 3359 Christum,
790 3292 1048 3363 accipere
1081 3291 1269 3362 potuit
1292 3294 1347 3345 et
1386 3290 1657 3361 Spiritum
1691 3308 1850 3344 sauc-

258 3386 374 3451 tum,
422 3387 515 3456 qui
579 3404 611 3439 a
683 3386 903 3441 Christo
966 3385 1169 3439 missus
1234 3390 1336 3453 est,
1395 3387 1451 3438 et
1512 3386 1721 3439 frustra
1776 3384 1854 3438 illi

254 3478 465 3533 venienti
506 3479 577 3533 ad
639 3479 1035 3550 accipiendum
1087 3478 1355 3549 Spiritum
1408 3494 1613 3532 manus
1670 3478 1844 3547 impo-

257 3571 399 3637 nitur,
441 3573 547 3627 nisi
598 3573 645 3626 si
692 3590 726 3626 a
766 3573 987 3629 Christo
1029 3572 1301 3643 Spiritum
1352 3572 1559 3638 induit,
1591 3576 1653 3625 ut
1700 3572 1851 3642 apud

254 3662 517 3721 haereticos
546 3668 618 3721 sit
651 3667 891 3737 quidem
937 3666 1210 3734 Christus,
1244 3683 1356 3719 non
1399 3665 1471 3720 sit
1508 3669 1695 3719 autem
1740 3665 1851 3719 illic

253 3760 467 3827 Spiritus
495 3765 743 3815 sanctus.
779 3783 807 3810 »
852 3760 991 3815 Illud
1030 3782 1055 3809 ‹‹
1101 3760 1209 3814 nisi
1247 3777 1279 3813 a
1318 3760 1539 3814 Christo
1578 3760 1850 3830 Spiritum

255 3851 427 3921 induit,
448 3877 474 3903 ››
500 3854 659 3910 idem
688 3855 839 3909 valet
872 3871 936 3908 ac
956 3858 1087 3925 post
1111 3855 1397 3908 Christum
1420 3871 1435 3923 ;
1465 3870 1567 3908 nec
1588 3853 1851 3925 probabi-

253 3943 310 3998 lis
332 3953 407 4001 est
430 3950 762 4019 conjectura
791 3948 1023 4003 Cauchii
1050 3955 1106 4003 et
1136 3948 1367 4003 Pamelii
1410 3948 1505 4018 qui
1538 3947 1846 4019 legendum

252 4045 439 4109 putant,
471 4066 495 4091 ‹‹
534 4044 646 4098 nisi
676 4060 710 4097 a
741 4042 966 4098 Christo
999 4042 1271 4113 Spiritum
1302 4060 1415 4096 non
1442 4042 1645 4097 induit.
1678 4065 1704 4091 ››

310 4135 475 4189 Alium
504 4138 695 4191 locum
728 4137 901 4207 longe
931 4136 1306 4191 difﬁciliorem
1340 4137 1642 4191 emendare
1678 4152 1845 4190 cona-

249 4225 351 4282 bor.
382 4231 450 4284 De
477 4230 543 4285 iis
574 4232 678 4302 qui
720 4231 857 4284 foris
903 4230 1172 4301 baptizati
1215 4230 1333 4285 sine
1380 4247 1523 4284 novo
1568 4230 1849 4301 baptismo

249 4322 294 4372 in
365 4326 607 4379 Ecclesia
689 4324 997 4391 obierunt,
1075 4326 1151 4378 sic
1223 4325 1417 4379 statuit
1490 4325 1849 4379 Firmilianus

250 4415 313 4484 (p.
358 4419 509 4488 149):
562 4440 590 4467 ‹‹
638 4418 698 4473 Si
745 4418 816 4473 de
857 4418 1061 4472 saeculo
1109 4422 1493 4485 excesserunt,
1541 4418 1599 4471 in
1646 4435 1847 4473 eorum

1879 3151 1933 3223 C

1964 1880 2220 1935 nondum
2249 1882 2306 1933 in
2354 1880 2673 1935 clarissima
2700 1883 2825 1936 luce
2857 1882 3034 1952 posita
3075 1890 3131 1937 et
3170 1885 3449 1938 constanti
3492 1888 3588 1939 Ec-

1964 1974 2143 2029 clesiee
2180 1975 2396 2046 judicio
2446 1975 2632 2030 decisa
2674 1982 2839 2044 esset,
2872 1977 3181 2047 pessimam
3229 1979 3592 2033 consuetudi-

1964 2085 2093 2122 nem
2125 2068 2438 2140 obrepsisse
2480 2074 2535 2124 et
2564 2071 2814 2139 graviter
2851 2071 2920 2124 ab
2961 2072 3296 2126 adversariis
3338 2073 3591 2143 delinqui

1961 2161 2258 2233 putabant.
2288 2185 2313 2211 ‹‹
2343 2163 2479 2226 Quae
2512 2163 2616 2216 ista
2653 2162 2955 2217 obstinatio
2984 2171 3133 2231 est,»
3178 2165 3255 2218 ait
3283 2166 3596 2236 Cyprianus

1961 2255 2019 2309 in
2062 2258 2306 2325 Epistolu
2337 2257 2410 2310 ad
2449 2259 2763 2327 Pompeium
2794 2258 2946 2328 (pag.
2987 2260 3106 2328 139)
3143 2279 3167 2309 α
3212 2275 3405 2329 quaeve
3442 2277 3591 2330 prae-

1962 2349 2209 2419 sumptio
2239 2350 2557 2404 humauam
2594 2351 2958 2406 traditionem
2987 2350 3193 2406 divina:
3237 2353 3591 2423 dispositioni

1959 2448 2337 2514 anteponere,
2375 2460 2477 2497 nec
2514 2444 2972 2499 animadvertere
3016 2446 3304 2516 indignari
3344 2452 3399 2501 et
3429 2448 3590 2501 irasci

1962 2537 2137 2591 Deum
2185 2538 2412 2608 quoties
2455 2537 2647 2592 divina
2693 2542 2979 2610 praecepta
3026 2539 3190 2593 solvit
3230 2546 3286 2594 et
3334 2543 3590 2611 praeterit

1959 2630 2216 2684 humana
2269 2632 2545 2686 traditio?
2600 2654 2625 2681 η
2678 2632 2947 2696 Queritur
2996 2632 3054 2686 in
3102 2634 3301 2688 eadem
3352 2636 3591 2705 epistola

1965 2726 2360 2779 auctoritatem
2390 2725 2674 2780 haereticis
2702 2726 2959 2793 attribui,
2990 2726 3159 2782 ﬁdem
3198 2732 3256 2781 et
3296 2728 3589 2783 veritatem

1958 2818 2126 2889 prodi
2171 2818 2250 2889 (p.
2301 2821 2439 2888 141).
2490 2819 2794 2875 Veritatem
2840 2820 2943 2874 sibi
2990 2824 3047 2874 et
3100 2820 3223 2874 aliis
3268 2822 3420 2876 idem
3466 2839 3590 2876 sen-

1962 2913 2232 2966 tientibus
2283 2912 2555 2983 singulari
2608 2914 2705 2968 Dei
2762 2914 3040 2969 beneﬁcio
3092 2918 3365 2969 retectam
3416 2916 3589 2969 fuisse

1959 3006 2250 3073 credebat,
2271 3012 2334 3061 ut
2350 3023 2472 3061 eam
2491 3007 2614 3061 aliis
2634 3008 2881 3063 ecclesiis
2904 3012 3271 3079 proponeret.
3290 3029 3315 3060 «
3340 3009 3585 3063 Proinde

1958 3100 2165 3153 frustra
2220 3100 2476 3171 quidam,
2528 3124 2554 3151 ››
2608 3102 2796 3173 inquit
2843 3102 2899 3155 in
2949 3104 3193 3175 Epistola
3236 3103 3308 3157 ad
3358 3104 3585 3158 Jubaia-

1958 3210 2087 3248 num
2114 3194 2193 3265 (p.
2232 3196 2371 3265 133),
2407 3216 2432 3243 ‹‹
2474 3195 2571 3265 qui
2609 3197 2829 3250 ratione
2871 3196 3173 3251 vincuntur
3215 3198 3585 3252 consuetudi-

1959 3305 2089 3341 nem
2138 3288 2299 3341 nobis
2340 3294 2654 3360 opponunt,
2703 3291 2864 3360 quasi
2903 3291 3245 3345 consuetudo
3292 3294 3474 3362 major
3520 3292 3592 3345 sit

1955 3382 2212 3448 veritate,
2248 3388 2346 3436 aut
2389 3400 2500 3437 non
2548 3383 2607 3436 id
2646 3384 2718 3437 sit
2755 3385 2810 3437 in
2850 3385 3199 3454 spiritalibus
3235 3386 3588 3456 sequendum

1956 3476 2108 3546 quod
2140 3476 2196 3529 in
2228 3477 2433 3531 melius
2471 3477 2643 3530 fuerit
2682 3494 2713 3530 a
2756 3484 2953 3532 sancto
2998 3478 3209 3550 Spiritu
3251 3480 3581 3535 revelatum.

1954 3570 2177 3641 Ignosci
2231 3572 2383 3625 enim
2431 3575 2615 3642 potest
2662 3571 2995 3642 simpliciter
3040 3573 3276 3639 erranti,
3323 3574 3469 3628 sicut
3513 3574 3583 3630 de

1954 3664 2140 3735 seipso
2187 3664 2324 3719 dicit
2363 3666 2649 3735 apostolus
2698 3666 2942 3720 Paulus:
2998 3668 3101 3733 Qui
3134 3670 3331 3737 primo,
3376 3668 3578 3738 inquit,

1950 3760 2040 3824 fui
2072 3759 2409 3828 blasphemus
2447 3766 2499 3813 et
2521 3766 2831 3829 persecutor
2866 3764 2913 3814 et
2954 3758 3271 3827 injuriasus,
3303 3762 3395 3815 sed
3432 3764 3583 3816 mise-

1954 3853 2245 3907 ricordiam
2286 3856 2476 3915 merui,
2513 3856 2641 3922 quia
2690 3856 2949 3921 ignorans
2987 3855 3112 3921 feci.
3161 3855 3294 3909 Post
3335 3855 3579 3926 inspira-

1952 3946 2171 4001 tionem
2226 3963 2360 4000 vero
2418 3951 2475 4000 et
2522 3948 2922 4001 revelationem
2973 3948 3202 4011 factam,
3259 3950 3355 4020 qui
3410 3950 3470 4004 iu
3515 3966 3582 4005 eo

1953 4039 2109 4111 quod
2146 4047 2438 4095 erraverat
2479 4046 2804 4112 perseverat
2836 4042 3085 4112 prudens
3127 4049 3183 4097 et
3222 4042 3428 4111 sciens,
3461 4044 3580 4098 sine

1950 4134 2118 4189 venia
2139 4135 2478 4205 ignorantiae
2499 4142 2729 4207 peccat;
2763 4136 3210 4207 praesumptione
3234 4138 3388 4191 enim
3410 4145 3581 4210 atque

1953 4228 2336 4284 obstinatione
2389 4229 2636 4300 quadam
2693 4231 2929 4299 nititur,
2973 4247 3103 4285 cum
3146 4232 3364 4286 ratione
3418 4249 3581 4303 supe-

1950 4329 2189 4378 retur.»
2234 4323 2319 4378 Sic
2362 4324 2530 4378 etiam
2578 4325 2982 4379 Firmilianus:
3020 4346 3046 4373 «
3092 4325 3269 4389 Quale
3313 4326 3582 4385 delictum

1952 4422 2056 4484 est,
2104 4418 2292 4489 inquit
2329 4418 2411 4489 (p.
2461 4421 2600 4487 149),
2635 4421 2721 4473 vel
2769 4420 2990 4473 illorum
3035 4419 3133 4492 qui
3175 4420 3578 4488 admittuntur,

255 4524 466 4565 numero
498 4513 597 4584 qui
630 4513 781 4584 apud
816 4530 920 4566 nos
948 4512 1267 4566 catechizati
1301 4512 1529 4583 quidem
1566 4519 1715 4573 sunt,
1749 4514 1924 4596 sedD
1948 4514 2035 4565 vel
2083 4529 2275 4565 eorum
2311 4513 2406 4583 qui
2453 4513 2790 4581 admittunt,
2818 4520 2882 4568 ut
2922 4531 3037 4567 non
3080 4515 3284 4570 ablutis
3338 4531 3439 4585 per
3482 4517 3578 4569 Ec-

250 4602 557 4676 priusquam
600 4608 1029 4677 baptizarentur
1073 4606 1359 4673 obierunt,
1402 4607 1700 4662 habentur.
1730 4609 1850 4663 Non

248 4698 395 4752 modo
438 4701 638 4755 dicunt
687 4701 1142 4755 emolumentum
1189 4702 1439 4756 veritatis
1488 4707 1543 4755 et
1584 4702 1735 4770 fidei,
1781 4704 1849 4757 ad

247 4804 390 4859 quam
430 4795 629 4849 relicto
680 4812 879 4849 errore
916 4798 1312 4865 pervenerant,
1344 4794 1447 4848 etsi
1490 4812 1846 4850 consumma-

243 4882 425 4941 tionem
460 4891 661 4959 gratiw
689 4890 981 4945 consecuti
1010 4906 1121 4944 non
1144 4896 1273 4944 sunt
1300 4894 1489 4944 morte
1518 4891 1845 4960 praeventi.»

244 4976 506 5036 Existimat
546 4983 837 5054 Bigaltius
887 4983 1125 5039 verbum
1178 5005 1204 5032 «
1250 4984 1465 5038 habent
1506 5006 1533 5033 ››
1574 5001 1847 5056 reponen-

244 5070 355 5127 dum
381 5084 503 5145 post
535 5101 561 5127 (ι
594 5078 906 5145 habentur,
940 5100 965 5128 n
1003 5083 1061 5133 et
1091 5078 1168 5132 sic
1196 5078 1468 5133 emendat
1496 5096 1508 5132 ε
1546 5098 1573 5129 ι(
1602 5079 1844 5146 Habent,

243 5180 333 5221 non
361 5172 525 5227 modo
551 5172 785 5227 discunt
817 5173 1281 5227 emolumentum
1306 5173 1558 5227 veritatis
1575 5180 1631 5228 et
1655 5173 1843 5242 fidei,»

244 5260 317 5312 sed
342 5266 516 5320 multo
559 5267 754 5337 aptius
792 5267 907 5337 legi
937 5274 1149 5337 posset,
1186 5288 1212 5314 ‹‹
1244 5266 1465 5321 Habent
1506 5284 1620 5322 non
1651 5268 1839 5321 modi-

244 5367 348 5409 cum
374 5360 830 5415 emolumentum
861 5383 889 5411 »
926 5378 1029 5433 pro
1060 5383 1087 5411 ‹‹
1121 5378 1233 5415 non
1262 5360 1488 5415 modico
1519 5361 1712 5416 dicunt
1748 5366 1845 5416 aut

243 5461 333 5502 non
360 5454 522 5508 modo
559 5454 807 5509 discunt.
838 5478 865 5505 ››

246 5546 403 5625 164
442 5556 645 5613 XXXII.
679 5588 743 5597 —
781 5560 1075 5616 Nonnullae
1116 5560 1511 5615 observationes
1559 5559 1842 5615 adduntur

478 5642 533 5693 in
562 5641 706 5693 hanc
730 5641 795 5694 de
828 5641 1092 5709 baptismo
1120 5643 1552 5695 controversiam.

298 5730 423 5793 Quid
475 5736 531 5790 in
580 5738 692 5791 hac
742 5754 911 5793 causa
950 5739 1217 5809 deinceps
1256 5739 1573 5810 Stephanus
1619 5756 1682 5793 ac
1730 5740 1834 5810 Cy-

242 5824 441 5893 prianus
467 5833 716 5905 egerint,
762 5834 923 5889 nullo
963 5850 1193 5907 prorsus
1219 5838 1399 5888 exstat
1441 5839 1833 5889 monumento.

1953 4608 2133 4661 clesiaa
2178 4608 2465 4661 lavacrum
2521 4608 2804 4675 sordibus,
2848 4624 2952 4661 nec
3003 4609 3247 4677 peccatis
3284 4608 3574 4679 expositis,

1952 4704 2222 4771 usurpata
2251 4706 2467 4755 temere
2496 4701 3003 4755 communicatione
3023 4702 3358 4772 contingant
3375 4717 3576 4771 corpus

1951 4798 2007 4847 et
2034 4797 2375 4865 sanguinem
2408 4794 2626 4848 Domini
2648 4796 2674 4848 ?
2702 4814 2729 4843 »

2021 4889 2130 4944 Sed
2180 4905 2291 4960 quo
2342 4889 2572 4958 majoris
2621 4888 2898 4942 momenti
2947 4906 3104 4943 suam
3159 4895 3396 4961 utraque
3447 4907 3576 4961 pars

1949 4983 2291 5038 sententiam
2322 4998 2442 5036 esse
2482 4982 2662 5048 duxit,
2696 4999 2763 5036 eo
2801 4982 2988 5052 magis
3018 4983 3076 5037 in
3119 4985 3375 5054 utrisque
3418 5001 3579 5039 amor

1949 5077 2211 5132 elucescit
2255 5076 2513 5132 unitatis.
2567 5079 2625 5131 In
2666 5075 2895 5132 Oriente
2940 5094 3054 5131 non
3097 5078 3325 5133 videtur
3368 5096 3579 5151 magna

1943 5173 2117 5227 fuisse
2162 5172 2487 5225 animorum
2541 5172 2855 5238 contentio,
2899 5172 3161 5243 quamvis
3210 5174 3398 5244 plures
3444 5191 3574 5245 pro-

1944 5265 2140 5321 vincia:
2187 5265 2255 5319 ab
2304 5265 2539 5336 antiqua
2589 5270 2644 5319 et
2697 5266 2990 5320 communi
3034 5268 3320 5322 sententia
3374 5269 3577 5322 discre-

1945 5366 2173 5432 parent.
2222 5359 2521 5430 Dionysius
2567 5359 2978 5414 Alexandrinus
3024 5377 3152 5415 cum
3200 5362 3467 5417 scriberet
3507 5363 3575 5415 ad

1942 5455 2313 5527 Stephanum,
2348 5458 2412 5507 ut
2455 5470 2586 5508 cum
2631 5454 2882 5507 Asiaticis
2931 5455 3419 5525 rebaptizantibus
3464 5457 3578 5526 pla-

1942 5554 2118 5616 ceret,
2151 5564 2433 5602 summam
2465 5549 2863 5619 episcoporum
2888 5548 2943 5601 in
2966 5548 3196 5603 Oriente
3214 5549 3574 5603 concordiam

1941 5644 2225 5699 laudabat.
2277 5644 2351 5695 Ex
2397 5640 2586 5714 165
2635 5658 2749 5712 quo
2795 5645 2949 5712 patet
2980 5643 3227 5697 Orientis
3275 5643 3577 5713 episcopos

1939 5739 2230 5793 liberalius
2271 5754 2439 5808 quam
2486 5736 2842 5806 Stephanum
2890 5735 3072 5806 egisse
3120 5752 3250 5789 cum
3301 5736 3572 5790 Asnaticis.

1939 5834 2159 5889 Revera
2202 5833 2448 5887 Helenus
2490 5834 2548 5885 et
2584 5830 2950 5885 Firmilianus
2991 5846 3206 5903 magno
3250 5844 3475 5902 semper
3518 5830 3574 5886 in
