4084 6208
515 222 613 279 167

1903 212 2051 277 VITA
2085 221 2138 276 s.
2180 166 2509 278 meum.
2649 239 2653 245 -
3684 180 3691 185 ’
3778 214 3864 279 me

512 345 699 419 pretio
728 346 878 417 apud
907 345 1158 415 collegas
1200 344 1452 399 fuerunt.
1479 343 1701 398 Enituit
1739 343 1909 398 etiam
1946 344 2003 398 in
2041 344 2146 399 Oc-
2172 362 2226 434 Α
2250 343 2327 397 sic
2357 343 2411 397 in
2437 342 2677 398 concilio
2704 344 3135 416 Carthaginensi
3166 342 3356 417 166
3376 345 3626 417 collegas
3645 344 3868 415 alloqui-

525 440 751 494 cidente
793 438 987 493 odium
1021 441 1077 492 et
1120 437 1259 510 fuga
1302 438 1636 492 schismatis.
1682 441 1889 492 Auctor
1919 436 2047 492 libri
2087 438 2153 493 de

523 534 949 604 Rebaptismale,
990 532 1093 586 etsi
1139 532 1480 603 Cyprianum
1531 531 1786 602 indignis
1833 531 2153 603 opprobriis

526 632 582 681 et
641 625 905 681 conviciis
959 625 1192 695 lacerat,
1250 626 1457 680 fatetur
1518 629 1713 680 tamen
1773 631 1947 680 totam
2007 625 2154 680 hanc

521 719 902 792 quwstionem
925 720 1077 774 inter
1100 719 1307 775 fratres
1323 718 1591 791 agitatam
1616 720 1807 773 fuisse.
1836 740 1863 770 ››
1886 719 2157 775 Animad-

521 819 761 881 verto,»
812 813 999 885 inquit
1040 813 1200 868 initio
1241 812 1391 883 libri,
1417 834 1445 863 ‹‹
1496 814 1800 885 quaesitum
1850 813 2003 884 apud
2052 814 2158 867 fra-

522 912 639 962 tres
687 907 822 978 quid
870 906 1055 977 potius
1106 906 1395 961 observari
1440 910 1699 977 oporteat
1745 906 1804 960 in
1850 922 2153 976 personam

521 1017 722 1056 eorum
773 1000 873 1072 qui
911 1000 969 1054 in
1016 1000 1217 1054 haeresi
1264 999 1492 1070 quidem
1532 1000 1635 1054 sed
1678 1000 1734 1055 in
1775 999 2014 1055 nomine
2054 1000 2155 1054 Dei

524 1094 702 1149 nostri
762 1095 889 1148 Jesu
940 1092 1143 1149 Christi
1196 1093 1309 1147 sint
1355 1093 1538 1159 tincti,
1596 1098 1707 1147 etc.
1750 1112 1776 1144 ι)
1828 1093 2158 1163 Stephanus

514 1189 672 1259 justo
724 1187 1120 1242 vehementior
1155 1186 1300 1253 fuit;
1349 1201 1452 1240 nec
1491 1185 1701 1241 idcirco
1737 1190 1931 1241 tamen
1974 1186 2160 1242 Africa

531 1298 661 1336 cum
693 1280 821 1334 aliis
851 1280 1108 1337 Ecclesiis
1137 1283 1192 1333 et
1223 1295 1350 1333 cum
1389 1281 1645 1334 Romana
1683 1280 1855 1334 etiam
1895 1296 2156 1334 commu-

527 1374 722 1429 nicare
766 1374 952 1428 desiit.
986 1374 1153 1427 Nullo
1198 1388 1335 1426 sane
1374 1376 1557 1427 exstat
1602 1376 1977 1428 monumento
2018 1373 2161 1428 alios

527 1468 825 1539 episcopos
875 1482 1038 1520 suam
1086 1466 1234 1520 Afris
1285 1466 1753 1522 communionem
1806 1483 2065 1538 negasse,
2108 1470 2163 1520 et

527 1560 948 1632 rebaptizantes
1000 1560 1363 1615 abstinendos
1413 1564 1681 1630 putasse,
1741 1565 1805 1613 nt
1847 1560 2165 1631 Stephanus

525 1659 841 1725 putaverat.
895 1653 1240 1722 Quinetiam,
1300 1670 1429 1708 cum
1486 1653 1542 1707 in
1592 1653 1713 1725 ipsa
1755 1654 2000 1711 Ecclesia
2054 1655 2163 1709 Ro-

2253 442 2345 491 tur
2375 455 2386 489 :
2420 458 2449 487 ‹‹
2476 439 2742 507 Superest
2770 443 2832 493 ut
2860 438 2931 492 de
2962 439 3069 494 hac
3099 438 3217 509 ipsa
3245 456 3304 493 re
3348 438 3487 510 quid
3524 439 3730 511 singuli
3761 454 3870 493 sen-

2254 531 2467 585 tiamus
2493 530 2861 602 proferamus,
2893 531 3186 587 neminem
3211 532 3534 603 judicantes
3567 536 3667 588 aut
3690 549 3723 586 a
3754 533 3871 603 jure

2256 624 2680 679 communionis
2727 626 3001 697 aliquem,
3022 627 3069 680 si
3115 627 3400 680 diversum
3447 627 3706 696 senserit,
3736 642 3876 681 amo-

2256 720 2481 772 ventes.
2515 739 2542 767 ››
2575 718 2876 773 Donatista:
2895 720 3029 775 olim
3059 720 3128 773 de
3155 722 3350 773 sancto
3372 720 3651 791 Cypriane
3671 742 3697 768 «
3723 719 3877 791 quasi

2256 827 2387 865 cum
2421 811 2596 882 ipsius
2624 812 2786 867 laude
2824 831 2852 863 io
2884 812 3215 867 dictitabant
3242 829 3373 867 eum
3420 813 3726 871 mentitum
3765 828 3875 867 esse

2263 928 2289 955 α
2319 909 2374 959 et
2400 905 2772 975 simpliciores
2792 906 3039 977 collegas
3065 906 3121 960 in
3150 907 3323 961 verbo
3352 922 3556 977 capere
3584 906 3874 976 cogitasse,

2260 1002 2342 1068 ut,
2370 1015 2500 1053 cum
2531 1016 2591 1053 se
2617 999 2901 1054 diversum
2923 1000 3136 1054 sentire
3170 999 3578 1071 prodidissent,
3603 1006 3736 1054 tunc
3755 1016 3877 1057 con-

2258 1099 2347 1147 tra
2373 1109 2546 1163 quam
2574 1092 2935 1163 promiserat,
2967 1094 3543 1148 cxcommunicandos
3589 1110 3710 1148 esse
3747 1110 3873 1149 cen-

2260 1190 2426 1240 seret.
2476 1208 2502 1235 ››
2552 1186 2659 1241 Sed
2706 1186 3061 1257 Augustinus
3108 1187 3256 1242 hanc
3291 1187 3636 1242 calumniam
3682 1188 3880 1245 refellit

2260 1279 2358 1333 lib.
2411 1296 2467 1334 in
2506 1280 2572 1334 de
2599 1283 2787 1349 Bapt.,
2823 1297 2873 1334 c.
2921 1283 2974 1335 3.
3020 1280 3246 1336 Calidus
3289 1298 3424 1334 sane
3480 1281 3588 1335 fuit
3628 1298 3691 1335 ac
3729 1282 3879 1352 justo

2262 1373 2653 1427 vehementior
2684 1374 3089 1441 Firmilianus;
3122 1376 3217 1429 sed
3255 1380 3443 1429 tamen
3475 1375 3707 1429 unitatis
3732 1391 3885 1430 amor

2262 1468 2320 1519 in
2348 1470 2467 1521 tota
2503 1467 2626 1537 ejus
2655 1468 2834 1538 spirat
2876 1468 3136 1539 epistola,
3165 1484 3269 1523 nec
3308 1468 3619 1539 quidquam
3667 1468 3736 1523 de
3768 1469 3885 1523 uni-

2263 1566 2375 1615 tate
2403 1561 2663 1615 Ecclesiae
2688 1561 3102 1633 signiticantius
3130 1561 3241 1615 dici
3268 1568 3468 1633 potest.
3506 1561 3662 1630 Hinc,
3698 1579 3885 1633 quam-

2264 1654 2344 1709 vis
2411 1656 2711 1710 veritatem
2774 1655 3006 1710 maximi
3070 1655 3351 1710 momenti
3419 1655 3725 1711 defendere
3787 1655 3887 1711 sibi

528 1764 700 1803 mana
742 1747 854 1802 duo
893 1747 1357 1818 praestantissimi
1397 1747 1739 1818 presbyteri,
1768 1748 2061 1802 Philemon
2104 1732 2238 1803 etB
2263 1748 2575 1816 videretur,
2605 1748 2739 1820 quia
2785 1754 2975 1804 tamen
3022 1749 3280 1804 Ecclesiae
3313 1749 3593 1820 judicium
3635 1749 3888 1805 nondum

534 1840 855 1914 Dionysius,
889 1845 951 1895 ut
980 1840 1153 1896 modo
1180 1840 1440 1911 vidimus,
1475 1844 1699 1896 mature
1739 1840 2163 1896 animadverte-

530 1936 648 1991 rint
694 1934 831 2006 quid
875 1933 1052 1989 nimia
1098 1935 1376 2006 Stephani
1417 1934 1680 1989 severitas
1721 1938 2001 2007 peccaret,
2050 1951 2169 1989 me-

530 2031 642 2085 rito
688 2028 829 2083 mihi
857 2028 1187 2083 existimare
1217 2027 1415 2083 videor
1455 2031 1634 2083 totam
1667 2029 1825 2083 illam
1870 2026 2169 2084 dissensio-

531 2139 667 2179 nem
724 2138 795 2178 ne
838 2122 942 2176 sub
992 2122 1099 2177 hoc
1143 2121 1376 2193 quidem
1426 2121 1695 2177 Pontiﬁce
1745 2139 1842 2177 eos
1899 2123 2166 2177 habuisse

534 2217 719 2272 exitus
771 2217 872 2287 qui
928 2233 994 2270 ex
1048 2216 1235 2286 primo
1282 2217 1609 2270 animorum
1663 2216 1851 2272 calore
1896 2216 2169 2288 consequi

536 2313 821 2383 poterant.
869 2309 984 2365 Sub
1028 2309 1085 2365 S.
1131 2310 1315 2381 Xysto,
1362 2309 1635 2381 Stephani
1683 2326 2020 2376 successore,
2063 2308 2170 2365 etsi

532 2403 858 2477 persecutio
891 2403 1231 2458 domesticas
1259 2403 1407 2458 rixas
1434 2419 1791 2475 compescere
1832 2407 1930 2458 aut
1971 2404 2169 2457 saltem

538 2498 800 2554 inducias
833 2495 1041 2551 afferre
1094 2496 1388 2565 debuerat,
1447 2514 1559 2552 non
1606 2503 1797 2552 tamen
1840 2497 2063 2552 videtur
2098 2495 2170 2550 de

539 2592 835 2663 Baptismo
901 2590 1095 2645 statim
1163 2590 1455 2646 contentio
1521 2591 1825 2657 refrixisse,
1890 2590 2171 2661 siquidem

537 2686 843 2757 Dionysius
900 2684 1370 2747 Alexandrinus,
1428 2683 1581 2738 inter
1637 2684 1820 2739 exsilii
1878 2684 2173 2739 molestias

535 2784 707 2851 atque
751 2778 809 2833 in
862 2778 980 2850 ipso
1024 2777 1436 2848 persecutionis
1478 2778 1765 2845 incendio,
1793 2782 1909 2832 tres
1952 2778 2173 2832 litteras

536 2873 603 2928 ad
647 2873 879 2943 Xystum
921 2871 1165 2943 scripsit,
1207 2876 1266 2925 ut
1309 2887 1441 2926 eum
1487 2872 1556 2925 ad
1599 2871 1896 2926 lenitatem
1946 2876 2005 2926 et
2047 2888 2177 2926 con-

538 2966 788 3021 cordiam
835 2970 1080 3020 vocaret.
1114 2966 1254 3019 Usus
1298 2968 1383 3020 est
1427 2964 1681 3020 consiliis
1731 2964 1980 3038 Dionysii
2025 2982 2175 3020 sane,

2264 1846 2595 1910 accesserat,
2630 1841 2839 1898 eodem
2867 1844 3034 1898 modo
3074 1843 3359 1914 agendum
3401 1846 3567 1915 putat
3599 1860 3663 1898 ac
3704 1844 3764 1898 in
3807 1860 3891 1897 va-

2266 1935 2364 1989 riis
2408 1934 2676 1990 institutis
2716 1936 2788 1990 ad
2834 1935 3189 2007 disciplinam
3235 1936 3673 2008 pertinentibus.
3718 1958 3747 1987 «
3791 1936 3888 1992 Se-

2267 2029 2520 2084 cundum
2560 2029 2732 2100 quod,
2778 2029 2963 2101 inquit
3006 2030 3083 2100 (p.
3118 2030 3257 2100 144),
3289 2031 3351 2084 in
3390 2030 3608 2085 caeteris
3654 2047 3883 2102 quoque

2266 2122 2535 2195 plurimis
2564 2121 2874 2193 provinciis
2899 2123 3077 2177 multa
3097 2139 3199 2194 pro
3230 2123 3483 2178 locorum
3513 2130 3569 2178 et
3596 2124 3893 2179 nominum

2269 2216 2590 2272 diversitate
2636 2216 2947 2283 variantur,
2993 2233 3099 2271 nec
3147 2223 3343 2272 tamen
3389 2222 3625 2289 propter
3675 2217 3784 2271 hoc
3826 2217 3894 2272 ab

2270 2309 2532 2365 Ecclesiae
2576 2325 2715 2381 pace
2760 2312 2932 2381 atque
2976 2309 3199 2365 unitate
3240 2310 3550 2382 aliquando
3593 2310 3898 2366 discessum

2270 2409 2372 2459 est.
2403 2424 2430 2453 ι)

2271 2516 2498 2572 XXXIII.
2545 2545 2615 2554 —
2661 2517 2738 2569 De
2782 2517 3013 2584 epistola
3064 2518 3129 2570 53
3185 2515 3453 2587 Cypriani
3502 2517 3760 2571 adversus
3815 2532 3901 2571 eos

2343 2600 2440 2729 (ἐνί
2492 2610 2694 2665 aquam
2737 2599 2909 2651 solam
2951 2599 3013 2650 in
3067 2601 3341 2652 matutino
3382 2601 3640 2667 sacriﬁcio
3677 2599 3898 2653 adhibe-

2379 2679 2492 2728 unt.

2379 2679 2492 2728 unt.

2343 2777 2564 2830 Praeter
2613 2776 2826 2831 litteras
2879 2794 3019 2848 quas
3069 2778 3385 2850 Cyprianus
3435 2780 3505 2834 ad
3554 2797 3736 2835 causa:
3787 2797 3903 2834 sua:

2277 2870 2673 2925 defensionem
2703 2870 2947 2942 scripsit,
2973 2872 3164 2941 aliam,
3195 2890 3310 2927 non
3340 2874 3540 2928 eadem
3583 2874 3651 2929 de
3692 2892 3775 2941 re,
3805 2875 3902 2929 sed

2275 2964 2429 3018 circa
2477 2964 2680 3018 eadem
2734 2969 2998 3036 tempora
3048 2965 3319 3037 scriptam
3367 2967 3638 3037 conjicio,
3694 2985 3905 3040 nempe

537 3059 800 3115 tissimus
844 3060 1085 3130 Martyr;
1134 3061 1191 3114 et
1248 3058 1456 3113 idcirco
1497 3079 1525 3107 «
1569 3058 1753 3113 bonus
1800 3066 1856 3113 et
1914 3058 2177 3129 paciﬁcus
2197 3101 2251 3174 Ο
2277 3059 2688 3130 sexagesimam
2730 3059 2982 3127 tertiam,
3015 3060 3086 3114 ad
3123 3060 3411 3116 Caecilium
3445 3061 3799 3133 episcopum,
3840 3064 3909 3116 ut

546 3153 804 3174 ____-_J-_
932 3170 954 3174 _
1006 3151 1201 3174 n-_;:-
1248 3156 1473 3174 -----ι---
1529 3153 1772 3174 ----.]2ι--..
1831 3159 1877 3174 -ι
1911 3152 2167 3174 D--1,_-.‘..
2276 3152 2749 3174 ---__:_2__:II!~--__
2789 3158 2861 3174 --Δ
2926 3170 2947 3174 _
2993 3153 3123 3174 “SIA_
3186 3154 3273 3174 M__!
3313 3154 3524 3174 -ηξμΑ--κ
3562 3155 3613 3174 3--
3667 3156 3895 3174 -_u_!lf_

538 3153 808 3210 sacerdos
852 3174 879 3203 υ
928 3170 962 3207 a
1005 3151 1206 3208 Pontio
1248 3156 1477 3207 vocatus
1523 3153 1791 3220 creditur,
1826 3159 1883 3207 et
1910 3152 2173 3209 Ecclesiae

541 3247 827 3303 Africanae
891 3245 1176 3317 diptychis
1236 3245 1390 3300 inter
1453 3251 1735 3317 martyres
1809 3246 2170 3318 adscriptus,

544 3340 697 3412 quod
729 3345 921 3395 natam
950 3338 1053 3393 sub
1095 3338 1389 3410 Stephano
1419 3339 1861 3394 controversiam
1902 3339 2170 3395 sedasset.

540 3435 708 3490 lllum
752 3433 904 3488 inter
948 3437 1005 3488 et
1046 3432 1391 3504 Cyprianum
1436 3433 1890 3489 communionem
1934 3451 2048 3488 non
2092 3434 2175 3488 in-

545 3531 871 3599 terruptam
900 3527 1073 3582 fuisse
1103 3526 1286 3598 liquet
1320 3543 1386 3581 ex
1429 3525 1594 3598 epist.
1624 3529 1712 3594 82,
1740 3527 1796 3581 in
1829 3543 1944 3598 qua
1980 3531 2174 3582 narrat

544 3621 858 3695 Cyprianus
890 3637 948 3677 se
991 3620 1234 3675 Romam
1262 3620 1481 3675 misisse
1522 3621 1618 3691 qui
1660 3622 1729 3676 de
1773 3621 1942 3676 rebus
1982 3623 2169 3678 Eccle-

542 3717 640 3772 siae
669 3718 825 3771 certa
849 3715 1149 3770 referrent.
1174 3716 1249 3770 De
1281 3715 1547 3786 Dionysio
1567 3721 1759 3770 autem
1790 3733 1903 3770 non
1933 3716 2171 3771 dubium

543 3814 630 3867 est
683 3809 819 3882 quin
872 3825 1003 3864 cum
1055 3808 1204 3863 Afris
1245 3808 1554 3863 liberaliter
1594 3809 1798 3881 egerit,
1843 3809 1940 3880 qui
1985 3810 2173 3864 adhuc

540 3906 844 3979 presbyter
894 3904 1136 3959 nimiam
1192 3903 1466 3975 Stephani
1524 3905 1878 3959 severitatem
1937 3905 2174 3976 probare

544 3998 808 4055 desierat.
862 3998 1077 4054 Eadem
1127 3997 1461 4053 humanitas
1512 3997 1582 4052 ab
1636 3997 1762 4053 aliis
1812 3998 2174 4070 pontiﬁcibus

545 4097 787 4160 servata,
835 4111 863 4145 ‹‹
911 4092 1113 4159 donec,
1155 4112 1181 4143 ››
1236 4096 1299 4146 ut
1346 4091 1427 4146 ait
1475 4093 1822 4164 Augustinus
1879 4093 1994 4164 (lib.
2048 4110 2063 4147 I
2110 4094 2175 4149 de

542 4186 755 4257 Bapt.),
788 4207 815 4235 ‹‹
859 4184 1117 4257 plenario
1159 4185 1330 4241 totius
1374 4185 1526 4241 orbis
1561 4186 1802 4241 concilio
1840 4187 1988 4254 quod
2035 4188 2176 4243 salu-

541 4281 798 4336 berrime
842 4279 1199 4335 sentiebatur
1226 4279 1393 4335 etiam
1440 4279 1677 4335 remotis
1726 4261 2196 4337 dubitationibus‘

543 4373 892 4429 ﬁrmaretur.
924 4395 952 4423 »

2276 3152 2754 3207 verisimillimum
2784 3158 2886 3217 est,
2921 3170 2955 3207 a
2990 3153 3150 3221 Bilta,
3178 3154 3277 3226 qui
3312 3154 3529 3225 primus
3561 3155 3619 3209 in
3658 3156 3906 3211 concilio

2282 3245 2716 3317 Carthaginensi
2759 3246 3098 3301 sententiam
3147 3247 3302 3302 dixit.
3336 3248 3699 3303 Occasionem
3745 3248 3911 3304 dedit

2273 3340 2408 3395 huic
2454 3339 2706 3411 epistolae
2746 3356 2919 3411 prava
2964 3340 3117 3411 apud
3162 3342 3463 3396 nonnullos
3494 3342 3722 3397 inducta
3766 3359 3909 3398 con-

2273 3433 2535 3499 suetudo,
2564 3434 2716 3487 utin
2758 3434 3038 3488 matutino
3077 3434 3353 3490 sacrificio
3397 3451 3604 3506 aquam
3649 3441 3911 3491 tantum-

2275 3528 2445 3582 modo
2487 3526 2847 3582 adhiberent.
2899 3528 3094 3599 Neque
3131 3528 3186 3581 id
3236 3532 3447 3596 tamen,
3481 3534 3541 3583 ut
3584 3531 3913 3595 Encratitm,

2274 3622 2400 3676 odio
2430 3620 2542 3676 vini
2569 3638 2600 3674 a
2634 3623 2747 3676 Deo
2785 3622 2977 3688 creati,
3010 3622 3467 3690 committebant,
3495 3639 3627 3677 nam
3668 3638 3914 3694 vespere

2274 3715 2508 3770 calicem
2553 3715 2680 3770 vino
2725 3715 2968 3769 mixtum
3019 3715 3358 3770 offerebant.
3389 3716 3748 3771 Demonstrat
3795 3717 3914 3788 Cy-

2274 3809 2515 3881 prianus
2574 3825 2747 3879 prava
2799 3810 2904 3864 hac
2942 3809 3354 3864 consuetudine
3405 3813 3461 3865 et
3505 3810 3710 3867 Christi
3760 3826 3915 3882 pra:-

2274 3907 2507 3975 ceptum
2538 3902 2759 3970 violari,
2778 3908 2833 3958 et
2858 3906 3273 3959 sacramentum
3300 3903 3528 3975 penitus
3558 3905 3731 3959 everti
3781 3919 3922 3960 cum

2276 3996 2515 4068 sanguis
2544 3996 2750 4052 Christi
2780 3996 2839 4050 in
2867 3996 3037 4052 calice
3064 4013 3183 4052 esse
3210 4014 3326 4052 non
3358 3997 3535 4069 possit
3568 3998 3677 4052 nisi
3708 3998 3919 4052 vinum

2276 4090 2639 4145 adhibeatur.
2674 4092 2749 4146 Ex
2778 4090 2867 4145 his
2894 4093 3089 4146 autem
3133 4091 3342 4159 verbis,
3376 4112 3402 4141 «
3448 4096 3505 4147 et
3547 4090 3775 4159 viderit,
3800 4090 3924 4146 fra-

2276 4188 2364 4238 ter
2413 4183 2767 4253 charissime,
2813 4185 2859 4238 si
2907 4185 3033 4256 quis
3087 4184 3157 4241 de
3206 4184 3663 4240 antecessoribus
3701 4184 3923 4240 nostris

2277 4277 2363 4332 vel
2391 4277 2729 4350 ignoranter
2759 4279 2844 4333 vel
2870 4278 3207 4349 simpliciter
3237 4295 3349 4333 non
3378 4278 3486 4334 hoc
3507 4277 3855 4347 observavit,
3895 4298 3925 4329 ιν

2274 4370 2441 4428 facile
2492 4371 2832 4444 perspicitur
2883 4372 2990 4427 hoc
3045 4373 3244 4427 vitium
3301 4390 3421 4428 non
3470 4378 3605 4429 tunc
3655 4373 3931 4443 primum

621 4468 727 4524 Sed
759 4483 1015 4522 amorem
1047 4466 1276 4521 unitatis
1303 4467 1580 4538 prmeipue
1617 4467 1923 4523 declaravit
1950 4469 2177 4541 Cypria-
2199 4480 2258 4551 D
2282 4468 2621 4538 Obrepsisse,
2667 4466 2765 4522 sed
2819 4466 2891 4521 ab
2935 4467 3100 4521 annis
3148 4467 3486 4523 inveterasse
3526 4466 3812 4538 pluribus,
3857 4484 3931 4522 ac

509 4573 673 4632 ‘nus,
702 4560 793 4616 cui
840 4560 1136 4615 veritatem
1179 4582 1206 4610 «
1250 4561 1520 4616 nimirum
1562 4567 1857 4633 propterea
1905 4563 2182 4618 Dominus

543 4673 657 4713 non
712 4654 954 4728 aperuit,
1008 4674 1035 4706 ι)
1079 4654 1265 4727 inquit
1313 4655 1811 4726 Augustinus(lib.
1848 4672 1862 4710 I
1899 4658 1966 4713 de
1995 4660 2178 4728 Bapt.,

543 4768 591 4806 c.
646 4750 758 4823 l8),
802 4771 831 4799 «
879 4753 942 4803 ut
981 4749 1099 4820 ejus
1146 4748 1237 4820 pia
1288 4754 1344 4804 et
1384 4749 1676 4804 humilitas
1723 4755 1779 4804 et
1828 4750 2078 4805 charitas
2122 4751 2179 4805 in

551 4842 925 4900 custodienda
952 4843 1253 4897 salubriter
1280 4844 1539 4899 Ecclesiae
1582 4859 1722 4915 pace
1766 4846 2097 4915 patesceret,
2127 4850 2184 4900 et

545 4956 660 4994 non
711 4939 897 4993 solum
941 4937 1090 4991 illius
1133 4936 1409 5009 temporis
1463 4937 1814 5007 Christianis,
1861 4938 1959 4992 sed
2008 4938 2180 4994 etiam

546 5031 794 5105 posteris
842 5031 911 5085 ad
959 5030 1380 5098 medicinalem,
1429 5037 1489 5085 ut
1536 5032 1617 5086 ita
1659 5031 1867 5099 dicam,
1916 5033 2179 5087 notitiam

548 5124 895 5197 signaretur.
927 5145 954 5173 »
983 5123 1248 5187 Quamvis
1276 5140 1549 5196 magnum
1597 5141 1849 5180 errorem
1887 5126 1944 5181 in
1989 5127 2184 5183 adver-

549 5219 715 5274 sariis
760 5218 1085 5291 perspicere
1139 5216 1245 5271 sibi
1301 5218 1609 5286 videretur,
1653 5226 1845 5275 tamen
1901 5242 1928 5269 ‹‹
1984 5221 2042 5276 in
2098 5222 2184 5276 his

557 5313 988 5385 quaestionibus,
1017 5328 1166 5385 quae,
1196 5333 1223 5361 »
1260 5318 1320 5367 ut
1354 5313 1431 5366 ait
1471 5314 1824 5386 Augustinus
1865 5315 1986 5385 (lib.
2018 5330 2076 5372 III
2118 5317 2184 5370 de

544 5409 732 5481 Baptv
764 5425 813 5463 c.
849 5409 921 5479 3),
956 5428 984 5457 ‹‹
1032 5405 1289 5462 nondum
1335 5406 1741 5478 eliquatissima
1784 5409 2182 5480 perspectione

548 5501 813 5557 discussa;
845 5507 998 5570 sunt,
1041 5522 1069 5553 ››
1116 5500 1351 5556 minime
1397 5501 1662 5556 dubitans
1711 5504 1849 5574 quin
1897 5525 1926 5552 ‹‹
1976 5504 2186 5559 habeat

551 5595 744 5652 omnis
771 5596 1070 5668 episcopus
1096 5612 1199 5666 pro
1228 5595 1460 5651 licentia
1488 5595 1764 5651 libertatis
1796 5603 1852 5651 et
1894 5597 2186 5668 potestatis

549 5708 668 5746 suae
710 5689 1014 5745 arbitrium
1058 5690 1379 5761 prOprium,
1409 5696 1644 5762 tamque
1675 5691 1919 5762 judicari
1957 5692 2025 5745 ab
2073 5691 2185 5746 alio

550 5803 665 5845 non
696 5785 895 5861 possit,
915 5801 1091 5859 quam
1114 5801 1217 5841 nec
1244 5785 1361 5858 ipse
1391 5792 1577 5859 potest
1605 5786 1847 5842 alterum
1870 5786 2184 5861 judicare,»

2280 4562 2522 4633 proinde
2566 4578 2679 4616 non
2727 4560 2786 4615 in
2827 4561 3109 4632 insignem
3147 4551 3393 4633 aliquam
3443 4560 3765 4629 ecclesiam,
3817 4562 3933 4617 sed

2280 4655 2472 4727 potius
2504 4654 2563 4709 in
2595 4671 2769 4726 pagos
2797 4655 3072 4727 quosdam
3105 4655 3402 4710 inductum
3428 4656 3601 4710 fuisse
3629 4672 3642 4710 :
3675 4672 3846 4719 nam,
3881 4656 3935 4711 si

2280 4749 2420 4821 quid
2453 4749 2738 4821 ejusmodi
2764 4749 3138 4804 commissum
3164 4749 3368 4805 fuisset
3402 4750 3459 4804 in
3487 4749 3811 4820 majoribus
3841 4750 3934 4805 ci-

2284 4843 2570 4911 vitatibus,
2604 4844 2714 4897 cito
2744 4860 2832 4898 res
2856 4844 2982 4897 aliis
3024 4844 3277 4898 ecclesiis
3306 4843 3535 4916 cognita
3567 4842 3943 4915 indignatio-

2282 4955 2414 4992 nem
2446 4937 2707 4992 omnium
2738 4937 3159 4993 commovisset.
3188 4939 3373 5002 Quare
3419 4938 3714 4992 immerito
3748 4939 3947 4993 Pear-

2282 5031 2477 5087 sonius
2509 5031 2563 5086 id
2608 5031 2679 5086 ab
2721 5031 3116 5103 episcoporum
3155 5032 3687 5104 Carthaginensium
3725 5032 3949 5104 aliquo

2282 5126 2623 5198 proﬂuxisse
2663 5126 2973 5181 existimat.
3004 5126 3142 5182 lllud
3182 5126 3360 5192 enim,
3395 5148 3423 5177 «
3463 5127 3509 5180 si
3545 5126 3670 5198 quis
3716 5125 3793 5181 de
3830 5144 3951 5181 an-

2284 5221 2657 5276 tecessoribus
2680 5219 2908 5287 nostris,
2935 5242 2962 5270 ι)
2992 5236 3109 5275 non
3140 5220 3325 5292 magis
3353 5220 3421 5276 ad
3450 5219 3714 5292 Cypriani
3739 5237 3953 5292 quam

2285 5314 2354 5369 ad
2395 5314 2606 5372 Caecilii
2644 5320 3033 5369 antecessores
3093 5313 3387 5381 refertur;
3447 5314 3544 5369 sed
3590 5330 3719 5368 cum
3776 5331 3961 5371 unus

2283 5408 2356 5463 sit
2381 5408 2768 5479 episcopatus,
2797 5424 2930 5464 suos
2980 5423 3045 5462 ac
3079 5407 3284 5463 Caecilii
3319 5413 3709 5463 antecessores
3758 5412 3960 5464 vocat

2284 5503 2601 5575 Cyprianus
2630 5519 2729 5558 eos
2754 5503 2852 5575 qui
2881 5502 3098 5557 dudum
3122 5501 3779 5574 Ecclesiae-praefuerant.

2356 5599 2470 5653 Cur
2498 5601 2686 5652 autem
2734 5597 2881 5651 hanc
2923 5596 3233 5669 epistolam
3280 5600 3474 5651 exorta
3517 5597 3588 5651 de
3633 5595 3966 5667 Baptismo

2287 5692 2671 5747 controversia
2702 5692 2967 5763 scriptam
3014 5697 3232 5762 putem,
3264 5691 3649 5761 conjecturam
3682 5690 3844 5746 facio
3874 5708 3968 5747 ex

2287 5787 2375 5843 his
2406 5786 2593 5842 verbis
2622 5803 2637 5842 :
2673 5808 2701 5836 α
2731 5787 2796 5842 Et
2827 5787 2961 5860 quia
2998 5786 3119 5859 jam
3167 5785 3451 5843 secundus
3495 5786 3616 5859 ejus
3641 5785 3969 5844 adventus
