4084 6208
243 189 343 245 169

1608 183 1764 243 VlTA
1802 188 1858 243 S.
1898 186 2211 243 CYPRlANl
2223 230 2235 243 .

3500 188 3603 243 170

234 314 402 369 nobis
434 314 877 385 appropinquat,
909 313 1091 382 magis
1132 329 1195 366 ac
1244 312 1427 383 magis
1465 312 1721 382 benigna
1747 312 2097 397 ejusAnus,
2132 327 2333 381 parum
2381 326 2503 364 esse
2551 313 2709 364 ratus
2762 310 2909 381 quod
2951 310 3049 365 Dei
3090 309 3319 382 plebem
3374 311 3599 365 classico

234 416 285 461 et
331 408 495 478 larga
532 408 785 477 dignatio
830 407 999 461 corda
1040 414 1226 460 nostra
1264 408 1387 459 luce
1430 406 1683 460 veritatis
1736 406 1865 458 illu-

232 502 443 555 minat.
467 523 494 549 ››
521 500 568 572 1
587 499 706 572 67
740 502 911 570 Majas
937 500 1221 571 quidpiam
1254 500 1506 553 indicant
1535 499 1655 553 hmo
1675 499 1864 566 verba,

228 612 406 665 quam
446 602 510 647 ut
552 596 619 648 de
661 596 829 648 rebus
867 595 923 647 in
961 596 1068 648 hac
1114 594 1349 665 epistola
1390 593 1748 664 pertractatis
1778 592 1865 646 in-

228 688 588 758 telligantur.
620 690 749 743 Erat
787 688 943 742 enim
988 688 1347 758 exploratum
1378 686 1647 741 omnibus
1672 686 1862 741 Chris-

229 782 403 834 tianis
431 782 775 851 sanguinem
812 781 1022 835 Christi
1070 781 1129 834 in
1177 780 1345 834 calice
1393 797 1515 834 esse
1548 796 1662 834 non
1704 796 1868 850 posse

227 874 332 927 nisi
366 874 571 929 vinum
600 874 905 943 offeratur;
938 877 1108 944 atque
1128 874 1186 927 in
1215 874 1319 927 hoc
1349 890 1563 943 genere
1594 872 1868 944 perpauci

222 967 563 1038 peccabant,
624 968 797 1039 idque
852 974 1007 1023 metu
1066 967 1249 1038 magis
1296 974 1352 1022 et
1401 984 1572 1038 pravo
1626 968 1863 1037 pudore,

223 1078 401 1132 quam
432 1078 631 1116 errore
662 1061 1053 1132 pertinaci.'At
1092 1061 1148 1114 in
1179 1061 1556 1116 controversia
1585 1078 1759 1132 quam
1794 1061 1865 1114 de

220 1156 513 1225 baptismo
541 1155 855 1226 Cyprianus
882 1172 1009 1210 cum
1053 1158 1140 1209 tot
1180 1155 1434 1209 Ecclesiis
1464 1155 1683 1221 habuit,
1719 1154 1862 1208 veri-

222 1254 401 1302 tatem
444 1250 552 1304 sibi
590 1257 644 1303 et
694 1250 924 1320 collegis
973 1249 1125 1302 idem
1169 1248 1543 1303 sentientibus
1590 1248 1863 1318 singulari

221 1342 507 1397 beneﬁcio
566 1344 865 1397 revelatam
918 1342 1313 1409 contendebat,
1384 1346 1445 1396 ut
1519 1339 1863 1412 praecedenti

223 1436 413 1506 capite
466 1436 916 1491 observavimus.
964 1439 1115 1491 Hanc
1165 1436 1494 1490 uberiorem
1544 1434 1864 1489 illustratio-

226 1546 381 1595 nem,
403 1530 555 1583 hanc
581 1530 888 1599 benignam
913 1532 971 1583 et
992 1530 1208 1600 largam
1233 1528 1437 1585 Christi
1467 1527 1860 1598 dignationem

223 1623 414 1676 obiter
439 1630 678 1694 tangere
708 1623 932 1677 videtur
974 1623 1028 1677 in
1071 1624 1178 1677 hac
1210 1622 1451 1693 epistola
1496 1625 1583 1676 63.
1638 1624 1751 1675 Huc
1777 1638 1863 1675 ac-

1970 422 2086 458 sum
2114 406 2265 459 vocis
2302 405 2565 475 erigeret,
2610 405 2715 458 nisi
2756 405 3109 459 credentium
3148 406 3320 459 fidem
3364 412 3416 460 et
3455 407 3597 460 dica-

1970 504 2087 552 tam
2108 500 2216 552 Deo
2238 498 2620 568 devotamque
2645 498 2903 551 virtutem
2937 498 3127 552 divina
3148 497 3196 570 1
3214 498 3339 570 68
3362 500 3600 554 lectione

1971 592 2245 645 firmaret.
2320 591 2557 662 Scripsit
2600 592 2789 661 itaque
2836 592 3042 645 librum
3092 593 3156 645 de
3211 594 3599 648 Ephortatione

1967 690 2242 755 martyrii,
2298 690 2481 740 totum
2534 702 2681 755 pene
2746 702 2812 739 ex
2878 686 3183 756 Scripturaa
3254 688 3597 741 testimoniis

1968 779 2372 850 compositum.
2415 781 2640 833 Frustra
2686 780 2953 833 Baronius
3007 784 3061 833 et
3098 780 3279 833 Fellus
3318 781 3420 834 hoc
3456 798 3597 852 opus

1969 874 2072 927 sub
2103 873 2257 928 Gallo
2289 874 2603 938 collocant;
2646 879 2977 928 recensetur
3004 873 3159 927 enim
3187 890 3219 925 a
3249 874 3445 927 l’ontio
3476 876 3591 928 dia-

1968 983 2111 1021 cono
2142 974 2268 1038 post
2295 967 2470 1020 libros
2501 967 2565 1021 de
2590 969 2867 1020 Patientia
2918 973 2975 1020 et
3023 967 3088 1019 de
3132 967 3248 1020 cho
3289 974 3337 1019 et
3388 970 3596 1036 Livore,

1969 1064 2031 1113 ut
2086 1061 2347 1115 observat
2396 1060 2802 1114 Tillemontius.
2869 1062 3011 1116 Cum
3067 1065 3256 1113 autem
3328 1062 3595 1132 Cypriani

1968 1154 2245 1210 confessio
2295 1157 2352 1208 et
2382 1154 2715 1224 martyrium
2759 1153 2933 1223 ipsius
2976 1154 3133 1217 actis,
3169 1171 3297 1226 quae
3327 1156 3473 1208 infra
3501 1172 3599 1225 ap-

1965 1265 2263 1320 ponemus,
2310 1248 2643 1319 consignata
2689 1248 2822 1313 sint,
2873 1264 2987 1301 non
3037 1254 3214 1302 teram
3272 1252 3495 1319 tempus
3535 1250 3590 1302 in

1966 1343 2162 1397 iisdem
2196 1342 2361 1396 rebus
2393 1341 2750 1407 enarrandis,
2794 1341 2893 1395 sed
2939 1342 3072 1396 satis
3112 1342 3221 1396 erit
3256 1343 3491 1413 scriptas
3534 1344 3590 1397 in

1964 1437 2067 1490 hac
2099 1436 2496 1507 persecutione
2525 1435 2784 1505 epistolas
2814 1435 3061 1489 breviter
3097 1453 3408 1491 recensere.

2036 1532 2181 1585 Cum
2212 1529 2485 1583 edixisset
2520 1528 2849 1582 Valerianus
2887 1546 2956 1583 ne
2996 1529 3306 1585 Christiani
3342 1547 3584 1585 conven-

1963 1628 2052 1677 tus
2080 1630 2314 1694 agerent
2342 1628 2398 1676 et
2427 1622 2746 1676 coemeteria
2774 1622 3235 1692 ingrederentur,
3255 1628 3353 1677 aut
3382 1624 3427 1677 si
3461 1625 3589 1695 quis

224 1716 378 1769 cedit
410 1719 562 1787 quod
590 1717 869 1787 objectam
912 1716 1337 1771 consuetudinis
1364 1716 1760 1770 auctoritatem
1804 1695 1938 1768 inB
1964 1716 2096 1770 huic
2150 1719 2435 1786 praecepto
2494 1732 2609 1769 non
2680 1722 2925 1785 pareret,
2981 1716 3164 1786 capite
3226 1718 3587 1787 plecteretur,

224 1810 482 1881 epistolis
530 1811 599 1865 de
646 1810 927 1882 baptismo
978 1810 1197 1882 scriptis
1239 1809 1441 1865 eodem
1487 1810 1653 1864 modo
1694 1826 1759 1863 ac
1802 1809 1861 1862 in

224 1904 587 1974 sexagesima
623 1904 789 1959 tertia
816 1904 1039 1958 refellit.

286 1999 445 2051 Hanc
473 2000 666 2051 tamen
704 1998 1001 2069 epistolam
1033 1998 1367 2053 Pearsonius
1408 1997 1478 2052 ad
1509 2012 1726 2051 annum
1756 1999 1859 2051 253

215 2091 458 2144 collocat
493 2092 555 2144 in
583 2092 722 2145 Galli
751 2094 809 2145 et
846 2091 1128 2145 Volusiani
1172 2092 1586 2162 persecutione.
1616 2092 1862 2161 Tempus

214 2185 645 2254 persecutionis
686 2184 904 2257 colligit
948 2190 1070 2239 tum
1114 2202 1178 2239 ex
1220 2185 1425 2239 Christi
1458 2185 1733 2239 adventus
1760 2201 1856 2237 ex-

216 2278 595 2348 spectatione,
628 2285 749 2333 tum
779 2295 845 2333 ex
874 2278 959 2333 his
986 2278 1171 2333 verbis
1204 2281 1280 2349 (p.
1318 2279 1438 2347 109)
1474 2296 1487 2333 :
1524 2300 1551 2327 «
1582 2278 1698 2332 Nisi
1728 2279 1771 2331 si
1800 2279 1858 2331 in

216 2372 514 2426 sacrificiis
553 2372 850 2427 matutinis
893 2373 997 2427 hoc
1048 2373 1173 2444 quis
1218 2379 1462 2441 veretur,
1511 2389 1580 2427 ne
1623 2389 1725 2442 per
1775 2388 1859 2425 sa-

212 2482 418 2536 porem
465 2467 584 2520 vini
628 2467 878 2521 redoleat
920 2468 1262 2538 sanguinem
1311 2466 1535 2520 Christi.
1582 2466 1673 2521 Sic
1721 2483 1857 2537 ergo

214 2560 436 2630 incipit
466 2564 523 2615 et
548 2577 581 2614 a
611 2561 869 2631 passione
896 2561 1103 2616 Christi
1137 2561 1197 2614 in
1229 2560 1714 2631 persecutionibus
1742 2561 1855 2614 fm-

210 2655 464 2708 ternitas
521 2654 819 2722 retardari,
858 2655 991 2709 dum
1035 2656 1092 2708 in
1139 2655 1525 2709 oblationibus
1568 2654 1733 2709 discit
1782 2655 1852 2710 de

211 2748 501 2818 sanguine
528 2748 652 2817 ejus
683 2754 740 2803 et
765 2765 961 2803 cruore
999 2748 1287 2804 confundi.
1322 2770 1351 2798 »

276 2842 447 2904 Quod
499 2844 717 2912 spectat
759 2841 833 2895 ad
883 2843 1088 2897 Christi
1139 2843 1467 2909 adventum,
1506 2859 1619 2896 non
1667 2842 1852 2897 minus

207 2942 411 3007 aperta
463 2941 550 2989 est
604 2936 752 2989 illius
810 2938 1183 3007 exspectatio,
1239 2943 1303 2991 ut
1354 2954 1527 3007 supra
1582 2936 1848 3003 diximus,

1962 1810 2279 1880 Cyprianus
2302 1810 2564 1863 omnium
2594 1810 2813 1879 primus
2856 1809 2914 1862 in
2954 1810 3134 1863 Africa
3183 1811 3588 1880 persecutionis

1964 1904 2247 1974 impetum
2296 1902 2523 1957 videtur
2569 1902 2873 1972 excepisse.
2921 1902 2982 1957 ld
3029 1902 3179 1956 enim
3226 1904 3593 1958 observarunt

1964 1997 2170 2052 eruditi
2197 1997 2300 2050 viri
2328 2013 2395 2049 ex
2422 1996 2509 2049 his
2546 1995 2729 2049 verbis
2768 1995 2931 2067 epist.
2978 1998 3065 2061 78,
3118 1996 3213 2049 ubi
3244 1997 3589 2068 Cyprianum

1963 2090 2040 2145 sic
2082 2094 2355 2161 martyres
2391 2091 2755 2161 alloquuntur
2785 2106 2798 2143 :
2835 2089 3057 2153 «Quasi
3103 2090 3284 2144 bonus
3329 2098 3386 2146 et
3424 2109 3592 2146 verus

1962 2186 2178 2252 doctor,
2211 2185 2344 2255 quid
2375 2200 2476 2238 nos
2504 2183 2764 2253 discipuli
2794 2183 2969 2237 secuti
2994 2184 3140 2255 apud
3176 2186 3474 2254 praesidem
3504 2187 3588 2239 di-

1960 2294 2087 2333 cere
2120 2278 2483 2344 deberemus,
2517 2277 2671 2348 prior
2709 2276 2861 2347 apud
2898 2280 3023 2331 acta
3065 2279 3415 2348 proconsulis
3461 2297 3590 2351 pro-

1961 2372 2271 2441 nuntiasti;
2321 2377 2376 2425 et
2420 2370 2553 2424 tuba
2598 2388 2806 2424 canens
2850 2371 2964 2436 Dei,
3012 2370 3221 2425 milites
3273 2374 3589 2427 C(elestibus

1957 2465 2129 2519 armis
2177 2466 2482 2519 instructos
2529 2464 2602 2518 ad
2663 2465 3081 2535 congressionis
3131 2465 3390 2536 prmlium
3445 2469 3592 2521 exci-

1959 2560 2106 2626 tasti,
2137 2564 2195 2613 et
2220 2560 2277 2613 in
2305 2559 2423 2612 acie
2452 2559 2639 2629 prima
2666 2575 2930 2629 pugnans
2960 2559 3204 2630 spiritali
3250 2560 3439 2631 gladio
3469 2562 3584 2615 dia-

1954 2654 2149 2708 bolum
2180 2653 2511 2707 interfecisti
2537 2669 2550 2719 ;
2580 2653 2813 2723 agmina
2838 2669 3069 2724 quoque
3106 2653 3345 2708 fratrum
3374 2654 3507 2710 hinc
3535 2662 3591 2711 et

1956 2747 2089 2802 inde
2119 2746 2305 2800 verbis
2335 2747 2445 2801 tuis
2473 2746 2860 2817 composuisti,
2895 2768 2923 2797 »
2955 2750 3062 2801 etc.

2025 2841 2313 2895 Christum
2368 2856 2589 2894 summa
2641 2840 2813 2894 animi
2878 2840 3227 2895 ﬁrmitudine
3296 2842 3584 2896 confessus

1953 2952 2149 2990 coram
2183 2936 2419 2988 Paterno
2446 2934 2784 3004 proconsule
2809 2935 2977 2989 tertio
2999 2936 3100 2988 cal.
3126 2941 3265 3007 sept.
3286 2952 3435 2991 anno
3456 2939 3581 3002 257,

207 3048 257 3084 c.
288 3034 386 3096 '28,
418 3031 479 3083 in
514 3030 799 3083 nonnullis
830 3030 1096 3101 Cypriani
1136 3030 1422 3101 operibus,
1465 3047 1591 3102 quae
1631 3030 1687 3083 in
1719 3047 1850 3101 pace
1873 3061 1926 3133 Ο
1953 3030 2113 3083 exsul
2148 3027 2481 3098 deportatur
2518 3027 2574 3081 in
2615 3026 2871 3082 abditum
2913 3031 2970 3081 et
3006 3027 3329 3083 abstrusum
3366 3029 3577 3098 locum,

206 3126 427 3195 scripta
449 3140 570 3178 esse
599 3130 839 3179 constat.
870 3127 931 3179 In
959 3125 1127 3178 allato
1150 3128 1343 3179 autem
1376 3124 1704 3178 testimonio
1730 3140 1847 3178 non

207 3234 346 3272 eum
381 3222 604 3272 metum
636 3218 952 3289 Cyprianus
987 3218 1289 3289 exprobrat
1335 3218 1402 3271 iis
1451 3234 1593 3288 quos
1620 3218 1843 3285 refellit,

206 3329 279 3365 ne
310 3313 445 3382 quis
474 3328 547 3365 ex
588 3311 701 3365 vini
731 3312 909 3367 odore
939 3312 1287 3366 Christianus
1316 3328 1435 3366 esse
1461 3318 1802 3382 argueretur
1828 3330 1841 3381 ;

207 3407 507 3476 quomodo
558 3406 710 3460 enim
764 3406 820 3459 id
871 3405 1137 3477 suspicati
1191 3410 1375 3461 essent
1428 3405 1657 3474 ethnici,
1702 3422 1844 3477 quos

203 3499 443 3569 penitus
502 3499 713 3553 latebat
754 3501 887 3571 quid
948 3500 1004 3553 in
1051 3499 1506 3555 Christianorum
1562 3499 1843 3571 mysteriis

203 3601 483 3664 ageretur
510 3594 535 3646 ’ἶ
564 3594 658 3647 sed
696 3609 767 3647 ne
813 3593 929 3647 vini
980 3593 1296 3647 matutinus
1344 3592 1491 3647 odor
1535 3594 1722 3647 minus
1748 3593 1844 3647 ho-

202 3691 431 3740 nestam
458 3692 517 3739 et
548 3686 777 3756 dignam
809 3687 1043 3741 homine
1072 3686 1263 3741 sobrio
1291 3685 1543 3758 speciem
1588 3686 1839 3742 haberet.

198 3780 341 3833 Hinc
370 3780 536 3850 pacis
566 3780 752 3849 potius
780 3797 955 3851 quam
992 3781 1407 3851 persecutionis
1448 3787 1672 3852 tempus
1701 3780 1841 3834 indi-

198 3879 281 3929 cat
316 3874 663 3945 Cyprianus,
695 3874 833 3928 dum
872 3874 950 3929 ait
1004 3891 1097 3929 eos
1143 3874 1214 3928 ad
1247 3874 1583 3945 sanguinem
1625 3874 1682 3928 in
1719 3891 1840 3944 per-

199 3968 602 4023 secutionibus
677 3968 1029 4022 fundendum
1104 3968 1225 4023 ﬁeri
1301 3968 1577 4022 tardiores
1628 3968 1722 4039 qui
1772 3985 1839 4023 ex

197 4062 503 4133 sanguinis
534 4060 743 4116 Christi
774 4062 1179 4117 communione
1207 4068 1321 4116 tam
1358 4062 1479 4115 leve
1516 4061 1833 4116 incommo-

195 4158 334 4210 dum
366 4156 748 4211 reformidant
768 4174 785 4225 ;
804 4172 1153 4227 quamquam
1176 4156 1408 4210 inanem
1429 4157 1587 4209 illum
1618 4160 1835 4210 metum

194 4269 308 4305 non
365 4250 779 4319 asseverando,
831 4252 927 4306 sed
991 4251 1180 4322 potius
1232 4250 1585 4321 conjiciendo
1649 4266 1835 4321 repre-

195 4347 421 4401 hendit.

341 4440 564 4495 XXXIV.
595 4470 661 4479 —
696 4441 962 4506 Confessio
988 4446 1038 4494 et
1058 4442 1382 4508 martyrium
1405 4438 1688 4508 Cypriani.

260 4536 370 4589 Tot
402 4533 627 4589 eximiis
664 4532 939 4604 Cypriani
974 4534 1043 4587 de
1091 4533 1331 4587 Ecclesia
1358 4534 1595 4600 meritis,
1638 4536 1723 4587 tot
1750 4546 1833 4585 re-

190 4628 299 4683 bus
356 4629 630 4699 prasclare
682 4628 857 4698 gestis
915 4627 1057 4681 nihil
1112 4628 1239 4682 addi
1300 4646 1462 4699 posse
1538 4629 1833 4684 videbatur

188 4729 406 4793 praeter
438 4722 806 4775 confessionis
846 4727 902 4775 et
940 4722 1200 4793 martyrii
1240 4723 1487 4776 laudem.
1517 4724 1829 4794 Utrumque

190 4816 407 4873 Christi
440 4815 593 4869 dono
620 4820 959 4869 consecutus
1003 4819 1088 4869 est
1126 4816 1181 4868 in
1225 4816 1615 4886 persecutione
1671 4818 1826 4871 Vale-

190 4913 363 4976 riani,
396 4911 497 4980 qui
527 4926 655 4963 cum
685 4909 1032 4963 Christianos
1070 4910 1415 4981 aliquamdiu
1458 4910 1718 4981 privatim
1767 4927 1830 4964 ac

188 5005 427 5077 publice
460 5004 617 5057 omni
649 5004 1005 5059 humanitate
1047 5004 1291 5073 favisset,
1332 5009 1527 5076 postea
1568 5003 1829 5059 Macriani

191 5100 419 5153 artibus
451 5098 734 5164 inductus,
772 5115 1043 5169 magnum
1074 5116 1130 5152 se
1163 5100 1465 5170 quemdam
1497 5116 1560 5153 ac
1604 5100 1828 5153 felicem

191 5193 611 5264 imperatorem
643 5192 769 5246 fore
810 5193 1055 5262 speravit
1103 5194 1146 5247 si
1191 5194 1568 5249 Christianam
1605 5193 1831 5263 religio-

193 5303 326 5341 nem
358 5288 907 5358 oppugnaret.Cum
936 5287 1251 5357 persecutio
1279 5288 1519 5341 instaret
1541 5288 1596 5340 in
1622 5287 1826 5352 Africa,

196 5381 541 5436 Fortunatus
593 5380 913 5451 epiSCOpus,
959 5381 1108 5435 idem
1158 5382 1302 5436 forte
1345 5382 1443 5452 qui
1489 5381 1547 5434 in
1610 5380 1827 5453 synodo

198 5476 645 5544 Carthaginensi
688 5474 899 5527 dicitur
930 5475 1229 5547 episcopus
1271 5493 1302 5529 a
1349 5475 1671 5541 Tuccabori,
1722 5478 1823 5546 Cy-

198 5570 465 5639 prianum
495 5570 717 5639 rogavit
742 5572 807 5621 ut
832 5568 906 5622 ad
933 5570 1332 5641 praeparandus
1358 5576 1412 5624 et
1443 5571 1823 5624 corroboran-

198 5663 293 5715 das
353 5662 592 5716 fratrum
649 5669 871 5717 mentes
915 5664 981 5718 de
1032 5663 1234 5717 divinis
1285 5664 1590 5734 Scripturis
1634 5664 1824 5718 horta-

198 5765 401 5815 menta
428 5764 818 5831 componeret.
851 5757 1115 5812 Libenter
1145 5758 1557 5830 obtemperavit
1596 5758 1822 5830 Cypria-

526 5855 701 5919 PATR
716 5874 814 5919 0L.
867 5854 966 5919 IV.

1952 3123 2048 3193 qui
2076 3120 2316 3177 Curubis
2345 3120 2658 3175 dicebatur.
2685 3120 3005 3176 Comitatus
3026 3126 3109 3176 est
3138 3138 3270 3177 eum
3298 3122 3353 3175 in
3384 3122 3578 3177 exsilio

1949 3215 2183 3270 Pontius
2211 3214 2510 3283 diaconus,
2541 3214 2637 3285 qui
2666 3214 2836 3268 vitam
2864 3215 3041 3285 ipsius
3083 3216 3322 3286 scripsit.
3369 3217 3447 3270 Eo
3473 3234 3576 3271 au-

1947 3315 2062 3363 tem
2103 3308 2193 3363 die
2242 3325 2354 3379 quo
2410 3309 2658 3378 primum
2714 3309 2771 3362 in
2822 3308 3001 3363 exsilii
3048 3310 3167 3363 loco
3219 3317 3573 3378 manserunt,

1947 3403 2198 3457 monitus
2237 3407 2323 3457 est
2368 3402 2679 3473 Cyprianus
2722 3402 2933 3457 visione
2980 3407 3257 3457 nocturna
3288 3405 3356 3458 de
3385 3405 3575 3459 futuro

1946 3497 2253 3567 martyrio;
2310 3495 2409 3550 sed
2456 3496 2786 3567 impetravit
2823 3496 3155 3551 dilationem
3207 3498 3458 3565 crastini,
3518 3505 3577 3553 ut

1942 3608 2036 3646 res
2079 3607 2212 3644 suas
2263 3590 2356 3644 die
2407 3590 2502 3643 illo
2551 3605 2724 3661 quem
2779 3589 3212 3660 impetraverat,
3260 3591 3569 3648 ordinaret.

1943 3687 2151 3739 Verum
2209 3706 2235 3733 «ι
2296 3683 2385 3737 hic
2430 3683 2553 3737 dies
2613 3700 2759 3737 unus
2808 3683 3160 3754 signiﬁcabat
3206 3701 3441 3753 annum,
3495 3680 3574 3742 ait

1944 3778 2173 3834 Pontius
2209 3797 2219 3832 :
2253 3794 2384 3831 nam
2415 3793 2483 3832 eo
2512 3776 2602 3831 die
2632 3783 2759 3848 post
2789 3782 3044 3832 exactum
3093 3794 3309 3832 annum
3339 3795 3572 3834 corona-

1940 3880 2030 3930 tus
2058 3880 2160 3942 est,
2192 3890 2303 3944 quo
2332 3873 2439 3926 hoc
2465 3871 2547 3925 illi
2576 3874 2709 3925 ante
2736 3888 2954 3926 annum
2984 3872 3171 3926 fuerat
3198 3880 3512 3930 ostensum.
3538 3898 3567 3925 ν

1938 3970 2015 4023 Eo
2044 3973 2233 4022 autem
2265 3966 2480 4021 facilius
2511 3965 2594 4019 illi
2619 3965 2787 4020 rebus
2827 3965 3073 4019 ecclesiae
3113 3983 3229 4020 sua:
3268 3969 3567 4038 providere

1940 4079 2005 4117 ac
2034 4062 2092 4116 in
2126 4061 2324 4132 primis
2370 4061 2427 4114 in
2478 4059 2845 4114 sublevandis
2886 4058 3227 4129 pauperibus
3269 4078 3429 4117 curas
3459 4065 3565 4119 im-

1937 4156 2209 4229 pendere,
2245 4155 2395 4226 quod
2426 4154 2529 4207 sub
2554 4154 2720 4224 Xysto
2751 4174 2778 4202 (ί
2813 4152 2961 4206 bono
3008 4155 3066 4206 et
3104 4153 3333 4223 paciﬁco
3374 4174 3561 4212 sacer-

1938 4252 2091 4318 dote,
2125 4270 2149 4301 »
2179 4252 2239 4303 ut
2267 4250 2345 4303 ait
2375 4248 2627 4314 Pontius,
2660 4248 2871 4301 sedata:
2914 4246 3293 4303 dissensiones
3337 4252 3564 4322 magnis

1938 4362 2067 4400 eum
2098 4344 2371 4398 molestiis
2399 4342 2772 4397 exsolverent.
2801 4343 2944 4397 Cum
2990 4342 3304 4413 Cyprianus
3333 4344 3389 4399 in
3418 4347 3559 4401 exsi-

1857 4433 2012 4504 Dlio
2079 4443 2418 4505 moraretur,
2470 4436 2632 4491 multi
2693 4435 2939 4506 episcopi
3014 4437 3390 4493 constantiam
3441 4442 3563 4513 ejus

1934 4533 2139 4588 imitati
2168 4537 2318 4600 sunt,
2347 4546 2659 4600 eorumque
2685 4530 3013 4599 exemplum
3040 4536 3229 4585 secuta
3270 4534 3557 4605 multiplex

1932 4626 2113 4699 plebis
2140 4624 2324 4696 portio
2352 4623 2611 4677 confessa
2642 4625 2727 4676 est
2765 4622 2978 4692 pariter
3022 4637 3152 4675 cum
3198 4624 3277 4676 eis
3330 4629 3387 4679 et
3416 4630 3562 4696 pari-

1933 4726 2018 4776 ter
2044 4725 2310 4775 coronata
2337 4723 2437 4784 est,
2472 4734 2505 4770 a
2534 4715 2848 4787 praepositis
2892 4714 3004 4767 suis
3045 4732 3146 4770 nec
3183 4734 3405 4771 carcere.
3451 4737 3554 4776 nec

1935 4814 2164 4869 metallo
2206 4816 2479 4883 separata.
2531 4811 2718 4879 Neque
2766 4807 2824 4860 in
2866 4807 2971 4861 hoc
3014 4825 3260 4864 numero
3307 4811 3559 4883 virgines

1934 4913 1989 4963 et
2016 4907 2179 4979 pueri
2210 4906 2535 4960 defuerunt.
2562 4903 2865 4957 Beatorum
2901 4905 3216 4973 martyrum
3250 4922 3380 4975 pars
3403 4923 3557 4963 coro-

1930 5008 2082 5068 nata,
2112 5018 2241 5071 pars
2268 5000 2325 5053 in
2355 5014 2579 5053 carcere
2621 4995 2930 5061 remansit;
2975 4996 3067 5049 alii
3115 5000 3357 5053 metallis
3391 5001 3554 5057 dam-

1930 5096 2047 5151 nati
2077 5098 2229 5162 sunt,
2270 5092 2362 5146 ubi
2414 5094 2552 5163 quot
2597 5107 2879 5145 aerumnas
2927 5091 3267 5160 pertulerint
3311 5096 3555 5168 perspici

1932 5195 2116 5262 potest
2141 5205 2205 5241 ex
2232 5187 2468 5259 epistola
2493 5190 2580 5253 77,
2614 5201 2785 5256 quam
2830 5185 2897 5237 ad
2938 5200 3034 5238 eos
3074 5186 3295 5256 scripsit
3329 5190 3559 5260 Cypria«

1929 5303 2035 5339 nus
2064 5280 2388 5354 gratulandi
2411 5280 2590 5349 magis
2616 5295 2785 5350 quam
2813 5278 3146 5332 consolandi
3170 5285 3559 5340 causa.Vincti

1930 5382 2094 5435 erant
2132 5376 2304 5449 pedes
2347 5373 2693 5429 traversariis
2730 5378 2786 5427 et
2829 5372 3235 5443 compedibus;
3293 5377 3455 5431 humi
3475 5379 3558 5449 ja-

1929 5474 2133 5529 cebaut
2159 5472 2279 5525 sine
2309 5470 2485 5537 lecto;
2517 5468 2674 5539 panis
2702 5467 2940 5537 exiguus
2966 5467 3362 5537 prtrbebatur;
3388 5473 3556 5527 vestis

1928 5566 2248 5639 algentibus
2276 5565 2509 5630 deerat;
2558 5560 2849 5615 semitonsi
2888 5560 3104 5630 capitis,
3144 5562 3380 5632 capillus
3429 5566 3557 5619 hor-

1929 5664 2107 5716 rebat.
2140 5658 2416 5728 Inscripta
2450 5660 2535 5709 est
2570 5655 2813 5726 epistola
2854 5657 3195 5724 coepiscopis,
3236 5658 3561 5726 presbyteris

1929 5764 1978 5812 ct
2013 5753 2323 5809 diaconibus
2349 5756 2398 5806 et
2422 5752 2622 5806 caeteris
2652 5748 2936 5817 fratribus.
2977 5747 3159 5803 Simul
3210 5748 3361 5803 misit
3388 5768 3558 5821 pecu-

3200 5846 3237 5910 6
