4084 6208
479 269 571 325 1⁸71

1829 260 1980 319 VITA
2021 263 2074 317 S.
2107 261 2443 317 CYPRIANI.

3737 262 3834 318 l72

477 397 587 451 nite
623 411 905 450 summam
951 411 1050 448 suo
1098 395 1155 448 et
1196 392 1411 458 Quirini
1458 391 1694 446 nomine
1748 407 1850 462 per
1902 392 2106 444 Heren-
2129 389 2420 472 Aubique
2469 389 2691 444 hortatu
2732 405 2926 445 eorum
2978 388 3157 461 possit
3204 390 3528 444 fraternitas
3575 390 3837 444 corrobo-

480 490 719 544 niannm
746 487 1224 559 hypodiaconum,
1273 492 1328 540 et
1365 488 1650 540 Lucanum
1702 490 1756 538 et
1801 484 2105 540 Maximum

482 590 537 638 et
574 583 926 644 Amantium,
970 581 1282 652 acolythos.
1329 580 1544 635 Gratias
1607 584 1848 649 egerunt
1898 579 2109 632 confes-

481 693 638 731 sores
665 692 767 746 per
793 678 906 729 tres
937 675 1182 729 diversas
1221 674 1454 740 litteras,
1499 674 1634 744 quia
1676 672 1843 726 variis
1885 672 1939 726 in
1975 671 2109 725 locis

480 768 830 824 laborabant.
891 770 1129 823 Exstant
1425 769 1512 822 has
1571 767 1795 836 litterae,
1869 773 2110 838 suntque

483 862 843 934 Cyprianicas
871 864 959 930 78,
989 864 1078 931 79,
1107 865 1194 917 80.

553 955 819 1027 Cypriani
870 956 1114 1010 Charitas
1152 955 1350 1011 Africae
1413 953 1620 1008 finibus
1678 971 1790 1008 non
1851 954 2105 1008 contineo

482 1049 685 1118 batur;
739 1049 838 1103 sed
886 1049 929 1102 si
979 1049 1156 1104 codici
1213 1048 1610 1120 antiquissimo
1652 1048 1789 1102 fides
1832 1047 2109 1115 habenda,

483 1143 687 1198 litteris
712 1143 968 1197 hortatus
1007 1152 1092 1198 est
1128 1143 1266 1197 duos
1313 1143 1452 1197 alios
1499 1147 1794 1213 martyres,
1845 1142 2111 1212 Augusti-

487 1253 624 1290 num
655 1240 714 1290 et
746 1236 1122 1304 Felicitatem,
1152 1236 1248 1307 qui
1277 1238 1480 1306 Capuae
1512 1236 1568 1289 in
1610 1235 1917 1307 Campania
1960 1236 2111 1307 passi

484 1331 749 1385 feruntur
778 1330 834 1384 in
872 1330 1072 1384 eadem
1120 1329 1398 1384 Valeriani
1439 1331 1850 1401 persecutione.
1894 1329 2110 1384 Utrius-

486 1441 596 1496 que
629 1440 838 1478 nomen
870 1423 1078 1492 legitur
1113 1423 1170 1477 in
1200 1423 1448 1495 antiquis
1475 1423 1894 1494 Martyrologiis
1920 1423 2113 1478 Hiero-

489 1535 664 1589 nymo
689 1517 967 1588 ascriptis.
1003 1516 1302 1571 Existimat
1328 1517 1720 1571 Tillemontius
1739 1517 2112 1588 Cyprianum,

486 1614 698 1682 praeter
747 1611 955 1664 librum
1014 1612 1078 1664 dc
1130 1612 1524 1665 Emhortatione
1574 1613 1854 1680 Murtyriz',
1908 1616 2118 1682 praeter

487 1705 705 1759 litteras
734 1706 807 1759 ad
834 1704 1187 1771 Confessorcs,
1218 1704 1370 1759 aliud
1400 1721 1541 1774 opus
1580 1705 1636 1758 in
1677 1705 1943 1758 eamdem
1984 1721 2112 1759 sen-

2209 483 2340 536 rari.
2385 486 2490 538 Pro
2537 499 2602 536 eo
2648 484 2797 554 quod
2827 484 3154 538 Valerianus
3208 484 3556 554 rescripsisse
3606 483 3835 550 dicitur,

2211 579 2273 630 ut
2307 577 2634 643 Caesariani,
2681 599 2707 624 ‹‹
2747 578 3088 648 quicumque
3131 578 3218 631 vel
3257 577 3412 648 prius
3439 577 3680 632 confessi
3725 579 3840 631 fuc-

2209 673 2357 737 rant,
2379 672 2463 725 vel
2487 687 2638 725 nunc
2665 671 2904 726 confessi
2933 671 3162 740 fuerint,
3191 670 3567 726 confiscentur
3593 677 3648 726 et
3668 670 3840 725 vincti

2209 763 2269 817 in
2319 764 2670 819 Caesarianas
2723 766 3106 837 possessiones
3153 764 3421 836 descripti
3463 765 3780 831 mittantur,
3813 786 3839 814 η

2213 858 2390 912 multo
2421 857 2604 929 aptius
2632 858 2741 931 legi
2774 864 2962 930 posset
2990 880 3018 907 ‹‹
3039 863 3094 912 et
3123 859 3337 930 scripti,
3364 879 3390 908 ››
3422 863 3481 913 ut
3505 862 3591 913 est
3619 858 3674 913 in
3706 857 3837 913 cod.

2210 952 2540 1021 Veron.,vel
2567 973 2595 1002 ί(
2629 956 2686 1006 et
2705 952 2980 1024 inscripti,
3013 951 3209 1024 170
3241 952 3371 1006 utin
3399 953 3644 1008 Colbert.
3677 953 3842 1006 2442.

2213 1045 2366 1100 Inter
2392 1044 2670 1116 supplicia
2702 1045 2963 1100 veniebat
2991 1046 3088 1100 illa
3131 1045 3388 1116 inscripti
3433 1045 3637 1100 frontis
3681 1045 3845 1114 igno-

2212 1139 2409 1207 minia,
2439 1143 2501 1193 ut
2529 1145 2686 1210 patet
2729 1157 2795 1194 ex
2847 1139 2935 1194 his
2979 1139 3163 1195 verbis
3205 1139 3391 1194 Pontii
3421 1155 3434 1193 :
3471 1161 3497 1189 ‹‹
3530 1139 3665 1204 Quis
3692 1139 3850 1194 deni-

2213 1250 2321 1304 que
2368 1237 2452 1288 tot
2495 1233 2840 1289 confessores
2882 1234 3155 1288 frontium
3213 1237 3540 1288 notatarum
3596 1233 3849 1288 secunda

2211 1327 2581 1398 inscriptione
2631 1328 2903 1400 signatos,
2956 1333 3012 1382 et
3063 1327 3136 1382 ad
3189 1327 3513 1398 exemplum
3581 1327 3850 1398 martyrii

2214 1422 2543 1493 superstites
2569 1427 2906 1491 reservatos,
2939 1421 3225 1477 incentivo
3251 1422 3399 1476 tubze
3441 1422 3681 1477 caalestis
3725 1421 3846 1474 ani-

2217 1519 2405 1569 maret
2427 1517 2455 1570 ?
2487 1539 2513 1566 »

2287 1611 2590 1681 Postquam
2620 1612 2901 1681 perlatum
2929 1613 3013 1666 est
3037 1611 3106 1665 ad
3137 1610 3481 1682 Cyprianum
3525 1609 3839 1664 frumenta-

2217 1703 2328 1757 rios
2362 1703 2559 1758 missos
2584 1721 2706 1758 esse
2741 1704 2838 1775 qui
2867 1721 2997 1775 eum
3023 1704 3241 1759 Uticam
3268 1703 3675 1775 perducerent,
3713 1720 3842 1757 con-

487 1800 729 1852 tentiam
759 1798 1067 1869 scripsisse.
1098 1799 1240 1852 Nam
1277 1799 1526 1865 Pontius,
1571 1804 1866 1870 postquam
1904 1799 2112 1853 librum
2135 1767 2193 1841 Β
2216 1797 2335 1851 silio
2363 1797 2829 1852 charissimorum
2873 1799 3157 1853 consensit
3202 1800 3262 1851 ut
3307 1797 3376 1852 de
3423 1799 3603 1852 hortis
3633 1797 3748 1851 suis
3788 1797 3848 1850 in

493 1893 559 1947 de
584 1894 976 1948 Ecchortatione
990 1894 1248 1960 martyrii
1273 1893 1758 1959 commemoravit,
1781 1892 1902 1946 haec
1928 1893 2112 1948 addit:

494 2005 520 2036 (ι
564 1985 701 2048 Quis
753 1985 1001 2055 denique
1057 1989 1140 2038 tot
1182 1986 1528 2039 confessores
1575 1985 1850 2040 frontium
1891 1989 2112 2041 notata-

493 2095 618 2132 rum
647 2079 895 2133 secunda
915 2079 1286 2149 inscriptione
1315 2079 1584 2149 signatos,
1609 2084 1665 2133 et
1691 2079 1762 2132 ad
1790 2080 2113 2150 exemplum

488 2172 743 2244 martyrii
813 2173 1146 2243 superstites
1198 2178 1532 2240 reservatos,
1602 2172 1886 2228 incentivo
1966 2174 2116 2229 tubas

491 2267 728 2321 caelestis
755 2267 1147 2321 animaret?»
1193 2268 1381 2332 Porro,
1427 2283 1554 2320 cum
1597 2268 1828 2321 Pontius
1873 2267 2041 2322 libros
2085 2285 2114 2322 a

493 2361 776 2430 Cypriane
829 2361 1068 2430 scriptos
1123 2360 1227 2413 hoc
1275 2361 1397 2414 loco
1440 2363 1754 2428 recenseat,
1806 2378 1906 2416 nec
1951 2362 2112 2433 quid-

493 2470 667 2524 quam
704 2452 851 2507 dicat
885 2454 955 2506 de
1001 2453 1273 2523 epistolis,
1313 2453 1516 2507 librum
1569 2454 1818 2524 aliquem
1865 2456 1948 2509 vir
1994 2472 2118 2510 eru-

492 2547 644 2600 ditus
671 2547 758 2600 his
789 2547 968 2601 verbis
995 2547 1234 2601 indicari
1263 2552 1440 2618 putat.

565 2641 706 2695 Cum
740 2641 834 2695 diu
876 2641 1115 2694 Curubis
1153 2646 1471 2696 moraretur
1514 2643 1842 2714 Cyprianus,
1875 2647 2114 2700 Paterno

493 2733 818 2806 proconsuli
849 2735 1113 2789 successit
1155 2735 1404 2789 Galerius
1435 2736 1725 2804 Maximus,
1767 2737 1864 2808 qui
1892 2741 2116 2810 Cypria-

493 2845 655 2896 num,
685 2828 754 2882 ab
787 2828 982 2882 exsilio
1013 2837 1352 2897 revocatum,
1385 2829 1440 2882 in
1473 2829 1648 2885 hortis
1685 2847 1913 2887 manere
1947 2833 2116 2903 jussit

496 2922 632 2975 dum
679 2923 1021 2976 sententiam
1052 2921 1123 2976 de
1165 2922 1260 2976 illo
1300 2923 1492 2978 ferret.
1529 2925 1634 2978 llos
1663 2924 1853 2978 hortos
1881 2927 2110 2998 Cypria-

489 3031 596 3069 nus
625 3015 784 3068 initio
823 3015 1199 3069 conversionis
1242 3015 1593 3086 vendiderat,
1638 3035 1700 3071 ac
1746 3019 1988 3089 pretium
2029 3022 2109 3075 di-

2215 1890 2465 1945 abditum
2504 1891 2752 1962 aliquem
2796 1893 2981 1946 locum
3019 1891 3333 1946 secederet.
3363 1890 3500 1945 Inde
3551 1891 3623 1945 ad
3663 1891 3844 1945 eccle-

2215 1984 2354 2038 siam
2383 2001 2541 2038 suam
2567 1985 2792 2057 scripsit
2829 1986 3122 2057 epistolam
3151 1986 3438 2052 ultimam,
3469 2001 3596 2055 qua:
3645 1990 3730 2038 est
3755 1986 3850 2052 83,

2215 2094 2385 2152 seque
2449 2078 2596 2132 hanc
2662 2079 2959 2132 secedendi
3020 2095 3247 2133 causam
3305 2073 3568 2132 habuisse
3630 2084 3848 2144 narrat,

2217 2171 2366 2242 quod
2437 2171 2797 2227 committere
2855 2173 3101 2227 nquerit
3164 2177 3241 2240 ut,
3287 2172 3345 2226 in
3392 2171 3582 2226 aliena
3621 2171 3846 2224 civitate

2216 2269 2439 2336 accepta
2473 2282 2645 2337 super
2666 2265 3014 2320 confessione
3046 2265 3354 2333 sententia,
3386 2265 3592 2319 exinde
3628 2269 3850 2334 martyr

2218 2359 2286 2412 ad
2318 2359 2622 2413 Dominum
2656 2361 3131 2430 proficisceretur;
3159 2381 3185 2411 «
3207 2358 3684 2429 Quandoquidem
3711 2374 3853 2428 ego,

2217 2452 2421 2523 inquit,
2459 2458 2515 2506 et
2541 2469 2642 2523 pro
2677 2470 2766 2506 me
2809 2457 2865 2507 et
2913 2470 3015 2524 pro
3062 2453 3218 2507 vobis
3257 2452 3403 2523 apud
3443 2469 3536 2504 vos
3565 2450 3849 2518 confiteri,

2217 2551 2273 2599 et
2298 2546 2373 2599 ibi
2405 2547 2540 2617 pati,
2571 2550 2626 2600 et
2652 2547 2853 2601 exinde
2885 2548 2953 2600 ad
2976 2547 3277 2602 Dominum
3309 2545 3606 2617 proficisci,
3640 2544 3855 2598 oratio-

2216 2639 2383 2693 nibus
2409 2640 2692 2694 continuis
2739 2641 3033 2712 deprecer,
3077 2644 3134 2695 et
3178 2641 3318 2694 votis
3363 2639 3628 2695 omnibus
3671 2654 3850 2708 exop-

2217 2735 2357 2800 tem,
2416 2739 2472 2787 et
2513 2733 2771 2789 debeam.
2803 2755 2830 2783 ››
2879 2735 3146 2789 Hortatur
3193 2740 3252 2788 ut
3298 2734 3545 2805 quietem
3598 2739 3654 2790 et
3699 2739 3856 2789 tran-

2217 2826 2550 2896 quillitatem
2595 2833 2847 2893 teneant,
2881 2844 2984 2882 nec
3033 2828 3332 2900 quisquam
3378 2831 3689 2884 tumultum
3737 2847 3858 2884 mo-

2214 2925 2363 2986 veat,
2390 2925 2485 2973 aut
2515 2920 2662 2975 ultro
2690 2938 2748 2975 se
2778 2922 3082 2992 gentilibus
3112 2921 3328 2976 offerat.

2284 3017 2424 3070 Cum
2464 3015 2720 3071 rediisset
2748 3016 3152 3086 Carthaginem
3184 3018 3501 3087 proconsul,
3535 3017 3703 3072 rediit
3744 3018 3852 3089 Cy-

496 3109 804 3162 stribuerat
831 3108 1177 3180 pauperibus
1205 3127 1217 3176 ;
1248 3109 1348 3163 sed
1379 3111 1428 3164 ei
1455 3111 1550 3165 Dei
1579 3112 1933 3183 indulgentia
1963 3120 2114 3173 resti-

2222 3107 2454 3178 prianus
2469 3109 2526 3163 in
2555 3109 2749 3165 hortos
2769 3127 2916 3177 suos,
2931 3110 3263 3164 carnificem
3283 3116 3633 3181 exspectans.
3653 3133 3679 3159 ‹‹
3703 3111 3856 3165 Con-

488 3205 642 3256 tutos
691 3203 862 3257 fuisse
928 3202 1195 3256 discimus
1258 3220 1323 3257 ex
1379 3205 1576 3258 Pontio
1656 3206 1914 3264 diacono.
1971 3213 2114 3268 Dum

493 3299 687 3348 autem
747 3295 997 3349 ecclesiae
1046 3312 1162 3349 sua
1223 3297 1514 3367 prospicit,
1574 3315 1638 3353 ac
1692 3301 1838 3356 diem
1898 3321 1960 3358 ex
2029 3306 2119 3361 die

492 3392 803 3459 exspectat,
859 3393 919 3442 nt
969 3389 1248 3460 promisso
1291 3390 1348 3443 in
1403 3390 1611 3445 visione
1656 3396 1929 3466 martyrio
1957 3415 2116 3453 coro-

488 3487 677 3548 netur,
706 3481 847 3536 varii
903 3485 962 3535 et
1002 3482 1201 3536 incerti
1248 3500 1537 3538 sermones
1582 3485 1639 3539 in
1689 3489 1886 3558 vulgus
1940 3495 2116 3562 sparsi

489 3591 619 3629 eum
650 3575 1016 3629 adduxerunt
1064 3583 1127 3630 nt
1167 3577 1403 3631 Romam
1450 3579 1703 3634 mitteret
1750 3583 1845 3653 qui
1884 3589 2037 3640 certa
2064 3591 2122 3640 et

489 3669 781 3739 explorata
800 3671 876 3726 de
901 3669 1067 3722 rebus
1097 3671 1350 3725 Ecclesia:
1382 3672 1678 3728 referrent.
1709 3676 1772 3730 Hi
1802 3678 1985 3732 reditu
2017 3696 2118 3734 suo

488 3761 894 3816 nuntiaverunt
933 3762 1284 3834 rescripsisse
1330 3765 1690 3821 Valerianum
1736 3769 1804 3823 ad
1851 3778 2117 3826 senatum

491 3861 553 3909 ut
594 3854 870 3926 episcopi,
925 3855 1238 3927 presbyteri
1294 3861 1350 3912 et
1413 3859 1634 3914 diaconi
1690 3862 1745 3916 in
1803 3865 2119 3920 continenti

486 3948 1011 4004 animadvertantur
1039 3967 1052 4018 ;
1079 3957 1364 4006 senatores
1390 3969 1522 4007 vero
1552 3958 1605 4008 et
1653 3955 1754 4009 viri
1807 3960 2025 4029 egregii
2065 3963 2120 4014 et

492 4042 711 4114 equites
790 4044 1051 4111 Romani,
1099 4045 1374 4115 dignitate
1437 4046 1661 4116 amissa,
1728 4049 1897 4104 etiam
1955 4052 2119 4107 bonis

488 4136 825 4207 spolientur,
859 4141 916 4191 et
953 4139 1020 4204 si,
1055 4139 1338 4210 ademptis
1383 4140 1766 4212 facultatibus,
1818 4145 2120 4200 Christiani

489 4246 608 4286 esse
674 4232 1182 4302 perseveraverint,
1231 4233 1416 4304 capite
1465 4251 1687 4307 quoque
1733 4239 2117 4307 mulctentur;

489 4331 790 4390 matronae,
822 4324 1104 4394 ademptis
1129 4325 1314 4392 bonis,
1349 4327 1405 4380 in
1455 4329 1708 4383 exsilium
1756 4333 2117 4403 relegentur;

492 4416 800 4471 Cmsariani
849 4417 1190 4490 quicumque
1238 4419 1324 4474 vel
1370 4421 1527 4492 prius
1585 4424 1822 4479 confessi
1876 4425 2117 4495 fuerant,

490 4511 576 4564 vel
627 4528 776 4564 nunc
814 4512 1056 4565 confessi
1094 4512 1327 4581 fuerint,
1357 4515 1756 4586 confiscentur,
1785 4525 1840 4573 et
1867 4519 2037 4574 vincti
2065 4521 2122 4575 in

491 4605 840 4659 Ca'sarianas
868 4606 1258 4677 possessiones
1287 4607 1553 4680 descripti
1591 4595 1913 4667 mittantur.
1943 4614 2122 4669 Adde-

486 4697 626 4754 bant
666 4700 894 4770 Xystum
939 4699 995 4753 in
1038 4701 1366 4757 cmmeterio
1421 4703 1878 4760 animadversum
1926 4711 2121 4762 octavo

491 4791 691 4847 Iduum
727 4795 1110 4863 Augustarum
1146 4795 1256 4864 die,
1305 4801 1360 4850 et
1399 4813 1526 4850 cum
1575 4815 1640 4852 eo
1688 4799 1952 4855 diacones
1978 4817 2118 4872 qua-

488 4891 658 4955 tuor;
712 4887 810 4941 sed
857 4892 913 4941 et
961 4889 1342 4960 persecutioni
1385 4892 1636 4962 quotidie
1682 4894 1975 4964 praefectos
2031 4895 2117 4949 in-

491 4983 666 5048 stare,
703 4988 762 5035 ut
791 4981 836 5034 si
867 4983 964 5052 qui
997 4982 1100 5034 sibi
1130 4982 1302 5038 oblati
1332 4985 1545 5038 fuerint
1579 4987 2117 5056 animadvertantur,

491 5078 548 5128 et
571 5069 717 5129 bona
764 5092 965 5130 eorum
1013 5075 1148 5129 ﬁsco
1192 5076 1572 5132 vindicentur.
1621 5079 1886 5136 Libenter
1926 5082 2016 5136 his
2048 5083 2119 5137 de

488 5168 662 5222 rebus
716 5168 985 5222 certiores
1051 5169 1296 5240 collegas
1339 5171 1562 5226 fecisset
1633 5174 1966 5244 Cyprianus,
2024 5177 2118 5230 sed

488 5278 603 5317 non
641 5267 761 5316 erat
799 5262 1033 5316 facultas
1083 5261 1420 5318 clericorum
1465 5281 1610 5337 quos
1658 5267 1951 5324 mitteret:
1983 5286 2118 5324 nam

488 5356 739 5410 universi
763 5355 865 5409 sub
895 5355 1007 5410 ictu
1030 5356 1232 5427 agonis
1261 5359 1553 5413 constituti
1585 5361 1855 5416 recedere
1882 5364 2117 5419 omnino

488 5448 834 5519 Carthagine
863 5465 975 5503 non
1008 5454 1291 5520 poterant,
1321 5453 1504 5522 parati
1536 5470 1752 5521 omnes,
1795 5473 1898 5528 pro
1938 5457 2116 5511 animi

487 5541 573 5596 sui
630 5542 948 5609 devotione,
999 5543 1070 5597 ad
1110 5543 1358 5599 divinam
1413 5553 1467 5600 et
1516 5548 1799 5602 caelestem
1853 5550 2114 5621 gloriam.

487 5635 756 5705 Tandem,
814 5636 1003 5691 oblata
1056 5639 1370 5708 occasione,
1411 5641 1605 5696 scribit
1659 5641 1729 5696 ad
1790 5643 2116 5698 Successum

488 5729 842 5802 episcopum,
875 5731 1040 5803 epist.
1070 5734 1138 5788 8‘2
1179 5731 1249 5788 de
1279 5733 1446 5789 rebus
1491 5736 1673 5790 Roma
1716 5736 1918 5803 allatis,
1951 5753 2113 5791 eum-

487 5840 598 5904 que
632 5832 798 5898 rogat
823 5831 886 5880 ut
912 5825 1032 5881 haec
1078 5844 1183 5900 per
1209 5845 1339 5884 eum
1372 5830 1604 5903 collegis
1637 5831 2018 5898 innotescant,
2045 5835 2112 5886 ut

2222 3200 2524 3256 veniebant
2565 3203 2818 3270 interim,
2868 3204 2947 3257 ait
2986 3204 3238 3273 Pontius,
3288 3203 3478 3275 plures
3523 3205 3747 3275 egregii
3794 3207 3861 3258 et

2220 3297 2511 3352 clarissimi
2539 3297 2750 3352 ordinis
2775 3301 2831 3352 et
2865 3297 3175 3368 sanguinis,
3222 3297 3320 3351 sed
3353 3304 3408 3352 et
3453 3298 3643 3353 saeculi
3691 3298 3858 3352 nobi-

2219 3396 2376 3450 litate
2410 3392 2694 3465 generosi,
2746 3391 2861 3462 qui,
2895 3398 3128 3462 propter
3173 3391 3483 3446 amicitiam
3532 3393 3653 3463 ejus
3700 3393 3856 3448 auti-

2220 3505 2414 3560 quam,
2443 3503 2724 3541 secessum
2766 3485 3008 3539 subinde
3043 3485 3391 3555 suaderent;
3433 3492 3507 3555 et,
3551 3503 3620 3541 ne
3647 3503 3858 3558 parum

2219 3587 2361 3637 esset
2401 3582 2551 3635 nuda
2593 3580 2839 3647 suadela,
2887 3579 3059 3633 etiam
3099 3579 3220 3632 loca
3273 3579 3329 3633 in
3384 3595 3510 3650 quze
3559 3581 3857 3635 secederet

2221 3675 2551 3730 offerebant.
2583 3696 2608 3723 η
2641 3675 2795 3728 Idem
2833 3672 3008 3727 etiam
3057 3672 3368 3727 suadebant
3405 3678 3460 3728 et
3497 3673 3692 3728 fideles
3734 3691 3857 3728 non

2220 3773 2402 3845 pauci.
2432 3774 2551 3826 Non
2579 3771 2887 3826 dubitasset
2924 3771 3212 3825 discedere
3251 3769 3592 3841 Cyprianus,
3632 3770 3677 3824 si
3707 3773 3858 3825 Deus

2213 3865 2490 3937 jussisset,
2534 3869 2598 3918 ut
2642 3864 2903 3918 observat
2950 3863 3101 3917 idem
3147 3863 3404 3917 Pontius.
3452 3864 3605 3917 Tunc
3655 3868 3856 3918 autem

2220 3959 2467 4014 suadelis
2496 3958 2729 4012 minime
2761 3956 2999 4025 annuit;
3033 3957 3126 4010 sed
3172 3955 3448 4010 moriendi
3485 3974 3588 4027 pro
3630 3957 3859 4013 Christo

2219 4052 2478 4124 cupidus,
2537 4051 2676 4105 alios
2725 4051 2893 4104 etiam
2936 4051 3005 4104 ad
3051 4049 3428 4104 constantiam
3483 4049 3698 4104 hortari
3735 4066 3858 4104 non

2222 4145 2537 4200 desinebat.
2566 4145 2815 4198 Tandem
2848 4143 2999 4198 venit
3037 4143 3093 4197 in
3141 4143 3335 4198 hortos
3379 4143 3665 4215 princeps,
3688 4144 3858 4214 jussu

2221 4239 2592 4310 proconsulis,
2639 4254 2767 4291 cum
2809 4237 3084 4291 militibus
3119 4237 3254 4306 suis,
3296 4253 3360 4291 ac
3399 4238 3860 4307 comprehensus

2220 4333 2530 4404 Cyprianus
2561 4331 2846 4388 Christum
2900 4331 3190 4403 postridie,
3237 4331 3293 4386 id
3341 4336 3426 4385 est
3479 4332 3541 4385 14
3589 4331 3856 4401 Septem-

2220 4427 2356 4494 bris,
2385 4443 2535 4480 anuo
2561 4428 2686 4494 258,
2732 4426 3020 4480 confessus
3067 4429 3152 4479 est
3190 4427 3246 4480 et
3284 4424 3620 4496 sanguinem
3649 4441 3751 4496 pro
3788 4442 3861 4479 eo

2229 4521 2392 4588 fudit,
2437 4527 2501 4574 ut
2560 4519 2794 4591 perspici
2858 4523 3045 4590 potest
3089 4536 3151 4573 ex
3203 4519 3325 4590 ejus
3371 4519 3498 4573 Vita
3562 4535 3595 4573 a
3650 4519 3860 4573 Pontio

2225 4615 2455 4686 scripta,
2499 4619 2554 4668 et
2593 4613 2740 4668 Actis
2792 4612 3312 4684 proconsularibus,
3358 4612 3455 4666 ubi
3495 4612 3663 4666 variae
3709 4629 3881 4675 con-_

2221 4703 2482 4758 fessionis
2515 4709 2570 4758 et
2600 4702 2853 4774 martyrii
2894 4702 3353 4769 circumstantiis,
3401 4703 3469 4757 ad
3509 4720 3645 4774 quas
3685 4703 3859 4758 lecto-

2223 4815 2344 4853 rem
2380 4797 2736 4864 dimittimus,
2775 4803 3035 4851 accurate
3072 4797 3490 4851 describuntur.
3543 4797 3857 4867 Utriusque

2221 4892 2581 4947 monumenti
2616 4895 2946 4945 contextum
2974 4908 3042 4944 ex
3080 4893 3228 4946 Actis
3261 4893 3569 4958 Martyrum
3601 4893 3855 4959 sinceris,

2223 4993 2416 5057 utpote
2442 4984 2756 5040 accuratius
2783 4984 2860 5038 ibi
2892 5001 3062 5055 quam
3102 4984 3158 5037 in
3195 4983 3544 5038 editionibus
3584 4984 3856 5055 Cypriani

2221 5080 2578 5151 castigatum,
2609 5095 2741 5133 cum
2771 5078 3059 5133 nonnullis
3086 5077 3402 5132 doctissimi
3428 5077 3663 5132 editoris
3700 5079 3859 5132 notis

2221 5173 2626 5245 excerpsimus,
2656 5174 2844 5227 Unum
2880 5177 2964 5227 est
3009 5172 3158 5244 quod
3211 5170 3476 5242 adjiciam
3516 5171 3587 5226 ad
3618 5171 3858 5227 laudem

2220 5268 2274 5323 S.
2328 5267 2611 5338 Cypriani,
2666 5283 2850 5320 sacras
2902 5265 3024 5336 ejus
3091 5265 3359 5337 reliquias
3421 5282 3641 5320 summa
3716 5281 3856 5320 cum

2198 5361 2589 5421 veneratione
2623 5362 2680 5415 in
2715 5361 3064 5416 monasterio
3093 5359 3533 5432 Compendiensi
3565 5376 3598 5413 a
3628 5363 3851 5430 tempe

2219 5456 2583 5510 ribustlaroli
2619 5455 2767 5510 Calvi
2814 5455 3103 5510 asservari.
3153 5456 3305 5509 Hanc
3351 5454 3506 5508 enim
3553 5453 3858 5509 basilicam

2219 5549 2529 5620 imperator
2578 5549 2674 5603 ille
2721 5549 2778 5603 in
2825 5549 3034 5621 palatio
3078 5565 3178 5603 suo
3227 5548 3528 5619 magnifice
3585 5548 3858 5616 extruxit,

2219 5659 2459 5714 eamque
2503 5643 2950 5714 praeclarissimis
3004 5642 3218 5698 dolavit
3264 5641 3598 5714 privilegiis,
3647 5657 3712 5695 ac
3774 5643 3866 5698 ibi

2218 5753 2422 5808 corpus
2453 5737 2630 5792 sancti
2667 5738 2940 5809 Martyris,
2973 5736 3127 5809 quod
3172 5736 3243 5792 ab
3289 5741 3510 5792 Aarone
3546 5737 3860 5792 Persarum

2216 5847 2355 5905 rege
2383 5832 2585 5905 legatis
2609 5832 2789 5890 Caroli
2818 5831 3004 5904 Magni
3029 5847 3381 5900 concessum,
3410 5845 3477 5885 ac
3523 5828 3750 5888 Arelate
3797 5834 3861 5892 et
