4084 6208
217 281 304 335 173

1549 279 1692 335 VlTA
1736 280 1789 335 S.
1833 277 2168 334 CYPRIANI.

3453 281 3554 336 174

210 402 394 456 deinde
433 401 691 473 Lugduni
727 401 1048 472 depositum
1087 401 1289 469 fuerat,
1336 403 1506 456 veluti
1550 402 2138 486 eximiumApestem
2188 401 2538 456 horrendam
2597 419 2723 473 quia
2785 401 2886 455 sub
2937 402 3091 456 Gallo
3142 407 3199 457 et
3249 405 3551 460 Volusiano

211 495 482 565 quoddam
527 495 855 566 prmsidium
896 512 958 549 ac
994 500 1393 549 ornamentum
1435 496 1697 551 collocari
1729 513 1820 550 vo-

207 588 315 654 luit,
348 595 405 641 ut
438 590 556 643 Ade
589 589 924 642 Viennensis
963 594 1020 642 et
1058 589 1371 644 certissima
1402 589 1659 660 ejusdem
1694 605 1816 644 mo-

209 683 424 736 nasterii
455 683 831 737 instrumenta
864 685 1169 737 testantur.
1391 712 1395 716 -

209 774 373 847 171
431 777 621 830 XXXV.
671 807 738 816 —
789 779 864 831 De
914 777 1064 831 libris
1113 777 1385 847 Cypriane
1429 779 1714 846 ascriptis,
1759 794 1842 832 ac'

265 862 496 926 primum
537 857 602 910 de
649 857 819 911 tribus
865 858 1103 926 epistolis
1147 875 1181 911 α
1217 857 1440 912 Buluzio
1465 859 1722 924 vulgatis.
1755 888 1824 896 —

271 940 626 992 Recensentur
647 938 775 990 libri
790 937 856 990 de
880 938 1232 1006 Spectaculis,
1255 937 1320 990 de
1339 937 1523 991 Laude
1546 940 1824 1006 Martyrii,

269 1017 331 1070 de
391 1018 811 1087 Rebaptismate,
869 1017 933 1071 de
982 1018 1273 1079 Pudicitia,
1317 1018 1393 1071 ad
1434 1019 1823 1079 Novatianum,

269 1101 371 1150 etc.

270 1191 345 1244 Ad
377 1208 450 1244 ea
492 1207 620 1261 quas
662 1191 732 1244 de
777 1191 1040 1262 Cypriani
1085 1192 1262 1261 gestis
1297 1197 1353 1246 et
1395 1191 1617 1264 scriptis
1661 1191 1829 1247 disse-

210 1286 443 1352 ruimus,
481 1285 754 1338 nonuulla
786 1285 1049 1339 videntur
1070 1285 1440 1356 appingenda
1469 1286 1540 1340 de
1573 1285 1830 1356 ascriptis

209 1378 372 1448 ipsius
396 1379 618 1432 nomini
649 1378 934 1449 operibus,
965 1379 1030 1432 iis
1060 1379 1378 1449 praesertim
1401 1397 1528 1450 quae
1559 1396 1657 1433 sua
1685 1396 1832 1433 com-

210 1473 429 1526 mendat
485 1472 811 1542 antiquitas.
861 1473 995 1526 Tres
1041 1472 1306 1542 epistolas
1349 1489 1412 1526 ex
1453 1473 1703 1544 antiquis
1747 1489 1833 1526 co-

208 1566 411 1619 dicibus
465 1566 613 1619 eruit
668 1566 944 1635 Baluzius,
1003 1566 1105 1620 sed
1155 1583 1246 1620 eas
1297 1566 1556 1620 eruditus
1607 1566 1834 1620 criticus

209 1661 476 1728 genuinas
499 1677 621 1713 esse
655 1677 776 1714 non
803 1661 1162 1730 pronuntiat.
1192 1660 1404 1726 Prima,
1435 1676 1564 1732 qua!
1593 1667 1675 1714 est
1700 1661 1828 1715 Cor-

207 1753 322 1807 nelii
356 1770 521 1824 paptB
552 1753 622 1807 ad
645 1753 992 1824 Cyprianum
1023 1755 1290 1808 adversus
1318 1771 1551 1824 pravam
1585 1754 1830 1824 rebapti-

208 1847 351 1900 zandi
386 1847 727 1910 novitatem,
757 1864 874 1918 prae
902 1864 960 1901 se
993 1848 1099 1902 fert
1128 1849 1498 1902 manifestam
1527 1848 1739 1902 fraudis
1776 1851 1833 1902 et

206 1941 482 1996 mendacii
513 1948 752 2009 notam;
785 1941 999 2013 quippe
1040 1959 1167 1996 cum
1205 1942 1353 1997 hanc
1392 1943 1831 1996 controversiam

204 2036 294 2088 sub
322 2035 594 2091 Cornelio
626 2039 822 2089 natam
872 2053 986 2090 non
1036 2036 1228 2103 fuisse,
1255 2053 1319 2090 ac
1367 2052 1656 2090 summam
1685 2053 1831 2090 sem-

201 2144 295 2198 per
320 2130 767 2183 consensionem
812 2129 1134 2186 Cornelium
1186 2130 1334 2184 inter
1379 2134 1434 2182 et
1479 2130 1833 2200 Cyprianum

202 2222 586 2276 intercessisse
632 2227 871 2277 constet.
922 2223 1183 2278 Secunda
1224 2222 1413 2294 prodit
1452 2223 1555 2276 sub
1600 2223 1834 2277 nomine

203 2316 469 2385 Cypriani
503 2315 575 2370 ad
626 2316 854 2387 plebem
885 2317 1283 2386 Carthaginis;
1333 2317 1430 2370 sed
1473 2323 1693 2370 aetatem
1737 2319 1835 2387 Cy-

201 2411 377 2478 priani
407 2427 528 2464 non
567 2411 759 2476 refert,
793 2410 950 2464 aliud
979 2411 1132 2465 enim
1165 2410 1306 2464 nihil
1338 2411 1588 2482 loquitur
1625 2411 1730 2465 nisi
1763 2411 1833 2464 de

200 2502 622 2574 Scripturarum
671 2505 1057 2571 traditoribus,
1095 2509 1151 2558 et
1175 2504 1244 2557 ab
1273 2505 1421 2558 illius
1461 2505 1604 2575 style
1651 2505 1835 2558 adhuc

196 2598 414 2666 longius
478 2605 698 2652 remota
745 2601 851 2652 est.
899 2598 1147 2651 Tertiam
1215 2597 1530 2668 Cyprianus
1587 2597 1834 2651 scribere

199 2689 399 2745 dicitur
447 2691 753 2746 benedicto
803 2698 861 2746 et
909 2692 1274 2746 dilectissimo
1321 2691 1543 2762 parenti
1571 2693 1831 2760 Turasio,

195 2789 253 2836 ut
278 2785 435 2838 illius
473 2785 729 2839 animum
765 2786 955 2840 dolore
983 2791 1339 2840 commotum
1371 2786 1440 2839 de
1470 2785 1598 2838 tilia:
1627 2785 1834 2838 dormi-

197 2879 342 2932 tione
369 2880 714 2933 consoletur.
753 2879 1039 2933 Nonnulla
1071 2881 1266 2932 insunt
1311 2879 1376 2931 iis
1405 2895 1534 2949 quae
1565 2879 1836 2949 leguntur

196 2972 246 3024 in
282 2973 428 3026 libro
461 2973 728 3043 Cypriani
753 2974 817 3026 de
850 2973 1184 3027 Mortalilate
1208 2973 1517 3040 simillima,
1541 2973 1639 3026 sed
1661 2974 1836 3044 stylus

198 3067 432 3120 omnino
472 3066 745 3120 diversus.
779 3068 1059 3121 Caeterum
1094 3067 1335 3121 monebo
1365 3068 1512 3120 lianc
1540 3067 1834 3138 epistolam

195 3159 341 3213 inter
413 3177 598 3232 opera
658 3161 985 3232 Hieronymi
1038 3161 1376 3231 jamdudum
1427 3161 1739 3232 vulgatam,
1780 3153 1914 3227 iuC

196 3254 426 3307 vetustis
473 3262 533 3308 et
583 3255 992 3308 recentioribus
1042 3255 1394 3309 editionibus
1451 3254 1554 3308 sub
1603 3254 1836 3308 nomine

195 3347 530 3418 Hieronymi
563 3349 631 3402 ad
659 3349 948 3417 Tyrasium
985 3349 1245 3419 reperiri.

261 3443 381 3495 Non
420 3441 731 3512 indignum
755 3459 896 3512 opus
915 3442 1205 3513 Cypriane
1233 3441 1381 3496 liber
1401 3443 1466 3497 de
1486 3441 1835 3505 Spectaculis,

192 3536 300 3589 sive
321 3535 718 3606 eloquentiam
743 3539 984 3606 spectes,
1007 3535 1120 3589 sive
1144 3536 1536 3607 evangelicum
1555 3537 1834 3606 vigorem:

196 3631 367 3683 multa
433 3633 790 3684 concurrunt
853 3629 1168 3699 probabilia
1235 3647 1338 3684 cur
1420 3631 1469 3683 ei
1530 3630 1833 3684 tribuatur.

191 3723 391 3778 Scribit
423 3724 730 3794 episcopus
757 3723 828 3777 ad
861 3723 1158 3777 ecclesiam
1205 3739 1388 3793 suam,
1419 3740 1452 3777 a
1492 3740 1606 3794 qua
1645 3723 1840 3779 aberat

193 3816 435 3886 invitus;
480 3817 679 3871 scribit
718 3833 784 3872 eo
832 3820 1103 3888 tempore
1153 3834 1268 3889 quo
1324 3833 1454 3872 mos
1507 3818 1837 3873 deferenda:

193 3910 432 3966 domum
499 3912 871 3965 Eucharistize
940 3911 1218 3981 vigebat,
1281 3911 1436 3983 quod
1500 3912 1838 3967 Christianis

195 4007 452 4060 maxime
505 4005 823 4059 cavendum
874 4008 1000 4058 erat
1041 4005 1110 4058 ab
1147 4005 1514 4060 ethnicorum
1560 4006 1835 4060 moribus.

193 4101 355 4153 Inita
420 4117 490 4153 ex
558 4099 902 4152 Tertulliano
970 4098 1289 4152 imitatione
1354 4116 1675 4171 expressa,
1739 4099 1836 4170 qui

193 4194 417 4262 pridem
481 4192 687 4246 iisdem
741 4192 810 4245 de
863 4193 1032 4246 rebus
1076 4193 1834 4263 Carthaginedisseruerat.

192 4287 298 4340 Nec
339 4287 568 4340 mirum
607 4290 692 4340 est
729 4288 774 4340 si
813 4286 870 4339 iu
904 4302 1122 4357 magna
1164 4286 1262 4340 illa
1293 4287 1453 4352 urbe,
1484 4289 1574 4342 cui
1620 4288 1836 4341 nullum

194 4381 387 4434 deerat
419 4381 883 4451 spectaculorum
917 4397 1120 4451 genus,
1151 4381 1286 4434 mali
1329 4381 1654 4452 contagium
1687 4383 1839 4452 ipsos

189 4474 552 4529 Christianos
581 4475 839 4529 tentavit.
872 4475 982 4530 Sed
1027 4482 1218 4529 tamen
1260 4492 1444 4529 causa:
1490 4492 1603 4529 non
1647 4475 1836 4529 viden-

191 4572 280 4620 tur
332 4569 579 4623 subesse
636 4569 770 4622 satis
821 4587 1022 4640 graves
1076 4573 1138 4623 ut
1191 4570 1338 4623 liber
1389 4570 1454 4623 de
1506 4571 1837 4639 Spectaculis

189 4663 482 4732 Cypriane
548 4662 925 4733 adjudicetur.
987 4665 1148 4718 Nulla
1214 4663 1362 4717 illius
1419 4664 1632 4718 mentio
1686 4663 1832 4734 apud

194 4757 496 4822 Pontium,
554 4761 609 4810 et
663 4759 921 4827 quamvis
969 4775 1036 4813 ex
1091 4759 1174 4811 his
1228 4758 1326 4828 qui
1379 4757 1527 4811 inter
1569 4757 1835 4828 Cypriani

191 4867 362 4920 opera
392 4851 545 4904 editi
575 4852 830 4916 fuerunt,
871 4853 1060 4906 nullus
1107 4852 1180 4906 ad
1225 4854 1278 4907 S.
1326 4852 1584 4921 Martyris
1629 4851 1835 4920 stylum

190 4945 431 5014 propius
494 4944 752 5012 accedat,
801 4949 944 4998 inest
999 4950 1190 5000 tamen
1242 4948 1500 5017 qumdam
1556 4945 1833 4999 dissimili-

189 5039 348 5104 tudo,
393 5054 580 5108 quam
631 5054 796 5091 aures
847 5039 1094 5109 legendo
1146 5041 1431 5111 Cypriane
1491 5046 1731 5094 assueta:
1784 5041 1840 5092 et

190 5130 458 5182 contrita:
491 5127 653 5181 facile
684 5128 1018 5198 percipiant.

258 5217 565 5286 Ascriptus
595 5221 681 5270 est
724 5217 1004 5288 Cypriane
1052 5217 1195 5272 liber
1231 5220 1297 5273 de
1337 5219 1521 5274 Laude
1562 5219 1837 5287 martyrii,

195 5321 368 5374 quem
420 5307 719 5371 Erasmus,
751 5305 1002 5376 Dupinus
1038 5310 1094 5361 et
1133 5308 1318 5362 Fellus
1359 5307 1522 5362 otiosi
1562 5307 1841 5361 declama-

198 5396 324 5450 toris
355 5397 570 5450 fastum
615 5412 738 5450 esse
782 5395 998 5466 Opinati
1039 5401 1192 5452 sunt.
1223 5403 1290 5452 At
1333 5398 1582 5468 profecto
1621 5396 1841 5467 aequius

189 5485 568 5553 judicandum
603 5491 723 5539 erat
765 5485 833 5539 de
882 5485 1088 5540 eximio
1119 5503 1289 5556 opere
1333 5488 1402 5541 ad
1451 5486 1841 5542 cohortandos

199 5577 561 5628 confessores
588 5574 905 5645 composito
935 5592 1047 5628 non
1078 5575 1201 5629 sine
1232 5576 1414 5639 vivido
1440 5577 1685 5648 quodam
1716 5578 1834 5649 pie-

200 5664 321 5716 tatis
364 5663 603 5731 ardore,
635 5680 805 5734 quem
847 5663 1090 5734 frigidus
1136 5665 1437 5719 verborum
1480 5667 1682 5721 artifex
1729 5685 1838 5721 nou

203 5751 361 5806 facile
392 5751 683 5807 imitetur.
719 5751 858 5806 lllud
891 5751 1061 5806 etiam
1084 5754 1485 5824 antiquitatem
1515 5755 1686 5825 hujus
1716 5771 1843 5826 ope-

201 5840 276 5898 ris
301 5840 700 5909 commendat,
725 5842 870 5915 quod
902 5842 1190 5896 nonnullis
1212 5842 1345 5897 locis
1368 5843 1623 5916 deploret
1644 5849 1844 5899 auctor

1923 500 2176 566 grassata
2205 502 2305 549 est.
2344 495 2476 561 Sed,
2511 513 2638 549 cum
2669 497 2891 550 libellus
2932 496 3239 569 inscriptus
3278 498 3349 551 sit
3377 499 3554 570 Moysi

1923 593 1982 642 et
2009 589 2273 657 Maximo,
2308 606 2452 660 quos
2483 606 2634 643 anno
2678 593 2771 644 251
2803 591 3072 661 martyrio
3099 595 3403 647 coronatos
3435 610 3556 648 esse

1922 689 2164 750 constat,
2190 699 2296 736 nec
2329 683 2504 754 pestis
2525 688 2657 737 ante
2687 682 2826 736 Galli
2850 686 2908 736 et
2933 684 3220 738 Volusiani
3249 685 3558 756 imperium

1925 776 2216 842 exarserit,
2262 776 2392 830 inde
2447 776 2666 846 colligit
2714 777 2896 829 [tellus
2942 781 3230 832 auctorem
3277 780 3450 833 libelli
3498 781 3556 834 in

1925 870 2096 924 rebus
2125 870 2194 923 ab
2218 875 2382 924 relate
2411 887 2514 923 sua
2551 868 2744 941 172
2777 871 3008 923 remotis
3031 887 3230 940 parum
3261 875 3556 927 commode

1927 964 2174 1018 finxisse.
2208 967 2278 1017 At
2305 963 2524 1017 nodum
2555 963 2757 1017 incidit
2790 963 3062 1031 Baluzius,
3092 965 3187 1034 qui
3239 965 3392 1018 hunc
3434 967 3561 1020 titu-

1927 1057 2070 1124 lum,
2111 1059 2184 1112 ad
2226 1059 2458 1127 Mog/sem
2505 1063 2553 1112 et
2597 1059 2919 1124 Maximum,
2967 1057 3022 1110 in
3073 1058 3306 1111 vetustis
3350 1059 3558 1113 codici-

1928 1151 2034 1205 bus
2089 1151 2404 1206 desiderari
2453 1157 2708 1205 testatur.
2762 1151 2854 1204 llis
2904 1151 3052 1205 adde
3107 1151 3560 1206 observationem

1930 1245 2296 1308 Tillemontii,
2342 1245 2438 1316 qui
2495 1261 2558 1299 ex
2605 1244 2854 1316 quodam
2903 1245 3152 1316 Dionysii
3200 1246 3563 1300 Alexandrini

1931 1339 2078 1409 apud
2124 1339 2326 1393 Euseb.
2371 1339 2490 1408 (lib.
2527 1356 2619 1406 vu,
2653 1355 2702 1393 c.
2745 1339 2823 1406 lt)
2853 1339 2920 1392 de
2948 1339 3202 1393 diaconis
3250 1344 3406 1410 peste
3437 1357 3565 1394 cen-

1933 1433 2175 1503 sumptis
2203 1432 2550 1498 testimonio,
2583 1432 2736 1503 quod
2763 1433 2832 1486 ad
2866 1433 3018 1486 Decii
3053 1437 3310 1504 tempora
3340 1433 3568 1488 videtur

1934 1527 2254 1581 necessario
2295 1525 2852 1593 referendum,hanc
2899 1533 3113 1597 pestem
3158 1527 3259 1580 sub
3313 1529 3416 1581 hoc
3461 1527 3566 1581 im-

1936 1629 2199 1696 peratore
2230 1623 2502 1695 incepisse
2531 1624 2842 1691 concludit,
2879 1624 3136 1696 quamvis
3168 1625 3270 1678 sub
3313 1626 3470 1678 Gallo
3511 1632 3568 1680 et

1937 1717 2246 1772 Volusiano
2276 1717 2632 1788 potissimum
2663 1717 2928 1772 saevierit.
2970 1720 3276 1784 Craterum,
3307 1719 3407 1772 etsi
3459 1719 3568 1774 hoc

1855 1785 1910 1856 Β
1935 1829 2074 1882 opus
2103 1813 2400 1882 antiquum
2433 1827 2553 1866 esse
2583 1812 2884 1875 contendo,
2917 1828 3032 1866 non
3066 1815 3259 1866 tamen
3287 1811 3568 1883 Cypriane

1937 1905 2416 1977 adjudicaverim;
2447 1912 2608 1959 tanta
2635 1911 2716 1959 est
2764 1905 2896 1959 huic
2928 1904 3122 1959 libello
3152 1922 3279 1959 cum
3307 1906 3567 1976 Cypriani

1935 2000 2158 2070 scriptis
2183 1999 2311 2070 styli
2343 1999 2738 2069 discrepantia.

2007 2093 2273 2164 Sequitur
2305 2093 2359 2146 in
2384 2092 2636 2147 editione
2660 2091 2862 2146 Baluzii
2892 2092 3036 2146 liber
3057 2093 3122 2147 de
3149 2093 3568 2164 Bebaph'smale,

1936 2187 2050 2242 sive
2094 2188 2362 2242 adversus
2411 2187 2854 2258 rebaptizantes,
2906 2187 2975 2240 de
3025 2203 3138 2258 quo
3187 2186 3405 2240 consuli
3448 2204 3573 2258 pos-

1936 2287 2067 2336 sunt
2096 2285 2247 2336 noue
2273 2281 2500 2334 Balnzii.
2525 2280 2680 2350 Opus
2700 2297 2732 2334 a
2758 2281 3049 2334 nonnullis
3082 2281 3354 2334 tribuitur
3369 2281 3570 2336 Ursino

1937 2375 2237 2442 monacho,
2284 2391 2456 2445 quem
2503 2374 2850 2440 Gennadius,
2894 2375 3164 2428 adversus
3209 2391 3306 2429 eos
3355 2377 3452 2446 qui
3489 2392 3572 2430 re-

1934 2469 2312 2540 baptizabant,
2345 2469 2548 2522 saeculo
2591 2471 2796 2539 quarto
2833 2467 3115 2539 scripsisse
3147 2471 3404 2524 testatur.
3435 2469 3572 2533 Qua:

1936 2564 2121 2617 Ursini
2173 2563 2426 2616 monachi
2483 2563 2626 2617 libro
2676 2561 2957 2616 contineri
3000 2561 3078 2616 ait
3129 2562 3471 2630 Gennadius,
3510 2579 3572 2617 ea

1935 2658 1993 2711 in
2023 2659 2124 2711 hac
2153 2657 2221 2710 de
2252 2657 2660 2728 rebaptismate
2703 2655 3149 2726 pertractatione
3189 2672 3304 2710 non
3347 2657 3575 2711 difficile

1937 2756 2023 2804 est
2077 2750 2559 2817 animadvertere,
2606 2749 2747 2802 nihil
2793 2749 2945 2803 enim
2998 2750 3148 2803 aliud
3195 2750 3314 2819 agit
3354 2754 3570 2819 auctor,

1937 2845 2286 2914 quicumque
2327 2842 2556 2896 tandem
2591 2843 2684 2896 ille
2725 2842 2815 2907 sit,
2847 2842 2956 2895 nisi
2994 2847 3052 2896 ut
3093 2858 3187 2895 eos
3231 2843 3326 2914 qui
3368 2844 3423 2897 in
3463 2843 3576 2897 bee-

1939 2939 2048 2991 resi
2077 2937 2342 3006 baptizati
2373 2942 2504 2990 sunt
2533 2953 2646 2990 non
2682 2935 3128 3006 rebaptizandos,
3160 2937 3255 2989 sed
3289 2935 3360 2989 ad
3390 2937 3571 2994 sanio-

1936 3047 2057 3085 rem
2075 3031 2244 3084 fidcm
2271 3029 2555 3084 conversis
2575 3045 2782 3084 manus
2805 3029 3173 3100 imponendas
3186 3046 3306 3084 esse
3329 3031 3570 3086 evincat.

1939 3125 2050 3180 Sed
2081 3126 2313 3179 Ursinus
2358 3124 2673 3178 monachus
2713 3123 2891 3177 libelli
2941 3123 3114 3192 hujus
3156 3127 3356 3177 auctor
3393 3123 3575 3179 videri

1939 3235 2051 3272 non
2104 3221 2306 3288 potest,
2338 3217 2448 3271 nisi
2490 3218 2789 3288 episcopus
2824 3217 2992 3270 fuisse
3031 3217 3200 3271 tertio
3245 3217 3450 3271 sarculo
3491 3218 3573 3272 di-

1940 3319 2120 3366 catur.
2173 3312 2509 3383 Episcopum
2557 3328 2616 3364 se
2664 3328 2784 3366 esse
2835 3315 3029 3365 noster
3077 3311 3169 3364 ille
3206 3311 3445 3382 scriptor
3487 3312 3572 3366 di-

1940 3412 2089 3460 serte
2121 3405 2377 3460 declarat
2407 3422 2419 3459 :
2461 3428 2486 3454 ‹‹
2533 3405 2833 3476 Siquidem
2884 3421 2987 3476 per
3012 3421 3114 3458 nos
3142 3405 3432 3476 baptisma
3465 3414 3572 3461 tra-

1942 3499 2130 3566 detur,
2177 3499 2360 3570 inquit
2407 3501 2562 3569 (pag.
2591 3501 2735 3566 360),
2784 3499 3007 3569 integre
3045 3504 3099 3552 et
3142 3499 3475 3552 solemniter
3516 3505 3574 3554 et

1940 3610 2042 3664 per
2072 3593 2266 3647 omnia
2298 3609 2426 3664 qum
2459 3592 2667 3662 scripta
2695 3597 2828 3647 sunt
2863 3591 3211 3662 assignetur,
3244 3599 3414 3664 atque
3451 3593 3572 3648 sine
3602 3662 3609 3667 ι

1941 3687 2049 3740 ulla
2084 3687 2250 3740 ullius
2282 3686 2360 3740 rei
2395 3685 2751 3757 separatione
2768 3686 3058 3752 tradatur;
3089 3693 3186 3740 aut
3213 3686 3258 3739 si
3285 3703 3316 3740 a
3348 3687 3568 3742 minore

1938 3780 2093 3834 clero
2141 3797 2246 3851 per
2291 3777 2685 3834 necessitatem
2739 3779 3008 3834 traditum
3063 3779 3251 3846 fuerit,
3298 3785 3568 3836 eventum

1939 3880 2356 3945 exspectemus,
2387 3878 2447 3928 ut
2481 3879 2577 3926 aut
2621 3873 2952 3943 suppleatur
2976 3891 3004 3925 a
3036 3873 3218 3940 nobis,
3253 3879 3352 3927 aut
3397 3890 3430 3928 a
3462 3875 3566 3930 Do-

1939 3968 2096 4022 mino
2118 3968 2495 4038 supplendum
2525 3971 2864 4021 reservetur.
2892 3986 2916 4016 ι)
2937 3965 3254 4021 Occurrunt
3282 3970 3337 4021 in
3363 3968 3569 4024 eodem

1938 4063 2217 4133 scriptore
2246 4062 2433 4115 surculi
2465 4060 2620 4114 tertii
2653 4060 2969 4132 perspicua:
2993 4065 3163 4114 notae.
3198 4062 3286 4116 Sic
3315 4063 3466 4116 enim
3499 4064 3568 4117 de

1939 4162 2055 4211 tota
2087 4156 2175 4208 illa
2207 4155 2593 4209 controversia
2620 4155 2897 4224 loquitur,
2931 4160 2989 4208 ut
3017 4171 3141 4208 eam
3181 4171 3376 4209 recens
3405 4172 3566 4210 exor-

1938 4255 2055 4304 tam
2087 4266 2230 4307 esse.
2264 4253 2321 4302 et
2363 4249 2550 4302 adhuc
2581 4248 2777 4318 vigere
2827 4248 3060 4302 indicet.
3099 4250 3187 4302 Ait
3217 4250 3368 4303 enim
3412 4250 3568 4322 (pag.

1939 4345 2060 4413 354)
2096 4363 2122 4394 ‹‹
2154 4342 2394 4397 monstri
2427 4342 2614 4396 simile
2647 4359 2766 4396 esse
2811 4341 3103 4413 episcopos
3142 4343 3272 4396 talia
3305 4343 3571 4399 scandala

1938 4436 2238 4507 cogitare:
2289 4435 2639 4507 propositum
2688 4435 2792 4488 sibi
2839 4452 2962 4489 esse
3002 4435 3341 4490 turbulentis
3388 4437 3573 4492 homi-

1857 4524 1914 4595 D
1938 4531 2106 4585 nibus
2137 4537 2198 4585 ut
2225 4531 2311 4584 vel
2342 4546 2494 4583 nunc
2537 4545 2701 4582 suum
2744 4529 3042 4599 negotium
3085 4545 3256 4599 agere
3298 4531 3570 4601 incipiant

1940 4625 2362 4696 persuadere.»
2396 4625 2454 4677 ln
2502 4623 2753 4694 ipsoillo
2799 4623 2923 4677 loco
2964 4623 3059 4693 qui
3099 4640 3128 4675 a
3172 4624 3392 4678 Baluzio
3427 4624 3568 4694 obji-

1939 4721 2104 4786 citur,
2159 4718 2294 4773 utile
2345 4734 2470 4772 esse
2529 4718 2727 4770 statuit
2776 4717 2854 4786 (p.
2903 4719 3025 4784 357)
3069 4737 3096 4764 ‹‹
3144 4719 3228 4770 tot
3285 4733 3568 4772 annorum

1941 4816 2139 4883 totque
2166 4813 2554 4876 ecclesiarum,
2579 4811 2830 4880 itemque
2850 4810 3241 4879 apostolorum
3261 4813 3318 4863 et
3343 4810 3563 4881 episcoo

1941 4924 2145 4978 porum
2177 4905 2505 4960 auctoritati
2553 4919 2682 4956 cum
2724 4904 2870 4957 bona
2918 4904 3135 4957 ratione
3175 4904 3564 4975 adquiescere,

1940 5018 2069 5055 cum
2100 5002 2170 5054 sit
2204 5000 2514 5053 maximum
2546 4997 2977 5052 incommodum
3007 5001 3176 5069 atque
3206 4997 3566 5070 dispendium

1939 5095 2310 5149 sanctissimae
2366 5091 2570 5146 matris
2616 5091 2875 5146 Ecclesiae
2917 5091 3186 5146 adversus
3228 5093 3405 5164 prisca
3441 5110 3567 5152 con-

1941 5188 2091 5242 sulta
2124 5193 2250 5259 post.
2297 5191 2376 5239 tot
2409 5186 2746 5239 sa2culorum
2781 5191 2992 5239 tantam
3025 5187 3232 5241 seriem
3265 5205 3414 5242 nunc
3453 5189 3570 5259 pri-

1943 5298 2100 5336 mum
2151 5283 2388 5352 repente
2429 5295 2494 5334 ac
2530 5279 2654 5333 sine
2695 5281 2909 5333 ratione
2952 5280 3327 5351 insurgere.»
3361 5283 3569 5352 Colligi

1943 5392 2009 5429 ex
2053 5375 2140 5428 bis
2186 5373 2373 5428 verbis
2417 5389 2529 5426 non
2579 5373 2746 5427 debet
2790 5375 3076 5426 auctorem
3122 5373 3332 5428 smculo
3373 5378 3575 5446 quarto

1943 5468 2165 5535 vixisse,
2199 5467 2296 5521 sed
2327 5467 2730 5521 tantummodo
2761 5483 2896 5520 eum
2937 5465 2993 5519 in
3037 5469 3432 5536 exaggerando
3462 5485 3572 5522 non

1943 5563 2100 5617 valde
2143 5561 2410 5615 timidum
2458 5561 2655 5615 fuisse.
2684 5560 2848 5625 Nam,
2893 5565 3274 5631 praeterquam
3306 5561 3454 5632 quod
3508 5579 3575 5615 ne

1945 5662 2150 5729 quarto
2177 5655 2412 5728 quidem
2443 5655 2654 5709 saeculo
2694 5653 2813 5708 sine
2844 5652 3088 5706 absurda
3129 5655 3570 5725 exaggeratione

1943 5751 2191 5821 objicere
2242 5749 2427 5821 potuit
2475 5771 2502 5798 «
2549 5751 2630 5803 tot
2659 5747 2996 5802 saeculorum
3043 5750 3257 5802 tantam
3291 5749 3573 5809 seriem,»

1945 5850 2098 5900 certe
2134 5842 2424 5916 conceptis
2453 5842 2640 5897 verbis
2685 5841 2939 5896 declarat
2982 5844 3118 5896 tunc
3158 5841 3408 5914 primum
3447 5857 3576 5900 cou-
