4084 6208
480 352 579 409 475
1082 318 1087 325 ’
1825 341 1977 404 vna
2015 350 2068 403 s.
2112 342 2445 404 cvpauNt.
2520 388 2527 395 κ
2890 344 2893 347 ‘
3346 324 3359 331 ”
3739 351 3833 410 476

478 479 812 537 troversiam
871 477 940 534 de
1002 475 1292 549 baptismo
1338 474 1745 531 haereticorum
1794 475 2098 541 exarsisse;
2125 475 2537 564 Ahareticum
2580 473 2981 530 Novatianum.
3017 474 3106 530 [iis
3153 479 3342 531 autem
3389 476 3577 532 verbis
3623 478 3837 534 indicat

479 574 629 645 quod
676 573 880 627 saeulo
924 572 1093 626 tertio
1140 570 1363 642 proprie
1408 569 1695 640 congruit.
1728 569 1873 632 Quin
1927 568 2099 622 etiam

477 667 823 738 Cyprianum
867 666 1076 736 ipsum,
1104 664 1272 719 tacito
1305 664 1553 727 nomine,
1584 667 1647 715 ut
1690 662 1874 715 adhuc
1914 662 2100 715 viven-

476 765 593 814 tem
661 763 718 815 et
769 759 1017 814 diversas
1066 762 1250 829 partes
1305 757 1638 811 auctoritate
1691 772 1789 808 sua
1844 761 2097 809 tuentem

474 859 785 925 oppugnat.
835 853 1042 908 Statuit
1087 851 1235 906 enim
1284 853 1358 922 (p.
1391 849 1513 919 3333)
1563 849 1839 919 ejusmodi
1884 855 2103 904 contro-

472 947 676 1001 versia
726 947 946 1001 nullum
1001 945 1177 999 alium
1239 961 1361 999 esse
1401 944 1649 997 fructum
1696 942 1804 996 nisi
1849 945 1913 996 ut
1958 959 2101 996 unus

472 1041 673 1109 homo,
722 1039 1069 1111 quicumque
1124 1037 1214 1092 ille
1263 1043 1366 1101 est,
1411 1053 1639 1107 magna
1678 1034 1997 1106 prudentia
2042 1039 2099 1089 et

472 1134 807 1188 constantia
824 1150 942 1187 esse
962 1131 1116 1203 apud
1140 1130 1414 1202 quosdam
1445 1131 1593 1184 leves
1612 1129 1877 1183 homines
1902 1127 1950 1200 1
1967 1127 2094 1200 73

472 1226 626 1281 inani
676 1226 857 1298 gloria
898 1226 1256 1297 praedicetur,
1305 1228 1361 1277 et
1415 1223 1819 1277 haereticorum
1866 1229 2096 1293 stupore

473 1319 765 1391 praditus,
814 1319 1022 1391 quibus
1069 1319 1172 1372 hoc
1220 1333 1393 1371 unum
1442 1316 1704 1370 solatium
1754 1321 1859 1382 est,
1890 1315 1933 1368 si
1982 1332 2094 1369 non

471 1414 573 1467 soli
622 1429 850 1484 peccare
905 1413 1221 1474 videantur,
1265 1427 1483 1465 errores
1536 1415 1592 1464 et
1639 1410 1773 1463 vitia
1817 1409 2099 1464 universa-

470 1524 596 1562 rum
657 1506 1019 1561 ecclesiarum
1079 1505 1392 1559 correxisse
1446 1504 1593 1575 apud
1636 1503 1956 1557 simillimos
2009 1502 2095 1556 sui

474 1606 531 1654 et
557 1617 851 1670 compares
877 1599 1209 1653 celebretur.
1244 1598 1378 1662 Quis
1411 1596 1688 1668 Cypriane
1710 1603 1823 1650 tam
1844 1595 2094 1667 indignis

473 1695 654 1749 modis
696 1693 1042 1748 conviciatus
1084 1692 1299 1758 fuisset,
1338 1695 1635 1762 postquam
1683 1690 1962 1744 maculam
2011 1707 2097 1743 er-

388 1834 389 1837 η
468 1789 632 1855 roris,
668 1804 839 1859 quem
881 1804 992 1840 non
1026 1786 1147 1839 sine
1192 1802 1416 1839 summa
1468 1785 1647 1838 animi
1693 1783 2093 1838 moderatione

2203 568 2527 639 episcopum
2560 585 2619 623 se
2652 585 2793 636 esse,
2822 585 2888 623 ac
2914 570 3351 640 perhumaniter
3392 572 3561 641 lapsis
3597 572 3834 642 jamdu-

2202 662 2335 717 dum
2374 663 2766 733 paenitentiam
2811 664 3108 734 agentibus
3156 666 3569 732 consulentem,
3603 667 3835 720 moleste

2201 755 2350 810 ferre
2379 756 2529 827 quod
2560 774 2677 811 sua
2718 757 2943 810 lenitati
2980 758 3362 812 adversarium
3398 758 3605 813 habeat
3644 759 3829 814 hare-

2200 849 2375 904 ticum
2436 850 2829 905 Novatianum.
2888 852 3027 905 Hinc
3078 852 3247 905 etiam
3304 852 3470 920 infra,
3528 860 3831 924 postquam

2201 943 2271 998 de
2302 943 2370 997 iis
2418 944 2640 998 locutus
2673 949 2757 998 est
2782 942 2882 1015 qui
2910 965 2937 992 ‹‹
2979 944 3167 1016 prima
3196 946 3334 1014 acie,
3368 945 3428 1000 id
3468 952 3551 1001 est
3589 946 3833 1001 Deciana

2201 1037 2599 1109 persecutione
2625 1038 2927 1104 vulnerati,
2960 1045 3177 1109 postea,
3206 1039 3262 1093 id
3292 1044 3374 1094 est
3402 1039 3657 1094 secundo
3684 1057 3832 1110 pra-

2202 1130 2278 1185 lio
2301 1150 2328 1182 »
2357 1130 2628 1198 vicerant,
2655 1130 2818 1185 addit
2848 1148 3045 1186 eorum
3077 1153 3104 1180 «
3134 1133 3612 1203 pares,hocestin
3626 1133 3832 1189 eodem

2199 1224 2440 1278 crimine
2474 1224 2662 1295 lapsus
2688 1224 2777 1279 sui
2815 1224 3000 1278 adhuc
3032 1242 3211 1296 usque
3247 1227 3588 1281 constitutos
3626 1242 3734 1280 nec
3759 1226 3831 1280 ad

2197 1316 2589 1387 panitentiam
2619 1316 3002 1373 admittendos
3048 1339 3076 1368 ››
3123 1335 3156 1372 a
3198 1318 3525 1373 Novatianis
3560 1319 3827 1390 judicari.

2199 1407 2391 1481 174
2436 1410 2700 1466 Nondum
2747 1426 2882 1481 ergo
2927 1417 3125 1466 auctor
3173 1412 3345 1483 hujus
3396 1413 3583 1483 operis
3626 1428 3827 1483 pacem

2196 1509 2551 1558 concesserat
2597 1503 2684 1557 his
2737 1504 2833 1575 qui
2887 1503 2990 1558 sub
3033 1505 3199 1560 Decio
3242 1505 3388 1576 lapsi
3426 1505 3670 1560 fuerant.
3705 1507 3825 1560 Non

2196 1596 2353 1651 enim
2383 1598 2450 1652 de
2482 1597 2606 1651 aliis
2632 1598 2886 1669 loquitur
2911 1615 2924 1665 ;
2954 1614 3124 1669 pares
3155 1598 3275 1653 illos
3303 1604 3469 1654 vocat
3501 1615 3699 1654 eorum
3728 1600 3829 1670 qui

2194 1689 2384 1761 primo
2413 1690 2468 1744 in
2502 1691 2701 1761 pralio
2732 1690 2887 1757 victi,
2916 1691 2973 1745 in
3007 1693 3258 1747 secundo
3285 1692 3525 1747 victores
3561 1692 3828 1761 fuerant;

2198 1783 2280 1839 ait
2308 1800 2405 1839 eos
2436 1790 2563 1855 post
2588 1785 2827 1856 longam
2857 1788 3179 1857 temporum
3208 1786 3414 1840 seriem
3442 1792 3677 1857 agentes
3702 1802 3827 1857 pa-

468 1883 525 1937 in
548 1900 606 1937 re
639 1882 890 1936 nondum
923 1879 1109 1934 decisa
1141 1879 1490 1946 defenderat,
1517 1878 1783 1949 martyrio
1812 1877 2173 1951 abstersit,B
2201 1893 2299 1930 nas
2353 1877 2509 1945 dare,
2553 1883 2610 1933 et
2662 1878 2848 1933 adhuc
2896 1895 3073 1949 usque
3131 1879 3469 1935 constitutos
3514 1879 3570 1933 in
3624 1879 3830 1934 eodem

470 1977 705 2047 ejusque
761 1972 1051 2040 nominis,
1099 1973 1435 2043 refrigerato
1487 1970 1863 2025 contentionis
1916 1973 2093 2039 astu,

466 2085 694 2123 summa
720 2067 934 2122 exstitit
956 2067 1011 2121 in
1046 2066 1311 2121 omnibus
1339 2065 1591 2120 ecclesiis
1614 2063 1914 2119 celebritas
1934 2063 1962 2117 ?

538 2161 896 2216 Existimavit
922 2160 1199 2216 Pamelius
1229 2159 1439 2213 librum
1484 2160 1550 2213 de
1591 2159 1865 2229 Pudicitia
1910 2174 1943 2211 a
1989 2159 2095 2229 Cy-

465 2257 672 2329 priano
699 2255 756 2308 in
786 2271 1000 2309 secessu
1035 2253 1307 2324 scriptum
1336 2268 1477 2317 esse,
1508 2267 1612 2305 nec
1649 2267 1783 2305 sane
1825 2250 2095 2322 indignus

463 2350 694 2404 videtur
738 2354 926 2403 sancto
976 2348 1238 2417 Martyre,
1272 2346 1414 2399 adeo
1457 2344 1697 2416 insignis
1744 2347 1830 2398 est
1873 2343 2094 2414 pietatis

465 2444 646 2512 notis;
670 2449 726 2497 et
753 2442 822 2497 ab
866 2442 1129 2512 episcopo
1157 2440 1393 2493 absente
1418 2439 1489 2493 ab
1521 2438 1759 2494 ecclesia
1796 2453 1896 2491 sua
1925 2438 2093 2507 scrip-

464 2545 587 2592 tum
640 2553 757 2591 esse
810 2540 1048 2590 constat.
1099 2535 1204 2590 Sed
1258 2535 1329 2589 ad
1382 2534 1510 2605 styli
1565 2532 2088 2587 dissimilitudinem

466 2630 683 2686 accedit
708 2630 891 2685 Pontii
923 2629 1236 2695 silentium,
1266 2628 1362 2699 qui
1389 2644 1456 2682 ea
1476 2626 1721 2681 maxime
1749 2642 2093 2681 commemo-

468 2742 594 2781 rare
629 2724 829 2780 debuit
858 2739 984 2795 qua
1014 2722 1071 2777 in
1098 2738 1317 2777 secessu
1342 2722 1553 2793 scripta
1578 2721 1824 2776 fuerant.
1849 2720 2093 2774 Peranti-

463 2836 611 2891 quus
675 2823 762 2873 est
808 2820 1026 2886 auctor,
1077 2816 1424 2889 quicumque
1473 2813 1705 2868 tandem
1755 2814 1849 2868 ille
1895 2814 1985 2882 sit,
2035 2816 2093 2867 et

461 2910 955 2985 persecutionibus
1003 2910 1264 2964 nondum
1306 2908 1513 2963 sedatis
1560 2906 1861 2961 scribebat.
1895 2927 1921 2955 ‹‹
1968 2907 2089 2960 Vir-

461 3006 702 3077 ginitas,
733 3005 919 3077 inquit
947 3006 1104 3076 (pag.
1135 3003 1211 3075 4),
1246 3002 1701 3074 persecutionem
1748 3018 1861 3054 non
1904 3004 2092 3072 potest

459 3099 686 3165 timere,
721 3098 859 3152 dum
886 3097 1041 3151 illam
1077 3096 1146 3151 de
1176 3096 1477 3150 securitate
1506 3097 1692 3166 potest
1711 3110 2034 3165 provocare.
2060 3115 2088 3143 ››

469 3192 711 3263 Conjicit
738 3197 932 3246 tamen
964 3190 1357 3245 Tillemontius
1396 3190 1518 3243 hac
1562 3189 1630 3242 de
1675 3186 2086 3258 persecutioni-

2197 1970 2439 2025 crimine
2470 1970 2679 2042 lapsus,
2708 1972 2857 2043 quod
2899 1973 2997 2026 alii
3023 1972 3301 2044 martyrio
3344 1973 3733 2045 expiaverant.
3762 1973 3836 2027 At

2204 2063 2518 2135 Cyprianus
2558 2064 2800 2120 instante
2841 2066 2980 2121 Galli
3014 2072 3072 2121 et
3116 2066 3401 2122 Volusiani
3437 2067 3832 2138 persecutione

2195 2157 2396 2228 lapsos,
2419 2158 2518 2229 qui
2549 2175 2583 2212 a
2612 2158 2796 2229 primo
2818 2160 3006 2230 lapsus
3023 2159 3116 2214 die
3144 2159 3534 2231 paenitentiam
3567 2165 3828 2231 egerant,

2195 2251 2254 2304 in
2291 2251 2644 2306 Dominicum
2675 2268 2911 2324 gregem
2935 2253 3263 2323 collegerat,
3287 2270 3351 2308 ac
3377 2252 3455 2307 eis
3483 2253 3829 2325 sanguinem

2193 2344 2407 2399 Christi
2458 2344 2718 2414 dederat,
2747 2352 2813 2401 ut
2857 2347 2983 2402 illos
3009 2348 3078 2401 ad
3118 2364 3283 2401 suum
3331 2363 3432 2419 pro
3456 2347 3675 2402 Christo
3703 2347 3834 2402 fun-

2194 2438 2449 2493 dendum
2476 2442 2744 2493 armaret.

2265 2532 2610 2589 Novatianus
2657 2533 2767 2588 hoc
2814 2533 2871 2587 in
2918 2533 3064 2588 libro
3102 2534 3179 2606 (p.
3215 2535 3298 2606 14)
3334 2534 3540 2589 dicitur
3586 2535 3829 2590 aliorum

2194 2626 2422 2693 delicta,
2460 2626 2599 2682 dum
2629 2627 2686 2681 in
2726 2627 2970 2682 Ecclesia
3015 2635 3181 2699 esset,
3210 2634 3275 2684 ut
3315 2629 3548 2700 propria
3588 2628 3833 2684 ﬂevisse.

2194 2719 2305 2775 Sed
2333 2722 2551 2775 mirum
2584 2727 2671 2777 est
2698 2720 2860 2775 unde
2887 2721 3031 2776 hanc
3073 2722 3179 2776 sibi
3215 2723 3588 2777 humanitatis
3624 2728 3679 2778 et
3707 2722 3837 2778 dili-

2193 2813 2401 2884 gentia
2463 2814 2519 2869 in
2580 2815 2750 2886 lapsis
2794 2815 3064 2870 curandis
3114 2816 3343 2871 laudem
3391 2818 3835 2888 comparaverit.

2191 2906 2432 2962 Videtur
2470 2924 2794 2979 repugnare
2819 2908 3062 2964 Cornelii
3089 2909 3504 2977 testimonium,
3536 2909 3634 2981 qui
3654 2910 3837 2965 Nova-

2191 2999 2415 3055 tianum
2450 3001 2506 3056 in
2538 3002 2935 3073 persecutione
2961 3002 3118 3057 Decii
3143 3002 3412 3058 fratribus
3450 3002 3659 3057 auxilio
3686 3003 3837 3058 indi-

2193 3094 2459 3165 gentibus
2489 3112 2819 3150 succurrere
2857 3096 3101 3151 noluisse
3138 3098 3375 3151 testatur
3422 3096 3575 3168 apud
3619 3097 3830 3152 Euseb.

2194 3187 2308 3256 (lib.
2338 3205 2412 3256 v1,
2439 3205 2486 3243 c.
2517 3190 2623 3261 43).
2654 3188 2763 3245 Sed
2794 3190 2938 3244 forte
2968 3190 3090 3244 hac
3120 3189 3491 3245 humanitatis
3528 3189 3830 3246 existima-

461 3286 569 3341 bus
593 3285 1001 3341 Wandalorum
1038 3284 1280 3352 intelligi
1322 3298 1486 3353 posse
1508 3299 1524 3350 ;
1553 3284 1722 3352 atque
1751 3291 1814 3334 ex
1850 3281 2085 3352 pracla-
2108 3266 2163 3338 Ο
2190 3281 2271 3336 tio
2297 3282 2366 3335 ad
2394 3283 2772 3337 Novatianum
2805 3283 3068 3353 pervenit
3103 3299 3169 3337 ex
3196 3283 3647 3354 praeclarissimis
3672 3284 3833 3339 Cleri

464 3379 543 3433 ris
586 3378 658 3433 de
704 3376 915 3432 Christi
964 3376 1150 3448 gratia
1194 3375 1531 3429 testimoniis
1579 3373 1897 3444 suspicatur
1940 3374 2091 3427 hunc

463 3472 802 3543 scriptorem
833 3471 1151 3541 Augustino
1179 3468 1561 3540 posteriorem
1589 3484 1724 3522 esse.
1755 3468 1862 3525 Sed
1901 3467 2090 3521 minus

457 3565 777 3638 probabilis
823 3564 946 3618 hac
986 3563 1333 3634 conjectura,
1364 3578 1496 3616 cum
1541 3563 1693 3633 apud
1738 3562 2087 3633 Cyprianum

463 3661 657 3732 ipsum
686 3659 869 3714 multo
899 3658 1084 3729 plura,
1112 3664 1283 3728 atque
1312 3656 1464 3710 haud
1504 3656 1618 3710 scio
1645 3672 1718 3710 an
1743 3655 2091 3727 expressiora

462 3758 772 3811 occurrant
797 3750 1077 3823 ejusmodi
1107 3749 1456 3804 testimonia.

533 3848 773 3902 Constat
800 3851 1091 3900 auctorem
1122 3843 1251 3898 libri
1293 3843 1369 3898 ad
1404 3845 1781 3899 Novatianum
1810 3842 2089 3914 aqualem

459 3956 578 3997 esse
606 3939 901 4012 Cypriani,
933 3955 1039 3993 nec
1068 3937 1306 3992 dubium
1335 3954 1453 3992 esse
1481 3940 1670 4008 potest
1692 3937 1827 4008 quin
1850 3937 1907 3991 in
1940 3935 2090 4007 paci-

456 4035 578 4089 ficis
631 4038 688 4089 et
737 4032 1002 4088 Ecclesia
1054 4031 1374 4086 faventibus
1425 4031 1707 4086 Valeriani
1761 4028 2088 4102 primordiis

454 4128 768 4199 scripserit.
797 4128 979 4181 Unam
1027 4127 1185 4180 enim
1222 4128 1446 4180 tantum
1487 4125 1943 4196 persecutionem
1989 4139 2087 4176 nu-

458 4225 646 4277 merat
668 4223 797 4292 post
821 4236 947 4274 eam
981 4235 1108 4290 qua
1131 4218 1234 4273 sub
1261 4218 1429 4274 Decio
1460 4219 1663 4286 saviit,
1684 4221 1741 4272 et
1772 4234 1869 4272 eos
1901 4216 2002 4287 qui
2028 4214 2085 4269 in

457 4315 645 4388 prima
677 4314 1030 4380 ceciderunt,
1060 4313 1121 4366 in
1162 4313 1409 4367 secunda
1456 4312 1698 4366 victores
1743 4312 1913 4365 fuisse
1953 4310 2088 4365 dicit

459 4410 612 4481 (pag.
654 4409 760 4477 Η).
797 4408 1025 4461 Videtur
1051 4407 1226 4460 etiam
1252 4406 1553 4467 Africanus
1578 4406 1772 4473 fuisse,
1809 4411 1929 4459 tum
1955 4404 2085 4475 quia

455 4503 533 4558 sic
560 4502 704 4556 ludit
734 4501 790 4556 in
819 4499 1151 4555 Felicissimi
1189 4500 1442 4567 nomine,
1473 4500 1571 4571 qui
1599 4499 1686 4553 vix
1716 4504 1886 4554 notus
1926 4502 2085 4553 extra

456 4597 704 4654 Africam
745 4596 895 4650 fuit:
932 4615 958 4643 «
1001 4593 1145 4659 Quid
1185 4594 1257 4649 ad
1281 4595 1387 4649 ista
1431 4594 1818 4664 respondeant
1860 4609 2084 4664 perver-

452 4691 662 4745 sissimi
690 4688 779 4745 isti
811 4688 1127 4756 Novatiani,
1166 4689 1252 4742 vel
1301 4704 1450 4742 nunc
1494 4687 1871 4741 infelicissimi
1914 4687 2079 4758 pauci

456 4786 536 4857 (p.
570 4783 624 4856 9)
644 4786 673 4839 Ἰ
702 4807 729 4835 ››
760 4788 881 4838 tum
912 4783 1065 4854 quia,
1090 4783 1268 4837 solam
1295 4782 1596 4837 Ecclesiam
1619 4781 1833 4835 caelesti
1860 4781 2083 4835 ratione

453 4879 746 4951 baptizare
770 4877 1173 4950 pronuntians,
1209 4876 1616 4931 hareticorum
1654 4876 1937 4947 baptisma
1968 4892 2082 4929 non

458 4974 697 5029 obscure
738 4971 920 5042 rejicit
957 4970 1113 5043 (pag.
1150 4971 1257 5041 l0).
1312 4970 1446 5026 Sola
1494 4970 1624 5041 styli
1686 4969 2082 5024 dissimilitudo

452 5066 881 5123 Tillemontium
932 5064 1209 5119 deterruit
1254 5064 1562 5136 quominus
1613 5065 1720 5118 hoc
1777 5080 1919 5135 opus
1972 5066 2080 5136 Cy-

453 5161 658 5233 priane
702 5159 999 5215 tribueret.
1056 5157 1163 5213 Sed
1206 5164 1420 5227 tamen,
1470 5163 1676 5229 prater
1718 5159 1865 5213 hanc
1910 5159 2080 5213 ratio-

455 5271 614 5321 nem,
647 5254 759 5309 alia
786 5252 1021 5307 videtur
1050 5252 1246 5307 afferri
1275 5269 1439 5324 posse
1470 5268 1483 5304 :
1517 5269 1648 5307 nam
1678 5252 1922 5308 declarat
1958 5271 2085 5308 auc-

456 5355 544 5403 tor
592 5348 759 5419 hujus
796 5347 925 5401 libri
970 5347 1029 5401 in
1081 5346 1201 5418 ipso
1243 5346 1498 5414 exordio,
1551 5366 1579 5398 «
1629 5347 1903 5418 cogitanti
1959 5347 2081 5419 (sibi

458 5447 535 5515 et)
569 5441 1002 5497 intolerabiliter
1046 5442 1239 5496 animo
1282 5441 1547 5496 astuanti
1591 5441 1861 5512 quidnam
1909 5457 2083 5513 agere

455 5537 729 5610 (deberet)
763 5535 835 5591 de
868 5536 1206 5590 miserandis
1235 5535 1503 5589 fratribus
1529 5536 1944 5607 quivulnerati,
1964 5554 2080 5591 non

456 5631 691 5703 propria
719 5614 1010 5685 voluntate
1038 5630 1372 5701 seddiaboli
1408 5629 1691 5685 savientis
1742 5630 2080 5702 irruptione,

460 5725 644 5780 adhuc
666 5742 866 5797 usque,
888 5724 998 5779 hoc
1020 5730 1123 5791 est,
1146 5742 1252 5796 per
1272 5726 1505 5795 longam
1530 5730 1855 5798 temporum
1871 5725 2084 5781 seriem

457 5822 700 5892 agentes
731 5835 926 5891 poenas
969 5817 1191 5885 darent,
1224 5835 1292 5874 ex
1324 5820 1557 5875 adverso
1586 5839 1612 5871 »
1659 5828 1917 5877 exortum
1963 5834 2083 5880 esse

451 5914 626 5972 alium
657 5913 877 5971 hostem
907 5913 1151 5988 etipsius
1171 5916 1429 5986 paterna
1444 5914 1666 5986 pietatis
1687 5915 2080 5973 adversarium

2194 3375 2430 3430 Romani
2465 3376 2683 3444 litteris,
2717 3377 2868 3432 inter
2904 3377 3268 3448 Cyprianicas
3302 3380 3390 3445 3i,
3424 3393 3553 3449 qua
3580 3394 3610 3431 a
3640 3378 3830 3432 Nova-

2192 3469 2349 3525 tiano
2381 3470 2605 3541 scripta
2635 3472 2693 3525 in
2726 3476 2905 3526 totum
2946 3471 3144 3526 orbem
3174 3471 3359 3525 missa
3399 3472 3651 3539 fuerunt,
3684 3477 3831 3527 teste

2193 3562 2496 3634 Cypriano,
2524 3564 2686 3635 epist.
2718 3567 2805 3619 52.

2262 3657 2493 3711 Librum
2539 3658 2606 3712 de
2643 3658 2994 3714 Ateatoribus
3031 3675 3147 3714 non
3194 3676 3316 3715 esse
3363 3658 3632 3731 Cypriani
3672 3660 3835 3715 inter

2189 3766 2386 3805 omnes
2412 3750 2694 3806 convenit.
2728 3751 2929 3823 Liquet
2966 3768 3034 3808 ex
3073 3753 3239 3808 initio
3269 3753 3469 3808 foetum
3505 3768 3623 3808 esse
3653 3753 3833 3809 alicu-

2183 3845 2277 3915 jus
2315 3844 2586 3916 episcopi,
2614 3846 2699 3901 vel
2734 3846 2931 3914 etiam,
2970 3853 3033 3902 ut
3062 3846 3433 3902 Bellarminus
3464 3846 3831 3917 existimavit,

2189 3938 2436 3993 Romani
2483 3939 2790 3994 Pontiﬁcis.
2841 3940 3158 4012 Antiquum
3206 3958 3350 4013 opus
3397 3957 3521 3997 esse
3577 3940 3832 3996 demon-

2187 4035 2330 4087 strat
2367 4032 2668 4104 Scriptura
2705 4033 2951 4090 citanda
2992 4035 3155 4090 ratio.
3194 4034 3386 4091 Serius
3424 4038 3615 4090 tamen
3652 4035 3835 4107 scrip-

2186 4130 2309 4181 tum
2342 4143 2460 4182 non
2499 4126 2796 4182 immerito
2833 4128 3142 4198 videretur,
3176 4128 3222 4183 si
3263 4128 3320 4183 in
3363 4128 3501 4200 ipsis
3538 4129 3833 4200 presbyte-

2188 4219 2283 4287 ris,
2324 4224 2390 4275 ut
2435 4222 2696 4275 nonnulli
2745 4221 2964 4293 opinati
3008 4225 3161 4292 sunt,
3204 4222 3466 4277 vitiosam
3511 4223 3649 4278 alea
3691 4239 3835 4279 con-

2187 4314 2552 4368 suetudinem
2599 4315 2962 4386 vituperaret.
3010 4316 3123 4371 Sed
3166 4316 3310 4371 nihil
3356 4319 3508 4371 vetat
3549 4317 3620 4371 de
3670 4316 3832 4371 laicis

2186 4407 2427 4479 intelligi
2471 4409 2595 4463 hac
2638 4409 2811 4464 verba
2852 4425 2865 4463 :
2908 4430 2936 4459 ‹‹
2972 4410 3169 4465 Manus
3209 4427 3336 4482 qua
3378 4411 3448 4465 ad
3484 4410 3831 4466 sacriﬁcium

2185 4502 2543 4558 Dominicum
2596 4502 2866 4571 admissa,
2917 4509 2974 4558 et
3024 4504 3191 4575 quod'
3231 4504 3303 4559 ad
3354 4505 3593 4559 salutem
3645 4505 3832 4559 totius

2185 4596 2432 4651 hominis
2474 4596 2744 4668 pertinet,
2792 4597 3124 4669 dignatione
3172 4598 3422 4670 suscipit,
3462 4614 3592 4669 qua
3633 4597 3832 4654 divina

2184 4696 2537 4745 sacramenta
2580 4697 2956 4746 consummat.
3002 4712 3030 4742 »
3063 4692 3253 4764 Neque
3289 4692 3833 4765 etiampontrover-

2185 4784 2331 4839 siam
2369 4784 2537 4839 ullam
2577 4801 2807 4839 movere
2848 4786 3083 4856 possint,
3112 4785 3257 4841 liber
3292 4787 3357 4841 de
3387 4786 3659 4842 Montibus
3686 4788 3833 4843 Sina

2183 4884 2234 4933 et
2277 4878 2429 4941 Sion,
2475 4878 2604 4932 dua
2645 4878 2927 4935 Orationes
2972 4879 3256 4951 Cypriane
3305 4880 3531 4949 afficta,
3572 4880 3719 4935 liber
3761 4881 3834 4936 de

2184 4973 2465 5028 duodecim
2514 4973 2892 5028 cardinalibus
2943 4972 3147 5029 Christi
3196 4975 3463 5045 operibus.
3513 4974 3838 5031 Celeberri-

2184 5083 2343 5122 mum
2375 5072 2459 5123 est
2487 5067 2594 5122 hoc
2621 5071 2977 5138 postremum
3009 5084 3171 5139 opus,
3199 5068 3354 5139 quod
3384 5068 3686 5138 Pamelius,
3720 5074 3833 5127 aut

2184 5161 2472 5233 Cypriani,
2527 5166 2624 5217 aut
2685 5162 2918 5233 aqualis
2973 5162 3260 5233 scriptoris
3315 5179 3438 5218 esse
3501 5163 3831 5221 contendit.

2185 5255 2294 5310 Sed
2330 5254 2672 5326 jamdudum
2720 5272 2787 5309 ex
2832 5254 3118 5310 codicibus
3159 5271 3295 5311 mss.
3339 5255 3699 5328 adjudicatus
3745 5262 3848 5313 est.

2182 5349 2431 5405 Arnoldo
2479 5350 2807 5405 Bonavallis
2852 5350 3042 5405 abbati
3088 5350 3145 5403 in
3188 5350 3417 5405 diacesi
3459 5352 3839 5409 Carnutensi.

2184 5445 2512 5515 Sequuntur
2551 5444 2814 5515 quaedam
2852 5444 3124 5513 carmina,
3156 5460 3285 5516 qua
3318 5444 3377 5498 in
3409 5444 3644 5499 vetustis
3672 5447 3849 5502 codi-

2184 5537 2341 5592 cibus
2369 5554 2519 5591 nunc
2552 5539 2858 5609 Cypriane,
2887 5554 3040 5593 nunc
3065 5538 3413 5595 Tertulliano
3442 5540 3654 5609 afﬁcta,
3687 5542 3853 5596 utri-

2185 5647 2296 5702 que
2327 5631 2397 5685 ab
2424 5632 2688 5687 omnibus
2715 5632 2921 5687 criticis
2945 5633 3371 5704 abjudicantur.

2183 5735 2399 5792 XXXVI.
2429 5767 2495 5777 —
2523 5739 2600 5791 De
2628 5738 3012 5806 singularitate
3050 5737 3384 5801 clericorum,
3413 5737 3644 5808 epistola
3682 5737 3859 5797 Celsi

2532 5818 2606 5873 ad
2638 5820 2917 5888 Vigilium,
2948 5824 2997 5873 et
3023 5818 3299 5873 nonnullis
3325 5819 3469 5873 aliis.

2255 5917 2375 5974 Non
2410 5918 2612 5974 leviter
2653 5923 2918 5974 errarunt
2946 5918 3043 5990 qui
3082 5917 3288 5972 librum
3330 5917 3397 5973 de
3422 5916 3865 5989 Singularitate
