4084 6208
254 218 339 271 177
1582 219 1738 273 VlTA
1778 220 1832 273 S.
1873 218 2207 274 CYPRIANI.

3490 214 3587 268 178

247 342 549 400 Clericorum
600 340 903 413 Cypriane,
954 346 1053 397 aut
1104 343 1337 414 Origeni
1387 348 1487 400 aut
1536 348 1854 418 Augustino
1878 360 1936 431 Α
1962 348 2253 417 Vulgatam
2294 345 2652 414 revocarent;
2682 345 2778 399 sed
2819 361 2969 415 saepe
3002 359 3069 399 ex
3110 342 3345 399 vetustis
3387 341 3589 396 codici-

244 434 621 489 attribuerunt.
662 437 945 507 Cypriane
982 442 1041 491 et
1079 439 1394 509 Augustino
1438 440 1667 511 penitus
1698 441 1855 511 abju-

244 529 375 582 dicat
426 529 553 600 styli
621 530 1058 598 dissimilitudo,
1111 537 1167 587 et
1227 534 1455 604 Origeni
1520 535 1853 606 episcopalis

241 623 491 693 dignitas,
537 641 648 695 qua
689 625 907 679 videtur
946 632 1140 680 auctor
1180 628 1353 698 hujus
1394 628 1579 699 operis
1623 634 1854 684 ornatus

236 716 407 771 fuisse.
443 718 571 771 Visa
603 724 685 773 est
718 720 1008 773 nonnullis
1049 722 1188 775 ratio
1227 722 1529 792 probabilis
1571 740 1670 777 cur
1699 725 1853 791 hunc

236 810 423 864 librum
479 812 711 882 On'geni
756 814 1113 885 attingerent,
1162 816 1314 886 quod
1369 817 1588 872 laudari
1640 817 1697 871 in
1748 819 1853 873 hoc

232 903 361 958 libro
386 922 483 959 eos
503 907 809 962 crederent
833 909 931 979 qui
954 926 1076 963 sese
1102 909 1289 963 studio
1311 910 1585 965 castitatis
1612 912 1852 970 evirant.

234 1002 290 1052 At
316 999 350 1052 ii
381 1016 741 1071 nequaquam
771 1001 1096 1069 laudantur,
1131 1004 1217 1057 vel
1250 1004 1438 1074 potius
1467 1008 1624 1059 cavet
1656 1009 1852 1061 auctor

234 1093 407 1163 operis
452 1109 525 1148 ne
566 1094 798 1150 laudare
836 1095 961 1149 illos
1002 1097 1279 1152 videatur.
1323 1098 1412 1151 Ait
1456 1099 1609 1153 enim
1647 1118 1659 1153 :
1709 1120 1735 1149 ‹‹
1776 1102 1850 1154 De

233 1186 420 1257 quibus
465 1188 635 1242 modo
679 1189 1123 1245 examinationis
1152 1191 1434 1262 suspendo
1479 1194 1848 1261 sententiam,

233 1280 548 1351 relinquens
578 1282 688 1336 alia
730 1282 1113 1354 disputatione
1150 1286 1550 1355 premendam.
1585 1307 1613 1338 »
1645 1290 1848 1359 Atque,

234 1374 439 1428 etiamsi
469 1376 753 1447 ejusmodi
782 1377 1001 1432 facinus
1034 1378 1081 1450 1
1100 1378 1224 1451 75
1254 1380 1359 1433 hoc
1386 1380 1443 1434 in
1474 1379 1618 1435 libro
1650 1381 1851 1451 proba-

233 1474 390 1537 retur,
440 1486 582 1523 num
630 1470 835 1525 idcirco
885 1472 1216 1527 tribuendus
1264 1478 1410 1528 esset
1452 1474 1701 1545 Origeni,
1751 1476 1850 1546 qui

231 1563 365 1633 quod
410 1564 741 1619 adolescens
784 1566 1170 1635 commiserat,
1216 1570 1380 1621 aetate
1427 1568 1705 1623 maturior
1747 1569 1850 1623 im-

230 1658 524 1728 probavit?

1956 441 2061 495 bus
2090 458 2222 495 vera
2250 440 2475 510 legendi
2505 440 2648 493 ratio
2681 439 3046 509 dignoscitur.

2028 536 2285 589 Statuere
2336 550 2474 604 ergo
2520 534 2652 587 licet
2696 534 2849 587 hunc
2894 533 3229 602 scriptorem
3276 531 3445 585 tertio
3494 532 3591 584 aut

1956 632 2156 700 quarto
2213 628 2449 683 ineunte
2504 628 2705 681 szeculo
2761 626 2981 679 vixisse.
3030 625 3368 696 Episcopum
3419 624 3590 679 fuisse

1955 724 2206 778 declarat
2248 723 2425 794 ipsius
2468 722 2524 775 in
2564 720 2819 792 regenda
2844 719 3082 774 ecclesia
3109 723 3165 773 et
3196 719 3249 771 in
3279 720 3591 773 admonen-

1955 816 2038 871 dis
2090 816 2307 870 clericis
2354 816 2690 881 sollicitudo,
2742 814 2944 884 quibus
2991 816 3225 867 testatur
3272 828 3586 883 numquam

1954 911 2169 965 litteras
2199 918 2323 964 suas
2345 910 2612 976 defuisse,
2638 930 2665 958 ‹‹
2690 925 2817 979 quae
2846 924 2944 978 per
2969 906 3279 961 absentiam
3311 910 3587 973 nostram,

1953 1004 2162 1075 inquit,
2206 1004 2590 1074 frequentiam
2637 1002 2903 1057 omnibus
2945 1004 3338 1071 peusaverunt.
3381 1020 3407 1047 »
3441 1002 3586 1053 Ante

1953 1098 2104 1151 hunc
2144 1097 2355 1151 librum
2394 1097 2700 1167 scripserat
2738 1096 2846 1150 illis
2892 1095 3210 1165 epistolam,
3247 1113 3274 1140 ι(
3309 1109 3437 1163 quae
3471 1109 3589 1146 om-

1953 1191 2113 1244 nium
2146 1207 2369 1245 morum
2400 1190 2660 1244 instituta
2699 1190 2768 1243 de
2812 1189 2938 1259 lege
2983 1186 3405 1252 commendans,
3437 1202 3588 1239 sum-

1953 1284 2149 1338 matim
2178 1284 2366 1338 omnia
2392 1283 2732 1351 contineret,
2761 1297 3134 1353 quaecumque
3170 1278 3447 1334 universis
3479 1280 3590 1333 cle-

1951 1376 2079 1431 ricis
2108 1378 2456 1448 generaliter
2481 1377 2549 1431 ad
2576 1376 2937 1447 dirigendam
2964 1375 3221 1445 regulam
3251 1376 3587 1444 competunt

1953 1470 2284 1542 disciplinm.
2316 1493 2343 1521 ››

2022 1565 2172 1619 Nihil
2219 1564 2407 1619 dicam
2452 1564 2516 1618 de
2558 1565 2889 1633 expositione
2935 1566 2991 1617 in
3043 1563 3375 1631 Symbolum,
3427 1562 3584 1632 quod

1953 1658 2229 1713 eximium
2259 1674 2420 1728 opus,
2454 1657 2807 1726 Hieronyme
2836 1655 3006 1710 etiam
3028 1656 3395 1726 adscriptum,
3431 1673 3585 1710 nunc

290 1752 394 1805 Sed
432 1768 606 1806 neme
644 1752 869 1823 longius
909 1753 1247 1808 aberravita
1278 1772 1409 1809 vero
1449 1772 1623 1826 quam
1666 1732 1927 1811 editorB
1952 1752 2210 1808 omnium
2239 1750 2430 1823 176
2464 1750 2680 1821 judicio
2720 1749 3039 1804 restituitur
3068 1750 3320 1818 legitimo
3360 1750 3583 1819 parenti

230 1846 571 1913 Oxoniensis,
610 1848 707 1917 qui
746 1846 901 1900 hunc
938 1846 1152 1901 librum
1198 1848 1340 1902 circa
1386 1850 1548 1903 Bedae
1591 1856 1850 1920 tempera

226 1939 489 2008 scriptum
532 1939 839 1993 existimat.
870 1941 1069 2012 Liquet
1105 1942 1255 1995 hunc
1283 1943 1619 2013 scriptorem
1650 1943 1848 1998 vixisse

224 2049 341 2085 cum
374 2036 807 2103 persecutiones
838 2035 1093 2089 nondum
1135 2035 1437 2090 desiisseut
1470 2054 1482 2090 :
1521 2060 1545 2085 α
1587 2038 1844 2107 Mentior,

222 2128 415 2196 inquit,
467 2128 511 2180 si
555 2144 670 2181 non
714 2129 969 2183 videmus
1016 2130 1218 2183 exinde
1268 2129 1531 2184 interitus
1578 2132 1848 2201 plurimo-

223 2236 360 2273 rum.
401 2221 613 2284 Quanti
655 2225 710 2276 et
747 2224 942 2293 quales
974 2224 1225 2294 episcopi
1265 2228 1319 2277 et
1358 2224 1566 2292 clerici,
1597 2225 1762 2279 simul
1793 2232 1849 2279 et

221 2313 356 2378 laici,
388 2321 518 2384 post
547 2315 964 2369 confessionum
997 2317 1468 2388 victoriarumque
1502 2319 1707 2371 calcata
1736 2335 1847 2372 cer-

224 2408 464 2474 tamina,
524 2414 651 2478 post
711 2410 1005 2480 magnalia
1065 2416 1120 2464 et
1185 2411 1349 2481 signa
1411 2411 1499 2464 vel
1565 2412 1846 2466 mirabilia

218 2517 622 2572 usquequaque
655 2508 991 2571 monstrata,
1027 2510 1339 2557 noscuntur
1378 2521 1505 2558 cum
1544 2506 1628 2559 his
1667 2506 1847 2559 omni-

219 2592 313 2646 bus
352 2596 749 2664 naufragasse,
783 2613 912 2649 cum
954 2598 1150 2651 volunt
1194 2598 1249 2651 in
1296 2598 1423 2651 navi
1463 2599 1652 2668 fragili
1695 2599 1847 2652 navi-

220 2689 375 2757 gare!
411 2712 441 2737 n
476 2688 830 2757 Objiciebant
869 2690 1055 2744 clerici
1096 2708 1237 2762 quos
1276 2692 1501 2759 refellit,
1539 2693 1846 2746 nonnullos

222 2801 244 2830 α
270 2781 514 2836 feminas
539 2783 820 2837 habentes
846 2784 904 2838 in
928 2784 1188 2839 domibus
1217 2786 1550 2856 martyrium
1577 2803 1843 2841 consecu-

218 2882 296 2929 tos
337 2893 482 2943 esse,
538 2882 603 2931 ut
648 2877 877 2932 illorum
926 2878 1197 2933 innocens
1247 2880 1593 2935 conscientia
1644 2880 1841 2950 proba-

218 2977 381 3023 retur.
414 2972 477 3024 ln
524 2971 822 3042 martyrio,
856 2971 1099 3039 aiebant,
1142 2972 1454 3043 ignoscitur
1493 2974 1673 3041 nobis,
1704 2974 1845 3028 sicut

218 3061 497 3118 indultum
539 3068 620 3118 est
660 3065 1006 3135 parentibus.
1049 3088 1075 3115 ››
1111 3067 1305 3121 Elucet
1345 3067 1515 3121 etiam
1552 3067 1843 3139 scriptoris

218 3158 523 3228 antiquitas
567 3174 626 3211 ex
660 3158 807 3212 illius
846 3159 914 3213 de
946 3160 1162 3231 angelis
1189 3160 1480 3231 Opinione,
1512 3178 1655 3232 quos
1687 3168 1846 3232 putat

221 3276 242 3298 ιι
280 3269 408 3306 cum
438 3252 675 3306 feminis
697 3253 977 3307 cecidisse.
1006 3272 1033 3305 »
1058 3254 1219 3317 Quod
1246 3258 1438 3309 autem
1458 3256 1535 3308 ait
1559 3256 1841 3310 Christum

215 3346 457 3415 Seipsum
485 3364 819 3417 comparare
844 3350 959 3402 Deo
985 3365 1183 3402 ausum
1206 3366 1319 3403 non
1348 3366 1487 3418 esse,
1511 3349 1569 3403 id
1594 3350 1843 3420 profecto

214 3438 427 3494 redolet
479 3446 713 3494 (etatem
760 3441 895 3495 Arie
944 3442 1349 3513 antiquiorem,
1396 3446 1524 3514 quae
1570 3460 1838 3498 nonnun-

214 3549 374 3602 quam
406 3534 483 3588 ad
516 3537 895 3589 Personarum
934 3536 1354 3591 distinctionem
1394 3537 1664 3592 attentior
1696 3542 1837 3605 erat,

214 3644 375 3697 quam
403 3630 481 3683 ad
519 3630 905 3700 aequalitatem
938 3631 1374 3686 defendendam.

275 3724 367 3776 His
398 3724 725 3778 rationibus
762 3724 966 3779 nititur
1000 3725 1182 3781 editor
1218 3726 1552 3781 Oxonieusis
1590 3728 1728 3797 (net.
1766 3728 1837 3797 l),

210 3822 350 3891 quod
394 3822 555 3876 circa
594 3823 757 3878 Bedm
798 3830 1055 3894 tempora
1094 3825 1161 3878 de
1206 3824 1538 3879 clericorum
1576 3825 1838 3879 caelibatu

210 3918 451 3972 maxime
482 3920 729 3974 ferveret
759 3923 1074 3991 praesertim
1101 3921 1155 3975 in
1186 3922 1485 3977 Occidente
1513 3925 1834 3976 controver-

208 4016 311 4083 sia;
342 4020 503 4089 quod
542 4022 675 4071 tunc
707 4019 1165 4085 revelationibus,
1198 4026 1257 4074 ut
1293 4021 1401 4074 hoc
1430 4021 1549 4091 ipse
1579 4021 1635 4074 in
1668 4021 1834 4087 libro,

208 4118 537 4186 conjugium
567 4116 931 4171 sacerdotum
967 4117 1315 4187 prohibitum
1343 4119 1653 4187 diceretur;
1684 4120 1836 4190 quod

206 4212 347 4267 hunc
390 4216 611 4268 librum
655 4227 778 4284 post
818 4216 1112 4285 Vulgatam
1148 4216 1468 4269 versionem
1508 4217 1566 4269 in
1608 4233 1712 4270 usu
1749 4234 1836 4270 re-

205 4318 421 4382 ceptam
471 4313 748 4383 scriptum
789 4314 959 4367 fuisse
996 4316 1234 4367 constet.
1270 4314 1377 4368 Sed
1420 4314 1561 4367 nihil
1608 4331 1834 4384 prorsus

204 4412 312 4480 agit
346 4412 539 4481 petita
574 4428 641 4465 ex
681 4411 1124 4465 revelationibus
1152 4413 1316 4477 ratio,
1349 4429 1475 4483 qum
1506 4413 1688 4466 multo
1719 4414 1829 4467 fre-

201 4511 530 4575 quentiores
572 4510 807 4563 fuerunt
851 4509 1017 4563 tertio
1057 4514 1113 4563 et
1156 4514 1355 4580 quarto
1397 4511 1621 4575 saeculo,
1663 4526 1831 4580 quam

200 4606 339 4661 circa
379 4608 553 4661 Bedae
594 4612 877 4677 tempora.
910 4610 1033 4661 Jam
1076 4608 1242 4662 tertio
1288 4608 1489 4661 saeculo
1530 4608 1832 4678 prohibitus

201 4702 420 4759 fuerant
449 4706 670 4760 clericis
696 4706 967 4761 mulieres
995 4705 1432 4761 subintroductm
1459 4723 1472 4759 :
1501 4722 1631 4760 nam
1662 4707 1831 4761 Paulo

198 4802 585 4865 Samosateno,
618 4804 764 4858 inter
792 4803 900 4857 alia
932 4804 1197 4874 plurima,
1226 4803 1364 4857 illud
1402 4803 1574 4858 etiam
1605 4804 1831 4858 crimini

198 4905 495 4956 verterunt
524 4901 861 4957 Antiocheui
912 4903 1122 4967 Patres,
1157 4902 1306 4972 quod
1346 4917 1474 4955 cum
1515 4901 1632 4972 ipse
1677 4900 1828 4970 ejus-

197 5002 345 5055 modi
389 5002 687 5070 mulieres,
733 5005 854 5055 tum
900 5001 1089 5067 etiam,
1122 5001 1244 5071 ipse
1285 5000 1636 5068 connivente,
1678 5017 1830 5071 pres-

196 5098 375 5168 byteri
428 5106 492 5155 et
540 5100 759 5153 diaconi
816 5098 1165 5153 habuissent.
1218 5098 1353 5169 Legi
1406 5099 1577 5153 etiam
1626 5100 1827 5168 potest,

198 5200 349 5267 epist.
392 5201 464 5253 62
503 5197 787 5268 Cypriani.
822 5197 988 5261 Quod
1019 5201 1233 5267 spectat
1270 5196 1338 5251 ad
1373 5198 1671 5266 Vulgatam
1700 5211 1827 5249 ver-

201 5296 441 5365 sionem,
492 5313 653 5364 num,
696 5312 910 5367 qurese,
956 5295 1105 5349 illam
1152 5295 1398 5366 sequitur
1450 5295 1541 5348 hic
1587 5295 1830 5366 scriptor

200 5411 317 5449 cum
363 5397 447 5449 sic
492 5394 824 5465 Apostolum
866 5394 1003 5448 citat
1046 5411 1056 5447 :
1090 5396 1393 5449 Posteriora
1434 5395 1651 5464 quidem
1690 5395 1825 5448 obli-

201 5497 415 5555 εἰδείης,
469 5494 546 5547 ad
589 5511 650 5547 ea
699 5510 819 5564 quae
866 5498 995 5548 sunt
1044 5500 1171 5548 ante
1211 5501 1418 5565 petens,
1471 5496 1545 5549 ad
1587 5496 1829 5564 regulum

198 5606 399 5660 sequor,
445 5592 527 5645 ad
557 5594 798 5661 palmam
836 5608 1081 5662 superna:
1116 5594 1410 5647 vocationis
1449 5594 1664 5647 Domini
1703 5606 1824 5647 nos-

205 5694 265 5741 Iri
302 5694 430 5745 Jesu
476 5692 693 5747 Christi.
738 5692 938 5745 Fecere
981 5690 1043 5743 id
1086 5690 1316 5760 quidem
1366 5689 1576 5744 librarii
1619 5690 1674 5743 in
1720 5690 1827 5744 hoc

202 5789 337 5845 iibro
386 5794 450 5845 et
500 5790 692 5845 multis
741 5789 885 5860 aliis,
928 5794 991 5843 ut
1040 5789 1341 5861 Scripturce
1391 5788 1710 5847 testimonia
1753 5788 1826 5844 ad

1952 1847 2198 1901 Rufline.
2258 1846 2430 1901 Paulo
2488 1844 2804 1898 accuratius
2866 1843 3252 1897 examinanda
3303 1843 3449 1897 Celsi
3509 1844 3585 1897 ad

1956 1942 2217 2010 Vigilium
2261 1939 2519 2009 epistola.
2550 1937 2697 1991 Nihil
2730 1937 2882 1991 aliud
2909 1942 2992 1990 est
3034 1936 3122 1990 hic
3150 1936 3375 1990 libellus
3406 1953 3583 2007 quam

1948 2033 2208 2105 praefatio
2238 2033 2351 2086 sive
2391 2032 2631 2103 epistola
2659 2030 3077 2100 nuncupatoria
3114 2031 3257 2084 Celsi
3288 2030 3582 2099 cujusdam

1949 2129 2100 2182 senis
2128 2126 2422 2181 christiani
2452 2126 2509 2178 in
2535 2127 2956 2180 Altercutienem
2988 2126 3217 2177 Joannis
3255 2129 3304 2178 et
3329 2128 3547 2193 Papisci
3563 2143 3579 2192 ;

1948 2222 2097 2293 quod
2141 2237 2284 2291 opus
2325 2236 2393 2273 ex
2440 2234 2624 2290 graece
2671 2217 2916 2271 latinum
2957 2234 2991 2271 a
3033 2234 3090 2271 se
3119 2217 3333 2271 factum
3379 2218 3581 2289 Vigilio

1948 2315 2214 2386 episcopo
2246 2313 2614 2383 nuncupavit.
2644 2312 2931 2365 Damnum
2962 2311 3198 2365 fecimus
3226 2314 3344 2365 tum
3376 2328 3581 2382 perau-

1948 2410 2089 2480 tiqui
2125 2409 2271 2461 illius
2298 2406 2447 2473 libri,
2481 2411 2603 2459 tum
2633 2404 2805 2459 etiam
2843 2405 3035 2458 latinae
3062 2404 3579 2475 interpretationis;

1946 2502 2065 2557 sola
2086 2503 2268 2556 exstat
2289 2500 2545 2571 praefatio
2570 2498 2684 2551 sive
2715 2498 2955 2569 epistola
2978 2498 3413 2568 nuncupatoria.
3438 2500 3580 2553 Cum

1945 2599 2109 2651 Jasen
2164 2594 2513 2651 Christianus
2568 2592 2841 2647 Hebraeus
2895 2608 3027 2645 cum
3080 2592 3329 2661 Papisce,
3383 2593 3576 2646 Judzeo

1946 2689 2349 2753 Alexandrino,
2377 2688 2445 2741 de
2480 2687 2714 2740 veritate
2742 2685 3062 2739 christiana;
3090 2685 3381 2755 religionis
3409 2686 3579 2741 disse-

1944 2784 2170 2851 ruisset,
2214 2799 2275 2835 ac
2317 2781 2565 2849 Judaaus,
2603 2786 2727 2850 post
2771 2779 3044 2849 plurimas
3085 2778 3355 2833 obstinati
3399 2779 3578 2833 animi

1945 2876 2405 2947 significationes,
2440 2874 2669 2927 tandem
2703 2877 3047 2943 Oppugnataz
3080 2872 3300 2926 veritati
3327 2872 3578 2927 dedisset

1944 2988 2168 3037 manus,
2219 2969 2420 3023 litteris
2474 2968 2672 3039 graecis
2728 2966 3003 3020 mandata
3059 2972 3190 3019 sunt
3242 2983 3369 3036 quae
3426 2966 3575 3020 inter

1948 3071 2255 3134 utrumque
2288 3068 2443 3117 tante
2480 3061 2666 3115 studio
2695 3060 2922 3114 fuerant
2951 3059 3257 3129 disputata.
3290 3061 3408 3113 Non
3448 3077 3577 3113 cou-

1946 3164 2055 3212 stat
2107 3158 2178 3212 ab
2230 3158 2352 3228 ipso
2414 3157 2614 3211 Jasone
2667 3154 2941 3224 scriptum
3003 3169 3125 3208 esse
3187 3153 3568 3224 colloquium,

1945 3252 2201 3323 quamvis
2242 3267 2412 3306 nemo
2453 3250 2639 3320 aptius
2678 3248 2731 3302 id
2776 3248 2965 3302 facere
3002 3247 3253 3318 potuisse
3294 3247 3569 3303 videatur.

1946 3347 2096 3417 Opus
2122 3344 2464 3400 attribuebat
2492 3344 2545 3398 S.
2582 3345 2741 3397 Lucae
2770 3342 3032 3397 Clemens
3063 3341 3482 3395 Alexandrinus
3511 3342 3571 3395 in

1943 3444 2103 3496 sexto
2148 3444 2560 3509 Hypotyposeen
2601 3436 2768 3504 libre,
2809 3440 2871 3489 ut
2914 3438 3153 3489 testatur
3195 3435 3469 3489 Maximus
3511 3435 3568 3489 in

1941 3534 2165 3590 scheliis
2194 3534 2264 3587 ad
2300 3532 2512 3588 librum
2551 3530 2795 3601 Dionysii
2822 3530 2887 3583 de
2917 3532 3084 3598 Myst.
3122 3529 3322 3591 Theol.,
3354 3546 3473 3600 cap.
3515 3535 3563 3597 t,

1940 3630 2042 3684 sed
2100 3629 2158 3682 id
2222 3642 2453 3698 prorsus
2514 3623 2886 3695 improbabile
2950 3628 3051 3677 est.
3109 3624 3231 3694 Ipse
3295 3623 3567 3677 Maximus

1940 3721 2185 3778 Aristoni
2221 3722 2426 3776 Pellaeo
2466 3719 2676 3773 ibidem
2723 3716 3035 3787 adjudicat.

2010 3816 2200 3873 Celsus
2248 3815 2557 3885 Epicureus
2620 3828 2750 3866 cum
2804 3810 3064 3865 historias
3127 3810 3455 3865 Judzeorum
3508 3814 3567 3865 et

1938 3910 2383 3967 Christianorum
2420 3907 2637 3961 fabulas
2674 3922 2793 3959 esse
2820 3904 3211 3972 contenderet,
3239 3921 3302 3959 ac
3330 3922 3563 3975 operam

1938 4006 2007 4059 ab
2048 4004 2302 4074 utrisque
2342 4002 2399 4055 in
2439 3999 2729 4054 nonnullis
2775 3998 3077 4067 allegorice
3118 3998 3567 4068 interpretandis

1936 4098 2247 4153 adhibitam
2294 4095 2687 4159 ﬁoccifaceret,
2745 4093 2801 4145 in
2857 4091 3188 4161 exemplum
3249 4092 3568 4146 adducebat

1937 4191 2150 4261 Papisci
2202 4188 2498 4259 cujusdam
2548 4194 2604 4241 et
2650 4185 2870 4239 Jasonis
2922 4192 3210 4253 ἀντιλογίαν,
3254 4201 3448 4255 quam,
3504 4191 3566 4239 ut

1935 4283 2296 4339 miseratione
2324 4287 2379 4336 et
2409 4281 2539 4335 odio
2568 4280 2893 4350 digniorem
2923 4295 3096 4349 quam
3126 4278 3261 4346 risu,
3293 4296 3366 4333 ne
3397 4279 3563 4334 refel-

1936 4379 2164 4434 lendam
2212 4376 2446 4447 quidem
2485 4374 2801 4446 judicabat.
2852 4373 3123 4427 Observat
3174 4372 3447 4443 Origenes
3496 4377 3563 4441 (1v

1852 4466 1909 4536 D
1935 4473 2093 4533 Cels.,
2122 4488 2179 4542 p.
2219 4474 2334 4539 199)
2367 4486 2435 4524 ex
2472 4468 2732 4522 omnibus
2763 4466 3213 4521 Christianorum
3246 4466 3402 4520 libris
3432 4467 3567 4521 alle-

1936 4565 2126 4637 gorias
2172 4570 2227 4619 et
2272 4562 2662 4618 enarrationes
2708 4577 2826 4614 non
2871 4558 3295 4614 contemnendo
3340 4558 3561 4613 dicendi

1933 4675 2147 4729 genere
2193 4656 2634 4720 continentibus,
2683 4670 2815 4707 eum
2863 4669 2895 4706 a
2940 4654 3100 4707 Celse
3152 4653 3395 4705 electum
3440 4669 3560 4705 esse

1932 4755 2029 4825 qui
2080 4753 2247 4806 vilior
2296 4751 2367 4805 sit
2413 4755 2469 4803 et
2517 4749 2587 4803 ad
2642 4748 2850 4801 multos
2908 4762 2972 4800 ac
3025 4745 3396 4816 simpliciores
3445 4744 3560 4799 ﬁde

1933 4846 2273 4901 imbuendos
2304 4843 2505 4913 aptior,
2538 4857 2705 4912 quam
2738 4840 2807 4893 ad
2839 4838 3307 4909 intelligentiores
3337 4854 3561 4908 permo-

1932 4940 2170 5005 vendos;
2204 4938 2302 4992 sed
2330 4944 2521 4991 tamen
2551 4934 2692 4988 nihil
2729 4933 2786 4987 in
2829 4950 2894 4986 eo
2934 4948 3228 4987 occurrere
3269 4931 3562 4987 contendit

1931 5034 2082 5105 quod
2116 5032 2243 5087 odio
2274 5031 2511 5101 dignum
2540 5028 2628 5097 sit,
2659 5044 2762 5082 nec
2791 5027 2947 5081 aliud
2978 5026 3289 5097 quidquam
3320 5026 3563 5097 requirit

1930 5129 2000 5182 ad
2025 5127 2165 5182 Celsi
2192 5124 2751 5189 condemnationem,
2781 5122 2889 5176 nisi
2922 5127 2982 5175 ut
3014 5122 3237 5192 legatur
3266 5121 3360 5174 ille
3393 5120 3558 5186 liber,

1936 5244 1961 5270 ‹‹
2001 5222 2059 5275 in
2098 5238 2211 5292 quo
2248 5219 2586 5275 describitur
2614 5216 2965 5273 Christianus
2993 5231 3123 5269 cum
3152 5215 3349 5269 Judaao
3379 5214 3558 5269 disse-

1929 5332 2063 5370 rens
2089 5330 2153 5369 ex
2180 5313 2471 5384 scripturis
2494 5310 2761 5377 Judaicis,
2790 5316 2846 5364 et
2878 5326 3006 5381 qua:
3038 5308 3109 5363 de
3144 5308 3366 5363 Christo
3407 5323 3556 5379 prte-

1930 5411 2080 5464 dicta
2110 5412 2243 5462 sunt
2270 5409 2327 5461 in
2356 5409 2551 5462 Jesum
2592 5403 2894 5460 convenire
2928 5403 3355 5466 demonstrans;
3383 5402 3556 5473 idque

1930 5505 2108 5558 altero
2166 5502 2430 5556 adversus
2495 5502 2641 5554 hanc
2697 5497 3141 5570 disputationem
3204 5502 3435 5551 strenue
3499 5499 3557 5550 et

1926 5596 2105 5651 Judaei
2150 5611 2411 5667 personae
2458 5593 2861 5649 convenienter
2904 5590 3216 5645 obnitente.
3266 5612 3293 5641 ››
3342 5592 3421 5644 Ex
3467 5590 3555 5644 his

1927 5690 2170 5763 perspici
2208 5691 2398 5760 potest
2436 5688 2640 5759 quibus
2680 5687 2749 5741 de
2792 5685 2961 5741 rebus
3000 5685 3107 5739 hoc
3146 5684 3205 5738 in
3245 5684 3391 5739 libre
3431 5699 3557 5752 per-

1930 5790 2172 5845 tracttun
2225 5782 2417 5840 fuerit.
2476 5782 2698 5852 Colligit
2752 5798 2815 5836 ex
2870 5779 3116 5850 Origene
3161 5775 3554 5834 'l‘illemoutius
