4084 6208
550 313 647 367 179
845 377 847 382 λ
1900 307 2055 364 vim
2094 309 2147 362 s.
2189 306 2524 362 CYPRIANI.
3804 299 3901 355 l80

529 437 674 490 hanc
703 432 1048 489 sententiam
1090 433 1158 487 ab
1201 437 1431 488 auctore
1473 433 1646 502 hujus
1685 432 1818 487 libri
1860 432 2172 503 diligenter
2194 472 2249 544 Α
2273 447 2410 502 pace
2433 431 2718 484 viventem
2748 445 2917 484 nemo
2943 443 3041 500 spe
3070 431 3123 482 et
3145 425 3562 497 exspectatione
3589 427 3904 496 martyrem

533 528 828 595 inculcari,
861 551 887 578 ‹‹
920 527 1104 582 omnis
1142 526 1435 599 sapientiae
1472 527 1686 581 fontem
1724 543 1785 580 ac
1824 525 2169 596 principium
2194 524 2249 544 ⁴³
2273 524 2462 579 dicere
2493 525 2695 595 potuit.

535 639 656 678 esse
694 622 812 676 Deo
855 621 1256 676 universorum
1287 620 1545 691 credere,
1579 623 1637 674 et
1678 619 1928 674 actiones
1970 635 2170 674 omnes
2343 619 2616 688 Sequitur
2675 618 2817 672 alius
2867 619 3134 672 tractatus
3197 617 3454 671 adrersus
3507 616 3739 681 Judaos,
3796 614 3904 684 Cy-

534 733 603 770 co
635 716 848 770 referre
880 721 942 769 ut
974 715 1053 769 illi
1081 730 1440 786 quacumque
1469 715 1538 768 de
1565 731 1626 768 re
1657 714 1959 784 placeatiir,
1992 730 2057 767 ac
2098 728 2170 767 ne
2272 713 2473 783 priano
2518 729 2748 782 prorsus
2791 711 3223 782 abjudicandus.
3268 713 3291 763 .".
3320 710 3436 763 ulto
3481 708 3782 762 absurdius
3828 709 3911 762 fe-

533 811 787 881 cogitare
844 809 1075 881 quidem
1116 809 1451 880 quidquam
1503 808 1653 879 quod
1707 807 1791 862 illi
1849 807 2168 878 displiceat;
2274 824 2399 861 cere
2431 807 2526 877 qui
2565 806 2771 861 librum
2809 806 2873 860 de
2909 806 3234 860 reuelatione
3269 804 3477 874 Capitis
3513 804 3656 859 beati
3683 804 3912 857 Joannis

535 903 752 976 quippe
793 920 924 958 cum
971 919 1089 957 non
1139 903 1322 957 solum
1363 901 1509 956 dicta
1549 905 1606 955 et
1651 901 1817 968 facta,
1857 901 1950 955 sed
1995 901 2172 954 etiam
2275 903 2529 969 Baptista
2564 900 2712 954 inter
2741 915 2910 970 opera
2948 898 3211 970 Cypriani
3250 897 3570 952 ediderunt.
3604 897 3914 967 Reperitur

538 997 913 1068 cogitationes
935 996 1264 1067 judicandae
1293 996 1425 1049 sint.
1457 1015 1484 1047 ››
1513 995 1618 1050 Sed
1647 995 1794 1049 hanc
1831 994 2173 1048 sententiain
2275 995 2598 1049 fabulosum
2631 1010 2773 1064 opus
2811 995 2870 1046 in
2909 992 3302 1063 antiquissima
3332 992 3603 1046 Vindelici
3633 991 3914 1061 Spirensis

539 1091 814 1162 Origenes
854 1091 1073 1144 Jasonis
1111 1089 1402 1160 propriam
1441 1105 1556 1144 non
1591 1089 1743 1155 facit,
1776 1087 1875 1141 sed
1918 1093 1977 1140 ut
2018 1104 2172 1141 com-
2278 1089 2547 1143 editione.
2579 1087 2796 1144 Erasmi
2839 1086 3061 1140 nomini
3104 1103 3216 1140 non
3261 1087 3382 1140 leve
3418 1086 3661 1140 dedecus
3701 1085 3917 1138 inusse-

545 1201 719 1238 mune
743 1183 1088 1254 principium
1113 1188 1523 1237 commemorat
1545 1181 1803 1236 omnium
1824 1182 1971 1253 apud
1994 1181 2178 1236 Chris-
2278 1186 2413 1237 runt
2443 1185 2504 1236 ll.
2533 1182 2766 1235 Gravius
2803 1187 2857 1234 et
2896 1180 3199 1245 Pamelius,
3226 1180 3325 1250 qui
3362 1179 3571 1233 librum
3611 1179 3676 1233 de
3706 1179 3919 1249 duplici

538 1277 724 1332 tianos
771 1277 1064 1331 librorum.
1117 1276 1488 1347 Hieronymus
1532 1275 1728 1341 Quast.
1771 1277 1830 1329 in
1876 1277 2029 1336 Gen.,
2074 1280 2179 1328 tes-
2278 1279 2545 1345 Martyrio
2585 1275 2976 1329 elucubratum
3015 1274 3085 1328 ab
3127 1291 3195 1327 eo
3237 1276 3295 1328 et
3333 1273 3586 1327 afﬁctum
3629 1272 3918 1343 Cypriano

540 1375 693 1425 tatur
738 1370 966 1424 initium
1000 1369 1230 1424 Genesis
1271 1369 1327 1422 in
1359 1370 1723 1424 Altercatione
1751 1371 1962 1424 Iasonis
1993 1375 2049 1422 et
2077 1371 2180 1423 Pu—
2274 1370 2623 1442 judicarunt.
2665 1370 2741 1423 De
2784 1369 2892 1423 hoc
2934 1369 3125 1422 libello
3167 1367 3416 1422 diximus
3455 1367 3512 1422 in
3550 1367 3918 1438 praefatione.

537 1467 680 1534 pisci
705 1463 783 1518 sic
811 1463 1024 1534 exponi
1053 1482 1064 1516 :
1089 1465 1152 1516 In
1182 1464 1316 1518 Filio
1341 1465 1470 1530 fecit
1494 1467 1628 1517 Deus
1653 1463 1838 1516 ca‘lum
1867 1469 1914 1516 et
1948 1467 2176 1528 terram;
2283 1468 2354 1519 De
2407 1465 2685 1518 duodecim
2726 1463 3094 1517 Abusionibus
3141 1463 3324 1516 saeculi
3373 1461 3540 1516 varia
3595 1464 3728 1514 sunt
3781 1477 3920 1514 con-

541 1558 673 1612 citat
717 1556 888 1611 etiam
935 1555 1078 1610 illud
1123 1573 1186 1610 ex
1232 1556 1434 1611 eodem
1479 1556 1619 1610 libro
1669 1575 1680 1610 :
1723 1563 1950 1628 Λοιδορία
1990 1562 2115 1612 Θεοῦ
2155 1565 2181 1611 ὁ
2275 1559 2534 1630 jcclurae,
2573 1557 2698 1610 aliis
2729 1555 2871 1610 laico
2904 1556 3130 1610 cuidam
3163 1555 3378 1610 Erardo
3411 1555 3668 1620 nomine,
3699 1554 3820 1608 aliis
3864 1554 3921 1608 S.

541 1658 853 1722 κρεμάμενος,
881 1650 1190 1705 Maledictio
1217 1652 1315 1704 Dei
1339 1653 1436 1719 qui
1467 1665 1736 1720 appensus
1769 1657 1864 1711 est,
1899 1650 2028 1703 libr.
2061 1667 2094 1703 ii
2125 1652 2182 1703 in
2285 1651 2513 1706 l’atritio
2547 1650 2922 1704 Hibernorum
2965 1649 3219 1719 apostolo
3258 1648 3737 1720 adjudicantibus.
3769 1647 3925 1718 Opus

541 1746 717 1814 Epist.
747 1744 822 1798 ad
850 1743 1036 1799 Gulut.
1075 1743 1166 1797 His
1193 1742 1337 1797 adde
1367 1743 1672 1797 Maximum
1715 1743 1811 1814 qui
1852 1744 1977 1797 loco
2010 1759 2183 1813 supra
2283 1745 2602 1815 Augustino
2651 1744 2920 1798 tribuitur
2963 1744 3020 1796 in
3069 1742 3262 1797 multis
3311 1743 3599 1797 codicibus
3645 1741 3922 1812 antiquis,

541 1837 714 1891 citato
746 1837 825 1890 ait
865 1853 924 1890 se
963 1836 1162 1907 legisse
1209 1840 1429 1908 septem
1466 1837 1635 1892 caelos
1681 1836 1738 1890 in
1785 1837 2000 1906 dialogo
2025 1839 2179 1891 Jaso-
2207 1842 2261 1914 Β
2285 1856 2348 1893 ac
2391 1855 2520 1893 cum
2567 1837 2722 1892 illius
2761 1837 3028 1908 operibus
3072 1837 3255 1892 editus
3301 1841 3403 1891 est.
3443 1837 3700 1890 Testatur
3739 1835 3926 1889 Fellus

542 1933 627 1984 nis
669 1936 718 1984 et
748 1932 979 1999 Papisci.
1018 1930 1252 1984 Brevem
1294 1933 1489 1983 autem
1528 1930 1697 1984 fuisse
1740 1930 1890 1984 hanc
1928 1936 2181 2001 pertrac-
2285 1933 2420 1987 olim
2465 1934 2522 1986 in
2572 1932 2826 2002 linguam
2871 1930 3188 2000 Anglorum
3242 1930 3584 1984 translatum
3627 1928 3819 1996 fuisse,
3869 1933 3926 1984 et

540 2023 824 2078 tationem
879 2023 1088 2078 indicat
1130 2023 1358 2079 Latinus
1409 2023 1708 2094 interpres,
1755 2023 1851 2094 qui
1900 2045 1926 2073 «
1972 2023 2186 2078 Judaici
2283 2026 2340 2079 in
2392 2025 2684 2080 volumine
2731 2040 2906 2077 manu
2951 2023 3159 2094 scripto
3207 2023 3576 2077 homiliarum
3619 2021 3926 2076 Saxonica-

550 2115 740 2188 177
777 2117 962 2171 cordis
996 2116 1344 2171 obstinatam
1377 2116 1643 2171 duritiam
1683 2116 1841 2171 brevi
1872 2116 2185 2172 monitione
2285 2135 2415 2173 rum
2448 2117 2684 2188 reperiri
2723 2117 2826 2171 sub
2865 2117 2970 2171 hoc
3006 2117 3172 2171 titulo
3206 2135 3218 2170 :
3249 2119 3324 2172 De
3350 2117 3628 2171 duodecim
3659 2116 3927 2178 abusivis,

546 2226 610 2264 ac
664 2211 779 2264 leni
829 2209 1220 2282 increpatione
1273 2210 1548 2265 mollitam
1600 2233 1628 2260 »
1672 2211 1846 2265 fuisse
1899 2211 2050 2266 dicit.
2098 2211 2186 2266 Sic
2286 2213 2580 2267 secundum
2609 2213 3032 2282 disputa—tionem
3062 2211 3118 2266 S.
3152 2210 3422 2280 Cypriani
3445 2212 3680 2280 episcopi
3705 2214 3755 2264 et
3778 2226 3932 2264 mar-

548 2304 703 2358 cnim
750 2303 1185 2358 emendavimus
1228 2320 1331 2374 pro
1374 2320 1440 2358 eo
1485 2304 1639 2375 quod
1685 2309 1852 2360 antea
1889 2305 2188 2376 legebatur
2288 2313 2444 2379 lyr-is.
2492 2314 2560 2364 At
2605 2309 2828 2363 nullum
2874 2325 3104 2380 prorsus
3152 2315 3594 2364 monumentum
3632 2325 3665 2361 a
3711 2307 3930 2378 pietate

552 2418 579 2449 (ι
615 2397 853 2452 Hebraea
881 2396 1213 2452 monitione.
1245 2420 1270 2446 ››

2315 2403 2552 2475 iypriani
2581 2403 2805 2474 longius
2831 2402 3002 2457 distat
3027 2419 3195 2473 quam
3226 2405 3387 2460 Cana
3417 2400 3608 2474 178
3638 2403 3928 2470 Cypriani.

619 2490 898 2562 opinatus
937 2496 1022 2545 est
1059 2491 1344 2545 Pamelills
1383 2493 1644 2547 «Iasonem
1685 2490 1981 2546 Hebl‘wllm
2024 2491 2186 2546 illum
2287 2497 2440 2553 Nihil
2478 2498 2632 2552 enini
2674 2497 2826 2551 aliud
2869 2496 3039 2550 habet
3080 2500 3290 2567 prater
3329 2496 3712 2566 ineptissimos
3742 2495 3932 2565 jocos,

552 2583 952 2652 christianum,
984 2584 1081 2655 qui
1124 2584 1419 2655 Papiscum
1450 2585 1706 2640 Judaum
1739 2585 2183 2640 Alexandrinum
2288 2608 2406 2646 non
2460 2608 2529 2645 ex
2577 2590 2744 2644 rebus
2793 2591 3063 2661 profanis,
3112 2590 3228 2656 sed,
3272 2591 3423 2661 quod
3471 2591 3646 2643 Turca
3694 2588 3936 2659 dignius

549 2681 620 2736 ad
663 2681 1027 2736 cbristianam
1071 2682 1411 2752 religionem
1460 2682 1713 2749 adduxit,
1754 2683 2018 2736 eumdem
2067 2699 2187 2736 esse
2290 2703 2466 2757 quam
2507 2685 2828 2741 Christiano
2870 2684 3155 2738 existimat
3193 2683 3602 2744 Tillemontius,
3642 2700 3706 2736 ex
3744 2682 3938 2752 Scrip-

549 2791 613 2829 ac
641 2791 772 2829 eum
807 2775 875 2829 de
906 2791 1018 2846 quo
1045 2777 1260 2830 mentio
1287 2775 1351 2830 tit
1379 2777 1519 2837 Act,
1551 2791 1682 2841 xvn,
1716 2782 1770 2834 et
1795 2793 1882 2830 xvi
1913 2777 2084 2845 Epist.
2117 2776 2190 2830 ad
2289 2781 2432 2834 turis
2488 2781 2656 2832 sacris
2713 2795 2813 2849 per
2865 2779 2946 2832 fas
2999 2787 3055 2832 et
3106 2779 3262 2831 nequ
3317 2777 3608 2831 deductos.
3664 2777 3940 2830 Testatur

549 2869 842 2935 Romanos;
886 2869 983 2924 sed
1027 2869 1182 2923 nullo
1225 2885 1455 2940 prorsus
1498 2875 1790 2924 momento
1830 2869 2034 2923 nititur
2069 2869 2189 2923 haec
2290 2873 2597 2928 Salmasius
2635 2872 2694 2926 in
2739 2871 2887 2926 notis
2929 2873 3004 2925 ad
3041 2873 3286 2927 Fluit-ium
3327 2873 3611 2940 Vopiscum
3656 2873 3734 2939 (p.
3775 2870 3934 2937 396),

551 2961 903 3032 conjectura.
956 2962 1077 3016 Non
1125 2962 1362 3016 dubium
1417 2963 1554 3033 quin
1602 2962 1804 3016 vixerit
1851 2963 2057 3016 saculo
2108 2979 2192 3016 se-
2290 2983 2348 3021 se
2378 2965 2656 3020 beneficio
2687 2965 2997 3020 doctissimi
3029 2964 3421 3035 jurisconsulti
3455 2963 3634 3018 Jureti
3667 2962 3940 3016 habuisse

550 3055 757 3123 eundo,
791 3071 922 3109 cum
963 3055 1115 3109 illius
1155 3056 1488 3126 disceptatio
1528 3056 1752 3127 cognita
1794 3056 1952 3110 Celso
1993 3055 2187 3110 fuerit.
2294 3061 2445 3114 hunc
2481 3060 2736 3114 libellum
2770 3075 2940 3112 manu
2979 3060 3252 3129 scriptum
3291 3057 3362 3110 ab
3389 3057 3614 3113 Azelino
3646 3056 3938 3110 monacho

556 3149 897 3220 Episcopum
931 3155 1027 3202 aut
1057 3149 1256 3203 saltem
1297 3149 1692 3220 presbyterum
1732 3150 1905 3204 fuisse
1944 3149 2190 3204 credidc-
2219 3206 2262 3220 η
2294 3153 2604 3209 llhemcnsi
2660 3153 2918 3206 versibus
2981 3152 3265 3206 redditum
3328 3167 3457 3204 cum
3520 3150 3628 3204 hoc
3691 3149 3865 3202 titulo
3925 3166 3938 3202 :

551 3243 684 3308 rim,
739 3241 1028 3314 siquidem
1078 3242 1346 3312 Papiscus
1399 3242 1649 3296 veritatis
1701 3243 1824 3297 luce
1874 3241 2266 3314 perculsus,“
2295 3271 2320 3297 ‹‹
2355 3248 2524 3302 C(Bna
2551 3247 2755 3302 Azelini
2796 3245 3134 3302 Rhemensis
3181 3245 3465 3310 monachi,
3513 3260 3688 3313 quam
3739 3243 3944 3296 condi-

555 3340 616 3389 ut
657 3335 1018 3406 signaculum
1059 3339 1309 3390 sumeret
1338 3336 1672 3406 deprecatus
1701 3337 1959 3391 .lasonem
1991 3343 2188 3408 postu-
2291 3341 2376 3396 dit
2406 3341 2476 3395 ad
2508 3341 2814 3394 Henricum
2841 3341 3270 3410 imperatorem,
3298 3339 3554 3392 imitatus
3580 3337 3946 3408 Cyprianum

554 3428 707 3483 laVit-
1410 3481 1414 3484 .
2292 3434 2824 3506 Carthaginensem.
2856 3454 2884 3482 n
2912 3433 3048 3487 Vide
3081 3432 3150 3488 de
3181 3433 3380 3488 eodem
3412 3431 3556 3486 libro
3583 3430 3947 3485 Casimirum

623 3521 787 3587 Quod
828 3521 1146 3596 spectatad
1188 3521 1427 3575 latinum
1467 3521 1866 3593 interpretem,
1907 3523 1956 3577 is
1996 3539 2190 3578 senem
2293 3528 2500 3584 Oudiu.

560 3633 620 3670 se
683 3632 805 3671 esse
862 3614 997 3670 dicit
1047 3632 1112 3670 ac
1165 3615 1390 3672 Celsum
1442 3616 1663 3685 vocari;
1723 3616 2192 3688 disceptationem
2366 3621 2650 3677 Nonnulla
2697 3620 2804 3675 alia
2857 3636 3068 3675 nomen
3119 3619 3383 3691 Cypriani
3434 3635 3551 3690 pra
3606 3635 3665 3672 se
3716 3619 3949 3685 ferunt,

552 3709 773 3765 Jasonis
815 3707 1036 3763 Hebrai
1075 3708 1369 3764 christiani
1410 3712 1466 3764 et
1509 3709 1723 3781 Papisci
1749 3709 1928 3764 Judaei
1955 3711 2195 3765 Alexan-
2295 3717 2449 3772 velut
2506 3717 2734 3785 Tyronis
2797 3721 2845 3770 et
2898 3717 3108 3771 Seneca
3162 3718 3345 3777 Nota,
3397 3730 3535 3784 quas
3585 3711 3953 3784 Cyprianum

556 3802 708 3858 drini
747 3802 940 3857 latinis
976 3803 1179 3858 litteris
1217 3803 1504 3858 illustrare
1545 3820 1847 3875 aggressus
1876 3807 1979 3871 est,
2014 3825 2040 3854 ‹‹
2075 3804 2195 3858 ani-
2296 3811 2517 3866 auxisse
2560 3809 2844 3864 vocabulis
2885 3809 3334 3863 Christianorum
3381 3807 3502 3860 usui
3549 3807 3696 3878 aptis
3731 3806 3949 3860 existi-

556 3904 750 3956 mante
783 3901 881 3956 Dei
921 3917 1027 3972 ope
1070 3903 1126 3954 et
1167 3907 1388 3956 servata
1425 3902 1731 3957 verborum
1763 3902 2132 3973 proprietate,
2164 3921 2191 3953 »
2297 3909 2417 3960 mat
2454 3908 2580 3976 post
2611 3902 2990 3958 Trithemium
3019 3903 3314 3970 Gruterus,
3347 3918 3379 3955 a
3408 3917 3521 3972 quo
3551 3901 3640 3955 has
3678 3904 3838 3955 notae
3884 3900 3953 3954 in

558 4002 622 4054 ut
661 3998 1156 4070 praeclarissimam
1183 3999 1497 4068 victoriam,
1535 4015 1707 4070 quam
1746 3999 1955 4054 veritas
1995 4010 2060 4054 ex
2101 4001 2196 4054 Pa-
2295 3999 2484 4054 lucem
2513 3997 2682 4053 editae
2709 4000 2860 4050 sunt.
2884 3996 3116 4050 Editum
3139 4003 3223 4050 est
3251 3996 3320 4050 ab
3342 3995 3539 4065 Anglis
3564 3994 3666 4048 sub
3696 3994 3954 4048 nomine

555 4097 698 4168 pisci
746 4097 919 4152 corde
977 4101 1383 4168 reportaverat,
1436 4098 1506 4151 ad
1563 4097 1948 4168 cognitionem
2006 4098 2196 4152 Greece
2297 4091 2560 4163 Cypriani
2590 4096 2918 4162 computum
2949 4090 3233 4156 Paschale,
3264 4089 3412 4159 quod
3439 4105 3472 4142 a
3497 4089 3668 4142 Paulo
3695 4087 3956 4143 diacono

560 4194 946 4250 nescientium
974 4194 1644 4266 transferret.Nuncupat
1669 4195 2196 4266 interpretationem
2299 4185 2588 4257 designari
2633 4183 2976 4250 θιίδῑίωίιηίι
3019 4199 3150 4238 cum
3196 4184 3276 4237 θίῐ
3318 4182 3662 4252 αγρτὶεωυω
3709 4181 3961 4237 οδνοηί-

558 4309 723 4347 suam
761 4291 963 4363 Vigilio
1005 4291 1290 4362 episcopo,
1332 4298 1453 4346 tum
1495 4298 1558 4347 ut
1599 4294 1862 4348 sacerdos
1899 4295 2197 4365 utriusque
2298 4296 2427 4333 cam
2473 4279 2632 4333 valde
2678 4278 2881 4332 “illam
2927 4276 3325 4348 comPOSUiSS“-
3366 4275 3660 4346 scriptoris
3703 4279 3959 4329 53mth

559 4391 772 4461 lingua
812 4391 1032 4460 peritus
1061 4394 1118 4444 et
1158 4390 1337 4444 sancti
1369 4391 1611 4462 Spiritus
1649 4390 2014 4446 veneratione
2045 4409 2200 4446 vere-
2299 4372 2513 4427 indicat
2565 4378 2932 4442 computum,
2989 4370 3144 4441 (μιοά
3199 4370 3271 4424 ad
3335 4371 3603 4440 (Ιυίηωηῖ
3667 4368 3960 4423 cordia“

559 4489 799 4556 cundus,
845 4489 1180 4543 auctoritate
1225 4490 1468 4560 Spiritus
1517 4489 1698 4544 sancti
1747 4506 1890 4560 Opus
1940 4506 2200 4560 compro-
2301 4482 2542 4534 “unum,
2573 4469 2631 4560 (ξι
2660 4467 2917 4518 consules
2942 4464 3214 4560 Ariamim
3246 4468 3305 4517 et
3332 4465 3546 4533 Palmm
3578 4463 3961 4560 Perdu‘fujur'

558 4586 725 4642 baret
761 4591 817 4641 et
851 4587 1218 4655 emendaret;
1255 4591 1377 4641 tum
1425 4593 1485 4642 ut
1524 4588 1624 4641 hac
1662 4588 1847 4658 prima
1883 4577 2274 4647 dilectionisD
2299 4561 2418 4661 1Y0"
2449 4574 2688 4661 9"!an
2720 4562 3007 4661 ξθξυδίξδί
3039 4564 3098 4611 UL
3129 4574 3243 4628 lam
3279 4561 3401 4660 9""?
3423 4572 3733 4661 Polwefsus
3765 4557 3962 4661 {fusse

558 4684 830 4756 petitione
857 4684 915 4739 in
943 4684 1353 4756 discipulorum
1387 4701 1692 4739 numerum
1721 4685 1791 4738 ab
1829 4699 1893 4737 eo
1926 4681 2203 4736 adscisce-
2301 4652 2614 4756 Cypriau"?
2659 4651 3038 4753 θλίδίίφθίωλ
3083 4652 3339 4754 quimus
3382 4650 3714 4756 id_P°mius
3756 4649 3967 4756 diaco'

560 4789 739 4838 retur.
771 4785 845 4838 Ex
887 4783 1090 4854 quibus
1127 4783 1465 4854 perspicitur
1501 4783 1726 4838 Celsum
1761 4783 1815 4835 in
1846 4797 1970 4835 eam
2000 4779 2200 4834 urbem
2305 4763 2410 4854 ξωῗ
2467 4745 2704 4854 δυδᾴθδξι
2753 4761 2957 4854 ῗθωξλῆ,
2985 4751 3312 4854 (ionl‘lg‘sfse'
3363 4744 3474 4798 bed
3527 4761 3641 4854 {mn
3697 4743 3968 4854 guadmt

561 4881 655 4936 cui
683 4837 925 4952 praem;
952 4837 1204 4953 “sinas,
1237 4837 1353 4936 n‘on
1394 4883 1573 4936 multo
1611 4887 1742 4935 ante
1777 4878 1995 4932 venisse
2032 4895 2199 4948 quam
2305 4840 2471 4911 hujus
2508 4838 2796 4910 scriptoris
2834 4838 2962 4908 styli
2999 4837 3290 4892 barbaries
3327 4854 3455 4892 cum
3497 4837 3786 4908 elegantia
3829 4853 3966 4892 ser-

2306 4933 2483 4953 _A,,-if-
2541 4949 2697 4953 μ.--...
2750 4932 3025 4953 f‘____:,__.‘
3075 4932 3125 4953 ζ--
3179 4931 3502 4953 ---ΞΑ-ιμκὶζέ-
3558 4931 3964 4953 -,--.....__:,._2,

560 4931 2083 5034 5—113;gghﬁg‘jggégrgi"1mg;iri—gmwurbm;
2132 4991 2202 5028 ex
2305 4933 2486 4988 monis
2532 4949 2703 5004 quam
2749 4932 3029 5003 Cypriane
3073 4932 3130 4984 in
3177 4931 3505 5001 primordiis
3552 4931 3973 4987 conversionis

562 5025 764 5130 ξιὶιξνζ
794 5025 1315 5147 ιζξιῗιζξπέξῖιᾷἐῖεξ
1353 5025 1804 5130 {Allata-1};
1814 5025 2202 5144 ’νίξίῖίῖἷηξίζ
2302 5025 2502 5129 δίυάίο,
2537 5025 2710 5128 “ire
2753 5025 3096 5128 ρθτερίξείιυῗ
3143 5040 3209 5078 ex
3249 5025 3496 5127 Ερξετοια
3533 5025 3609 5078 ad
3647 5026 3971 5129 Dona-tem.

2305 5121 2534 5170 Renerit
2569 5118 2754 5170 editor
2782 5121 3109 5170 OxonienSis
3147 5117 3288 5170 duos
3317 5117 3537 5170 libellos
3567 5117 3669 5170 sub
3701 5134 3971 5170 nomine

562 5117 746 5130 “⁸“““”
794 5117 953 5147 ¹’““””
998 5117 1304 5183 ³’ἶῖ”’“ξ“”
1356 5117 1607 5183 ““ῗ“““““,
1853 5117 2055 5180 ’“⁰’Ῐ”’
2097 5117 2202 5180 ’”ἶ”
2305 5119 2534 5190 Reperit
2569 5118 2754 5173 editor
2782 5117 3109 5174 Oxoniensis
3147 5117 3288 5172 duos
3317 5117 3537 5171 libellos
3567 5117 3669 5170 sub
3701 5120 3976 5173 nomine

561 5180 848 5242 senectus,
892 5189 1000 5227 nec
1047 5179 1264 5226 itineris
1306 5174 1720 5244 longinquitas,
1759 5189 1862 5226 nec
1911 5171 2202 5226 tribulatio
2303 5211 2564 5244 “mm”,
2629 5212 2866 5244 cunmm
2911 5212 3083 5244 Imm
3152 5212 3392 5244 unum,“
3433 5227 3611 5244 "mm
3641 5210 3946 5244 ﬁmum.“

565 5210 848 5242 συιωυιυσ,
893 5210 1000 5227 ..νυ
1050 5210 1264 5226 “me.”
1306 5210 1720 5244 ιυυδημιυιωο,
1759 5210 1862 5226 me
1913 5210 2202 5226 ιηυυωυω
2443 5214 2467 5241 ε
2554 5211 2562 5221 .
2996 5212 3003 5220 .
3733 5210 3782 5231 ,ί

565 5273 574 5282 ,
707 5271 716 5282 ,
843 5277 852 5284 ,
1196 5271 1205 5281 ,
1314 5271 1328 5284 ,
1375 5275 1384 5284 _
1677 5274 1686 5284 _
1745 5270 1783 5284 η
1933 5268 1991 5284 η,
2303 5221 2588 5284 Cypuani,
2627 5212 2867 5266 alterum
2911 5212 3106 5278 latine,
3149 5212 3396 5265 alterum
3431 5227 3612 5282 graece
3641 5216 3973 5281 scriptun).

560 5271 770 5377 ξηοβίεῗ
803 5277 976 5377 δίίίξεξ
1003 5271 1259 5377 Ρθίξξπίεθ
1297 5270 1903 5377 dei‘fl‘wemm-F9m
1933 5269 2200 5377 vigili“?
2301 5269 2477 5361 Primi
2510 5269 2704 5359 titulus
2733 5307 2946 5360 Secreta
2973 5269 3237 5374 Cypriani
3257 5323 3273 5358 :
3293 5269 3527 5358 alterius
3552 5311 3706 5374 Εὐχαὶ
3732 5269 3980 5377 Ιξυπριά-

564 5367 854 5470 Pafnenus:
888 5368 1664 5470 T_“ifje"“‘_‘}_‘"_‘__episcw‘f‘m
1693 5367 1885 5470 fume
1938 5367 2198 5470 con-imm
2301 5423 2405 5456 νου.
2439 5400 2772 5468 Utrumque,
2805 5367 3352 5468 utpote'foedissima
3378 5367 3806 5468 superstitionis
3843 5367 3981 5470 ple~

562 5465 656 5519 θεά
706 5464 858 5535 q°°d
906 5465 1104 5522 Celsus
1153 5466 1358 5537 νίὲίίίο
1412 5483 1511 5521 δυο
1561 5466 1631 5520 de
1682 5466 1879 5520 fumo
1929 5465 2202 5537 martyrio
2305 5509 2464 5558 num,
2499 5492 2621 5545 luce
2652 5464 2886 5561 prorsus
2918 5491 3223 5562 indignum
3247 5464 3546 5562 judicavit.
3581 5492 3704 5545 Hac
3740 5464 3980 5549 autem

564 5561 906 5632 gratulatur,
939 5579 1186 5636 eumque
1212 5565 1292 5619 ait
1331 5565 1428 5620 Dei
1453 5565 1671 5636 judicio
1699 5569 2009 5635 martyrem
2038 5563 2177 5619 desti

2364 5585 2595 5657 pposita
2632 5585 2894 5640 videntur
2930 5561 3104 5641 fuisse
3140 5585 3421 5658 Cypriano
3459 5583 3857 5655 Antiocheno,
3897 5588 3977 5642 de

563 5663 764 5716 natum
791 5661 966 5717 fuisse
1003 5679 1130 5718 cuin
1172 5662 1422 5718 mirabili
1461 5663 1630 5718 modo
1672 5662 1969 5735 episcopus
2003 5661 2206 5716 consti-
2304 5695 2418 5751 quo
2441 5679 2564 5750 jam
2592 5678 2756 5734 nobis
2781 5679 3091 5752 agendum,

563 5760 721 5813 tutus
763 5765 867 5828 est,
906 5759 960 5815 id
1005 5759 1209 5832 Vigilio
1243 5761 1575 5816 Tridentino
1617 5759 1803 5832 aptari
1844 5775 1957 5814 non
1999 5761 2203 5829 potest,

560 5875 732 5930 quem
773 5860 978 5915 sacnlo
1027 5864 1229 5932 quarto
1279 5863 1520 5916 exeunte
1566 5859 1624 5914 in
1677 5875 1904 5914 summa
1946 5856 2205 5914 Ecclesia
