4084 6208
242 268 317 320 181
1577 278 1723 333 VITA
1763 280 1819 333 S.
1860 280 2195 337 CYPRIANI.

3494 280 3597 338 182

236 392 739 493 XXXVIEu—zDe‘S.
786 399 1411 493 Cyprialni‘Antiocheni
1433 408 1776 493 poenitentia,
1803 412 1853 463 et
1875 408 2146 493 Afessio,
2203 407 2500 463 Christiani
2570 414 2837 465 vocantur
2898 411 3143 478 Galilaei,
3202 412 3283 466 id
3324 429 3592 485 magnam

403 475 529 527 aliis
552 474 756 530 duobus
786 478 978 533 libellis
1006 479 1079 532 ad
1104 496 1221 534 eum
1244 485 1665 550 pertinentibus.

293 578 477 649 Supra
528 583 715 636 conati
763 600 960 638 sumus
1001 585 1237 654 probare
1277 589 1621 659 Cyprianum
1660 592 1852 646 Antio-

235 672 468 727 chenum
520 692 631 729 non
680 693 798 730 esse
845 678 1142 733 hominem
1180 680 1523 750 fabulosum,
1557 688 1619 738 ut
1666 686 1853 741 existi-

235 766 398 821 mavit
425 768 765 824 Oxoniensis
806 771 1009 827 editor.
1048 776 1205 829 Nunc
1243 777 1654 833 consideranda
1686 779 1851 833 nobis

236 860 367 913 illius
412 864 741 917 Pcenitentia
784 865 901 919 sive
948 866 1243 934 Confessio,
1293 871 1445 941 quod
1490 888 1631 941 opus
1675 873 1852 928 latine

234 954 439 1009 editum
472 956 544 1009 ab
576 958 787 1028 Anglis,
822 976 1003 1030 graece
1035 964 1091 1015 et
1118 963 1288 1017 latine
1318 965 1667 1035 vulgandum
1695 966 1852 1020 duxi-

232 1062 361 1100 mus.
398 1053 647 1119 Agemus
675 1051 848 1106 etiam
885 1053 953 1107 de
986 1053 1206 1110 duobus
1236 1057 1361 1111 aliis
1393 1057 1612 1123 libellis,
1643 1075 1851 1130 nempe

234 1140 577 1198 Conuersione
615 1147 848 1201 Iustina:
885 1152 935 1201 et
973 1150 1256 1218 Cypriani,
1298 1153 1355 1205 et
1383 1151 1682 1223 utriusque
1726 1156 1853 1208 Pas-

231 1238 379 1295 sione,
413 1254 559 1307 quos
599 1240 904 1309 conjuncte
936 1258 1064 1296 cum
1110 1244 1476 1299 Confessione
1517 1262 1585 1299 ex
1632 1250 1849 1300 vetusto

231 1328 413 1383 codice
454 1332 636 1386 sancti
672 1333 937 1389 Audoeni
979 1336 1457 1408 Rhotomagensis
1497 1345 1709 1407 erutos,
1740 1357 1850 1395 non

232 1423 295 1476 ita
332 1424 559 1495 pridem
604 1426 713 1480 duo
751 1427 960 1481 eruditi
991 1429 1115 1493 viri,
1143 1432 1207 1485 D.
1239 1432 1571 1486 Edmundus
1600 1433 1850 1487 Martene

232 1521 277 1569 et
316 1518 379 1571 D.
428 1519 659 1574 Ursinus
706 1522 931 1576 Durand
987 1524 1182 1579 Latine
1229 1525 1555 1595 ediderunt,
1610 1532 1747 1582 tom.
1780 1528 1851 1582 [Il

234 1613 485 1665 Thesauri
512 1615 910 1671 unecdotorum.

292 1704 649 1760 Existimavit
678 1709 733 1763 S.
766 1710 1072 1781 Gregorius
1108 1712 1489 1767 Nazianzenus
1530 1713 1848 1769 Confessio-

1952 501 2128 556 habet
2154 501 2641 557 necessitudinem
2667 520 2797 557 cum
2827 508 2992 559 aetate
3020 505 3235 559 Juliani
3275 505 3590 577 imperato-

1950 594 2047 662 ris,
2076 612 2248 666 quem
2277 612 2446 651 nemo
2472 595 2651 651 nescit
2683 599 2787 651 hoc
2814 599 3049 654 nomine
3078 600 3429 656 Christianos
3456 602 3591 655 soli-

1950 692 2073 742 tum
2125 690 2473 759 compellare
2514 706 2527 744 :
2574 691 2709 744 satis
2756 691 3013 762 apposita
3058 693 3327 747 videntur
3367 694 3437 748 ad
3489 696 3594 750 hoc

1951 786 2178 852 tempus
2211 799 2337 853 qua:
2374 783 2435 836 in
2466 786 2709 854 utroque
2738 784 2922 840 libello
2976 786 3043 840 de
3074 786 3334 842 inanibus
3367 790 3588 861 magica

1950 876 2084 929 artis
2106 875 2162 929 in
2187 876 2534 930 Christianos
2564 878 2860 931 conatibus
2888 880 3178 949 leguntur.

2022 970 2143 1023 Non
2170 975 2388 1040 pugnat
2415 987 2545 1024 cum
2578 971 2769 1026 saeculi
2800 973 2953 1026 tertii
2985 972 3257 1027 institutis
3289 975 3589 1029 commissa

1949 1062 2180 1117 iustine:
2215 1064 2544 1119 monasterii
2577 1064 2861 1134 virginum
2892 1066 3330 1133 administratio,
3361 1071 3424 1121 ut
3451 1068 3590 1139 legi-

1953 1172 2078 1210 mus
2124 1157 2228 1210 sub
2276 1157 2454 1211 tinem
2501 1158 2930 1227 Conversionis;
2980 1160 3259 1230 siquidem
3298 1161 3417 1231 jam
3468 1167 3591 1216 tum

1952 1251 2237 1305 exstitisse
2292 1252 2568 1322 ejusmodi
2620 1252 2905 1322 virginum
2953 1254 3210 1308 coenobia
3254 1254 3595 1325 perspicitur

1958 1360 2036 1399 ex
2069 1344 2191 1399 Vita
2233 1348 2287 1400 S.
2316 1345 2567 1413 Antonii,
2598 1345 2695 1417 qui
2723 1363 2973 1401 sororem
3015 1365 3195 1416 suam,
3240 1352 3377 1403 teste
3417 1350 3594 1403 Atha-

1952 1439 2116 1493 nasio
2166 1440 2243 1508 (n.
2287 1439 2361 1508 3),
2404 1439 2465 1493 in
2500 1440 2913 1509 parthenonem
2960 1442 3315 1497 educandam
3359 1442 3597 1498 deduxit

1956 1532 2110 1585 circa
2140 1548 2359 1586 annum
2396 1536 2489 1587 271
2530 1550 2542 1586 :
2574 1533 2672 1587 sed
2715 1535 2919 1588 saeculo
2961 1538 3161 1605 quarto
3201 1535 3384 1607 magis
3420 1553 3594 1607 quam

1952 1625 2118 1680 tertio
2168 1626 2438 1697 congruit
2482 1627 2632 1698 quod
2684 1627 2882 1682 eadem
2929 1630 3148 1683 Justina
3195 1630 3431 1701 capillos
3476 1632 3592 1686 Deo

1955 1718 2267 1773 totondisse
2300 1719 2509 1775 dicitur
2546 1721 2650 1775 sub
2681 1720 2856 1776 ﬁnem
2896 1721 3296 1778 Confessionis.
3334 1724 3596 1779 Testatur

231 1816 347 1853 nem
373 1800 445 1853 ab
489 1801 611 1872 ipso
654 1808 904 1874 martyre
941 1804 1209 1876 scriptam
1246 1805 1442 1860 fuisse.
1481 1807 1571 1863 Ait
1611 1808 1765 1862 enim
1794 1794 1931 1865 inB
1958 1813 2343 1884 Hieronymus
2392 1813 2450 1867 in
2500 1816 2749 1884 Epistola
2804 1816 2879 1869 ad
2923 1817 3316 1880 Sabinianum,
3372 1833 3595 1872 morem

230 1898 355 1948 orat.
408 1897 473 1949 18
526 1898 602 1966 (p.
648 1897 793 1968 278),
838 1896 999 1952 illum
1042 1920 1068 1947 α
1108 1899 1236 1954 vitae
1277 1916 1393 1954 suae
1439 1898 1851 1971 turpitudinem

228 1989 382 2059 longa
411 1990 675 2043 oratione
708 1991 1105 2061 proscindisse,
1134 1997 1198 2046 ut
1235 1994 1415 2065 ipsam
1460 2011 1689 2065 quoque
1729 2012 1852 2050 sce-

226 2083 400 2136 terum
449 2083 871 2138 confessionem
922 2086 1030 2140 Deo
1063 2087 1319 2141 muneris
1349 2088 1467 2141 loco
1508 2088 1756 2156 offerret,
1787 2106 1851 2143 ac

224 2177 408 2230 multis
451 2193 651 2231 eorum
691 2178 789 2249 qui
822 2178 890 2232 ab
923 2178 1186 2250 improba
1224 2184 1279 2235 et
1305 2180 1589 2252 ﬂagitiosa
1631 2182 1851 2237 vivendi

223 2270 428 2324 ratione
482 2271 741 2326 animum
794 2278 1075 2340 revocant,
1132 2274 1201 2328 ad
1247 2275 1450 2328 melius
1503 2275 1850 2345 sperandum

222 2364 300 2417 via
327 2365 622 2419 existeret.
653 2388 679 2413 ››
712 2365 869 2421 ldem
902 2366 1074 2421 etiam
1104 2367 1427 2422 existimant
1455 2368 1850 2423 Tillemontius

223 2464 271 2512 et
297 2458 395 2529 qui
442 2458 647 2529 triplex
693 2458 834 2513 illud
874 2466 1315 2515 monumentum
1353 2462 1674 2532 vulgarunt.
1710 2462 1846 2531 Sed,

220 2552 528 2622 quominus
572 2552 659 2606 his
704 2553 1007 2620 assentiar,
1055 2554 1315 2608 detinent
1362 2571 1452 2609 me
1494 2571 1612 2610 non
1661 2556 1847 2610 solum

220 2646 451 2716 magicae
497 2646 634 2700 artis
667 2646 900 2717 quidam
945 2646 1178 2702 effectus
1217 2648 1470 2703 fabulam
1501 2648 1845 2717 redolentcs,

219 2739 307 2793 sed
334 2739 462 2810 ipsa
490 2740 662 2793 etiam
703 2740 1052 2811 magicarum
1090 2741 1489 2811 operationum
1534 2742 1709 2813 longa
1747 2742 1845 2798 de-

218 2832 447 2903 scriptio
479 2838 537 2887 et
556 2832 604 2905 1
622 2832 748 2905 '79
772 2834 1060 2905 exquisitas
1091 2834 1161 2889 de
1187 2834 1424 2906 singulis
1450 2836 1711 2891 vitiorum
1739 2836 1849 2891 for-

215 2928 315 2980 mis
360 2926 670 2998 ambages,
719 2942 845 2999 quae
899 2945 1128 2999 prorsus
1176 2928 1401 2999 frigidas
1455 2929 1747 2997 videntur,
1790 2934 1849 2984 et

218 3021 430 3074 coriosa
473 3022 657 3091 magis
697 3021 1149 3075 consideratione
1180 3039 1354 3093 quam
1390 3028 1679 3094 pungente
1712 3023 1842 3077 inti-

217 3131 329 3168 mes
372 3131 579 3168 sensus
629 3114 822 3169 dolore
868 3115 1171 3169 contineri.
1222 3116 1431 3171 Deinde
1483 3133 1611 3171 vero
1660 3117 1704 3170 is
1747 3118 1844 3188 qui

216 3209 559 3278 Cyprianum
608 3209 665 3262 in
714 3210 823 3263 hoc
864 3209 1008 3263 libro
1054 3209 1385 3280 loquentem
1436 3209 1682 3277 inducit,
1729 3227 1846 3265 non

216 3302 450 3357 obscure
510 3302 720 3357 indicat
769 3320 827 3356 se
878 3303 933 3357 in
992 3303 1112 3374 ejus
1164 3303 1468 3357 sceleribus
1512 3304 1849 3359 enarrandis

215 3412 320 3450 non
343 3400 508 3451 certa
537 3412 759 3467 semper
782 3402 839 3451 et
870 3397 1161 3467 explorata
1185 3396 1367 3469 sequi,
1398 3397 1497 3451 sed
1526 3414 1589 3452 ex
1619 3398 1686 3452 iis
1716 3415 1845 3469 quae

213 3508 242 3543 a
270 3491 458 3560 magis
500 3489 617 3544 fieri
654 3491 856 3556 solent,
895 3490 1031 3561 quid
1067 3491 1385 3561 Cyprianus
1421 3491 1631 3562 egisset
1670 3491 1850 3562 conji-

213 3600 354 3639 cere.
400 3584 501 3637 Ait
546 3584 697 3638 enim
744 3584 1018 3638 Eusebius
1056 3585 1388 3656 CyprianoT:
1424 3606 1452 3635 ‹‹
1482 3585 1663 3641 Probo
1710 3602 1846 3640 con-

209 3676 517 3734 fessionem
548 3682 728 3744 tuam,
757 3694 869 3748 qua
898 3677 1038 3731 mihi
1073 3678 1393 3748 impietates
1432 3696 1464 3733 a
1491 3682 1545 3734 te
1573 3679 1848 3733 admissas

210 3775 258 3824 et
288 3789 405 3826 non
438 3771 721 3825 admissas
753 3772 1052 3825 enarrasti.
1091 3794 1116 3821 ››
1145 3773 1469 3843 Numquam
1506 3773 1630 3827 haec
1667 3773 1844 3844 scrip-

209 3866 367 3921 sisset
407 3867 536 3938 ipse
578 3865 921 3938 Cyprianus;
964 3866 1058 3920 sed
1106 3867 1248 3919 alius
1291 3866 1381 3920 his
1428 3866 1611 3921 verbis
1656 3867 1849 3923 admo-

211 3963 302 4013 net
355 3977 417 4015 se
488 3959 701 4013 idcirco
756 3966 838 4014 tot
889 3960 1096 4014 scelera
1148 3960 1430 4032 Cypriane
1488 3960 1845 4029 attribuisse,

207 4069 317 4108 non
350 4054 512 4125 quod
547 4053 736 4107 omnia
777 4053 846 4107 ab
889 4070 957 4109 eo
999 4054 1294 4108 commissa
1335 4058 1485 4109 certo
1528 4054 1718 4122 sciret,
1748 4055 1847 4110 sed

206 4150 351 4217 quod
400 4148 708 4218 pleraque,
756 4151 951 4217 utpote
984 4164 1015 4199 a
1058 4148 1240 4218 magis
1282 4149 1603 4218 perpetrari
1650 4148 1843 4216 solita,

204 4242 619 4297 celeberrimus
648 4257 851 4312 magus
882 4241 1117 4295 evitasse
1155 4258 1271 4295 non
1294 4241 1606 4296 videretur.
1638 4244 1699 4297 In
1732 4259 1845 4313 quo

206 4336 443 4405 quidem
499 4334 705 4389 sinceri
757 4334 1044 4405 scriptoris
1085 4335 1271 4390 ofﬁcio
1317 4335 1544 4390 functus
1587 4341 1699 4403 est,
1748 4336 1847 4407 qui

204 4429 397 4483 fucum
432 4427 741 4482 lectoribus
781 4428 963 4482 facere
1008 4428 1276 4497 noluerit,
1322 4430 1367 4483 si
1409 4446 1579 4500 quam
1613 4430 1674 4483 in
1708 4430 1845 4484 scri-

1961 1922 2085 1961 esse
2131 1906 2191 1961 in
2222 1906 2449 1978 Egypti
2481 1913 2536 1962 et
2570 1908 2746 1979 Syriae
2782 1910 3164 1977 monasteriis,
3200 1917 3264 1965 ut
3294 1916 3407 1965 tam
3436 1911 3596 1981 virgo

1965 2017 2139 2071 quam
2171 2000 2339 2055 vidua
2371 2018 2499 2072 quin
2527 2018 2586 2055 se
2617 2003 2733 2056 Deo
2761 2003 3034 2071 voverint,
3064 2003 3283 2058 crinem
3308 2008 3594 2060 monaste-

1952 2094 2176 2149 riorum
2222 2095 2502 2150 matribus
2543 2096 2780 2151 offerant
2822 2096 3199 2152 desecandum
3232 2114 3245 2152 :
3276 2098 3427 2169 quod
3468 2100 3593 2169 qui-

1951 2188 2085 2243 dem
2138 2187 2297 2243 addit
2356 2189 2660 2243 munditiei
2706 2205 2876 2243 causa
2928 2191 3071 2259 fieri,
3128 2192 3258 2262 quia
3308 2192 3594 2263 ejusmodi

1962 2281 2199 2336 feminae
2233 2298 2337 2336 nec
2368 2283 2585 2336 lavacro
2614 2299 2720 2337 nec
2757 2283 2883 2338 oleo
2916 2283 3238 2339 utebantur.
3271 2284 3370 2339 Hic
3401 2289 3595 2340 autem

1952 2374 2264 2430 observabo
2307 2375 2590 2445 ejusmodi
2631 2376 2882 2447 virgines
2921 2378 3103 2449 longe
3140 2379 3209 2432 ab
3245 2377 3354 2433 illis
3380 2379 3590 2434 discre-

1948 2485 2089 2540 pare
2119 2485 2260 2540 quas
2287 2469 2539 2540 synodus
2567 2470 2915 2541 Gangrensis
2943 2472 3311 2528 anathemate
3339 2473 3579 2528 damna-

1948 2562 2057 2632 vit;
2107 2564 2175 2618 de
2220 2563 2424 2634 quibus
2470 2565 2643 2620 etiam
2685 2565 3030 2620 Theodosius
3080 2566 3265 2621 sanxit
3310 2583 3404 2621 an.
3461 2570 3587 2636 390,

1954 2680 1980 2706 α
2028 2662 2088 2711 ut
2116 2656 2347 2712 feminae
2375 2674 2503 2728 quae
2539 2659 2755 2713 crinem
2784 2676 2971 2727 suum,
3000 2664 3197 2714 contra
3231 2660 3449 2715 divinas
3484 2661 3590 2716 hu-

1950 2767 2263 2822 manasque
2316 2751 2502 2822 leges,
2559 2752 2831 2806 instinctu
2882 2769 3164 2823 persuasa:
3221 2754 3590 2825 professionis

1948 2843 2318 2911 absciderint,
2346 2844 2415 2899 ab
2442 2845 2690 2900 ecclesias
2719 2845 2935 2900 foribus
2964 2853 3410 2915 arceantur.....;
3440 2849 3586 2903 adeo

1949 2937 2182 3008 quidem
2229 2943 2292 2991 ut
2329 2939 2646 3010 episcopus,
2706 2942 2870 2994 tonso
2909 2940 3091 3011 capite
3128 2941 3401 2995 feminam
3438 2942 3481 2995 si
3510 2942 3590 2996 in-

1949 3031 2121 3085 troire
2148 3030 2487 3101 permiserit,
2516 3031 2535 3085 i
2551 3047 2652 3102 pse
2682 3033 2852 3087 etiam
2881 3049 3010 3087 cum
3039 3032 3231 3106 180
3260 3033 3589 3104 hujusmodi

1867 3162 1920 3235 Ο
1946 3123 2692 3235 conjpbeiniis‘,arceatur»
2715 3131 2834 3235 pte;
2868 3127 3019 3195 (Cod.
3063 3128 3281 3191 Theod.,
3316 3134 3458 3182 tom.
3491 3130 3578 3196 Vl,

1951 3230 2009 3284 p.
2039 3212 2148 3284 61).
2188 3214 2489 3269 Existimat
2529 3214 2907 3269 Gothofredus
2954 3231 3186 3270 omnem
3227 3232 3459 3287 prorsus
3494 3233 3587 3271 ra-

1953 3306 2142 3361 dendi
2201 3307 2398 3378 capitis
2454 3324 2678 3362 morem
2732 3325 2766 3363 a
2816 3309 3035 3380 synodo
3090 3310 3401 3381 Gangrensi
3454 3315 3512 3365 et
3560 3327 3595 3364 a

1959 3400 2282 3456 Theodosio
2328 3401 2387 3455 in
2428 3402 2653 3456 feminis
2695 3402 2869 3457 fuisse
2910 3403 3263 3458 damnatum.
3307 3404 3469 3459 Unde
3508 3405 3594 3459 vir

1959 3493 2325 3548 doctissimus
2354 3494 2414 3548 in
2449 3511 2668 3550 morem
2697 3513 2731 3550 a
2753 3495 2927 3567 Syriae
2967 3501 3025 3551 et
3048 3497 3274 3569 Egypti
3310 3502 3593 3553 monaste-

1957 3588 2076 3655 riis,
2130 3604 2194 3642 ac
2232 3592 2428 3659 postea
2454 3589 2524 3643 ab
2564 3589 2685 3644 aliis
2730 3590 2992 3658 ascitum,
3021 3592 3175 3646 velut
3216 3591 3274 3645 in
3316 3608 3594 3664 magnum

1959 3682 2117 3737 nefas
2147 3681 2456 3749 invehitur,
2481 3699 2545 3737 ac
2570 3699 2684 3737 non
2711 3683 2831 3739 sine
2861 3683 3080 3755 ingenti
3108 3684 3368 3756 queritur
3392 3686 3589 3740 dolore

1953 3797 1979 3825 «
2024 3776 2176 3846 quod
2218 3776 2447 3831 tandem
2495 3792 2683 3832 mores
2731 3777 2790 3831 in
2836 3781 3172 3849 potestatem
3222 3795 3384 3834 suam
3427 3780 3581 3851 leges

1948 3869 2233 3924 humanas
2259 3875 2316 3925 et
2341 3869 2561 3925 divinas
2599 3871 2993 3942 perduxerint.
3029 3894 3058 3923 »
3098 3872 3172 3926 At
3216 3873 3338 3927 luce
3378 3874 3583 3928 clarius

1948 3966 2033 4018 est
2063 3980 2164 4018 nec
2199 3964 2480 4035 synodum
2512 3964 2924 4036 Gangrensem,
2958 3982 3061 4020 nec
3087 3966 3469 4022 Theodosium
3510 3969 3581 4023 ad

1949 4073 2042 4111 eas
2087 4056 2339 4128 virgines
2372 4056 2707 4129 respexisse,
2740 4075 2877 4129 quas
2908 4062 3145 4114 testatur
3187 4060 3581 4132 Hieronymus,

1949 4150 2058 4205 etsi
2088 4150 2273 4204 crines
2317 4151 2642 4219 tenderent,
2677 4152 2864 4207 velato
2905 4159 3092 4207 tamen
3129 4169 3194 4207 ac
3235 4153 3410 4225 ligato
3458 4170 3582 4209 esse

1948 4243 2167 4315 capite;
2212 4244 2311 4299 sed
2354 4243 2425 4298 ad
2475 4245 2615 4299 alias
2660 4245 2835 4317 longe
2875 4246 3191 4317 dissimiles,
3233 4263 3380 4319 quae,
3420 4250 3483 4302 ut
3512 4248 3590 4304 ait

1952 4338 2207 4408 synodus
2258 4338 2624 4410 Gangrensis,
2674 4360 2700 4387 «
2749 4346 3096 4412 praeceptum
3138 4340 3504 4411 subjectionis
3553 4364 3581 4392 ››

1948 4431 2349 4499 dissolvebant,
2373 4439 2669 4489 ἀναλύουσαι
2688 4440 2741 4489 τὸ
2762 4441 3047 4506 πρόσταγμα
3063 4442 3149 4501 τῆς
3166 4442 3425 4503 ὑποταγῆς,
3447 4436 3585 4507 quia

204 4521 387 4576 bendo
442 4522 733 4577 licentiam
783 4522 892 4576 sibi
935 4526 1205 4577 sumeret.
1253 4523 1515 4587 Quamvis
1558 4540 1697 4593 ergo
1738 4524 1924 4603 hocD
1948 4524 2166 4579 scilicet
2186 4526 2396 4580 intecto
2424 4526 2605 4597 capite
2637 4527 2995 4582 incedebant.
3024 4528 3183 4583 Unde
3209 4529 3581 4597 Theodosius,

204 4632 343 4687 opus
378 4633 498 4670 non
528 4616 799 4685 scriptum
828 4616 899 4670 sit
925 4615 995 4669 ab
1024 4617 1147 4688 ipso
1168 4616 1471 4687 Cypriane,
1500 4633 1615 4671 non
1648 4622 1837 4673 tamen

204 4710 348 4763 illius
398 4710 703 4764 conversio
750 4710 961 4764 fabulis
1006 4710 1408 4777 adscribenda;
1459 4728 1564 4765 nec
1617 4712 1663 4765 si
1714 4712 1840 4783 quis

203 4803 354 4858 hunc
408 4805 683 4858 eventum
723 4804 899 4874 elegit
936 4803 993 4858 in
1036 4820 1148 4874 quo
1198 4804 1452 4858 ornando
1496 4810 1553 4859 et
1593 4806 1839 4876 amplifi-

203 4898 388 4951 cando
425 4898 758 4965 elaboraret,
793 4897 1003 4951 idcirco
1034 4896 1284 4952 historias
1322 4914 1542 4952 summa
1578 4897 1634 4952 in
1666 4898 1842 4970 suspi-

203 4991 436 5045 cionem
474 4991 758 5059 vocanda,
797 5007 925 5044 cum
970 4992 1291 5062 praesertim
1337 4992 1578 5062 scriptor
1621 4992 1715 5047 ille
1760 4993 1839 5047 uti

205 5085 464 5154 potuerit
514 5084 930 5154 antiquioribus
976 5084 1362 5139 monumentis
1409 5101 1536 5156 qua:
1580 5084 1841 5156 Cypriani

205 5183 259 5232 et
282 5178 523 5233 Iustinae
561 5177 818 5248 martyrii
852 5180 995 5243 acta,
1028 5182 1087 5232 ut
1126 5178 1375 5249 legimus
1415 5178 1520 5232 sub
1570 5179 1743 5233 finem
1782 5179 1842 5233 li-

203 5271 331 5326 belli
384 5273 459 5326 de
508 5271 799 5342 utriusque
847 5271 1124 5343 passione,
1174 5294 1201 5320 ‹‹
1237 5271 1307 5325 ab
1353 5271 1514 5327 initio
1566 5289 1740 5343 usque
1783 5271 1842 5327 in

205 5366 378 5420 ﬁnem
415 5365 627 5435 scripta
660 5384 687 5415 ι)
720 5363 1110 5419 continebant.

272 5459 443 5523 Quod
473 5464 691 5530 spectat
718 5458 788 5512 ad
818 5461 1046 5529 tempus
1072 5475 1184 5529 quo
1216 5458 1340 5512 haec
1380 5459 1585 5530 scripta
1619 5460 1845 5515 Confes-

206 5554 304 5614 sio,
353 5552 465 5607 etsi
508 5553 639 5606 huic
683 5552 843 5623 operi
888 5551 1048 5605 nulla
1089 5544 1321 5623 prorsus
1366 5552 1517 5623 apud
1561 5552 1843 5608 editorem

208 5646 584 5700 Oxoniensem
633 5646 794 5713 fides,
825 5645 961 5699 illud
1002 5650 1196 5700 tamen
1238 5646 1525 5701 existimat
1563 5648 1844 5702 Constan-

213 5740 310 5792 tini
358 5740 603 5809 imperio
647 5739 953 5810 antiquius.
995 5739 1109 5795 Sed
1143 5739 1295 5811 quod
1338 5740 1397 5795 in
1435 5741 1843 5810 Conversione,

214 5850 341 5905 quas
385 5834 646 5905 ejusdem
682 5833 967 5906 scriptoris
1005 5834 1174 5890 foetus
1205 5834 1430 5891 videtur
1460 5852 1581 5893 esse
1607 5852 1669 5892 ac
1700 5838 1841 5895 Con-

1944 4636 2075 4674 cum
2118 4620 2401 4690 ejusmodi
2448 4619 2684 4675 femina:
2713 4620 2782 4674 ab
2813 4620 3077 4675 omnibus
3115 4622 3293 4677 videri
3332 4628 3582 4693 possent,

1943 4712 2240 4784 episcopos
2283 4714 2491 4784 deponi
2525 4714 2692 4784 jubet
2743 4714 2788 4768 si
2831 4714 3131 4769 introitum
3160 4715 3267 4769 illis
3304 4716 3363 4769 in
3404 4716 3581 4769 eccle-

1942 4807 2087 4862 siam
2119 4807 2520 4862 concesserint.

2014 4902 2153 4955 Cum
2202 4917 2341 4971 ergo
2390 4900 2596 4971 triplex
2640 4900 2783 4954 illud
2830 4904 3272 4957 monumentum
3324 4902 3582 4974 pluribus

1944 4993 2133 5048 smculi
2176 4993 2364 5064 quarti
2395 4993 2545 5048 notis
2573 4993 2866 5063 signatum
2907 4994 2997 5061 sit,
3038 4994 3229 5066 sicque
3266 4995 3452 5068 aliquo
3492 4997 3582 5052 in-

1943 5087 2176 5141 tervallo
2206 5086 2373 5141 distet
2415 5103 2449 5141 a
2489 5082 2769 5158 Cypriane
2810 5088 3186 5158 Antiocheno,
3233 5090 3357 5144 fieri
3397 5091 3583 5161 potuit

1951 5184 2013 5235 ut
2067 5182 2140 5235 ad
2199 5179 2453 5236 historiae
2511 5197 2798 5235 summam
2854 5182 3131 5236 nonnulla
3188 5184 3431 5253 ornandi
3486 5190 3585 5239 aut

1947 5272 2344 5345 ampliﬁcandi
2370 5290 2538 5329 causa
2566 5274 2933 5329 adderentur.
2965 5274 3233 5347 Displicet
3260 5276 3413 5332 enim
3440 5278 3582 5333 mihi

1942 5367 2159 5423 Iustina
2212 5384 2384 5438 super
2427 5366 2739 5423 fenestram
2788 5368 3026 5437 sedens,
3082 5368 3221 5424 dum
3276 5370 3582 5426 diaconum

1947 5461 2206 5515 Praalium
2249 5461 2318 5516 de
2362 5462 2666 5532 Evangelia
2717 5460 3089 5517 disserentem
3135 5463 3326 5529 audit,
3372 5481 3435 5518 ac
3480 5480 3582 5536 per

1948 5555 2252 5610 fenestram
2295 5554 2545 5626 quotidie
2590 5555 2660 5609 ab
2708 5554 2914 5625 eodem
2963 5555 3201 5611 diacono
3242 5557 3405 5612 solita
3450 5559 3583 5613 edo-

1946 5649 2081 5703 ceri.
2124 5650 2263 5705 ltem
2309 5649 2377 5704 de
2423 5649 2630 5704 Thecla
2672 5649 2909 5703 Paulum
2952 5649 3219 5706 audiente
3264 5651 3481 5706 dictum
3521 5652 3583 5706 in

1947 5742 2117 5813 hujus
2157 5741 2392 5814 virginis
2437 5744 2590 5799 Vita.
2638 5744 2941 5811 Praeterea,
2976 5760 3103 5814 quae
3146 5744 3320 5800 latine
3359 5748 3580 5800 tantum

1946 5840 2186 5909 exstant,
2216 5853 2334 5892 non
2369 5837 2510 5893 tanti
2539 5853 2659 5893 esse
2699 5837 2979 5893 momenti
3011 5836 3222 5891 debent
3260 5837 3458 5915 quanti
3493 5854 3577 5897 csv
