4160 6216
621 375 720 432 183

616 503 702 554 set
747 515 965 570 gracus
1016 498 1136 570 ipse
1191 503 1490 554 contextus
1541 515 1553 553 :

614 593 994 648 Confessionis
1024 593 1557 665 interpretationem
1595 609 1723 647 cum
1750 608 1938 663 graco
1975 595 2248 646 contextu

609 687 940 753 conferens,
996 688 1173 741 multa
1225 687 1603 758 interpretem
1655 687 2006 753 detraxisse,
2067 687 2248 740 multa

609 779 919 846 addidisse,
963 786 1018 835 et
1058 781 1119 835 in
1164 780 1427 852 plurimis
1467 797 1496 834 a
1546 797 1682 836 vero
1731 797 1901 834 sensu
1952 781 2244 835 aberrasse

609 874 1107 944 deprehenderim,
1133 891 1333 929 vereor
1351 891 1423 929 ne
1452 874 1602 929 idem
1632 875 1690 928 in
1719 874 1861 928 duas
1889 875 2024 928 alias
2052 879 2244 945 partes

608 969 884 1022 evenerit.
946 969 1085 1023 Hinc
1141 969 1283 1027 nihil
1341 967 1596 1040 reperias
1649 968 1707 1022 in
1763 968 2115 1023 Conuersione
2174 969 2243 1023 de

607 1063 882 1132 praclara
931 1062 1027 1116 illa
1078 1079 1246 1133 prece
1302 1079 1415 1133 qua
1479 1062 1700 1117 Justina
1751 1063 2048 1133 Deiparam
2099 1067 2243 1117 teste

608 1155 882 1226 Gregorio
935 1153 1308 1225 Nazianzeno,
1350 1154 1409 1210 in
1472 1156 1593 1226 ipso
1656 1156 1988 1211 tentationis
2041 1156 2238 1210 discri-

607 1250 762 1303 mine
792 1249 1014 1316 orabat,
1047 1255 1108 1304 ut
1136 1249 1343 1320 virgini
1381 1249 1554 1320 Virgo
1593 1254 1966 1317 succurreret,
1996 1249 2140 1304 nihil
2170 1250 2240 1304 de

605 1342 910 1397 combustis
947 1359 981 1397 a
1023 1343 1306 1414 Cypriano
1354 1344 1593 1414 magicis
1643 1342 1798 1397 libris
1845 1348 1977 1397 ante
2022 1343 2237 1413 baptis-

605 1447 788 1497 mum,
822 1431 963 1486 nihil
997 1432 1066 1485 de
1102 1431 1316 1486 ostiarii
1355 1448 1610 1499 munere,
1653 1433 1803 1504 quod
1844 1433 1897 1486 ei
1930 1437 2061 1504 post
2104 1432 2239 1503 bap-

605 1524 837 1579 tismum
878 1524 1246 1579 commissum
1285 1528 1389 1579 est.
1423 1525 1638 1581 Eadem
1677 1527 1823 1580 forte
1861 1525 1932 1579 de
1976 1542 2146 1580 causa
2176 1525 2236 1580 in

600 1620 858 1674 Passione
898 1621 1162 1688 Cypriani
1187 1626 1237 1675 et
1267 1622 1495 1675 Justina
1522 1620 1700 1691 judex
1745 1619 1843 1690 qui
1872 1635 1966 1673 eos
1992 1619 2232 1673 damna-

599 1711 710 1778 vit,
743 1728 934 1766 comes
962 1712 1210 1768 Orientis
1237 1712 1475 1780 dicitur,
1509 1719 1568 1768 et
1600 1712 1945 1768 Diocletiano
1985 1713 2062 1766 sic
2105 1713 2235 1767 scri-

600 1804 684 1858 bit
733 1821 745 1858 :
799 1807 1028 1863 Claudio
1093 1807 1449 1876 (Diocletiano
1507 1805 1631 1861 cod.
1687 1805 1978 1873 Colbert.),
2033 1805 2234 1860 Caesari

1951 374 2220 429 NOTITIA
2255 373 2449 430 CODD.
2491 374 2634 428 MSS.

1604 514 1756 568 nam,
1809 514 1960 565 cum,
2011 498 2250 552 latinam
2273 511 2330 583 Α
2353 514 2478 551 rum
2532 496 2737 552 natalia
2783 495 2964 551 Latini
2995 495 3309 563 celebrant,
3339 493 3427 550 vel
3459 497 3523 550 ut
3557 494 3710 566 apud
3744 499 3979 565 Gracos,

3884 372 3977 428 184

2350 591 2438 644 die
2458 595 2490 645 2
2510 590 2782 659 Octobris,
2806 606 3034 645 necesse
3064 594 3167 658 est,
3195 595 3257 644 ut
3281 589 3545 644 observat
3568 589 3974 656 Tillemontius,

2347 685 2403 738 id
2434 701 2587 739 anno
2629 686 2731 739 304
2758 685 3084 755 contigisse.
3111 685 3302 755 Neque
3336 684 3489 737 enim
3533 699 3686 739 anno
3725 687 3826 740 303
3859 701 3979 740 con-

2349 779 2569 848 tingere
2620 777 2830 848 potuit;
2878 778 3008 849 quia
3055 777 3432 832 Diocletianus
3476 778 3585 832 hoc
3629 793 3784 832 anno
3841 778 3982 833 circa

2346 883 2609 922 mensem
2644 867 3017 922 novembrem
3052 870 3244 923 Roma
3276 867 3623 937 versabatur,
3655 885 3759 922 nec
3789 885 3975 939 perse-

2345 962 2494 1016 cutio
2549 967 2680 1016 ante
2737 977 2954 1015 annum
3010 963 3113 1016 304
3167 961 3437 1016 adversus
3500 961 3670 1016 laicos
3736 963 3943 1017 exarsit

2345 1073 2532 1127 neque
2575 1054 2756 1128 181
2799 1055 2974 1110 etiam
3011 1072 3166 1110 anno
3206 1059 3332 1126 305,
3363 1056 3498 1127 quia
3527 1057 3632 1110 hoc
3662 1073 3813 1111 anno
3855 1057 3976 1111 Dio-

2341 1149 2620 1204 cletianus
2642 1151 2764 1220 jam
2806 1165 3003 1203 mense
3046 1149 3198 1204 maio
3239 1149 3547 1221 imperium
3596 1149 3971 1205 abdicaverat.

2412 1243 2644 1298 Videtur
2686 1246 2849 1297 aetate
2903 1247 3200 1313 provectus
3243 1243 3419 1298 fuisse
3470 1243 3784 1315 Cyprianus
3840 1259 3973 1298 cum

2338 1335 2514 1390 vitam
2556 1353 2660 1408 pro
2707 1336 2925 1391 Christo
2961 1337 3231 1408 profudit.
3273 1339 3460 1392 Annos
3506 1337 3739 1408 triginta
3791 1340 3960 1392 natus

2339 1445 2406 1482 ex
2431 1431 2673 1500 Egypto
2698 1431 2757 1484 in
2784 1430 3113 1487 Chaldaam
3144 1431 3428 1502 profectus
3457 1437 3561 1499 est,
3596 1431 3789 1502 ibique
3815 1447 3974 1486 com-

2337 1529 2589 1579 moratus
2633 1524 2805 1578 rediit
2844 1524 2901 1578 in
2953 1524 3217 1595 patriam,
3249 1524 3344 1579 ubi
3378 1524 3574 1579 multis
3616 1525 3969 1580 facinoribus

2334 1617 2548 1672 famam
2571 1622 2628 1672 et
2649 1634 2861 1672 nomen
2889 1618 3126 1690 adeptus
3154 1621 3258 1685 est,
3285 1635 3349 1672 ac
3375 1618 3606 1673 tandem
3637 1618 3970 1690 aliquando,

2333 1727 2464 1765 cum
2506 1711 2737 1764 nefaria
2773 1711 2910 1765 artis
2942 1711 3136 1766 irritos
3159 1712 3218 1766 in
3250 1711 3528 1767 Justinam
3572 1715 3810 1767 conatus
3843 1729 3967 1767 sen-

2334 1804 2512 1871 sisset,
2551 1820 2758 1859 nomen
2800 1804 2956 1859 dedit
3004 1804 3339 1861 Christiana
3383 1806 3670 1877 religioni.
3700 1807 3830 1859 Post
3865 1821 3968 1859 an-

601 1913 815 1967 magno,
866 1905 1020 1954 terra
1060 1906 1112 1954 et
1154 1903 1322 1955 maris
1359 1901 1592 1966 domino,
1638 1900 1886 1954 salutem.
1931 1899 2019 1953 Sic
2061 1899 2232 1953 etiam
2254 1881 2309 1953 Β
2336 1913 2471 1950 num
2506 1898 2802 1968 presbyter
2844 1898 3023 1952 factus
3051 1901 3155 1965 est,
3185 1905 3240 1952 et
3266 1899 3551 1953 sexdecim
3577 1899 3738 1953 annis
3765 1899 3819 1952 in
3855 1898 3968 1953 hoc

601 1991 915 2061 Cyprianus
943 1996 1000 2046 et
1022 1992 1238 2048 Iustina
1262 1994 1592 2047 Damascum
1621 1998 2008 2058 accersuntur,
2038 2007 2231 2063 quam-

600 2085 684 2138 vis
707 2085 860 2156 apud
882 2086 1151 2140 Photium
1182 2084 1399 2140 Justina
1420 2087 1539 2156 jam
1567 2092 1738 2140 antea
1769 2086 1825 2139 in
1858 2086 2005 2140 hanc
2032 2085 2231 2138 urbem

604 2177 900 2249 migrasse,
930 2183 1067 2234 tunc
1095 2183 1286 2236 autem
1313 2181 1462 2234 solus
1488 2180 1804 2250 Cyprianus
1833 2195 1900 2234 eo
1927 2179 2232 2250 perductus

598 2273 775 2328 fuisse
802 2272 1047 2327 dicatur.

673 2366 1023 2438 Cyprianum
1054 2383 1184 2421 cum
1218 2367 1438 2421 Justiua
1474 2383 1698 2437 passum
1733 2383 1853 2420 esse
1885 2365 2230 2421 Nicomedia

597 2459 702 2514 sub
747 2460 1093 2515 Diocletiano
1129 2466 1185 2515 et
1221 2461 1562 2515 Maximiano
1603 2465 1722 2514 tum
1763 2476 1893 2514 cum
1927 2460 2227 2515 Diocletia-

597 2570 706 2608 nus
747 2553 1091 2608 Nicomedia
1130 2559 1472 2622 versaretur,
1499 2570 1564 2608 ex
1603 2554 1865 2609 Eudocia
1900 2553 2053 2624 apud
2093 2555 2230 2608 Pho-

597 2646 739 2700 tium
785 2646 1114 2702 testimonio
1161 2647 1518 2718 perspicitur,
1559 2652 1614 2701 et
1659 2664 1722 2701 ex
1774 2647 1896 2717 ipsa
1942 2647 2224 2702 Passione.

593 2740 750 2804 Quod
781 2739 825 2794 si
854 2739 1002 2810 passi
1045 2744 1177 2795 sunt
1221 2741 1312 2795 die
1349 2743 1416 2795 26
1452 2740 1807 2812 septembris,
1840 2757 1963 2812 quo
1997 2740 2086 2795 die
2127 2757 2223 2796 eo-

2333 1991 2514 2060 gradu
2571 1989 2764 2063 182
2812 1990 3022 2046 exactis
3062 1992 3335 2046 Anthimo
3379 1993 3637 2064 episcopo
3677 1994 3967 2047 successit.

2332 2085 2568 2139 Necesse
2610 2092 2693 2139 est
2735 2102 2866 2140 eum
2912 2085 2969 2139 in
3015 2087 3336 2158 episcopatu
3387 2087 3578 2158 plures
3615 2102 3798 2141 annos
3839 2092 3966 2140 tra-

2333 2177 2560 2231 duxisse
2587 2220 2600 2244 ,
2651 2201 2678 2228 «
2721 2177 3004 2250 siquidem
3044 2181 3354 2234 multorum
3397 2180 3569 2235 corda
3608 2179 3970 2234 illuminabat

2330 2288 2433 2342 per
2471 2271 2705 2325 verbum
2747 2272 2850 2326 Dei
2889 2278 2946 2326 et
2976 2273 3339 2327 convertebat
3363 2273 3433 2327 ab
3474 2274 3628 2328 omni
3667 2273 3866 2327 haresi
3905 2275 3968 2326 et

2328 2364 2576 2434 augebat
2596 2380 2832 2435 gregem
2855 2365 3083 2420 Christi.
3105 2386 3132 2414 n
3154 2366 3452 2421 Anthimus
3476 2373 3665 2421 autem
3693 2366 3966 2437 Cypriani

2331 2457 2596 2512 decessor
2643 2459 2848 2529 Optato
2901 2465 3284 2527 successerat,
3339 2477 3373 2514 a
3419 2477 3530 2530 quo
3590 2460 3844 2513 Aidesius
3907 2463 3971 2514 et

2328 2552 2595 2607 Cledonia
2633 2567 2761 2606 cum
2799 2551 2916 2606 tilia
2949 2553 3172 2608 Justina
3200 2553 3470 2624 baptizati
3511 2557 3669 2621 sunt;
3699 2554 3965 2608 Edesius

2328 2647 2497 2701 etiam
2530 2649 2826 2720 presbyter
2853 2657 3097 2713 creatus,
3125 2664 3239 2718 quo
3267 2649 3580 2703 ministerio
3609 2665 3710 2719 per
3735 2664 3964 2701 annum

2327 2748 2382 2795 et
2413 2758 2639 2797 menses
2668 2760 2762 2797 sex
2797 2745 3130 2814 perfunctus
3159 2748 3262 2798 est.

14 234 86 447 gl

8 372 84 637 ll

6 562 86 851 ll

6 819 84 997 δ’

2 1442 55 1549 .l

34 1510 53 1689 ἑ

30 1694 51 1789 i

12 1998 45 2117 fl

32 2120 43 2197 ἒ

12 2200 41 2271 ἐρ]

8 2276 41 2387 έζ

10 2394 43 2715 l

6 2787 36 2851 ,

25 3193 53 3376 ἐξ

31 3371 54 3672 ξ

33 3685 50 3822 ξ

29 3825 48 3932 l

1613 3067 2074 3159 NOTITIA
2125 3067 2624 3160 CODICUM
2691 3069 2936 3159 MSS.

1264 3250 1378 3316 QUI
1417 3251 1510 3304 AD
1551 3250 1734 3306 HANC
1776 3251 2143 3306 EDlTIONEM
2184 3251 2646 3307 ADORNANDAM
2684 3251 2982 3307 ADHlBITI
3022 3251 3262 3307 FUERE.

2145 3398 2397 3412 -ι--ι

650 3520 977 3574 Contulerat
1007 3518 1261 3572 Baluzius
1289 3535 1416 3584 cum
1445 3518 1734 3573 codicibus
1768 3519 2170 3590 manuscriptis
2200 3520 2447 3591 plurima
2476 3521 2742 3593 Cypriani
2773 3538 3012 3592 operum
3039 3522 3190 3576 edita
3220 3519 3588 3591 exemplaria,
3621 3533 3749 3589 qua
3785 3517 3982 3572 nobis

577 3608 853 3678 inspicere
896 3623 1009 3662 non
1059 3607 1232 3661 licuit.
1263 3607 1372 3662 Sed
1412 3624 1480 3661 ex
1523 3608 1644 3677 ejus
1687 3607 1833 3663 notis
1875 3608 2187 3663 existimari
2229 3616 2412 3680 potest.
2454 3617 2730 3682 quantum
2773 3611 3066 3665 industriae
3113 3627 3177 3664 ac
3209 3609 3420 3664 laboris
3469 3609 3528 3662 in
3572 3607 3681 3661 hoc
3733 3623 3979 3677 genere

574 3698 964 3769 insumpserit.
995 3699 1153 3766 Nam,
1191 3703 1400 3766 prater
1434 3697 1648 3752 codices
1687 3698 1784 3768 qui
1825 3699 2090 3766 Manutio,
2123 3700 2398 3764 Pamelio,
2426 3701 2671 3772 Rigaltio
2703 3707 2759 3756 et
2784 3701 2976 3772 Anglis
3007 3702 3131 3754 usui
3161 3701 3415 3765 fuerunt,
3448 3697 3646 3751 habuit
3689 3697 3971 3752 Baluzius

571 3804 636 3842 ac
666 3788 976 3858 diligenter
1007 3803 1138 3842 cum
1177 3787 1340 3841 editis
1367 3786 1604 3840 contulit
1636 3788 1821 3856 plures
1849 3804 1915 3840 ex
1944 3788 2287 3843 bibliotheca
2329 3789 2526 3860 Regia,
2559 3791 2614 3844 in
2646 3790 2732 3844 his
2773 3797 3058 3844 vetustum
3106 3789 3356 3843 codicem
3397 3788 3497 3859 qui
3546 3787 3681 3840 olim
3728 3786 3842 3839 fuit
3913 3789 3982 3841 S.

571 3877 792 3932 Martini
833 3876 1244 3930 Tornacensis:
1286 3893 1354 3931 ex
1397 3876 1742 3931 bibliotheca
1785 3883 1975 3931 autem
2017 3877 2337 3932 Colbertina
2381 3879 2620 3946 codices,
2675 3881 2796 3945 137,
2841 3882 2964 3945 782,
3019 3881 3143 3944 801,
3187 3879 3346 3942 2442,
3395 3882 3451 3931 et
3493 3875 3972 3931 vetustissimum

570 3969 728 4033 1305,
758 3966 853 4037 qui
881 3965 990 4024 fuit
1015 3965 1150 4019 olim
1174 3965 1531 4020 bibliotheca
1568 3965 1860 4034 Thuania,
1894 3971 1950 4019 et
1979 3965 2153 4020 alium
2190 3967 2287 4038 qui
2323 3967 2432 4020 fuit
2471 3968 2610 4021 olim
2651 3968 2873 4038 collegii
2917 3969 3180 4021 Fuxcusis
3208 3985 3219 4021 ι
3249 3985 3312 4021 ex
3353 3965 3695 4020 bibliotheca
3747 3967 3978 4019 Remi-

565 4056 738 4128 giana
782 4069 961 4108 unum
1009 4054 1468 4119 vetustissimum,
1504 4059 1559 4108 et
1601 4054 1774 4107 alium
1817 4055 2234 4110 recentiorem:
2269 4073 2447 4110 unum
2478 4075 2544 4112 ex
2589 4058 2937 4111 monasterio
2978 4059 3032 4112 S.
3085 4056 3336 4127 Dionysii
3378 4056 3433 4109 in
3483 4054 3686 4109 eadem
3732 4054 3892 4108 urbe
3959 4073 3976 4109 :

562 4146 756 4217 plures
793 4144 967 4197 etiam
1007 4147 1129 4197 tum
1167 4160 1234 4198 ex
1275 4143 1332 4198 S.
1372 4143 1606 4198 Victoris
1650 4142 1998 4211 Parisiensis,
2032 4150 2152 4198 tum
2197 4161 2263 4199 ex
2308 4145 2480 4216 ipsius
2521 4147 2722 4201 Buluzii
2767 4147 3128 4201 bibliotheca.
3181 4147 3270 4200 llis
3317 4146 3462 4200 addc
3511 4145 3969 4216 Segni-rianum

567 4237 699 4288 ante
743 4249 925 4287 annos
972 4231 1122 4286 mille
1167 4231 1463 4302 scriptum,
1514 4234 1868 4299 Beccensem,
1911 4233 2324 4300 Divioneusem,
2372 4236 2796 4302 Corbeiensem,
2845 4237 3441 4306 Gratianopolitanum
3491 4233 3788 4288 clarissimi
3845 4236 3983 4290 viri

569 4323 828 4393 Gasparis
870 4321 1024 4388 Boni,
1075 4321 1517 4390 Burgundicum,
1573 4323 1979 4388 Fossatensem,
2029 4324 2456 4390 Caruetensem,
2506 4325 2934 4393 Lamonianum,
2977 4325 3518 4397 Compendiensem,
3571 4325 3981 4381 Pithoeanum

568 4410 972 4478 Sorbonicum,
1006 4409 1520 4476 Monasterienscm,
1553 4426 1702 4463 nunc
1744 4410 1964 4463 Parisiis
2000 4411 2056 4464 in
2096 4411 2440 4467 bibliotheca
2482 4416 3031 4485 Augustiniauorum
3072 4416 3330 4470 suburbii
3381 4415 3437 4469 S.
3471 4413 3737 4469 Germani
3761 4431 3990 4470 asser-

564 4503 776 4568 vatum,
828 4498 1258 4567 Floriacensem,
1304 4498 1785 4569 Moyssiacensem,
1821 4502 2103 4554 vetustum
2153 4500 2360 4555 librum
2411 4503 2508 4573 qui
2551 4503 2658 4558 fuit
2703 4505 3022 4575 Raymundi
3071 4504 3323 4576 episcOpi
3370 4503 3745 4568 Acconensis;
3795 4504 3984 4559 alios

565 4590 810 4661 denique
858 4606 926 4643 ex
972 4589 1332 4643 monasteriis
1378 4588 1434 4642 S.
1477 4588 1758 4658 Arnulphi
1799 4589 2077 4653 Meteusis,
2125 4590 2182 4644 S.
2227 4591 2508 4645 Michaelis
2546 4591 2603 4645 in
2647 4593 2895 4661 periculo
2943 4593 3135 4659 maris,
3181 4593 3234 4647 S.
3261 4591 3525 4646 Germani
3577 4610 3608 4644 a
3639 4591 3860 4658 Pratis,
3911 4597 3984 4650 S.

563 4679 723 4744 Galli,
749 4677 951 4732 Montis
977 4677 1028 4732 S.
1062 4676 1247 4747 Eligii.
1280 4679 1560 4730 Praeterea
1593 4676 1779 4731 missa
1807 4677 1878 4730 ad
1911 4677 2201 4731 Baluzium
2231 4679 2462 4733 fuerunt
2491 4682 2658 4736 varia
2694 4681 2966 4736 lectiones
3006 4685 3280 4752 excerpta
3311 4698 3376 4735 ex
3408 4681 3691 4735 codicibus
3720 4681 3991 4735 Vatica-

565 4767 673 4836 nis,
707 4771 766 4821 ut
796 4771 950 4838 patet
975 4783 1042 4820 ex
1075 4766 1196 4836 ejus
1224 4765 1373 4820 notis
1397 4765 1466 4819 ad
1503 4764 1810 4835 Epistolam
1851 4764 2113 4836 Cypriani
2149 4783 2328 4821 XLVIII.
2360 4770 2437 4823 Ex
2466 4769 2555 4823 his
2589 4775 2782 4824 autem
2820 4770 3127 4839 codicibus,
3165 4787 3306 4841 quos
3342 4770 3752 4833 recensuimus,
3803 4787 3995 4826 non-

561 4856 700 4911 nulli
725 4857 796 4911 ab
823 4857 1018 4927 Anglis
1058 4856 1220 4910 citari
1254 4855 1439 4910 solent
1473 4871 1486 4909 :
1519 4855 1617 4909 sed
1647 4859 1839 4910 tamen
1864 4857 1940 4909 sic
1971 4855 2078 4909 illis
2115 4856 2294 4912 utitur
2329 4858 2604 4925 Baluzius,
2645 4866 2708 4914 ut
2749 4877 2845 4914 eos
2883 4860 3186 4915 contulisse
3221 4876 3352 4914 cum
3393 4859 3556 4914 editis
3597 4861 3697 4913 aut
3732 4860 3988 4917 saltem

563 4945 919 4999 consuluisse
948 4945 1226 5000 videatur.

634 5033 1012 5088 Adhibuimus
1049 5035 1220 5088 etiam
1264 5035 1334 5088 ad
1376 5051 1554 5104 opera
1589 5035 1868 5106 Cypriane
1915 5037 2157 5107 ascripta
2197 5040 2412 5093 veteres
2437 5039 2613 5095 libros
2641 5058 2706 5096 ex
2738 5041 3078 5097 bibliotheca
3122 5041 3323 5112 Regia,
3355 5057 3419 5094 ex
3464 5040 3832 5109 Colbertina,
3902 5059 3992 5097 ex

560 5122 897 5190 Sorbonica,
939 5124 1220 5178 Victorina
1259 5128 1317 5178 et
1350 5121 1858 5195 Sahgermaneusi.
1903 5125 2015 5181 Sed
2058 5127 2126 5181 ad
2171 5144 2240 5182 ea
2282 5143 2410 5198 qua
2456 5129 2683 5199 majoris
2727 5137 2858 5186 sunt
2902 5133 3114 5201 pretii,
3165 5135 3426 5185 accurate
3469 5129 3862 5185 emendanda
3925 5143 4001 5190 et.

560 5211 897 5283 castiganda
941 5227 1155 5283 magno
1202 5213 1259 5267 in
1311 5213 1508 5283 primis
1556 5215 1681 5268 usui
1733 5215 1968 5270 fuerunt
2011 5219 2122 5270 tres
2169 5216 2547 5288 antiquissimi
2593 5219 2851 5288 codices,
2902 5219 3271 5292 Hemigianus
3319 5236 3466 5273 unus
3515 5219 3585 5272 ad
3632 5219 3998 5289 epistolam

561 5299 700 5356 Celsi
739 5302 815 5355 ad
860 5303 1142 5371 Vigilium,
1189 5305 1246 5356 et
1291 5303 1404 5357 duo
1451 5304 1972 5375 Sangermanenses
2020 5307 2091 5362 ad
2131 5307 2340 5362 librum
2387 5309 2451 5364 de
2498 5310 2902 5380 Singularilate
2951 5309 3278 5365 Clericorum
3322 5312 3381 5362 et
3421 5310 3858 5377 Expositionem
3923 5317 4003 5369 in

558 5389 890 5458 Symbolum.

3111 5490 3171 5544 D.
3216 5491 3386 5546 Pavo.
3425 5489 3638 5544 Marum.
