4160 6216
350 273 446 327 185
912 258 919 261 Α
1741 267 1945 324 INDEX
1981 272 1993 321 ε

2052 268 2296 324 ιΡΙΤυΜ.
3597 274 3695 329 186

1552 598 1898 690 INDEX
1995 599 2489 692 CAPITUM

503 847 690 927 QUAS
741 849 821 913 IN
871 845 1426 927 PREFATIONE,
1474 850 1576 915 ET
1616 849 1804 916 VITA
1855 850 1920 914 S.
1976 850 2378 927 CYPRIANI,
2431 852 2650 920 NUNC
2698 852 3015 921 PRIMUM
3062 852 3521 932 ADORNATA,

1717 957 2308 1027 CONTINENTUB.

1861 1153 2146 1172 —-————~

322 1312 603 1375 Praelatio,
630 1314 687 1364 in
716 1327 841 1377 qua,
874 1318 994 1377 post
1022 1320 1362 1367 enumeratos
1389 1314 1564 1366 sancti
1601 1314 1866 1377 Cypriani
1903 1326 2122 1378 operum
2158 1315 2433 1376 editiones,
2473 1315 2535 1366 de
2570 1315 2621 1367 S.
2660 1315 2928 1378 Martyris
2967 1314 3217 1366 doctrina
3249 1313 3498 1377 pluribus
3530 1313 3687 1365 disse-

379 1386 553 1435 ritur.
585 1388 706 1449 Pag.
737 1389 784 1436 9.

319 1465 354 1504 1.
504 1456 751 1518 Cypriani
785 1456 1050 1508 sententia
1076 1458 1142 1509 de
1169 1458 1375 1510 unitate
1402 1460 1455 1510 et
1484 1455 1867 1512 intallibilitate
1896 1456 2160 1518 Ecclesiae,
2188 1458 2265 1507 i5.

509 1526 849 1578 Retelluntur
870 1529 963 1592 qui
994 1529 1268 1593 episcopos
1296 1530 1436 1594 apud
1470 1532 1798 1595 Cyprianum
1823 1529 1945 1591 jure
1976 1526 2165 1578 divino
2191 1538 2224 1577 a
2246 1526 2571 1590 presbyteris
2599 1525 2859 1590 distingui
2888 1525 3104 1590 negant,
3133 1526 3211 1574 22.

508 1597 774 1647 Primatus
798 1598 1047 1650 Ecclesiae
1071 1602 1320 1651 Romanae
1342 1612 1374 1651 a
1403 1602 1451 1653 S.
1483 1601 1747 1665 Cypriano
1775 1608 1985 1660 semper
2005 1596 2241 1660 agnitus,
2272 1598 2350 1647 23.

507 1668 579 1718 De
603 1667 938 1720 dissensione
967 1671 1015 1722 S.
1039 1672 1288 1734 Cypriani
1314 1683 1437 1723 cum
1461 1674 1510 1724 S.
1537 1672 1818 1738 Stephano.
1841 1668 2063 1720 Nullum
2088 1666 2353 1731 baptisma
2379 1667 2659 1730 probatum
2688 1668 2970 1731 Stephano,
2991 1666 3098 1719 nisi
3117 1664 3262 1730 quod
3285 1676 3353 1716 ex
3382 1664 3688 1728 praescripta

564 1749 598 1788 a
620 1738 828 1789 Christo
851 1739 1022 1790 forma
1044 1741 1228 1792 datum
1257 1741 1416 1803 esset,
1444 1744 1521 1793 27.

508 1810 557 1860 8.
589 1809 885 1872 Cyprianus
914 1811 1234 1863 sententiam
1271 1811 1707 1865 adversariorum
1748 1812 1932 1863 minus
1968 1809 2255 1860 intellexit.
2292 1811 2365 1861 De
2402 1808 2665 1873 baptismo
2691 1809 2749 1860 in
2776 1808 2971 1862 Christi
3010 1806 3246 1859 nomine.
3286 1805 3535 1868 Stephani
3570 1816 3687 1856 sen-

566 1878 731 1929 tentia
752 1880 868 1931 orta
894 1881 961 1932 ab
987 1883 1262 1945 apostolis,
1288 1885 1369 1933 31.

506 1948 711 2010 Quibus
748 1944 1089 2012 potissimum
1118 1944 1419 2006 ratiOnibus
1448 1965 1566 2006 sese
1594 1956 1643 2007 S.
1675 1952 1970 2018 Cyprianus
1998 1948 2315 2003 defenderit.
2344 1951 2447 2003 Nec
2482 1950 2809 2003 sacramenta
2839 1962 2870 2000 a
2908 1945 3063 2001 malis
3101 1947 3159 1998 in
3196 1945 3429 1997 Ecclesia
3463 1944 3687 1996 admini-

563 2020 745 2083 strata,
775 2034 874 2073 nec
902 2023 1241 2075 traditionem
1272 2024 1475 2087 rejecit,
1504 2026 1583 2075 35.

308 2099 399 2139 vn.
500 2090 969 2145 Conﬁrmationem
1001 2107 1110 2145 non
1139 2083 1424 2147 confundit
1451 2083 1499 2148 S.
1531 2096 1828 2159 Cyprianus
1854 2105 1980 2145 cum
2019 2093 2359 2157 impositione
2388 2104 2650 2143 manuum
2680 2090 2737 2141 in
2763 2088 3037 2141 haereticos
3066 2086 3368 2139 redeuntes.
3398 2083 3687 2136 Conﬁrma-

562 2161 761 2213 tionem
791 2163 932 2215 inter
959 2167 1287 2220 sacramenta
1314 2167 1581 2228 numerat,
1610 2168 1687 2217 39.

306 2241 416 2282 vm.
500 2232 827 2285 Pteniteutia
852 2236 1242 2287 sacramentum
1262 2249 1331 2289 ex
1351 2238 1399 2289 8.
1422 2224 1669 2301 Cypriani
1693 2236 2015 2288 testimoniis
2043 2235 2363 2287 defenditur.
2388 2236 2553 2296 Quam
2579 2230 2938 2283 necessarium
2959 2225 3298 2292 judicaverit,
3318 2237 3478 2289 quam
3504 2224 3683 2274 sancte

556 2302 919 2354 administrari
951 2306 1185 2356 voluerit
1206 2306 1529 2357 ostenditur.
1561 2307 1830 2357 Nonnulla
1855 2306 2005 2356 illius
2028 2306 2169 2357 dicta
2195 2305 2551 2369 explicantur,
2579 2304 2657 2353 42.
2701 2373 2707 2374 γ
2813 2372 2842 2374 __
3158 2368 3168 2374 _
3360 2366 3369 2374 _
3553 2363 3563 2374 θ

303 2382 376 2422 1x.
498 2373 685 2424 Utrum
732 2374 790 2425 in
843 2376 1018 2427 Africa
1062 2376 1187 2429 ante
1231 2378 1279 2429 8.
1333 2378 1658 2442 Cyprianum
1705 2376 2039 2441 gravissimis
2088 2363 2408 2428 criminibus
2454 2363 2642 2439 negata
2687 2372 2851 2424 fuerit
2898 2368 3207 2421 communio
3258 2366 3377 2429 post
3425 2363 3682 2428 pmniten-

320 1537 373 1576 Π.

318 1607 392 1646 ΙΙΙ.

315 1678 387 1716 IV.

316 1819 366 1858 γ.

314 1960 384 1998 Π.

302 2524 355 2563 x.
495 2446 982 2638 033:35623111»
1011 2522 1059 2573 S.
1091 2521 1357 2584 Cypriano
1393 2520 1611 2572 inducta
1650 2520 1720 2571 sit
1748 2518 2050 2583 disciplina,
2077 2529 2140 2569 ac
2180 2515 2407 2581 pristina
2440 2514 2697 2566 severitas
2734 2512 2791 2563 in
2829 2511 2971 2561 solos
3006 2506 3271 2572 apostatas
3297 2506 3351 2556 et
3387 2502 3681 2555 desertores

558 2598 618 2636 re
639 2598 706 2637 en
888 2627 899 2638 .
1418 2611 1425 2618 -

558 2598 759 2637 retenta
770 2598 798 2637 τ
820 2598 899 2638 51.
1418 2611 1425 2618 ⁵

301 2665 374 2704 x1.
497 2656 683 2707 Utrum
712 2660 760 2709 8.
790 2659 1087 2722 Cyprianus
1113 2662 1275 2725 lapsis
1308 2663 1364 2714 in
1389 2663 1619 2713 decursu
1650 2660 1975 2726 pcenitentiae
2010 2658 2367 2711 morientibus
2400 2668 2581 2720 pacem
2614 2652 2907 2718 negaverit,
2942 2650 3028 2701 his
3066 2649 3277 2701 tantum
3312 2644 3548 2709 exceptis
3584 2643 3678 2708 qui

554 2726 767 2779 libellos
793 2741 825 2779 a
851 2730 1181 2803 martyribus
1208 2734 1537 2796 acceperant,
1567 2735 1646 2803 55.
1726 2800 1754 2803 Α
1997 2798 2046 2803 ,Α
2119 2798 2150 2803 η
2328 2797 2339 2803 _
2385 2797 2395 2803 _
2572 2795 2603 2803 __
2688 2794 2698 2803 _
2922 2792 2932 2803 ,

300 2808 394 2847 xu.
492 2799 681 2849 Utrum
712 2788 1010 2851 concilium
1031 2788 1451 2866 Carthaginénse
1479 2788 1845 2868 paenitentiam
1876 2798 2183 2851 sacriﬁcatis
2208 2809 2302 2863 per
2324 2797 2496 2849 totum
2531 2795 2654 2846 vitae
2684 2794 2894 2858 tempus
2918 2788 3252 2855 imposuerit,
3280 2789 3359 2838 59.

299 2879 412 2918 xm.
488 2868 562 2919 De
588 2868 780 2920 Christi
804 2869 861 2920 in
888 2871 1225 2922 Eucharistia
1248 2874 1547 2935 praesentia,
1577 2874 1659 2923 62.

302 2950 410 2988 xiv.
486 2941 558 2990 De
586 2940 973 2993 Communione
999 2941 1101 2993 sub
1126 2943 1355 3007 utraque
1384 2946 1574 3008 specie,
1607 2944 1685 2994 66.

298 3017 387 3057 xv.
492 3010 543 3059 8.
575 3009 822 3072 Cypriani
853 3010 1119 3063 sententia
1141 3012 1208 3063 de
1236 3005 1512 3076 sacrificio,
1538 3005 1603 3065 de
1628 3010 1936 3077 purgatorio
1957 3009 2011 3062 et
2037 3008 2375 3061 invocatione
2398 3005 2725 3067 sanctorum,
2755 3005 2832 3054 67.

297 3087 408 3127 xvr.
492 3079 567 3129 De
596 3079 789 3131 Christi
814 3080 1115 3144 divinitate,
1145 3082 1369 3147 ejusque
1398 3084 1582 3148 gratia,
1608 3084 1686 3134 71.

564 3150 685 3199 Vita
712 3151 889 3200 sancti
912 3152 1197 3213 Cypriani,
1225 3164 1370 3202 nunc
1395 3154 1633 3216 primum
1661 3151 1960 3212 adornata,
1987 3151 2065 3202 74.

299 3227 333 3267 1.
480 3221 557 3293 I_)e
589 3220 637 3293 S_.
669 3221 932 3293 Cypriano
960 3223 1202 3274 nondum
1233 3225 1553 3276 Christiano.
1580 3220 2005 3293 Distinguendus
2028 3221 2110 3271 est
2130 3232 2165 3293 a
2188 3219 2451 3293 Cypriano
2474 3217 2823 3293 Antiocheuo,
2852 3216 2931 3293 73.
3047 3283 3079 3293 η
3202 3280 3216 3293 1
3271 3281 3282 3293 ι

298 3299 352 3338 u.
486 3290 565 3341 De
596 3290 644 3341 8.
675 3277 921 3353 Cypriani
950 3294 1320 3345 conversione.
1356 3277 1786 3345 Catechumenus
1813 3292 1955 3343 bona
1992 3303 2090 3343 sua
2117 3277 2409 3354 distribuit,
2438 3301 2602 3355 seque
2636 3288 2760 3339 voto
2786 3283 3129 3339 continentiae
3168 3277 3475 3332 obstrinxit.
3510 3277 3678 3327 Incer-

547 3362 663 3411 tum
690 3373 796 3424 quo
819 3374 964 3414 anno
990 3364 1044 3414 et
1071 3365 1309 3427 tempore
1334 3363 1650 3428 baptizatus,
1678 3366 1756 3415 77.

297 3440 371 3479 In.
483 3431 561 3481 De
591 3430 783 3481 studiis
806 3431 858 3481 et
888 3432 1099 3495 scriptis
1128 3435 1176 3484 8.
1208 3433 1456 3497 Cypriani
1486 3445 1518 3484 a
1546 3433 1810 3497 baptismo
1835 3445 2009 3497 usque
2034 3432 2100 3483 ad
2130 3432 2540 3494 ordinationem,
2565 3433 2644 3482 81.
3295 3492 3304 3497 _
3425 3490 3434 3497 ,
3471 3489 3483 3497 ,
3555 3487 3564 3497 ,

292 3512 364 3551 1v.
475 3502 778 3564 Cyprianus
808 3485 1199 3567 presbyterium
1225 3485 1651 3557 e'tsacerdotium
1674 3506 1853 3557 statim
1880 3485 2089 3568 accipit.
2116 3506 2229 3565 Quo
2255 3515 2400 3554 anno
2432 3485 2713 3553 ordinatus
2736 3499 3033 3563 episcopus.
3065 3497 3167 3547 Res
3195 3492 3355 3557 gesta:
3388 3490 3441 3541 et
3465 3485 3673 3550 scripta:

544 3571 602 3621 in
632 3573 936 3634 primordiis
965 3574 1318 3637 episcopatus,
1348 3577 1428 3625 82.

294 3653 343 3689 ι’.
478 3643 553 3693 De
580 3644 945 3705 persecutione
969 3645 1108 3696 Decii
1133 3645 1359 3709 ejusque
1383 3646 1571 3707 initiis,
1595 3658 1657 3696 ac
1681 3646 1748 3697 de
1772 3657 1965 3709 magno
1989 3645 2263 3706 lapsorum
2288 3641 2341 3693 et
2369 3641 2742 3693 coniessorum
2768 3651 3013 3700 numero,
3043 3639 3121 3688 86.

294 3722 364 3759 v1.
482 3714 544 3762 In
566 3724 672 3775 quo
701 3714 934 3776 positum
959 3727 1147 3766 eorum
1176 3715 1432 3766 delictum
1458 3716 1551 3779 qui
1577 3716 1871 3767 Libellatici
1898 3714 2148 3779 appellati
2177 3714 2323 3775 sunt,
2349 3716 2428 3763 89.

294 3796 385 3833 vn.
474 3787 775 3849 Cyprianus
798 3788 994 3839 secedit
1018 3789 1075 3839 in
1104 3789 1470 3851 persecutione
1495 3789 1811 3851 justissimis
1834 3790 1900 3840 de
1926 3788 2122 3850 causis,
2152 3789 2232 3837 93.

290 3866 403 3905 vni.
478 3846 772 3909 De'litteris
802 3859 939 3909 Cleri
964 3846 1187 3910 Romani
1215 3846 1587 3923 Carthaginem
1612 3861 1809 3924 missis,
1840 3846 2122 3923 postquam
2151 3858 2476 3921 Cyprianum
2508 3855 2788 3908 secessisse
2815 3852 3129 3924 nuntiatum
3157 3848 3256 3909 est,
3283 3846 3362 3896 95.

293 3934 366 3974 IX.
477 3928 553 3977 De
594 3928 765 3989 prima
807 3929 1054 3992 Cypriani
1100 3919 1460 3981 Romanorum
1502 3931 1694 3982 litteris
1734 3919 2095 3995 responsione.
2137 3919 2207 3981 De
2230 3919 2503 3979 tredecim
2542 3925 2736 3978 litteris
2770 3925 2894 3975 ante
2933 3921 3223 3974 secundam
3262 3919 3667 3978 responstonem

546 3997 755 4060 scriptis
782 3999 836 4049 et
858 3999 1020 4049 simul
1047 4011 1169 4050 cum
1200 4000 1294 4050 illa
1322 4002 1539 4052 Romam
1570 4002 1804 4064 perlatis,
1836 4014 1903 4053 ex
1928 4002 2125 4065 quibus
2156 3999 2354 4050 multas
2383 3998 2672 4050 desiderari
2703 3996 3024 4057 ostenditur,
3054 3995 3134 4065 97.

298 4076 349 4115 x.
482 4067 625 4119 Ordo
652 4053 1011 4131 Epistolarum
1038 4069 1287 4132 Cypriani
1325 4070 1448 4121 ante
1485 4053 1744 4122 decimam
1783 4053 2027 4134 quintam
2065 4069 2131 4121 ad
2170 4072 2434 4121 Romanos
2473 4069 2744 4131 scriptam,
2773 4079 2833 4119 ac
2871 4053 3044 4130 primo
3081 4064 3147 4114 de
3183 4058 3373 4124 quinta
3411 4053 3464 4105 et
3504 4061 3666 4103 nona.

545 4138 834 4213 Referenda
853 4139 919 4213 ad
948 4140 1097 4213 aliud
1124 4140 1336 4213 tempus
1365 4139 1630 4213 tricesima
1649 4141 1890 4213 septima,
1919 4142 1999 4191 99.
2091 4209 2102 4213 _
2171 4210 2177 4213 Α
2517 4210 2526 4213 _
2830 4208 2841 4213 Α
3045 4205 3059 4213 ,
3166 4202 3176 4213 ,

294 4215 367 4256 xx.
478 4208 724 4272 Quinque
761 4212 809 4261 S.
847 4210 1096 4273 Cypriani
1136 4194 1325 4261 litteris
1360 4210 1427 4261 de
1464 4211 1662 4274 Lapsis.
1706 4194 1928 4261 Facinus
1968 4209 2400 4274 presbyterorum
2438 4210 2529 4273 qui
2570 4208 3006 4261 communionem
3045 4202 3209 4268 lapsis
3247 4194 3521 4256 dederant,
3550 4204 3661 4243 non

547 4278 925 4331 dissimulavit.
958 4282 1071 4331 Non
1098 4281 1507 4344 suspensionem
1535 4281 1627 4332 sed
1657 4280 2263 4331 excommunicationem
2295 4279 2405 4330 illis
2432 4279 2686 4341 minatur,
2715 4281 2821 4330 101.

295 4359 387 4398 xu.
490 4351 563 4400 De
589 4349 810 4412 epistola
839 4352 898 4400 15
924 4352 973 4402 S.
999 4351 1246 4413 Cypriani
1276 4352 1329 4401 et
1354 4350 1600 4413 pluribus
1627 4350 1749 4402 aliis
1777 4351 1938 4413 paulo
1966 4350 2085 4413 post
2109 4362 2251 4400 novo
2280 4349 2519 4400 tumultu
2543 4351 2730 4400 exorto
2749 4346 2980 4411 scriptis,
3012 4347 3119 4397 107.

295 4431 407 4469 xm.
482 4421 556 4470 De
578 4420 799 4482 epistola
825 4420 1053 4472 Celerini
1082 4421 1147 4471 ad
1176 4420 1467 4471 Lucianum
1496 4421 1548 4471 et
1577 4420 1852 4483 responsio
1880 4419 2119 4481 Luciani,
2154 4422 2260 4470 109.
2964 4487 2978 4489 _
3108 4488 3119 4489 ί
3238 4484 3248 4489 _
3450 4479 3485 4489 η

294 4501 403 4540 nv.
478 4477 670 4543 Scribit
693 4492 742 4542 S.
780 4492 1079 4554 Cyprianus
1100 4492 1167 4542 ad
1195 4491 1399 4543 clerum
1428 4491 1494 4542 de
1524 4477 1860 4542 ordinatione
1888 4490 2059 4542 Saturi
2089 4477 2140 4540 et
2178 4489 2367 4553 Optati.
2404 4490 2573 4541 Variae
2606 4490 2881 4553 lapsorum
2917 4487 2983 4538 ad
3014 4489 3063 4540 S.
3095 4477 3663 4554 Cyprianum_litte_raa:

541 4561 725 4611 Clerus
754 4544 995 4613 rem-ovet
1020 4574 1052 4612 a
1076 4562 1455 4613 communione
1492 4573 1590 4613 sua
1624 4561 1811 4613 Gaium
1850 4560 2186 4612 Diddensem.
2218 4544 2331 4623 Quo
2360 4560 2596 4623 tempore
2633 4544 2826 4611 litterae
2862 4560 2924 4608 23
2962 4558 3015 4607 et
3052 4558 3114 4606 29
3138 4544 3377 4617 scriptae.
3416 4552 3489 4601 De
3524 4544 3660 4598 Cleri

543 4633 763 4682 Romani
789 4631 843 4683 et
864 4632 1230 4684 contessorum
1262 4632 1478 4693 litteris,
1509 4634 1615 4683 111.

291 4711 380 4750 xv.
483 4703 782 4753 Persecutio
818 4702 1167 4763 recrudescit;
1200 4714 1302 4765 pax
1342 4684 1520 4753 futura
1558 4703 1606 4753 S.
1647 4701 1910 4766 Cypriano
1952 4703 2238 4755 reveletur.
2278 4704 2379 4753 Res
2406 4700 2624 4753 interim
2651 4700 2719 4752 ab
2755 4712 2820 4751 eo
2858 4699 3017 4763 gestae
3055 4696 3109 4749 et
3151 4692 3360 4756 scriptae
3396 4699 3540 4740 anno
3568 4684 3662 4735 250

539 4775 770 4825 exeunte
799 4775 1161 4835 recensentur,
1189 4775 1296 4824 113.

289 4853 400 4893 nu.
482 4844 711 4895 Vicarios
736 4856 832 4907 pro
857 4856 913 4894 se
938 4844 1103 4895 mittit
1131 4843 1445 4907 Cyprianus.
1473 4843 1624 4894 Minae
1652 4841 1988 4905 Felicissimi,
2026 4843 2131 4891 115.
2736 4910 2741 4912 Α
2784 4910 2789 4912 Α
2978 4910 2988 4912 _
3058 4910 3064 4912 _
3137 4907 3147 4912 _
3219 4895 3270 4912 ,_
3405 4900 3416 4912 ,

287 4922 420 4963 xm.
476 4914 711 4994 Schisma
738 4897 1057 4994 ifelicissimi
1091 4897 1234 4965 anno
1259 4915 1345 4965 251
1380 4914 1617 4965 ineunte.
1652 4914 1887 4965 Novatus
1922 4897 2067 4964 unus
2101 4924 2170 4963 ex
2204 4911 2444 4976 quinque
2474 4910 2825 4963 schismaticis
2856 4907 3199 4974 presbyteris.
3219 4897 3312 4956 'De
3336 4899 3562 4965 epistola
3598 4897 3659 4948 40

286 5066 440 5106 xvm.
472 4986 966 5137 Βθῗιῖἴὲἓῒιςξδᾙέ,
995 5058 1389 5137 persecutione
1402 5056 1591 5120 sopita,
1621 5056 1673 5107 et
1712 5067 1837 5107 cum
1875 5054 2095 5119 collegis
2132 5053 2389 5105 deliberat
2426 5053 2492 5106 de
2533 5065 2694 5107 causa
2730 5054 3034 5118 lapsorum;
3075 5050 3168 5102 sed
3203 5047 3328 5100 ante
3372 5041 3662 5097 concilium

533 5125 717 5177 scribit
747 5125 946 5177 librum
975 5125 1036 5176 de
1064 5127 1267 5188 Lapsis.
1301 5129 1406 5178 119.

284 5207 395 5247 χιχ.
472 5197 791 5278 ΡιηιίξεξριξεξΔ
806 5197 974 5248 sancti
1019 5198 1267 5262 Cypriani
1315 5199 1372 5249 in
1424 5197 1825 5261 comprimendo
1874 5210 1927 5249 sc

2020 5196 2159 5248 mate
2210 5195 2509 5258 Novatiani,
2563 5196 2616 5247 et
2664 5193 3032 5247 confirmando
3077 5189 3383 5256 epimpatu
3436 5187 3488 5239 8.
3541 5185 3660 5237 Cor-

288 5347 377 5387 xx.
477 5268 853 5402 oilglg’uggﬁ
880 5339 1057 5402 erupit
1085 5338 1317 5391 schisma
1344 5338 1641 5399 Novatiani,
1674 5339 1782 5389 128.

285 5418 398 5457 ω.
473 5410 586 5469 Quo
609 5408 844 5471 tempore
870 5409 1149 5461 ordinatus
1178 5410 1526 5471 Novatianus,
1560 5411 1669 5460 129.

288 5486 419 5526 xxii.
475 5477 613 5529 Ordo
645 5491 825 5529 rerum
848 5491 879 5529 a
907 5481 1090 5531 sancto
1112 5481 1375 5543 Cypriano
1405 5480 1673 5544 gestarum
1704 5480 1761 5532 in
1791 5492 1951 5532 causa
1971 5480 2224 5543 Cornelii,
2253 5482 2361 5531 131.

289 5556 440 5597 mn.
476 5549 604 5599 Novi
650 5550 873 5601 conatus
925 5542 1220 5602 Novatiaui.
1275 5542 1494 5603 Reditus
1544 5550 1913 5603 confessorum
1962 5542 2323 5603 Romanorum
2372 5550 2428 5601 in
2480 5551 2769 5603 Ecclesiam
2833 5549 3046 5602 hortatu
3100 5547 3377 5613 Cypriani;
3432 5544 3485 5597 id
3536 5542 3659 5595 ante

533 5618 817 5670 concilium
840 5621 1138 5672 Romanum
1169 5620 1297 5672 anni
1324 5623 1411 5671 251
1443 5621 1733 5686 contigisse
1764 5622 2086 5684 ostenditur,
2119 5623 2228 5671 133.

291 5697 440 5737 xxiv.
473 5689 545 5738 De
568 5690 729 5751 gestis
753 5690 806 5741 et
829 5690 1041 5754 scriptis
1069 5693 1118 5744 S.
1144 5692 1395 5755 Cypriani
1429 5705 1573 5745 anno
1602 5695 1696 5747 252
1723 5696 1847 5745 ante
1875 5693 2319 5757 persecutionem,
2353 5695 2459 5744 137.

290 5768 416 5806 xxv.
472 5759 766 5811 Persecutio
794 5762 1064 5812 revelatur
1093 5763 1372 5825 Cypriano.
1411 5764 1660 5815 Hortatur
1685 5765 2055 5816 Thibaritauos
2080 5765 2146 5816 ad
2174 5764 2461 5817 certamen.
2496 5765 2677 5829 Lapsis
2706 5764 3089 5831 pmnitentihus
3119 5774 3297 5827 pacem
3333 5757 3566 5811 restituit
3596 5757 3651 5814 in

534 5830 772 5894 concilio,
796 5833 936 5898 quod
963 5832 1031 5885 ab
1054 5833 1160 5885 alio
1187 5833 1369 5890 Idibus
1397 5834 1516 5886 Maii
1540 5834 1721 5887 habito
1748 5835 2009 5900 distingui
2038 5835 2212 5898 debet,
2244 5837 2356 5887 iii.
