  <div class='ocr_page' id='page_1' title='image "/cluster/home/n/w/nwhite01/storage/ocr_20150623/4/hvd.32044073549446/102.png"; bbox 0 0 4160 6216; ppageno 0'>
   <div class='ocr_carea' id='block_1_1' title="bbox 288 198 1913 269">
    <p class='ocr_par' dir='ltr' id='par_1_1' title="bbox 288 204 1913 269">
     <span class='ocr_line' id='line_1_1' title="bbox 288 204 1913 269; baseline -0.004 -1"><span class='ocrx_word' id='word_1_1' title='bbox 288 214 369 269; x_wconf 73' lang='grc'>193</span> <span class='ocrx_word' id='word_1_2' title='bbox 1747 204 1913 263; x_wconf 81' lang='lat' dir='ltr'>EPIS&#39;l</span> 
     </span>
    </p>
   </div>
   <div class='ocr_carea' id='block_1_2' title="bbox 2028 198 3635 269">
    <p class='ocr_par' dir='ltr' id='par_1_2' title="bbox 2031 198 3635 268">
     <span class='ocr_line' id='line_1_2' title="bbox 2031 198 3635 268; baseline 0.004 -7"><span class='ocrx_word' id='word_1_3' title='bbox 2031 210 2071 261; x_wconf 81' lang='grc' dir='ltr'><strong>Α</strong></span> <span class='ocrx_word' id='word_1_4' title='bbox 2111 198 2151 259; x_wconf 84' lang='grc'>1.</span> <span class='ocrx_word' id='word_1_5' title='bbox 3536 206 3635 268; x_wconf 76' lang='grc'>194</span> 
     </span>
    </p>
   </div>
   <div class='ocr_carea' id='block_1_3' title="bbox 326 332 3630 401">
    <p class='ocr_par' dir='ltr' id='par_1_3' title="bbox 326 332 3630 401">
     <span class='ocr_line' id='line_1_3' title="bbox 326 332 3630 401; baseline -0.001 -11"><span class='ocrx_word' id='word_1_6' title='bbox 326 344 483 391; x_wconf 77' lang='lat' dir='ltr'>Anno</span> <span class='ocrx_word' id='word_1_7' title='bbox 524 338 618 389; x_wconf 83' lang='lat'>250</span> <span class='ocrx_word' id='word_1_8' title='bbox 656 339 711 388; x_wconf 89' lang='lat' dir='ltr'>in</span> <span class='ocrx_word' id='word_1_9' title='bbox 756 349 983 387; x_wconf 86' lang='lat' dir='ltr'>secessu</span> <span class='ocrx_word' id='word_1_10' title='bbox 1021 336 1199 385; x_wconf 88' lang='lat' dir='ltr'>sancti</span> <span class='ocrx_word' id='word_1_11' title='bbox 1236 334 1509 398; x_wconf 71' lang='lat' dir='ltr'>Cypriani.</span> <span class='ocrx_word' id='word_1_12' title='bbox 1541 334 1773 397; x_wconf 89' lang='lat' dir='ltr'>epistola</span> <span class='ocrx_word' id='word_1_13' title='bbox 1812 334 1859 395; x_wconf 88' lang='lat'>3,</span> <span class='ocrx_word' id='word_1_14' title='bbox 1891 347 2017 397; x_wconf 66' lang='lat' dir='ltr'>quae</span> <span class='ocrx_word' id='word_1_15' title='bbox 2052 336 2131 384; x_wconf 90' lang='lat' dir='ltr'>est</span> <span class='ocrx_word' id='word_1_16' title='bbox 2172 332 2304 383; x_wconf 89' lang='lat' dir='ltr'>cleri</span> <span class='ocrx_word' id='word_1_17' title='bbox 2344 334 2603 395; x_wconf 85' lang='lat' dir='ltr'>Romani;</span> <span class='ocrx_word' id='word_1_18' title='bbox 2640 337 2687 397; x_wconf 89' lang='lat'>4,</span> <span class='ocrx_word' id='word_1_19' title='bbox 2730 349 2856 401; x_wconf 74' lang='lat' dir='ltr'>quae</span> <span class='ocrx_word' id='word_1_20' title='bbox 2897 340 2981 387; x_wconf 88' lang='lat' dir='ltr'>est</span> <span class='ocrx_word' id='word_1_21' title='bbox 3021 338 3306 400; x_wconf 84' lang='lat' dir='ltr'>responsio</span> <span class='ocrx_word' id='word_1_22' title='bbox 3349 336 3630 401; x_wconf 82' lang='lat' dir='ltr'>Cypriani.</span> 
     </span>
    </p>
   </div>
   <div class='ocr_carea' id='block_1_4' title="bbox 274 404 3633 469">
    <p class='ocr_par' dir='ltr' id='par_1_4' title="bbox 274 404 3633 469">
     <span class='ocr_line' id='line_1_4' title="bbox 274 404 3633 469; baseline -0.001 -8"><span class='ocrx_word' id='word_1_23' title='bbox 274 414 478 461; x_wconf 65' lang='lat' dir='ltr'>Littera:</span> <span class='ocrx_word' id='word_1_24' title='bbox 512 409 773 459; x_wconf 79' lang='lat' dir='ltr'>tredecim</span> <span class='ocrx_word' id='word_1_25' title='bbox 803 409 855 456; x_wconf 93' lang='lat' dir='ltr'>in</span> <span class='ocrx_word' id='word_1_26' title='bbox 894 409 1054 469; x_wconf 90' lang='lat' dir='ltr'>epist.</span> <span class='ocrx_word' id='word_1_27' title='bbox 1091 408 1153 455; x_wconf 75' lang='lat'>15</span> <span class='ocrx_word' id='word_1_28' title='bbox 1187 409 1653 465; x_wconf 61' lang='lat' dir='ltr'>commemoratae,</span> <span class='ocrx_word' id='word_1_29' title='bbox 1686 418 1753 454; x_wconf 82' lang='lat' dir='ltr'>ex</span> <span class='ocrx_word' id='word_1_30' title='bbox 1784 404 1991 468; x_wconf 86' lang='lat' dir='ltr'>quibus</span> <span class='ocrx_word' id='word_1_31' title='bbox 2022 407 2232 466; x_wconf 90' lang='lat' dir='ltr'>septem</span> <span class='ocrx_word' id='word_1_32' title='bbox 2270 408 2485 453; x_wconf 88' lang='lat' dir='ltr'>tantum</span> <span class='ocrx_word' id='word_1_33' title='bbox 2524 405 2811 465; x_wconf 84' lang='lat' dir='ltr'>habemus,</span> <span class='ocrx_word' id='word_1_34' title='bbox 2839 420 3038 469; x_wconf 87' lang='lat' dir='ltr'>nempe</span> <span class='ocrx_word' id='word_1_35' title='bbox 3068 408 3114 467; x_wconf 88' lang='lat'>5,</span> <span class='ocrx_word' id='word_1_36' title='bbox 3145 408 3191 463; x_wconf 86' lang='lat'>9,</span> <span class='ocrx_word' id='word_1_37' title='bbox 3231 408 3308 466; x_wconf 83' lang='grc'>11,</span> <span class='ocrx_word' id='word_1_38' title='bbox 3338 408 3414 462; x_wconf 86' lang='grc'>10,</span> <span class='ocrx_word' id='word_1_39' title='bbox 3448 408 3525 466; x_wconf 77' lang='grc'>12,</span> <span class='ocrx_word' id='word_1_40' title='bbox 3554 409 3633 466; x_wconf 89' lang='grc'>13,</span> 
     </span>
    </p>
   </div>
   <div class='ocr_carea' id='block_1_5' title="bbox 276 476 3632 540">
    <p class='ocr_par' dir='ltr' id='par_1_5' title="bbox 276 476 3632 540">
     <span class='ocr_line' id='line_1_5' title="bbox 276 476 3632 540; baseline -0.001 -10"><span class='ocrx_word' id='word_1_41' title='bbox 276 484 337 530; x_wconf 78' lang='lat' dir='ltr'>lt.</span> <span class='ocrx_word' id='word_1_42' title='bbox 370 482 471 529; x_wconf 68' lang='lat' dir='ltr'>Ha:</span> <span class='ocrx_word' id='word_1_43' title='bbox 507 481 737 529; x_wconf 86' lang='lat' dir='ltr'>Romam</span> <span class='ocrx_word' id='word_1_44' title='bbox 769 480 958 527; x_wconf 70' lang='lat' dir='ltr'>missae</span> <span class='ocrx_word' id='word_1_45' title='bbox 996 490 1126 527; x_wconf 89' lang='lat' dir='ltr'>cum</span> <span class='ocrx_word' id='word_1_46' title='bbox 1165 477 1323 538; x_wconf 89' lang='lat' dir='ltr'>epist.</span> <span class='ocrx_word' id='word_1_47' title='bbox 1364 489 1443 527; x_wconf 84' lang='lat' dir='ltr'>xv</span> <span class='ocrx_word' id='word_1_48' title='bbox 1480 478 1700 539; x_wconf 88' lang='lat' dir='ltr'>vigente</span> <span class='ocrx_word' id='word_1_49' title='bbox 1733 477 1841 538; x_wconf 87' lang='lat' dir='ltr'>jam</span> <span class='ocrx_word' id='word_1_50' title='bbox 1877 480 2085 526; x_wconf 69' lang='lat' dir='ltr'>(estate.</span> <span class='ocrx_word' id='word_1_51' title='bbox 2125 476 2295 524; x_wconf 84' lang='lat' dir='ltr'>Paulo</span> <span class='ocrx_word' id='word_1_52' title='bbox 2324 482 2445 538; x_wconf 83' lang='lat' dir='ltr'>post</span> <span class='ocrx_word' id='word_1_53' title='bbox 2485 478 2562 534; x_wconf 87' lang='grc'><strong>19,</strong></span> <span class='ocrx_word' id='word_1_54' title='bbox 2598 489 2723 539; x_wconf 69' lang='lat' dir='ltr'>qua;</span> <span class='ocrx_word' id='word_1_55' title='bbox 2750 482 2829 525; x_wconf 89' lang='lat' dir='ltr'>est</span> <span class='ocrx_word' id='word_1_56' title='bbox 2863 476 3115 525; x_wconf 91' lang='lat' dir='ltr'>Caldonii</span> <span class='ocrx_word' id='word_1_57' title='bbox 3157 478 3225 525; x_wconf 89' lang='lat' dir='ltr'>ad</span> <span class='ocrx_word' id='word_1_58' title='bbox 3257 478 3632 540; x_wconf 82' lang='lat' dir='ltr'>Cyprianum;</span> 
     </span>
    </p>
   </div>
   <div class='ocr_carea' id='block_1_6' title="bbox 274 546 3634 612">
    <p class='ocr_par' dir='ltr' id='par_1_6' title="bbox 274 546 3634 612">
     <span class='ocr_line' id='line_1_6' title="bbox 274 546 3634 612; baseline -0.001 -12"><span class='ocrx_word' id='word_1_59' title='bbox 274 553 340 609; x_wconf 77' lang='lat'>20,</span> <span class='ocrx_word' id='word_1_60' title='bbox 368 550 655 612; x_wconf 85' lang='lat' dir='ltr'>responsio</span> <span class='ocrx_word' id='word_1_61' title='bbox 682 547 973 610; x_wconf 79' lang='lat' dir='ltr'>Cypriani;</span> <span class='ocrx_word' id='word_1_62' title='bbox 1004 549 1080 607; x_wconf 87' lang='grc'>17,</span> <span class='ocrx_word' id='word_1_63' title='bbox 1109 547 1339 595; x_wconf 86' lang='lat' dir='ltr'>Luciani</span> <span class='ocrx_word' id='word_1_64' title='bbox 1369 551 1421 596; x_wconf 92' lang='lat' dir='ltr'>et</span> <span class='ocrx_word' id='word_1_65' title='bbox 1451 548 1862 607; x_wconf 82' lang='lat' dir='ltr'>confessorum;</span> <span class='ocrx_word' id='word_1_66' title='bbox 1892 550 1950 597; x_wconf 86' lang='lat' dir='ltr'>l8</span> <span class='ocrx_word' id='word_1_67' title='bbox 1974 546 2040 595; x_wconf 88' lang='lat' dir='ltr'>ad</span> <span class='ocrx_word' id='word_1_68' title='bbox 2072 548 2426 609; x_wconf 79' lang='lat' dir='ltr'>presbyteros</span> <span class='ocrx_word' id='word_1_69' title='bbox 2451 551 2504 595; x_wconf 90' lang='lat' dir='ltr'>et</span> <span class='ocrx_word' id='word_1_70' title='bbox 2536 546 2831 605; x_wconf 87' lang='lat' dir='ltr'>diaconos;</span> <span class='ocrx_word' id='word_1_71' title='bbox 2859 547 2939 605; x_wconf 76' lang='lat'>22,</span> <span class='ocrx_word' id='word_1_72' title='bbox 2967 548 3194 596; x_wconf 88' lang='lat' dir='ltr'>Luciani</span> <span class='ocrx_word' id='word_1_73' title='bbox 3222 547 3288 595; x_wconf 88' lang='lat' dir='ltr'>ad</span> <span class='ocrx_word' id='word_1_74' title='bbox 3316 547 3634 597; x_wconf 89' lang='lat' dir='ltr'>Celerinum</span> 
     </span>
    </p>
   </div>
   <div class='ocr_carea' id='block_1_7' title="bbox 275 616 3633 682">
    <p class='ocr_par' dir='ltr' id='par_1_7' title="bbox 275 616 3633 682">
     <span class='ocr_line' id='line_1_7' title="bbox 275 616 3633 682; baseline 0 -15"><span class='ocrx_word' id='word_1_75' title='bbox 275 621 565 682; x_wconf 84' lang='lat' dir='ltr'>responsio.</span> <span class='ocrx_word' id='word_1_76' title='bbox 596 618 839 668; x_wconf 89' lang='lat' dir='ltr'>Celerini</span> <span class='ocrx_word' id='word_1_77' title='bbox 875 623 1059 666; x_wconf 89' lang='lat' dir='ltr'>autem</span> <span class='ocrx_word' id='word_1_78' title='bbox 1087 616 1337 678; x_wconf 89' lang='lat' dir='ltr'>epistola,</span> <span class='ocrx_word' id='word_1_79' title='bbox 1371 629 1497 678; x_wconf 55' lang='lat' dir='ltr'>qua;</span> <span class='ocrx_word' id='word_1_80' title='bbox 1528 620 1609 665; x_wconf 89' lang='lat' dir='ltr'>est</span> <span class='ocrx_word' id='word_1_81' title='bbox 1642 618 1722 677; x_wconf 87' lang='lat' dir='ltr'>2t,</span> <span class='ocrx_word' id='word_1_82' title='bbox 1751 620 1953 681; x_wconf 90' lang='lat' dir='ltr'>scripta</span> <span class='ocrx_word' id='word_1_83' title='bbox 1986 619 2163 666; x_wconf 77' lang='lat' dir='ltr'>fuerat</span> <span class='ocrx_word' id='word_1_84' title='bbox 2190 617 2385 667; x_wconf 91' lang='lat' dir='ltr'>diebus</span> <span class='ocrx_word' id='word_1_85' title='bbox 2416 617 2789 680; x_wconf 83' lang='lat' dir='ltr'>paschalibus.</span> <span class='ocrx_word' id='word_1_86' title='bbox 2822 617 2937 666; x_wconf 83' lang='lat' dir='ltr'>Sex</span> <span class='ocrx_word' id='word_1_87' title='bbox 2968 619 3075 667; x_wconf 66' lang='lat' dir='ltr'>illa:</span> <span class='ocrx_word' id='word_1_88' title='bbox 3114 618 3363 681; x_wconf 76' lang='lat' dir='ltr'>epistolaa</span> <span class='ocrx_word' id='word_1_89' title='bbox 3400 619 3633 668; x_wconf 82' lang='lat' dir='ltr'>Romam</span> 
     </span>
    </p>
   </div>
   <div class='ocr_carea' id='block_1_8' title="bbox 273 688 3634 752">
    <p class='ocr_par' dir='ltr' id='par_1_8' title="bbox 273 688 3634 752">
     <span class='ocr_line' id='line_1_8' title="bbox 273 688 3634 752; baseline -0 -13"><span class='ocrx_word' id='word_1_90' title='bbox 273 692 442 739; x_wconf 63' lang='lat' dir='ltr'>missae</span> <span class='ocrx_word' id='word_1_91' title='bbox 474 703 604 739; x_wconf 89' lang='lat' dir='ltr'>cum</span> <span class='ocrx_word' id='word_1_92' title='bbox 634 688 887 751; x_wconf 86' lang='lat' dir='ltr'>epistolis</span> <span class='ocrx_word' id='word_1_93' title='bbox 916 688 977 737; x_wconf 90' lang='lat'>23</span> <span class='ocrx_word' id='word_1_94' title='bbox 1012 692 1065 737; x_wconf 90' lang='lat' dir='ltr'>et</span> <span class='ocrx_word' id='word_1_95' title='bbox 1092 688 1171 746; x_wconf 86' lang='lat'>25,</span> <span class='ocrx_word' id='word_1_96' title='bbox 1200 688 1366 750; x_wconf 90' lang='lat' dir='ltr'>paulo</span> <span class='ocrx_word' id='word_1_97' title='bbox 1406 693 1527 750; x_wconf 90' lang='lat' dir='ltr'>post</span> <span class='ocrx_word' id='word_1_98' title='bbox 1562 690 1797 752; x_wconf 87' lang='lat' dir='ltr'>scriptis.</span> <span class='ocrx_word' id='word_1_99' title='bbox 1832 688 2041 739; x_wconf 89' lang='lat' dir='ltr'>Eodem</span> <span class='ocrx_word' id='word_1_100' title='bbox 2088 693 2333 751; x_wconf 87' lang='lat' dir='ltr'>tempore</span> <span class='ocrx_word' id='word_1_101' title='bbox 2374 688 2605 751; x_wconf 90' lang='lat' dir='ltr'>epistola</span> <span class='ocrx_word' id='word_1_102' title='bbox 2639 688 2700 737; x_wconf 85' lang='grc'><strong>24</strong></span> <span class='ocrx_word' id='word_1_103' title='bbox 2738 692 2792 737; x_wconf 89' lang='lat' dir='ltr'>et</span> <span class='ocrx_word' id='word_1_104' title='bbox 2821 688 2985 751; x_wconf 89' lang='lat' dir='ltr'>paulo</span> <span class='ocrx_word' id='word_1_105' title='bbox 3020 693 3145 751; x_wconf 91' lang='lat' dir='ltr'>post</span> <span class='ocrx_word' id='word_1_106' title='bbox 3172 690 3250 749; x_wconf 85' lang='lat'>27,</span> <span class='ocrx_word' id='word_1_107' title='bbox 3276 690 3356 745; x_wconf 86' lang='grc'>28.</span> <span class='ocrx_word' id='word_1_108' title='bbox 3390 690 3468 739; x_wconf 86' lang='grc'>29.</span> <span class='ocrx_word' id='word_1_109' title='bbox 3506 690 3634 739; x_wconf 86' lang='lat' dir='ltr'>Post</span> 
     </span>
    </p>
   </div>
   <div class='ocr_carea' id='block_1_9' title="bbox 272 758 3635 824">
    <p class='ocr_par' dir='ltr' id='par_1_9' title="bbox 272 758 3635 824">
     <span class='ocr_line' id='line_1_9' title="bbox 272 758 3635 824; baseline 0.001 -15"><span class='ocrx_word' id='word_1_110' title='bbox 272 761 547 824; x_wconf 86' lang='lat' dir='ltr'>epistolam</span> <span class='ocrx_word' id='word_1_111' title='bbox 582 758 846 821; x_wconf 78' lang='lat' dir='ltr'>Cypriani</span> <span class='ocrx_word' id='word_1_112' title='bbox 878 758 1199 821; x_wconf 83' lang='lat' dir='ltr'>vigesimam</span> <span class='ocrx_word' id='word_1_113' title='bbox 1223 771 1425 806; x_wconf 89' lang='lat' dir='ltr'>nonam</span> <span class='ocrx_word' id='word_1_114' title='bbox 1454 763 1729 807; x_wconf 89' lang='lat' dir='ltr'>venerunt</span> <span class='ocrx_word' id='word_1_115' title='bbox 1758 758 1931 808; x_wconf 88' lang='lat' dir='ltr'>Roma</span> <span class='ocrx_word' id='word_1_116' title='bbox 1962 760 2208 822; x_wconf 77' lang='lat' dir='ltr'>epistolae</span> <span class='ocrx_word' id='word_1_117' title='bbox 2243 759 2297 808; x_wconf 90' lang='grc'><strong>31</strong></span> <span class='ocrx_word' id='word_1_118' title='bbox 2336 762 2389 808; x_wconf 90' lang='lat' dir='ltr'>et</span> <span class='ocrx_word' id='word_1_119' title='bbox 2416 760 2493 807; x_wconf 89' lang='lat'>26.</span> <span class='ocrx_word' id='word_1_120' title='bbox 2529 760 2669 808; x_wconf 90' lang='lat' dir='ltr'>Tum</span> <span class='ocrx_word' id='word_1_121' title='bbox 2705 758 2895 807; x_wconf 82' lang='lat' dir='ltr'>scribit</span> <span class='ocrx_word' id='word_1_122' title='bbox 2925 758 3239 821; x_wconf 77' lang='lat' dir='ltr'>Cyprianus</span> <span class='ocrx_word' id='word_1_123' title='bbox 3275 762 3431 822; x_wconf 87' lang='lat' dir='ltr'>epist.</span> <span class='ocrx_word' id='word_1_124' title='bbox 3468 761 3547 820; x_wconf 84' lang='lat'>32,</span> <span class='ocrx_word' id='word_1_125' title='bbox 3579 766 3635 811; x_wconf 91' lang='lat' dir='ltr'>et</span> 
     </span>
    </p>
   </div>
   <div class='ocr_carea' id='block_1_10' title="bbox 273 827 3633 897">
    <p class='ocr_par' dir='ltr' id='par_1_10' title="bbox 273 827 3633 897">
     <span class='ocr_line' id='line_1_10' title="bbox 273 827 3633 897; baseline -0.001 -15"><span class='ocrx_word' id='word_1_126' title='bbox 273 834 423 897; x_wconf 90' lang='lat' dir='ltr'>paulo</span> <span class='ocrx_word' id='word_1_127' title='bbox 456 836 580 895; x_wconf 89' lang='lat' dir='ltr'>post</span> <span class='ocrx_word' id='word_1_128' title='bbox 615 830 816 892; x_wconf 89' lang='lat' dir='ltr'>accipit</span> <span class='ocrx_word' id='word_1_129' title='bbox 850 829 1020 879; x_wconf 88' lang='lat' dir='ltr'>Roma</span> <span class='ocrx_word' id='word_1_130' title='bbox 1050 828 1340 891; x_wconf 83' lang='lat' dir='ltr'>epistolam</span> <span class='ocrx_word' id='word_1_131' title='bbox 1374 828 1451 877; x_wconf 90' lang='lat'>30.</span> <span class='ocrx_word' id='word_1_132' title='bbox 1487 827 1648 879; x_wconf 87' lang='lat' dir='ltr'>Circa</span> <span class='ocrx_word' id='word_1_133' title='bbox 1689 844 1937 880; x_wconf 87' lang='lat' dir='ltr'>mensem</span> <span class='ocrx_word' id='word_1_134' title='bbox 1977 831 2271 881; x_wconf 88' lang='lat' dir='ltr'>Octobrem</span> <span class='ocrx_word' id='word_1_135' title='bbox 2308 829 2465 891; x_wconf 86' lang='lat' dir='ltr'>epist.</span> <span class='ocrx_word' id='word_1_136' title='bbox 2505 829 2583 877; x_wconf 89' lang='lat'>37.</span> <span class='ocrx_word' id='word_1_137' title='bbox 2622 828 2743 877; x_wconf 88' lang='lat' dir='ltr'>Non</span> <span class='ocrx_word' id='word_1_138' title='bbox 2774 828 2950 877; x_wconf 90' lang='lat' dir='ltr'>multo</span> <span class='ocrx_word' id='word_1_139' title='bbox 2985 833 3108 891; x_wconf 88' lang='lat' dir='ltr'>post</span> <span class='ocrx_word' id='word_1_140' title='bbox 3142 831 3304 892; x_wconf 89' lang='lat' dir='ltr'>epist.</span> <span class='ocrx_word' id='word_1_141' title='bbox 3335 832 3381 879; x_wconf 88' lang='lat'>8.</span> <span class='ocrx_word' id='word_1_142' title='bbox 3423 830 3633 880; x_wconf 87' lang='lat' dir='ltr'>Eodem</span> 
     </span>
    </p>
   </div>
   <div class='ocr_carea' id='block_1_11' title="bbox 272 898 3631 962">
    <p class='ocr_par' dir='ltr' id='par_1_11' title="bbox 272 898 3631 962">
     <span class='ocr_line' id='line_1_11' title="bbox 272 898 3631 962; baseline -0.001 -11"><span class='ocrx_word' id='word_1_143' title='bbox 272 916 405 951; x_wconf 87' lang='lat' dir='ltr'>anno</span> <span class='ocrx_word' id='word_1_144' title='bbox 441 902 554 961; x_wconf 80' lang='lat'>250,</span> <span class='ocrx_word' id='word_1_145' title='bbox 589 902 828 949; x_wconf 82' lang='lat' dir='ltr'>exeunte</span> <span class='ocrx_word' id='word_1_146' title='bbox 862 898 950 947; x_wconf 87' lang='lat' dir='ltr'>vel</span> <span class='ocrx_word' id='word_1_147' title='bbox 985 898 1171 959; x_wconf 88' lang='lat' dir='ltr'>etiam,</span> <span class='ocrx_word' id='word_1_148' title='bbox 1206 898 1251 946; x_wconf 89' lang='lat' dir='ltr'>si</span> <span class='ocrx_word' id='word_1_149' title='bbox 1287 898 1378 947; x_wconf 90' lang='lat' dir='ltr'>cui</span> <span class='ocrx_word' id='word_1_150' title='bbox 1408 899 1584 962; x_wconf 89' lang='lat' dir='ltr'>magis</span> <span class='ocrx_word' id='word_1_151' title='bbox 1614 898 1849 961; x_wconf 87' lang='lat' dir='ltr'>placeat,</span> <span class='ocrx_word' id='word_1_152' title='bbox 1885 914 2031 949; x_wconf 90' lang='lat' dir='ltr'>anno</span> <span class='ocrx_word' id='word_1_153' title='bbox 2060 901 2145 949; x_wconf 78' lang='lat'>25!</span> <span class='ocrx_word' id='word_1_154' title='bbox 2188 900 2432 959; x_wconf 87' lang='lat' dir='ltr'>ineunte,</span> <span class='ocrx_word' id='word_1_155' title='bbox 2463 900 2682 961; x_wconf 69' lang='lat' dir='ltr'>scriptas</span> <span class='ocrx_word' id='word_1_156' title='bbox 2714 902 2843 947; x_wconf 90' lang='lat' dir='ltr'>sunt</span> <span class='ocrx_word' id='word_1_157' title='bbox 2869 899 3117 961; x_wconf 65' lang='lat' dir='ltr'>epistola:</span> <span class='ocrx_word' id='word_1_158' title='bbox 3152 900 3229 959; x_wconf 92' lang='grc'><strong>16,</strong></span> <span class='ocrx_word' id='word_1_159' title='bbox 3260 899 3339 959; x_wconf 83' lang='lat'>35,</span> <span class='ocrx_word' id='word_1_160' title='bbox 3367 899 3446 960; x_wconf 90' lang='lat'>33,</span> <span class='ocrx_word' id='word_1_161' title='bbox 3472 900 3551 959; x_wconf 83' lang='lat'>34,</span> <span class='ocrx_word' id='word_1_162' title='bbox 3584 902 3631 959; x_wconf 88' lang='grc'>7,</span> 
     </span>
    </p>
   </div>
   <div class='ocr_carea' id='block_1_12' title="bbox 270 968 3634 1034">
    <p class='ocr_par' dir='ltr' id='par_1_12' title="bbox 270 968 3634 1034">
     <span class='ocr_line' id='line_1_12' title="bbox 270 968 3634 1034; baseline -0.001 -12"><span class='ocrx_word' id='word_1_163' title='bbox 270 974 311 1030; x_wconf 85' lang='lat'>6,</span> <span class='ocrx_word' id='word_1_164' title='bbox 341 973 421 1031; x_wconf 97' lang='lat'>36,</span> <span class='ocrx_word' id='word_1_165' title='bbox 462 970 543 1029; x_wconf 88' lang='lat'>38,</span> <span class='ocrx_word' id='word_1_166' title='bbox 582 970 661 1029; x_wconf 91' lang='lat'>39,</span> <span class='ocrx_word' id='word_1_167' title='bbox 700 970 755 1016; x_wconf 88' lang='lat' dir='ltr'>in</span> <span class='ocrx_word' id='word_1_168' title='bbox 799 968 1045 1031; x_wconf 90' lang='lat' dir='ltr'>epistolis</span> <span class='ocrx_word' id='word_1_169' title='bbox 1086 969 1144 1017; x_wconf 91' lang='grc'>16</span> <span class='ocrx_word' id='word_1_170' title='bbox 1187 972 1241 1017; x_wconf 92' lang='lat' dir='ltr'>et</span> <span class='ocrx_word' id='word_1_171' title='bbox 1277 968 1357 1027; x_wconf 89' lang='lat'>35,</span> <span class='ocrx_word' id='word_1_172' title='bbox 1394 968 1549 1017; x_wconf 85' lang='lat' dir='ltr'>nulla</span> <span class='ocrx_word' id='word_1_173' title='bbox 1594 970 1747 1031; x_wconf 88' lang='lat' dir='ltr'>pacis</span> <span class='ocrx_word' id='word_1_174' title='bbox 1786 972 2021 1030; x_wconf 82' lang='lat' dir='ltr'>mentio;</span> <span class='ocrx_word' id='word_1_175' title='bbox 2063 972 2197 1034; x_wconf 91' lang='lat' dir='ltr'>quin</span> <span class='ocrx_word' id='word_1_176' title='bbox 2244 970 2408 1019; x_wconf 89' lang='lat' dir='ltr'>etiam</span> <span class='ocrx_word' id='word_1_177' title='bbox 2447 970 2503 1017; x_wconf 89' lang='lat' dir='ltr'>in</span> <span class='ocrx_word' id='word_1_178' title='bbox 2546 969 2701 1032; x_wconf 87' lang='lat' dir='ltr'>epist.</span> <span class='ocrx_word' id='word_1_179' title='bbox 2747 969 2804 1017; x_wconf 89' lang='grc'>16</span> <span class='ocrx_word' id='word_1_180' title='bbox 2841 968 3204 1030; x_wconf 84' lang='lat' dir='ltr'>confessores,</span> <span class='ocrx_word' id='word_1_181' title='bbox 3244 972 3306 1018; x_wconf 90' lang='lat' dir='ltr'>ut</span> <span class='ocrx_word' id='word_1_182' title='bbox 3350 970 3405 1019; x_wconf 92' lang='lat' dir='ltr'>in</span> <span class='ocrx_word' id='word_1_183' title='bbox 3450 970 3634 1020; x_wconf 88' lang='lat' dir='ltr'>media</span> 
     </span>
    </p>
   </div>
   <div class='ocr_carea' id='block_1_13' title="bbox 272 1036 1715 1105">
    <p class='ocr_par' dir='ltr' id='par_1_13' title="bbox 272 1036 1715 1105">
     <span class='ocr_line' id='line_1_13' title="bbox 272 1036 1715 1105; baseline -0.001 -16"><span class='ocrx_word' id='word_1_184' title='bbox 272 1040 671 1105; x_wconf 85' lang='lat' dir='ltr'>persecutione,</span> <span class='ocrx_word' id='word_1_185' title='bbox 701 1041 771 1087; x_wconf 88' lang='lat' dir='ltr'>ita</span> <span class='ocrx_word' id='word_1_186' title='bbox 808 1038 996 1087; x_wconf 79' lang='lat' dir='ltr'>laudat</span> <span class='ocrx_word' id='word_1_187' title='bbox 1021 1042 1074 1087; x_wconf 90' lang='lat' dir='ltr'>et</span> <span class='ocrx_word' id='word_1_188' title='bbox 1101 1038 1354 1087; x_wconf 87' lang='lat' dir='ltr'>hortatur</span> <span class='ocrx_word' id='word_1_189' title='bbox 1384 1036 1715 1101; x_wconf 83' lang='lat' dir='ltr'>Cyprianus.</span> 
     </span>
    </p>
   </div>
   <div class='ocr_carea' id='block_1_14' title="bbox 324 1109 3637 1172">
    <p class='ocr_par' dir='ltr' id='par_1_14' title="bbox 324 1109 3637 1172">
     <span class='ocr_line' id='line_1_14' title="bbox 324 1109 3637 1172; baseline -0 -12"><span class='ocrx_word' id='word_1_190' title='bbox 324 1116 485 1161; x_wconf 73' lang='lat' dir='ltr'>Anno</span> <span class='ocrx_word' id='word_1_191' title='bbox 512 1110 601 1159; x_wconf 77' lang='lat'>251</span> <span class='ocrx_word' id='word_1_192' title='bbox 636 1110 801 1171; x_wconf 88' lang='lat' dir='ltr'>paulo</span> <span class='ocrx_word' id='word_1_193' title='bbox 837 1114 965 1157; x_wconf 86' lang='lat' dir='ltr'>ante</span> <span class='ocrx_word' id='word_1_194' title='bbox 998 1109 1207 1158; x_wconf 85' lang='lat' dir='ltr'>Pascha</span> <span class='ocrx_word' id='word_1_195' title='bbox 1244 1109 1475 1171; x_wconf 91' lang='lat' dir='ltr'>epistola</span> <span class='ocrx_word' id='word_1_196' title='bbox 1506 1111 1583 1167; x_wconf 86' lang='grc'><strong>11,</strong></span> <span class='ocrx_word' id='word_1_197' title='bbox 1622 1116 1871 1161; x_wconf 87' lang='lat' dir='ltr'>morante</span> <span class='ocrx_word' id='word_1_198' title='bbox 1903 1111 2089 1161; x_wconf 90' lang='lat' dir='ltr'>adhuc</span> <span class='ocrx_word' id='word_1_199' title='bbox 2132 1112 2184 1159; x_wconf 92' lang='lat' dir='ltr'>in</span> <span class='ocrx_word' id='word_1_200' title='bbox 2221 1123 2446 1160; x_wconf 89' lang='lat' dir='ltr'>secessu</span> <span class='ocrx_word' id='word_1_201' title='bbox 2477 1109 2772 1172; x_wconf 88' lang='lat' dir='ltr'>Cypriano.</span> <span class='ocrx_word' id='word_1_202' title='bbox 2802 1111 2921 1160; x_wconf 89' lang='lat' dir='ltr'>Non</span> <span class='ocrx_word' id='word_1_203' title='bbox 2957 1109 3134 1159; x_wconf 87' lang='lat' dir='ltr'>multo</span> <span class='ocrx_word' id='word_1_204' title='bbox 3170 1112 3294 1172; x_wconf 88' lang='lat' dir='ltr'>post</span> <span class='ocrx_word' id='word_1_205' title='bbox 3330 1109 3542 1159; x_wconf 83' lang='lat' dir='ltr'>Pascha</span> <span class='ocrx_word' id='word_1_206' title='bbox 3571 1123 3637 1159; x_wconf 92' lang='lat' dir='ltr'>ac</span> 
     </span>
    </p>
   </div>
   <div class='ocr_carea' id='block_1_15' title="bbox 273 1172 3634 1245">
    <p class='ocr_par' dir='ltr' id='par_1_15' title="bbox 273 1172 3634 1245">
     <span class='ocr_line' id='line_1_15' title="bbox 273 1172 3634 1245; baseline -0 -15"><span class='ocrx_word' id='word_1_207' title='bbox 273 1182 498 1231; x_wconf 88' lang='lat' dir='ltr'>reditum</span> <span class='ocrx_word' id='word_1_208' title='bbox 536 1178 819 1242; x_wconf 88' lang='lat' dir='ltr'>Cypriani,</span> <span class='ocrx_word' id='word_1_209' title='bbox 850 1179 992 1229; x_wconf 91' lang='lat' dir='ltr'>liber</span> <span class='ocrx_word' id='word_1_210' title='bbox 1016 1179 1080 1228; x_wconf 83' lang='lat' dir='ltr'>de</span> <span class='ocrx_word' id='word_1_211' title='bbox 1108 1178 1285 1242; x_wconf 76' lang='lat' dir='ltr'>lapsis.</span> <span class='ocrx_word' id='word_1_212' title='bbox 1327 1179 1495 1228; x_wconf 90' lang='lat' dir='ltr'>Paulo</span> <span class='ocrx_word' id='word_1_213' title='bbox 1535 1184 1658 1242; x_wconf 89' lang='lat' dir='ltr'>post</span> <span class='ocrx_word' id='word_1_214' title='bbox 1696 1180 1937 1231; x_wconf 89' lang='lat' dir='ltr'>reditum</span> <span class='ocrx_word' id='word_1_215' title='bbox 1976 1182 2281 1245; x_wconf 78' lang='lat' dir='ltr'>legatorum</span> <span class='ocrx_word' id='word_1_216' title='bbox 2323 1180 2555 1243; x_wconf 88' lang='lat' dir='ltr'>epistola</span> <span class='ocrx_word' id='word_1_217' title='bbox 2587 1181 2666 1239; x_wconf 88' lang='grc'><strong>61,</strong></span> <span class='ocrx_word' id='word_1_218' title='bbox 2700 1195 2797 1244; x_wconf 89' lang='lat' dir='ltr'>per</span> <span class='ocrx_word' id='word_1_219' title='bbox 2838 1180 3189 1229; x_wconf 88' lang='lat' dir='ltr'>Primitivum</span> <span class='ocrx_word' id='word_1_220' title='bbox 3226 1172 3634 1244; x_wconf 79' lang='lat' dir='ltr'>presbyterum,</span> 
     </span>
    </p>
   </div>
   <div class='ocr_carea' id='block_1_16' title="bbox 273 1250 3638 1315">
    <p class='ocr_par' dir='ltr' id='par_1_16' title="bbox 273 1250 3638 1315">
     <span class='ocr_line' id='line_1_16' title="bbox 273 1250 3638 1315; baseline -0.001 -12"><span class='ocrx_word' id='word_1_221' title='bbox 273 1258 317 1303; x_wconf 87' lang='lat' dir='ltr'>et</span> <span class='ocrx_word' id='word_1_222' title='bbox 352 1257 479 1302; x_wconf 83' lang='lat' dir='ltr'>ante</span> <span class='ocrx_word' id='word_1_223' title='bbox 526 1252 678 1300; x_wconf 89' lang='lat' dir='ltr'>illius</span> <span class='ocrx_word' id='word_1_224' title='bbox 718 1251 952 1299; x_wconf 90' lang='lat' dir='ltr'>reditum</span> <span class='ocrx_word' id='word_1_225' title='bbox 997 1251 1224 1314; x_wconf 90' lang='lat' dir='ltr'>epistola</span> <span class='ocrx_word' id='word_1_226' title='bbox 1270 1251 1349 1305; x_wconf 84' lang='grc'>42,</span> <span class='ocrx_word' id='word_1_227' title='bbox 1392 1264 1520 1299; x_wconf 90' lang='lat' dir='ltr'>cum</span> <span class='ocrx_word' id='word_1_228' title='bbox 1562 1252 1985 1315; x_wconf 83' lang='lat' dir='ltr'>quadragesima</span> <span class='ocrx_word' id='word_1_229' title='bbox 2027 1256 2185 1303; x_wconf 88' lang='lat' dir='ltr'>tertia</span> <span class='ocrx_word' id='word_1_230' title='bbox 2224 1256 2278 1303; x_wconf 89' lang='lat' dir='ltr'>et</span> <span class='ocrx_word' id='word_1_231' title='bbox 2323 1250 2745 1315; x_wconf 88' lang='lat' dir='ltr'>quadragesima</span> <span class='ocrx_word' id='word_1_232' title='bbox 2789 1254 2983 1313; x_wconf 87' lang='lat' dir='ltr'>quarta</span> <span class='ocrx_word' id='word_1_233' title='bbox 3025 1264 3089 1299; x_wconf 88' lang='lat' dir='ltr'>ac</span> <span class='ocrx_word' id='word_1_234' title='bbox 3132 1250 3273 1299; x_wconf 90' lang='lat' dir='ltr'>libro</span> <span class='ocrx_word' id='word_1_235' title='bbox 3320 1250 3383 1299; x_wconf 83' lang='lat' dir='ltr'>de</span> <span class='ocrx_word' id='word_1_236' title='bbox 3432 1251 3638 1299; x_wconf 77' lang='lat' dir='ltr'>Unitate</span> 
     </span>
    </p>
   </div>
   <div class='ocr_carea' id='block_1_17' title="bbox 269 1318 3636 1385">
    <p class='ocr_par' dir='ltr' id='par_1_17' title="bbox 269 1318 3636 1385">
     <span class='ocr_line' id='line_1_17' title="bbox 269 1318 3636 1385; baseline 0 -14"><span class='ocrx_word' id='word_1_237' title='bbox 269 1322 514 1371; x_wconf 69' lang='lat' dir='ltr'>Ecclesiae.</span> <span class='ocrx_word' id='word_1_238' title='bbox 548 1320 761 1371; x_wconf 89' lang='lat' dir='ltr'>Deinde</span> <span class='ocrx_word' id='word_1_239' title='bbox 792 1320 1027 1382; x_wconf 89' lang='lat' dir='ltr'>epistola</span> <span class='ocrx_word' id='word_1_240' title='bbox 1061 1323 1136 1381; x_wconf 79' lang='lat'>45,</span> <span class='ocrx_word' id='word_1_241' title='bbox 1170 1320 1334 1383; x_wconf 90' lang='lat' dir='ltr'>paulo</span> <span class='ocrx_word' id='word_1_242' title='bbox 1358 1326 1483 1383; x_wconf 88' lang='lat' dir='ltr'>post</span> <span class='ocrx_word' id='word_1_243' title='bbox 1517 1320 1756 1371; x_wconf 87' lang='lat' dir='ltr'>reditum</span> <span class='ocrx_word' id='word_1_244' title='bbox 1792 1324 2075 1372; x_wconf 87' lang='lat' dir='ltr'>Primitivi.</span> <span class='ocrx_word' id='word_1_245' title='bbox 2108 1323 2372 1385; x_wconf 72' lang='lat' dir='ltr'>Epistolae</span> <span class='ocrx_word' id='word_1_246' title='bbox 2408 1322 2470 1370; x_wconf 90' lang='lat'>68</span> <span class='ocrx_word' id='word_1_247' title='bbox 2508 1324 2562 1369; x_wconf 89' lang='lat' dir='ltr'>et</span> <span class='ocrx_word' id='word_1_248' title='bbox 2594 1322 2672 1379; x_wconf 86' lang='lat'>46,</span> <span class='ocrx_word' id='word_1_249' title='bbox 2706 1334 2832 1384; x_wconf 77' lang='lat' dir='ltr'>quae</span> <span class='ocrx_word' id='word_1_250' title='bbox 2869 1323 2999 1368; x_wconf 88' lang='lat' dir='ltr'>sunt</span> <span class='ocrx_word' id='word_1_251' title='bbox 3029 1318 3288 1373; x_wconf 83' lang='lat' dir='ltr'>Cornelii.</span> <span class='ocrx_word' id='word_1_252' title='bbox 3316 1326 3369 1370; x_wconf 90' lang='lat' dir='ltr'>et</span> <span class='ocrx_word' id='word_1_253' title='bbox 3402 1320 3482 1379; x_wconf 80' lang='lat'>50,</span> <span class='ocrx_word' id='word_1_254' title='bbox 3511 1334 3636 1383; x_wconf 59' lang='lat' dir='ltr'>quae</span> 
     </span>
    </p>
   </div>
   <div class='ocr_carea' id='block_1_18' title="bbox 270 1390 3631 1457">
    <p class='ocr_par' dir='ltr' id='par_1_18' title="bbox 270 1390 3631 1457">
     <span class='ocr_line' id='line_1_18' title="bbox 270 1390 3631 1457; baseline -0.001 -16"><span class='ocrx_word' id='word_1_255' title='bbox 270 1398 342 1442; x_wconf 87' lang='lat' dir='ltr'>est</span> <span class='ocrx_word' id='word_1_256' title='bbox 380 1392 784 1443; x_wconf 83' lang='lat' dir='ltr'>confessorum.</span> <span class='ocrx_word' id='word_1_257' title='bbox 814 1390 996 1440; x_wconf 63' lang='lat' dir='ltr'>allatae</span> <span class='ocrx_word' id='word_1_258' title='bbox 1036 1406 1132 1454; x_wconf 88' lang='lat' dir='ltr'>per</span> <span class='ocrx_word' id='word_1_259' title='bbox 1169 1392 1564 1454; x_wconf 88' lang='lat' dir='ltr'>Nicephorum,</span> <span class='ocrx_word' id='word_1_260' title='bbox 1602 1395 1697 1457; x_wconf 88' lang='lat' dir='ltr'>qui</span> <span class='ocrx_word' id='word_1_261' title='bbox 1730 1408 1857 1444; x_wconf 89' lang='lat' dir='ltr'>cum</span> <span class='ocrx_word' id='word_1_262' title='bbox 1899 1395 2108 1454; x_wconf 85' lang='lat' dir='ltr'>Mettio,</span> <span class='ocrx_word' id='word_1_263' title='bbox 2143 1399 2205 1443; x_wconf 91' lang='lat' dir='ltr'>ut</span> <span class='ocrx_word' id='word_1_264' title='bbox 2244 1391 2541 1442; x_wconf 89' lang='lat' dir='ltr'>verisimile</span> <span class='ocrx_word' id='word_1_265' title='bbox 2580 1397 2681 1451; x_wconf 88' lang='lat' dir='ltr'>est,</span> <span class='ocrx_word' id='word_1_266' title='bbox 2713 1390 2975 1454; x_wconf 90' lang='lat' dir='ltr'>epistolas</span> <span class='ocrx_word' id='word_1_267' title='bbox 3003 1391 3083 1451; x_wconf 79' lang='lat'>42,</span> <span class='ocrx_word' id='word_1_268' title='bbox 3120 1390 3197 1451; x_wconf 87' lang='lat'>43,</span> <span class='ocrx_word' id='word_1_269' title='bbox 3231 1392 3309 1452; x_wconf 82' lang='lat'>44,</span> <span class='ocrx_word' id='word_1_270' title='bbox 3347 1392 3631 1441; x_wconf 88' lang='lat' dir='ltr'>detulerat.</span> 
     </span>
    </p>
   </div>
   <div class='ocr_carea' id='block_1_19' title="bbox 271 1462 2107 1526">
    <p class='ocr_par' dir='ltr' id='par_1_19' title="bbox 271 1462 2107 1526">
     <span class='ocr_line' id='line_1_19' title="bbox 271 1462 2107 1526; baseline -0.001 -14"><span class='ocrx_word' id='word_1_271' title='bbox 271 1464 360 1513; x_wconf 86' lang='lat' dir='ltr'>His</span> <span class='ocrx_word' id='word_1_272' title='bbox 386 1462 570 1512; x_wconf 87' lang='lat' dir='ltr'>tribus</span> <span class='ocrx_word' id='word_1_273' title='bbox 598 1463 795 1511; x_wconf 89' lang='lat' dir='ltr'>litteris</span> <span class='ocrx_word' id='word_1_274' title='bbox 825 1462 1125 1524; x_wconf 86' lang='lat' dir='ltr'>reSpondet</span> <span class='ocrx_word' id='word_1_275' title='bbox 1159 1462 1471 1524; x_wconf 89' lang='lat' dir='ltr'>Cyprianus</span> <span class='ocrx_word' id='word_1_276' title='bbox 1507 1464 1769 1526; x_wconf 89' lang='lat' dir='ltr'>epistolas</span> <span class='ocrx_word' id='word_1_277' title='bbox 1804 1465 1883 1524; x_wconf 91' lang='lat'>49,</span> <span class='ocrx_word' id='word_1_278' title='bbox 1920 1466 1999 1521; x_wconf 88' lang='lat'>47,</span> <span class='ocrx_word' id='word_1_279' title='bbox 2030 1466 2107 1513; x_wconf 81' lang='lat' dir='ltr'>5L</span> 
     </span>
    </p>
   </div>
   <div class='ocr_carea' id='block_1_20' title="bbox 328 1531 3635 1595">
    <p class='ocr_par' dir='ltr' id='par_1_20' title="bbox 328 1531 3635 1595">
     <span class='ocr_line' id='line_1_20' title="bbox 328 1531 3635 1595; baseline -0.001 -11"><span class='ocrx_word' id='word_1_280' title='bbox 328 1539 488 1584; x_wconf 77' lang='lat' dir='ltr'>Anno</span> <span class='ocrx_word' id='word_1_281' title='bbox 522 1534 615 1583; x_wconf 81' lang='lat'>252</span> <span class='ocrx_word' id='word_1_282' title='bbox 639 1535 888 1594; x_wconf 87' lang='lat' dir='ltr'>ineunte,</span> <span class='ocrx_word' id='word_1_283' title='bbox 917 1532 1145 1595; x_wconf 88' lang='lat' dir='ltr'>epistola</span> <span class='ocrx_word' id='word_1_284' title='bbox 1172 1533 1250 1581; x_wconf 83' lang='lat'>52.</span> <span class='ocrx_word' id='word_1_285' title='bbox 1281 1533 1490 1583; x_wconf 89' lang='lat' dir='ltr'>Eodem</span> <span class='ocrx_word' id='word_1_286' title='bbox 1524 1548 1670 1584; x_wconf 90' lang='lat' dir='ltr'>anno</span> <span class='ocrx_word' id='word_1_287' title='bbox 1697 1536 1836 1586; x_wconf 88' lang='lat' dir='ltr'>liber</span> <span class='ocrx_word' id='word_1_288' title='bbox 1863 1536 1926 1585; x_wconf 84' lang='lat' dir='ltr'>de</span> <span class='ocrx_word' id='word_1_289' title='bbox 1956 1535 2207 1585; x_wconf 75' lang='lat' dir='ltr'>Oratione</span> <span class='ocrx_word' id='word_1_290' title='bbox 2232 1532 2519 1582; x_wconf 83' lang='lat' dir='ltr'>Dominica.</span> <span class='ocrx_word' id='word_1_291' title='bbox 2550 1531 2711 1583; x_wconf 89' lang='lat' dir='ltr'>Circa</span> <span class='ocrx_word' id='word_1_292' title='bbox 2740 1531 2947 1582; x_wconf 84' lang='lat' dir='ltr'>Pascha</span> <span class='ocrx_word' id='word_1_293' title='bbox 2975 1532 3201 1595; x_wconf 90' lang='lat' dir='ltr'>epistola</span> <span class='ocrx_word' id='word_1_294' title='bbox 3230 1532 3309 1581; x_wconf 90' lang='lat'>53.</span> <span class='ocrx_word' id='word_1_295' title='bbox 3342 1533 3467 1581; x_wconf 91' lang='lat' dir='ltr'>Post</span> <span class='ocrx_word' id='word_1_296' title='bbox 3510 1531 3635 1582; x_wconf 89' lang='lat' dir='ltr'>ldus</span> 
     </span>
    </p>
   </div>
   <div class='ocr_carea' id='block_1_21' title="bbox 270 1601 1425 1667">
    <p class='ocr_par' dir='ltr' id='par_1_21' title="bbox 270 1601 1425 1667">
     <span class='ocr_line' id='line_1_21' title="bbox 270 1601 1425 1667; baseline -0.003 -14"><span class='ocrx_word' id='word_1_297' title='bbox 270 1605 383 1653; x_wconf 78' lang='lat' dir='ltr'>Maii</span> <span class='ocrx_word' id='word_1_298' title='bbox 413 1603 656 1667; x_wconf 89' lang='lat' dir='ltr'>epistola</span> <span class='ocrx_word' id='word_1_299' title='bbox 687 1604 768 1662; x_wconf 89' lang='lat'>59,</span> <span class='ocrx_word' id='word_1_300' title='bbox 794 1604 876 1663; x_wconf 84' lang='lat'>64,</span> <span class='ocrx_word' id='word_1_301' title='bbox 904 1601 1103 1652; x_wconf 89' lang='lat' dir='ltr'>deinde</span> <span class='ocrx_word' id='word_1_302' title='bbox 1129 1604 1208 1663; x_wconf 83' lang='lat'>55,</span> <span class='ocrx_word' id='word_1_303' title='bbox 1240 1603 1321 1663; x_wconf 87' lang='lat'>56,</span> <span class='ocrx_word' id='word_1_304' title='bbox 1347 1605 1425 1652; x_wconf 86' lang='lat'>57.</span> 
     </span>
    </p>
   </div>
   <div class='ocr_carea' id='block_1_22' title="bbox 324 1673 1091 1731">
    <p class='ocr_par' dir='ltr' id='par_1_22' title="bbox 324 1673 1091 1731">
     <span class='ocr_line' id='line_1_22' title="bbox 324 1673 1091 1731; baseline -0.003 -8"><span class='ocrx_word' id='word_1_305' title='bbox 324 1677 488 1723; x_wconf 82' lang='lat' dir='ltr'>Anno</span> <span class='ocrx_word' id='word_1_306' title='bbox 515 1675 610 1724; x_wconf 73' lang='lat'>252</span> <span class='ocrx_word' id='word_1_307' title='bbox 635 1677 880 1724; x_wconf 81' lang='lat' dir='ltr'>exeunte</span> <span class='ocrx_word' id='word_1_308' title='bbox 907 1673 988 1731; x_wconf 91' lang='lat'>58,</span> <span class='ocrx_word' id='word_1_309' title='bbox 1015 1674 1091 1721; x_wconf 88' lang='grc'>81.</span> 
     </span>
    </p>
   </div>
   <div class='ocr_carea' id='block_1_23' title="bbox 324 1743 2114 1812">
    <p class='ocr_par' dir='ltr' id='par_1_23' title="bbox 324 1743 2114 1812">
     <span class='ocr_line' id='line_1_23' title="bbox 324 1743 2114 1812; baseline 0.002 -19"><span class='ocrx_word' id='word_1_310' title='bbox 324 1749 486 1793; x_wconf 82' lang='lat' dir='ltr'>Anno</span> <span class='ocrx_word' id='word_1_311' title='bbox 515 1746 608 1794; x_wconf 77' lang='lat'>252</span> <span class='ocrx_word' id='word_1_312' title='bbox 633 1749 729 1793; x_wconf 87' lang='lat' dir='ltr'>aut</span> <span class='ocrx_word' id='word_1_313' title='bbox 756 1744 851 1793; x_wconf 76' lang='lat'>253</span> <span class='ocrx_word' id='word_1_314' title='bbox 881 1743 1021 1793; x_wconf 89' lang='lat' dir='ltr'>liber</span> <span class='ocrx_word' id='word_1_315' title='bbox 1046 1744 1299 1793; x_wconf 80' lang='lat' dir='ltr'>adversus</span> <span class='ocrx_word' id='word_1_316' title='bbox 1323 1745 1737 1810; x_wconf 85' lang='lat' dir='ltr'>Demetrianum,</span> <span class='ocrx_word' id='word_1_317' title='bbox 1765 1754 1818 1799; x_wconf 91' lang='lat' dir='ltr'>et</span> <span class='ocrx_word' id='word_1_318' title='bbox 1846 1750 2005 1812; x_wconf 89' lang='lat' dir='ltr'>epist.</span> <span class='ocrx_word' id='word_1_319' title='bbox 2036 1749 2114 1798; x_wconf 88' lang='lat'>60.</span> 
     </span>
    </p>
   </div>
   <div class='ocr_carea' id='block_1_24' title="bbox 326 1814 2919 1883">
    <p class='ocr_par' dir='ltr' id='par_1_24' title="bbox 326 1814 2919 1883">
     <span class='ocr_line' id='line_1_24' title="bbox 326 1814 2919 1883; baseline -0.001 -19"><span class='ocrx_word' id='word_1_320' title='bbox 326 1818 492 1864; x_wconf 79' lang='lat' dir='ltr'>Anno</span> <span class='ocrx_word' id='word_1_321' title='bbox 521 1817 615 1865; x_wconf 87' lang='lat'>255</span> <span class='ocrx_word' id='word_1_322' title='bbox 645 1820 738 1865; x_wconf 88' lang='lat' dir='ltr'>aut</span> <span class='ocrx_word' id='word_1_323' title='bbox 769 1816 864 1864; x_wconf 82' lang='lat'>254</span> <span class='ocrx_word' id='word_1_324' title='bbox 892 1815 1032 1865; x_wconf 92' lang='lat' dir='ltr'>liber</span> <span class='ocrx_word' id='word_1_325' title='bbox 1060 1814 1121 1865; x_wconf 86' lang='lat' dir='ltr'>de</span> <span class='ocrx_word' id='word_1_326' title='bbox 1146 1814 1499 1877; x_wconf 79' lang='lat' dir='ltr'>Mortalz‘tate;</span> <span class='ocrx_word' id='word_1_327' title='bbox 1528 1831 1633 1868; x_wconf 90' lang='lat' dir='ltr'>nec</span> <span class='ocrx_word' id='word_1_328' title='bbox 1667 1820 1845 1869; x_wconf 90' lang='lat' dir='ltr'>multo</span> <span class='ocrx_word' id='word_1_329' title='bbox 1881 1824 2005 1883; x_wconf 92' lang='lat' dir='ltr'>post</span> <span class='ocrx_word' id='word_1_330' title='bbox 2034 1819 2177 1868; x_wconf 90' lang='lat' dir='ltr'>alius</span> <span class='ocrx_word' id='word_1_331' title='bbox 2211 1817 2279 1866; x_wconf 91' lang='lat' dir='ltr'>de</span> <span class='ocrx_word' id='word_1_332' title='bbox 2311 1816 2473 1879; x_wconf 75' lang='lat' dir='ltr'>Opere</span> <span class='ocrx_word' id='word_1_333' title='bbox 2500 1820 2547 1865; x_wconf 84' lang='lat' dir='ltr'>et</span> <span class='ocrx_word' id='word_1_334' title='bbox 2574 1814 2919 1878; x_wconf 77' lang='lat' dir='ltr'>eteemosyna.</span> 
     </span>
    </p>
   </div>
   <div class='ocr_carea' id='block_1_25' title="bbox 322 1884 3634 1950">
    <p class='ocr_par' dir='ltr' id='par_1_25' title="bbox 322 1884 3634 1950">
     <span class='ocr_line' id='line_1_25' title="bbox 322 1884 3634 1950; baseline 0 -15"><span class='ocrx_word' id='word_1_335' title='bbox 322 1888 487 1935; x_wconf 78' lang='lat' dir='ltr'>Anno</span> <span class='ocrx_word' id='word_1_336' title='bbox 524 1888 619 1937; x_wconf 77' lang='lat'>254</span> <span class='ocrx_word' id='word_1_337' title='bbox 656 1887 811 1950; x_wconf 89' lang='lat' dir='ltr'>epist.</span> <span class='ocrx_word' id='word_1_338' title='bbox 849 1886 927 1935; x_wconf 89' lang='lat'>69.</span> <span class='ocrx_word' id='word_1_339' title='bbox 968 1886 1131 1936; x_wconf 89' lang='lat' dir='ltr'>Forte</span> <span class='ocrx_word' id='word_1_340' title='bbox 1164 1886 1360 1936; x_wconf 85' lang='lat' dir='ltr'>eodem</span> <span class='ocrx_word' id='word_1_341' title='bbox 1396 1900 1563 1949; x_wconf 88' lang='lat' dir='ltr'>anno,</span> <span class='ocrx_word' id='word_1_342' title='bbox 1600 1893 1697 1938; x_wconf 91' lang='lat' dir='ltr'>aut</span> <span class='ocrx_word' id='word_1_343' title='bbox 1737 1889 1934 1940; x_wconf 88' lang='lat' dir='ltr'>saltem</span> <span class='ocrx_word' id='word_1_344' title='bbox 1978 1895 2104 1939; x_wconf 89' lang='lat' dir='ltr'>ante</span> <span class='ocrx_word' id='word_1_345' title='bbox 2145 1889 2549 1937; x_wconf 88' lang='lat' dir='ltr'>dissensionem</span> <span class='ocrx_word' id='word_1_346' title='bbox 2588 1887 2850 1936; x_wconf 82' lang='lat' dir='ltr'>Afrorum</span> <span class='ocrx_word' id='word_1_347' title='bbox 2895 1899 3024 1936; x_wconf 90' lang='lat' dir='ltr'>cum</span> <span class='ocrx_word' id='word_1_348' title='bbox 3071 1884 3351 1949; x_wconf 87' lang='lat' dir='ltr'>Stephano</span> <span class='ocrx_word' id='word_1_349' title='bbox 3386 1886 3634 1949; x_wconf 73' lang='lat' dir='ltr'>epistolaa</span> 
     </span>
    </p>
   </div>
   <div class='ocr_carea' id='block_1_26' title="bbox 266 1957 445 2016">
    <p class='ocr_par' dir='ltr' id='par_1_26' title="bbox 266 1957 445 2016">
     <span class='ocr_line' id='line_1_26' title="bbox 266 1957 445 2016; baseline -0.006 -11"><span class='ocrx_word' id='word_1_350' title='bbox 266 1957 337 2016; x_wconf 83' lang='lat'>67,</span> <span class='ocrx_word' id='word_1_351' title='bbox 364 1958 445 2006; x_wconf 79' lang='lat' dir='ltr'>ss.</span> 
     </span>
    </p>
   </div>
   <div class='ocr_carea' id='block_1_27' title="bbox 322 2028 1785 2092">
    <p class='ocr_par' dir='ltr' id='par_1_27' title="bbox 322 2028 1785 2092">
     <span class='ocr_line' id='line_1_27' title="bbox 322 2028 1785 2092; baseline 0.001 -16"><span class='ocrx_word' id='word_1_352' title='bbox 322 2028 488 2077; x_wconf 73' lang='lat' dir='ltr'>Anno</span> <span class='ocrx_word' id='word_1_353' title='bbox 522 2029 616 2078; x_wconf 83' lang='lat'>255</span> <span class='ocrx_word' id='word_1_354' title='bbox 648 2030 791 2079; x_wconf 87' lang='lat' dir='ltr'>circa</span> <span class='ocrx_word' id='word_1_355' title='bbox 822 2035 1156 2079; x_wconf 88' lang='lat' dir='ltr'>autumnum</span> <span class='ocrx_word' id='word_1_356' title='bbox 1188 2030 1420 2092; x_wconf 88' lang='lat' dir='ltr'>epistola</span> <span class='ocrx_word' id='word_1_357' title='bbox 1451 2030 1530 2085; x_wconf 92' lang='grc'>70,</span> <span class='ocrx_word' id='word_1_358' title='bbox 1563 2034 1682 2081; x_wconf 91' lang='lat' dir='ltr'>tum</span> <span class='ocrx_word' id='word_1_359' title='bbox 1708 2032 1785 2080; x_wconf 92' lang='grc'>71.</span> 
     </span>
    </p>
   </div>
   <div class='ocr_carea' id='block_1_28' title="bbox 323 2096 3639 2164">
    <p class='ocr_par' dir='ltr' id='par_1_28' title="bbox 323 2096 3639 2164">
     <span class='ocr_line' id='line_1_28' title="bbox 323 2096 3639 2164; baseline 0 -17"><span class='ocrx_word' id='word_1_360' title='bbox 323 2103 488 2148; x_wconf 79' lang='lat' dir='ltr'>Anno</span> <span class='ocrx_word' id='word_1_361' title='bbox 530 2100 625 2149; x_wconf 82' lang='lat'>256</span> <span class='ocrx_word' id='word_1_362' title='bbox 670 2101 836 2163; x_wconf 89' lang='lat' dir='ltr'>paulo</span> <span class='ocrx_word' id='word_1_363' title='bbox 871 2104 991 2163; x_wconf 91' lang='lat' dir='ltr'>post</span> <span class='ocrx_word' id='word_1_364' title='bbox 1032 2100 1242 2150; x_wconf 85' lang='lat' dir='ltr'>Pascha</span> <span class='ocrx_word' id='word_1_365' title='bbox 1285 2102 1443 2164; x_wconf 90' lang='lat' dir='ltr'>epist.</span> <span class='ocrx_word' id='word_1_366' title='bbox 1488 2103 1567 2163; x_wconf 83' lang='lat'>72,</span> <span class='ocrx_word' id='word_1_367' title='bbox 1617 2107 1733 2151; x_wconf 92' lang='lat' dir='ltr'>tum</span> <span class='ocrx_word' id='word_1_368' title='bbox 1772 2103 1851 2162; x_wconf 90' lang='lat'>73,</span> <span class='ocrx_word' id='word_1_369' title='bbox 1892 2102 1971 2163; x_wconf 88' lang='grc'>74,</span> <span class='ocrx_word' id='word_1_370' title='bbox 2014 2102 2091 2150; x_wconf 92' lang='grc'><strong>76.</strong></span> <span class='ocrx_word' id='word_1_371' title='bbox 2135 2099 2294 2151; x_wconf 86' lang='lat' dir='ltr'>Circa</span> <span class='ocrx_word' id='word_1_372' title='bbox 2337 2098 2483 2148; x_wconf 89' lang='lat' dir='ltr'>idem</span> <span class='ocrx_word' id='word_1_373' title='bbox 2518 2101 2737 2161; x_wconf 87' lang='lat' dir='ltr'>tempus</span> <span class='ocrx_word' id='word_1_374' title='bbox 2779 2099 2967 2161; x_wconf 89' lang='lat' dir='ltr'>scripti</span> <span class='ocrx_word' id='word_1_375' title='bbox 3002 2096 3127 2147; x_wconf 90' lang='lat' dir='ltr'>libri</span> <span class='ocrx_word' id='word_1_376' title='bbox 3171 2098 3234 2148; x_wconf 77' lang='lat' dir='ltr'>de</span> <span class='ocrx_word' id='word_1_377' title='bbox 3276 2098 3537 2147; x_wconf 78' lang='lat' dir='ltr'>Patientia</span> <span class='ocrx_word' id='word_1_378' title='bbox 3584 2102 3639 2147; x_wconf 91' lang='lat' dir='ltr'>et</span> 
     </span>
    </p>
   </div>
   <div class='ocr_carea' id='block_1_29' title="bbox 266 2169 3639 2236">
    <p class='ocr_par' dir='ltr' id='par_1_29' title="bbox 266 2169 3639 2236">
     <span class='ocr_line' id='line_1_29' title="bbox 266 2169 3639 2236; baseline 0 -18"><span class='ocrx_word' id='word_1_379' title='bbox 266 2171 322 2218; x_wconf 83' lang='lat' dir='ltr'>de</span> <span class='ocrx_word' id='word_1_380' title='bbox 364 2170 485 2219; x_wconf 81' lang='lat' dir='ltr'>Zeto</span> <span class='ocrx_word' id='word_1_381' title='bbox 536 2177 582 2219; x_wconf 86' lang='lat' dir='ltr'>et</span> <span class='ocrx_word' id='word_1_382' title='bbox 634 2173 833 2220; x_wconf 82' lang='lat' dir='ltr'>Livore.</span> <span class='ocrx_word' id='word_1_383' title='bbox 888 2172 1101 2222; x_wconf 86' lang='lat' dir='ltr'>Eodem</span> <span class='ocrx_word' id='word_1_384' title='bbox 1156 2185 1304 2221; x_wconf 90' lang='lat' dir='ltr'>anno</span> <span class='ocrx_word' id='word_1_385' title='bbox 1354 2172 1617 2222; x_wconf 53' lang='lat' dir='ltr'>Kalendis</span> <span class='ocrx_word' id='word_1_386' title='bbox 1676 2174 2018 2236; x_wconf 90' lang='lat' dir='ltr'>Septembris</span> <span class='ocrx_word' id='word_1_387' title='bbox 2080 2172 2379 2223; x_wconf 89' lang='lat' dir='ltr'>concilium</span> <span class='ocrx_word' id='word_1_388' title='bbox 2436 2171 2657 2220; x_wconf 89' lang='lat' dir='ltr'>tertium</span> <span class='ocrx_word' id='word_1_389' title='bbox 2717 2169 3169 2233; x_wconf 86' lang='lat' dir='ltr'>Carthaginense,</span> <span class='ocrx_word' id='word_1_390' title='bbox 3224 2174 3341 2219; x_wconf 92' lang='lat' dir='ltr'>tum</span> <span class='ocrx_word' id='word_1_391' title='bbox 3400 2171 3639 2218; x_wconf 90' lang='lat' dir='ltr'>instante</span> 
     </span>
    </p>
   </div>
   <div class='ocr_carea' id='block_1_30' title="bbox 267 2240 3637 2308">
    <p class='ocr_par' dir='ltr' id='par_1_30' title="bbox 267 2240 3637 2308">
     <span class='ocr_line' id='line_1_30' title="bbox 267 2240 3637 2308; baseline 0 -19"><span class='ocrx_word' id='word_1_392' title='bbox 267 2240 441 2290; x_wconf 87' lang='lat' dir='ltr'>hieme</span> <span class='ocrx_word' id='word_1_393' title='bbox 474 2243 705 2303; x_wconf 89' lang='lat' dir='ltr'>epistola</span> <span class='ocrx_word' id='word_1_394' title='bbox 739 2243 818 2303; x_wconf 80' lang='lat'>75,</span> <span class='ocrx_word' id='word_1_395' title='bbox 851 2242 1157 2291; x_wconf 88' lang='lat' dir='ltr'>Firmiliani</span> <span class='ocrx_word' id='word_1_396' title='bbox 1196 2242 1264 2291; x_wconf 88' lang='lat' dir='ltr'>ad</span> <span class='ocrx_word' id='word_1_397' title='bbox 1301 2241 1663 2307; x_wconf 87' lang='lat' dir='ltr'>Cyprianum,</span> <span class='ocrx_word' id='word_1_398' title='bbox 1699 2246 1931 2308; x_wconf 89' lang='lat' dir='ltr'>epistola</span> <span class='ocrx_word' id='word_1_399' title='bbox 1966 2245 2028 2294; x_wconf 93' lang='lat'>63</span> <span class='ocrx_word' id='word_1_400' title='bbox 2062 2246 2181 2307; x_wconf 72' lang='lat' dir='ltr'>post</span> <span class='ocrx_word' id='word_1_401' title='bbox 2217 2246 2464 2293; x_wconf 84' lang='lat' dir='ltr'>exortam</span> <span class='ocrx_word' id='word_1_402' title='bbox 2503 2240 2570 2289; x_wconf 91' lang='lat' dir='ltr'>de</span> <span class='ocrx_word' id='word_1_403' title='bbox 2602 2240 2876 2303; x_wconf 90' lang='lat' dir='ltr'>baptismo</span> <span class='ocrx_word' id='word_1_404' title='bbox 2916 2242 3368 2301; x_wconf 90' lang='lat' dir='ltr'>controversiam,</span> <span class='ocrx_word' id='word_1_405' title='bbox 3399 2254 3464 2289; x_wconf 87' lang='lat' dir='ltr'>ac</span> <span class='ocrx_word' id='word_1_406' title='bbox 3499 2242 3637 2289; x_wconf 81' lang='lat' dir='ltr'>forte</span> 
     </span>
    </p>
   </div>
   <div class='ocr_carea' id='block_1_31' title="bbox 268 2311 550 2360">
    <p class='ocr_par' dir='ltr' id='par_1_31' title="bbox 268 2311 550 2360">
     <span class='ocr_line' id='line_1_31' title="bbox 268 2311 550 2360; baseline 0.007 -2"><span class='ocrx_word' id='word_1_407' title='bbox 268 2324 402 2359; x_wconf 88' lang='lat' dir='ltr'>anno</span> <span class='ocrx_word' id='word_1_408' title='bbox 438 2311 550 2360; x_wconf 81' lang='lat'>257.</span> 
     </span>
    </p>
   </div>
   <div class='ocr_carea' id='block_1_32' title="bbox 326 2382 3117 2447">
    <p class='ocr_par' dir='ltr' id='par_1_32' title="bbox 326 2382 3117 2447">
     <span class='ocr_line' id='line_1_32' title="bbox 326 2382 3117 2447; baseline 0 -17"><span class='ocrx_word' id='word_1_409' title='bbox 326 2387 484 2431; x_wconf 81' lang='lat' dir='ltr'>Anno</span> <span class='ocrx_word' id='word_1_410' title='bbox 513 2383 608 2431; x_wconf 82' lang='lat'>257</span> <span class='ocrx_word' id='word_1_411' title='bbox 641 2383 780 2433; x_wconf 90' lang='lat' dir='ltr'>liber</span> <span class='ocrx_word' id='word_1_412' title='bbox 812 2383 875 2431; x_wconf 87' lang='lat' dir='ltr'>de</span> <span class='ocrx_word' id='word_1_413' title='bbox 898 2383 1290 2433; x_wconf 71' lang='lat' dir='ltr'>Exhortatione</span> <span class='ocrx_word' id='word_1_414' title='bbox 1312 2385 1581 2447; x_wconf 78' lang='lat' dir='ltr'>martyrii.</span> <span class='ocrx_word' id='word_1_415' title='bbox 1609 2384 1820 2434; x_wconf 89' lang='lat' dir='ltr'>Eodem</span> <span class='ocrx_word' id='word_1_416' title='bbox 1848 2398 1993 2434; x_wconf 91' lang='lat' dir='ltr'>anno</span> <span class='ocrx_word' id='word_1_417' title='bbox 2028 2385 2113 2433; x_wconf 85' lang='lat' dir='ltr'>vel</span> <span class='ocrx_word' id='word_1_418' title='bbox 2144 2398 2288 2434; x_wconf 86' lang='lat' dir='ltr'>anno</span> <span class='ocrx_word' id='word_1_419' title='bbox 2318 2384 2410 2434; x_wconf 78' lang='lat'>258</span> <span class='ocrx_word' id='word_1_420' title='bbox 2440 2383 2687 2447; x_wconf 67' lang='lat' dir='ltr'>epistolaa</span> <span class='ocrx_word' id='word_1_421' title='bbox 2716 2384 2796 2444; x_wconf 90' lang='grc'>77,</span> <span class='ocrx_word' id='word_1_422' title='bbox 2820 2385 2900 2445; x_wconf 91' lang='grc'>78,</span> <span class='ocrx_word' id='word_1_423' title='bbox 2931 2384 3009 2445; x_wconf 88' lang='grc'>79,</span> <span class='ocrx_word' id='word_1_424' title='bbox 3036 2382 3117 2432; x_wconf 86' lang='grc'>80.</span> 
     </span>
    </p>
   </div>
   <div class='ocr_carea' id='block_1_33' title="bbox 322 2454 2605 2519">
    <p class='ocr_par' dir='ltr' id='par_1_33' title="bbox 322 2454 2605 2519">
     <span class='ocr_line' id='line_1_33' title="bbox 322 2454 2605 2519; baseline 0 -18"><span class='ocrx_word' id='word_1_425' title='bbox 322 2457 485 2502; x_wconf 80' lang='lat' dir='ltr'>Anno</span> <span class='ocrx_word' id='word_1_426' title='bbox 518 2456 631 2517; x_wconf 75' lang='lat'>258,</span> <span class='ocrx_word' id='word_1_427' title='bbox 659 2468 852 2505; x_wconf 88' lang='lat' dir='ltr'>mense</span> <span class='ocrx_word' id='word_1_428' title='bbox 879 2456 1134 2518; x_wconf 86' lang='lat' dir='ltr'>Augusto</span> <span class='ocrx_word' id='word_1_429' title='bbox 1162 2455 1395 2517; x_wconf 86' lang='lat' dir='ltr'>epistola</span> <span class='ocrx_word' id='word_1_430' title='bbox 1428 2456 1509 2516; x_wconf 84' lang='lat'>82,</span> <span class='ocrx_word' id='word_1_431' title='bbox 1541 2460 1596 2505; x_wconf 90' lang='lat' dir='ltr'>et</span> <span class='ocrx_word' id='word_1_432' title='bbox 1624 2457 1789 2519; x_wconf 90' lang='lat' dir='ltr'>paulo</span> <span class='ocrx_word' id='word_1_433' title='bbox 1825 2460 1953 2506; x_wconf 88' lang='lat' dir='ltr'>ante</span> <span class='ocrx_word' id='word_1_434' title='bbox 1988 2456 2312 2519; x_wconf 86' lang='lat' dir='ltr'>martyrium</span> <span class='ocrx_word' id='word_1_435' title='bbox 2342 2456 2496 2518; x_wconf 87' lang='lat' dir='ltr'>epist.</span> <span class='ocrx_word' id='word_1_436' title='bbox 2527 2454 2605 2504; x_wconf 90' lang='lat'>83.</span> 
     </span>
    </p>
   </div>
   <div class='ocr_carea' id='block_1_34' title="bbox 2957 2524 3381 2577">
    <p class='ocr_par' dir='ltr' id='par_1_34' title="bbox 2957 2524 3381 2577">
     <span class='ocr_line' id='line_1_34' title="bbox 2957 2524 3381 2577; baseline -0.002 -3"><span class='ocrx_word' id='word_1_437' title='bbox 2957 2524 3023 2574; x_wconf 94' lang='lat' dir='ltr'>D.</span> <span class='ocrx_word' id='word_1_438' title='bbox 3058 2525 3114 2575; x_wconf 93' lang='lat' dir='ltr'>P.</span> <span class='ocrx_word' id='word_1_439' title='bbox 3150 2525 3381 2577; x_wconf 64' lang='grc' dir='ltr'>ΜΑΒΑῃ.</span> 
     </span>
    </p>
   </div>
   <div class='ocr_carea' id='block_1_35' title="bbox 779 2905 3125 3062">
    <p class='ocr_par' dir='ltr' id='par_1_35' title="bbox 779 2905 3125 3062">
     <span class='ocr_line' id='line_1_35' title="bbox 779 2905 3125 3062; baseline -0.003 -1"><span class='ocrx_word' id='word_1_440' title='bbox 779 2912 895 3062; x_wconf 88' lang='lat' dir='ltr'>S.</span> <span class='ocrx_word' id='word_1_441' title='bbox 1001 2910 1607 3062; x_wconf 82' lang='lat' dir='ltr'>THASCII</span> <span class='ocrx_word' id='word_1_442' title='bbox 1712 2910 2308 3062; x_wconf 77' lang='lat' dir='ltr'>C/ECILII</span> <span class='ocrx_word' id='word_1_443' title='bbox 2410 2905 3125 3060; x_wconf 81' lang='lat' dir='ltr'>CYPRIANI</span> 
     </span>
    </p>
   </div>
   <div class='ocr_carea' id='block_1_36' title="bbox 1238 3158 2652 3217">
    <p class='ocr_par' dir='ltr' id='par_1_36' title="bbox 1238 3158 2652 3217">
     <span class='ocr_line' id='line_1_36' title="bbox 1238 3158 2652 3217; baseline -0.004 -2"><span class='ocrx_word' id='word_1_444' title='bbox 1238 3162 1535 3216; x_wconf 86' lang='lat' dir='ltr'>EPISCOPI</span> <span class='ocrx_word' id='word_1_445' title='bbox 1576 3161 2152 3217; x_wconf 75' lang='lat' dir='ltr'>CARTIIAGINENSIS</span> <span class='ocrx_word' id='word_1_446' title='bbox 2192 3160 2273 3214; x_wconf 85' lang='lat' dir='ltr'>ET</span> <span class='ocrx_word' id='word_1_447' title='bbox 2312 3158 2652 3215; x_wconf 74' lang='lat' dir='ltr'>MARTYRIS</span> 
     </span>
    </p>
   </div>
   <div class='ocr_carea' id='block_1_37' title="bbox 886 3315 3010 3467">
    <p class='ocr_par' dir='ltr' id='par_1_37' title="bbox 886 3315 3010 3467">
     <span class='ocr_line' id='line_1_37' title="bbox 886 3315 3010 3467; baseline -0.003 -54"><span class='ocrx_word' id='word_1_448' title='bbox 886 3321 1347 3414; x_wconf 81' lang='lat' dir='ltr'>OPERUM</span> <span class='ocrx_word' id='word_1_449' title='bbox 1400 3324 1692 3415; x_wconf 84' lang='lat' dir='ltr'>PARS</span> <span class='ocrx_word' id='word_1_450' title='bbox 1745 3323 2123 3414; x_wconf 82' lang='lat' dir='ltr'>PRIMA.</span> <span class='ocrx_word' id='word_1_451' title='bbox 2187 3359 2329 3373; x_wconf 86' lang='lat'>---</span> <span class='ocrx_word' id='word_1_452' title='bbox 2382 3315 3010 3411; x_wconf 70' lang='lat' dir='ltr'>EPISTOL/E.</span> 
     </span>
    </p>
   </div>
   <div class='ocr_carea' id='block_1_38' title="bbox 485 3764 1687 3838">
    <p class='ocr_par' dir='ltr' id='par_1_38' title="bbox 485 3764 1687 3838">
     <span class='ocr_line' id='line_1_38' title="bbox 485 3764 1687 3838; baseline 0.002 -19"><span class='ocrx_word' id='word_1_453' title='bbox 485 3764 911 3838; x_wconf 68' lang='lat'>183-192</span> <span class='ocrx_word' id='word_1_454' title='bbox 965 3766 1294 3822; x_wconf 81' lang='lat' dir='ltr'>EPISTOLA</span> <span class='ocrx_word' id='word_1_455' title='bbox 1340 3768 1551 3822; x_wconf 83' lang='lat' dir='ltr'><strong>PRIMA</strong></span> <span class='ocrx_word' id='word_1_456' title='bbox 1594 3768 1687 3837; x_wconf 89' lang='grc'>(1).</span> 
     </span>
    </p>
   </div>
   <div class='ocr_carea' id='block_1_39' title="bbox 276 3904 1907 3969">
    <p class='ocr_par' dir='ltr' id='par_1_39' title="bbox 276 3904 1907 3969">
     <span class='ocr_line' id='line_1_39' title="bbox 276 3904 1907 3969; baseline -0.001 -16"><span class='ocrx_word' id='word_1_457' title='bbox 276 3905 527 3965; x_wconf 63' lang='grc' dir='ltr'>[Εηεωη</span> <span class='ocrx_word' id='word_1_458' title='bbox 558 3904 774 3965; x_wconf 87' lang='lat' dir='ltr'>Pamel.,</span> <span class='ocrx_word' id='word_1_459' title='bbox 794 3920 877 3969; x_wconf 88' lang='lat' dir='ltr'>cp.</span> <span class='ocrx_word' id='word_1_460' title='bbox 911 3917 966 3956; x_wconf 83' lang='lat' dir='ltr'>II.</span> <span class='ocrx_word' id='word_1_461' title='bbox 1000 3905 1184 3968; x_wconf 65' lang='lat' dir='ltr'>Rigal,</span> <span class='ocrx_word' id='word_1_462' title='bbox 1215 3919 1298 3968; x_wconf 89' lang='lat' dir='ltr'>ep.</span> <span class='ocrx_word' id='word_1_463' title='bbox 1330 3907 1558 3965; x_wconf 85' lang='lat' dir='ltr'>IOxon.,</span> <span class='ocrx_word' id='word_1_464' title='bbox 1588 3905 1749 3968; x_wconf 89' lang='lat' dir='ltr'>l.ips.,</span> <span class='ocrx_word' id='word_1_465' title='bbox 1774 3904 1907 3953; x_wconf 90' lang='lat' dir='ltr'>liber</span> 
     </span>
    </p>
   </div>
   <div class='ocr_carea' id='block_1_40' title="bbox 860 3976 1334 4038">
    <p class='ocr_par' dir='ltr' id='par_1_40' title="bbox 860 3976 1334 4038">
     <span class='ocr_line' id='line_1_40' title="bbox 860 3976 1334 4038; baseline 0.002 -14"><span class='ocrx_word' id='word_1_466' title='bbox 860 3976 923 4025; x_wconf 90' lang='lat' dir='ltr'>de</span> <span class='ocrx_word' id='word_1_467' title='bbox 975 3976 1149 4025; x_wconf 80' lang='lat' dir='ltr'>Gratia</span> <span class='ocrx_word' id='word_1_468' title='bbox 1201 3977 1334 4038; x_wconf 89' lang='lat' dir='ltr'>Dei.)</span> 
     </span>
    </p>
   </div>
   <div class='ocr_carea' id='block_1_41' title="bbox 1925 3756 3637 3846">
    <p class='ocr_par' dir='ltr' id='par_1_41' title="bbox 1925 3756 3637 3846">
     <span class='ocr_line' id='line_1_41' title="bbox 1925 3756 3637 3846; baseline -0.008 -25"><span class='ocrx_word' id='word_1_469' title='bbox 1925 3776 1985 3846; x_wconf 79' lang='grc' dir='ltr'><strong>Α</strong></span> <span class='ocrx_word' id='word_1_470' title='bbox 2064 3766 2185 3835; x_wconf 86' lang='lat' dir='ltr'>jam</span> <span class='ocrx_word' id='word_1_471' title='bbox 2207 3767 2491 3835; x_wconf 82' lang='lat' dir='ltr'>promissis</span> <span class='ocrx_word' id='word_1_472' title='bbox 2518 3764 2826 3818; x_wconf 79' lang='lat' dir='ltr'>admonitus</span> <span class='ocrx_word' id='word_1_473' title='bbox 2859 3760 3132 3826; x_wconf 83' lang='lat' dir='ltr'>satisfacit</span> <span class='ocrx_word' id='word_1_474' title='bbox 3158 3801 3170 3825; x_wconf 93' lang='lat'>,</span> <span class='ocrx_word' id='word_1_475' title='bbox 3198 3774 3262 3811; x_wconf 88' lang='lat' dir='ltr'>ac</span> <span class='ocrx_word' id='word_1_476' title='bbox 3290 3756 3483 3811; x_wconf 85' lang='lat' dir='ltr'>multis</span> <span class='ocrx_word' id='word_1_477' title='bbox 3508 3772 3637 3822; x_wconf 85' lang='lat' dir='ltr'>gra-</span> 
     </span>
    </p>
   </div>
   <div class='ocr_carea' id='block_1_42' title="bbox 2080 3850 3639 3928">
    <p class='ocr_par' dir='ltr' id='par_1_42' title="bbox 2080 3850 3639 3928">
     <span class='ocr_line' id='line_1_42' title="bbox 2080 3850 3639 3928; baseline -0.006 -15"><span class='ocrx_word' id='word_1_478' title='bbox 2080 3864 2211 3913; x_wconf 83' lang='lat' dir='ltr'>tiam</span> <span class='ocrx_word' id='word_1_479' title='bbox 2255 3862 2351 3913; x_wconf 81' lang='lat' dir='ltr'>Dei</span> <span class='ocrx_word' id='word_1_480' title='bbox 2388 3874 2489 3928; x_wconf 84' lang='lat' dir='ltr'>per</span> <span class='ocrx_word' id='word_1_481' title='bbox 2534 3858 2863 3927; x_wconf 80' lang='lat' dir='ltr'>baptismum</span> <span class='ocrx_word' id='word_1_482' title='bbox 2917 3855 3173 3909; x_wconf 81' lang='lat' dir='ltr'>collatam</span> <span class='ocrx_word' id='word_1_483' title='bbox 3226 3850 3639 3911; x_wconf 79' lang='lat' dir='ltr'>commendans,</span> 
     </span>
    </p>
   </div>
   <div class='ocr_carea' id='block_1_43' title="bbox 2078 3944 3643 4024">
    <p class='ocr_par' dir='ltr' id='par_1_43' title="bbox 2078 3944 3643 4024">
     <span class='ocr_line' id='line_1_43' title="bbox 2078 3944 3643 4024; baseline -0.006 -17"><span class='ocrx_word' id='word_1_484' title='bbox 2078 3960 2342 4024; x_wconf 85' lang='lat' dir='ltr'>quantum</span> <span class='ocrx_word' id='word_1_485' title='bbox 2369 3956 2441 4007; x_wconf 82' lang='lat' dir='ltr'>sit</span> <span class='ocrx_word' id='word_1_486' title='bbox 2463 3956 2705 4005; x_wconf 80' lang='lat' dir='ltr'>mutatus</span> <span class='ocrx_word' id='word_1_487' title='bbox 2736 3951 2803 4003; x_wconf 87' lang='lat' dir='ltr'>ab</span> <span class='ocrx_word' id='word_1_488' title='bbox 2833 3950 2926 4003; x_wconf 80' lang='lat' dir='ltr'>illo</span> <span class='ocrx_word' id='word_1_489' title='bbox 2945 3950 3237 4015; x_wconf 73' lang='lat' dir='ltr'>significat,</span> <span class='ocrx_word' id='word_1_490' title='bbox 3261 3951 3308 4000; x_wconf 90' lang='lat' dir='ltr'>et</span> <span class='ocrx_word' id='word_1_491' title='bbox 3330 3945 3405 3999; x_wconf 82' lang='lat' dir='ltr'>ad</span> <span class='ocrx_word' id='word_1_492' title='bbox 3430 3944 3643 3998; x_wconf 86' lang='lat' dir='ltr'>oculum</span> 
     </span>
    </p>
   </div>
   <div class='ocr_carea' id='block_1_44' title="bbox 2077 4040 3635 4108">
    <p class='ocr_par' dir='ltr' id='par_1_44' title="bbox 2077 4040 3635 4108">
     <span class='ocr_line' id='line_1_44' title="bbox 2077 4040 3635 4108; baseline -0.006 -7"><span class='ocrx_word' id='word_1_493' title='bbox 2077 4048 2455 4102; x_wconf 75' lang='lat' dir='ltr'>demonstratis</span> <span class='ocrx_word' id='word_1_494' title='bbox 2481 4045 2675 4099; x_wconf 83' lang='lat' dir='ltr'>mundi</span> <span class='ocrx_word' id='word_1_495' title='bbox 2700 4044 2994 4104; x_wconf 80' lang='lat' dir='ltr'>erroribus,</span> <span class='ocrx_word' id='word_1_496' title='bbox 3022 4042 3097 4095; x_wconf 85' lang='lat' dir='ltr'>ad</span> <span class='ocrx_word' id='word_1_497' title='bbox 3122 4045 3481 4108; x_wconf 84' lang='lat' dir='ltr'>contemptum</span> <span class='ocrx_word' id='word_1_498' title='bbox 3502 4040 3635 4108; x_wconf 83' lang='lat' dir='ltr'>ejus,</span> 
     </span>
    </p>
   </div>
   <div class='ocr_carea' id='block_1_45' title="bbox 2077 4133 3637 4208">
    <p class='ocr_par' dir='ltr' id='par_1_45' title="bbox 2077 4133 3637 4208">
     <span class='ocr_line' id='line_1_45' title="bbox 2077 4133 3637 4208; baseline -0.006 -14"><span class='ocrx_word' id='word_1_499' title='bbox 2077 4142 2152 4195; x_wconf 89' lang='lat' dir='ltr'>ad</span> <span class='ocrx_word' id='word_1_500' title='bbox 2178 4141 2456 4195; x_wconf 82' lang='lat' dir='ltr'>assiduam</span> <span class='ocrx_word' id='word_1_501' title='bbox 2485 4140 2714 4208; x_wconf 81' lang='lat' dir='ltr'>denique</span> <span class='ocrx_word' id='word_1_502' title='bbox 2759 4138 3037 4191; x_wconf 84' lang='lat' dir='ltr'>lectionem</span> <span class='ocrx_word' id='word_1_503' title='bbox 3054 4140 3103 4189; x_wconf 87' lang='lat' dir='ltr'>et</span> <span class='ocrx_word' id='word_1_504' title='bbox 3122 4136 3416 4189; x_wconf 81' lang='lat' dir='ltr'>orationem</span> <span class='ocrx_word' id='word_1_505' title='bbox 3437 4133 3637 4186; x_wconf 82' lang='lat' dir='ltr'>adhor-</span> 
     </span>
    </p>
   </div>
   <div class='ocr_carea' id='block_1_46' title="bbox 2082 4240 2255 4289">
    <p class='ocr_par' dir='ltr' id='par_1_46' title="bbox 2082 4240 2255 4289">
     <span class='ocr_line' id='line_1_46' title="bbox 2082 4240 2255 4289; baseline -0.012 0"><span class='ocrx_word' id='word_1_506' title='bbox 2082 4240 2255 4289; x_wconf 85' lang='lat' dir='ltr'>tatur.</span> 
     </span>
    </p>
   </div>
   <div class='ocr_carea' id='block_1_47' title="bbox 2078 4319 3642 4398">
    <p class='ocr_par' dir='ltr' id='par_1_47' title="bbox 2078 4319 3642 4398">
     <span class='ocr_line' id='line_1_47' title="bbox 2078 4319 3642 4398; baseline -0.006 -15"><span class='ocrx_word' id='word_1_507' title='bbox 2078 4331 2119 4383; x_wconf 90' lang='grc' dir='ltr'>Ι.</span> <span class='ocrx_word' id='word_1_508' title='bbox 2151 4328 2401 4383; x_wconf 63' lang='lat' dir='ltr'>Caecilius</span> <span class='ocrx_word' id='word_1_509' title='bbox 2448 4326 2756 4398; x_wconf 83' lang='lat' dir='ltr'>Cyprianus</span> <span class='ocrx_word' id='word_1_510' title='bbox 2794 4325 3013 4378; x_wconf 85' lang='lat' dir='ltr'>Donato</span> <span class='ocrx_word' id='word_1_511' title='bbox 3053 4322 3319 4376; x_wconf 85' lang='lat' dir='ltr'>salutem.</span> <span class='ocrx_word' id='word_1_512' title='bbox 3358 4322 3502 4375; x_wconf 90' lang='lat' dir='ltr'>Bene</span> <span class='ocrx_word' id='word_1_513' title='bbox 3537 4319 3642 4374; x_wconf 87' lang='lat' dir='ltr'>ad-</span> 
     </span>
    </p>
   </div>
   <div class='ocr_carea' id='block_1_48' title="bbox 869 4130 1308 4182">
    <p class='ocr_par' dir='ltr' id='par_1_48' title="bbox 869 4130 1308 4182">
     <span class='ocr_line' id='line_1_48' title="bbox 869 4130 1308 4182; baseline -0.002 0"><span class='ocrx_word' id='word_1_514' title='bbox 869 4143 937 4182; x_wconf 82' lang='lat' dir='ltr'>AD</span> <span class='ocrx_word' id='word_1_515' title='bbox 976 4143 1228 4182; x_wconf 66' lang='lat' dir='ltr'>nonnum</span> <span class='ocrx_word' id='word_1_516' title='bbox 1266 4130 1281 4161; x_wconf 80' lang='grc'>¹</span> <span class='ocrx_word' id='word_1_517' title='bbox 1295 4168 1308 4181; x_wconf 93' lang='grc'><strong>.</strong></span> 
     </span>
    </p>
   </div>
   <div class='ocr_carea' id='block_1_49' title="bbox 269 4239 1903 4309">
    <p class='ocr_par' dir='ltr' id='par_1_49' title="bbox 269 4239 1903 4309">
     <span class='ocr_line' id='line_1_49' title="bbox 269 4239 1903 4309; baseline 0 -18"><span class='ocrx_word' id='word_1_518' title='bbox 269 4255 661 4295; x_wconf 61' lang='grc' dir='ltr'>ηοωιεκτυι.</span> <span class='ocrx_word' id='word_1_519' title='bbox 709 4270 778 4279; x_wconf 92' lang='grc'><strong><em>-</em></strong></span> <span class='ocrx_word' id='word_1_520' title='bbox 820 4242 1144 4295; x_wconf 83' lang='lat' dir='ltr'>Promiserat</span> <span class='ocrx_word' id='word_1_521' title='bbox 1189 4242 1399 4294; x_wconf 84' lang='lat' dir='ltr'>Donato</span> <span class='ocrx_word' id='word_1_522' title='bbox 1444 4239 1753 4309; x_wconf 81' lang='lat' dir='ltr'>Cyprianus</span> <span class='ocrx_word' id='word_1_523' title='bbox 1792 4253 1903 4293; x_wconf 85' lang='lat' dir='ltr'>ser-</span> 
     </span>
    </p>
   </div>
   <div class='ocr_carea' id='block_1_50' title="bbox 336 4333 1902 4399">
    <p class='ocr_par' dir='ltr' id='par_1_50' title="bbox 336 4333 1902 4399">
     <span class='ocr_line' id='line_1_50' title="bbox 336 4333 1902 4399; baseline -0.001 -12"><span class='ocrx_word' id='word_1_524' title='bbox 336 4350 555 4388; x_wconf 81' lang='lat' dir='ltr'>monem</span> <span class='ocrx_word' id='word_1_525' title='bbox 592 4350 644 4389; x_wconf 89' lang='lat' dir='ltr'>se</span> <span class='ocrx_word' id='word_1_526' title='bbox 686 4350 803 4388; x_wconf 88' lang='lat' dir='ltr'>cum</span> <span class='ocrx_word' id='word_1_527' title='bbox 850 4335 944 4388; x_wconf 80' lang='lat' dir='ltr'>illo</span> <span class='ocrx_word' id='word_1_528' title='bbox 991 4334 1302 4388; x_wconf 85' lang='lat' dir='ltr'>habiturum</span> <span class='ocrx_word' id='word_1_529' title='bbox 1342 4335 1408 4388; x_wconf 85' lang='lat' dir='ltr'>de</span> <span class='ocrx_word' id='word_1_530' title='bbox 1449 4334 1605 4387; x_wconf 83' lang='lat' dir='ltr'>rebus</span> <span class='ocrx_word' id='word_1_531' title='bbox 1652 4333 1902 4399; x_wconf 85' lang='lat' dir='ltr'>divinis;</span> 
     </span>
    </p>
   </div>
   <div class='ocr_carea' id='block_1_51' title="bbox 1658 4475 2257 4541">
    <p class='ocr_par' dir='ltr' id='par_1_51' title="bbox 1658 4475 2257 4541">
     <span class='ocr_line' id='line_1_51' title="bbox 1658 4475 2257 4541; baseline -0.008 0"><span class='ocrx_word' id='word_1_532' title='bbox 1658 4478 1867 4541; x_wconf 56' lang='lat' dir='ltr'>Varia).</span> <span class='ocrx_word' id='word_1_533' title='bbox 1920 4475 2257 4540; x_wconf 91' lang='lat' dir='ltr'>lectiones.</span> 
     </span>
    </p>
   </div>
   <div class='ocr_carea' id='block_1_52' title="bbox 334 4600 3645 4678">
    <p class='ocr_par' dir='ltr' id='par_1_52' title="bbox 334 4600 3645 4678">
     <span class='ocr_line' id='line_1_52' title="bbox 334 4600 3645 4678; baseline -0.006 -11"><span class='ocrx_word' id='word_1_534' title='bbox 334 4623 346 4647; x_wconf 86' lang='grc'>¹</span> <span class='ocrx_word' id='word_1_535' title='bbox 375 4619 464 4667; x_wconf 79' lang='lat' dir='ltr'>Ad</span> <span class='ocrx_word' id='word_1_536' title='bbox 492 4618 774 4667; x_wconf 88' lang='lat' dir='ltr'>Donatum</span> <span class='ocrx_word' id='word_1_537' title='bbox 806 4616 876 4667; x_wconf 91' lang='lat' dir='ltr'>de</span> <span class='ocrx_word' id='word_1_538' title='bbox 906 4615 1185 4665; x_wconf 88' lang='lat' dir='ltr'>erroribus</span> <span class='ocrx_word' id='word_1_539' title='bbox 1220 4615 1419 4666; x_wconf 89' lang='lat' dir='ltr'>mundi</span> <span class='ocrx_word' id='word_1_540' title='bbox 1455 4618 1510 4666; x_wconf 91' lang='lat' dir='ltr'>et</span> <span class='ocrx_word' id='word_1_541' title='bbox 1551 4618 1875 4678; x_wconf 87' lang='lat' dir='ltr'>contemptu</span> <span class='ocrx_word' id='word_1_542' title='bbox 1916 4615 2033 4677; x_wconf 88' lang='lat' dir='ltr'>ejus</span> <span class='ocrx_word' id='word_1_543' title='bbox 2078 4611 2252 4662; x_wconf 86' lang='lat' dir='ltr'>Camb.</span> <span class='ocrx_word' id='word_1_544' title='bbox 2301 4613 2436 4661; x_wconf 75' lang='lat' dir='ltr'>Dim.</span> <span class='ocrx_word' id='word_1_545' title='bbox 2491 4610 2619 4658; x_wconf 84' lang='lat' dir='ltr'>Vict.</span> <span class='ocrx_word' id='word_1_546' title='bbox 2662 4608 2743 4658; x_wconf 93' lang='lat' dir='ltr'>De</span> <span class='ocrx_word' id='word_1_547' title='bbox 2786 4605 3080 4669; x_wconf 89' lang='lat' dir='ltr'>disciplina</span> <span class='ocrx_word' id='word_1_548' title='bbox 3122 4604 3189 4654; x_wconf 91' lang='lat' dir='ltr'>ad</span> <span class='ocrx_word' id='word_1_549' title='bbox 3220 4604 3501 4653; x_wconf 89' lang='lat' dir='ltr'>Donatum</span> <span class='ocrx_word' id='word_1_550' title='bbox 3535 4600 3645 4650; x_wconf 71' lang='lat' dir='ltr'>Vos.</span> 
     </span>
    </p>
   </div>
   <div class='ocr_carea' id='block_1_53' title="bbox 270 4688 1141 4749">
    <p class='ocr_par' dir='ltr' id='par_1_53' title="bbox 270 4688 1141 4749">
     <span class='ocr_line' id='line_1_53' title="bbox 270 4688 1141 4749; baseline -0.001 -13"><span class='ocrx_word' id='word_1_551' title='bbox 270 4690 316 4749; x_wconf 89' lang='lat'>4,</span> <span class='ocrx_word' id='word_1_552' title='bbox 344 4689 414 4738; x_wconf 86' lang='lat' dir='ltr'>de</span> <span class='ocrx_word' id='word_1_553' title='bbox 441 4691 638 4741; x_wconf 82' lang='lat' dir='ltr'>Gratia</span> <span class='ocrx_word' id='word_1_554' title='bbox 658 4689 775 4739; x_wconf 86' lang='lat' dir='ltr'>Dei.</span> <span class='ocrx_word' id='word_1_555' title='bbox 805 4690 961 4738; x_wconf 69' lang='lat' dir='ltr'>Oxon.</span> <span class='ocrx_word' id='word_1_556' title='bbox 992 4688 1141 4737; x_wconf 87' lang='lat' dir='ltr'>Gotd.</span> 
     </span>
    </p>
   </div>
   <div class='ocr_carea' id='block_1_54' title="bbox 1578 4765 2336 4849">
    <p class='ocr_par' dir='ltr' id='par_1_54' title="bbox 1578 4765 2336 4849">
     <span class='ocr_line' id='line_1_54' title="bbox 1578 4765 2336 4849; baseline -0.007 -18"><span class='ocrx_word' id='word_1_557' title='bbox 1578 4766 1803 4849; x_wconf 90' lang='lat' dir='ltr'>Steph.</span> <span class='ocrx_word' id='word_1_558' title='bbox 1852 4765 2095 4829; x_wconf 85' lang='lat' dir='ltr'>Baluzii</span> <span class='ocrx_word' id='word_1_559' title='bbox 2138 4771 2336 4827; x_wconf 76' lang='lat' dir='ltr'>notae.</span> 
     </span>
    </p>
   </div>
   <div class='ocr_carea' id='block_1_55' title="bbox 330 4910 3645 5017">
    <p class='ocr_par' dir='ltr' id='par_1_55' title="bbox 330 4910 3645 5017">
     <span class='ocr_line' id='line_1_55' title="bbox 330 4910 3645 5017; baseline -0.005 -40"><span class='ocrx_word' id='word_1_560' title='bbox 330 4930 394 4990; x_wconf 89' lang='grc'>(1)</span> <span class='ocrx_word' id='word_1_561' title='bbox 448 4926 613 4975; x_wconf 82' lang='lat' dir='ltr'>Hanc</span> <span class='ocrx_word' id='word_1_562' title='bbox 634 4926 954 5017; x_wconf 69' lang='lat' dir='ltr'>Lepistolam</span> <span class='ocrx_word' id='word_1_563' title='bbox 1004 4925 1212 4977; x_wconf 87' lang='lat' dir='ltr'>habent</span> <span class='ocrx_word' id='word_1_564' title='bbox 1264 4940 1458 4977; x_wconf 89' lang='lat' dir='ltr'>omnes</span> <span class='ocrx_word' id='word_1_565' title='bbox 1529 4926 1801 4977; x_wconf 89' lang='lat' dir='ltr'>editiones</span> <span class='ocrx_word' id='word_1_566' title='bbox 1857 4929 1987 5017; x_wconf 83' lang='lat' dir='ltr'>etB</span> <span class='ocrx_word' id='word_1_567' title='bbox 2014 4925 2277 4988; x_wconf 87' lang='lat' dir='ltr'>antiquis,</span> <span class='ocrx_word' id='word_1_568' title='bbox 2307 4924 2375 5017; x_wconf 53' lang='lat' dir='ltr'>in</span> <span class='ocrx_word' id='word_1_569' title='bbox 2422 4916 3034 5017; x_wconf 46' lang='lat' dir='ltr'>Veronensi‘nimirum</span> <span class='ocrx_word' id='word_1_570' title='bbox 3081 4910 3645 5017; x_wconf 40' lang='lat' dir='ltr'>omniumnve‘t‘t‘lrslt‘i‘s;</span> 
     </span>
     <span class='ocr_line' id='line_1_56' title="bbox 338 4991 3227 5017; baseline 0 0"><span class='ocrx_word' id='word_1_571' title='bbox 338 5001 529 5017; x_wconf 39' lang='lat' dir='ltr'>-A:___-</span> <span class='ocrx_word' id='word_1_572' title='bbox 592 4998 626 5017; x_wconf 71' lang='grc' dir='ltr'><strong>ιε</strong></span> <span class='ocrx_word' id='word_1_573' title='bbox 677 4999 712 5017; x_wconf 85' lang='lat'>_:</span> <span class='ocrx_word' id='word_1_574' title='bbox 770 5002 980 5017; x_wconf 50' lang='grc' dir='ltr'>...ιιημη-</span> <span class='ocrx_word' id='word_1_575' title='bbox 1052 4998 1166 5017; x_wconf 63' lang='grc' dir='ltr'>ιτ--</span> <span class='ocrx_word' id='word_1_576' title='bbox 1227 5003 1401 5017; x_wconf 54' lang='grc' dir='ltr'>-..ΑΔ-ι</span> <span class='ocrx_word' id='word_1_577' title='bbox 1448 5002 1635 5017; x_wconf 66' lang='grc' dir='ltr'>ι,-,-..</span> <span class='ocrx_word' id='word_1_578' title='bbox 1692 5000 1739 5017; x_wconf 68' lang='grc' dir='ltr'>ι..</span> <span class='ocrx_word' id='word_1_579' title='bbox 1797 5012 1906 5017; x_wconf 63' lang='grc' dir='ltr'>η..-</span> <span class='ocrx_word' id='word_1_580' title='bbox 2016 4997 2152 5017; x_wconf 59' lang='grc' dir='ltr'>..εκηη</span> <span class='ocrx_word' id='word_1_581' title='bbox 2204 4996 2255 5017; x_wconf 72' lang='grc' dir='ltr'>ε..</span> <span class='ocrx_word' id='word_1_582' title='bbox 2352 4992 2671 5017; x_wconf 64' lang='grc' dir='ltr'>ηηςιςηηὲηηη</span> <span class='ocrx_word' id='word_1_583' title='bbox 2717 4991 2843 5017; x_wconf 69' lang='lat' dir='ltr'>iam</span> <span class='ocrx_word' id='word_1_584' title='bbox 2884 5001 2947 5017; x_wconf 75' lang='lat' dir='ltr'><strong>nn</strong></span> <span class='ocrx_word' id='word_1_585' title='bbox 2981 4998 3227 5017; x_wconf 67' lang='lat' dir='ltr'>inn-acim</span> 
     </span>
    </p>
   </div>
   <div class='ocr_carea' id='block_1_56' title="bbox 270 4979 3648 5063">
    <p class='ocr_par' dir='ltr' id='par_1_56' title="bbox 270 4979 3648 5063">
     <span class='ocr_line' id='line_1_57' title="bbox 270 4979 3648 5063; baseline -0.006 -14"><span class='ocrx_word' id='word_1_586' title='bbox 270 4979 533 5063; x_wconf 76' lang='lat' dir='ltr'>plerique</span> <span class='ocrx_word' id='word_1_587' title='bbox 592 4979 715 5047; x_wconf 78' lang='lat' dir='ltr'>libri</span> <span class='ocrx_word' id='word_1_588' title='bbox 770 5002 998 5047; x_wconf 84' lang='lat' dir='ltr'>veteres.</span> <span class='ocrx_word' id='word_1_589' title='bbox 1052 4998 1173 5047; x_wconf 88' lang='lat' dir='ltr'>Non</span> <span class='ocrx_word' id='word_1_590' title='bbox 1222 5003 1405 5049; x_wconf 85' lang='lat' dir='ltr'>exstat</span> <span class='ocrx_word' id='word_1_591' title='bbox 1448 5002 1642 5049; x_wconf 87' lang='lat' dir='ltr'>tamen</span> <span class='ocrx_word' id='word_1_592' title='bbox 1692 5000 1747 5048; x_wconf 91' lang='lat' dir='ltr'>in</span> <span class='ocrx_word' id='word_1_593' title='bbox 1797 5012 1911 5047; x_wconf 90' lang='lat' dir='ltr'>uno</span> <span class='ocrx_word' id='word_1_594' title='bbox 1938 4979 1987 5017; x_wconf 72' lang='grc' dir='ltr'>ι)</span> <span class='ocrx_word' id='word_1_595' title='bbox 2014 4979 2174 5056; x_wconf 64' lang='grc' dir='ltr'>δίαιθ’,</span> <span class='ocrx_word' id='word_1_596' title='bbox 2204 4979 2275 5043; x_wconf 72' lang='grc' dir='ltr'>ἰῐι⁷</span> <span class='ocrx_word' id='word_1_597' title='bbox 2307 4992 2671 5063; x_wconf 81' lang='lat' dir='ltr'>Seguieriano</span> <span class='ocrx_word' id='word_1_598' title='bbox 2717 4991 2845 5063; x_wconf 83' lang='lat' dir='ltr'>item</span> <span class='ocrx_word' id='word_1_599' title='bbox 2884 4985 3287 5063; x_wconf 75' lang='lat' dir='ltr'>antiquissimo,</span> <span class='ocrx_word' id='word_1_600' title='bbox 3326 4983 3380 5063; x_wconf 78' lang='lat' dir='ltr'>in</span> <span class='ocrx_word' id='word_1_601' title='bbox 3422 4979 3648 5063; x_wconf 61' lang='lat' dir='ltr'>duobus</span> 
     </span>
    </p>
   </div>
   <div class='ocr_carea' id='block_1_57' title="bbox 271 5069 1915 5134">
    <p class='ocr_par' dir='ltr' id='par_1_57' title="bbox 271 5069 1915 5134">
     <span class='ocr_line' id='line_1_58' title="bbox 271 5069 1915 5134; baseline 0.002 -17"><span class='ocrx_word' id='word_1_602' title='bbox 271 5070 633 5119; x_wconf 70' lang='lat' dir='ltr'>bibliothecae</span> <span class='ocrx_word' id='word_1_603' title='bbox 682 5069 888 5134; x_wconf 54' lang='lat' dir='ltr'>Regius,</span> <span class='ocrx_word' id='word_1_604' title='bbox 932 5070 989 5118; x_wconf 90' lang='lat' dir='ltr'>in</span> <span class='ocrx_word' id='word_1_605' title='bbox 1046 5084 1159 5119; x_wconf 90' lang='lat' dir='ltr'>uno</span> <span class='ocrx_word' id='word_1_606' title='bbox 1205 5072 1527 5120; x_wconf 88' lang='lat' dir='ltr'>monasterii</span> <span class='ocrx_word' id='word_1_607' title='bbox 1578 5073 1754 5119; x_wconf 90' lang='lat' dir='ltr'>sancti</span> <span class='ocrx_word' id='word_1_608' title='bbox 1809 5071 1915 5120; x_wconf 84' lang='lat' dir='ltr'>Re-</span> 
     </span>
    </p>
   </div>
   <div class='ocr_carea' id='block_1_58' title="bbox 271 5140 1917 5205">
    <p class='ocr_par' dir='ltr' id='par_1_58' title="bbox 271 5140 1917 5205">
     <span class='ocr_line' id='line_1_59' title="bbox 271 5140 1917 5205; baseline 0 -15"><span class='ocrx_word' id='word_1_609' title='bbox 271 5143 444 5205; x_wconf 86' lang='lat' dir='ltr'>migii,</span> <span class='ocrx_word' id='word_1_610' title='bbox 484 5142 798 5201; x_wconf 85' lang='lat' dir='ltr'>Remensis,</span> <span class='ocrx_word' id='word_1_611' title='bbox 837 5142 890 5189; x_wconf 89' lang='lat' dir='ltr'>in</span> <span class='ocrx_word' id='word_1_612' title='bbox 934 5140 1155 5191; x_wconf 90' lang='lat' dir='ltr'>duobus</span> <span class='ocrx_word' id='word_1_613' title='bbox 1185 5143 1503 5192; x_wconf 90' lang='lat' dir='ltr'>monasterii</span> <span class='ocrx_word' id='word_1_614' title='bbox 1537 5141 1917 5204; x_wconf 87' lang='lat' dir='ltr'>Compedien-</span> 
     </span>
    </p>
   </div>
   <div class='ocr_carea' id='block_1_59' title="bbox 273 5211 1916 5275">
    <p class='ocr_par' dir='ltr' id='par_1_59' title="bbox 273 5211 1916 5275">
     <span class='ocr_line' id='line_1_60' title="bbox 273 5211 1916 5275; baseline 0 -14"><span class='ocrx_word' id='word_1_615' title='bbox 273 5216 365 5273; x_wconf 87' lang='lat' dir='ltr'>sis,</span> <span class='ocrx_word' id='word_1_616' title='bbox 410 5216 470 5261; x_wconf 87' lang='lat' dir='ltr'>in</span> <span class='ocrx_word' id='word_1_617' title='bbox 528 5226 592 5261; x_wconf 92' lang='lat' dir='ltr'>eo</span> <span class='ocrx_word' id='word_1_618' title='bbox 636 5225 801 5275; x_wconf 86' lang='lat' dir='ltr'>quem</span> <span class='ocrx_word' id='word_1_619' title='bbox 851 5211 1018 5261; x_wconf 88' lang='lat' dir='ltr'>habui</span> <span class='ocrx_word' id='word_1_620' title='bbox 1069 5226 1136 5261; x_wconf 81' lang='lat' dir='ltr'>ex</span> <span class='ocrx_word' id='word_1_621' title='bbox 1186 5215 1521 5263; x_wconf 88' lang='lat' dir='ltr'>monasterio</span> <span class='ocrx_word' id='word_1_622' title='bbox 1568 5214 1761 5263; x_wconf 89' lang='lat' dir='ltr'>Sancti</span> <span class='ocrx_word' id='word_1_623' title='bbox 1810 5214 1916 5262; x_wconf 86' lang='lat' dir='ltr'>Mi-</span> 
     </span>
    </p>
   </div>
   <div class='ocr_carea' id='block_1_60' title="bbox 274 5283 1916 5347">
    <p class='ocr_par' dir='ltr' id='par_1_60' title="bbox 274 5283 1916 5347">
     <span class='ocr_line' id='line_1_61' title="bbox 274 5283 1916 5347; baseline 0.001 -16"><span class='ocrx_word' id='word_1_624' title='bbox 274 5284 489 5333; x_wconf 87' lang='lat' dir='ltr'>chaelis</span> <span class='ocrx_word' id='word_1_625' title='bbox 544 5285 597 5331; x_wconf 91' lang='lat' dir='ltr'>in</span> <span class='ocrx_word' id='word_1_626' title='bbox 648 5283 894 5346; x_wconf 87' lang='lat' dir='ltr'>periculo</span> <span class='ocrx_word' id='word_1_627' title='bbox 929 5284 1115 5345; x_wconf 87' lang='lat' dir='ltr'>maris,</span> <span class='ocrx_word' id='word_1_628' title='bbox 1165 5298 1349 5347; x_wconf 85' lang='lat' dir='ltr'>neque</span> <span class='ocrx_word' id='word_1_629' title='bbox 1399 5284 1623 5334; x_wconf 88' lang='lat' dir='ltr'>demum</span> <span class='ocrx_word' id='word_1_630' title='bbox 1666 5285 1723 5333; x_wconf 89' lang='lat' dir='ltr'>in</span> <span class='ocrx_word' id='word_1_631' title='bbox 1781 5284 1916 5334; x_wconf 87' lang='lat' dir='ltr'>Cor-</span> 
     </span>
    </p>
   </div>
   <div class='ocr_carea' id='block_1_61' title="bbox 274 5354 1916 5416">
    <p class='ocr_par' dir='ltr' id='par_1_61' title="bbox 274 5354 1916 5416">
     <span class='ocr_line' id='line_1_62' title="bbox 274 5354 1916 5416; baseline 0 -12"><span class='ocrx_word' id='word_1_632' title='bbox 274 5354 508 5405; x_wconf 82' lang='lat' dir='ltr'>beiensi.</span> <span class='ocrx_word' id='word_1_633' title='bbox 542 5354 701 5416; x_wconf 88' lang='lat' dir='ltr'>Quod</span> <span class='ocrx_word' id='word_1_634' title='bbox 732 5355 859 5405; x_wconf 90' lang='lat' dir='ltr'>ideo</span> <span class='ocrx_word' id='word_1_635' title='bbox 889 5355 1267 5404; x_wconf 89' lang='lat' dir='ltr'>annotandum</span> <span class='ocrx_word' id='word_1_636' title='bbox 1314 5368 1434 5405; x_wconf 89' lang='lat' dir='ltr'>esse</span> <span class='ocrx_word' id='word_1_637' title='bbox 1468 5356 1761 5405; x_wconf 87' lang='lat' dir='ltr'>arbitratus</span> <span class='ocrx_word' id='word_1_638' title='bbox 1790 5369 1916 5404; x_wconf 89' lang='lat' dir='ltr'>sum</span> 
     </span>
    </p>
   </div>
   <div class='ocr_carea' id='block_1_62' title="bbox 276 5424 1915 5491">
    <p class='ocr_par' dir='ltr' id='par_1_62' title="bbox 276 5424 1915 5491">
     <span class='ocr_line' id='line_1_63' title="bbox 276 5424 1915 5491; baseline 0.001 -17"><span class='ocrx_word' id='word_1_639' title='bbox 276 5429 403 5489; x_wconf 83' lang='lat' dir='ltr'>quia</span> <span class='ocrx_word' id='word_1_640' title='bbox 478 5427 571 5473; x_wconf 85' lang='lat' dir='ltr'>vir</span> <span class='ocrx_word' id='word_1_641' title='bbox 639 5424 994 5475; x_wconf 84' lang='lat' dir='ltr'>doctissimus</span> <span class='ocrx_word' id='word_1_642' title='bbox 1056 5426 1321 5476; x_wconf 88' lang='lat' dir='ltr'>Nicolaus</span> <span class='ocrx_word' id='word_1_643' title='bbox 1390 5427 1700 5491; x_wconf 87' lang='lat' dir='ltr'>Rigaltius,</span> <span class='ocrx_word' id='word_1_644' title='bbox 1765 5426 1915 5475; x_wconf 90' lang='lat' dir='ltr'>haud</span> 
     </span>
    </p>
   </div>
   <div class='ocr_carea' id='block_1_63' title="bbox 276 5496 1917 5562">
    <p class='ocr_par' dir='ltr' id='par_1_63' title="bbox 276 5496 1917 5562">
     <span class='ocr_line' id='line_1_64' title="bbox 276 5496 1917 5562; baseline 0.001 -18"><span class='ocrx_word' id='word_1_645' title='bbox 276 5496 441 5547; x_wconf 86' lang='lat' dir='ltr'>dubie</span> <span class='ocrx_word' id='word_1_646' title='bbox 502 5497 664 5559; x_wconf 87' lang='lat' dir='ltr'>lapsu</span> <span class='ocrx_word' id='word_1_647' title='bbox 730 5498 1040 5557; x_wconf 61' lang='lat' dir='ltr'>memoriae,</span> <span class='ocrx_word' id='word_1_648' title='bbox 1090 5499 1175 5548; x_wconf 88' lang='lat' dir='ltr'>vel</span> <span class='ocrx_word' id='word_1_649' title='bbox 1233 5512 1330 5562; x_wconf 92' lang='lat' dir='ltr'>per</span> <span class='ocrx_word' id='word_1_650' title='bbox 1377 5499 1816 5561; x_wconf 87' lang='lat' dir='ltr'>incogitantiam,</span> <span class='ocrx_word' id='word_1_651' title='bbox 1862 5499 1917 5546; x_wconf 89' lang='lat' dir='ltr'>in</span> 
     </span>
    </p>
   </div>
   <div class='ocr_carea' id='block_1_64' title="bbox 280 5568 1917 5633">
    <p class='ocr_par' dir='ltr' id='par_1_64' title="bbox 280 5568 1917 5633">
     <span class='ocr_line' id='line_1_65' title="bbox 280 5568 1917 5633; baseline 0.001 -17"><span class='ocrx_word' id='word_1_652' title='bbox 280 5568 765 5617; x_wconf 79' lang='lat' dir='ltr'>observationibus</span> <span class='ocrx_word' id='word_1_653' title='bbox 799 5570 914 5618; x_wconf 87' lang='lat' dir='ltr'>suis</span> <span class='ocrx_word' id='word_1_654' title='bbox 944 5568 1011 5619; x_wconf 90' lang='lat' dir='ltr'>ad</span> <span class='ocrx_word' id='word_1_655' title='bbox 1041 5583 1203 5632; x_wconf 89' lang='lat' dir='ltr'>opera</span> <span class='ocrx_word' id='word_1_656' title='bbox 1239 5571 1417 5619; x_wconf 90' lang='lat' dir='ltr'>sancti</span> <span class='ocrx_word' id='word_1_657' title='bbox 1451 5570 1713 5633; x_wconf 89' lang='lat' dir='ltr'>Cypriani</span> <span class='ocrx_word' id='word_1_658' title='bbox 1754 5570 1917 5618; x_wconf 82' lang='lat' dir='ltr'>refert</span> 
     </span>
    </p>
   </div>
   <div class='ocr_carea' id='block_1_65' title="bbox 280 5640 1918 5703">
    <p class='ocr_par' dir='ltr' id='par_1_65' title="bbox 280 5640 1918 5703">
     <span class='ocr_line' id='line_1_66' title="bbox 280 5640 1918 5703; baseline 0.001 -16"><span class='ocrx_word' id='word_1_659' title='bbox 280 5640 469 5701; x_wconf 86' lang='lat' dir='ltr'>plures</span> <span class='ocrx_word' id='word_1_660' title='bbox 531 5640 707 5688; x_wconf 84' lang='lat' dir='ltr'>varias</span> <span class='ocrx_word' id='word_1_661' title='bbox 764 5641 1034 5690; x_wconf 87' lang='lat' dir='ltr'>lectiones</span> <span class='ocrx_word' id='word_1_662' title='bbox 1092 5642 1252 5689; x_wconf 88' lang='lat' dir='ltr'>istius</span> <span class='ocrx_word' id='word_1_663' title='bbox 1310 5642 1559 5703; x_wconf 70' lang='lat' dir='ltr'>epistolae</span> <span class='ocrx_word' id='word_1_664' title='bbox 1602 5654 1671 5691; x_wconf 83' lang='lat' dir='ltr'>ex</span> <span class='ocrx_word' id='word_1_665' title='bbox 1725 5640 1918 5690; x_wconf 90' lang='lat' dir='ltr'>codice</span> 
     </span>
    </p>
   </div>
   <div class='ocr_carea' id='block_1_66' title="bbox 283 5710 1363 5773">
    <p class='ocr_par' dir='ltr' id='par_1_66' title="bbox 283 5710 1363 5773">
     <span class='ocr_line' id='line_1_67' title="bbox 283 5710 1363 5773; baseline -0.002 -12"><span class='ocrx_word' id='word_1_666' title='bbox 283 5710 631 5771; x_wconf 81' lang='lat' dir='ltr'>Corbeiensi,</span> <span class='ocrx_word' id='word_1_667' title='bbox 658 5713 711 5759; x_wconf 88' lang='lat' dir='ltr'>in</span> <span class='ocrx_word' id='word_1_668' title='bbox 742 5725 853 5773; x_wconf 93' lang='lat' dir='ltr'>quo</span> <span class='ocrx_word' id='word_1_669' title='bbox 878 5725 939 5761; x_wconf 86' lang='lat' dir='ltr'>ea</span> <span class='ocrx_word' id='word_1_670' title='bbox 971 5725 1082 5761; x_wconf 89' lang='lat' dir='ltr'>non</span> <span class='ocrx_word' id='word_1_671' title='bbox 1112 5711 1363 5761; x_wconf 87' lang='lat' dir='ltr'>habetur.</span> 
     </span>
    </p>
   </div>
   <div class='ocr_carea' id='block_1_67' title="bbox 344 5783 1918 5835">
    <p class='ocr_par' dir='ltr' id='par_1_67' title="bbox 344 5783 1918 5835">
     <span class='ocr_line' id='line_1_68' title="bbox 344 5783 1918 5835; baseline -0.003 0"><span class='ocrx_word' id='word_1_672' title='bbox 344 5786 601 5835; x_wconf 74' lang='lat' dir='ltr'>Primum</span> <span class='ocrx_word' id='word_1_673' title='bbox 650 5786 741 5833; x_wconf 88' lang='lat' dir='ltr'>illa</span> <span class='ocrx_word' id='word_1_674' title='bbox 795 5785 977 5834; x_wconf 88' lang='lat' dir='ltr'>locum</span> <span class='ocrx_word' id='word_1_675' title='bbox 1026 5784 1241 5834; x_wconf 89' lang='lat' dir='ltr'>obtinet</span> <span class='ocrx_word' id='word_1_676' title='bbox 1283 5786 1339 5834; x_wconf 91' lang='lat' dir='ltr'>in</span> <span class='ocrx_word' id='word_1_677' title='bbox 1388 5784 1584 5834; x_wconf 89' lang='lat' dir='ltr'>multis</span> <span class='ocrx_word' id='word_1_678' title='bbox 1629 5783 1918 5834; x_wconf 90' lang='lat' dir='ltr'>codicibus</span> 
     </span>
    </p>
   </div>
   <div class='ocr_carea' id='block_1_68' title="bbox 2018 5052 3649 5126">
    <p class='ocr_par' dir='ltr' id='par_1_68' title="bbox 2018 5052 3649 5126">
     <span class='ocr_line' id='line_1_69' title="bbox 2018 5052 3649 5126; baseline -0.009 -11"><span class='ocrx_word' id='word_1_679' title='bbox 2018 5052 2321 5126; x_wconf 83' lang='lat' dir='ltr'>Vaticanis,</span> <span class='ocrx_word' id='word_1_680' title='bbox 2362 5052 2417 5113; x_wconf 70' lang='lat' dir='ltr'>in</span> <span class='ocrx_word' id='word_1_681' title='bbox 2464 5062 2723 5113; x_wconf 89' lang='lat' dir='ltr'>omnibus</span> <span class='ocrx_word' id='word_1_682' title='bbox 2766 5061 2833 5109; x_wconf 91' lang='lat' dir='ltr'>iis</span> <span class='ocrx_word' id='word_1_683' title='bbox 2873 5058 3078 5122; x_wconf 87' lang='lat' dir='ltr'>quibus</span> <span class='ocrx_word' id='word_1_684' title='bbox 3121 5068 3257 5103; x_wconf 89' lang='lat' dir='ltr'>usus</span> <span class='ocrx_word' id='word_1_685' title='bbox 3294 5057 3376 5126; x_wconf 86' lang='lat' dir='ltr'>est</span> <span class='ocrx_word' id='word_1_686' title='bbox 3418 5052 3649 5103; x_wconf 83' lang='lat' dir='ltr'>Guillel-</span> 
     </span>
    </p>
   </div>
   <div class='ocr_carea' id='block_1_69' title="bbox 2017 5125 3649 5195">
    <p class='ocr_par' dir='ltr' id='par_1_69' title="bbox 2017 5125 3649 5195">
     <span class='ocr_line' id='line_1_70' title="bbox 2017 5125 3649 5195; baseline -0.009 -7"><span class='ocrx_word' id='word_1_687' title='bbox 2017 5152 2141 5188; x_wconf 90' lang='lat' dir='ltr'>mus</span> <span class='ocrx_word' id='word_1_688' title='bbox 2191 5137 2490 5195; x_wconf 87' lang='lat' dir='ltr'>Morellius,</span> <span class='ocrx_word' id='word_1_689' title='bbox 2540 5136 2593 5183; x_wconf 91' lang='lat' dir='ltr'>in</span> <span class='ocrx_word' id='word_1_690' title='bbox 2648 5146 2713 5181; x_wconf 90' lang='lat' dir='ltr'>eo</span> <span class='ocrx_word' id='word_1_691' title='bbox 2759 5132 2855 5195; x_wconf 91' lang='lat' dir='ltr'>qui</span> <span class='ocrx_word' id='word_1_692' title='bbox 2898 5130 3003 5178; x_wconf 89' lang='lat' dir='ltr'>fuit</span> <span class='ocrx_word' id='word_1_693' title='bbox 3048 5125 3360 5191; x_wconf 82' lang='lat' dir='ltr'>Raymundi</span> <span class='ocrx_word' id='word_1_694' title='bbox 3407 5126 3649 5187; x_wconf 89' lang='lat' dir='ltr'>episcopi</span> 
     </span>
    </p>
   </div>
   <div class='ocr_carea' id='block_1_70' title="bbox 2018 5196 3651 5269">
    <p class='ocr_par' dir='ltr' id='par_1_70' title="bbox 2018 5196 3651 5269">
     <span class='ocr_line' id='line_1_71' title="bbox 2018 5196 3651 5269; baseline -0.01 -10"><span class='ocrx_word' id='word_1_695' title='bbox 2018 5208 2380 5269; x_wconf 86' lang='lat' dir='ltr'>Acconensis,</span> <span class='ocrx_word' id='word_1_696' title='bbox 2443 5210 2504 5255; x_wconf 93' lang='lat' dir='ltr'>ut</span> <span class='ocrx_word' id='word_1_697' title='bbox 2556 5204 2881 5255; x_wconf 86' lang='lat' dir='ltr'>adnotatum</span> <span class='ocrx_word' id='word_1_698' title='bbox 2938 5200 3116 5263; x_wconf 91' lang='lat' dir='ltr'>reperi</span> <span class='ocrx_word' id='word_1_699' title='bbox 3174 5196 3651 5269; x_wconf 85' lang='lat' dir='ltr'>manuSimonis</span> 
     </span>
    </p>
   </div>
   <div class='ocr_carea' id='block_1_71' title="bbox 2018 5268 3650 5341">
    <p class='ocr_par' dir='ltr' id='par_1_71' title="bbox 2018 5268 3650 5341">
     <span class='ocr_line' id='line_1_72' title="bbox 2018 5268 3650 5341; baseline -0.01 -9"><span class='ocrx_word' id='word_1_700' title='bbox 2018 5281 2311 5340; x_wconf 89' lang='lat' dir='ltr'>Goulartii,</span> <span class='ocrx_word' id='word_1_701' title='bbox 2360 5279 2457 5341; x_wconf 90' lang='lat' dir='ltr'>qui</span> <span class='ocrx_word' id='word_1_702' title='bbox 2512 5290 2577 5327; x_wconf 91' lang='lat' dir='ltr'>eo</span> <span class='ocrx_word' id='word_1_703' title='bbox 2631 5289 2767 5325; x_wconf 90' lang='lat' dir='ltr'>usus</span> <span class='ocrx_word' id='word_1_704' title='bbox 2823 5277 2925 5332; x_wconf 89' lang='lat' dir='ltr'>est,</span> <span class='ocrx_word' id='word_1_705' title='bbox 2970 5277 3023 5321; x_wconf 89' lang='lat' dir='ltr'>et</span> <span class='ocrx_word' id='word_1_706' title='bbox 3076 5273 3129 5319; x_wconf 92' lang='lat' dir='ltr'>in</span> <span class='ocrx_word' id='word_1_707' title='bbox 3185 5268 3383 5332; x_wconf 78' lang='lat' dir='ltr'>viginti</span> <span class='ocrx_word' id='word_1_708' title='bbox 3436 5268 3489 5341; x_wconf 84' lang='lat' dir='ltr'>et</span> <span class='ocrx_word' id='word_1_709' title='bbox 3538 5280 3650 5341; x_wconf 71' lang='lat' dir='ltr'>uno</span> 
     </span>
    </p>
   </div>
   <div class='ocr_carea' id='block_1_72' title="bbox 2018 5337 3651 5415">
    <p class='ocr_par' dir='ltr' id='par_1_72' title="bbox 2018 5337 3651 5415">
     <span class='ocr_line' id='line_1_73' title="bbox 2018 5337 3651 5415; baseline -0.012 -13"><span class='ocrx_word' id='word_1_710' title='bbox 2018 5366 2147 5403; x_wconf 88' lang='lat' dir='ltr'>cum</span> <span class='ocrx_word' id='word_1_711' title='bbox 2179 5337 2395 5415; x_wconf 72' lang='lat' dir='ltr'>quibus</span> <span class='ocrx_word' id='word_1_712' title='bbox 2422 5362 2524 5413; x_wconf 90' lang='lat' dir='ltr'>ego</span> <span class='ocrx_word' id='word_1_713' title='bbox 2569 5347 2781 5397; x_wconf 90' lang='lat' dir='ltr'>contuli</span> <span class='ocrx_word' id='word_1_714' title='bbox 2824 5356 2989 5407; x_wconf 86' lang='lat' dir='ltr'>opera</span> <span class='ocrx_word' id='word_1_715' title='bbox 3037 5341 3181 5415; x_wconf 81' lang='lat' dir='ltr'>beati</span> <span class='ocrx_word' id='word_1_716' title='bbox 3226 5338 3502 5415; x_wconf 81' lang='lat' dir='ltr'>martyris.</span> <span class='ocrx_word' id='word_1_717' title='bbox 3538 5337 3651 5415; x_wconf 76' lang='lat' dir='ltr'>imo</span> 
     </span>
    </p>
   </div>
   <div class='ocr_carea' id='block_1_73' title="bbox 2018 5410 3651 5487">
    <p class='ocr_par' dir='ltr' id='par_1_73' title="bbox 2018 5410 3651 5487">
     <span class='ocr_line' id='line_1_74' title="bbox 2018 5410 3651 5487; baseline -0.012 -14"><span class='ocrx_word' id='word_1_718' title='bbox 2018 5425 2074 5473; x_wconf 87' lang='lat' dir='ltr'>in</span> <span class='ocrx_word' id='word_1_719' title='bbox 2133 5410 2327 5473; x_wconf 76' lang='lat' dir='ltr'>codice</span> <span class='ocrx_word' id='word_1_720' title='bbox 2378 5410 2554 5470; x_wconf 69' lang='lat' dir='ltr'>sancti</span> <span class='ocrx_word' id='word_1_721' title='bbox 2610 5418 2775 5481; x_wconf 88' lang='lat' dir='ltr'>Eligii</span> <span class='ocrx_word' id='word_1_722' title='bbox 2829 5412 3209 5487; x_wconf 73' lang='lat' dir='ltr'>Atrebatensis</span> <span class='ocrx_word' id='word_1_723' title='bbox 3243 5412 3327 5487; x_wconf 83' lang='lat' dir='ltr'>ita</span> <span class='ocrx_word' id='word_1_724' title='bbox 3384 5410 3651 5487; x_wconf 81' lang='lat' dir='ltr'>scriptum</span> 
     </span>
    </p>
   </div>
   <div class='ocr_carea' id='block_1_74' title="bbox 2018 5482 3655 5552">
    <p class='ocr_par' dir='ltr' id='par_1_74' title="bbox 2018 5482 3655 5552">
     <span class='ocr_line' id='line_1_75' title="bbox 2018 5482 3655 5552; baseline -0.012 -6"><span class='ocrx_word' id='word_1_725' title='bbox 2018 5496 2131 5546; x_wconf 88' lang='lat' dir='ltr'>vidi</span> <span class='ocrx_word' id='word_1_726' title='bbox 2167 5496 2221 5543; x_wconf 91' lang='lat' dir='ltr'>in</span> <span class='ocrx_word' id='word_1_727' title='bbox 2283 5494 2437 5545; x_wconf 86' lang='lat' dir='ltr'>calce</span> <span class='ocrx_word' id='word_1_728' title='bbox 2491 5492 2652 5540; x_wconf 87' lang='lat' dir='ltr'>istius</span> <span class='ocrx_word' id='word_1_729' title='bbox 2701 5487 2995 5552; x_wconf 63' lang='lat' dir='ltr'>epistolae:</span> <span class='ocrx_word' id='word_1_730' title='bbox 3044 5482 3272 5546; x_wconf 72' lang='lat' dir='ltr'>Explicit</span> <span class='ocrx_word' id='word_1_731' title='bbox 3327 5482 3500 5543; x_wconf 88' lang='lat' dir='ltr'>prima</span> <span class='ocrx_word' id='word_1_732' title='bbox 3549 5482 3655 5540; x_wconf 80' lang='lat' dir='ltr'>epi-</span> 
     </span>
    </p>
   </div>
   <div class='ocr_carea' id='block_1_75' title="bbox 2017 5567 2169 5618">
    <p class='ocr_par' dir='ltr' id='par_1_75' title="bbox 2017 5567 2169 5618">
     <span class='ocr_line' id='line_1_76' title="bbox 2017 5567 2169 5618; baseline -0.02 0"><span class='ocrx_word' id='word_1_733' title='bbox 2017 5567 2169 5618; x_wconf 79' lang='lat' dir='ltr'>stola.</span> 
     </span>
    </p>
   </div>
   <div class='ocr_carea' id='block_1_76' title="bbox 2082 5621 3655 5697">
    <p class='ocr_par' dir='ltr' id='par_1_76' title="bbox 2082 5621 3655 5697">
     <span class='ocr_line' id='line_1_77' title="bbox 2082 5621 3655 5697; baseline -0.015 -8"><span class='ocrx_word' id='word_1_734' title='bbox 2082 5639 2238 5688; x_wconf 89' lang='lat' dir='ltr'>Illam</span> <span class='ocrx_word' id='word_1_735' title='bbox 2283 5642 2510 5687; x_wconf 88' lang='lat' dir='ltr'>sanctus</span> <span class='ocrx_word' id='word_1_736' title='bbox 2568 5631 2918 5697; x_wconf 79' lang='lat' dir='ltr'>Augustinus</span> <span class='ocrx_word' id='word_1_737' title='bbox 2970 5628 3118 5685; x_wconf 88' lang='lat' dir='ltr'>citat,</span> <span class='ocrx_word' id='word_1_738' title='bbox 3168 5640 3233 5674; x_wconf 84' lang='lat' dir='ltr'>ex</span> <span class='ocrx_word' id='word_1_739' title='bbox 3285 5635 3463 5697; x_wconf 80' lang='lat' dir='ltr'>eaque</span> <span class='ocrx_word' id='word_1_740' title='bbox 3514 5621 3655 5697; x_wconf 61' lang='lat' dir='ltr'>frag»</span> 
     </span>
    </p>
   </div>
   <div class='ocr_carea' id='block_1_77' title="bbox 2019 5694 3659 5769">
    <p class='ocr_par' dir='ltr' id='par_1_77' title="bbox 2019 5694 3659 5769">
     <span class='ocr_line' id='line_1_78' title="bbox 2019 5694 3659 5769; baseline -0.014 -10"><span class='ocrx_word' id='word_1_741' title='bbox 2019 5714 2205 5760; x_wconf 88' lang='lat' dir='ltr'>menta</span> <span class='ocrx_word' id='word_1_742' title='bbox 2259 5710 2427 5760; x_wconf 79' lang='lat' dir='ltr'>refert</span> <span class='ocrx_word' id='word_1_743' title='bbox 2462 5709 2517 5757; x_wconf 92' lang='lat' dir='ltr'>in</span> <span class='ocrx_word' id='word_1_744' title='bbox 2578 5694 2717 5753; x_wconf 75' lang='lat' dir='ltr'>libro</span> <span class='ocrx_word' id='word_1_745' title='bbox 2770 5715 2828 5751; x_wconf 83' lang='lat' dir='ltr'><strong>IV</strong></span> <span class='ocrx_word' id='word_1_746' title='bbox 2887 5700 2950 5752; x_wconf 77' lang='lat' dir='ltr'>de</span> <span class='ocrx_word' id='word_1_747' title='bbox 3019 5698 3268 5769; x_wconf 76' lang='lat' dir='ltr'>Doctrina</span> <span class='ocrx_word' id='word_1_748' title='bbox 3328 5694 3659 5769; x_wconf 49' lang='lat' dir='ltr'>Christiania.</span> 
     </span>
    </p>
   </div>
   <div class='ocr_carea' id='block_1_78' title="bbox 2021 5759 3661 5846">
    <p class='ocr_par' dir='ltr' id='par_1_78' title="bbox 2021 5759 3661 5846">
     <span class='ocr_line' id='line_1_79' title="bbox 2021 5759 3661 5846; baseline -0.018 -13"><span class='ocrx_word' id='word_1_749' title='bbox 2021 5759 2142 5846; x_wconf 87' lang='lat' dir='ltr'>cap.</span> <span class='ocrx_word' id='word_1_750' title='bbox 2176 5782 2252 5845; x_wconf 81' lang='lat' dir='ltr'>H,</span> <span class='ocrx_word' id='word_1_751' title='bbox 2277 5759 2331 5834; x_wconf 88' lang='lat' dir='ltr'>et</span> <span class='ocrx_word' id='word_1_752' title='bbox 2357 5759 2417 5832; x_wconf 86' lang='lat' dir='ltr'>in</span> <span class='ocrx_word' id='word_1_753' title='bbox 2458 5791 2611 5832; x_wconf 87' lang='lat' dir='ltr'>serm.</span> <span class='ocrx_word' id='word_1_754' title='bbox 2654 5774 2769 5836; x_wconf 81' lang='grc'><strong>312,</strong></span> <span class='ocrx_word' id='word_1_755' title='bbox 2788 5775 2851 5826; x_wconf 82' lang='lat' dir='ltr'>in</span> <span class='ocrx_word' id='word_1_756' title='bbox 2887 5782 3042 5825; x_wconf 79' lang='lat' dir='ltr'>nova</span> <span class='ocrx_word' id='word_1_757' title='bbox 3067 5767 3308 5817; x_wconf 83' lang='lat' dir='ltr'>editione</span> <span class='ocrx_word' id='word_1_758' title='bbox 3355 5774 3479 5824; x_wconf 79' lang='lat' dir='ltr'>pag.</span> <span class='ocrx_word' id='word_1_759' title='bbox 3522 5759 3661 5809; x_wconf 70' lang='lat'>1256.</span> 
     </span>
    </p>
   </div>
  </div>
