4160 6216
516 321 617 384 195
1421 321 1477 382 S.
1520 317 1837 383 CYPRIANI
1874 315 2149 383 OPERUM
2192 318 2364 381 PARS
2402 323 2442 378 l.
2484 355 2552 366 —
2590 316 2958 381 EPISTOLAE.
3769 319 3870 376 l96

510 471 711 510 mones
747 453 845 525 (2),
889 451 1080 524 193
1129 452 1344 506 Donate
1387 452 1460 523 (3)
1503 452 1855 507 charissima.
1896 453 2040 507 Nam
2083 454 2218 535 etA
2243 468 2468 522 pronsus
2495 452 2603 505 hoc
2650 454 2873 521 tempus
2912 455 3015 517 est,
3051 465 3182 503 cum
3225 449 3267 517 9,
3305 447 3640 518 indulgente
3667 447 3868 504 vinde-

513 547 838 620 promisisse
882 563 972 600 me
1016 545 1274 613 memini,
1317 550 1374 599 et
1407 546 1677 600 reddendi
1725 545 2126 615 tempestivum
2231 545 2341 600 mia
2371 545 2465 615 (4),
2494 545 2708 598 solutus
2729 544 2953 597 animus
3210 543 3266 596 in
3300 541 3554 612 quietem
3583 541 3874 595 solemnes

1887 681 2097 745 Varia:
2156 683 2490 746 lectiones.

578 831 596 860 ²
625 827 787 889 Quod
810 831 890 875 Ar.
921 827 1021 875 Ben
1069 826 1194 876 Bod.
1222 827 1268 876 3.
1306 826 1430 888 Quo
1458 827 1628 876 Lamb.
1659 826 1749 875 Eb.
1784 828 1892 876 Lin.
1925 827 2031 877 ΝΟ.
2085 829 2126 876 1.
2166 829 2304 891 Spir.
2342 827 2460 875 Thu.
2505 826 2634 873 Voss.
2672 826 2799 873 Vict.
2841 824 2966 886 Quo
3008 823 3236 872 indultis
3272 819 3567 870 vindemiis
3599 819 3880 868 resolutus

526 899 655 946 Voss.
701 900 731 947 4

1825 959 2047 1040 Steph.
2095 958 2341 1021 Baluzii
2384 963 2578 1020 notae.

518 1120 974 1184 Cyprianumque
1034 1121 1274 1184 graviter
1351 1119 1707 1183 reprehendit
1783 1119 1932 1183 quod
2002 1121 2152 1169 illam

517 1204 751 1254 spumeo
803 1191 1100 1241 verborum
1157 1191 1372 1240 ambitu
1435 1192 1743 1250 ornaverit;
1805 1191 1935 1254 quia
1989 1191 2154 1239 nimi-

516 1275 642 1318 rum
675 1261 920 1324 putabat,
952 1265 1012 1310 ut
1055 1261 1267 1324 opinor,
1306 1274 1537 1322 regnum
1565 1262 1686 1322 Dei,
1717 1265 1779 1310 ut
1820 1260 2004 1310 verbis
2032 1265 2157 1309 utar

520 1332 754 1395 Sulpicii
785 1334 839 1381 in
870 1333 1095 1395 prologo
1135 1331 1259 1380 libri
1288 1331 1354 1379 de
1399 1332 1516 1380 Vita
1549 1332 1728 1380 Sancti
1763 1331 2006 1389 Martini,
2043 1345 2154 1380 non

521 1406 577 1453 in
607 1404 929 1466 eloquentia
960 1402 1056 1451 sed
1089 1403 1142 1451 in
1175 1402 1282 1451 ﬁde
1313 1407 1586 1452 constare.
1617 1403 1734 1467 Ego
1766 1417 1893 1452 vero
1939 1416 2153 1452 mecum

521 1487 902 1538 saepenumero
931 1474 1234 1522 admiratus
1263 1487 1384 1522 sum
1423 1474 1572 1523 illam
1607 1473 1905 1538 Augustini
1948 1486 2156 1523 censu-

526 1559 643 1594 ram
668 1547 723 1593 in
755 1544 860 1593 hac
902 1544 1152 1606 epistola,
1187 1557 1313 1606 quae
1345 1549 1457 1593 tota
1495 1543 1564 1594 de
1601 1545 1718 1593 Deo
1759 1547 1841 1592 est
1877 1549 1932 1593 et
1973 1556 2159 1606 repre-

526 1615 724 1665 hensio
759 1628 974 1664 morum
1007 1618 1388 1676 corruptorum
1416 1618 1470 1664 et
1494 1614 1918 1678 depravatorum
1944 1613 2157 1673 saeculi,

521 1685 995 1750 reprehendendis
1047 1686 1372 1747 gravitatem
1425 1689 1477 1734 et
1525 1686 1903 1748 eloquentiam
1950 1697 2157 1734 sermo-

521 1758 628 1817 nis,
658 1760 925 1820 tanquam
970 1756 1014 1803 si
1061 1769 1147 1805 res
1191 1757 1292 1806 Dei
1341 1756 1688 1807 electissimis
1729 1755 1912 1804 verbis
1951 1755 2158 1817 gravis-

2254 1133 2321 1168 ex
2365 1118 2691 1167 Praefatione
2738 1118 2858 1179 ejus
2904 1115 2971 1164 ad
3018 1115 3188 1163 libros
3238 1115 3659 1176 Recognitio-num
3705 1113 3885 1161 sancti

2256 1189 2575 1240 Clementis.
2630 1188 2826 1238 Exstat
2856 1187 2911 1235 in
2942 1186 3230 1237 volumine
3268 1186 3582 1234 Orationum
3613 1185 3682 1233 Μ.
3722 1185 3888 1233 Anto-

2254 1259 2332 1306 nii
2388 1259 2668 1321 Majoragii
2735 1257 2913 1306 oratio
2979 1255 3248 1304 adversus
3313 1268 3408 1303 eos
3474 1255 3567 1317 qui
3624 1252 3884 1303 ornandae

2255 1331 2518 1378 orationis
2549 1327 2794 1377 studium
2841 1330 2894 1377 et
2921 1325 3142 1376 dicendi
3185 1326 3513 1390 elegantiam
3553 1327 3885 1388 vituperant,

2256 1413 2562 1462 eorumque
2611 1400 2929 1462 opinionem
2977 1401 3138 1448 vocat
3187 1397 3460 1447 haeresim.
3511 1397 3714 1446 Paulus
3755 1409 3891 1458 quo-

2258 1485 2368 1534 que
2421 1470 2704 1520 Cortesius
2753 1471 2807 1518 in
2867 1469 3138 1520 Prommio
3185 1468 3308 1517 libri
3356 1469 3444 1517 sui
3488 1469 3888 1518 sententiarum

2258 1542 2490 1591 damnat
2537 1555 2633 1591 eos
2675 1541 2964 1604 theologos
3000 1541 3096 1604 qui
3141 1539 3448 1588 disserendi
3490 1539 3822 1601 elegantiam
3860 1551 3891 1583 a

2259 1612 2531 1675 theologia
2561 1614 2882 1676 seiungunt.
2909 1611 2980 1661 Et
3010 1611 3376 1659 nihilominus
3404 1623 3592 1658 verum
3619 1612 3704 1658 est
3741 1607 3892 1670 quod

2260 1687 2334 1735 ait
2365 1690 2592 1735 sanctus
2637 1685 3013 1749 Hieronymus
3053 1686 3108 1733 in
3147 1683 3376 1747 epistola
3405 1683 3468 1732 de
3501 1682 3638 1732 Filio
3669 1682 3892 1746 prodigo

2261 1757 2330 1806 ad
2387 1771 2586 1820 papam
2639 1758 2962 1816 Damasum,
3009 1757 3064 1804 in
3114 1754 3504 1805 ecclesiasticis
3555 1753 3723 1803 rebus
3777 1766 3892 1801 non

519 1828 792 1890 simisque
821 1828 1118 1876 sententiis
1160 1827 1432 1877 rhetorice
1473 1841 1666 1877 ornare
1710 1829 1791 1875 fas
1833 1840 1944 1875 non
1994 1830 2154 1876 esset.
2179 1824 2235 1894 B
2262 1831 2433 1892 quaeri
2476 1827 2649 1877 verba
2690 1827 2789 1877 sed
2830 1840 3046 1877 sensus.
3084 1827 3164 1875 Ita
3194 1829 3358 1876 etiam
3390 1826 3562 1875 sensit
3591 1825 3894 1874 Faustinus

521 1897 748 1955 Contra,
784 1897 828 1944 si
879 1897 1095 1958 uspiam
1147 1910 1287 1960 opus
1330 1901 1413 1946 est
1456 1899 1793 1961 eloquentia,
1825 1896 1880 1946 id
1927 1911 2052 1947 vero
2101 1899 2155 1945 in

521 1968 734 2032 primis,
777 1980 902 2016 mea
945 1965 1169 2030 quidem
1218 1969 1510 2029 sententia,
1556 1969 1736 2032 palam
1778 1973 1861 2018 est
1909 1968 2157 2018 obtinere

522 2039 725 2089 debere
767 2039 822 2086 in
875 2039 1372 2101 compositionibus
1422 2040 1488 2087 ad
1534 2041 1876 2103 majestatem
1931 2044 1983 2088 et
2033 2039 2156 2102 glo-

521 2111 659 2159 riam
707 2109 913 2157 summi
968 2109 1067 2157 Dei
1117 2109 1563 2172 pertinentibus,
1621 2111 1914 2173 quamvis,
1967 2115 2029 2160 ut
2083 2111 2159 2158 ait
2206 2111 2215 2117 ”

522 2185 748 2232 sanctus
788 2181 1034 2230 Hilarius
1065 2181 1118 2228 in
1160 2180 1299 2230 libro
1338 2194 1374 2230 Il
1423 2181 1484 2230 de
1525 2183 1795 2241 Trinitate,
1823 2183 1889 2231 ad
1929 2197 1994 2233 ea
2033 2196 2158 2246 qua:

520 2253 623 2304 Dei
680 2255 816 2301 sunt
872 2251 1228 2314 exsequenda
1287 2265 1468 2302 sermo
1523 2254 1704 2302 omnis
1765 2254 2018 2303 inﬁrmus
2068 2256 2155 2304 sit.

522 2325 658 2374 Item
715 2325 989 2374 Macarius
1032 2323 1251 2373 Mucius
1301 2324 1355 2372 in
1423 2324 1751 2374 Prmfatione
1807 2325 1875 2375 ad
1937 2339 2158 2376 carmen

522 2410 684 2445 suum
736 2396 805 2446 de
853 2395 1161 2458 Triumpho
1207 2396 1390 2445 crucis
1429 2409 1500 2443 τε
1542 2397 1751 2460 Negare
1793 2411 1902 2445 non
1959 2399 2157 2456 ausim,

524 2468 721 2530 inquit,
775 2480 899 2516 eam
951 2479 1070 2515 esse
1115 2465 1430 2515 divinarum
1477 2479 1661 2515 rerum
1700 2468 1812 2516 vim
1842 2471 2010 2532 atque
2040 2468 2159 2531 dig-

521 2540 768 2597 nitatem,
817 2544 879 2587 ut
917 2537 1073 2587 nullo
1113 2537 1253 2600 stylo
1292 2539 1512 2601 assequi
1556 2538 1849 2600 possimus,
1907 2554 2015 2588 non
2066 2544 2157 2588 ta—

524 2623 651 2658 men
695 2610 766 2658 ita
807 2613 1074 2658 remotam
1115 2621 1336 2668 censeo,
1380 2613 1441 2658 ut
1483 2608 1759 2660 Camaenis
1804 2609 2160 2660 inaccessibi—

524 2681 633 2729 lem
686 2693 823 2729 rear.
873 2697 899 2724 »
956 2680 1112 2738 Nam,
1165 2683 1223 2727 ut
1267 2679 1345 2728 ait
1398 2680 1754 2739 Novatianus,
1807 2681 1861 2728 in
1913 2681 2052 2730 libro
2101 2682 2164 2730 de

529 2754 783 2802 Trinitate
833 2770 849 2801 :
909 2771 939 2799 «
1007 2753 1088 2802 Ad
1149 2753 1499 2815 cogitandam
1556 2759 1611 2802 et
1670 2754 1737 2803 ad
1793 2755 2161 2819 eloquendum

524 2825 625 2874 Dei
673 2827 1042 2887 majestatem,
1080 2827 1133 2873 et
1181 2825 1500 2888 eloquentia
1545 2827 1724 2874 omnis
1767 2828 1963 2875 merito
2008 2831 2164 2874 muta

527 2900 609 2945 est
644 2901 696 2945 et
743 2909 902 2945 mens
943 2895 1144 2958 exigua
1191 2899 1347 2944 est.»
1395 2895 1690 2958 Exemplis
1743 2896 1954 2946 talibus
2003 2897 2163 2958 plena

525 2971 660 3017 sunt
687 2967 887 3016 omnia.
921 2965 1060 3028 Quis
1095 2980 1362 3029 umquam
1401 2966 1752 3030 reprehendit
1790 2968 2162 3030 eloquentiam

523 3039 580 3088 in
637 3042 838 3087 sancto
884 3039 1098 3087 Joanne
1130 3036 1573 3100 Chrysostomo‘?
1615 3039 1710 3100 qui
1753 3038 2022 3087 eruditius
2071 3042 2164 3086 aut

525 3109 748 3158 acutius
787 3109 1123 3172 Apologetico
1169 3108 1542 3158 Tertulliani“?
1573 3110 1689 3171 qui,
1721 3113 1783 3158 ut
1820 3111 1893 3157 ait
1937 3115 2164 3158 sanctus

2261 1901 2556 1962 episcopus
2583 1900 2639 1947 in
2683 1899 3010 1948 Praefatione
3054 1897 3179 1947 libri
3227 1897 3288 1946 de
3325 1897 3470 1955 Fide,
3501 1900 3690 1946 contra
3735 1897 3891 1944 Aria-

2257 1985 2360 2020 nos
2395 1986 2406 2017 :
2439 1986 2469 2017 (ι
2497 1972 2557 2018 In
2595 1983 2782 2030 causa,
2813 1971 3015 2032 inquit,
3043 1967 3172 2018 ﬁdei
3202 1981 3312 2016 non
3346 1980 3665 2017 sermonum
3712 1965 3894 2015 subli-

2258 2043 2420 2090 mitas
2460 2040 2788 2105 requirenda
2829 2044 2926 2099 est,
2977 2039 3200 2102 quando
3252 2039 3368 2101 ipsa
3412 2038 3529 2086 sola
3575 2036 3894 2085 testimonia

2258 2112 2558 2162 sufﬁciunt.
2585 2130 2610 2158 ››

2321 2184 2387 2247 (‘2)
2439 2184 2568 2232 Bene
2617 2183 2888 2232 admones.
2942 2182 3003 2230 In
3047 2181 3188 2231 libro
3237 2180 3479 2229 Fuxensi
3514 2179 3782 2241 scriptum
3811 2179 3898 2226 est

2271 2257 2390 2304 l’ere
2439 2255 2708 2311 admones,
2756 2259 2811 2302 et
2858 2255 2912 2302 in
2949 2255 3222 2316 margine,
3273 2251 3382 2300 Alii
3435 2250 3617 2299 dicunt
3665 2263 3682 2296 :
3729 2249 3892 2296 Bene.

2261 2327 2420 2375 Hanc
2453 2339 2614 2388 porro
2645 2325 2941 2374 lectionem
2968 2336 3089 2373 esse
3125 2323 3431 2380 meliorem,
3462 2324 3661 2384 praeter
3691 2323 3894 2368 aucto-

2261 2398 2476 2445 ritatem
2510 2402 2758 2445 veterum
2805 2395 3227 2458 exemplarium,
3264 2392 3525 2456 probatur
3557 2392 3722 2442 etiam
3754 2404 3894 2440 auc-

2262 2472 2480 2520 toritate
2527 2470 2709 2519 Rufini
2759 2471 2812 2517 in
2866 2469 3093 2532 prologo
3139 2468 3507 2517 Homiliarum
3540 2467 3791 2529 Origenis
3835 2467 3898 2512 in

2261 2544 2538 2598 Numeros,
2583 2540 2729 2604 apud
2779 2541 3084 2590 Henricum
3130 2539 3434 2599 Valesium,
3487 2539 3543 2587 in
3588 2537 3894 2586 adnotatio-

2260 2613 2426 2662 nibus
2479 2613 2548 2661 ad
2611 2614 2909 2660 Historiam
2981 2610 3401 2660 Ecclesiasticam
3465 2609 3691 2658 Eusebii
3745 2615 3895 2671 (pag.

2264 2686 2391 2744 1:29},
2425 2684 2520 2733 ubi
2568 2685 2646 2733 sic
2699 2683 2937 2732 habetur
2977 2699 2987 2730 :
3041 2700 3071 2730 «
3117 2683 3249 2733 Utor
3301 2682 3482 2732 verbis
3538 2681 3656 2737 tibi,
3706 2682 3896 2741 frater,

2263 2755 2408 2804 beati
2442 2758 2715 2818 martyris.
2741 2773 2769 2799 »
2799 2781 2857 2790 -
2886 2774 2911 2798 ‹‹
2943 2755 3093 2804 Bene
3125 2754 3410 2812 admones,
3440 2755 3654 2802 Donate
3681 2752 3899 2802 charis-

2263 2828 2418 2875 sime.
2468 2828 2604 2874 Nam
2649 2831 2703 2875 et
2753 2825 3072 2888 promisisse
3114 2838 3204 2874 me
3253 2825 3498 2874 memini.
3537 2841 3564 2870 »
3613 2824 3682 2873 Et.
3723 2823 3900 2886 paulo

2264 2904 2382 2961 post
2417 2913 2427 2945 :
2462 2915 2489 2942 «
2521 2897 2629 2947 Sed
2679 2896 2976 2947 reddenda:
3022 2897 3407 2960 pollicitationi
3452 2910 3561 2945 non
3602 2896 3900 2957 tempesti-

2265 2983 2417 3025 vum,
2460 2975 2520 3017 ut
2568 2969 2658 3018 ille
2705 2971 2797 3030 ait,
2831 2967 2929 3018 sed
2979 2972 3417 3031 tempestuosum
3464 2967 3624 3016 nobis
3673 2971 3900 3030 tempus

2266 3057 2331 3092 ac
2377 3043 2658 3092 turbidum
2702 3045 2820 3092 fuit.
2854 3058 2882 3090 »
2923 3043 3007 3092 Ex
3051 3043 3138 3093 his
3183 3044 3398 3092 interim
3441 3042 3586 3092 beati
3627 3041 3899 3105 Cypriani

2265 3117 2447 3166 verbis
2500 3118 2685 3181 colligi
2730 3131 2892 3180 posse
2936 3116 3155 3166 videtur
3202 3117 3358 3165 illum
3409 3117 3462 3163 in
3509 3115 3614 3164 hac
3657 3115 3900 3178 epistola

524 3180 902 3260 Hieronymus
953 3181 1007 3227 in
1041 3179 1292 3260 lepistola
1335 3179 1402 3260 ad
1451 3181 1708 3260 Magnum.
1745 3178 2010 3260 adversus
2057 3181 2593 3260 JO-CreSpondere
2638 3178 2693 3238 ei
2731 3178 2852 3252 qua
2900 3190 3150 3238 Donatus
3209 3202 3336 3238 eum
3394 3186 3754 3236 admonuerat
3808 3187 3900 3234 uti

525 3253 832 3310 vinianum,
889 3252 1148 3300 cunctam
1211 3251 1405 3299 saeculi
1468 3251 1715 3299 continet
1765 3250 2156 3314 disciplinam:

527 3321 661 3385 quid
725 3322 1036 3383 elegantius
1095 3321 1308 3369 Octavio
1381 3321 1610 3370 Minucii
1667 3321 1906 3370 Felicis?
1973 3322 2162 3385 Neque

525 3393 766 3443 Arnobio
828 3406 926 3441 sua
1003 3391 1177 3441 defuit
1251 3392 1590 3454 eloquentia.
1647 3393 1918 3442 Lactantii
1993 3394 2162 3444 libros

525 3465 829 3513 divinarum
886 3464 1284 3512 lnstitutionum
1348 3476 1542 3513 omnes
1608 3466 1965 3513 consentiunt
2021 3465 2160 3514 Tul-

528 3537 733 3586 lianam
784 3536 1160 3599 eloquentiam
1209 3534 1470 3585 redolere.
1524 3535 1699 3584 Etiam
1748 3536 2164 3587 lucubrationes

527 3609 708 3659 sancti
767 3607 1113 3669 Hieronymi,
1165 3607 1266 3655 etsi
1321 3608 1367 3655 is
1412 3607 1468 3656 in
1522 3607 1750 3669 epistola
1801 3607 1868 3656 ad
1917 3609 2164 3656 Pamma-

532 3683 704 3732 chium
771 3680 979 3730 scribat
1035 3680 1494 3729 dissimulandum
1551 3686 1606 3730 et
1661 3681 1977 3744 fugiendam
2041 3695 2163 3732 esse

527 3752 733 3816 eloquii
792 3755 1147 3800 venustatem
1219 3752 1274 3800 in
1347 3752 1798 3814 interpretatione
1875 3752 2164 3802 ecclesias-

527 3826 656 3885 tica,
716 3835 883 3887 quam
942 3824 1058 3885 ipse
1117 3823 1310 3872 vitavit
1367 3823 1419 3870 in
1484 3823 1936 3886 interpretatione
1987 3823 2160 3873 libro-

527 3910 650 3945 rum
712 3906 887 3945 sacrae
950 3893 1266 3955 Scripturas,
1328 3892 1616 3944 rhetoricas
1675 3898 1854 3944 tamen
1916 3894 2163 3944 ﬂosculis

527 3967 736 4030 ubique
791 3965 1079 4015 abundant
1132 3969 1184 4014 et
1231 3963 1520 4013 ambitiosa
1569 3965 1897 4029 eloquentia
1947 3970 1996 4015 et
2039 3966 2163 4016 illo-

530 4053 650 4087 rum
711 4038 806 4102 qui
867 4035 973 4086 hoc
1027 4035 1308 4086 scribendi
1351 4049 1550 4099 genere
1602 4040 1831 4086 utuntur
1879 4035 2162 4086 defensio-

529 4123 656 4159 nem
720 4109 968 4171 suscepit
1021 4109 1076 4156 in
1123 4107 1315 4157 eadem
1374 4108 1602 4171 epistola
1651 4107 1718 4156 ad
1766 4109 2033 4172 Magnum.
2080 4109 2163 4158 Ex

530 4193 642 4244 quo
672 4180 988 4229 necessario
1037 4180 1399 4242 consequitur
1437 4178 1852 4241 reprehensioni
1893 4179 2164 4229 obnoxios

526 4265 647 4302 esse
699 4255 954 4301 auctores
1000 4251 1411 4300 ecclesiasticos
1456 4250 1697 4300 melioris
1741 4255 1909 4311 notae,
1941 4252 1986 4299 si
2030 4264 2161 4300 cen-

526 4337 655 4372 sura
687 4336 716 4371 a
748 4326 942 4371 sancto
972 4321 1284 4383 Augustino
1316 4321 1420 4369 lata
1448 4321 1715 4370 adversus
1746 4320 1889 4370 hanc
1934 4320 2161 4385 Cypria-

525 4395 580 4442 ni
618 4394 905 4456 epistolam
950 4395 1100 4454 justa
1139 4396 1223 4440 est
1271 4405 1335 4440 ac
1377 4391 1644 4455 legitima.
1691 4392 1876 4454 Quare
1921 4393 2162 4456 amplec-

524 4463 689 4514 tenda
718 4463 944 4513 omnino
974 4462 1112 4511 mihi
1165 4461 1382 4512 videtur
1429 4462 1699 4512 Lactantii
1751 4467 2023 4512 sententia
2069 4463 2165 4527 qui

525 4535 643 4597 (lib.
693 4548 900 4598 v,.cap.
955 4534 1002 4596 1)
1033 4535 1106 4583 ait
1145 4535 1435 4582 scientiam
1479 4534 1789 4583 litterarum
1834 4549 1947 4584 non
1997 4535 2163 4586 modo

2261 3261 2544 3323 promissis
2573 3273 2638 3310 ac
2672 3264 2890 3324 recepto
2935 3274 3036 3308 suo
3077 3259 3436 3308 satisfaceret.
3486 3259 3606 3306 Non
3639 3258 3768 3307 inde
3807 3262 3899 3306 ta-

2265 3348 2390 3383 men
2423 3334 2607 3397 colligi
2647 3335 2812 3384 debet
2840 3334 3158 3397 epistolium
3191 3333 3340 3397 quod
3374 3333 3648 3381 Painelius
3678 3332 3902 3380 invenit

2265 3411 2320 3458 in
2365 3408 2559 3459 codice
2607 3408 3062 3468 Camberonensi,
3106 3409 3368 3472 quodque
3419 3420 3520 3456 nos
3577 3407 3904 3455 invenimus

2263 3485 2426 3532 etiam
2477 3484 2532 3531 in
2559 3485 2729 3532 veteri
2756 3482 2895 3530 libro
2927 3483 3022 3545 qui
3054 3483 3156 3530 fuit
3185 3481 3462 3530 Fraucisci
3495 3478 3716 3538 Pithmi,
3740 3477 3903 3540 inde,

2267 3556 2515 3618 inquam,
2549 3555 2735 3618 colligi
2763 3567 2871 3602 non
2905 3552 3067 3601 debet
3096 3553 3413 3616 epistolium
3449 3549 3601 3608 illud,
3632 3551 3687 3598 in
3735 3552 3908 3614 cujus

2263 3627 2441 3674 fronte
2492 3627 2734 3688 positum
2788 3629 2870 3674 est
2917 3637 3119 3674 nomen
3171 3624 3372 3673 Donati
3427 3621 3495 3671 ad
3549 3621 3905 3684 Cyprianum

2262 3697 2570 3756 scribentis,
2618 3711 2738 3746 esse
2795 3697 3229 3745 admonitionem
3285 3708 3394 3758 qua
3445 3700 3725 3757 permotus
3781 3693 3907 3756 Cy-

2262 3770 2490 3830 prianus
2518 3768 2661 3816 hanc
2706 3767 2993 3830 epistolam
3043 3767 3113 3814 ad
3157 3779 3285 3816 eum
3315 3765 3484 3814 dedit.
3520 3765 3638 3814 Non
3671 3764 3905 3814 dubita-

2262 3839 2357 3888 bat
2405 3839 2681 3888 l’amelius
2729 3840 2863 3901 quin
2916 3839 3197 3900 legitimus
3244 3838 3442 3886 Donati
3502 3837 3670 3886 fastus
3712 3842 3904 3897 esset,

2262 3924 2496 3974 eamque
2522 3914 2856 3960 sententiam
2887 3909 3046 3959 facile
3069 3909 3358 3971 amplexus
3382 3911 3466 3957 est.
3491 3907 3906 3958 illustrissimus

2263 3982 2556 4032 cardinalis
2612 3983 2884 4031 Baronius
2921 3983 2973 4029 in
3021 3979 3318 4030 Annalibus
3361 3979 3736 4029 ecclesiasticis.
3785 3981 3906 4029 Alii

2263 4054 2403 4103 illud
2453 4060 2515 4102 ut
2560 4055 2810 4116 spurium
2857 4054 3185 4115 rejecerunt,
3220 4066 3456 4114 quorum
3503 4065 3604 4115 ego
3646 4052 3904 4115 opinioni

2263 4125 2518 4174 lubenter
2559 4124 2780 4175 accedo.
2819 4124 2889 4174 Et
2933 4129 3115 4174 tamen
3163 4124 3398 4173 arbitror
3429 4124 3573 4182 istic,
3602 4125 3682 4172 uti
3715 4124 3905 4173 fecere

2263 4196 2536 4259 Rigaltius
2566 4201 2619 4245 ct
2662 4197 2956 4258 episcopus
3001 4195 3355 4256 Oxoniensis,
3384 4207 3505 4244 esse
3553 4194 3902 4258 ponendum,

2263 4281 2332 4317 ne
2362 4281 2528 4331 quam
2560 4267 2693 4315 mihi
2724 4267 3120 4331 negligentiam
3149 4266 3402 4315 curiosus
3424 4266 3596 4314 lector
3622 4266 3906 4328 imputare

2265 4341 2448 4402 possit.
2486 4338 2579 4388 Sic
2607 4353 2734 4401 ergo
2763 4337 2931 4388 habet
2963 4353 2972 4386 :

2328 4420 2353 4446 «
2393 4402 2642 4450 Donatus
2673 4399 2964 4463 “Cypriauo
3003 4416 3013 4447 2
3060 4399 3239 4451 Credo
3276 4405 3328 4450 te
3375 4401 3630 4458 retinere,
3660 4401 3903 4450 sanctis-

2263 4473 2402 4522 sime
2431 4473 2728 4535 Cypriane,
2755 4485 2880 4535 quaa
2907 4472 3070 4522 nobis
3110 4473 3276 4521 fuerit
3319 4471 3465 4535 apud
3496 4474 3739 4520 oratores
3771 4485 3909 4535 gar-

2264 4545 2478 4605 rulitas,
2510 4558 2658 4593 unus
2688 4557 2903 4604 sensus,
2932 4558 3043 4593 una
3088 4544 3368 4606 cogitatio,
3392 4542 3678 4592 individua
3724 4542 3906 4593 dilec—

525 4609 666 4658 nihil
707 4621 908 4659 nocere
955 4608 1207 4670 religioni
1247 4611 1412 4671 atque
1436 4609 1680 4671 justitiaa,
1709 4608 1806 4658 sed
1833 4609 1996 4658 etiam
2029 4624 2158 4672 pro-
2185 4608 2242 4678 D
2267 4618 2356 4665 tio.
2393 4616 2577 4677 Quare
2616 4629 2726 4664 non
2755 4619 2807 4666 et
2839 4618 2891 4663 in
2929 4615 3113 4663 divina
3144 4615 3383 4664 lectione
3414 4615 3484 4662 ita
3516 4615 3714 4663 animis
3741 4614 3912 4664 robo-

527 4680 688 4729 desse
743 4679 1217 4744 quamplurimum
1271 4681 1316 4727 si
1376 4681 1422 4728 is
1470 4681 1564 4742 qui
1621 4693 1714 4730 eas
1769 4680 2046 4740 didicerit,
2097 4683 2166 4729 sit

525 4752 827 4800 virtutibus
877 4752 1200 4801 instructior
1234 4755 1290 4799 et
1342 4752 1566 4800 veritate
1623 4753 1936 4814 sapientior.
1983 4752 2162 4801 Etiam

524 4825 572 4872 is
622 4824 714 4887 qui
774 4837 921 4872 anno
983 4823 1102 4873 1483
1163 4824 1476 4885 procuravit
1541 4822 1837 4872 editionem
1896 4823 2162 4872 Venetam

525 4908 754 4957 operum
805 4895 985 4944 sancti
1033 4895 1293 4958 Cypriani
1344 4895 1416 4944 ita
1466 4894 1712 4964 loquitur
1751 4895 1802 4942 in
1839 4895 2163 4944 Prmfatione

525 4978 668 5014 sua:
719 4985 745 5010 «
777 4966 956 5029 Equo
1010 4966 1158 5015 enim
1206 4965 1337 5013 satis
1386 4966 1572 5015 animo
1621 4965 1759 5016 ferre
1807 4980 2163 5030 nequaquam

527 5047 755 5098 possum
795 5036 1172 5085 recentiorum
1217 5035 1586 5097 quorumdam
1633 5050 1832 5085 novam
1886 5036 2162 5099 haeresim,

527 5107 623 5168 qui
659 5106 877 5155 nullum
911 5107 1178 5155 orationis
1220 5105 1410 5156 ﬂorem
1457 5112 1760 5169 sequentes
1790 5111 1982 5171 putant
2014 5109 2161 5172 quod

527 5176 772 5238 expolito
809 5178 1112 5240 limatoque
1151 5181 1417 5228 tractatur
1447 5179 1670 5241 eloquio
1721 5179 1796 5229 rei
1836 5193 2010 5230 sacrae
2060 5179 2161 5229 ad-

526 5247 756 5297 modum
809 5248 1051 5299 ofﬁcere.
1086 5266 1112 5293 »
1154 5249 1225 5297 Et
1274 5248 1440 5312 paulo
1484 5254 1607 5312 post
1648 5264 1659 5297 :
1710 5268 1739 5298 α
1768 5251 1902 5300 Nam
1957 5253 2002 5300 si
2047 5251 2161 5301 elo-

526 5323 810 5385 quentiam
848 5337 964 5372 rem
995 5322 1235 5374 mediam
1266 5336 1385 5373 esse
1416 5329 1743 5386 agnoscunt,
1771 5339 1880 5389 qua
1921 5329 1974 5376 et
2013 5330 2161 5377 recte

524 5394 606 5442 uti
657 5397 713 5444 et
763 5395 907 5444 male
951 5407 1268 5458 possumus,
1298 5396 1425 5458 quis
1463 5397 1664 5444 mentis
1707 5410 1934 5460 compos
1981 5396 2162 5448 dicere

523 5464 692 5514 audet
735 5480 848 5516 non
893 5465 1094 5517 debere
1144 5467 1418 5529 dogmatis
1471 5466 1770 5518 Christiani
1821 5470 2162 5531 professores

522 5537 579 5585 in
643 5536 991 5587 defendenda
1053 5539 1284 5588 veritate
1337 5551 1398 5587 ea
1443 5539 1521 5586 uti
1577 5552 1687 5602 qua
1736 5539 1793 5588 in
1843 5531 2160 5591 extoll‘enda

520 5605 762 5658 falsitate
815 5621 1009 5659 omnes
1058 5608 1218 5658 abusi
1282 5614 1412 5658 sunt
1472 5611 1803 5673 gentiles?»
1857 5613 1936 5660 lta
1992 5614 2159 5662 etiam

521 5678 699 5727 sensit
729 5679 975 5730 Joannes
1007 5678 1352 5730 Maldonatus
1377 5678 1628 5730 scribens
1673 5680 1740 5729 ad
1786 5682 2006 5731 Petrum
2045 5683 2160 5732 Ma-

522 5746 769 5799 durum:
821 5768 849 5797 «
877 5749 990 5801 Cur
1039 5751 1210 5807 enim,
1257 5751 1457 5814 inquit,
1501 5750 1756 5802 Christus
1802 5767 1909 5802 non
1957 5754 2161 5805 habent

521 5821 780 5873 meliores
811 5828 1056 5872 oratores
1095 5834 1262 5885 quam
1301 5822 1601 5872 diabolus?
1631 5843 1658 5870 »
1697 5825 1755 5873 In
1785 5825 1976 5874 eadem
2013 5840 2158 5888 quo-

523 5904 633 5963 que
690 5894 963 5948 sententia
1015 5894 1187 5944 fuisse
1245 5894 1516 5944 Joannem
1586 5895 1916 5947 Sichardum
1986 5897 2161 5964 liquet

2267 4703 2470 4748 ramur,
2500 4691 2596 4736 aut
2622 4702 2734 4736 non
2778 4701 2843 4736 ea
2873 4701 3092 4750 semper
3120 4686 3281 4735 nobis
3313 4687 3419 4735 fuit
3448 4687 3728 4749 cogitatio,
3755 4688 3914 4736 sicut

2266 4759 2741 4822 promittebamus,
2770 4763 2829 4807 ut
2855 4759 3021 4807 simul
3053 4757 3423 4808 crederemus.
3452 4774 3480 4803 »

2329 4831 2390 4892 (3)
2427 4832 2639 4879 Donate.
2690 4832 2890 4879 Donati
2941 4842 3144 4878 nomen
3192 4828 3638 4892 vulgatissimnm
3685 4832 3806 4878 erat
3847 4828 3916 4878 in

2267 4902 2468 4962 Africa,
2498 4907 2560 4952 ut
2604 4903 2771 4952 etiam
2818 4903 3086 4965 scriptum
3133 4905 3214 4949 est
3264 4901 3318 4948 in
3371 4900 3548 4963 capite
3591 4901 3751 4948 tertio
3783 4902 3914 4962 epi—

2266 4974 2424 5024 stolae
2468 4975 2730 5023 secunda:
2779 4975 2955 5022 sancti
3000 4973 3296 5037 Augustini
3337 4973 3407 5020 nd
3460 4971 3740 5030 Lleusium,
3772 4972 3918 5021 Glo-

2264 5046 2405 5093 rium
2448 5050 2493 5094 et
2525 5045 2736 5095 Felices.
2774 5045 3044 5108 Sequenti
3077 5045 3304 5104 smculo,
3336 5045 3659 5094 LactanLus
3693 5043 3918 5093 librum

2262 5115 2326 5164 de
2349 5117 2604 5167 Mortibus
2640 5119 3033 5169 Persecutorum
3065 5118 3287 5180 scripsit
3333 5116 3401 5165 ad
3441 5117 3720 5165 Donatum
3763 5128 3924 5165 con-

2265 5187 2546 5246 fessorem,
2585 5188 2740 5239 illum
2791 5191 2994 5252 ipsum,
3031 5194 3093 5238 ut
3133 5189 3345 5252 opinari
3393 5187 3540 5248 licet,
3573 5187 3663 5236 cui
3695 5186 3924 5238 dicavit

2263 5259 2430 5307 etiam
2489 5259 2688 5308 librum
2739 5260 2801 5309 de
2851 5263 2938 5310 Ira
2989 5261 3097 5310 Dei.
3146 5261 3333 5309 Persto
3375 5261 3526 5308 enim
3572 5259 3626 5307 in
3671 5271 3736 5308 ea
3779 5271 3926 5308 sen-

2262 5331 2430 5379 tentia
2462 5345 2628 5394 quam
2663 5333 2906 5396 prompsi
2955 5346 3082 5382 cum
3129 5331 3349 5381 ederem
3400 5331 3601 5380 librum
3643 5329 3712 5379 de
3757 5331 3928 5379 Mor-

2265 5400 2402 5452 tibus
2444 5403 2859 5453 Persecutorum.
2913 5405 3040 5454 Scio
3098 5404 3281 5452 virum
3331 5403 3603 5465 optimum
3653 5405 3706 5450 et
3762 5400 3922 5452 mihi

2257 5475 2627 5525 reverendum
2690 5476 2980 5526 Nicolaum
3039 5477 3113 5526 Le
3167 5475 3383 5537 Nourry
3441 5474 3601 5524 aliter
3631 5473 3924 5536 sensisse,

2282 5547 2634 5598 etDonatum
2673 5549 2763 5597 cui
2795 5549 3098 5612 inscriptus
3141 5550 3226 5597 est
3257 5546 3396 5596 liber
3435 5546 3498 5596 de
3539 5545 3628 5594 Ira
3664 5545 3762 5594 Dei
3797 5557 3932 5607 pu—

3734 5619 3926 5668 lassa.

2325 5691 2390 5750 (4)
2418 5688 2722 5752 lndulgente
2768 5690 3058 5740 vindemia.
3112 5689 3423 5748 Ennodius,
3471 5687 3569 5738 lib.
3619 5698 3699 5746 ix,
3739 5687 3928 5750 epist-

2260 5762 2290 5811 2
2327 5776 2338 5808 :
2373 5780 2399 5806 «
2428 5760 2510 5810 Sit
2545 5762 2687 5812 inter
2714 5775 2816 5812 nos
2851 5763 3099 5814 felicium
3131 5761 3547 5812 vindemiarum
3578 5759 3701 5809 vice
3724 5757 3932 5810 collo-

2262 5845 2472 5896 quium.
2505 5848 2533 5880 »
