4160 6216
272 171 349 226 197
1713 160 2033 225 EPISTOLA
2074 167 2115 221 Ι.

3502 175 3601 231 198

262 298 317 365 (ὅ)
343 312 405 349 ac
433 300 602 349 statas
634 295 654 328 ³
675 295 811 350 anni
841 294 1150 350 fatiscentis
1171 294 1246 365 (6)
1278 294 1542 349 inducias
1572 295 1805 349 sortitur
1826 298 1867 349 ‘.
1896 308 1950 379 Α
1972 294 2215 364 pectoris
2268 293 2497 347 erudire
2540 294 2630 365 (9).
2681 298 2754 349 Ac
2800 313 2869 351 ne
2917 294 3259 368 colloquium
3291 300 3312 332 δ
3342 304 3597 353 nostrum

264 390 419 442 Locus
467 388 636 442 etiam
682 390 757 458 (7)
815 405 943 444 cum
1003 389 1093 442 die
1147 389 1406 442 convenit
1448 392 1505 441 et
1552 388 1872 441 mulcendis

264 482 500 534 sensibus
548 498 612 535 ac
664 482 921 536 fovendis
966 481 1039 535 ad
1094 482 1251 535 lenes
1307 499 1471 535 auras
1528 481 1873 535 blandientis

265 573 433 647 195
463 575 727 629 autumni
767 576 1066 630 hortorum
1101 575 1271 629 facies
1316 591 1544 629 amoena
1574 575 1869 628 consentit.

264 670 338 723 Hic
373 669 697 739 jucundum
738 669 1101 723 sermonibus
1136 668 1287 723 diem
1320 669 1524 722 ducere
1554 673 1609 723 et
1635 668 1870 721 studen—

263 764 386 816 tibus
416 765 437 795 ⁵
475 762 682 817 fabulis
709 762 783 833 i8)
826 762 882 816 in
923 762 1112 817 divina
1140 764 1423 832 praecepta
1464 760 1871 816 conscientiam

1974 387 2186 441 arbiter
2214 388 2483 457 profanus
2512 388 2803 459 impediat,
2835 397 2933 444 aut
2962 393 3175 445 clamor
3208 393 3598 463 intemperans

1971 481 2200 534 familiai
2242 481 2539 551 strepentis
2600 483 2709 552 (‘10)
2774 484 3091 550 obtundat,
3147 490 3405 555 petamus
3454 487 3597 540 lianc

1972 575 2165 628 sedem
2220 574 2352 641 (11).
2407 572 2553 627 Dant
2622 591 2903 629 secessum
2966 578 3146 631 vicina
3210 583 3454 645 secreta;
3502 578 3597 633 ubi

1973 668 2109 721 dum
2138 666 2361 720 erratici
2390 667 2687 737 palmitum
2715 669 2900 738 lapsus
2932 670 3040 739 (l2)
3064 671 3303 724 nexibus
3332 672 3596 741 pendulis

1974 776 2077 831 per
2106 758 2296 832 196
2332 760 2635 814 arundines
2667 761 2885 831 bajulas
2912 766 3143 833 repunt,
3176 764 3384 817 viteam
3426 767 3594 835 porti-

1612 966 1820 1030 Variae
1878 965 2210 1029 lectiones.

319 1168 549 1219 ’Status
593 1170 732 1218 Lam.
780 1170 893 1217 Ben.
947 1169 1095 1218 Ebor.
1149 1171 1254 1219 Lin.
1311 1169 1417 1219 ΝΟ.
1479 1170 1525 1218 1.
1583 1170 1701 1231 Reg.
1754 1170 1803 1219 4.
1860 1167 1961 1217 Sed
2006 1168 2161 1214 male.
2222 1166 2387 1217 Ratas
2440 1168 2575 1215 F033.
2630 1168 2757 1216 Vict.
2825 1168 2845 1199 ⁴
2877 1167 3151 1217 Sortiatur
3204 1168 3339 1215 Lam.
3386 1167 3510 1216 Bod.
3550 1168 3597 1217 3.

441 1241 551 1287 Lin.
600 1238 708 1288 ΝΟ.
761 1240 806 1288 1.
858 1239 973 1288 Ben.
1029 1239 1161 1287 Voss.
1205 1241 1252 1289 4.
1289 1238 1539 1289 Feriatur
1588 1240 1709 1288 Tim.

1822 1241 1840 1270 ⁵
1877 1236 2243 1301 Stupentibus
2297 1239 2421 1286 Vict.

2513 1239 2532 1269 ⁶
2567 1238 2864 1302 Eloquium
2924 1239 3062 1287 Lam.
3119 1238 3271 1286 Ebor.
3332 1239 3441 1288 Lin.
3488 1239 3597 1287 ΝΟ.

1536 1436 1762 1518 Steph.
1811 1435 2054 1500 Baluzii
2100 1441 2295 1499 notas.

264 1667 387 1755 lassa
427 1664 601 1755 fuLisse
644 1664 924 1755 diversum
1047 1678 1113 1715 eo
1140 1667 1304 1729 cujus
1332 1680 1535 1755 nomen
1584 1670 1764 1755 exstat
1813 1667 1866 1715 in
1891 1684 1946 1755 Β
1970 1666 2327 1747 constitutum
2357 1670 2410 1715 et
2444 1665 2512 1746 ab
2556 1666 2678 1755 aliis
2713 1665 2878 1715 rebus
2918 1664 3066 1713 feriae
3114 1660 3408 1711 nobiscum
3455 1658 3597 1707 inte-

261 1736 395 1783 initio
425 1734 551 1784 libri
582 1750 610 1785 a
639 1750 728 1787 me
757 1737 908 1786 editi.
941 1737 1201 1787 Diversos
1226 1741 1408 1786 autem
1452 1738 1623 1787 fuisse
1650 1738 1781 1786 hinc
1810 1750 1869 1787 se

261 1804 477 1865 probare
505 1807 723 1869 putavit
750 1808 833 1855 vir
861 1808 1102 1869 optimus
1130 1808 1280 1872 quod
1311 1822 1378 1858 ex
1408 1808 1545 1858 libro
1570 1809 1633 1857 de
1658 1809 1749 1857 Ira
1783 1807 1874 1857 Dei

260 1876 601 1925 manifestum
626 1878 697 1926 sit
720 1878 1002 1927 Donatum
1027 1880 1117 1929 cui
1145 1878 1359 1928 dicatus
1379 1885 1463 1929 est
1490 1880 1657 1929 fuisse
1691 1893 1876 1929 recen-

260 1950 327 1993 ter
367 1960 708 1997 conversum
753 1948 821 1998 ad
854 1950 1177 2014 religionem
1222 1950 1448 2009 Christi,
1476 1951 1623 2014 quod
1660 1951 1727 2000 de
1767 1951 1875 2000 alio

258 2016 353 2065 dici
381 2031 497 2066 non
530 2032 694 2081 posse
719 2020 810 2068 ait.
831 2019 1049 2069 Erravit
1078 2023 1133 2069 in
1158 2023 1383 2071 nomine
1409 2023 1490 2071 vir
1512 2023 1871 2071 clarissimus.

257 2087 549 2137 Transtulit
584 2090 652 2138 ad
683 2090 959 2140 Donatum
986 2105 1046 2141 ea
1074 2106 1197 2156 quin
1212 2092 1558 2156 pertinebant
1583 2092 1649 2142 ad
1679 2094 1876 2143 Deme-

255 2158 505 2216 triauum,
534 2163 627 2209 cui
657 2160 871 2210 dicatus
906 2165 988 2211 est
1014 2162 1153 2212 liber
1189 2165 1260 2212 De
1287 2164 1502 2226 Opiﬁcio
1530 2164 1641 2223 Dei,
1668 2176 1734 2213 ex
1762 2176 1875 2226 quo

256 2234 459 2277 constat
489 2231 910 2282 Demetrianum
944 2233 1135 2283 rudem
1162 2234 1347 2285 adhuc
1367 2236 1539 2284 fuisse
1562 2238 1873 2284 nostrorum

254 2302 655 2361 mysteriorum.
683 2331 741 2339 —
775 2305 993 2353 Donate.
1028 2306 1089 2353 ln
1139 2306 1332 2356 codice
1376 2308 1553 2355 sancti
1600 2304 1875 2367 Arnulphi

254 2370 509 2421 Metensis
544 2376 809 2437 scriptum
837 2380 921 2425 est
953 2391 964 2423 :
1003 2394 1034 2424 (ι
1066 2377 1217 2427 Bene
1246 2377 1529 2439 admones,
1557 2378 1722 2427 frater
1746 2376 1875 2426 cha-

253 2442 454 2493 rissime
483 2445 719 2496 Donate.
749 2462 777 2492 ι)

308 2515 370 2575 (5)
426 2516 696 2565 Solemnes
741 2531 805 2567 ac
860 2524 1040 2569 statas.
1102 2521 1339 2570 Multum
1391 2520 1603 2569 variant
1652 2520 1708 2567 in
1769 2518 1876 2567 hoc

254 2584 364 2634 loco
392 2587 523 2636 libri
557 2594 787 2639 veteres.
824 2590 1061 2652 Quidam
1088 2593 1237 2642 enim
1277 2592 1486 2643 habent
1514 2595 1745 2641 statutas
1778 2602 1876 2651 pro

252 2663 411 2719 ratas,
454 2659 553 2707 alii
604 2666 755 2709 ratas
794 2667 1053 2726 tutasque,
1100 2663 1187 2714 vel
1235 2670 1381 2713 ratas
1434 2668 1669 2713 tantum.
1720 2661 1876 2711 Unus

250 2740 372 2778 vero
418 2729 594 2779 habet
640 2731 893 2782 solemnes
935 2748 997 2783 ac
1039 2741 1210 2797 ratas,
1240 2740 1294 2785 et
1338 2749 1502 2798 supra
1546 2734 1749 2783 lineam
1797 2732 1876 2782 vel

250 2804 476 2850 statutas.
541 2801 659 2864 Ego
714 2805 947 2866 praefero
1006 2806 1305 2856 lectionem
1378 2806 1685 2869 vulgatam,
1749 2817 1874 2867 quas

248 2874 376 2922 mihi
444 2875 672 2925 videtur
736 2880 943 2941 optima
1006 2885 1061 2931 et
1116 2881 1441 2931 certissima.
1493 2881 1629 2930 Nam
1680 2880 1877 2929 Cicero

251 2942 379 3015 dixit
424 2946 657 3015 alicubi
683 2948 913 2999 solemne
942 2956 987 3000 et
1029 2956 1223 3001 statum
1270 2952 1606 3015 sacri/icium.
1655 2950 1717 2998 In
1755 2950 1876 3013 lege

246 3026 299 3064 iii
343 3014 479 3065 Cod.
534 3018 598 3066 de
646 3011 979 3079 Dilutionib.,
1022 3022 1269 3086 legitur:
1318 3039 1345 3067 «
1390 3011 1563 3073 Feriie
1607 3026 1739 3070 sunt
1786 3011 1873 3069 vel

248 3089 553 3148 repentinae
598 3090 687 3139 vel
727 3092 1021 3143 solemnes.
1067 3112 1094 3139 »
1143 3093 1431 3143 Solemnes
1478 3096 1662 3142 autem
1708 3092 1873 3153 juris-

250 3160 481 3229 consulti
532 3174 627 3210 eas
670 3176 794 3212 esse
841 3165 997 3213 aiunt
1041 3178 1166 3229 quae
1204 3169 1331 3214 sunt
1380 3164 1773 3214 anniversarias
1808 3176 1873 3212 ac

246 3225 526 3299 legitimae.
562 3231 730 3282 Recte
760 3235 927 3296 igitur
956 3225 1263 3299 Cyprianus
1291 3236 1429 3285 dixit
1458 3235 1713 3284 inducias
1756 3236 1873 3283 sive

246 3298 402 3349 ferias
441 3302 725 3353 solemnes
768 3319 832 3355 ac
861 3310 1046 3364 statas,
1078 3321 1215 3370 quas
1245 3307 1367 3357 ideo
1402 3311 1572 3356 statas
1608 3305 1873 3368 appellari

248 3371 315 3442 ait
358 3372 579 3431 Festus,
621 3377 751 3438 quia
794 3381 948 3427 certo
992 3381 1307 3442 statutoque
1355 3377 1443 3427 die
1490 3377 1869 3426 observantur.

243 3440 378 3491 Vide
412 3445 763 3495 Macrobium
798 3447 893 3496 lib.
926 3461 943 3497 ι
970 3440 1403 3512 8α1υνη.,ὀθριιὶ
1428 3451 1501 3509 lii,
1535 3454 1590 3498 et
1617 3449 1873 3497 Juretum

244 3512 312 3583 ad
336 3513 732 3576 Symmachum,
760 3517 853 3567 lib.
887 3532 962 3576 iii,
990 3520 1149 3583 epist.
1179 3521 1258 3581 21,
1286 3521 1353 3569 ad
1394 3519 1549 3569 illum
1593 3519 1796 3577 locum,
1828 3525 1874 3569 et

240 3582 500 3643 feriarum
535 3587 790 3649 reliquiae.

298 3656 367 3715 (6)
400 3658 736 3708 Fatiscentis.
768 3660 827 3709 Id
859 3664 937 3710 est
964 3661 1091 3711 fessi
1119 3667 1172 3711 et
1206 3662 1462 3719 labentis,
1488 3664 1549 3711 ut
1574 3659 1721 3724 apud
1747 3659 1871 3708 Vir-

243 3725 434 3786 gilium
467 3732 526 3778 et
563 3728 841 3780 Ovidium.
870 3733 1029 3783 Hanc
1058 3734 1371 3793 lectionem,
1404 3746 1529 3797 quas
1570 3734 1773 3797 optima
1819 3734 1873 3781 et

240 3803 533 3850 verissima
572 3806 674 3862 est,
704 3816 814 3852 non
858 3805 1047 3855 inveni
1080 3806 1186 3854 nisi
1227 3807 1282 3855 in
1314 3819 1427 3855 uno
1463 3804 1606 3854 libro
1632 3817 1755 3853 meo
1781 3816 1873 3852 ve-

240 3873 334 3918 teri
363 3873 601 3935 optimo.
634 3872 849 3938 Reliqui
877 3888 1071 3925 omnes
1089 3882 1141 3926 et
1161 3890 1355 3926 omnes
1376 3876 1645 3925 editiones
1665 3874 1873 3924 habent

238 3939 537 4005 [atigantis.
592 3944 899 4007 Lucretius,
945 3947 1086 3997 libro
1136 3961 1212 4008 iii,
1261 3948 1495 4011 loquens
1546 3947 1613 3995 de
1665 3947 1867 4004 anima,

238 4025 359 4063 cum
401 4016 643 4065 dixisset
681 4030 801 4067 eam
831 4032 937 4069 ceu
967 4019 1181 4069 fumum
1212 4020 1437 4069 dissolvi
1471 4021 1525 4068 in
1557 4019 1696 4068 altas
1730 4019 1871 4067 aeris

236 4096 413 4146 auras,
441 4086 618 4135 addit.

653 4172 820 4224 Simul
853 4188 963 4224 sevo
992 4176 1123 4225 fessa
1146 4174 1355 4225 fatiscit.

235 4263 298 4314 Et
322 4266 421 4317 lib.
470 4280 509 4319 v
549 4266 683 4319 dicit
724 4270 909 4319 omnia
954 4270 1101 4320 vinci
1145 4270 1214 4319 ab
1248 4284 1385 4330 aevo,
1430 4270 1593 4319 etiam
1642 4282 1775 4318 saxa
1819 4270 1871 4317 et

234 4338 368 4387 altas
397 4345 605 4400 turres,

419 4434 487 4482 Et
514 4434 732 4484 delubra
757 4435 910 4484 deum
942 4436 1319 4500 simulacraque
1344 4438 1477 4486 fessa
1500 4436 1680 4486 fatisci.

233 4526 487 4579 Similem
558 4542 796 4579 errorem
875 4531 930 4579 in
985 4533 1131 4581 Actis
1193 4537 1503 4582 sanctarum
1567 4535 1866 4593 martyrum

231 4602 507 4663 Perpetua:
538 4606 583 4650 et
634 4601 923 4651 Felicitatis
965 4603 1249 4652 annotavit
1296 4604 1474 4653 Lucas
1522 4602 1866 4661 Holstenius,

230 4670 352 4729 ubi,
406 4685 517 4734 pro
575 4685 640 4721 eo
687 4671 837 4736 quod
891 4673 1091 4737 legitur
1139 4672 1629 4739 defatigationibus,
1678 4675 1871 4722 censet

229 4739 541 4804 legendum
571 4754 691 4792 esse
721 4743 783 4791 de
822 4744 1160 4804 factionibus.
1192 4746 1349 4804 (Male
1397 4746 1655 4795 codicum
1701 4756 1870 4806 prope

231 4816 488 4861 omnium
538 4818 589 4861 et
630 4813 937 4864 editionum
970 4815 1199 4866 lectioni
1238 4816 1500 4866 Baluzius
1538 4829 1606 4866 ex
1646 4828 1757 4864 uno
1802 4814 1868 4863 li-

228 4881 326 4931 bro
372 4885 673 4934 substituit
717 4884 1019 4946 fatiscentis.
1067 4888 1367 4951 Fatigontis
1401 4889 1548 4938 enim
1593 4886 1739 4936 idem
1786 4890 1869 4937 est

227 4967 285 5004 ac
304 4958 576 5016 jocantis,
604 4955 845 5005 ludentis.
895 4957 976 5008 Cf.
1024 4957 1153 5009 Chr.
1200 4959 1317 5010 Gfr.
1362 4958 1580 5009 Mulleri
1619 4958 1765 5007 obss.
1799 4957 1868 5007 ad

224 5026 253 5073 5
300 5027 427 5076 loca
472 5029 638 5090 epist.
684 5026 872 5091 Cypr.,
917 5028 1077 5080 Geras
1126 5030 1266 5093 1779,
1322 5044 1374 5093 p.
1423 5030 1454 5079 2
1503 5042 1617 5093 seq.
1676 5029 1867 5079 Gonn-

230 5103 425 5161 iioim.)
934 5148 939 5157 _

283 5181 349 5238 (7)
400 5181 577 5229 Locus
617 5180 792 5228 etiam.
844 5178 1058 5240 Cicero,
1101 5182 1161 5231 in
1204 5180 1346 5231 libro
1396 5182 1458 5231 de
1507 5180 1669 5231 claris
1724 5181 1869 5230 Ora-

227 5250 425 5300 toribus
455 5266 474 5298 :
529 5268 560 5298 ς
588 5250 713 5310 Sed,
754 5252 904 5315 quod
934 5252 1154 5302 facilius
1193 5266 1374 5303 sermo
1417 5254 1741 5315 explicetur,
1774 5265 1867 5301 se—

227 5320 441 5385 dentes,
491 5322 545 5372 si
597 5322 837 5384 videtur,
885 5337 1133 5388 agamus.
1185 5324 1326 5375 Cum
1375 5324 1521 5375 idem
1570 5324 1870 5387 placuisset

227 5392 351 5451 illis,
397 5400 531 5443 tum
598 5394 651 5443 in
719 5395 1012 5458 propatulo
1076 5400 1296 5460 propter
1344 5396 1582 5446 Platonis
1632 5398 1867 5444 statuam

229 5467 612 5515 consedimus.
658 5482 685 5511 ››
744 5466 1147 5530 Hieronymus,
1194 5468 1451 5517 adversus
1496 5467 1866 5521 Iovinianum,

228 5534 317 5585 lib.
349 5551 385 5588 ii
425 5554 437 5585 :
497 5555 530 5583 (ς
564 5537 831 5587 Platonici
870 5550 1097 5602 quoque
1145 5544 1201 5589 et
1245 5539 1416 5590 Stoici
1450 5542 1505 5589 in
1536 5538 1867 5601 templorum

230 5607 364 5658 locis
387 5616 447 5659 et
489 5609 796 5671 porticibus
822 5610 1199 5659 versabantur.
1232 5628 1261 5659 ν
1292 5612 1555 5663 Rusticus
1598 5612 1869 5659 diaconus

231 5678 283 5727 in
322 5680 667 5731 Praefatione
694 5681 910 5746 DiaIOgi
942 5682 1210 5733 adversus
1242 5684 1551 5748 Acephalos
1584 5698 1595 5730 :
1631 5702 1656 5727 α
1686 5680 1867 5731 Silen-

231 5753 368 5803 tium
438 5752 577 5803 loci-
624 5756 678 5802 et
741 5754 1001 5820 temporis
1064 5757 1429 5808 commoditas
1473 5761 1526 5807 et
1574 5766 1869 5807 commune

1896 3056 1949 3128 C

1974 1738 2076 1785 rim
2101 1740 2438 1786 concurrunt
2464 1737 2648 1785 simul.
2678 1751 2707 1782 »

2038 1810 2100 1871 (8)
2160 1807 2495 1857 Studentibus
2562 1807 2777 1869 fabulis.
2836 1806 2952 1869 Ego
3015 1817 3232 1867 semper
3287 1800 3599 1850 existimavi

1974 1870 2160 1927 loeum
2206 1878 2358 1928 hunc
2405 1891 2525 1927 esse
2572 1876 2902 1927 mendosum
2956 1879 3009 1925 et
3056 1875 3202 1923 viros
3253 1870 3601 1922 doctissimos

1975 1949 2175 1998 frustra
2226 1949 2500 1999 hactenus
2553 1948 2832 1997 laborasse
2885 1948 2939 1995 in
2995 1958 3060 1995 eo
3115 1941 3462 1995 emendando
3509 1940 3599 1988 vel

1975 2020 2323 2083 explicando.
2384 2020 2520 2070 Cum
2580 2034 2709 2070 vero
2762 2021 2812 2068 ei
2865 2029 3172 2081 quaererem
3231 2013 3597 2069 medicinam,

1976 2093 2212 2141 occurrit
2254 2092 2388 2140 mihi
2446 2090 2897 2141 commutandam
2940 2090 3080 2138 forte
3126 2102 3196 2137 an
3241 2097 3359 2135 esse
3404 2095 3597 2133 vocem

1974 2162 2300 2211 studentibus
2349 2176 2479 2211 cum
2539 2176 2673 2211 voce
2728 2160 3053 2220 ludentibus,
3105 2163 3167 2208 ut
3217 2158 3339 2206 istic
3387 2155 3599 2217 legatur

1977 2232 2269 2283 ludentibus
2292 2232 2505 2295 fabulis,
2533 2238 2588 2281 ut
2636 2232 2779 2296 apud
2826 2231 3135 2281 Minucium
3176 2227 3372 2291 fabulis
3410 2225 3600 2287 fallen—

1976 2306 2130 2355 tibus.
2172 2307 2306 2355 Nam
2336 2306 2539 2355 fabulis
2570 2306 2759 2354 ludere
2790 2305 2934 2353 dixit
2961 2304 3238 2352 Ausonius
3267 2301 3323 2348 in
3368 2296 3599 2359 epistola

1976 2379 2133 2427 tertia
2166 2378 2232 2425 ad
2261 2377 2482 2435 librum,
2515 2380 2573 2425 ut
2599 2382 2687 2427 eat
2732 2375 2800 2424 ad
2843 2374 3083 2423 Probum
3116 2388 3127 2420 :
3172 2392 3197 2417 «
3225 2371 3457 2420 Suescat
3496 2379 3597 2429 pe-

1975 2450 2094 2497 ritis
2142 2450 2345 2498 fabulis
2396 2448 2562 2498 simul
2611 2448 2783 2511 jocari
2835 2450 2891 2496 et
2941 2444 3205 2493 ludere.»
3260 2440 3601 2490 Ludentibus

1975 2520 2142 2582 igitur
2170 2520 2393 2579 fabulis,
2425 2520 2522 2569 sed
2554 2520 2740 2583 peritis
2780 2522 2835 2567 et
2872 2517 3045 2576 seriis,
3083 2514 3425 2577 colloquium
3471 2523 3596 2573 age-

1975 2591 2110 2640 bant
2141 2591 2451 2655 Cyprianus
2480 2595 2537 2641 et
2576 2593 2841 2640 Donatus.
2883 2589 3073 2651 Neque
3099 2587 3246 2636 enim
3289 2583 3597 2655 putandum

1976 2665 2061 2712 est
2092 2652 2282 2712 eorum
2333 2676 2617 2713 sermones
2648 2662 2815 2711 fuisse
2846 2660 3090 2709 ludicros
3125 2659 3219 2705 aut
3262 2668 3444 2705 rerum
3486 2652 3599 2702 col-

1976 2733 2163 2796 loquia
2213 2734 2505 2793 leviorum,
2545 2747 2672 2783 cum
2726 2731 2794 2781 de
2845 2731 3009 2780 rebus
3060 2728 3285 2778 maximi
3336 2724 3600 2796 momenti

1975 2795 2312 2867 adigloriam
2356 2809 2407 2854 et
2456 2806 2777 2869 religionem
2826 2802 3029 2852 summi
3068 2801 3170 2850 Dei
3197 2795 3600 2861 pertinentibus

1975 2880 2304 2925 tractaretur
2339 2878 2481 2926 inter
2523 2877 2669 2925 viros
2699 2887 2894 2939 graves
2926 2888 2936 2921 :
2983 2872 3089 2921 nisi
3124 2870 3190 2929 si,
3231 2870 3328 2932 qui
3358 2880 3477 2916 mos
3516 2872 3599 2915 est

1976 2946 2339 3009 dialogorum,
2370 2948 2647 2996 Donatum
2674 2950 2728 2995 et
2756 2958 2814 2994 se
2842 2946 3024 3007 ipsum
3063 2942 3280 2992 locutos
3318 2952 3438 2989 esse
3472 2951 3598 3000 sup-

1975 3020 2161 3080 posuit
2208 3017 2518 3082 Cyprianus
2565 3031 2691 3081 qum
2733 3028 3039 3078 numquam
3082 3012 3255 3062 locuti
3303 3012 3487 3082 erant,
3537 3012 3599 3082 ut

1976 3089 2045 3138 de
2087 3103 2145 3139 se
2184 3080 2311 3152 ipso.
2346 3094 2399 3138 et
2429 3080 2673 3138 Varrone
2704 3089 2777 3137 ait
2810 3088 3025 3141 Cicero,
3056 3086 3111 3133 in
3144 3084 3299 3132 initio
3332 3080 3598 3131 Academi-

1974 3174 2159 3209 earum
2204 3162 2577 3221 Quaestionum.
2626 3159 2811 3209 Julius
2853 3158 3126 3207 Firmicus
3176 3157 3233 3203 in
3281 3152 3598 3217 praefatione

1973 3231 2241 3281 librorum
2268 3233 2331 3281 de
2354 3232 2682 3282 Institutione
2707 3230 2993 3280 Matheseos
3018 3244 3034 3276 :
3062 3244 3091 3274 «
3115 3228 3391 3276 Honestas
3416 3227 3469 3272 et
3494 3236 3596 3270 va-

1974 3304 2082 3353 rias
2105 3316 2423 3353 sermonum
2455 3303 2671 3353 fabulas
2695 3301 3032 3351 sciebamus.
3061 3317 3089 3345 »

2036 3376 2105 3437 (9)
2134 3375 2374 3423 Erudire.
2417 3376 2585 3424 Deest
2634 3374 2725 3422 hic
2770 3371 3018 3435 aliquid;
3062 3383 3262 3420 sensus
3305 3369 3452 3417 enim
3485 3379 3599 3437 non

1974 3436 2057 3497 est
2096 3447 2321 3509 integer.
2373 3446 2482 3497 Sed
2527 3449 2654 3495 sunt
2705 3446 2968 3508 pleraque
3019 3439 3325 3492 istiusmodi
3374 3440 3429 3487 in
3488 3436 3599 3499 Cy--

1973 3519 2183 3581 priano.
2217 3517 2357 3568 Cum
2400 3517 2609 3567 videret
2650 3520 2835 3566 autem
2876 3513 3201 3563 Lombertus
3230 3523 3457 3581 sensum
3487 3520 3599 3557 non

1974 3580 2097 3638 esse
2130 3590 2424 3652 integrum,
2452 3589 2530 3638 sic
2564 3588 2725 3637 vertit
2770 3586 2921 3635 hunc
2951 3586 3138 3635 locum
3181 3596 3245 3632 ac
3284 3581 3330 3630 si
3368 3580 3597 3652 Cypria-

1974 3673 2081 3709 nus
2127 3650 2436 3724 scripsisset
2482 3676 2491 3708 :
2561 3680 2587 3705 «
2636 3658 3048 3710 Conscientiam
3094 3655 3331 3721 pectoris
3382 3650 3599 3702 erudire

1969 3731 2139 3793 juvat.
2175 3749 2202 3775 ››

2036 3804 2132 3864 (10)
2176 3803 2410 3852 Familiae
2452 3802 2745 3864 strepentis.
2803 3800 3044 3849 Sanctus
3082 3799 3489 3860 Hieronymus,
3540 3794 3595 3842 in

1973 3876 2130 3937 epist.
2190 3874 2261 3922 ad
2325 3872 2738 3931 Demetriadem,
2792 3871 2855 3920 de
2927 3871 3243 3933 Virginitate
3298 3865 3596 3925 servanda,

1973 3957 2094 3994 eam
2125 3943 2313 3993 laudat
2358 3942 2507 4007 quod
2538 3960 2566 3989 «
2606 3943 2747 3992 inter
2788 3954 3035 4003 gemmas
3071 3945 3123 3990 et
3172 3939 3429 3995 sericum,
3458 3938 3599 3985 inter

1972 4014 2356 4065 cunuchorum
2389 4019 2443 4065 et
2479 4014 2784 4077 puellarum
2828 4016 3093 4072 catervas,
3122 4015 3179 4061 et
3222 4010 3597 4059 adulationem

1972 4092 2027 4136 et
2082 4086 2382 4135 ministeria
2436 4084 2659 4134 familiai
2716 4083 3139 4146 perstrepentis,
3189 4086 3244 4132 et
3292 4080 3597 4144 exquisitas

1972 4158 2183 4220 epulas,
2234 4171 2373 4221 quas
2438 4158 2635 4219 amplae
2703 4156 2902 4205 domus
2966 4152 3249 4217 praebebat
3313 4149 3598 4200 abundan-

1973 4230 2079 4290 tia,
2138 4230 2437 4292 appetisset
2498 4228 2835 4292 jejuniorum
2904 4226 3182 4283 laborem,
3246 4224 3594 4286 asperitatem

1970 4302 2236 4361 vestium,
2290 4302 2466 4351 victus
2528 4300 2944 4349 continentiam.
2988 4317 3013 4343 ι)
3068 4298 3200 4346 Item
3254 4297 3309 4345 in
3368 4293 3596 4358 epistola

1971 4373 2042 4421 ad
2078 4373 2296 4431 Liuiam,
2346 4372 2407 4420 de
2454 4373 2780 4421 institutione
2827 4370 2972 4431 filiae,
3023 4372 3212 4418 monet
3262 4380 3332 4416 ne
3385 4366 3597 4415 intersit

1890 4432 1947 4502 D
1973 4446 2179 4507 nuptiis
2209 4445 2557 4503 servitorum,
2585 4456 2764 4505 neque
2792 4442 3014 4489 familiae
3039 4439 3429 4502 perstrepentis
3454 4437 3594 4485 lusi-

1968 4517 2074 4566 bus
2110 4516 2426 4565 misceatur.
2462 4514 2531 4563 Et
2561 4515 2617 4562 in
2646 4514 2799 4563 calce
2839 4512 2965 4561 libri
2999 4512 3254 4561 adversus
3280 4508 3593 4567 Helvidium,

1968 4588 2110 4637 inter
2134 4586 2489 4636 incommoda
2527 4584 2861 4635 matrimonii
2894 4596 3112 4633 rursum
3147 4583 3402 4630 numerat
3425 4576 3591 4626 fami—

1969 4659 2098 4708 liam
2130 4661 2584 4721 perstrepentem.

2036 4733 2132 4793 (11)
2162 4734 2397 4781 Petamus
2428 4732 2563 4779 hanc
2590 4730 2779 4779 sedem.
2824 4727 2971 4777 Citat
3014 4728 3167 4776 hunc
3203 4726 3389 4775 locum
3434 4722 3593 4772 Abse-

1970 4807 2156 4856 lardus
2183 4809 2237 4855 in
2265 4813 2520 4856 extremo
2550 4806 2689 4854 libro
2725 4819 2759 4854 ii
2791 4802 3069 4865 Theologiie
3098 4801 3425 4850 Christiane.

2032 4878 2130 4939 (12)
2160 4877 2393 4926 Erratici
2433 4876 2709 4939 palmitum
2759 4874 2951 4937 lapsus.
3003 4872 3197 4922 Cicero
3248 4872 3303 4919 in
3347 4868 3487 4918 libro
3534 4868 3595 4917 de

1970 4950 2235 4998 Senectute
2258 4965 2277 4998 :
2316 4966 2343 4993 «
2374 4948 2513 4997 Vitis
2543 4947 2789 5011 quidem,
2823 4958 2948 5009 quae
2992 4948 3187 4993 natura
3236 4941 3447 4992 caduca
3490 4944 3590 4999 est,

1970 5028 2024 5072 et
2076 5023 2183 5072 nisi
2237 5023 2376 5073 fulta
2423 5023 2512 5083 sit,
2554 5022 2622 5072 ad
2680 5024 2878 5071 terram
2926 5020 3113 5080 fertur,
3162 5018 3377 5077 eadem,
3420 5018 3483 5064 ut
3535 5028 3593 5065 se

1969 5095 2159 5158 erigat,
2200 5094 2489 5145 claviculis
2537 5094 2653 5143 suis
2695 5094 2853 5157 quasi
2895 5090 3153 5141 manibus
3191 5086 3463 5153 quidquid
3511 5092 3596 5137 est

1968 5176 2131 5220 nacta
2196 5171 2617 5234 complectitur,
2686 5183 2853 5233 quam
2923 5168 3233 5229 serpentem
3299 5162 3592 5226 multiplici

1969 5243 2125 5306 lapsu
2174 5246 2229 5292 et
2276 5243 2509 5292 erratico
2540 5242 2681 5291 ferro
2708 5243 3001 5304 amputans
3031 5242 3249 5289 coercet
3275 5250 3361 5285 ars
3388 5236 3596 5299 agrico-

1969 5318 2166 5377 larum,
2211 5332 2280 5367 ne
2328 5319 2584 5366 silvescat
2617 5316 2910 5366 sermentis
2963 5318 3018 5363 et
3067 5314 3122 5362 in
3172 5324 3365 5361 omnes
3414 5313 3595 5372 partes

1969 5389 2247 5439 fundatur.
2283 5406 2310 5433 ››
2356 5388 2619 5438 Sidonius
2665 5387 2760 5436 lib.
2816 5400 2873 5445 v,
2906 5386 3062 5448 epist.
3105 5384 3207 5432 l7:
3258 5401 3283 5427 α
3314 5382 3420 5431 Hic
3473 5392 3596 5443 pars

1969 5462 2073 5511 sub
2122 5461 2317 5510 umbra
2369 5460 2611 5524 palmitis
2658 5458 2831 5507 adulti
2878 5470 3045 5521 quam
3089 5453 3367 5516 stipitibus
3414 5453 3599 5501 altatis

1970 5532 2433 5596 cancellatimque
2496 5529 2868 5595 pendentibus
2928 5526 3205 5590 pampinis
3266 5524 3601 5586 superducta

1968 5612 2293 5659 texuerat.»
2338 5608 2479 5658 Vide
2525 5607 2665 5658 infra
2702 5608 2754 5657 in
2801 5606 2945 5654 notis
2992 5602 3061 5650 ad
3114 5600 3316 5649 librum
3361 5601 3603 5660 primum

1975 5680 2410 5730 Testimoniorum
2458 5681 2713 5732 adversus
2764 5675 3006 5731 Juilzeos,
3054 5686 3171 5737 cap.
3222 5672 3312 5733 '21,
3354 5670 3411 5718 in
3481 5680 3614 5719 voce

1976 5755 2236 5809 Ciliciam.
