4160 6216
539 291 638 351 199

533 514 625 568 dia
663 515 721 567 in
751 530 918 568 aures
947 514 1056 583 (15)
1105 515 1340 584 damus;
1371 522 1427 570 et
1466 516 1601 570 dum
1635 516 1693 569 in
1719 518 1949 572 arbores
1996 523 2052 572 et
2098 519 2155 573 in

534 608 673 662 vites
717 608 736 639 ⁷
789 607 1104 661 oblectante
1162 612 1457 679 prospectu
1507 611 1696 662 oculos
1761 627 2154 678 amoenamus,

533 702 787 754 animum
824 701 989 754 simul
1036 702 1138 770 (16)
1187 707 1240 754 et
1286 701 1512 756 auditus
1543 701 1769 757 instruit
1815 711 1872 759 et
1917 706 2094 774 pascit
2137 706 2157 738 ⁸

533 793 762 848 obtutus
804 810 817 848 :
861 810 1205 865 quamquam
1255 793 1357 847 tibi
1404 795 1523 848 sola
1581 812 1734 850 nunc
1783 797 1986 868 gratia.
2035 800 2160 854 sola

531 903 666 941 cura
695 889 716 921 θ
743 887 1024 942 sermonis
1051 893 1154 942 est.
1189 887 1544 959 Contemptis
1574 889 1902 960 voluptaria:
1931 891 2160 946 visionis

1454 291 1510 352 S.
1555 288 1870 354 CYPRIANI
1911 293 2188 356 OPERUM
2230 292 2401 356 PARS
2442 297 2481 355 l.
2515 331 2580 341 —
2624 291 2985 358 EPISTOLE.

536 435 667 475 cum
695 419 805 493 (t3)
835 420 1070 475 frondea
1102 423 1245 476 tecta
1278 420 1388 491 (14)
1417 421 1694 478 fecerunt.
1726 425 1878 478 Bene
1921 425 2014 478 hic
2039 428 2154 479 stu-
2185 439 2234 511 Α
2262 427 2557 491 illecebris,
2610 427 2666 481 in
2716 444 2809 481 me
2855 426 3053 480 oculus
3082 429 3213 480 tuus
3267 427 3313 461 ¹ο
3350 426 3454 496 (l7)
3506 425 3650 480 ﬁxus
3701 424 3884 498 197

0 0 3508 257 r______,k

3791 295 3891 356 200

2259 527 2363 574 est.
2397 522 2529 574 Tam
2561 538 2696 575 aure
2726 521 2834 591 (18)
2860 538 3029 592 quam
3059 522 3100 554 ¹¹
3136 524 3330 574 mente
3360 524 3508 574 totus
3531 521 3753 574 auditor
3782 523 3889 591 (19)

2259 631 2338 681 es,
2376 619 2434 668 et
2459 615 2582 680 hoc,
2611 631 2806 670 amore
2829 632 2941 686 quo
2969 615 3176 684 diligis.

2333 709 2396 763 Il.
2444 709 2763 775 Casterum,
2817 709 2987 779 quale
3039 709 3123 762 vel
3176 714 3457 779 quantum
3508 714 3591 763 est
3635 708 3783 779 quod
3833 709 3888 762 in

2260 805 2457 871 pectus
2511 807 2671 855 tuum
2721 802 2907 856 veniat
2952 819 3016 855 ex
3060 802 3265 855 nobis?
3317 802 3488 856 Exilis
3528 803 3747 872 ingenii
3782 804 3888 870 (20)

2259 898 2501 965 angusta
2524 895 2892 950 mediocritas
2921 898 3123 950 tenues
3149 895 3464 950 admodum
3497 897 3688 967 fruges
3721 895 3886 967 parit,

1896 1036 2104 1100 Variae
2163 1038 2498 1103 lectiones.

588 1163 818 1239 7Vites_
853 1166 1108 1239 videmus
1157 1168 1245 1217 Eb.
1291 1171 1378 1218 Ar.
1421 1172 1563 1220 Pam.
1617 1173 1753 1220 Lam.
1807 1174 1922 1237 Reg.
1977 1174 2128 1225 Vites
2171 1189 2312 1239 quas
2353 1177 2612 1228 videmus
2667 1177 2786 1226 Bod.
2837 1176 2884 1226 3.
2941 1176 3049 1226 ΝΟ.
3108 1179 3151 1223 1.

527 1236 722 1285 Fossat.
773 1237 1040 1288 Videmus
1075 1239 1446 1290 obiectantem
1496 1247 1846 1306 prospectum
1879 1236 2019 1294 'Thu.
2072 1246 2138 1295 Et
2181 1236 2319 1296 vites
2370 1247 2524 1295 Oxon.

1744 1317 1778 1344 "
1811 1314 1935 1377 Quo
1961 1329 2054 1366 ore
2089 1331 2199 1380 qua
2244 1319 2380 1366 Lam.
2427 1319 2536 1368 Lin.
2563 1318 2669 1368 ΝΟ.
2704 1320 2748 1368 t.
2784 1317 2938 1366 Εὸον.
2990 1318 3121 1364 Voss.
3151 1317 3182 1365 2
3209 1317 3344 1366 Tam
3374 1329 3467 1366 ore
3491 1330 3658 1380 quam
3685 1315 3807 1365 Bod.
3834 1316 3882 1364 3.

538 1307 668 1355 Vict.
771 1310 808 1339 ὀ
834 1308 1039 1358 Oculos
1066 1313 1190 1358 tuos
1219 1310 1365 1360 ﬁxus
1395 1325 1454 1361 es
1477 1313 1635 1361 Oxon.

3205 1175 3346 1238 Spir.
3403 1177 3539 1224 Pem.
3602 1175 3684 1223 Et.
3748 1175 3880 1224 Man.

2648 1246 2761 1296 8Ut
2804 1247 2977 1308 pascit
3031 1245 3173 1292 Salis
3267 1247 3286 1274 ε’
3333 1243 3477 1294 Cura
3530 1255 3682 1292 nunc
3731 1244 3882 1292 Mich.

527 1377 721 1425 Fossat.
756 1379 899 1441 Spir.
947 1381 1077 1427 Rem.
1117 1381 1319 1428 Erasm.
1353 1383 1498 1431 Μανη.
1539 1383 1709 1432 Morel.
1743 1383 1868 1446 Quo
1905 1400 2059 1436 more
2099 1377 2207 1450 qua
2246 1391 2430 1437 mente
2474 1389 2592 1438 Thu.
2637 1388 2762 1436 Vict.
2797 1386 2842 1437 Ο
2873 1400 3035 1448 quam
3068 1390 3214 1437 recta
3242 1390 3428 1435 mente
3466 1377 3596 1435 Voss.
3626 1388 3671 1435 4.
3701 1389 3883 1447 Quam

527 1459 636 1508 ore,
672 1461 840 1510 quam
867 1453 1050 1498 mente
1078 1450 1236 1498 Oxon.

1817 1560 2039 1644 Steph.
2086 1561 2331 1626 Baluzii
2378 1569 2576 1628 notae.

584 1726 682 1788 (3i)
739 1726 940 1776 Viteam
973 1729 1254 1791 porticum.
1304 1729 1596 1794 Virgilius,
1636 1730 1734 1781 lib.
1780 1746 1838 1782 ιιι
1883 1734 2494 1821 Georgica-Blitteram
2538 1753 2572 1788 u
2604 1742 2658 1788 et
2699 1751 2730 1789 e
2776 1750 3060 1788 converso.
3111 1734 3650 1821 Conﬁrmatﬂaute‘m
3692 1731 3884 1821 lectic:

519 1810 636 1847 rum
667 1813 684 1846 .'

649 1889 744 1938 llic
772 1893 980 1938 noctem
1013 1889 1135 1939 ludo
1161 1889 1379 1949 ducunt,
1407 1895 1458 1940 et
1483 1893 1671 1955 pocula
1701 1893 1803 1943 lasti

645 1962 926 2009 Fcrmento
954 1963 1105 2024 atque
1127 1962 1293 2010 acidis
1320 1961 1585 2012 imitantur
1611 1963 1747 2013 vitea
1771 1964 1954 2013 sorbis.

585 2049 922 2100 Prudentius
951 2050 1007 2098 in
1033 2051 1439 2114 Hamartigenia
1465 2067 1483 2100 :

651 2139 874 2202 Sepibus
908 2143 960 2188 et
982 2139 1158 2189 densis
1181 2141 1436 2190 vallentur
1468 2141 1604 2190 vitea
1625 2156 1762 2192 rura.

583 2229 654 2279 Et
687 2230 742 2278 in
770 2230 972 2292 Hymno
998 2235 1122 2278 ante
1145 2229 1315 2278 cibum
1342 2243 1360 2276 :

952 2318 1044 2367 Hic
1072 2318 1159 2367 ubi
1182 2319 1320 2368 vitea
1354 2318 1633 2382 pampineo

953 2389 1170 2438 Brachia
1197 2391 1406 2453 palmite
1435 2391 1712 2441 luxuriant.

580 2475 675 2537 (H)
721 2474 955 2524 Frondea
1003 2479 1150 2524 tecta.
1202 2475 1286 2525 Ex
1332 2475 1580 2538 Virgilio,
1613 2475 1707 2525 lib.
1757 2489 1815 2526 iv
1863 2477 2149 2542 Georgico-

518 2559 638 2594 rum
667 2561 686 2594 .'

1263 2617 1326 2667 Et
1354 2617 1573 2668 frondea
1601 2631 1810 2682 semper

949 2678 1106 2729 Tecta
1134 2683 1332 2743 petunt.

515 2769 767 2834 Ovidius,
797 2769 892 2820 lib.
920 2783 978 2820 ιιι
1001 2770 1302 2825 Fastorum,

949 2859 1186 2909 Frondea
1214 2859 1348 2909 facta
1374 2871 1497 2909 casa
1521 2863 1616 2909 est.

513 2960 709 3010 Arator
747 2957 842 3008 lib.
887 2971 924 3007 ιι
970 2961 1190 3008 Actuum
1234 2958 1670 3022 apostolicorum,
1701 2959 1840 3010 dixit
1867 2961 2143 3024 frondeum

511 3044 711 3081 comam
735 3030 890 3078 veris.
944 3027 1038 3079 Sic
1079 3027 1296 3090 Cicero,
1331 3033 1686 3080 enarraturus
1728 3045 2012 3083 sermones
2060 3035 2144 3084 in-

510 3105 592 3151 ter
632 3102 832 3164 ipsum,
879 3099 1151 3162 Quintum
1202 3100 1424 3150 fratrem
1469 3106 1523 3151 et
1555 3102 1742 3151 Titum
1776 3105 2141 3168 Pomponium

511 3173 759 3222 Atticum
789 3171 1007 3220 habitos
1051 3169 1119 3221 de
1161 3171 1394 3234 legibus,
1426 3185 1555 3222 cum
1596 3171 1824 3224 dixisset
1859 3176 2142 3226 Platonem

2254 1822 2381 1859 nem
2430 1810 2553 1860 libri
2596 1810 2901 1862 Colbertini
2949 1810 3114 1860 etiam
3150 1809 3242 1858 ille
3287 1808 3381 1871 qui
3421 1806 3526 1855 fuit
3567 1803 3885 1868 Raymundi

2255 1883 2498 1945 episc0pi
2530 1882 2896 1944 Acconensis,
2924 1882 2978 1930 in
3011 1893 3122 1944 quo
3163 1880 3428 1942 scriptum
3465 1881 3581 1927 erat
3614 1891 3626 1923 :
3677 1896 3703 1920 α
3732 1874 3882 1925 Ocu-

2254 1953 2342 2002 lus
2371 1957 2502 2003 tuus
2534 1955 2678 2004 ﬁxus
2704 1959 2804 2005 est.
2835 1971 2861 1998 »
2892 1953 3079 2015 Quare
3109 1956 3259 2003 recte
3287 1964 3407 2001 mea
3444 1949 3716 1999 sententia
3755 1948 3888 1998 fecit

2253 2023 2430 2074 Lucas
2466 2025 2790 2076 Fredericus
2842 2024 3196 2082 Reinbartus,
3225 2022 3322 2087 qui
3371 2023 3426 2070 in
3470 2033 3571 2068 sua
3613 2019 3887 2080 Epistola-

2254 2108 2374 2143 rum
2430 2098 2606 2146 sancti
2660 2096 2913 2159 Martyris
2968 2095 3210 2144 editione
3273 2096 3516 2142 veterem
3586 2090 3885 2139 lectionem

2252 2171 2552 2226 revocavit,
2588 2173 2641 2218 et
2671 2169 2741 2217 ad
2771 2169 3078 2231 marginem
3117 2167 3307 2230 rejecit
3336 2179 3457 2215 eam
3489 2175 3655 2227 quam
3701 2162 3883 2225 Rigal-

2252 2240 2365 2288 tius
2409 2239 2788 2294 substituerat,
2823 2240 3052 2298 Plinius,
3081 2239 3158 2288 lib
3209 2251 3290 2298 x1,
3323 2250 3440 2298 cap.
3476 2236 3536 2284 37
3567 2249 3578 2282 :
3622 2250 3651 2281 «
3678 2234 3885 2284 Animo

2252 2314 2438 2360 autem
2486 2311 2758 2371 videmus,
2789 2309 2974 2360 animo
3022 2311 3319 2360 cernimus.
3364 2307 3546 2364 Oculi,
3593 2318 3698 2355 ceu
3747 2317 3884 2353 vasa

2251 2383 2543 2444 quaedam,
2596 2382 2874 2432 visibilem
2929 2383 3052 2445 ejus
3114 2384 3328 2444 partem
3382 2378 3665 2440 accipiunt
3713 2379 3882 2439 atque

2251 2455 2645 2504 transmittunt.
2676 2473 2704 2499 »

2312 2526 2405 2584 (18)
2466 2526 2588 2573 Tum
2641 2538 2775 2574 aure
2848 2527 3022 2574 Antea
3083 2522 3368 2588 legebatur
3419 2527 3526 2571 tam
3578 2534 3670 2569 ore
3718 2531 3880 2582 quam

2247 2601 2444 2652 mente,
2489 2597 2727 2659 pessimo
2780 2609 2966 2645 sensu.
3021 2595 3212 2657 Neque
3255 2595 3403 2643 enim
3457 2605 3550 2642 ore
3598 2590 3878 2646 audimus,

2247 2666 2344 2716 sed
2386 2680 2546 2717 aures
2590 2666 2728 2717 Psul.
2766 2680 2937 2716 XLviu
2979 2681 2990 2714 :
3039 2665 3269 2716 Auribus
3312 2665 3518 2728 percipe
3559 2661 3719 2712 verba
3767 2660 3881 2709 oris

2247 2740 2365 2795 mei,
2392 2743 2446 2789 et
2469 2737 2600 2788 alibi
2626 2751 2791 2801 saape.
2829 2737 2996 2788 Hunc
3023 2735 3288 2801 Cypriani
3316 2735 3502 2786 locum
3541 2747 3645 2798 ego
3684 2745 3880 2782 emen-

2247 2809 2504 2859 daveram
2543 2823 2610 2859 ex
2653 2809 2958 2858 certissima
3001 2810 3338 2870 conjectura.
3384 2807 3658 2854 Putabam
3687 2806 3879 2852 autem

2245 2894 2334 2931 me
2384 2884 2622 2943 primum
2672 2880 2842 2929 fuisse
2889 2880 2986 2942 qui
3041 2878 3200 2928 illum
3249 2877 3636 2934 emendasset;
3681 2887 3880 2923 verum

2245 2957 2431 3016 postea
2477 2950 2813 3014 deprehendi
2855 2963 2977 3000 eam
3036 2949 3482 2999 emendationem
3534 2947 3704 2996 fuisse
3757 2944 3880 2994 fac-

2247 3027 2354 3072 tam
2410 3029 2534 3073 ante
2581 3036 2669 3072 me
2721 3035 2751 3071 a
2809 3021 3046 3084 Rigaltio
3095 3021 3150 3069 in
3204 3017 3687 3069 observationibus
3735 3016 3880 3065 suis.

2246 3095 2436 3158 Neque
2465 3093 2598 3143 mihi
2642 3093 2824 3157 placet
2863 3105 3100 3142 censura
3130 3089 3396 3142 Gronovii
3423 3090 3699 3140 censentis
3727 3087 3880 3136 hanc

2245 3165 2463 3229 Rigaltii
2507 3164 2949 3214 emendationem
2997 3177 3108 3212 non
3160 3176 3280 3212 esse
3327 3163 3677 3226 legitimam:
3730 3158 3879 3207 nihil

511 3219 849 3294 Clinia
879 3219 935 3291 et
960 3219 1798 3307 eum
2163 3219 2216 3292 Ο
2243 3219 2390 3286 enim
2422 3236 2491 3285 ad
2532 3236 2683 3285 hunc
2727 3235 2911 3307 locum
2963 3235 3174 3284 faciunt
3213 3219 3412 3307 verbav
3427 3233 3878 3307 Pliniitattentugs

509 3315 567 3364 in
620 3312 956 3374 cupressetis
1013 3310 1344 3361 Cnidiorum
1409 3317 1462 3362 et
1526 3315 1716 3376 spatiis
1778 3316 2140 3378 sylvestribus

511 3385 580 3434 de
618 3383 882 3432 institutis
926 3396 1115 3432 rerum
1163 3382 1512 3446 publicarum
1545 3398 1610 3433 ac
1643 3385 1712 3434 de
1755 3387 1977 3449 optimis
2005 3388 2139 3452 legi-

509 3455 616 3506 bus
644 3454 976 3518 disputasse,
1003 3455 1080 3503 ait
1109 3467 1168 3504 se
1197 3459 1250 3504 et
1290 3454 1561 3517 Quintum
1599 3461 1654 3505 et
1700 3459 1965 3520 Atticum,
1998 3461 2142 3510 inter

506 3527 919 3591 procerissimae
943 3524 1195 3589 pOpulos,
1229 3526 1283 3574 in
1316 3526 1475 3575 viridi
1501 3541 1786 3590 opacaque
1815 3530 1932 3592 ripa
1968 3531 2140 3579 inam-

509 3598 789 3657 bulantes,
814 3599 931 3645 tum
965 3599 1149 3645 autem
1177 3595 1500 3656 residentes,
1529 3599 1818 3661 quassiisse
1847 3599 2043 3649 iisdem
2070 3599 2138 3650 de

508 3669 676 3720 rebus
724 3667 932 3731 aliquid
989 3666 1218 3716 uberius
1281 3681 1448 3731 quam
1505 3669 1740 3719 forensis
1794 3684 1930 3720 usus
1989 3671 2137 3722 desi-

508 3742 678 3791 deret.
735 3739 829 3789 Sic
890 3738 1174 3788 Lucianus
1232 3739 1287 3787 in
1343 3739 1558 3803 Dialogo
1611 3741 1796 3791 domus
1852 3741 2136 3792 Socratem

508 3813 581 3861 ait
626 3809 733 3860 sub
783 3809 1006 3872 platano
1055 3807 1346 3858 frondente
1403 3814 1456 3860 et
1504 3811 1673 3861 herba
1725 3813 2030 3864 virescente
2082 3817 2137 3862 et

505 3884 658 3932 fonte
713 3880 942 3944 limpido
1007 3879 1221 3930 sedisse
1267 3894 1395 3930 cum
1457 3882 1690 3932 Phwdro
1747 3884 2132 3948 Myrrhinusio.

506 3953 646 4003 Vide
673 3951 1032 4002 Sirmondum
1058 3953 1115 4000 in
1148 3952 1292 4000 notis
1319 3952 1384 4001 ad
1413 3952 1730 4017 Sidonium,
1759 3955 1854 4005 lib.
1888 3969 1943 4016 ιι,
1974 3957 2132 4020 epist.

505 4028 552 4088 1,
578 4026 636 4074 in
669 4022 836 4072 verbo
863 4022 1266 4085 Hippodromus.

445 4137 448 4140 .
569 4096 668 4158 (15)
717 4096 776 4143 1η
826 4106 1002 4142 aures.
1052 4092 1242 4144 Codex
1292 4094 1590 4145 Beccensis
1631 4095 1800 4147 habet
1849 4098 1906 4146 in
1947 4111 2132 4157 auras,

503 4167 652 4232 quod
683 4166 814 4215 satis
841 4165 1093 4228 congruit
1121 4179 1251 4215 cum
1279 4165 1366 4215 his
1391 4180 1518 4231 qum
1549 4173 1878 4232 sequuntur.

565 4239 660 4300 (16)
695 4237 916 4287 Animus
957 4235 1130 4285 simul.
1189 4235 1341 4286 Idem
1391 4238 1569 4289 codex
1614 4254 1624 4288 :
1662 4258 1691 4285 «
1718 4242 1920 4290 Anima
1966 4242 2132 4292 simul

501 4313 558 4361 et
587 4308 810 4359 auditus
838 4307 1125 4356 instruitur
1151 4310 1204 4357 et
1227 4310 1474 4372 pascitur
1499 4309 1746 4360 obtutus.
1779 4326 1807 4358 io

565 4382 666 4443 (i7)
701 4378 892 4429 Oculus
945 4383 1079 4429 tuus.
1119 4379 1256 4428 Hinc
1301 4384 1384 4429 est
1425 4381 1588 4430 lectio
1641 4386 1889 4432 veterum
1937 4381 2132 4432 editio-

501 4465 640 4502 num
680 4454 733 4500 et
760 4449 1126 4514 plurimorum
1157 4454 1402 4501 veterum
1431 4452 1687 4502 codicum
1717 4455 1938 4516 optimm
1964 4457 2125 4504 notae.

502 4522 722 4574 Primus
760 4522 1011 4570 omnium
1056 4519 1328 4585 Rigaltius
1368 4524 1601 4572 mutavit
1641 4527 1697 4573 et
1737 4524 1929 4585 edidit,
1955 4524 2130 4575 oculos

2240 3312 2287 3356 et
2349 3307 2604 3371 pendens,
2672 3319 2797 3370 quae
2863 3305 3207 3359 Gronovius,
3275 3304 3370 3353 lib.
3451 3317 3509 3353 ιιι
3599 3301 3873 3352 Οὸεονυυι.

2241 3392 2360 3442 cap.
2393 3378 2472 3434 i2,
2518 3377 2675 3427 affert
2716 3383 2779 3426 ut
2809 3376 3061 3427 ostendat
3092 3389 3285 3426 vocem
3319 3388 3411 3425 Ore
3449 3387 3560 3424 non
3592 3386 3712 3423 esse
3748 3385 3877 3420 mu-

2239 3450 2470 3499 tandum
2501 3451 2556 3498 in
2587 3462 2736 3499 aure.

2300 3523 2394 3584 (19)
2442 3522 2592 3570 Totus
2627 3521 2862 3570 auditor.
2907 3520 3134 3578 Plinius,
3167 3518 3262 3568 lib.
3307 3531 3342 3578 ι,
3374 3531 3494 3581 cap.
3541 3519 3588 3576 7,
3630 3515 3874 3578 loquens

2238 3593 2306 3644 de
2330 3595 2446 3644 Deo
2481 3607 2493 3641 :
2520 3610 2548 3638 ‹‹
2575 3593 2747 3643 Totus
2770 3597 2853 3642 est
2887 3593 3056 3653 visus,
3086 3596 3233 3642 totus
3257 3590 3504 3641 auditus.
3531 3607 3559 3633 »
3592 3589 3729 3638 Item
3759 3586 3876 3636 No-

2238 3667 2490 3714 vatianus
2513 3665 2568 3713 in
2598 3663 2739 3713 libro
2769 3663 2832 3712 de
2865 3663 3120 3712 Trinitate
3144 3679 3160 3710 :
3193 3680 3218 3707 «
3247 3661 3530 3712 Caeterum
3570 3661 3684 3723 ipse
3716 3663 3873 3707 totus

2237 3737 2453 3799 oculus,
2501 3735 2632 3800 quia
2681 3738 2825 3784 totus
2871 3735 3054 3794 videt;
3105 3739 3250 3784 totus
3303 3735 3482 3795 auris,
3536 3733 3666 3796 quia
3714 3733 3870 3780 totus

2236 3809 2450 3858 audit.»
2479 3809 2624 3858 Hinc
2648 3812 2873 3857 sanctus
2901 3807 3010 3857 Leo
3036 3821 3174 3870 papa
3192 3808 3245 3855 in
3272 3817 3528 3856 sermone
3555 3801 3869 3852 Nativitatis

2235 3881 2457 3930 Domini
2495 3893 2506 3927 :
2534 3898 2560 3925 «
2593 3880 2864 3928 Dominus
2894 3882 3021 3928 tuus
3063 3878 3273 3941 ubique
3303 3889 3564 3939 praesens.
3591 3891 3620 3922 ›>
3649 3873 3716 3921 Et
3754 3871 3866 3933 Cy-

2234 3952 2460 4014 prianus
2503 3951 2636 4014 ipse,
2679 3951 2733 3998 in
2782 3950 2938 3998 initio
2996 3948 3122 3997 libri
3178 3949 3241 3998 de
3281 3950 3528 3997 Oratione
3585 3943 3866 3994 Dommica

2235 4029 2376 4085 (pag.
2401 4021 2531 4083 205),
2565 4023 2637 4070 ait
2669 4035 2680 4068 :
2713 4039 2738 4065 «
2769 4021 2947 4070 Deum
2977 4019 3186 4084 ubique
3217 4031 3337 4070 esse
3382 4020 3732 4082 praesentem,
3763 4027 3866 4064 au-

2233 4093 2350 4143 dire
2380 4105 2574 4142 omnes
2601 4095 2656 4141 et
2679 4091 2881 4142 videre.
2909 4109 2936 4135 »

2296 4165 2397 4227 (20)
2449 4163 2616 4213 Exilis
2684 4163 2897 4226 ingenii.
2967 4162 3344 4226 Hieronymus
3410 4162 3467 4210 in
3529 4158 3863 4210 Prasiatione

2233 4239 2357 4290 libri
2395 4237 2538 4287 tertii
2582 4236 2637 4284 in
2686 4233 2987 4298 Epistolam
3027 4233 3096 4282 ad
3141 4234 3404 4284 Galatas:
3453 4231 3627 4282 Exilis
3658 4229 3864 4293 ingenii

2230 4308 2461 4360 rivulum
2508 4308 2599 4356 vis:
2641 4319 2810 4370 parvo
2869 4311 3173 4369 strepentem
3227 4318 3499 4354 murmure
3552 4303 3856 4353 sentientes.

2233 4382 2510 4437 Ruricius,
2541 4378 2834 4442 episcopus
2881 4376 3317 4436 Lemovicensis,
3343 4375 3437 4425 lib.
3477 4389 3513 4435 ι,
3557 4375 3718 4438 epist.
3757 4372 3858 4422 10:

2233 4471 2258 4497 α
2288 4453 2371 4502 Me
2412 4451 2598 4501 sciatis
2649 4449 2899 4498 laborare
2941 4451 3182 4513 egestate
3233 4461 3298 4498 ac
3345 4447 3633 4498 sterilitate
3689 4444 3862 4493 exilis

2232 4524 2454 4587 ingenii.
2489 4541 2516 4568 »
2560 4520 2930 4584 Symmachus
2971 4519 3068 4570 lib.
3113 4534 3186 4581 ix,
3214 4521 3372 4583 epist.
3419 4518 3521 4567 t0:
3565 4535 3593 4562 «
3626 4515 3731 4565 Mei
3773 4516 3862 4587 in-

501 4600 613 4645 tuos
652 4592 788 4655 fixus
835 4606 903 4642 es.
952 4591 1154 4643 Secuta
1208 4599 1291 4644 est
1337 4599 1528 4658 postea
1577 4595 1744 4646 editio
1802 4586 2374 4660 Anglicana,Dgenii
2418 4594 2642 4645 exilitas
2683 4591 2850 4641 etiam
2893 4604 3087 4654 parum
3136 4592 3443 4640 miratur.»
3492 4586 3862 4660 Aliiszerbis

500 4679 628 4730 quas
671 4663 1042 4728 Rigaltianam
1086 4665 1295 4714 imitata
1339 4668 1440 4726 est,
1471 4669 1726 4730 quamvis
1772 4668 1828 4716 in
1867 4681 1928 4717 ea
1959 4667 2128 4718 adno-

495 4741 669 4788 tatum
693 4738 763 4785 sit
791 4736 1087 4786 lectionem
1114 4750 1283 4800 quam
1311 4751 1414 4787 nos
1452 4751 1780 4788 revocamus
1821 4744 2043 4789 exstare
2069 4741 2124 4788 in

495 4807 750 4873 pluribus
815 4808 1059 4872 antiquis
1131 4807 1418 4859 codicibus
1483 4811 1892 4874 manuscriptis.
1963 4811 2126 4861 Miror

497 4886 683 4931 autem
714 4893 837 4930 eam
866 4879 1184 4940 lectionem,
1215 4893 1342 4944 quas
1385 4881 1578 4931 Latina
1607 4895 1718 4931 non
1750 4886 1849 4939 est,
1879 4881 2125 4945 potuisse

493 4951 714 5014 placere
761 4949 1082 5000 hominibus
1123 4951 1371 5001 eruditis.
1407 4951 1597 5002 Ortam
1645 4952 1798 5001 illam
1844 4965 1966 5002 esse
2014 4966 2124 5001 ma-

495 5023 757 5072 nifestum
804 5028 888 5070 est
935 5036 1003 5070 ex
1045 5025 1448 5085 permutatione
1507 5025 1814 5073 litterarum
1864 5038 1893 5072 ο
1953 5029 2009 5074 et
2057 5039 2123 5081 ιι,

495 5106 635 5156 quas
687 5092 1088 5154 Quintilianus,
1113 5093 1205 5142 lib.
1252 5107 1289 5149 ι,
1317 5108 1435 5157 cap.
1491 5096 1536 5155 4,
1570 5095 1797 5144 adnotat
1825 5095 1957 5143 olim
1999 5108 2123 5158 per-

495 5178 645 5226 saepe
692 5165 892 5214 mutari
942 5166 1132 5214 solitas
1176 5167 1230 5214 in
1275 5167 1588 5226 scribendo,
1615 5167 1764 5230 quod
1807 5168 1976 5216 etiam
2019 5167 2120 5216 ad--

497 5239 750 5284 notatum
788 5236 964 5298 reperi
1009 5235 1064 5285 in
1097 5236 1238 5286 libro
1281 5238 1458 5300 primo
1510 5238 1788 5287 Prisciani.
1842 5238 2030 5301 itaque
2067 5239 2122 5286 in

495 5309 874 5358 vetustissimo
944 5309 1301 5372 epistolarum
1359 5313 1537 5360 sancti
1590 5310 1855 5374 Cypriani
1901 5311 2120 5372 codice,

495 5379 619 5429 i305
647 5379 1006 5430 bibliothecae
1047 5379 1398 5440 Colbertinaa,
1431 5383 1526 5446 qui
1557 5382 1661 5431 fuit
1691 5382 1821 5431 olim
1851 5381 2120 5443 Thuanae,

493 5450 696 5500 diserte
722 5451 988 5514 scriptum
1015 5457 1099 5502 est
1140 5451 1316 5501 oculos
1360 5458 1474 5502 tuos
1506 5454 1642 5516 ﬁxus
1685 5459 1772 5511 est,
1815 5453 1911 5502 sed
1957 5467 2121 5516 supra

490 5521 694 5572 lineam
724 5523 902 5571 littera
932 5537 963 5571 u
981 5523 1176 5587 juncta
1209 5527 1292 5572 est
1315 5537 1442 5573 cum
1488 5525 1575 5573 his
1609 5523 1826 5574 duabus
1872 5524 2118 5585 vocibus,

491 5599 553 5643 ut
582 5596 747 5643 sciret
780 5594 953 5643 lector
982 5594 1422 5646 emendationem
1460 5608 1581 5646 esse
1622 5601 1678 5646 et
1712 5609 1832 5645 eam
1876 5609 1997 5646 esse
2029 5609 2118 5646 ve-

491 5679 607 5715 ram
641 5665 938 5715 lectionem
969 5679 1095 5730 quaa
1137 5669 1479 5731 superposita
1511 5671 1644 5717 erat.
1683 5669 1817 5717 Nam
1846 5682 1948 5730 ego
1972 5680 2120 5731 Sil-3106

491 5737 606 5787 vidi
632 5739 687 5786 in
718 5739 948 5787 vetustis
987 5737 1276 5788 codicibus
1315 5739 1548 5788 aliorum
1594 5741 1920 5803 scriptorum
1965 5754 2121 5788 euin-

491 5809 618 5860 dem
663 5809 888 5860 modum
938 5810 1344 5860 emendationis
1390 5813 1690 5869 servatum,
1721 5813 1982 5860 nimirum
2023 5810 2120 5860 ubi

489 5894 587 5951 per
616 5895 852 5934 errorem
891 5881 1096 5947 scripta
1126 5886 1242 5933 erat
1286 5883 1465 5933 littera
1494 5899 1521 5930 ο
1563 5884 1964 5949 superpositam
1998 5895 2119 5934 csse

2229 4658 2374 4718 idem
2424 4667 2562 4715 dixit
2614 4664 2960 4722 Lactantius,
3026 4663 3080 4712 in
3129 4662 3306 4725 capite
3363 4661 3539 4724 primo
3602 4658 3726 4708 libri
3795 4659 3860 4709 de

2229 4741 2439 4804 Opi/icio
2492 4740 2640 4788 Dei:
2691 4754 2719 4784 α
2757 4739 3034 4796 Quantum
3088 4735 3424 4799 possibilitas
3474 4733 3858 4796 intelligentia:

2228 4803 2369 4864 meas
2413 4809 2674 4875 pervidet.
2709 4828 2736 4853 »
2783 4807 3104 4868 Cassianus,
3129 4809 3187 4857 in
3234 4806 3552 4870 praefatione
3595 4803 3857 4854 Collatio-

2224 4898 2360 4933 num
2404 4898 2414 4930 :
2462 4900 2489 4925 «
2518 4883 2578 4931 In
2624 4883 2892 4944 quantum
2936 4881 3175 4929 tenuitas
3221 4880 3392 4928 nostri
3433 4875 3650 4926 suﬂecit
3695 4877 3854 4940 inge-

2225 4957 2320 5005 nii.
2355 4974 2382 4999 »
2426 4953 2612 5004 Julius
2663 4953 2950 5012 Firmicus,
2991 4954 3045 5000 in
3077 4951 3395 5014 praefatione
3425 4950 3486 4998 de
3521 4949 3864 4998 Institutione

2226 5026 2552 5076 Mathescos:
2603 5042 2630 5068 ‹‹
2671 5024 2730 5072 In
2782 5023 2944 5072 nobis
2992 5026 3159 5072 tenue
3203 5024 3286 5071 est
3333 5021 3694 5083 ingenium.»
3747 5017 3860 5068 Pro

2225 5112 2336 5162 quo
2394 5096 2658 5146 Martialis
2734 5093 2828 5144 lib.
2884 5107 2972 5156 ix,
3025 5093 3195 5158 epigr.
3248 5094 3338 5151 5|,
3395 5092 3535 5140 dixit
3597 5089 3862 5152 pusillum

2223 5169 2506 5234 ingenium.
2563 5167 2972 5230 Hieronymus,
3025 5166 3082 5214 in
3145 5163 3428 5228 epitaphio
3491 5162 3783 5234 Nepotiani
3841 5177 3858 5210 :

2223 5259 2252 5290 ‹‹
2281 5232 2530 5292 Grandes
2563 5240 2822 5289 materias
2867 5237 3088 5300 ingenia
3134 5249 3300 5300 parva
3347 5247 3459 5284 non
3496 5232 3794 5282 sustinent.
3827 5252 3866 5280 ιι

2223 5310 2503 5362 Arnoldus
2568 5309 2979 5360 Bonevallensis
3043 5308 3100 5356 in
3165 5307 3408 5357 editione
3472 5303 3786 5368 Anglicana
3845 5320 3862 5354 :

2223 5401 2250 5431 a
2276 5382 2557 5434 Sublimes
2591 5380 2848 5430 materias
2876 5379 3202 5430 sublimium
3237 5377 3588 5440 ingeniorum
3617 5375 3876 5438 exigunt

2223 5458 2562 5505 tractatores.
2593 5467 2622 5498 »
2665 5451 2854 5502 Recte.
2911 5471 2939 5497 ‹‹
2977 5450 3198 5501 Etenim
3252 5461 3451 5512 magna
3499 5447 3742 5510 ingenia,
3797 5452 3880 5500 ut

2221 5529 2298 5577 ait
2335 5526 2580 5576 Velleius
2619 5523 2962 5586 Paterculus,
2994 5522 3212 5586 magnis
3239 5519 3586 5583 adjutoribus
3607 5522 3801 5581 egent.
3830 5539 3876 5566 ab

2223 5599 2490 5649 Praeclare
2536 5597 2912 5658 Quintilianus
2968 5597 3024 5644 in
3083 5593 3413 5643 Prmfatione
3473 5591 3882 5642 Oratoriarum

2218 5671 2615 5720 [institutionum
2645 5683 2662 5716 :
2715 5687 2741 5713 «
2778 5667 2921 5718 Illud
2966 5670 3149 5716 tamen
3188 5665 3243 5714 in
3291 5662 3484 5728 primis
3528 5659 3880 5716 testandqu

2221 5747 2335 5802 est,
2395 5739 2530 5788 nihil
2586 5743 2859 5802 praecepta
2905 5741 3072 5803 atque
3117 5739 3260 5786 artes
3301 5733 3485 5784 valere
3533 5733 3640 5782 nisi
3693 5732 3892 5796 adju—

2220 5815 2382 5861 vante
2408 5816 2620 5860 natura.
2651 5808 3015 5873 Quapropter,
3051 5807 3144 5858 cui
3187 5806 3358 5856 deerit
3403 5805 3705 5868 ingenium,
3739 5816 3884 5858 non

2219 5883 2395 5950 magis
2435 5882 2560 5934 hac
2600 5883 2802 5948 scripta
2846 5883 2998 5942 sunt,
3027 5891 3194 5944 quam
3222 5876 3292 5928 de
3319 5889 3577 5943 agrorum
3627 5875 3895 5936 cultura
