4028 6200
195 288 269 341 201
1613 282 1791 341 ΕΡΙΞἸ

1896 280 2017 340 Al.

3395 289 3499 344 202

191 410 328 464 nullis
345 408 407 462 ad
435 408 649 479 copiam
676 406 928 462 fcecundi
954 408 1179 478 cespitis
1209 408 1569 463 culminibus
1602 410 1645 443 ¹²
1671 410 1781 481 (21)
1806 425 1860 495 Α
1886 411 1954 463 tis
2002 409 2049 443 ²²
2093 409 2279 462 saeculi
2323 408 2685 464 nutabundus
2728 427 2792 465 ac
2817 410 3021 465 dubius
3053 411 3302 483 vestigiis
3335 414 3503 467 ober-

192 503 501 573 ingravescit.
525 502 843 572 Aggrediar
866 507 1055 556 tamen
1080 502 1346 556 facultate
1372 503 1417 535 ‘3
1442 519 1552 573 qua
1582 504 1778 570 valeo;

190 612 296 650 nam
325 599 371 648 et
394 594 629 648 materia
657 594 879 649 dicendi
907 595 1039 649 facit
1066 610 1299 649 mecum
1330 597 1403 649 ¹⁴.
1436 596 1497 648 In
1520 595 1784 665 judiciis,

190 691 235 742 iu
262 688 507 741 concione
536 688 583 721 ¹⁵
630 704 733 757 pro
763 688 976 756 rostris,
1014 688 1287 758 opulenta
1324 688 1583 742 facundia
1625 688 1785 741 volu-

185 782 263 835 bili
309 782 348 815 ¹⁶
386 781 687 835 ambitione
727 780 992 850 jactetur.
1036 783 1192 837 Cum
1248 798 1382 835 vero
1423 781 1491 835 de
1544 782 1786 835 Domino

188 872 345 945 198
383 876 492 928 Deo
540 875 583 908 ιτ
631 890 733 927 vox
764 877 871 940 est,
903 875 1053 928 vocis
1082 891 1223 945 pura
1254 875 1300 908 ¹⁸
1329 874 1637 928 sinceritas
1668 891 1784 929 non

187 968 488 1038 eloquentiae
512 967 731 1021 viribus
763 966 869 1035 (22)
900 968 1102 1021 nititur
1142 968 1211 1022 ad
1256 967 1388 1022 fidei
1426 973 1785 1037 argumenta,

186 1060 262 1114 sed
321 1060 495 1114 rebus.
546 1060 800 1130 Denique
853 1062 1044 1129 accipe
1099 1078 1213 1114 non
1274 1060 1486 1114 diserta
1531 1061 1643 1131 (23)
1692 1062 1787 1115 sed

183 1153 338 1220 fortia,
378 1170 477 1207 nec
499 1152 572 1207 ad
610 1153 915 1207 audientim
937 1154 1043 1221 (24)
1074 1153 1366 1224 popularis
1394 1154 1718 1207 illecebram
1742 1155 1786 1188 ‘9

186 1249 308 1300 culto
335 1263 588 1300 sermone
623 1248 811 1300 fucata
842 1247 911 1313 ’0,
948 1246 1051 1300 sed
1082 1247 1150 1301 ad
1190 1247 1446 1301 divinam
1483 1248 1784 1317 indulgen-

184 1341 297 1393 tiam
331 1340 749 1410 praedicandam
794 1340 921 1394 rudi
966 1340 1205 1395 veritate
1249 1340 1545 1411 simplicia.
1580 1341 1785 1411 Accipe

184 1432 301 1503 quod
329 1434 561 1487 sentitur
585 1440 891 1503 antequam
914 1433 1005 1487 dic
1033 1434 1163 1502 itur,
1186 1450 1285 1487 nec
1313 1450 1413 1504 per
1428 1450 1617 1488 moras
1642 1438 1783 1488 tem-

184 1543 351 1596 porum
394 1526 561 1597 longa
599 1527 908 1597 agnitione
948 1527 1271 1598 colligitur,
1312 1528 1408 1582 sed
1448 1528 1785 1599 compendio

186 1621 355 1689 gratia:
380 1620 717 1674 maturantis
743 1620 1031 1675 hauritur.

1892 502 2145 556 rentibus
2182 502 2537 569 ﬂuctuarem,
2580 503 2706 557 vitae
2738 503 2786 538 ’3
2816 521 2956 559 mea:
2994 506 3235 575 nescius,
3271 507 3517 561 veritatis

1890 613 1956 649 ac
2010 596 2148 649 lucis
2190 596 2429 663 alienus,
2491 596 2719 649 difﬁcile
2772 614 3001 667 prorsus
3057 615 3121 653 ac
3165 600 3369 653 durum
3415 618 3517 671 pro

1888 688 1995 741 illis
2036 695 2169 742 tunc
2213 688 2468 742 moribus
2509 689 2789 758 opinabar
2816 690 2964 759 quod
3016 691 3072 745 in
3101 693 3345 747 salutem
3374 694 3519 748 mihi

1888 782 2084 836 divina
2112 781 2470 853 indulgentia
2502 782 2895 853 pollicebatur,
2918 788 2981 836 ut
3009 786 3133 854 quis
3164 787 3379 840 renasci
3412 788 3519 859 (27)

1888 876 2078 930 denuo
2144 880 2375 945 posset,
2448 880 2623 946 utque
2682 876 2741 928 in
2795 893 2997 930 novam
3060 878 3233 932 vitam
3298 880 3515 934 lavacro

1889 986 2054 1039 aqum
2111 970 2375 1023 salutaris
2439 969 2722 1023 animatus
2777 970 2857 1037 9‘,
2932 972 3079 1040 quod
3138 972 3291 1041 prius
3335 973 3520 1027 fuerat

1888 1069 2214 1133 exponeret,
2247 1067 2322 1129 et,
2352 1064 2604 1133 corporis
2627 1064 2759 1117 licet
2784 1063 2832 1097 95
2860 1067 3126 1118 manente
3158 1081 3432 1135 compage
3451 1066 3518 1131 96,

1888 1156 2179 1210 hominem
2227 1155 2421 1210 animo
2470 1172 2535 1209 ac
2582 1161 2775 1210 mente
2815 1157 2861 1189 ³⁷
2909 1160 3175 1210 mutaret.
3205 1157 3306 1220 Qui
3343 1159 3520 1228 possi-

1886 1248 2013 1301 bilis
2044 1249 2113 1313 ⁵³⁸,
2156 1248 2398 1315 aiebam,
2442 1253 2525 1302 est
2556 1251 2715 1301 tanta
2750 1249 3061 1315 conversio,
3094 1255 3157 1303 ut
3185 1254 3425 1320 repente
3461 1268 3523 1305 ac

1886 1341 2194 1412 perniciter
2224 1347 2462 1396 exuatur
2487 1342 2639 1412 quod
2670 1343 2757 1396 vel
2783 1342 3097 1412 genuinum
3127 1343 3234 1396 situ
3263 1344 3310 1377 99
3342 1348 3517 1398 mate-

1888 1434 1985 1488 riae
2038 1435 2310 1488 naturalis
2357 1434 2649 1503 obduruit,
2705 1436 2792 1489 vel
2848 1441 3182 1506 usurpatum
3224 1437 3318 1490 diu
3366 1438 3522 1492 senio

1886 1530 2178 1582 vetustatis
2217 1528 2500 1582 inolevit?
2544 1531 2669 1583 Alta
2718 1529 2838 1583 haec
2885 1533 2941 1582 et
2990 1530 3269 1599 profunda
3300 1532 3525 1601 penitus

1888 1621 2075 1675 radice
2128 1621 2417 1675 sederunt.
2472 1622 2714 1684 Quando
2770 1622 3178 1692 parcimoniam
3212 1623 3372 1678 discit
3423 1626 3520 1695 qui

1889 1715 2213 1786 epularibus
2242 1716 2409 1769 comis
2441 1718 2499 1768 et
2538 1715 2714 1785 largis
2746 1716 2982 1786 dapibus
3019 1718 3308 1771 assuevit?
3336 1722 3391 1771 et
3418 1718 3515 1787 qui

242 1811 320 1865 ΙΙΙ.
369 1812 482 1879 Ego
541 1811 585 1844 ²¹
620 1826 751 1864 cum
796 1810 854 1864 in
890 1810 1140 1865 tenebris
1185 1810 1292 1881 (25)
1322 1814 1491 1880 atque
1536 1809 1591 1863 in
1626 1786 2131 1879 nocteBpretiosa
2174 1812 2326 1862 veste
2385 1808 2722 1877 conspicuus
2772 1808 2830 1862 in
2875 1825 3015 1863 auro
3060 1813 3230 1880 atque
3272 1810 3329 1864 in
3377 1786 3512 1881 pur-

182 1919 299 1958 cazca
346 1904 452 1975 (26)
502 1902 694 1975 199
732 1904 1007 1975 jacerem,
1058 1919 1305 1976 cumque
1334 1903 1391 1957 in
1424 1905 1542 1959 salo
1568 1904 1788 1974 jactan-

1894 1919 2038 1973 pura
2097 1903 2203 1972 (28)
2251 1902 2444 1970 fulsit,
2508 1901 2578 1956 ad
2633 1901 2923 1973 plebeium
2978 1919 3035 1957 se
3086 1919 3148 1956 ac
3201 1903 3518 1974 simplicem

1524 2103 1735 2168 Variae
1790 2102 2143 2167 lectiones.‘

228 2264 261 2291 ¹²
290 2260 492 2311 Culmis
523 2260 677 2309 Oxon.

177 2332 412 2380 concione
444 2329 569 2378 Thu.
602 2331 738 2379 Foss.
837 2330 876 2361 ¹⁶
906 2329 1091 2379 Nobili
1122 2328 1247 2378 Fab.

181 2399 210 2438 1"
235 2399 513 2449 lllecebras
571 2402 663 2448 Ar.
728 2399 867 2448 Lam.
961 2400 1001 2429 ²⁰
1032 2400 1298 2449 Fucatam
1346 2400 1465 2448 Thu.

179 2467 419 2534 Corporea
443 2469 642 2532 Rigalt.
736 2470 778 2499 ³⁵
807 2469 1063 2519 Manente
1087 2471 1314 2519 materia
1345 2469 1467 2517 Thu.

770 2263 809 2292 '3
839 2259 1185 2310 Facultatem
1213 2260 1326 2309 Ben.
1398 2263 1437 2292 ¹⁴
1464 2260 1671 2310 Metum
1709 2258 1859 2309 Gaul.
1930 2261 1967 2291 ’⁵
2022 2259 2081 2307 In
2116 2257 2310 2320 judicii
2361 2257 2719 2307 contentione
2774 2257 2903 2306 Vict.
2953 2258 3068 2306 Lin.
3107 2258 3266 2306 Gaul.
3309 2259 3518 2311 Judicii

1346 2328 1387 2361 ’⁷
1412 2330 1652 2379 Domino
1683 2334 1737 2378 et
1766 2330 1882 2378 Deo
1914 2330 2051 2378 Foss.
2080 2328 2150 2377 Et
2171 2328 2239 2377 de
2266 2328 2504 2376 Domino
2532 2331 2583 2377 et
2613 2326 2681 2377 de
2705 2328 2822 2377 Deo
2851 2328 2972 2375 Thu.
3042 2326 3080 2359 ’⁸
3114 2329 3269 2378 Pura:
3312 2329 3443 2379 Voss.
3472 2334 3517 2380 4.

1555 2403 1598 2431 ¹¹
1630 2399 1776 2462 Ergo
1824 2401 2017 2449 Pamel.
2063 2399 2229 2447 nullis
2266 2397 2528 2461 prwsidiz‘s
2558 2399 2747 2460 posuit.

1561 2468 1603 2501 ’⁷
1633 2470 1939 2518 Hominum
1987 2482 2051 2518 ac
2089 2470 2331 2518 mentem
2380 2468 2501 2515 Vict.

2837 2400 2878 2429 ²¹
2904 2398 3087 2461 Hujus
3115 2412 3287 2447 omnes
3315 2404 3362 2447 et
3406 2416 3525 2450 mss.

2592 2466 2633 2499 ³⁸
2661 2466 2808 2529 Quid
2840 2468 3237 2531 impossibilius
3272 2470 3514 2532 aiebam,

176 2554 318 2602 quam
340 2542 471 2589 Pem.
504 2542 648 2589 Lam.
682 2538 772 2587 Eb.
804 2540 918 2601 Reg.
948 2538 1095 2600 Quin
1132 2541 1263 2587 Pam.
1302 2541 1438 2588 F033.
1467 2540 1617 2600 Spir.
1645 2542 1779 2589 Rem.
1811 2541 1985 2588 Manu.
2013 2538 2117 2588 Cui
2157 2538 2305 2587 Gaul.
2339 2538 2477 2585 Lam.
2508 2536 2800 2598 Quomodo
2821 2538 2953 2585 Voss.
2980 2540 3025 2586 4.
3096 2538 3138 2568 ²⁹
3166 2539 3428 2590 Genitum
3460 2542 3518 2590 in

177 2611 296 2673 sinu,
317 2616 429 2659 nota
458 2611 776 2673 marginalia
806 2614 898 2659 vel.
930 2609 1043 2659 cod.
1081 2608 1325 2660 Gemino
1355 2612 1463 2660 situ
1505 2611 1637 2659 Voss.
1667 2612 1714 2659 4.
1739 2610 1879 2673 Spir.
1913 2607 2177 2658 Genitum
2206 2608 2259 2655 in
2286 2607 2414 2656 sinu
2441 2607 2561 2655 Bod.
2588 2606 2634 2656 3.

1441 2756 1665 2838 Steph.
1716 2755 1960 2819 Baluzii
2005 2760 2203 2817 notae.

180 2928 436 2979 sterilibus
471 2930 651 2979 terris.
680 2947 709 2977 »
752 2929 920 2989 Idem,
946 2931 1040 2981 lib.
1084 2944 1198 2989 vm,
1236 2944 1356 2995 cap.
1386 2933 1435 2989 4,
1465 2932 1540 2980 ait
1581 2934 1639 2980 ut
1685 2934 1790 2980 ter-

176 3013 277 3047 ram
316 3000 485 3063 cultu,
525 3001 609 3051 sic
650 3003 890 3051 animam
943 3002 1250 3066 disciplinis
1296 3002 1608 3052 uberiorem
1652 3000 1787 3050 ﬁeri.

185 3070 485 3122 Ammianus
557 3072 937 3135 Marcellinus,
993 3075 1153 3123 initio
1203 3074 1329 3123 libri
1378 3086 1528 3123 XVI:
1587 3073 1794 3121 Instru-

1893 2928 2107 2992 aspexit
2141 2931 2195 2977 et
2219 2926 2416 2976 stultos
2446 2926 2501 2975 in
2531 2938 2621 2975 me
2646 2924 2950 2976 mundana
2988 2926 3274 2989 sapientiae
3313 2926 3523 2977 diutius

1892 3000 2089 3049 haberi
2134 3011 2330 3047 sensus
2376 2994 2633 3060 indoluit,
2666 3011 2731 3046 ac
2775 2998 2987 3046 fatuum
3036 2997 3344 3059 prudentie
3375 3012 3527 3047 mor-

1894 3071 2022 3120 talis
2067 3070 2352 3133 ingenium
2399 3069 2613 3119 caelesti
2657 3069 2770 3118 sale
2801 3067 3059 3117 condivit.
3106 3068 3229 3117 Mox
3260 3072 3321 3118 ut
3348 3072 3528 3119 carnis

178 3148 332 3192 menta
373 3145 566 3193 omnia
607 3144 908 3195 mediocris
949 3146 1158 3209 ingenii
1198 3147 1243 3194 si
1295 3144 1614 3195 suffecerint
1643 3158 1870 3232 com-C
1897 3143 2091 3224 oculos
2156 3141 2382 3223 interior
2424 3140 2646 3232 Δςιιιιιῑὶεοι
2694 3140 2963 3232 dfseru‘it,
3012 3150 3113 3219 per
3176 3143 3359 3232 sentes
3424 3140 3526 3232 diu:

179 3219 410 3264 moturus.
442 3232 472 3262 ››

228 3286 307 3345 ΕΙ)
336 3286 680 3336 Culminibus.
715 3288 793 3336 Ita
831 3301 1028 3339 omnes
1062 3288 1338 3339 editiones
1364 3294 1489 3339 ante
1521 3289 1787 3339 Pamelia-

178 3369 298 3405 nam.
340 3358 713 3409 Consentiunt
757 3362 922 3411 etiam
964 3366 1149 3411 vetera
1200 3364 1555 3424 exemplaria.
1598 3362 1789 3423 Quan-

180 3440 317 3490 quam
371 3434 563 3479 autem
622 3444 730 3480 vox
788 3430 1003 3489 culmis,
1064 3446 1232 3495 quam
1297 3433 1578 3483 Pamelius
1635 3431 1790 3480 alteri

179 3500 449 3560 substituit,
478 3501 631 3549 bona
681 3503 755 3550 sit
785 3507 839 3551 et
866 3502 1076 3552 bonum
1107 3516 1335 3553 sensum
1367 3504 1683 3561 constituat,
1712 3515 1793 3551 re-

177 3572 450 3620 vocandam
499 3585 629 3622 esse
682 3574 871 3636 putavi
912 3578 1159 3624 veterem
1210 3575 1529 3634 lectionem,
1567 3589 1692 3637 quae
1737 3578 1793 3623 et

178 3638 272 3700 ipsa
299 3644 498 3703 optima
542 3646 666 3691 est:
713 3644 937 3694 culmen
980 3646 1130 3695 enim
1168 3646 1449 3707 signiﬁcat
1492 3646 1793 3701 summita-

176 3709 266 3781 tem
304 3710 544 3775 alicujus
587 3714 683 3762 rei.
730 3715 791 3763 In
834 3715 1025 3765 codice
1054 3716 1367 3766 Turonensi
1398 3719 1668 3781 scriptum
1708 3726 1794 3771 est

178 3778 481 3838 culminibus,
514 3787 573 3832 et
604 3797 771 3847 supra
802 3786 1004 3836 lineam
1034 3787 1114 3835 vel
1139 3787 1339 3836 culmis.

225 3849 311 3926 (22)
351 3853 468 3926 Non
516 3852 821 3918 eloquentiae
864 3857 1088 3909 viribus.
1147 3857 1523 3922 Hieronymus
1569 3862 1623 3909 in
1669 3863 1794 3926 epi-

178 3922 291 3991 stola
358 3924 427 3973 ad
508 3926 905 3975 Pammachium
972 3941 1070 3991 pro
1135 3928 1290 3978 libris
1357 3931 1474 3979 suis
1537 3922 1795 3983 adversus

177 3990 519 4066 lacinianunn
571 4011 587 4043 :
653 4015 681 4041 «
747 3998 914 4047 Porro
978 3990 1394 4061 eloquentiam,
1462 4015 1629 4064 quam
1695 4016 1793 4066 pro

178 4059 369 4112 Christo
400 4067 456 4114 in
491 4064 769 4116 Cicerone
799 4059 1129 4123 contemnis,
1160 4070 1214 4117 in
1260 4059 1505 4132 parvulis
1552 4086 1661 4121 non
1695 4059 1791 4122 ἰθ-

179 4135 372 4195 quiras;
432 4137 822 4187 ecclesiastica
875 4139 1290 4200 interpretatio,
1347 4141 1561 4190 etiamsi
1627 4142 1795 4193 habet

180 4204 358 4269 eloquii
440 4212 835 4267 venustatem,
903 4208 1250 4259 dissimulare
1325 4223 1446 4260 eam
1514 4211 1678 4263 debet
1742 4216 1796 4262 et

177 4274 356 4337 fugere.
386 4296 412 4323 υ

230 4346 315 4405 (23)
364 4350 482 4397 Non
556 4348 779 4398 diserta.
850 4349 1229 4412 Hieronymus
1296 4351 1351 4399 in
1423 4352 1653 4415 epistola
1722 4354 1796 4403 ad

176 4414 519 4486 Nepotianum,
566 4418 634 4467 de
689 4421 801 4467 vita
840 4420 1209 4469 clericorum:
1257 4436 1287 4468 α
1318 4414 1465 4470 Audi
1508 4423 1693 4486 igitur,
1731 4430 1794 4473 ut

176 4481 346 4534 beatus
374 4485 694 4550 Cyprianus
740 4490 831 4548 ait,
863 4502 974 4537 non
1006 4488 1227 4550 diserta,
1260 4492 1356 4541 sed
1400 4481 1576 4541 fortia.
1610 4510 1638 4540 »
1679 4481 1790 4545 Ru-

178 4552 341 4626 ricius,
380 4557 475 4605 lib.
524 4570 559 4615 ι,
610 4560 775 4621 epist.
828 4560 887 4607 17
929 4575 939 4607 ;
992 4574 1021 4605 ‹‹
1062 4558 1213 4609 Certi
1257 4574 1451 4610 sumus
1495 4565 1645 4626 quod
1686 4580 1796 4615 non

181 4624 269 4671 tam
297 4625 494 4675 diserta
523 4630 730 4691 cupitis
762 4628 953 4680 audire
993 4629 1091 4680 sed
1120 4631 1299 4680 fortia.
1328 4650 1356 4676 »
1399 4624 1657 4684 Julianus
1702 4638 1798 4687 Po—

182 4697 379 4768 merius,
421 4697 519 4746 lib.
590 4711 668 4758 ιιι,
737 4699 799 4747 de
873 4701 986 4748 Vita
1051 4701 1478 4764 contemplativa,
1516 4719 1633 4768 cap.
1682 4708 1793 4756 34:

180 4782 206 4836 αν
241 4766 599 4818 Prudentibus
634 4769 769 4817 viris
814 4782 926 4819 non
966 4772 1187 4833 placent
1232 4772 1512 4836 phalerato
1556 4766 1652 4826 sed
1689 4778 1798 4827 for-

179 4835 255 4882 tia.
282 4857 307 4881 ι)

234 4908 316 4980 (ξι)
346 4910 447 4958 Nec
474 4910 550 4959 ad
585 4910 868 4960 audientiae
917 4912 1104 4962 Codex
1140 4917 1381 4980 episcopi
1413 4920 1756 4969 Acconensis
1783 4935 1793 4967 :

180 4991 201 5019 ε
224 4976 323 5028 Nec
353 4982 659 5031 audientiw
708 4984 997 5045 popularis
1044 4976 1307 5037 illecebra
1330 4976 1499 5038 -culto
1542 5004 1797 5041 sermone

181 5045 355 5098 fucata.
390 5072 415 5095 Ia

232 5120 317 5174 (ἒς)
369 5124 479 5185 Ego
545 5136 659 5171 cum
726 5125 783 5172 in
865 5126 1108 5175 tenebris.
1181 5127 1326 5178 Citat
1394 5130 1546 5181 hunc
1612 5132 1793 5182 locum

181 5196 375 5259 sanctus
420 5196 805 5257 Augustinus,
862 5210 1017 5245 serm.
1070 5199 1181 5259 312,
1232 5202 1285 5247 in
1346 5213 1488 5249 nova
1535 5202 1792 5253 editione.

183 5256 388 5337 Yidetur
424 5270 617 5314 autem
669 5263 935 5316 Sedulius
978 5267 1048 5317 ab
1081 5256 1185 5319 hoc
1212 5270 1334 5321 loco
1359 5278 1645 5323 mutuasse
1672 5289 1796 5337 quas

183 5327 238 5406 de
270 5345 361 5406 sua
408 5338 779 5387 conversione
822 5338 889 5386 ad
933 5340 1111 5389 Deum
1143 5341 1334 5391 scribit
1361 5343 1415 5391 in
1460 5327 1701 5406 Epistold
1727 5343 1797 5392 ad

181 5403 520 5454 Macedoniam
572 5421 589 5454 :
654 5426 681 5451 «
730 5407 870 5458 Cum
939 5412 1307 5461 saecularibus
1372 5403 1539 5476 igitur
1601 5414 1798 5463 studiis

184 5483 482 5551 occupatus,
531 5480 735 5551 inquit,
797 5482 907 5530 vim
976 5484 1309 5546 impatientis
1374 5486 1602 5550 ingenii,
1648 5485 1797 5549 quod

185 5541 479 5596 Divinitatis
526 5549 583 5596 in
618 5541 723 5599 'me
777 5541 1121 5612 providentia
1169 5541 1468 5618 generavit:
1498 5541 1607 5605 non
1645 5541 1795 5605 utili-

188 5618 263 5691 ἱειῐὶ
303 5621 505 5691 anima:
559 5620 651 5691 sed
698 5623 849 5670 inani
896 5625 1023 5675 vitm
1068 5625 1458 5690 dependerem,
1487 5633 1540 5676 et
1584 5629 1797 5676 littera-

186 5689 267 5733 ria:
311 5689 506 5738 solatia
565 5690 875 5755 disciplinae
930 5689 1154 5745 lusibus,
1207 5697 1538 5746 infructuosi
1585 5698 1798 5761 operis,

188 5767 279 5806 non
340 5762 581 5818 auctori,
628 5762 929 5826 deservire,
984 5767 1207 5817 tandem
1274 5769 1584 5819 misericors
1647 5770 1798 5819 Deus

188 5838 349 5881 rerum
422 5831 679 5885 conditor
750 5835 1087 5889 clementius
1167 5837 1435 5890 fabricam
1512 5842 1598 5891 sui
1658 5840 1797 5905 juris

483 5920 762 5992 Pamon.
808 5925 914 5994 ιν.

1814 4525 1874 4595 D

1895 3215 2036 3263 mosi
2067 3214 2210 3262 ruris
2257 3213 2497 3261 errantia
2528 3212 2583 3259 In
2615 3210 2846 3259 herbam
2872 3210 3025 3259 ﬂorei
3054 3212 3276 3273 cespitis
3317 3213 3530 3261 revolvi

1893 3286 2152 3349 vestigia,
2222 3287 2455 3347 tutoque
2534 3282 2663 3331 nisu
2730 3281 2973 3331 melioris
3039 3280 3246 3329 arbitrii
3313 3284 3524 3333 cultum

1893 3357 2149 3406 illustrati
2182 3356 2423 3424 pectoris
2453 3354 2571 3403 Deo
2601 3352 2800 3403 dicavi.
2833 3371 2860 3397 »
2891 3352 3167 3424 Minucius
3192 3353 3346 3401 Felix
3376 3353 3444 3405 de
3469 3370 3527 3405 se

1890 3428 2127 3491 loquens
2161 3442 2171 3474 :
2210 3445 2235 3472 «
2282 3423 2444 3485 cum,
2478 3424 2726 3473 discussa
2774 3423 3028 3486 caligine,
3058 3423 3127 3472 de
3176 3424 3524 3475 tenebrarum

1893 3498 2167 3561 profundo
2222 3498 2281 3547 in
2334 3497 2516 3546 lucem
2577 3494 2865 3557 sapientia:
2916 3497 2968 3543 et
3020 3495 3235 3542 virtutis
3286 3509 3527 3560 emerge-

1894 3583 2025 3619 rem.
2073 3585 2101 3615 »
2168 3569 2473 3627 anianus,
2542 3566 2829 3629 presbyter
2896 3564 3309 3629 Antiochenus,
3377 3570 3521 3630 apud

1894 3639 2180 3700 Ruﬁnum,
2234 3639 2331 3688 lib.
2368 3651 2449 3699 1x,
2500 3650 2618 3700 cap.
2672 3642 2718 3694 6,
2758 3647 3012 3685 asserens
3061 3633 3225 3683 fidem
3280 3643 3525 3688 nostram

1893 3711 2157 3760 adversus
2209 3710 2447 3772 gentiles
2502 3723 2513 3756 ε
2566 3725 2593 3754 ‹‹
2636 3708 2963 3757 Erravimus
3030 3707 3194 3754 etiam
3262 3721 3363 3757 nos
3429 3711 3525 3760 ali-

1894 3781 2136 3845 quando,
2178 3786 2232 3830 et
2278 3779 2572 3829 simulacra
2621 3791 2747 3841 quae
2797 3778 2901 3841 ipsi
2936 3777 3199 3825 ﬁnximus
3234 3778 3368 3829 deos
3399 3783 3525 3832 ccnli

1894 3866 1958 3901 ac
2006 3855 2164 3901 terras
2236 3851 2569 3915 putabamus
2636 3854 2908 3899 auctores.
2964 3864 2993 3893 »
3059 3848 3523 3916 Commodianus,

1894 3924 2151 3972 Instruct.
2201 3923 2263 3971 26
2311 3937 2321 3969 :
2372 3939 2398 3965 «
2434 3921 2586 3971 Gens
2634 3924 2687 3969 et
2737 3932 2838 3981 ego
2891 3920 2988 3980 fui,
3030 3932 3284 3982 perversa
3336 3928 3524 3977 mente

1894 3999 2161 4054 moratus,
2205 3997 2257 4041 et
2292 3994 2460 4041 vitam
2517 3991 2680 4041 istius
2721 3990 2913 4039 saeculi
2962 4003 3147 4039 veram
3191 4005 3311 4042 esse
3358 4001 3526 4058 puta-

1894 4066 2039 4116 bam.
2072 4080 2101 4110 »
2132 4064 2273 4113 Vide
2304 4065 2467 4113 etiam
2491 4064 2747 4112 Instruct.
2776 4063 2798 4110 1
2829 4066 2883 4110 et
2909 4061 2988 4111 33.

1957 4137 2051 4198 (26)
2096 4138 2150 4185 In
2180 4141 2326 4185 nocte
2354 4148 2506 4185 cwca.
2556 4134 2613 4182 1d
2650 4137 2733 4183 est
2768 4132 3097 4182 idololatria.
3129 4134 3520 4201 Hieronymus,

1894 4209 1949 4256 in
1980 4212 2145 4270 caput
2193 4207 2412 4256 tertium
2459 4207 2613 4255 Jonas
2643 4220 2653 4252 :
2691 4220 2720 4251 (ς
2750 4204 3128 4266 Proponamus
3157 4204 3379 4255 beatum
3414 4208 3523 4272 Cy-

1892 4280 2166 4341 prianum,
2203 4278 2297 4342 qui
2346 4278 2498 4340 prius
2546 4275 2871 4324 idololatria:
2917 4279 3158 4325 assertor
3196 4276 3318 4339 fuit,
3362 4284 3417 4329 et
3464 4282 3523 4331 in

1894 4354 2101 4400 tantam
2133 4350 2363 4413 gloriam
2399 4346 2573 4398 crevit
2599 4346 2932 4409 eloquentia:
2962 4350 3025 4395 ut
3054 4349 3343 4398 oratoriam
3375 4365 3521 4415 quo-

1896 4434 2004 4484 que
2047 4421 2271 4470 doceret
2310 4419 2650 4482 Carthagini,
2687 4416 2905 4466 audisse
2950 4417 3169 4467 tandem
3209 4433 3521 4473 sermonem

1895 4492 2072 4550 Jonse,
2106 4495 2157 4541 et
2186 4490 2253 4539 ad
2293 4490 2672 4553 pmnitentiam
2704 4500 3032 4537 conversum
3075 4489 3129 4537 in
3176 4493 3382 4542 tantam
3426 4507 3521 4543 ve-

1897 4564 2045 4612 nisse
2092 4563 2351 4610 virtutem
2402 4565 2463 4609 ut
2506 4559 2788 4609 Christum
2830 4557 3053 4621 publice
3095 4560 3436 4625 praedicaret,
3468 4567 3522 4613 et

1899 4647 1995 4697 pro
2021 4634 2113 4682 illo
2144 4633 2416 4682 cervicem
2452 4631 2632 4693 gladio
2660 4630 2924 4679 flecteret.
2952 4646 2980 4674 ν

1960 4706 2053 4765 (27)
2087 4704 2317 4752 Renasci.
2360 4703 2478 4751 Non
2523 4702 2671 4750 enim
2716 4700 3016 4759 nascimur,
3047 4700 3145 4749 sed
3178 4703 3520 4753 renascimur

1900 4774 2215 4824 Christiani.
2268 4772 2661 4832 'l‘ertullianus,
2706 4772 2760 4819 in
2801 4768 3134 4832 Apolagetica
3182 4786 3197 4819 :
3250 4787 3279 4819 (κ
3322 4773 3516 4837 Fiunt,

1897 4858 2009 4893 non
2060 4848 2369 4894 nascuntur
2419 4842 2801 4892 Christiani.»
2851 4841 2985 4889 Item
3044 4840 3416 4905 Hieronymus
3462 4847 3519 4894 in

1897 4916 2037 4965 libro
2080 4916 2334 4965 adversus
2383 4912 2725 4976 Vigilantiam
2771 4916 2824 4962 et
2854 4912 2908 4960 in
2940 4911 3181 4974 Epistola
3210 4914 3281 4962 ad
3311 4916 3521 4980 Lartam,

1898 4988 1965 5036 de
2009 4988 2359 5037 Institutione
2404 4985 2548 5034 ﬁliae.
2598 4983 2760 5045 Apud
2806 4984 3155 5044 Primasium,
3186 4986 3240 5033 in
3290 4986 3522 5050 Prologo

1897 5059 2280 5108 commentarii
2322 5059 2376 5106 in
2408 5054 2682 5120 Epistolas
2722 5054 2896 5116 Pauli,
2935 5054 3235 5103 Christiani
3272 5057 3427 5105 aiunt
3454 5058 3524 5108 ad

1896 5130 2124 5179 Judaeos
2158 5145 2169 5177 :
2216 5147 2245 5176 «
2282 5129 2453 5177 Filios
2496 5125 2735 5175 Abrahae
2776 5139 2888 5175 non
2934 5126 3065 5174 facit
3102 5127 3381 5186 nativitas,
3424 5128 3523 5179 sed

1896 5202 2051 5251 ﬁdes.
2084 5219 2110 5245 »
2156 5202 2295 5249 Vide
2345 5213 2470 5263 qua:
2520 5198 2587 5247 de
2632 5196 3074 5247 Christianorum
3118 5198 3405 5249 nativitate
3449 5201 3525 5250 ait

1897 5272 2203 5322 Munnulus
2229 5286 2257 5320 a
2289 5270 2457 5321 Girba
2482 5270 2538 5318 in
2569 5268 2807 5317 concilio
2840 5267 3282 5330 Carthaginensi,
3312 5275 3367 5319 et
3396 5284 3522 5335 quas

1898 5344 2127 5393 Pontius
2158 5343 2426 5392 diaconus
2451 5341 2506 5388 in
2544 5339 2657 5387 Vita
2680 5339 2939 5401 Cypriani
2968 5339 3103 5388 dicit
3132 5338 3199 5390 de
3237 5342 3525 5393 nativitate

1899 5414 2128 5464 cmlesti.

1959 5486 2054 5545 (28)
2110 5485 2168 5532 In
2212 5497 2407 5533 auro...
2451 5494 2715 5545 purpura.
2766 5481 3139 5543 Hieronymus
3184 5482 3239 5531 in
3288 5484 3524 5547 Epistala

1898 5557 1968 5604 ad
1998 5554 2335 5606 Heliodorum
2381 5554 2450 5604 de
2493 5552 2657 5603 laude
2700 5553 2828 5601 vitae
2876 5552 3155 5614 solitariae,
3197 5558 3251 5603 et
3296 5555 3351 5604 in
3395 5558 3524 5619 Epi-

1895 5627 2033 5675 stala
2080 5628 2151 5677 ad
2198 5628 2389 5677 Laetam
2443 5625 2511 5674 de
2564 5623 2919 5672 Institutione
2970 5622 3145 5672 ﬁlim:
3188 5641 3217 5672 ς(
3265 5624 3325 5673 In
3389 5639 3524 5676 auro

1899 5700 2064 5761 atque
2092 5711 2333 5759 purpura
2368 5694 2634 5744 ludere.»
2677 5694 2745 5743 M.
2782 5693 2919 5743 Cato
2962 5694 3108 5756 apud
3151 5697 3214 5743 A.
3262 5695 3524 5757 Gellium,

1900 5768 1995 5817 lib.
2039 5781 2096 5828 ιι,
2131 5781 2249 5830 cap.
2292 5768 2392 5817 18:
2435 5783 2465 5811 «
2498 5766 2672 5814 Fures
2715 5766 3055 5828 privatorum
3112 5765 3423 5815 facinorum
3470 5768 3526 5815 in

1898 5851 2067 5890 nervo
2124 5841 2287 5904 atque
2340 5840 2398 5889 in
2449 5835 2816 5902 compedibus
2865 5839 3086 5885 nitatem
3139 5839 3330 5899 agunt,
3378 5836 3530 5889 fures

3167 5930 3202 5993 7
