4160 6216
305 260 391 318 205

1744 252 2059 311 EPISTOLA
2098 250 2138 309 Ι.

3524 267 3626 325 206

298 396 397 455 est;
443 386 694 457 quamvis
741 401 851 439 non
895 383 1171 454 jactatum
1220 382 1393 453 possit
1443 398 1583 448 esse,
1627 383 1720 435 sed
1775 399 1903 451 gra—
1925 396 1981 467 Α
2005 385 2205 435 teneas
2237 380 2367 451 (39),
2397 380 2439 433 si
2482 380 2674 451 illapsa
2702 383 2748 417 ⁸⁸
2781 380 2893 456 (40)
2922 384 3192 441 ﬁrmitate
3228 388 3443 459 vestigii
3471 393 3550 446 tui
3578 396 3625 429 ‘9

295 492 396 539 tum
416 524 429 547 ,
459 482 730 551 quidquid
762 497 876 533 non
901 478 1093 532 virtuti
1127 476 1379 530 hominis
1408 476 1770 541 adscribitur,
1805 477 1898 528 sed

294 580 350 634 de
382 579 468 632 Dei
517 594 756 631 munere
808 575 1179 646 praedicatur;
1236 578 1299 627 ut
1334 574 1455 643 jam
1508 589 1622 626 non
1666 588 1899 642 peccare

293 689 395 726 esse
442 672 673 741 cceperit
717 669 870 735 tidei,
913 668 1066 740 quod
1110 672 1240 720 ante
1280 669 1577 737 peccatum
1620 668 1721 730 est,
1773 664 1897 718 fue-

289 766 350 818 rit
378 767 417 798 “
464 764 674 818 erroris
724 762 984 815 humani.
1034 760 1132 814 Dei
1182 766 1299 827 est,
1354 759 1611 828 inquam,
1669 757 1763 810 Dei
1818 762 1901 810 est

290 856 461 929 202
494 873 666 911 omne
697 857 743 897 42
777 856 925 925 quod
956 870 1278 925 possumus.
1312 853 1445 907 lude
1482 851 1735 917 vivimus,
1767 849 1898 903 inde

284 951 567 1022 pollemus,
623 950 753 1003 inde
800 954 1026 1017 sumpto
1070 953 1125 1001 et
1168 952 1435 1016 concepto
1462 945 1658 1015 vigore
1693 945 1761 1010 ‘3,
1795 943 1897 998 hac

287 1044 457 1097 adhuc
510 1043 680 1113 positi
728 1042 1052 1095 futurorum
1098 1039 1303 1093 indicia
1349 1038 1772 1109 praenoscimus.
1814 1036 1898 1090 Sit

285 1141 486 1190 tantum
548 1138 719 1189 timor
768 1134 1111 1188 innocentiae
1162 1138 1349 1186 custos
1394 1131 1524 1201 (37),
1574 1136 1655 1199 ut,
1707 1129 1894 1200 quiin

286 1230 488 1279 mentes
538 1231 757 1278 nostras
810 1223 1183 1293 indulgentim
1228 1221 1469 1275 caelestis
1512 1221 1728 1291 allapsu
1775 1220 1890 1274 cle-

286 1322 492 1371 menter
540 1318 813 1372 Dominus
857 1317 1083 1370 intluxit
1111 1318 1180 1381 ‘t,
1236 1316 1293 1367 in
1344 1313 1521 1367 animi
1562 1313 1893 1367 oblectantis

282 1411 513 1481 hospitio
549 1411 701 1480 justa
727 1412 773 1444 ³⁵
820 1409 1307 1479 obtemperatione
1354 1413 1639 1474 teneatur,
1692 1423 1763 1460 ne
1798 1422 1888 1460 ac-

182 1546 189 1554 .
282 1508 417 1569 cepta
446 1501 497 1534 “5
523 1500 791 1553 securitas
815 1499 929 1569 (38)
960 1498 1388 1569 indiligentiam
1417 1496 1619 1567 pariat,
1654 1499 1711 1549 et
1737 1500 1891 1549 vetus

282 1592 453 1647 denuo
474 1593 649 1646 hostis
676 1593 932 1662 obrepat.

338 1688 392 1739 V.
416 1687 722 1754 Caeterum,
756 1686 799 1740 si
833 1691 893 1740 tu
922 1685 1284 1751 innocentiae,
1315 1684 1360 1739 si
1382 1682 1616 1754 justitiaz
1646 1682 1799 1736 viam
1831 1683 1875 1717 ιτ

2004 474 2253 540 incedas,
2303 474 2344 527 si
2395 475 2450 527 in
2508 475 2685 527 Deum
2744 477 2952 530 viribus
3001 480 3130 533 totis
3179 497 3244 535 ac
3292 486 3413 537 toto
3453 488 3623 543 corde

2002 582 2312 635 suspensus
2341 567 2447 620 hoc
2475 566 2668 639 203
2701 568 2772 621 sis
2803 574 3021 625 tantum
3047 573 3201 641 quod
3231 590 3349 628 esse
3384 580 3623 649 ccepisti,

2002 661 2224 712 tantum
2276 659 2378 713 tibi
2424 660 2491 713 ad
2544 659 2830 714 licentiam
2882 662 3050 717 datur
3100 670 3375 734 quantum
3425 672 3622 739 gratim

1999 752 2265 820 spiritalis
2308 756 2570 822 augetur.
2614 754 2737 808 Non
2781 754 2953 819 enim,
2989 756 3087 825 qui
3130 758 3177 790 ⁵ο
3213 759 3621 819 beneﬁciorum

1998 845 2352 899 terrestrium
2411 862 2537 899 mos
2603 850 2713 913 est,
2779 847 2836 899 in
2899 850 3245 916 capessendo
3307 859 3619 909 munere“

1998 938 2205 992 ρωὶρδίὶ
2271 955 2535 992 mensura
2586 939 2632 972 ⁵2
2702 940 2811 992 ulla
2878 941 2965 993 vel
3032 944 3235 996 modus
3307 953 3407 1001 est.
3481 952 3617 1004 Pro-

2000 1030 2185 1085 ﬂuens
2244 1032 2484 1101 largiter
2531 1031 2776 1101 Spiritus
2823 1032 2994 1086 nullis
3046 1035 3253 1089 ﬁnibus
3308 1042 3617 1109 premitur,

1998 1140 2100 1177 nec
2158 1124 2555 1178 coercentibus
2610 1125 2870 1179 claustris
2928 1127 3074 1181 intra
3131 1134 3283 1184 certa
3338 1140 3616 1189 metarum

1996 1217 2170 1287 spatia
2192 1218 2445 1271 frenatur
2472 1218 2518 1251 ⁵³
2552 1236 2563 1270 :
2600 1223 2795 1272 manat
2816 1219 3053 1289 jugiter,
3082 1222 3354 1277 exuberat
3382 1226 3617 1281 afﬂuen-

1994 1313 2098 1364 ter.
2175 1312 2442 1364 Nostrum
2506 1314 2729 1365 tantum
2785 1312 2931 1366 sitiat
3002 1320 3197 1383 pectus
3251 1318 3318 1383 :et
3366 1324 3551 1388 pateat
3602 1340 3615 1376 :

1993 1407 2271 1475 quantum
2323 1404 2454 1457 illuc
2500 1404 2629 1458 ﬁdei
2664 1406 2709 1439 ⁵⁵
2753 1407 2972 1476 capacis
3021 1408 3338 1478 efferimus,
3397 1415 3615 1469 tantum

1996 1498 2193 1568 gratiae
2249 1497 2588 1551 inundantis
2650 1499 2966 1553 haurimus.
3030 1502 3161 1555 lnde
3208 1504 3329 1572 jam
3388 1506 3625 1561 facultas

1993 1590 2179 1653 datur,
2227 1592 2484 1644 castitate
2528 1591 2735 1659 sobria,
2767 1597 2959 1647 mente
3000 1593 3243 1664 integra,
3284 1614 3413 1653 voce
3458 1617 3617 1670 pum,

1990 1683 2197 1737 virtute
2234 1683 2679 1755 sincerant)“,
2712 1685 2769 1737 in
2820 1686 3104 1741 medelam
3153 1688 3468 1746 dolentium
3510 1697 3617 1764 (4'2)

1625 1808 1835 1871 Varia!
1892 1808 2228 1873 lectiones.

326 1939 364 1970 "
410 1937 711 1989 Peccatum
772 1939 938 1989 fuerit
996 1939 1131 1988 Lam.
1176 1939 1264 1987 Ar.
1316 1936 1409 1986 Eb.
1462 1934 1689 1984 Generis.
1740 1933 1847 1982 NC.
1895 1936 1934 1982 t.

2036 1936 2078 1966 ⁴¹
2130 1934 2232 1983 Dei
2288 1948 2451 1984 omne
2505 1936 2659 1983 Oxon.
2775 1937 2819 1968 “
2856 1935 3090 1999 Sumpto
3148 1938 3335 2001 vigore
3400 1942 3529 1993 Voss.
3580 1950 3620 1999 ι,

273 2009 491 2069 “Quod
520 2011 571 2057 in
604 2013 820 2059 mentes
867 2014 1083 2058 nostras
1139 2010 1439 2058 clementer
1477 2006 1756 2077 Dominus
1802 2002 2023 2077 inﬂuxit
2063 2005 2154 2052 Ar.
2207 2002 2362 2052 Ebor.
2403 2004 2623 2077 inﬂixit,
2657 2007 2773 2077 Ben.
2808 2007 2945 2054 Lam.
2990 2008 3113 2055 Bod.
3156 2009 3203 2056 3.
3247 2010 3375 2058 Voss.
3407 2015 3435 2061 4
3481 2015 3623 2077 Spir.

271 2080 365 2127 ΝΟ.
398 2082 441 2127 1.
477 2081 614 2127 Pem.
660 2082 808 2128 Erus.
858 2081 1057 2128 Manut.
1108 2079 1320 2128 Inluxit
1355 2076 1561 2126 Morell.
1612 2075 1737 2123 Vict.

270 2152 363 2200 s.i.
391 2164 512 2213 par.
564 2155 723 2200 vetus
771 2153 909 2199 Pem.
962 2151 1105 2198 Lam.
1155 2149 1244 2197 Eb.
1299 2150 1431 2197 Voss.
1474 2147 1588 2196 Nec
1631 2148 1852 2207 recepta
1905 2145 2041 2193 Foss.
2081 2144 2128 2193 2.

1923 2216 1967 2247 ‘9
2009 2215 2275 2279 Vestigiis
2325 2216 2434 2264 tuis
2482 2217 2615 2263 Voss.
2642 2218 2691 2265 4.
2719 2217 2924 2265 Morell.

1899 2289 1939 2319 ⁵³
1970 2286 2305 2336 Refrenatur
2348 2287 2488 2335 Lam.
2539 2288 2659 2336 Ben.
2712 2286 2863 2336 Ebor.
2911 2287 3031 2336 Thu.
3087 2288 3211 2336 Vict.

268 2220 519 2268 ﬁrmitate
571 2221 787 2283 vestigii
841 2222 980 2268 Lam.
1039 2218 1147 2269 ΝΟ.
1207 2220 1251 2267 1.
1302 2217 1453 2266 Ebor.
1507 2216 1632 2264 Thu.
1692 2216 1828 2264 Foss.

270 2292 304 2321 5'
332 2290 555 2338 Munere
582 2289 770 2339 divino
811 2291 936 2339 Vict.
1026 2291 1065 2321 ⁵³
1097 2288 1346 2339 Censura
1381 2288 1519 2336 Lam.
1565 2285 1656 2334 Eb.
1696 2287 1808 2335 Lin.

273 2360 387 2408 Vict.
480 2363 525 2393 ⁵⁵
554 2358 756 2411 Sancta
784 2362 902 2409 Ben.

1828 2076 1872 2107 ⁴⁵
1902 2074 2117 2124 Justam
2166 2086 2267 2137 per
2304 2076 2608 2123 orationem
2651 2076 2770 2124 Ben.
2820 2080 2908 2124 Ar.

2427 2077 2615 2156 iuueni
2651 2077 2770 2124 Ben.
2820 2080 2908 2124 Ar.
3000 2077 3044 2108 ⁴δ
3086 2077 3162 2126 Ne
3210 2091 3338 2127 cum
3400 2089 3624 2146 accepta

2223 2144 2267 2180 ⁴⁷
2294 2146 2535 2194 Justitim
2582 2144 2851 2195 Semitam
2898 2148 3005 2195 Lin.
3104 2148 3147 2178 “
3178 2149 3392 2200 Teneas
3430 2144 3625 2215 illapsa

3046 2220 3087 2250 50
3141 2220 3301 2250 nnnli

3141 2218 3334 2279 Qualis
3390 2223 3519 2271 Voss.
3573 2228 3617 2273 4.

3141 2290 3211 2336 'ct.
3305 2292 3345 2321 5‘
3370 2291 3490 2342 Illic
3512 2294 3621 2344 ﬁde

1534 2450 1759 2530 Steph.
1808 2447 2053 2510 Baluzii
2098 2453 2291 2510 notae.

264 2574 458 2637 quibus
496 2573 864 2625 verecundius
894 2574 1189 2624 dicendum
1220 2575 1324 2624 erit
1356 2587 1455 2623 sua
1490 2588 1657 2637 quam
1701 2574 1882 2623 aliena

265 2645 551 2695 laudantis.
580 2664 611 2691 ao
658 2646 727 2695 Et
768 2646 862 2695 lib.
899 2660 977 2707 x1,
1006 2660 1125 2709 cap.
1173 2648 1194 2695 1
1227 2661 1235 2691 :
1284 2664 1308 2689 ‹‹
1343 2646 1536 2696 Omnis
1567 2648 1653 2695 sui
1684 2644 1882 2693 vitiosa

262 2718 478 2777 jactatio
533 2721 645 2775 est,
699 2716 965 2779 aﬂertque
1018 2716 1375 2766 audientibus
1426 2730 1536 2765 non
1600 2716 1883 2765 fastidium

262 2788 449 2847 modo,
504 2787 609 2836 sed
646 2787 973 2850 plerumque
1022 2789 1190 2837 etiam
1239 2788 1447 2837 odium.
1488 2805 1515 2832 »
1566 2788 1707 2836 Ante
1757 2799 1883 2835 eum

265 2856 453 2907 Cicero
480 2857 698 2907 dixerat
725 2860 781 2906 in
808 2858 949 2907 libro
978 2859 999 2906 I
1023 2858 1321 2922 Ofﬁciorum
1343 2873 1353 2905 :
1387 2875 1416 2901 «
1435 2858 1693 2907 Deforme
1719 2856 1882 2905 etiam

261 2932 334 2976 est
376 2930 444 2978 de
486 2942 549 2978 se
606 2930 723 2991 ipso
787 2928 1104 2991 praedicare.
1150 2948 1177 2974 »
1229 2928 1452 2980 Sciebat
1494 2928 1641 2977 enim
1690 2940 1881 2975 verum

262 3011 374 3047 esse
411 3000 565 3063 quod
606 3001 788 3049 Julius
835 3000 1021 3050 Caesar
1067 3002 1161 3059 ait,
1192 3002 1247 3049 in
1278 3001 1418 3049 libro
1447 2998 1695 3050 secundo
1741 2999 1884 3047 Com-

263 3073 638 3120 mentariorum
699 3071 763 3120 de
819 3070 951 3120 bello
1008 3072 1176 3131 civili,
1221 3071 1456 3121 libenter
1510 3070 1765 3119 homines
1815 3068 1882 3117 de

260 3143 365 3189 suis
398 3142 664 3191 laudibus
692 3143 1024 3205 praedicare;
1057 3143 1207 3208 quod
1251 3156 1363 3192 non
1400 3143 1675 3191 factitasse
1725 3140 1882 3188 illum

259 3212 412 3261 tradit
466 3214 576 3263 Dio
633 3213 889 3275 Cassius,
949 3216 1043 3265 lib.
1097 3227 1325 3264 xxxvn.
1375 3213 1446 3262 Et
1495 3216 1679 3261 tamen
1734 3211 1881 3260 idem

262 3281 447 3333 Cicero
498 3284 735 3348 putabat
792 3285 959 3335 licere
1002 3287 1276 3335 interdum
1326 3284 1396 3335 de
1462 3298 1521 3333 se
1586 3281 1880 3345 magniﬁce

257 3356 573 3415 praedicare.
622 3358 713 3404 Ait
750 3358 954 3419 quippe
1000 3358 1055 3406 in
1099 3358 1240 3406 libro
1285 3355 1582 3418 Ofﬁciorum
1611 3370 1628 3402 :
1671 3372 1699 3398 «
1728 3354 1881 3402 Licet

259 3427 425 3485 enim,
484 3427 671 3475 Marce
723 3427 820 3487 ﬁli,
884 3428 1027 3490 apud
1074 3433 1127 3477 te
1182 3428 1429 3491 gloriari,
1490 3425 1557 3474 ad
1605 3438 1770 3489 quem
1824 3428 1879 3473 et

256 3494 546 3547 hereditas
592 3497 761 3560 hujus
804 3499 991 3560 gloria:
1034 3503 1090 3547 et
1131 3498 1437 3548 facinorum
1482 3497 1717 3546 imitatio
1754 3508 1875 3558 per-

256 3567 401 3615 tinet.
438 3588 469 3613 »
522 3568 678 3617 Idem
722 3569 774 3617 in
819 3570 1068 3617 Oratione
1100 3570 1163 3617 de
1209 3569 1479 3631 Responsis
1526 3567 1879 3629 aruspicum:

258 3651 284 3680 α
318 3637 504 3687 Potest
552 3641 851 3702 quisquam
897 3641 952 3688 in
1006 3640 1171 3690 rebus
1222 3641 1436 3703 magnis
1488 3652 1616 3688 cum
1672 3637 1878 3685 invidia

255 3712 499 3758 versatus
530 3711 667 3757 satis
714 3710 953 3773 graviter
991 3714 1183 3759 contra
1224 3711 1434 3759 inimici
1484 3708 1875 3759 contumeliam

256 3779 366 3828 sine
410 3794 516 3829 sua
564 3780 729 3829 laude
769 3781 1121 3843 respondere.
1170 3802 1197 3827 »
1250 3783 1507 3840 Plautus,
1557 3782 1612 3828 in
1660 3778 1879 3841 Amphi-

255 3853 433 3911 tryone
461 3866 493 3907 :7
535 3869 565 3895 α
595 3850 701 3911 Qui
740 3865 853 3899 non
905 3851 1154 3915 deliquit,
1200 3851 1359 3902 decet
1410 3851 1678 3900 audacem
1737 3862 1876 3907 esse,

253 3921 598 3971 conﬁdenter
633 3933 730 3983 pro
768 3935 829 3971 se
869 3926 923 3971 et
958 3926 1209 3984 proterve
1254 3923 1423 3986 loqui.
1456 3938 1484 3967 »
1526 3922 1679 3972 Licet
1721 3920 1870 3968 enim

253 3991 552 4054 aliquando
602 4004 893 4043 excurrere
942 3995 999 4042 in
1048 3995 1295 4057 proprias
1349 3994 1559 4053 laudes,
1610 3990 1870 4053 exemplo

250 4067 419 4113 sancti
468 4063 632 4113 Pauli
677 4065 927 4125 apostoli,
958 4065 1013 4113 in
1065 4064 1309 4128 Epistola
1357 4063 1601 4114 secunda
1647 4062 1717 4112 ad
1765 4062 1870 4113 Co-

249 4137 475 4184 rinthios
529 4136 629 4195 (x1,
667 4134 789 4195 9.2):
837 4137 896 4184 In
950 4148 1054 4198 quo
1108 4138 1225 4199 quis
1275 4136 1465 4191 audet,
1512 4140 1567 4183 ut
1619 4134 1872 4195 insipiens

252 4205 383 4261 dico,
442 4206 621 4253 audeo
654 4210 699 4252 et
748 4218 856 4267 ego.
914 4205 1115 4254 Hebraei
1160 4211 1305 4264 sunt,
1356 4210 1401 4254 et
1456 4218 1575 4267 ego,
1618 4202 1871 4253 Israelita:

246 4282 376 4334 sunt,
413 4281 463 4325 et
514 4288 629 4337 ego.
668 4275 901 4323 Ministri
947 4274 1145 4324 Christi
1182 4282 1324 4335 sunt,
1362 4281 1420 4324 ut
1456 4276 1632 4324 minus
1659 4276 1871 4337 sapiens

248 4348 386 4401 dico,
422 4345 550 4408 plus
585 4358 691 4407 ego.
726 4346 788 4392 In
818 4344 1101 4396 sudoribus
1144 4346 1420 4409 plurimis,
1471 4348 1529 4394 in
1574 4345 1871 4395 carceribus

249 4416 637 4471 abundantius,
696 4417 750 4463 in
794 4416 968 4478 plagis
1009 4431 1176 4480 supra
1229 4417 1469 4473 modum,
1513 4417 1570 4464 in
1617 4414 1870 4465 mortibus

247 4488 574 4551 frequenter,
610 4491 714 4536 etc.
746 4486 1039 4547 Quomodo
1076 4492 1262 4539 autem
1305 4502 1365 4537 se
1412 4488 1537 4551 quis
1566 4487 1741 4550 possit
1775 4487 1869 4535 ali-

247 4559 466 4621 quando
492 4557 719 4607 laudare
744 4558 984 4619 explicat
1011 4563 1235 4608 sanctus
1267 4559 1611 4621 Augustinus
1634 4559 1689 4605 in
1718 4557 1867 4604 Psal-

245 4642 389 4679 mum
434 4640 633 4679 θεων.
685 4628 875 4677 Exstat
924 4629 1067 4690 apud
1107 4630 1466 4679 Plutarchum
1504 4628 1726 4677 libellus
1758 4640 1869 4689 qua

247 4705 364 4763 quis
392 4704 614 4749 ratione
644 4712 703 4747 se
743 4701 925 4762 ipsum
953 4702 1088 4749 citra
1116 4700 1380 4749 invidiam
1411 4700 1638 4749 laudare
1676 4699 1863 4760 possit.

250 4772 574 4821 Aristoteles
596 4771 662 4819 de
692 4771 1003 4833 semetipso,
1031 4776 1091 4819 ut
1129 4771 1381 4821 Valerius
1408 4772 1680 4820 Maximus
1707 4767 1869 4817 tradit

245 4839 331 4890 lib.
362 4855 466 4901 vn,
501 4854 622 4903 cap.
650 4844 697 4901 3,
720 4842 775 4888 in
806 4845 1055 4890 neutram
1085 4848 1296 4905 partem
1330 4843 1484 4906 loqui
1509 4843 1709 4892 debere
1732 4854 1869 4905 pra:-

246 4912 484 4969 dicabat,
520 4913 784 4973 quoniam
816 4911 1040 4963 laudare
1081 4928 1140 4963 se
1188 4918 1333 4975 vani,
1367 4917 1677 4978 vituperare
1715 4919 1870 4967 stulti

244 4988 383 5032 esset
430 4984 576 5031 Nam
603 4985 655 5030 in
686 4994 746 5029 se
778 4980 962 5032 dicere
991 4997 1101 5033 non
1133 4989 1215 5035 est
1246 4986 1359 5035 fere
1399 4988 1504 5035 nisi
1535 5001 1867 5050 scurrarum,

244 5060 299 5101 ut
322 5057 397 5103 ait
424 5053 807 5115 Quintilianus
831 5052 925 5101 lib.
962 5067 1039 5113 v1,
1076 5069 1194 5120 cap.
1230 5057 1276 5106 3.
1309 5057 1447 5107 Vide
1476 5059 1869 5109 Demosthenis

244 5124 550 5173 Orationem
573 5124 634 5171 de
665 5122 890 5171 Corona.

299 5196 393 5258 [37)
452 5195 635 5244 Timor
676 5195 984 5243 innocentiae
1027 5203 1211 5247 custos.
1264 5198 1571 5249 Columella
1627 5202 1681 5249 in
1735 5215 1871 5265 pras-

243 5266 443 5316 tatione
486 5266 615 5315 libri
646 5278 727 5314 xu
759 5279 771 5311 :
818 5282 845 5309 «
876 5268 1053 5319 Metus
1084 5272 1385 5334 plurimum
1421 5274 1629 5322 confert
1673 5274 1741 5322 ad
1783 5274 1867 5322 di-

1985 2571 2125 2620 timet
2162 2571 2461 2619 Dominum.
2528 2571 2878 2630 Lactantius,
2935 2572 2991 2619 in
3037 2546 3189 2622 libro
3240 2574 3302 2623 de
3358 2577 3444 2624 Ira
3495 2578 3621 2635 Dri,

1906 2611 2103 2703 Bcap.
2151 2643 2229 2703 11,
2280 2643 2356 2689 ait
2400 2642 2723 2703 religionem
2768 2611 2888 2691 esse
2940 2656 3049 2689 non
3094 2656 3255 2705 posse
3299 2645 3395 2695 ubi
3440 2613 3620 2697 metus

1990 2712 2181 2791 nullus
2209 2716 2308 2761 est.
2339 2713 2477 2761 Item
2506 2713 2561 2761 in
2590 2712 2731 2761 libro
2758 2726 2815 2761 III
2850 2711 3134 2762 Thebaidos
3163 2719 3214 2763 et
3245 2716 3388 2778 apud
3434 2718 3620 2766 Petro-

1987 2795 2143 2830 nium
2168 2798 2178 2829 2

2331 2869 2534 2917 Primus
2561 2868 2612 2916 in
2641 2869 2767 2917 orbe
2799 2868 2924 2916 deos
2953 2869 3076 2918 fecit.
3107 2871 3276 2920 timor.

1986 2976 2202 3027 Relatio
2246 2976 2445 3026 Leonis
2484 2989 2641 3040 papae
2689 2974 2755 3034 II,
2796 2974 2862 3023 ad
2917 2976 3341 3027 Constantinum
3386 2980 3620 3045 impcia-

1992 3050 2166 3096 torem
2220 3048 2420 3096 inserta
2477 3051 2615 3096 actis
2661 3048 2831 3095 sextae
2874 3047 3071 3109 synodi
3117 3062 3127 3094 :
3180 3068 3203 3089 «
3246 3050 3427 3099 Pietas
3474 3056 3619 3102 enim

1987 3120 2169 3167 vestra
2236 3119 2450 3167 fructus
2516 3115 2911 3166 misericordias
2977 3122 3074 3166 est.
3126 3119 3373 3170 Potestas
3433 3127 3617 3173 autem

1988 3192 2181 3238 custos
2225 3193 2309 3237 est
2364 3188 2689 3251 disciplinas.
2733 3203 2761 3233 »
2805 3187 3126 3251 Ennodius,
3182 3191 3238 3239 in
3287 3193 3403 3241 Vita
3450 3199 3620 3244 sum-ti

1981 3258 2293 3322 Epiphanii,
2327 3259 2403 3307 ait
2452 3258 2844 3309 verecundiam
2890 3272 3010 3309 esse
3067 3265 3298 3311 matrem
3345 3264 3614 3317 bonorum

1981 3344 2230 3394 Operum.

2047 3404 2141 3463 (38)
2193 3404 2268 3453 Ne
2306 3403 2578 3453 securitas.
2629 3401 2971 3465 Cyprianus,
3018 3404 3069 3451 in
3106 3404 3245 3454 libro
3290 3406 3352 3454 de
3399 3408 3615 3470 Lapsis,

1978 3488 2029 3536 p.
2061 3475 2151 3523 132
2192 3489 2202 3522 :
2232 3492 2259 3519 «
2287 3474 2570 3524 Traditum
2597 3474 2757 3523 nobis
2786 3473 3134 3537 disciplinam
3167 3491 3271 3539 pax
3307 3479 3467 3541 longa
3498 3496 3592 3529 cor

1980 3550 2216 3607 ruperat.
2261 3564 2287 3589 »
2343 3544 2621 3594 Secunda)
2672 3546 2820 3593 enim
2877 3559 2995 3604 res,
3050 3552 3109 3594 ut
3168 3550 3243 3596 ait
3304 3549 3363 3597 T.
3426 3550 3613 3599 Lixins

1980 3615 2121 3665 libro
2145 3629 2222 3673 v1,
2256 3616 2650 3679 negligentiam
2681 3618 2869 3665 creant
2896 3632 2906 3675 ;
2941 3617 3175 3678 ideoque
3215 3620 3292 3667 eis
3318 3633 3427 3668 non
3472 3626 3611 3669 nm}-

1980 3693 2096 3739 tum
2144 3689 2429 3739 ﬁdendum
2464 3688 2612 3738 idem
2655 3689 2730 3737 ait
2787 3690 2843 3736 in
2896 3688 3036 3738 libro
3085 3703 3215 3739 XLII.
3261 3692 3398 3743 Vide
3448 3704 3606 3745 notas

1978 3769 2193 3813 nostras
2218 3764 2283 3812 ad
2312 3764 2513 3812 librum
2540 3767 2754 3812 sextum
2783 3762 3043 3811 Salviani.

2040 3837 2139 3897 (39)
2210 3838 2355 3885 Vium
2428 3842 2622 3885 teneas.
2698 3835 2937 3897 Quidam
2999 3836 3122 3886 libri
3190 3844 3402 3891 veteres
3466 3857 3603 3907 prae-

1981 3912 2165 3960 ferunt
2189 3911 2441 3959 semitam.
2477 3909 2775 3970 Pamelius,
2807 3923 2833 3957 a
2891 3923 3002 3972 quo
3039 3914 3221 3961 caeteri
3263 3928 3601 3979 acceperunt

1972 3984 2187 4033 edidit:
2244 4002 2269 4027 α
2315 3983 2372 4032 Si
2423 3984 2696 4046 justitiam
2754 3987 2968 4041 teneas,
3018 3985 3063 4032 si
3112 3985 3304 4047 illapsa
3359 3989 3596 4039 firmita—

1974 4060 2027 4107 te
2061 4057 2277 4119 vestigii
2322 4057 2399 4105 tui
2446 4055 2690 4118 incedas,
2718 4057 2766 4105 si
2811 4057 2867 4105 in
2914 4057 3090 4105 Deum
3140 4059 3349 4108 viribus
3398 4065 3540 4125 totis,
3568 4086 3596 4111 »

1970 4136 2071 4182 etc.

2032 4204 2128 4261 (40)
2160 4203 2375 4265 Illapsa.
2410 4204 2470 4253 Id
2517 4207 2617 4265 est,
2646 4204 2690 4251 si
2736 4202 2807 4252 ita
2852 4203 3010 4253 ﬁrmo
3059 4203 3196 4267 pede
3244 4206 3387 4255 viam
3430 4210 3593 4271 justi-

1972 4280 2063 4328 tim
2114 4284 2302 4327 teneas
2338 4282 2399 4326 ut
2442 4278 2512 4326 ab
2542 4291 2605 4327 ea
2648 4291 2761 4327 non
2792 4276 3071 4338 deﬂectas,
3103 4283 3165 4326 ut
3206 4293 3316 4329 non
3345 4282 3546 4334 labaris
3580 4302 3591 4336 :

1970 4349 2183 4411 lllapsa,
2215 4347 2268 4395 id
2296 4352 2395 4407 est,
2431 4360 2540 4397 non
2576 4348 2744 4411 lapsa.
2784 4348 3031 4398 Libellus
3078 4349 3308 4399 Preeum
3355 4352 3593 4406 Marcel-

1968 4419 2067 4468 lini
2109 4421 2162 4467 et
2200 4418 2484 4467 Faustini:
2532 4436 2559 4462 «
2596 4418 2811 4482 Inlapsa
2848 4418 3104 4469 ﬁrmitate
3133 4424 3422 4484 vestigii.»
3451 4426 3590 4487 Qum

1970 4494 2101 4539 sunt
2125 4488 2290 4538 verba
2325 4487 2604 4552 Cypriani.

2033 4561 2128 4622 (41)
2190 4561 2390 4609 Virtute
2422 4561 2648 4609 sincera.
2687 4560 2797 4608 Ista
2845 4560 3174 4609 exciderunt
3232 4564 3285 4611 in
3334 4565 3590 4617 editioni-

1970 4630 2076 4679 bus
2126 4630 2351 4679 Pamelii
2403 4634 2459 4679 et
2513 4630 2751 4693 Rigaltii.
2807 4630 3041 4679 Exstant
3085 4632 3232 4680 enim
3290 4635 3345 4682 in
3378 4636 3500 4684 aliis
3537 4644 3593 4687 et

1971 4703 2025 4751 in
2054 4701 2243 4749 multis
2272 4700 2515 4763 antiquis
2545 4699 2849 4749 codicibus.
2889 4701 3196 4763 Anglicana
3226 4702 3393 4753 editio
3432 4718 3591 4769 repo-

1970 4776 2099 4822 suit.

2033 4845 2131 4906 (42)
2203 4842 2457 4893 Mcdelam
2519 4843 2818 4893 dolentium.
2880 4846 2959 4895 Ita
3022 4846 3198 4896 codex
3270 4853 3592 4902 monasterii

1970 4916 2265 4965 Beccensis
2296 4918 2348 4964 et
2391 4914 2567 4963 codex
2615 4916 2859 4977 episcopi
2903 4918 3266 4977 Acconensis,
3307 4919 3591 4972 Veronen-

1970 4988 2044 5035 sis
2094 4991 2147 5035 et
2193 4999 2337 5035 unus
2382 4985 2725 5035 Vaticanus:
2772 4986 3047 5035 Medellam
3090 4986 3396 5038 dolentium.
3430 4992 3591 5044 Vete-

1970 5070 2057 5107 res
2095 5057 2366 5107 editiones
2404 5056 2683 5106 habebant
2731 5071 2741 5103 :
2785 5059 2845 5106 In
2888 5058 3121 5107 medulla
3169 5060 3591 5116 adolescentium.

1972 5130 2249 5178 Morellius
2297 5129 2482 5192 posuit
2514 5144 2526 5176 :
2571 5131 2633 5177 In
2675 5129 2904 5179 medulla
2934 5131 3274 5183 adolentium.
3310 5135 3370 5183 In
3399 5138 3594 5190 codice

1972 5204 2147 5252 sancti
2200 5203 2471 5266 Arnulphi
2510 5204 2773 5253 Metensis
2817 5206 3080 5268 scriptum
3119 5211 3199 5255 est
3237 5223 3248 5255 :
3290 5210 3351 5257 lu
3395 5213 3596 5263 medela

1973 5273 2314 5323 adolentium.
2360 5276 2419 5323 In
2465 5287 2579 5324 uno
2620 5276 2773 5338 regio
2813 5279 2866 5325 et
2902 5278 2958 5325 in
2991 5289 3101 5325 uno
3140 5291 3264 5328 meo
3296 5294 3307 5326 :
3336 5281 3460 5330 Inde
3492 5297 3596 5332 me-

242 5335 545 5426 lige‘n‘tiarn‘
584 5345 947 5426 custodiendi.
971 5363 1025 5426 Α»
1174 5344 1404 5426 Livius,
1462 5345 1556 5426 lib:
1607 5359 1825 5426 xxxwﬂ
1855 5356 1947 5426 τι)
1971 5345 2089 5426 dcta
2122 5345 2501 5426 languentium.
2540 5335 2736 5426 Atque
2774 5346 3260 5426 hancJectionem
3309 5365 3431 5403 esse
3472 5368 3596 5405 me-

239 5426 264 5478 s
312 5409 620 5473 Disciplina
674 5420 859 5465 custos
904 5414 1271 5475 inﬁrmitatis,
1322 5428 1491 5478 quam
1540 5419 1679 5466 inter
1725 5416 1859 5465 vali-

240 5476 409 5529 diores
462 5485 678 5543 optime
726 5489 886 5535 timor
932 5490 1193 5536 continet.
1237 5502 1266 5533 ι)
1324 5476 1588 5551 Vegetius
1638 5488 1737 5538 lib.
1783 5501 1859 5548 IV,

240 5559 345 5609 cap.
402 5552 461 5600 12
511 5568 523 5599 :
577 5572 603 5596 «
641 5555 827 5605 Timor
873 5558 1048 5619 magis
1096 5557 1298 5621 frangit
1346 5561 1609 5610 insuetos.
1650 5574 1679 5605 ›>
1736 5560 1862 5609 Ter-

239 5623 507 5673 tullianus
539 5624 631 5674 lib.
666 5641 719 5688 ιι,
746 5628 809 5677 de
852 5628 1004 5677 Cultu
1035 5627 1355 5689 feminarum
1392 5648 1409 5679 :
1456 5648 1483 5679 α
1511 5633 1698 5681 Timor
1738 5632 1863 5681 fun-

241 5692 564 5747 damentum
606 5700 798 5749 salutis
840 5707 940 5751 est.
970 5718 999 5748 »
1048 5704 1107 5750 In
1140 5703 1359 5754 Psalmo
1400 5718 1577 5756 cxvm
1610 5722 1619 5753 :
1653 5708 1861 5756 Initium

241 5769 507 5832 sapientia
560 5770 715 5822 timor
764 5773 987 5823 Domiui.
1040 5774 1111 5823 Et
1160 5775 1295 5827 alibi
1338 5793 1348 5826 :
1404 5780 1595 5828 Beatus
1638 5781 1725 5827 vir
1771 5779 1864 5843 qui

1971 5418 2162 5466 liorem
2230 5418 2580 5467 existimasse
2647 5417 2867 5467 videtur
2932 5418 3229 5483 Rigaltius,
3282 5426 3337 5471 et
3401 5438 3594 5475 vocem

1963 5488 2270 5547 dolentium,
2306 5503 2431 5553 quae
2464 5489 2634 5540 hodie
2665 5494 2843 5539 exstat
2885 5491 2939 5539 in
2972 5492 3209 5555 vulgatis
3239 5494 3593 5555 editionibus,

1964 5568 2155 5614 censet
2201 5578 2324 5613 esse
2353 5565 2540 5627 potius
2585 5563 2654 5613 ab
2697 5563 2994 5627 interprete
3037 5579 3203 5628 quam
3233 5567 3302 5617 ab
3350 5576 3591 5620 auctore.

1963 5640 2036 5688 Et
2091 5639 2218 5703 quia
2265 5639 2321 5686 in
2375 5638 2621 5702 antiquis
2675 5637 3011 5688 editionibus
3064 5640 3285 5690 videbat
3329 5646 3593 5707 scriptum

1966 5724 2122 5760 esse:
2170 5713 2230 5761 In
2276 5708 2509 5759 medulla
2551 5708 2992 5771 adolescentium,
3042 5725 3211 5774 quam
3265 5715 3594 5777 scripturam

1966 5781 2296 5833 conﬁrmant
2327 5780 2588 5845 quaedam
2613 5785 2798 5831 vetera
2823 5782 3180 5846 exemplaria,
3210 5783 3341 5835 hinc
3374 5786 3595 5851 collegit
