4160 6216
42 3108 43 3119 l

42 3378 45 3395 I

44 3442 45 3459 l

42 3470 43 3485 l

42 3766 51 3791 ὖ

44 3860 49 3873 l

42 3940 49 3953 ι

22 4106 51 4119 κγ

44 4296 55 4325 l

44 4346 49 4371 ἵ

34 4410 49 4431 γν

44 4448 47 4461 r

46 4496 47 4507 ι

44 4536 55 4573 r.

44 4654 55 4695 ῗ

44 4710 49 4729 l

44 4742 49 4771 l

44 4824 53 4857 ξ

44 4896 53 4911 Γ

44 5828 47 5849 l

576 310 678 364 207
1647 297 1703 357 s.
1743 297 2264 356 cvraummns
2307 299 2345 353 ι.
2386 332 2453 340 -
2495 295 2854 358 Eplsrom.
3343 317 3350 322 ε
3829 291 3925 358 sos
4011 323 4024 327 -

578 448 742 506 posse
781 442 1132 486 venenorum
1162 428 1270 498 (43)
1300 427 1454 482 v’irus
1486 425 1848 495 exstinguere
1871 426 1953 493 55;
1982 424 2200 478 animo-
2225 436 2283 508 Α
2304 426 2445 492 fieri,
2488 430 2549 479 ut
2575 427 2631 479 in
2673 443 2905 481 omnem
2946 424 3255 481 adversarii
3287 426 3598 496 grassantis
3623 426 3926 482 exercitum

577 545 707 582 rum
735 523 1135 595 desipientium
1166 520 1340 586 labes,
1371 520 1589 574 reddita
1611 519 1874 583 sanitate,
1903 534 2155 589 purgare
2187 534 2199 582 ;

577 619 798 675 infestis
822 617 1028 688 jubere
1058 631 1275 686 pacem,
1323 613 1578 667 violentis
1605 613 1877 683 quietem,
1919 610 2199 665 ferocienc

579 715 727 768 tibus
748 710 1065 775 lenitatem;
1097 707 1428 762 immundos
1449 711 1504 760 et
1527 705 1790 759 erraticos
1815 703 2043 775 spiritus
2069 703 2200 774 (44),

576 807 675 878 qui
716 822 774 859 se
816 802 1212 875 expugnandis
1252 799 1584 855 hominibus
1611 799 1656 833 ⁵⁷
1715 798 2100 852 immerserint
2130 797 2199 859 ⁸⁸,

577 900 648 953 ad
702 898 1121 953 confessionem
1175 894 1344 947 minis
1391 891 1818 963 increpantibus
1865 906 2089 961 cogere,
2139 893 2203 943 ut

577 993 871 1057 recedant,
903 989 1058 1044 duris
1099 987 1430 1041 verberibus
1473 1001 1703 1056 urgere;
1736 982 1930 1056 204
1968 983 2198 1037 conﬂic-

575 1089 781 1152 tantes,
816 1084 1094 1154 ejulantes
1129 1082 1266 1152 (45),
1311 1084 1606 1149 gementes
1635 1078 1982 1132 incremento
2019 1093 2201 1147 paenae

576 1177 950 1251 propagantis
967 1175 1293 1240 extendere,
1319 1171 1512 1243 ﬂagris
1535 1171 1774 1239 caedere,
1799 1171 1929 1241 igne
1959 1175 2199 1224 torrere.

567 1277 675 1331 Res
717 1273 829 1326 illic
879 1269 1128 1340 geritur,
1181 1283 1283 1321 nec
1333 1265 1589 1333 videtur;
1646 1264 1866 1318 occulta
1913 1263 2102 1334 plaga,
2145 1266 2203 1316 et

572 1383 735 1439 poena
764 1366 810 1399 5°
861 1362 1190 1417 manifesta.
1251 1362 1336 1414 Ita
1380 1358 1532 1429 quod
1583 1374 1706 1412 esse
1753 1357 1879 1427 jam
1927 1356 2201 1426 coepimus

568 1462 831 1530 acceptus
871 1456 1105 1527 spiritus
1144 1453 1376 1507 licentia
1429 1468 1531 1505 sua
1567 1452 1822 1521 potitur;
1864 1449 2020 1520 quod
2067 1466 2196 1504 nec-

568 1557 704 1609 dum
733 1567 936 1622 corpus
961 1566 1025 1603 ac
1066 1547 1325 1601 membra
1358 1545 1724 1609 mutavimus,
1755 1543 1940 1598 adhuc
1966 1542 2201 1597 carnalis

570 1649 829 1717 aspectus
868 1642 1058 1696 saeculi
1107 1639 1255 1694 nube
1302 1641 1562 1692 caecatur.
1606 1639 1858 1701 Quantus
1892 1636 1982 1690 hic
2021 1637 2200 1690 animi

567 1747 915 1816 potentatus,
945 1745 1189 1810 quantus
1218 1737 1297 1789 vis
1325 1741 1426 1802 est,
1461 1752 1576 1789 non
1607 1741 1827 1789 tantum
1859 1733 2042 1804 ipsum
2080 1749 2199 1787 esse

2304 519 2673 589 imperiosum
2700 521 2831 590 jure
2861 520 3188 575 dominetur
3213 519 3226 572 l

2374 619 2456 671 Vl.
2503 621 2722 688 Atque,
2766 621 2826 673 ut
2863 619 3167 685 illustrius,
3209 618 3448 674 veritate
3494 620 3806 690 patefacta,
3846 619 3926 673 dio

2301 709 2416 764 vini
2461 711 2713 765 muneris
2752 711 2962 765 indicia
3000 712 3332 778 clarescant,
3369 712 3551 767 lucem
3582 712 3682 768 tibi
3710 713 3780 766 ad
3803 729 3927 784 cog-

2301 803 2587 858 nitionem
2637 803 2816 872 dabo;
2852 806 3132 859 malorum
3168 805 3278 876 (46)
3309 805 3554 880 caligine
3585 806 3836 860 abstersa
3864 808 3930 873 ⁵⁸,

2303 897 2484 967 operti
2535 897 2646 968 (47)
2684 898 2874 951 saeculi
2909 898 3171 953 tenebras
3212 897 3498 955 revelabo.
3533 899 3825 969 Paulisper
3881 903 3930 954 te

2303 990 2472 1045 crede
2503 990 2737 1044 subduci
2766 991 2824 1044 in
2867 992 3077 1045 montis
3104 991 3263 1046 ardui
3291 991 3401 1061 (48)
3439 991 3711 1046 verticem
3737 993 3930 1047 celsio-

2302 1099 2448 1151 rem,
2479 1084 2769 1154 speculare
2791 1081 2984 1156 205
3013 1083 3145 1138 inde
3168 1101 3362 1138 rerum
3384 1085 3531 1138 infra
3555 1089 3612 1140 te
3624 1085 3930 1155 jacentium

2301 1177 2506 1244 facies;
2541 1183 2616 1244 et,
2665 1178 2844 1232 oculis
2882 1177 2941 1230 in
2993 1177 3212 1231 diversa
3260 1178 3550 1248 porrectis,
3593 1179 3713 1249 ipse
3758 1196 3790 1234 a
3824 1184 3928 1233 ter-

2303 1269 2457 1324 renis
2519 1271 2871 1325 contactibus
2927 1270 3076 1324 liber
3106 1271 3431 1325 ﬂuctuantis
3457 1272 3659 1327 mundi
3687 1272 3930 1327 turbines

2302 1364 2524 1418 intuere
2554 1381 2566 1417 :
2605 1364 2728 1434 jam
2769 1364 2959 1418 saeculi
2990 1368 3048 1417 et
3074 1364 3192 1435 ipse
3223 1365 3586 1420 misereberis
3615 1367 3810 1436 tuique
3844 1366 3936 1419 ads

2302 1457 2552 1510 monitus
2597 1463 2654 1511 et
2701 1458 2828 1528 plus
2872 1457 2930 1510 in
2977 1459 3158 1511 Deum
3209 1460 3423 1528 gratus,
3475 1459 3692 1528 majore
3741 1459 3932 1513 laetitia

2302 1550 2456 1620 quod
2483 1552 2724 1604 evaseris
2745 1550 3149 1620 gratulaberis.
3181 1554 3362 1606 Cerne
3385 1556 3441 1604 tu
3469 1553 3518 1585 ⁶²
3536 1551 3740 1617 itinera
3767 1551 3931 1606 latro-

2303 1643 2467 1697 nibus
2511 1644 2718 1710 clausa,
2766 1645 2946 1697 maria
2987 1644 3214 1698 obsessa
3260 1645 3646 1714 praedonibus,
3696 1649 3929 1700 cruento

2300 1738 2535 1791 horrore
2583 1740 2900 1791 castrorum
2945 1737 3096 1791 bella
3137 1738 3351 1808 ubique
3407 1738 3586 1793 divisa
3633 1740 3701 1792 ⁸³.
3755 1739 3934 1793 Madet

567 1843 914 1896 subtractum
939 1835 1268 1908 perniciosis
1290 1833 1640 1888 contactibus
1663 1831 1885 1900 mundi,
1913 1834 1980 1912 ut
1997 1831 2120 1901 quis
2149 1831 2197 1864 ⁵ο
2218 1799 2274 1870 Β
2300 1830 2450 1884 orbis
2476 1836 2672 1885 mutuo
2700 1830 3014 1902 sanguine;
3045 1833 3102 1886 et
3129 1830 3526 1900 homicidium,
3561 1848 3691 1886 cum
3722 1832 3930 1886 admit-

570 1935 829 2005 expiatus
873 1935 932 1985 et
954 1945 1128 2000 purus
1157 1927 1307 1982 nulla
1337 1925 1674 1980 incursantis
1706 1923 1922 1978 inimici
1951 1923 2078 1977 labe
2107 1940 2195 1977 ca-

568 2027 798 2099 piatur,
841 2024 938 2079 sed
979 2023 1164 2077 adhuc
1210 2021 1490 2091 majorem
1544 2021 1600 2072 et
1650 2018 1949 2072 fortiorem
1988 2016 2200 2070 viribus

2301 1928 2429 1978 tunt
2465 1924 2579 1996 (49)
2627 1924 2857 1994 singuli,
2901 1924 3119 1979 crimen
3167 1927 3272 1992 est,
3319 1924 3495 1980 virtus
3546 1929 3776 1979 vocatur
3825 1927 3935 1997 (50)

2297 2033 2428 2071 cum
2472 2016 2692 2088 publice
2753 2017 2990 2088 geritur.
3051 2018 3458 2090 Impunitatem
3502 2017 3811 2073 sceleribus
3853 2033 3936 2072 ac-

1945 2139 2156 2204 Variae
2230 2139 2566 2204 lectiones.

635 2278 676 2310 ⁵⁸
706 2274 999 2337 Exstingui
1031 2273 1150 2322 Tim.

581 2351 736 2398 Oxon.
805 2347 847 2378 ⁶¹
875 2346 1102 2395 Detersa
1128 2343 1266 2392 Lam.
1357 2340 1398 2372 ⁶¹
1427 2339 1634 2390 Cernes
1662 2343 1720 2389 tu
1748 2340 1838 2388 Ar.
1871 2339 2008 2387 Pem.

1243 2269 1281 2303 ⁵7
1317 2269 1404 2319 Ad
1434 2267 1835 2332 expugnandos
1858 2267 2118 2318 homines
2153 2267 2276 2316 Vict.

2097 2338 2139 2370 ⁸³
2168 2335 2382 2387 Diffusa
2416 2339 2504 2386 Ar.
2537 2338 2678 2386 Lam.
2712 2337 2864 2387 EbOr.
2895 2340 3015 2388 Ben.

2375 2266 2416 2300 ⁵⁸
2450 2268 2842 2318 Immerserant
2880 2269 2999 2318 Thu.
3088 2269 3130 2302 59
3155 2267 3264 2319 Sed
3304 2280 3472 2332 paena
3516 2266 3635 2315 Thu.
3723 2267 3766 2298 ⁸ο
3797 2266 3940 2328 Quia

1865 2431 2090 2512 Steph.
2133 2430 2378 2493 Baluzii
2427 2435 2620 2493 notae.

586 2566 1094 2620 emendatissimum
1123 2563 1233 2613 fore
1259 2561 1410 2612 hunc
1436 2561 1620 2610 locum
1646 2560 1692 2608 si
1732 2558 2065 2609 scriberetur
2096 2572 2107 2606 :
2145 2559 2207 2607 In
2307 2555 2417 2607 Sed
2441 2556 2564 2608 haec
2599 2572 2706 2607 vox
2747 2571 2930 2622 neque
2961 2559 3017 2606 in
3049 2558 3331 2609 veteribus
3356 2558 3512 2609 libris
3541 2562 3724 2610 exstat
3755 2569 3939 2620 neque

583 2638 834 2689 medelam
869 2635 1252 2686 dolescentium.
1283 2633 1489 2682 Verum
1530 2644 1634 2694 ego
1664 2631 1812 2680 hanc
1848 2643 2045 2680 vocem
2071 2642 2202 2677 nus-

582 2711 729 2774 piam
759 2707 951 2769 reperi.
993 2706 1186 2767 Itaque
1225 2701 1691 2774 putoglectionem
1739 2704 1990 2774 veterum
2035 2699 2205 2749 libro-

583 2771 728 2838 rum,
771 2790 938 2841 quam
982 2775 1204 2832 retinui,
1241 2771 1641 2836 praeferendam
1687 2784 1808 2821 esse
1855 2771 1978 2821 voci
2023 2783 2202 2831 novas,

588 2862 713 2913 quae
751 2847 965 2895 nullam
1008 2845 1172 2894 aliam
1215 2842 1384 2892 habet
1411 2841 1676 2913 originem
1709 2855 1875 2904 quam
1917 2843 2203 2904 conjectu-

591 2912 708 2968 ram
737 2916 978 2980 Rigaltii.
1010 2916 1073 2963 In
1116 2913 1344 2977 epistola
1382 2913 1460 2972 5t,
1493 2925 1615 2974 pag.
1646 2912 1727 2970 77,
1757 2913 2024 2974 scriptum
2071 2915 2155 2960 est
2187 2925 2198 2958 :

583 3009 611 3034 ‹‹
640 2989 838 3037 Merito
879 2984 1200 3034 trahebatur
1255 2981 1561 3031 dolentium
1601 2981 1941 3043 paenitentia.
1971 2999 1997 3026 »
2040 2980 2204 3030 Porro

583 3056 816 3106 medulla
842 3068 939 3118 pro
969 3054 1170 3104 medela
1196 3053 1436 3116 positum
1463 3051 1761 3115 aliquando
1785 3051 1955 3101 fuisse
1978 3063 2076 3114 per
2111 3064 2202 3100 er—

580 3140 761 3178 rorem
788 3125 1137 3175 librariorum
1169 3124 1356 3174 videre
1392 3126 1592 3187 poterit
1632 3123 1806 3172 lector
1839 3123 1894 3171 in
1922 3124 2070 3171 tomo
2101 3121 2204 3171 Ca-

578 3197 916 3263 pitularium,
947 3209 1070 3259 pag.
1105 3195 1242 3245 1011.

643 3268 742 3330 (13)
783 3267 1128 3315 Veneriorum.
1158 3265 1283 3314 Duo
1323 3263 1450 3314 libri
1480 3267 1692 3314 veteres
1718 3262 1927 3313 habent
1965 3267 2204 3312 veterno-

573 3351 711 3387 rum.

635 3409 738 3467 (44)
783 3406 1053 3455 Erraticos
1088 3406 1324 3465 spiritus.
1357 3403 1500 3452 Infra
1537 3404 1592 3451 in
1637 3403 1779 3452 libro
1819 3403 1888 3452 de
1933 3401 2202 3452 [dolorum

583 3480 846 3535 Vanitate,
885 3489 1006 3540 pag.
1055 3474 1187 3524 2:26:
1237 3474 1466 3537 Spiritus
1513 3473 1766 3522 insinceri
1814 3478 1860 3522 et
1905 3474 2045 3536 vagi.
2099 3473 2204 3522 Ubi

583 3550 710 3600 vide
735 3553 913 3598 notas.

636 3623 732 3684 (45)
799 3613 1099 3682 Ejulaates.
1170 3617 1587 3677 Tertullianus,
1657 3617 1714 3665 in
1791 3616 2122 3680 Apologetico
2185 3632 2203 3665 :

572 3711 600 3738 «
635 3693 920 3743 Christum
973 3692 1232 3739 timentes
1279 3689 1336 3736 in
1391 3689 1508 3736 Deo
1553 3691 1606 3736 et
1651 3688 1828 3736 Deum
1880 3688 1936 3736 in
1982 3687 2203 3738 Christo

571 3765 950 3828 subjiciuntur
981 3761 1154 3811 servis
1183 3759 1280 3809 Dei
1323 3761 1377 3807 et
1421 3757 1646 3808 Christi.
1696 3758 1779 3806 Ita
1833 3758 1902 3807 de
1940 3762 2203 3808 contactu

571 3841 741 3898 atque
781 3835 971 3883 afﬂatu
1013 3836 1221 3892 nostro,
1254 3829 1724 3892 contemplatione
1754 3833 1807 3878 et
1839 3833 2202 3893 repraesenta-

570 3907 724 3955 tione
787 3905 930 3967 ignis
995 3903 1143 3952 illius
1208 3901 1463 3963 correpti,
1509 3901 1675 3949 etiam
1741 3899 1809 3950 de
1874 3900 2202 3964 corporibus

571 3980 762 4025 nostro
805 3976 1036 4038 imperio
1065 3972 1342 4024 excedunt
1384 3971 1547 4022 inviti
1576 3974 1630 4021 et
1658 3971 1910 4021 dolentes
1951 3975 2004 4020 et
2043 3971 2202 4020 vobis

575 4046 945 4110 praesentibus
991 4044 1404 4094 erubescentes.
1434 4060 1462 4088 »
1506 4041 1676 4101 Idem,
1705 4041 1958 4092 adversus
1993 4043 2202 4103 Scapu-

579 4117 728 4166 lam:
778 4135 805 4161 «
843 4117 1142 4165 Dasmones
1189 4116 1375 4162 autem
1431 4125 1542 4162 nou
1591 4115 1808 4161 tantum
1858 4113 2198 4176 respuimus,

571 4201 766 4238 verum
796 4190 852 4236 et
881 4186 1220 4236 revincimus
1264 4187 1319 4232 et
1362 4181 1611 4246 quotidie
1655 4183 1998 4232 traducimus
2041 4187 2096 4232 et
2133 4182 2201 4233 de

573 4258 902 4308 hominibus
949 4255 1299 4319 expellimus,
1335 4255 1480 4303 sicut
1524 4253 1778 4316 plurimis
1804 4256 1999 4303 notum
2038 4257 2136 4304 est.
2173 4271 2201 4298 »

573 4330 854 4379 Minucius
896 4328 1087 4377 Felix:
1122 4343 1149 4370 «
1183 4325 1320 4374 Haec
1358 4324 1543 4373 omnia
1584 4325 1771 4373 sciunt
1799 4325 2047 4388 plerique
2075 4337 2199 4374 ves-

572 4405 718 4449 trum
774 4400 925 4461 ipsos
974 4397 1260 4446 daemones
1305 4393 1374 4444 de
1417 4396 1730 4456 semetipsis
1764 4394 2014 4444 conﬁteri
2059 4407 2199 4458 quo-

573 4472 674 4520 ties
726 4484 756 4518 a
803 4469 964 4518 nobis
1016 4471 1071 4516 et
1134 4467 1421 4515 tormentis
1473 4464 1768 4514 verborum
1825 4469 1881 4516 et
1937 4466 2202 4515 orationis

570 4541 845 4591 incendiis
893 4539 961 4588 de
1003 4536 1328 4601 corporibus
1371 4536 1687 4598 exiguntur.
1720 4553 1749 4581 ››
1785 4536 1968 4585 Julius
2004 4537 2200 4585 Firmi—

573 4625 691 4669 cus,
718 4611 781 4660 de
817 4611 1014 4659 Errare
1036 4607 1395 4671 profanarum
1425 4606 1740 4669 religionum
1772 4621 1783 4654 :
1819 4623 1845 4651 α
1877 4606 1970 4656 Sic
2000 4608 2056 4655 in
2085 4621 2202 4658 cor-

567 4695 701 4746 pore
735 4681 1025 4729 hominum
1067 4678 1355 4728 constituti
1385 4676 1463 4725 dii
1507 4677 1675 4727 vestri
1712 4677 1882 4727 verbo
1918 4679 2016 4727 Dei
2045 4679 2200 4741 spiri-

571 4753 807 4801 tualium
826 4751 1172 4800 ﬂammarum
1202 4749 1328 4811 igne
1355 4751 1701 4810 torquentur,
1729 4751 1785 4797 et
1809 4748 1905 4811 qui
1932 4749 2078 4811 apud
2105 4762 2202 4798 vos

571 4824 728 4886 quasi
759 4822 836 4870 dii
877 4821 1157 4880 coluntur,
1184 4818 1332 4881 apud
1358 4831 1458 4867 nos
1489 4818 1760 4881 religiosae
1803 4818 1932 4867 ﬁdei
1964 4818 2197 4879 medela,

569 4893 771 4942 Christi
808 4893 1000 4954 gratia,
1033 4890 1280 4938 humano
1312 4889 1667 4951 subjacentes
1711 4889 1945 4951 imperio
1993 4893 2046 4938 et
2088 4893 2198 4938 tor-

569 4968 755 5013 menta
790 4965 1164 5025 repugnantes
1193 4961 1486 5020 sustinent,
1516 4964 1568 5009 et
1611 4960 1740 5009 victi
1771 4960 1951 5023 pcenis
1992 4959 2202 5009 ultrici-

572 5035 680 5083 bus
731 5033 1110 5095 subjugantur.
1159 5049 1186 5076 »
1235 5033 1588 5092 Lactantius,
1631 5031 1725 5080 lib.
1778 5043 1856 5091 1v,
1902 5043 2025 5094 cap.
2078 5031 2138 5080 27
2187 5045 2197 5078 :

572 5121 600 5148 «
630 5103 853 5164 Quanto
899 5103 1092 5152 terrori
1138 5102 1212 5150 sit
1255 5100 1607 5151 dmmonibus
1641 5101 1749 5150 hoc
1796 5103 2020 5164 signum
2064 5103 2202 5152 sciet

570 5175 666 5238 qui
697 5173 912 5234 viderit,
946 5177 1223 5236 quatenus
1247 5171 1485 5234 adjurati
1525 5185 1622 5234 per
1657 5172 1940 5222 Christum
1980 5171 2048 5221 de
2079 5185 2199 5221 cor-

570 5245 799 5311 poribus
839 5258 967 5307 quse
1011 5243 1330 5293 obsederint
1372 5242 1600 5304 fugiant.
1638 5260 1667 5288 »
1719 5243 1902 5292 Etiam
1949 5242 2200 5304 reliquiis

570 5320 877 5378 martyrum
912 5313 1180 5377 fugabant
1207 5311 1508 5362 demones.
1539 5312 1599 5360 In
1625 5311 1813 5363 libello
1841 5313 2045 5376 quippe
2076 5315 2198 5362 Pre-

571 5402 688 5438 cum
733 5385 1035 5436 Marcellini
1066 5389 1111 5432 et
1144 5383 1386 5433 Faustini
1429 5383 1695 5446 scriptum
1749 5387 1834 5434 est
1881 5384 1950 5434 de
1995 5385 2199 5433 virtute

572 5459 933 5520 reliquiarum
975 5453 1256 5505 Rufiniani
1299 5453 1556 5516 martyris
1583 5467 1594 5500 :
1635 5470 1662 5502 α
1695 5453 1893 5505 Sciunt
1922 5455 2030 5506 hoc
2061 5455 2199 5504 Nea-

576 5530 803 5596 politani
856 5530 911 5576 in
957 5525 1280 5588 Campania,
1314 5523 1411 5573 ubi
1453 5523 1702 5596 reliquias
1743 5526 1956 5575 cruoris
1995 5528 2113 5588 ejus
2142 5527 2200 5574 in

574 5594 818 5652 obsessis
855 5596 1179 5660 corporibus
1221 5596 1494 5645 daemonia
1536 5594 1809 5659 affligunt.
1843 5614 1870 5642 δ
1905 5597 2047 5646 Vide
2072 5597 2202 5646 Hie-

578 5683 896 5733 ronymum,
921 5671 978 5718 in
1025 5667 1165 5717 libro
1204 5666 1456 5716 adversus
1500 5665 1876 5729 Vigilantiam,
1907 5667 2007 5717 ubi
2052 5667 2201 5718 idem

573 5742 805 5793 testatur
829 5739 899 5789 de
929 5737 1178 5802 reliquiis
1206 5741 1530 5800 martyrum.

639 5812 737 5882 (46)
811 5809 1096 5863 Malorum.
1177 5807 1442 5860 Erasmus
1519 5806 1730 5860 addidit
1796 5807 2198 5862 blandientium.

2225 3152 2280 3225 C

2304 2628 2361 2676 in
2388 2629 2634 2691 antiquis
2663 2627 3018 2679 editionibus.
3051 2630 3197 2679 Infra
3223 2634 3411 2680 tamen
3443 2631 3646 2696 legitur
3669 2628 3936 2679 malorum

2306 2697 2692 2748 blandientium
2716 2700 2882 2750 virus.
2910 2699 3058 2750 Hinc
3085 2713 3216 2763 ergo
3245 2700 3462 2751 videtur
3492 2701 3755 2750 Erasmus
3785 2710 3941 2748 acce-

2303 2781 2452 2830 pisse
2465 2806 2476 2817 .

2370 2840 2465 2900 (47)
2499 2840 2693 2903 Operti.
2729 2842 2926 2891 Nescio
2957 2854 3066 2904 qua
3092 2842 3419 2892 auctoritate
3441 2841 3642 2892 ductus
3668 2839 3941 2903 Rigaltius

2304 2909 2501 2959 maluit
2530 2910 2693 2960 edere
2719 2917 2930 2974 opertas
2967 2915 3158 2961 contra
3187 2913 3437 2962 omnium
3477 2918 3728 2963 veterum
3767 2910 3940 2960 libro-

2306 2994 2429 3029 rum
2459 2985 2515 3031 et
2542 2981 2851 3032 editionum
2881 2982 3070 3032 ﬁdem.
3100 2984 3238 3034 Nam
3277 2984 3560 3047 epitheton
3602 2983 3742 3032 illud
3784 2981 3942 3031 nullo

2305 3051 2470 3101 modo
2514 3055 2780 3103 convenit
2821 3066 2949 3102 cum
2991 3054 3254 3114 tenebris,
3291 3067 3418 3118 quas
3467 3067 3686 3118 semper
3730 3058 3940 3116 opertae

2306 3127 2451 3173 sunt.
2485 3124 2604 3174 Nisi
2632 3125 2676 3173 si
2703 3125 2843 3174 vidit
2867 3124 3119 3176 codicem
3153 3127 3333 3175 sancti
3361 3126 3637 3188 Arnulphi
3658 3125 3940 3185 Metensis,

2307 3195 2362 3242 ln
2393 3208 2505 3258 quo
2533 3195 2652 3244 solo
2686 3196 2861 3258 reperi
2891 3197 3160 3259 scriptum
3187 3201 3413 3259 opertas.
3461 3195 3593 3247 Scio
3635 3195 3939 3258 Apuleium

2303 3266 2633 3328 scripsisse:
2681 3281 2710 3313 «
2750 3266 3094 3329 Noctemque
3128 3269 3180 3315 et
3233 3271 3454 3329 opertas
3511 3269 3746 3330 eXOptat
3790 3265 3941 3315 ultro

2305 3336 2576 3386 tenebras.
2615 3353 2643 3382 »
2686 3337 2892 3386 Verum
2933 3338 3054 3399 ejus
3096 3339 3401 3387 auctoritas
3428 3338 3570 3386 tanti
3610 3350 3720 3385 non
3759 3339 3844 3386 est
3878 3339 3947 3385 ut

2304 3408 2506 3468 mutari
2547 3411 2837 3470 propterea
2879 3407 3079 3457 debeat
3111 3409 3284 3457 oratio
3313 3407 3598 3470 Cypriani.
3637 3407 3774 3456 Nam
3821 3407 3943 3466 ipse

2304 3478 2631 3541 Cyprianus,
2665 3479 2721 3527 in
2748 3478 2888 3528 libro
2914 3478 2976 3527 de
3007 3480 3169 3540 Opere
3185 3483 3232 3528 et
3262 3478 3631 3540 eleemosynis,
3668 3491 3790 3541 pag.
3825 3477 3942 3538 242,

2305 3549 2445 3597 dixit
2481 3565 2492 3596 :
2541 3567 2570 3598 α
2608 3549 2771 3600 Oculi
2815 3548 3092 3612 superfusi
3127 3549 3362 3610 nigroris
3403 3548 3646 3598 tenebris
3680 3551 3735 3598 et
3774 3550 3944 3597 nocte

2303 3621 2564 3670 contecti.
2591 3635 2620 3667 »
2647 3621 2715 3669 Et
2740 3620 3008 3683 Virgilius
3037 3636 3047 3668 :

2645 3691 2755 3740 Nox
2784 3691 2956 3753 operit
2983 3694 3164 3739 terras.

2303 3761 2468 3826 Apud
2498 3761 2762 3812 Ovidium
2789 3776 2800 3809 :
2835 3777 2863 3806 ‹‹
2887 3761 3082 3810 Emus
3111 3774 3273 3811 mons
3296 3764 3520 3825 opertus
3547 3758 3809 3810 nubibus.
3837 3772 3868 3806 ›

2493 3833 2616 3882 ...Et
2643 3832 2816 3882 ﬂuidis
2842 3833 3124 3896 adOpertus
3145 3832 3372 3882 nubibus
3399 3831 3577 3881 aether.

2304 3903 2582 3965 Palladius
2626 3903 2720 3953 lib.
2765 3917 2800 3965 ι,
2840 3902 2903 3952 de
2944 3904 3012 3952 Re
3039 3905 3260 3960 rustica,
3302 3904 3384 3952 tit.
3426 3902 3458 3952 3
3494 3917 3506 3950 :
3537 3902 3669 3951 Loca
3714 3899 3946 3949 nebula-

2301 3988 2423 4023 rum
2470 3973 2709 4024 noctibus
2752 3974 3013 4024 absoluta.
3056 3974 3126 4024 Et
3169 3972 3536 4023 nihilominus
3588 3971 3750 4036 Angli
3806 3972 3946 4021 reti-

2302 4049 2550 4095 nuerunt
2591 4044 2892 4096 editionem
2940 4044 3179 4107 Rigaltii.
3228 4043 3394 4094 Miror
3435 4047 3622 4094 autem
3658 4056 3786 4093 eum
3817 4054 3946 4091 mo-

2301 4116 2490 4166 nuisse
2540 4115 2808 4179 scriptum
2843 4127 2964 4165 esse
3011 4115 3183 4178 operti
3240 4116 3299 4164 in
3346 4114 3539 4165 codice
3594 4113 3946 4174 Corbeiensi,

2301 4188 2359 4236 in
2407 4199 2518 4250 quo
2553 4189 2765 4236 certum
2809 4191 2893 4236 est
2930 4199 3043 4234 non
3084 4185 3277 4235 haberi
3319 4185 3606 4248 epistolam
3652 4184 3725 4233 ad
3755 4183 3947 4233 Dona-

2304 4262 2430 4306 tum.

2364 4329 2458 4388 (48)
2511 4330 2570 4378 1η
2629 4328 2819 4378 montis
2865 4327 3047 4376 ardui.
3101 4328 3500 4390 Hieronymus,
3544 4325 3600 4374 in
3641 4323 3949 4388 Epitaphio

2300 4398 2592 4460 Nepotiani
2623 4413 2634 4445 :
2667 4413 2695 4445 α
2725 4398 2770 4449 Ο
2797 4399 2844 4447 si
2874 4410 3167 4461 possemus
3196 4399 3253 4446 in
3283 4397 3450 4448 talem
3476 4395 3777 4446 ascendere
3811 4408 3950 4458 spe-

2301 4469 2484 4519 culam
2515 4469 2584 4519 de
2611 4483 2720 4532 qua
2746 4469 3062 4518 universam
3089 4473 3292 4519 terram
3328 4467 3435 4517 sub
3465 4467 3670 4516 nostris
3701 4465 3951 4528 pedibus

2303 4553 2672 4599 cerneremus,
2702 4541 2815 4602 jam
2840 4539 2940 4588 tibi
2966 4538 3325 4589 ostenderem
3353 4539 3520 4588 totius
3546 4537 3696 4586 orbis
3725 4537 3948 4598 ruinas,

2299 4615 2493 4673 gentes
2527 4611 2786 4675 gentibus
2827 4615 2882 4659 et
2928 4611 3109 4673 regnis
3154 4623 3322 4674 regna
3354 4609 3562 4658 collisa.
3590 4626 3617 4652 ››
3647 4606 3952 4660 Mattheus

2300 4682 2526 4740 Bossus,
2557 4680 2650 4729 lib.
2681 4694 2719 4738 ι,
2764 4681 2920 4743 epist.
2949 4682 2995 4737 1,
3027 4681 3098 4729 ad
3151 4679 3446 4742 Philippum
3487 4681 3846 4735 Parmensem,
3887 4679 3952 4727 in

2301 4766 2410 4815 qua
2456 4751 2702 4814 disputat
2756 4751 2824 4800 de
2886 4750 3080 4799 mundi
3140 4752 3266 4813 fuga
3319 4755 3486 4813 atque
3545 4751 3884 4810 contemptu.
3933 4763 3948 4797 :

2301 4841 2329 4869 «
2366 4822 2525 4884 Quod
2561 4827 2617 4871 tu
2644 4835 2868 4884 quoque
2902 4825 2962 4869 ut
3003 4821 3165 4883 plene
3194 4821 3486 4884 percipias,
3518 4833 3548 4868 a
3576 4820 3791 4869 castoris
3818 4819 3953 4868 ani-

2299 4907 2451 4942 mum
2495 4906 2591 4942 oro
2637 4905 2933 4955 parumper
2961 4896 3150 4941 averte
3201 4895 3368 4954 atque
3396 4891 3570 4940 veluti
3613 4891 3668 4938 in
3712 4888 3954 4938 sublimi

2300 4965 2525 5027 specula
2571 4977 2714 5026 pone
2748 4967 2914 5026 atque
2961 4964 3260 5022 constitue,
3291 4961 3440 5011 unde
3475 4974 3591 5010 uno
3633 4964 3858 5022 spectes
3891 4965 3956 5010 et

2301 5049 2495 5086 cernas
2525 5035 2731 5084 intuitu
2755 5047 2883 5096 quae
2909 5034 3168 5083 deorsum
3199 5034 3291 5083 hic
3325 5033 3466 5081 inter
3489 5032 3746 5082 homines
3775 5031 3958 5081 mise-

2301 5106 2468 5156 randa
2512 5110 2567 5155 et
2602 5109 2738 5154 tetra
2781 5107 3063 5167 geruntur.
3099 5122 3124 5148 »
3157 5103 3249 5152 Sic
3298 5102 3625 5161 Mercurius,
3657 5099 3804 5162 apud
3833 5099 3958 5148 Luo

2300 5178 2542 5235 cianum,
2573 5175 2629 5223 in
2674 5173 3172 5237 Contemplantibus,
3219 5171 3411 5222 volens
3455 5169 3745 5221 ostendere
3793 5169 3959 5221 Cha-

2300 5249 2440 5296 ronti
2473 5260 2535 5297 ea
2565 5259 2692 5310 quae
2723 5246 2778 5294 in
2803 5245 2935 5295 orbe
2961 5249 3232 5295 terrarum
3263 5243 3492 5310 ﬂebant,
3517 5255 3645 5292 eum
3677 5241 3732 5290 in
3758 5242 3960 5291 excel-

2299 5331 2421 5368 sum
2468 5309 2717 5367 montem
2767 5315 3060 5365 arboribus
3115 5309 3367 5365 densum'
3403 5311 3645 5375 deducit,
3697 5315 3754 5361 ut
3807 5311 3960 5364 inde

2300 5387 2485 5436 omnia
2518 5387 2704 5437 videre
2731 5386 2921 5449 possit.

2361 5459 2457 5519 (49)
2485 5457 2830 5507 Homicidium
2858 5470 2974 5506 cum
3001 5456 3300 5506 admittunt.
3331 5454 3546 5506 Seneca
3569 5469 3583 5504 :
3609 5453 3740 5504 «Ex
3765 5465 3955 5504 sena.~

3508 5524 3880 5576 tusoonsultis

2363 5667 2461 5729 (50)
2501 5667 2674 5717 Virtus
2729 5669 2972 5717 vocatur.
3025 5665 3363 5728 Lactantius,
3414 5663 3509 5714 lib.
3564 5675 3603 5724 I,
3638 5675 3760 5726 cap.
3809 5661 3883 5714 18
3933 5675 3956 5714 3

3467 5752 3497 5780 «
3526 5732 3654 5798 Quo
3682 5732 3885 5801 plures

3215 48 3392 102 ξ,
3425 73 3430 76 -
3467 48 3482 78 ‘-
4080 45 4160 122 ﬁ

3933 103 3940 120 t
3997 103 4006 120 I
4125 103 4128 106 ’

3591 133 3598 138 .
3885 137 3890 142 ,
3957 133 3970 144 ο
4157 133 4160 148 1
