4160 6216
275 222 356 277 209
1746 226 2071 283 EPISTOLA
2111 227 2151 282 Ι.

3506 227 3611 280 210

277 345 441 417 quirit,
473 360 587 399 non
618 345 963 401 innocentia
994 346 1160 414 ratio,
1190 347 1291 401 sed
1324 348 1549 403 savitia
1579 350 1625 384 ⁸⁸
1662 351 1963 445 magni-A
1989 351 2165 421 possit
2209 349 2468 405 occidere
2502 350 2706 421 peritia
2742 353 2844 417 est,
2887 367 3021 405 usus
3054 356 3157 417 est,
3201 367 3291 404 ars
3331 355 3432 404 est.
3478 350 3608 405 Sce-

282 441 408 493 tudo.

334 534 428 587 VIl.
458 536 601 599 lam,
629 533 675 586 si
716 534 789 587 ad
838 534 1007 588 urbes
1038 535 1188 605 ipsas
1231 536 1418 589 oculos
1455 538 1501 569 ⁸⁵
1540 542 1664 591 tuos
1707 541 1879 607 atque

274 625 437 698 206
494 643 595 680 ora
649 630 982 693 convertas,
1029 628 1416 682 celebritatem
1463 632 1566 697 (51)
1627 630 1881 683 offendes

272 721 402 774 omni
449 719 755 773 solitudine
828 720 1157 775 tristiorem.
1210 724 1442 775 Paratur
1498 722 1879 792 gladiatorias

272 813 426 878 ludus,
479 816 539 866 ut
593 812 883 867 libidinem
934 814 1255 868 crudelium
1308 816 1593 869 luminum
1638 817 1881 886 sanguis

272 906 503 960 oblectet.
530 906 877 975 lmpleturin
902 924 1130 961 succum
1152 909 1199 941 ⁸⁸
1229 908 1366 961 cibis
1394 908 1729 963 fortioribus
1756 926 1877 963 cor-

276 1016 380 1069 pus,
410 1002 464 1051 et
506 999 715 1052 arvina
748 1000 885 1052 toris
916 1000 1303 1054 membrorum
1338 1003 1383 1035 ⁸⁷
1427 1002 1609 1056 moles
1641 1002 1876 1056 robusta

271 1091 585 1162 pinguescit,
620 1098 679 1146 ut
726 1093 1018 1162 saginatus
1054 1094 1113 1146 in
1152 1110 1377 1163 panum
1403 1095 1628 1149 charius
1659 1100 1875 1166 pereat.

273 1186 426 1238 Homo
439 1184 719 1247 occiditur
735 1186 840 1256 (52)
864 1185 921 1238 in
939 1185 1186 1239 hominis
1202 1187 1548 1257 voluptatem
1566 1204 1582 1256 ;
1602 1194 1657 1241 et
1674 1193 1737 1242 ut
1753 1188 1880 1259 quis

1986 445 2073 498 lus
2123 461 2237 498 non
2283 448 2502 498 tantum
2536 445 2772 514 geritur,
2816 444 2913 497 sed
2956 448 3011 498 et
3056 444 3311 498 docetur.
3343 443 3483 510 Quid
3516 458 3610 513 po-

1984 542 2095 591 test
2142 538 2557 603 inhumanius,
2611 537 2744 607 quid
2794 537 3049 590 acerbius
3097 538 3256 592 dici?
3305 537 3611 606 Disciplina

1981 635 2063 685 est
2091 638 2151 684 ut
2182 632 2466 701 perimere
2510 631 2636 700 quis
2667 631 2864 700 possit,
2898 635 2953 684 et
2998 632 3174 700 gloria
3208 636 3293 683 est
3323 631 3468 699 quod
3520 648 3612 699 pe-

1985 724 2145 776 rimit
2190 724 2257 776 δθ.
2304 722 2446 786 Quid
2490 723 2657 789 illud,
2703 739 2803 775 oro
2850 725 2929 789 te,
2969 724 3134 792 quale
3167 728 3250 775 est
3278 722 3373 775 ubi
3400 739 3456 775 se
3482 723 3615 775 feris

1984 816 2266 886 objiciunt
2312 832 2450 886 quos
2496 832 2665 869 nemo
2707 816 2993 868 damnavit
3036 815 3165 881 (53),
3196 819 3358 867 atate
3390 814 3616 883 integra

1981 910 2114 979 (54),
2153 910 2391 963 honesta
2424 910 2557 963 satis
2588 910 2771 962 forma
2800 910 2927 976 (55),
2959 906 3147 979 207
3193 912 3339 960 veste
3370 908 3617 977 pretiosa

1985 1002 2094 1071 (56)
2114 1002 2140 1055 ?
2170 1002 2435 1055 Viventes
2475 1001 2581 1069 (57)
2611 1002 2666 1054 in
2712 1001 3037 1053 ultroneum
3074 1001 3243 1052 funus
3273 1000 3382 1067 (58)
3408 1016 3613 1052 ornan-

1984 1098 2097 1162 tur,
2124 1095 2285 1149 malis
2315 1095 2429 1148 suis
2454 1094 2649 1147 miseri
2672 1093 3007 1164 gloriantur.
3036 1092 3388 1161 Pugnantad
3414 1092 3618 1145 bestias

1980 1188 2116 1259 (59),
2164 1204 2276 1242 non
2319 1188 2555 1241 crimine
2607 1188 2739 1256 (60),
2783 1187 2879 1240 sed
2919 1186 3132 1240 furore.
3176 1186 3441 1256 Spectant
3477 1184 3620 1238 ﬁlios

1622 1303 1832 1367 Varia
1889 1304 2224 1368 lectiones.

312 1426 348 1456 ⁶⁴
370 1425 497 1475 Vitii
529 1428 634 1475 Li'n.
726 1428 767 1461 σε
800 1428 883 1477 Ad
909 1428 1076 1479 urbes
1101 1430 1292 1480 oculos
1323 1431 1443 1480 Red.
1476 1432 1517 1481 l.

1610 1431 1653 1463 ⁸⁸
1692 1431 1919 1482 Siccum
1962 1432 2086 1495 Spir
2125 1433 2260 1480 Bem.

269 1497 389 1546 Lam.
432 1496 585 1546 Ebor.
618 1497 725 1548 ΝΟ.
759 1502 815 1548 et
834 1501 1040 1550 arvina
1065 1501 1203 1551 roris
1227 1503 1370 1565 Spir.
1409 1504 1541 1551 Rem.
1574 1502 1800 1551 Assidui
1832 1502 2043 1552 nidoris
2069 1504 2217 1551 Eras.

2366 1429 2411 1461 ‘7
2434 1430 2520 1479 Ad
2547 1431 2764 1478 ruinam
2805 1430 3049 1493 corporis
3081 1427 3460 1478 membrorum
3486 1427 3606 1476 Ben.

2304 1501 2347 1533 σε
2374 1501 2611 1552 Peremit
2641 1502 2777 1551 F053.

1549 1590 1771 1672 Steph.
1822 1590 2065 1655 Baluzii
2111 1597 2304 1654 nota.

272 1713 747 1763 senatusconsultis
796 1713 1085 1778 plebisque
1136 1716 1288 1766 scitis
1337 1729 1483 1767 sava
1535 1720 1876 1777 exercentur,

272 1789 313 1831 et
337 1783 551 1845 publice
575 1785 845 1847 jubentur
894 1788 1059 1837 vetita
1112 1788 1386 1849 privatim.
1428 1803 1456 1833 »
1502 1788 1563 1835 In
1609 1787 1881 1837 comadia

272 1854 475 1916 Queroli
532 1858 802 1919 scriptum
852 1863 937 1907 est
989 1860 1271 1907 neminem
1328 1858 1513 1909 dicere
1567 1871 1776 1918 verum,
1836 1863 1889 1908 et

268 1926 443 1976 falsum
476 1926 663 1978 dicere
712 1931 921 1978 crimen
951 1943 1064 1978 non
1098 1943 1248 1990 esse,
1300 1930 1431 1994 quia
1458 1944 1755 1980 commune
1784 1934 1885 1989 est,

270 1998 311 2045 id
352 2003 425 2046 est
467 2000 637 2061 vulgo
686 2000 771 2061 ﬁt,
818 2004 871 2049 et
913 2001 1036 2050 ideo
1082 2001 1295 2051 licitum
1335 2006 1435 2051 est.
1482 2003 1655 2051 Vetus
1697 2006 1889 2050 auctor

266 2068 616 2117 Altercatz'onis
642 2070 935 2133 Synagogre
948 2076 993 2119 et
1024 2071 1278 2129 Ecclesiae,
1306 2072 1396 2121 fol.
1422 2074 1478 2121 41
1514 2088 1524 2120 :
1554 2089 1582 2119 α
1610 2071 1717 2122 Sed
1747 2086 1885 2136 quo-

268 2141 392 2188 niam
422 2154 543 2188 mos
580 2146 712 2198 erat,
741 2142 951 2190 crimen
980 2155 1089 2190 non
1116 2146 1247 2191 erat.
1275 2158 1304 2188 »

268 2274 371 2335 Quo
415 2276 606 2338 plures
653 2276 911 2326 homines
956 2277 1274 2338 afﬂixerint,
1320 2277 1695 2341 spoliaverint,
1742 2278 1887 2327 occi-

267 2345 453 2407 derint,
516 2361 581 2397 eo
632 2361 691 2397 se
754 2347 1055 2398 nobiliores
1120 2353 1176 2399 et
1240 2350 1500 2399 clariores
1552 2352 1778 2412 putant,
1833 2353 1887 2397 ct

267 2418 424 2465 inanis
473 2418 665 2479 gloria
722 2421 908 2481 specie
949 2421 1094 2483 capti
1151 2420 1455 2470 sceleribus
1508 2422 1626 2470 suis
1681 2434 1883 2470 nomen

229 2489 460 2543 ,virtutis
535 2489 850 2551 imponunt.
900 2508 928 2535 »
995 2489 1238 2549 Seneca,
1336 2490 1553 2539 Hercule
1636 2490 1880 2552 furente:

265 2576 287 2605 ς
312 2559 629 2622 Prosperum
664 2574 729 2610 ac
774 2562 909 2610 felix
947 2562 1135 2611 scelus
1178 2563 1351 2610 virtus
1380 2567 1684 2611 vocatur.»
1714 2563 1884 2622 Idem,

267 2632 463 2680 Hercule
491 2634 648 2682 (Eteo
674 2647 683 2679 :
713 2648 742 2680 α
772 2633 983 2681 Vitium
1022 2634 1301 2694 impotens
1353 2635 1527 2682 virtus
1568 2639 1812 2683 vocatur.
1858 2652 1886 2679 ››

265 2701 498 2751 Lucanus
533 2703 674 2751 Iib.i
725 2718 735 2749 :
789 2722 817 2750 «
858 2702 1180 2766 Scelerique
1221 2704 1460 2754 nefando
1518 2705 1730 2753 Nomen
1784 2706 1887 2754 erit

266 2773 434 2821 virtus.
482 2789 511 2820 δ
569 2775 781 2823 Auctor
855 2775 1102 2837 epistola
1168 2775 1433 2825 secunda
1503 2775 1577 2825 ad
1648 2776 1887 2824 Amicum

265 2848 490 2903 agrotum
520 2846 667 2893 inter
701 2857 866 2908 Opera
910 2846 1234 2909 Hieronymi
1264 2861 1275 2893 :
1313 2863 1339 2891 α
1367 2846 1631 2908 Injuriam
1680 2845 1878 2895 fecisse

266 2914 431 2962 virtus
455 2920 556 2964 est.
591 2934 619 2959 »

327 2988 415 3047 (51)
470 2989 861 3039 Celebritatem.
956 2990 1159 3042 Contra
1224 2993 1281 3041 in
1363 2992 1599 3056 Epistola
1684 2990 1888 3041 Zosimi

265 3075 401 3125 papa
443 3066 517 3113 ad
561 3066 875 3130 Hesychium
908 3082 918 3116 :
972 3086 999 3111 «
1029 3068 1427 3118 Monachorum
1462 3068 1702 3118 solitudo
1736 3066 1883 3116 omni

267 3136 557 3201 frequentia
614 3144 802 3205 major.
860 3159 887 3185 »
940 3141 1109 3199 Nam,
1152 3146 1213 3191 ut
1260 3143 1334 3191 ait
1381 3142 1788 3205 Hieronymus,
1828 3142 1884 3190 in

267 3208 527 3271 Epitaphi'o
584 3212 879 3270 Marcellae,
942 3213 1344 3262 monachorum
1409 3217 1525 3261 erat
1585 3211 1883 3261 immodica

266 3280 558 3331 multitudo.
623 3283 841 3346 Quippe
912 3284 1207 3343 monachi,
1292 3283 1498 3347 quibus
1576 3282 1882 3333 interdicta

266 3355 401 3400 erant
448 3354 724 3415 civitates,
774 3354 989 3403 deserta
1036 3355 1158 3404 loca
1203 3358 1259 3404 et
1308 3360 1491 3403 vastas
1558 3353 1885 3403 solitudines

266 3424 403 3484 sequi
456 3430 629 3488 atque
677 3425 927 3475 habitare
979 3425 1263 3488 jubentur,
1322 3431 1384 3475 ut
1450 3430 1532 3476 est
1576 3428 1629 3474 in
1678 3425 1884 3475 Codice

268 3492 655 3545 Theodosiano.
704 3498 1100 3560 Hieronymus,
1132 3499 1186 3546 in
1224 3497 1459 3561 Epistola
1512 3498 1581 3546 ad
1624 3497 1884 3546 Rusticum

266 3567 559 3615 monachum
617 3568 835 3630 scripsit
896 3582 906 3615 :
950 3586 977 3611 «
1028 3567 1174 3629 Quid
1225 3568 1604 3619 desideramus
1661 3568 1883 3617 urbium

264 3634 618 3698 frequentiam
662 3641 758 3703 qui
802 3639 871 3688 de
917 3640 1297 3701 singularitate
1330 3642 1667 3690 censemur?
1708 3658 1735 3683 »
1774 3638 1885 3688 Sed

267 3706 354 3753 ista
390 3708 703 3772 disciplina,
747 3714 811 3759 ut.
853 3711 1024 3760 ferme
1064 3710 1282 3770 accidit,
1337 3712 1392 3760 in
1440 3711 1721 3761 diversum
1760 3724 1885 3758 mu-

266 3782 358 3823 tata
418 3781 521 3828 fuit
589 3780 955 3844 sequentibus
1030 3782 1401 3844 temporibus,
1493 3788 1546 3831 et
1625 3780 1886 3830 monachi

264 3850 526 3912 paulatim,
576 3852 783 3901 relictis
840 3851 1065 3902 sedibus
1109 3854 1243 3914 suis,
1288 3855 1342 3902 in
1388 3854 1554 3903 urbes
1604 3867 1884 3903 commea-

266 3924 391 3966 runt.
436 3922 558 3971 Non
592 3922 795 3971 damno
853 3924 1213 3985 posteriorem
1266 3924 1411 3973 hanc
1464 3926 1883 3977 institutionem,

267 4000 378 4036 cum
425 3993 621 4049 sciam.
663 4007 770 4041 una
814 3998 869 4043 et
906 3994 1022 4042 sola
1066 3994 1194 4044 ﬁdei
1252 3996 1441 4059 regula
1499 3994 1884 4044 irreformabili

266 4068 521 4123 manente,
554 4068 619 4112 ut
663 4064 1039 4113 Tertullianus
1068 4066 1160 4123 ait,
1208 4069 1406 4115 catera
1447 4065 1887 4115 conversationis

265 4137 311 4177 et
370 4132 683 4197 disciplina
758 4135 1047 4186 admittere
1122 4139 1420 4186 novitatem
1508 4136 1880 4187 correctionis.

269 4199 379 4250 Scio
427 4210 693 4265 praterea
738 4210 791 4255 et
831 4219 1051 4255 mecum
1098 4211 1244 4255 totus
1298 4206 1446 4256 orbis
1491 4209 1596 4255 scit
1642 4208 1885 4269 ingentia

267 4276 541 4323 commoda
611 4277 934 4340 provenisse
1000 4277 1320 4340 reipublica
1397 4277 1724 4327 Christiana
1817 4291 1886 4325 ex

268 4346 653 4394 monachorum
702 4339 851 4396 inter
898 4360 998 4395 nos
1045 4339 1417 4396 habitantium
1464 4348 1886 4397 conversatione

264 4416 309 4460 et
340 4428 403 4463 ex
450 4416 652 4464 studiis
705 4429 898 4465 eorum
942 4418 993 4464 in
1042 4430 1415 4477 communem,
1449 4431 1683 4481 eamque
1730 4431 1884 4480 mag-

1980 1717 2219 1781 populus
2270 1717 2523 1765 irascitur
2560 1720 2615 1765 et
2652 1720 2762 1765 tam
2805 1714 2994 1777 inique
3037 1718 3102 1762 ut
3145 1713 3401 1775 injuriam
3451 1716 3613 1775 putet

1988 1789 2135 1853 quod
2172 1802 2282 1837 non
2337 1788 2573 1837 libenter
2623 1786 2886 1849 pereunt!
2942 1784 3238 1835 Contemni
3286 1797 3345 1833 se
3390 1784 3621 1845 judicat,

1988 1864 2043 1909 et
2094 1861 2268 1919 vultu,
2315 1863 2491 1921 gestu,
2540 1858 2732 1907 ardore
2780 1857 2849 1906 de
2897 1858 3205 1919 Spectatore
3255 1856 3308 1903 in
3358 1855 3622 1904 adversa-

1991 1934 2132 1979 rium
2166 1933 2415 1979 vertitur.
2448 1948 2475 1975 »
2504 1929 2880 1978 Tertullianus
2917 1930 2968 1975 in
3000 1926 3139 1974 libro
3174 1925 3242 1974 de
3274 1926 3619 1987 Spectaculis:

1990 2018 2017 2049 ς(
2060 2001 2221 2050 Certe
2276 2000 2497 2063 quidem
2550 1999 2879 2060 gladiatores
2943 1998 3268 2045 innocentes
3322 1998 3376 2043 in
3427 1996 3624 2045 ludum

1988 2073 2223 2120 veniunt
2276 2076 2338 2119 ut
2393 2071 2633 2133 publica
2690 2068 2990 2131 voluptatis
3063 2067 3215 2135 fiant.
3286 2067 3463 2115 Etiam
3524 2069 3622 2129 qui

1988 2142 2287 2191 damnatur
2313 2144 2368 2189 in
2400 2141 2611 2200 ludum,
2641 2140 2807 2203 quale
2842 2144 2924 2187 est
2966 2142 3028 2186 ut
3072 2136 3139 2186 de
3183 2137 3388 2187 leviore
3418 2138 3619 2187 delicto

1988 2216 2041 2262 in
2094 2213 2400 2263 homicidas
2451 2210 2840 2261 emendatione
2892 2210 3200 2272 proficiant.
3236 2224 3263 2253 »
3308 2210 3375 2257 Et
3454 2210 3619 2271 paulo

1988 2289 2109 2347 post
2160 2300 2171 2333 :
2222 2304 2247 2329 «
2296 2285 2413 2333 lmo
2468 2284 2563 2346 qui
2604 2286 2825 2345 propter
2872 2280 3168 2329 homicida
3219 2293 3435 2342 panum
3488 2294 3619 2342 pro-

1986 2355 2225 2405 bandam
2275 2356 2343 2403 ad
2397 2353 2779 2417 spectaculum
2826 2354 2994 2411 venit,
3052 2351 3197 2400 idem
3263 2351 3619 2413 gladiatorem

1987 2428 2053 2476 ad
2122 2426 2487 2475 homicidium
2537 2424 2770 2485 ﬂagellis
2810 2428 2861 2471 et
2914 2422 3081 2484 virgis
3127 2422 3408 2483 compellit
3478 2422 3621 2469 iuvi-

1989 2503 2179 2547 tum.»
2236 2498 2375 2546 Acta
2424 2498 2740 2544 sanctarum
2798 2494 3084 2555 Perpetua
3168 2495 3221 2540 et
3278 2492 3617 2540 Felicitatis:

1988 2588 2013 2612 «
2042 2568 2181 2618 Cum
2214 2568 2451 2631 populus
2498 2566 2621 2614 illos
2671 2567 2723 2612 in
2774 2564 2957 2612 medio
2998 2563 3299 2625 postularet
3334 2566 3393 2610 ut
3439 2562 3619 2624 gladio

1986 2641 2291 2703 penetranti
2343 2641 2399 2687 in
2453 2652 2645 2687 eorum
2710 2648 2937 2698 corpore
2989 2635 3181 2684 oculos
3220 2647 3350 2682 suos
3392 2635 3621 2683 comites

1987 2711 2271 2761 homicidii
2324 2709 2663 2773 adjungeret,
2691 2726 2717 2753 »
2758 2711 2861 2756 etc.
2908 2705 3238 2754 Prudentius
3263 2706 3318 2753 in
3349 2705 3621 2753 Hamarti-

1987 2784 2149 2846 genia
2182 2797 2191 2827 :

2172 2870 2444 2931 Sanguinis
2469 2868 2679 2917 humani
2710 2866 3006 2930 spectacula
3036 2865 3280 2929 publicus
3305 2863 3426 2912 edit.

2172 2942 2471 2989 Consessus.

2173 3010 2457 3060 Cbservant
2480 3010 2696 3058 hilarem
2728 3008 2791 3057 de
2818 3008 2996 3057 funere
3026 3006 3251 3069 plebem.

1908 3112 1960 3185 Ο
1989 3100 2161 3160 Ideni,
2193 3086 2286 3148 lib.
2314 3112 2329 3147 I
2360 3099 2615 3147 adversus
2642 3095 3011 3159 Symmachum
3041 3110 3058 3143 :

2174 3192 2422 3241 Funditur
2446 3191 2704 3240 humanus
2732 3190 2899 3238 latiari
2926 3190 2977 3239 in
3007 3189 3183 3237 funere
3219 3187 3443 3250 sanguis,

2169 3265 2553 3325 Consessusque
2586 3262 2689 3311 illic
2718 3266 3041 3325 spectantem
3068 3259 3223 3310 solvit
3254 3259 3317 3307 ad
3349 3272 3509 3307 aram.

2170 3326 2394 3375 Platonis
2421 3324 2528 3373 nm
2561 3329 2680 3373 vota
2707 3324 2804 3373 sui.

2047 3414 2186 3464 Vide
2233 3415 2600 3472 Lactantium,
2628 3412 2722 3462 lib.
2777 3426 2833 3471 v,
2890 3425 3009 3475 cap.
3067 3411 3146 3471 20,
3202 3409 3613 3471 Cassiodorum,

1984 3486 2079 3535 lib.
2112 3499 2168 3547 v,
2200 3486 2358 3549 epist.
2386 3484 2447 3533 42
2470 3499 2482 3544 ;
2507 3488 2561 3532 et
2588 3483 2880 3543 Muretum,
2911 3482 2968 3530 in
2992 3481 3281 3544 epistolam
3310 3480 3555 3530 Seneca.

2047 3557 2142 3617 (53)
2176 3558 2311 3618 Quos
2334 3568 2482 3605 nemo
2508 3553 2798 3603 damnavit.
2845 3553 2906 3601 In
2949 3552 3194 3601 editione
3223 3551 3455 3600 Morellii
3486 3552 3618 3613 legi-

1986 3631 2112 3677 tur:
2146 3644 2172 3671 «
2199 3628 2353 3689 Quos
2377 3638 2540 3675 nemo
2580 3624 2865 3674 damnavit
2900 3624 2968 3673 ad
3010 3623 3232 3672 bestias.
3269 3639 3296 3666 »
3330 3620 3439 3672 Sed
3469 3621 3617 3670 istud

1986 3704 2068 3749 est
2102 3712 2304 3761 purum
2335 3698 2624 3761 glossema.

2048 3770 2151 3832 (54)
2192 3771 2366 3819 ditata
2413 3770 2636 3831 integra.
2688 3765 2963 3816 Pacuvius
3021 3764 3169 3827 apud
3232 3765 3296 3813 A.
3349 3762 3613 3823 Gellium,

1986 3841 2079 3889 lib.
2110 3854 2230 3901 xm,
2262 3854 2383 3904 cap.
2421 3840 2485 3890 28
2515 3855 2525 3888 :
2561 3856 2588 3884 «
2630 3838 2808 3887 Etate
2850 3838 3079 3900 integra,
3144 3834 3313 3885 feroci
3375 3834 3616 3897 ingenio,

1986 3913 2127 3962 facie
2150 3925 2374 3975 procera
2397 3912 2600 3961 virum.
2626 3925 2655 3956 »

2050 3984 2147 4046 (55)
2175 3984 2405 4032 Honesta
2432 3980 2623 4043 forma.
2660 3978 2852 4031 Codex
2878 3977 3420 4040 GratianOpolitanus
3450 3976 3619 4025 habet

1988 4060 2219 4104 uenusta.

2051 4128 2148 4188 (56)
2237 4128 2377 4176 Veste
2470 4125 2722 4188 pretiosa.
2792 4123 2942 4172 Infra
3010 4122 3066 4170 in
3116 4121 3258 4171 libro
3322 4120 3385 4170 de
3432 4119 3622 4169 Habitu

1985 4200 2271 4260 virginum,
2341 4212 2464 4261 pag.
2518 4198 2607 4246 175
2650 4211 2661 4244 :
2711 4213 2738 4240 α
2786 4196 2897 4245 Aut
2939 4196 3092 4243 veste
3148 4194 3405 4256 pretiosa,
3456 4210 3483 4236 ››
3549 4204 3620 4240 ex

1990 4270 2177 4319 Paulo.

2052 4340 2145 4404 (57)
2208 4342 2459 4390 Viventes.
2509 4338 2782 4388 Pamelius
2818 4337 3020 4400 adjecit
3053 4338 3271 4399 juvenes
3314 4350 3383 4386 ex
3427 4336 3622 4386 codice

1990 4411 2440 4462 Camberonensi.
2492 4410 2699 4459 Verum
2752 4422 2881 4459 cum
2936 4422 2998 4459 ea
3046 4410 3345 4458 auctoritas
3386 4409 3458 4457 sit
3507 4409 3621 4456 sin-

266 4496 397 4543 nam,
424 4486 696 4535 Ecclesia
735 4488 1051 4537 utilitatem.
1102 4488 1211 4537 Sed
1261 4503 1289 4536 a
1334 4501 1423 4536 me
1479 4478 1729 4537 obtinere
1772 4478 2213 4549 noanularis,
2267 4486 2321 4532 et
2362 4496 2472 4531 non
2516 4484 2730 4532 constet
2776 4480 2867 4528 hic
2915 4480 3002 4540 agi
3038 4479 3106 4528 de
3156 4478 3478 4541 juvenibus,
3520 4478 3619 4527 sed

268 4567 476 4614 possum
515 4559 651 4619 quin
678 4557 935 4606 damnem
976 4559 1276 4608 sarabaitas
1314 4560 1584 4623 quosdam
1634 4564 1686 4608 et
1714 4574 1885 4621 gyro-

266 4637 416 4687 vagos
444 4629 542 4690 qui
593 4640 651 4676 se
707 4629 966 4677 eremitas
1009 4642 1128 4678 esse
1176 4631 1353 4690 aiunt,
1412 4635 1465 4679 et
1518 4631 1655 4679 nihil
1700 4632 1884 4679 minus

268 4703 401 4752 sunt,
444 4713 576 4748 cum
624 4700 1074 4763 frequentissime
1117 4700 1504 4766 derelinquant
1552 4702 1883 4751 solitudines

266 4777 378 4815 suas
410 4774 463 4818 et
510 4770 677 4821 urbes
724 4774 1080 4834 frequentant
1125 4778 1313 4835 aperte
1362 4777 1553 4822 contra
1595 4773 1722 4822 vita
1767 4774 1885 4822 for-

265 4849 395 4887 mam
442 4856 611 4904 quam
679 4842 787 4891 sibi
844 4844 1319 4906 prascripserunt.
1379 4844 1520 4893 Illud
1583 4845 1639 4892 in
1695 4845 1885 4906 primis

266 4918 396 4971 sape
427 4914 658 4962 miratus
690 4926 834 4972 sum,
866 4913 1036 4963 fuisse
1081 4915 1247 4977 paulo
1291 4919 1419 4965 ante
1458 4915 1559 4964 hos
1604 4919 1884 4965 trecentos

266 4994 423 5031 annos
468 4998 645 5033 unum
695 4986 1036 5048 episcopum,
1089 4987 1363 5036 Joannem
1434 4986 1699 5036 videlicet
1773 4987 1883 5049 epl-

265 5064 479 5115 scopum
513 5055 909 5115 Giennensem,
955 5058 1071 5120 qui,
1120 5056 1349 5106 dimisso
1393 5058 1733 5120 episcopatu,
1779 5071 1883 5120 pa-

266 5122 359 5171 lam
385 5130 435 5175 et
466 5126 691 5189 publice
722 5128 1001 5191 professus
1048 5132 1131 5177 est
1176 5141 1235 5177 se
1282 5128 1426 5178 velle
1465 5129 1670 5179 ducere
1714 5130 1880 5178 vitam

267 5200 609 5263 eremiticam.
662 5204 717 5249 et
769 5202 952 5249 tamen
1003 5212 1219 5263 semper
1272 5200 1551 5250 residebat
1613 5202 1670 5249 in
1724 5200 1882 5249 curia

268 5262 514 5325 Romana,
544 5274 597 5318 et
626 5272 717 5331 qui
764 5270 1073 5320 secundum
1116 5262 1432 5320 institutum
1480 5285 1646 5320 suum
1688 5271 1884 5334 procul

269 5334 440 5387 abesse
472 5339 705 5389 debebat
732 5355 762 5388 a
784 5342 1109 5391 tractatione
1125 5343 1476 5404 negotiorum
1503 5342 1879 5405 publicorum,

268 5419 331 5481 se
364 5413 538 5458 totum
588 5410 751 5460 dabat
803 5412 1103 5462 miscendis
1151 5412 1315 5462 rebus
1357 5414 1413 5461 in
1448 5414 1619 5462 initiis
1658 5412 1882 5463 nefandi

272 5476 401 5526 illius
424 5481 733 5531 schismatis
762 5483 912 5546 quod
942 5488 1064 5546 post
1087 5488 1320 5533 mortem
1351 5483 1601 5550 Gregorii
1622 5497 1779 5548 papa
1807 5484 1882 5533 XI

271 5554 501 5599 exortum
530 5556 612 5601 est
640 5554 693 5602 in
719 5553 971 5604 Ecclesia
999 5555 1263 5604 Romana.

326 5619 415 5677 (52)
470 5623 630 5670 Homo
667 5624 935 5673 occiditur.
992 5624 1223 5683 Seneca,
1277 5626 1437 5688 epist.
1496 5629 1525 5676 7
1577 5642 1587 5674 :
1649 5644 1677 5670 «
1722 5627 1883 5675 Nunc

278 5692 473 5739 omissis
518 5694 679 5755 nugis
727 5709 875 5744 mera
923 5695 1223 5747 homicidia
1273 5701 1402 5746 sunt
1446 5715 1475 5743 »
1531 5698 1682 5747 Idem
1742 5697 1834 5746 lib.
1865 5710 1882 5745 ι

278 5756 331 5808 de
392 5763 501 5813 Vita
567 5762 733 5826 beata,
808 5779 927 5830 cap.
990 5770 1020 5820 2
1078 5783 1088 5817 :
1147 5784 1177 5817 (ς
1228 5768 1643 5822 Gladiatoribus
1711 5781 1881 5835 quare

1984 4554 2052 4604 de
2076 4555 2209 4603 viris
2247 4554 2497 4612 fortibus,
2543 4553 2665 4602 hac
2706 4565 2813 4599 vox
2846 4550 3060 4599 sublata
3110 4555 3194 4598 est
3234 4551 3287 4597 in
3332 4550 3618 4611 sequenti-

1984 4626 2089 4674 bus
2113 4624 2470 4685 editionibus,
2498 4636 2816 4687 quanquam
2846 4622 3010 4671 lectio
3049 4634 3173 4683 qua
3205 4623 3421 4685 juvenes
3450 4620 3619 4668 habet

1984 4704 2165 4762 potest
2212 4699 2527 4748 confirmari
2591 4711 2658 4747 ex
2708 4698 2773 4744 iis
2808 4700 3057 4744 veterum
3102 4695 3237 4745 locis
3278 4708 3403 4758 qua
3455 4694 3621 4743 refert

1986 4772 2333 4833 Bulengerus
2364 4772 2419 4819 in
2444 4770 2583 4818 libro
2612 4769 2675 4817 de
2713 4767 2987 4815 Venatione
3010 4766 3156 4825 circi,
3189 4779 3307 4828 cap.
3337 4766 3383 4814 3.

2050 4844 2146 4903 (58)
2176 4842 2236 4889 In
2276 4841 2569 4889 ultroneum
2612 4840 2795 4899 funus.
2843 4836 2902 4885 Id
2937 4840 3037 4896 est,
3073 4850 3132 4885 se
3173 4837 3277 4899 ipsi
3325 4838 3520 4899 sponte
3562 4838 3618 4883 et

1985 4914 2131 4962 ultro
2157 4913 2435 4962 destinant
2463 4911 2530 4959 ad
2557 4913 2808 4959 mortem.
2838 4908 3030 4957 Funus
3073 4911 3258 4959 autem
3294 4908 3419 4956 istic
3450 4906 3619 4969 signi—

1984 4985 2116 5033 ﬁcat
2136 4986 2389 5042 mortem,
2429 4982 2683 5039 cadaver,
2722 4994 2835 5029 non
2869 4993 2999 5029 vero
3024 4980 3294 5030 solemnia
3326 4979 3619 5042 exsequia-

1984 5070 2127 5113 rum,
2155 5056 2235 5103 uti
2254 5055 2432 5103 fusius
2458 5052 2817 5103 ostendemus
2844 5050 2911 5099 ad
2940 5052 3231 5115 epistolam
3251 5052 3307 5101 3t
3335 5049 3615 5113 Cypriani.

1986 5128 2104 5177 Non
2148 5127 2297 5189 cepit
2335 5138 2463 5187 ergo
2512 5137 2736 5174 sensum
2779 5122 2948 5183 hujus
2993 5123 3098 5172 loci
3148 5122 3493 5172 Lombertus.
3525 5121 3619 5170 Sic

1984 5200 2133 5247 enim
2168 5196 2366 5247 vertit:
2423 5198 2516 5245 Des
2555 5208 2676 5258 gens
2714 5194 2750 5244 ὰ
2790 5193 2842 5241 Ia
2889 5193 3018 5256 [ἰθυν-
3045 5193 3109 5243 de
3160 5194 3271 5242 teur
3314 5206 3468 5256 auge,
3502 5190 3621 5239 bien

1983 5269 2128 5331 (dits,
2158 5268 2277 5317 bien
2299 5272 2487 5323 vastus,
2522 5266 2831 5329 s’aprestent
2850 5263 2912 5312 de
2940 5278 3073 5327 sang
3104 5264 3249 5327 [ποῖά
3294 5278 3435 5328 pour
3480 5262 3619 5325 faire

1983 5353 2331 5390 eu:c-mesmes
2356 5339 2496 5388 leurs
2524 5336 2852 5400 fundi-uillas.

2047 5412 2149 5473 (59)
2224 5412 2469 5474 Pugnant
2551 5410 2621 5459 ad
2696 5408 2906 5459 bestias.
2989 5408 3260 5472 Rigaltius
3348 5408 3616 5470 scripsit:

3313 5497 3338 5524 (ς
3370 5479 3622 5541 Pugnant

2048 5553 2143 5613 (60}
2171 5554 2286 5603 Non
2332 5553 2566 5601 crimine.
2604 5551 2902 5613 Arnobius,
2932 5552 3027 5601 lib.
3073 5563 3108 5599 II
3156 5563 3166 5596 :
3213 5547 3529 5599 Interﬂcere
3561 5560 3621 5597 se
3650 5580 3663 5595 ς

1984 5626 2122 5674 alios
2151 5625 2364 5675 nullius
2392 5624 2464 5675 ob
2496 5624 2677 5673 meriti
2710 5636 2954 5681 causam,
2980 5622 3076 5672 sed
3102 5622 3159 5669 in
3183 5625 3392 5684 gratam
3422 5620 3621 5680 volup-

1985 5702 2151 5747 tatem
2209 5709 2615 5747 consessorum.
2664 5711 2694 5743 ››
2742 5696 3008 5751 Ruﬁnus,
3061 5692 3156 5740 lib.
3211 5704 3303 5750 xx,
3370 5704 3491 5754 cap.
3544 5691 3620 5747 18,

1984 5785 2013 5818 α
2048 5768 2369 5823 Vindictam
2399 5769 2517 5821 dari
2548 5781 2656 5818 non
2690 5767 2910 5820 crimini
2939 5765 3037 5815 sed
3067 5764 3252 5815 furori.
3286 5780 3310 5806 ››
