4160 6216
0 3261 24 3338 Ξ,

0 3361 30 3448 F;

0 3453 30 3576 ἐς

33 3365 44 3378 ο

27 3409 36 3420 'l

27 3431 38 3444 ir

27 3483 40 3500 In

43 3555 44 3562 ι

35 3583 40 3596 ι

43 3635 44 3642 ι

33 3651 44 3662 ,η

0 3761 8 3810 ἰ

0 3959 6 3982 l

26 72 109 113 με

36 114 109 209 ηηῒ

56 302 105 333 ηιξ

52 350 103 363 ·ι

22 398 103 419 ι¹ι

54 446 101 457 Ἠη

16 574 57 603 Ji

46 630 63 665 (η

8 664 61 713 I1-l

44 774 57 793 ν

10 806 51 845 (ill

12 880 43 895 ,η

8 902 49 915 ιν

8 968 47 991 (β

4 1014 9 1023 ι

32 1082 49 1113 ὲ.

32 1224 33 1233 l

32 1240 39 1255 ἣ

28 1414 43 1435 ι.
145 1396 161 1474 )

28 1456 29 1465 l

123 1515 138 1546 1.

26 1590 27 1607 i

24 1664 27 1673 ι

0 2792 49 3322 i

76 2878 93 3070 i

76 3069 93 3132 Li

77 3277 93 3304 ,4

43 3770 66 3846 η

33 3831 66 4290 ξ

64 3665 87 4224 ξ

0 4103 16 4120 .-

33 4089 96 4288 tl

33 4641 58 4706 τ’
69 4661 94 4698 1'.

0 4863 2 4868 ,
35 4815 92 4862 53.1

0 4865 80 4980 Ττῗι

0 4980 81 5044 ι).

0 5030 85 5318 3;

0 5220 88 5412 (ι’

0 5384 83 5557 ι)

0 5507 18 5586 ῑέ
40 5510 81 5577 [εξ

0 5583 79 5686 t

0 5676 81 5775 tr”

7 5786 43 5851 ti“
60 5802 65 5809 ‘

631 338 657 388 ἓ
674 337 684 389 l
703 337 723 391 ί
1542 334 1600 392 S.
1641 336 1948 392 CYPRIANI
1987 335 2248 391 OPERUM

2350 335 2475 390 ARS
2513 334 2549 386 1.
2591 361 2660 372 -—-
2698 329 3055 388 EPISTOLE.
3882 315 3973 374 212

623 481 750 516 suos
793 466 981 533 patres
1015 477 1027 514 :
1079 460 1258 516 frater
1304 461 1362 517 in
1409 479 1578 518 cavea
1605 469 1706 532 est,
1753 468 1809 516 et
1856 478 2015 517 soror
2054 468 2253 532 praesto
2275 458 2676 548 Acarmine”
2726 457 2830 524 (63)
2871 467 3191 508 recensere.
3220 451 3298 504 De
3332 448 3648 519 parricidiis
3675 455 3732 503 et
3759 449 3970 510 incestis

629 563 729 609 νει.
780 557 846 609 Et
899 555 1199 626 spectaculi
1252 556 1382 610 licet
1440 558 1688 626 pretium
1737 556 1956 627 largior
1998 555 2247 610 muneris

627 652 928 718 :vpparatus
983 648 1330 718 ampliﬁcet,
1399 653 1463 702 ut
1519 650 1852 704 maeroribus
1910 649 2023 702 suis
2066 653 2247 702 mater

628 745 857 812 intersit,
887 745 1014 808 hoc.
1037 747 1183 816 proh
1211 746 1370 800 dolor
1391 747 1437 780 ⁵9
1467 747 1480 799 l
1512 752 1692 801 mater
1717 754 1772 801 et
1801 746 2027 800 redimit
2051 763 2062 812 ;
2097 749 2154 798 et
2185 745 2244 797 in

629 844 741 892 tun
785 837 976 908 impiis
1010 839 1338 908 spectaculis
1382 844 1616 909 tamque
1658 839 1795 893 diris
1831 843 1889 893 et
1930 839 2168 893 funestis
2196 839 2244 871 7°

622 952 738 989 i-sse
766 952 823 990 se
851 952 966 990 non
995 939 1194 1006 putant
1217 936 1391 990 oculis
1427 937 1470 971 ⁷¹
1505 937 1817 1006 parricidis.

694 1031 828 1084 VIII.
859 1030 1133 1084 Converte
1160 1029 1291 1082 hinc
1325 1030 1509 1083 vultus
1531 1029 1602 1082 ad
1632 1029 1836 1084 diversi
1863 1029 1910 1063 ⁷³
1939 1029 2241 1100 spectaculi

621 1121 728 1191 (ut)
758 1138 871 1175 non
911 1123 1099 1176 minus
1130 1121 1459 1192 paenitenda
1504 1122 1774 1192 contagia
1801 1121 1906 1192 (62)
1943 1138 1954 1176 :
1990 1122 2047 1175 in
2081 1123 2237 1176 thea-

627 1219 722 1272 tris
761 1217 954 1290 208
996 1235 1222 1289 quoque
1271 1218 1580 1289 conspicias
1625 1220 1781 1290 quod
1824 1219 1925 1273 tibi
1970 1224 2027 1273 et
2063 1219 2241 1274 dolori

623 1315 692 1369 rit
713 1319 770 1369 et
797 1316 1018 1386 pudori.
1043 1316 1363 1371 Cothurnus
1396 1321 1478 1371 est
1507 1317 1750 1387 tragicus
1777 1317 1962 1389 prisca
1986 1317 2241 1372 facinora

2352 558 2561 612 horror
2594 553 2706 625 (64)
2733 553 3018 623 antiquus,
3067 564 3331 620 expressa
3369 547 3438 600 ad
3479 548 3793 618 imaginem
3835 551 3970 606 veri-

2345 653 2477 706 tatis
2506 652 2750 718 actione,
2798 651 3124 720 replicatur,
3157 663 3251 712 ne,
3282 644 3502 699 seaculis
3531 647 3971 717 transeuntibus,

2346 751 2626 804 exolescat
2666 748 2816 819 quod
2859 746 3168 818 aliquando
3205 744 3573 798 commissum
3622 750 3727 797 est.
3777 743 3969 800 Admo-

2345 847 2513 897 netur
2549 845 2684 896 mtas
2724 840 2907 894 omnis
2954 839 3156 893 auditu
3203 837 3326 891 ﬁeri
3364 853 3530 908 posse
3567 837 3721 906 quod
3766 837 3973 894 factum

2345 940 2448 991 est.
2494 937 2816 1006 Numquam
2856 933 2958 987 ξι)νί
2997 932 3155 986 senio
3185 931 3389 985 delicta
3423 931 3772 994 moriuntur,
3822 947 3974 985 num-

2345 1049 2518 1105 quam
2536 1032 2885 1104 temporibus
2915 1032 3134 1084 crimen
3154 1029 3436 1094 obruitur,
3457 1043 3775 1098 numquam
3802 1028 3971 1083 scelus

2342 1131 2621 1185 oblivione
2647 1130 2942 1200 sepelitur.
2977 1127 3245 1198 Exempla
3275 1127 3418 1179 fiunt
3441 1141 3568 1196 quae
3599 1141 3718 1178 esse
3741 1125 3865 1194 jam
3890 1126 3960 1179 fa-

2343 1228 2537 1282 cinora
2559 1228 2921 1281 destiterunt.
2950 1227 3092 1278 Tum
3117 1224 3368 1278 delectat
3395 1223 3450 1276 in
3483 1222 3655 1275 minis
3679 1222 3970 1291 turpitudi-

2342 1337 2481 1377 num
2498 1319 2954 1392 magisterio(65)
2971 1316 3163 1393 209
3187 1317 3274 1402 vel
3292 1316 3430 1390 quid
3443 1316 3595 1370 domi
3623 1316 3854 1387 gesserit
3887 1332 3967 1373 re-

1985 1497 2197 1561 Varize
2266 1499 2604 1563 lectiones.

675 1661 719 1692 ⁸⁷
747 1661 849 1710 Pro
879 1659 1066 1710 dolore
1102 1661 1228 1707 Vict.
1318 1659 1358 1691 7°
1389 1661 1554 1710 Duris
1584 1660 1896 1712 sceleribus
1943 1663 2077 1711 Pem.
2123 1664 2255 1714 Voss.
2295 1665 2342 1714 2.
2381 1664 2532 1714 Ebor.
2585 1666 2697 1714 Lin.
2744 1665 2851 1714 ΝΟ.
2906 1667 2948 1714 1.
3039 1663 3078 1696 ⁷¹
3108 1662 3269 1715 Oculi
3311 1662 3545 1725 plerique
3592 1674 3709 1708 mss.
3752 1663 3800 1707 et
3827 1659 3972 1720 impr.

613 1730 653 1762 ⁷³
674 1731 903 1781 Diversa
934 1730 1086 1778 Oxon.
1177 1727 1218 1760 ⁷³
1249 1729 1404 1781 Priso
1427 1731 1668 1781 carmine
1697 1731 1820 1780 Bod.
1848 1733 1895 1782 3.
1929 1731 2196 1784 Facinora
2236 1735 2545 1785 carminum
2576 1736 2713 1785 Lam.
2740 1734 2892 1786 Ebor.
2945 1733 3054 1784 Lin.
3086 1733 3194 1784 ΝΟ.
3225 1735 3270 1784 1.
3302 1733 3417 1781 Ben.
3449 1731 3572 1781 Thu.
3625 1730 3757 1779 Vict.
3798 1727 3971 1778 Prisca

615 1802 922 1852 carminum
955 1800 1197 1851 facinora
1227 1801 1383 1850 Oxon.

1904 1894 2127 1976 Steph.
2179 1895 2427 1959 Baluzii
2481 1901 2682 1959 notas.

614 2047 639 2116 L<
679 2029 932 2108 Pugnant
956 2024 1025 2075 ad
1049 2025 1255 2076 bestias
1279 2024 1488 2116 bestim'.
1516 2044 1544 2072 »
1576 2025 1739 2088 Quod
1782 2027 1875 2110 ille
1918 2028 2240 2116 mihivvid‘e:
2262 2044 2316 2116 Β
2341 2031 2594 2080 adversm
2620 2030 2963 2116 Jovinianuin
3005 2027 3309 2092 parricidas
3349 2039 3418 2076 ex
3467 2025 3739 2076 sententia
3762 2024 3980 2116 .Pytha-

614 2105 702 2149 tur
746 2099 1027 2161 accepisse
1093 2111 1164 2147 ex
1231 2099 1588 2148 annotatione
1671 2100 1964 2163 marginali
2030 2102 2240 2151 Nicolai

615 2172 681 2220 ad
759 2169 1055 2220 editionem
1107 2169 1499 2228 Pamelianam,
1575 2168 1671 2218 ubi
1735 2171 1817 2218 vir
1885 2169 2242 2222 doctissimus

611 2242 865 2305 scripsit:
897 2259 926 2287 «
967 2243 1218 2304 Pugnant
1263 2238 1332 2288 ad
1387 2239 1594 2289 bestias
1639 2239 1854 2300 bestiae,
1906 2255 2017 2291 non
2061 2244 2240 2292 nomi-

613 2327 698 2374 ne,
749 2313 846 2363 sed
895 2313 1097 2362 furore.
1133 2328 1162 2357 »
1211 2309 1321 2361 Sed
1369 2324 1481 2360 non
1528 2310 1797 2360 indicavit
1852 2310 2042 2361 locum
2093 2311 2242 2363 unde

609 2385 821 2447 accepit
849 2383 995 2434 hanc
1023 2383 1336 2432 lectionem.
1370 2382 1441 2430 At
1479 2394 1581 2444 ego
1623 2381 1812 2432 inveni
1861 2383 1934 2431 ita
1975 2383 2241 2446 scriptum

609 2455 779 2504 fuisse
845 2455 900 2503 in
968 2453 1107 2502 libro
1171 2452 1498 2502 Veronensi.
1570 2451 1779 2502 Vocem
1848 2466 1978 2502 vero
2051 2454 2239 2513 bestias,

612 2540 738 2590 quae
764 2530 912 2576 certe
947 2524 1159 2574 inutilis
1199 2528 1282 2573 est
1334 2525 1387 2571 in
1439 2523 1547 2572 hoc
1602 2523 1743 2582 loco,
1794 2536 1978 2587 neque
2032 2525 2090 2573 in
2119 2526 2242 2575 aliis

609 2597 764 2647 libris
789 2596 1033 2660 antiquis
1056 2595 1243 2645 inveni
1276 2606 1460 2658 neque
1493 2595 1550 2643 in
1597 2595 1842 2657 antiquis
1883 2595 2238 2645 editionibus.

608 2668 681 2717 Et
725 2668 877 2718 hunc
923 2679 1148 2730 quoque
1186 2666 1372 2715 locum
1423 2665 1719 2715 infeliciter
1765 2667 1926 2716 vertit
1975 2667 2241 2716 Lomber-

609 2746 720 2801 tus,
745 2753 857 2788 non
902 2752 1003 2788 sua
1055 2737 1236 2800 culpa,
1288 2735 1386 2786 sed
1429 2737 1558 2800 quia
1608 2736 1915 2798 exprimere
1964 2737 2138 2786 voluit
2185 2738 2242 2786 id

610 2810 760 2874 quod
789 2809 1006 2874 legebat
1051 2809 1107 2857 in
1141 2807 1381 2858 editione
1430 2808 1671 2870 Rigaltii.
1720 2806 1813 2857 Sic
1863 2821 1994 2870 ergo
2039 2809 2238 2860 vertit:

614 2883 713 2928 De:
760 2879 916 2930 bestes
963 2879 1275 2929 combattent
1327 2879 1470 2928 ainsi
1529 2884 1708 2928 contra
1771 2878 1859 2928 des
1903 2879 2081 2936 bestes,
2138 2894 2243 2929 non

609 2964 750 3013 pour
805 2951 987 3012 expier
1040 2949 1175 3000 leurs
1219 2949 1422 3007 crimes,
1473 2949 1608 2998 mnis
1649 2962 1784 3011 pour
1827 2951 2068 2999 assouvir
2129 2949 2243 2998 leur

609 3022 816 3084 fureur.
841 3023 1018 3072 Verus
1055 3033 1254 3070 sensus
1301 3025 1387 3069 est
1431 3021 1532 3069 iste
1564 3035 1574 3067 :
1609 3020 1865 3080 Pugnant
1909 3021 2242 3084 gladiatores

610 3094 680 3142 ad
706 3093 930 3151 bestias,
957 3092 1012 3141 id
1059 3097 1142 3140 est
1184 3105 1312 3141 cum
1354 3091 1567 3151 bestiis,
1614 3103 1727 3139 non
1778 3091 2030 3150 crimine,
2059 3092 2111 3140 id
2141 3095 2238 3151 est,

611 3176 724 3212 non
772 3162 841 3213 ad
883 3163 1090 3212 bestias
1145 3161 1388 3210 damnati
1437 3173 1534 3223 pro
1581 3162 1695 3209 suis
1747 3161 2092 3222 criminibus,
2144 3161 2242 3210 sed

610 3234 812 3293 furore,
859 3238 920 3282 ut
967 3231 1223 3281 videlicet
1265 3244 1323 3281 se
1375 3231 1540 3280 fortes
1591 3231 1890 3281 ostendant
1944 3238 1999 3281 et
2043 3233 2244 3294 peritos

609 3306 667 3354 in
699 3309 813 3353 arte
863 3302 1200 3367 gladiatoria.
1251 3301 1422 3351 Recte
1467 3301 1635 3362 igitur
1677 3303 1841 3364 Angli
1895 3303 2245 3352 sustulerunt

612 3389 804 3425 vocem
829 3374 999 3423 bestiae
1041 3372 1110 3421 ab
1146 3372 1253 3421 hoc
1296 3372 1437 3430 loco,
1483 3373 1770 3434 quoniam,
1816 3377 1877 3422 ut
1926 3374 2029 3436 ipsi
2067 3375 2242 3432 aiunt,

615 3459 743 3496 cum
786 3444 854 3492 de
901 3443 1221 3492 hominibus
1271 3445 1396 3504 agat
1437 3446 1648 3501 auctor,
1694 3444 1919 3492 minime
1969 3444 2246 3507 putandus

617 3521 700 3567 est
729 3516 853 3565 illos
891 3514 1088 3577 frigido
1130 3517 1184 3564 et
1227 3513 1479 3576 p0pulari
1528 3515 1780 3564 convicio
1829 3515 2032 3565 bestias
2067 3515 2250 3578 appel-

616 3590 775 3638 lasse.
820 3585 1038 3635 Ludum
1082 3584 1467 3634 bestiariorum
1530 3583 1669 3633 dixit
1716 3585 1948 3646 Seneca,
1995 3588 2151 3650 epist.
2188 3586 2251 3636 66

618 3662 673 3708 et
715 3660 793 3708 70.
847 3656 985 3705 Vide
1039 3655 1321 3713 eumdem,
1361 3655 1457 3703 lib.
1512 3668 1567 3712 ιι,
1624 3657 1686 3704 de
1743 3659 1833 3705 Ira
1887 3657 1995 3715 Dei,
2052 3671 2171 3719 cap.
2200 3658 2249 3716 8,

617 3734 670 3780 et
698 3727 1097 3793 Symmachum
1119 3727 1214 3776 lib.
1255 3739 1309 3789 ιι,
1360 3727 1520 3789 epist.
1560 3728 1640 3785 46,
1685 3741 1816 3776 cum
1864 3729 2008 3777 notis
2054 3729 2246 3778 Jureti.

620 3800 896 3851 Caeterum
925 3798 1214 3856 admoneo,
1253 3797 1552 3861 Rigaltium
1593 3798 1647 3845 in
1696 3798 1976 3848 addendis
2028 3799 2098 3848 ad
2151 3799 2251 3848 ob-

615 3871 955 3922 servationes
1002 3882 1132 3918 suas
1186 3867 1369 3918 dicere
1421 3868 1687 3930 scriptum
1739 3883 1862 3919 esse
1914 3882 2099 3919 errore
2152 3884 2250 3933 pro

616 3945 804 4004 furore
847 3943 902 3991 in
946 3940 1087 3990 libro
1136 3940 1348 3990 Nicolai
1421 3938 1600 3988 Fabri.
1658 3939 1820 4001 Quod
1890 3954 2081 3992 verum
2137 3955 2250 3990 non

621 4020 721 4066 est.

682 4086 782 4148 (61)
820 4083 1026 4134 Diversi
1057 4081 1354 4146 spectaculi.
1388 4082 1462 4130 lta
1490 4085 1706 4133 veteres
1737 4082 1863 4132 libri
1913 4083 2024 4132 fere
2054 4097 2250 4133 omnes

619 4164 675 4208 et
753 4160 966 4206 veteres
1021 4153 1307 4204 editiones.
1370 4153 1471 4201 Pro
1530 4167 1642 4216 quo
1707 4154 1982 4204 Pamelius
2047 4159 2100 4204 et
2157 4155 2249 4205 alii

620 4232 744 4293 post
794 4241 922 4277 eum
965 4228 1268 4288 posuerunt
1305 4224 1532 4273 diversa.
1585 4224 1762 4285 Quam
1819 4226 2131 4285 lectionem,
2181 4239 2250 4275 ne

620 4301 756 4365 quid
791 4298 1156 4356 dissimulem,
1214 4295 1389 4359 reperi
1436 4295 1492 4344 in
1542 4295 1761 4345 duobus
1799 4298 2042 4362 antiquis
2099 4297 2250 4348 codi-

626 4372 807 4422 cibus.

688 4441 784 4502 (62)
817 4437 1094 4501 Coniugia.
1132 4436 1410 4486 Lubenter
1439 4437 1640 4500 arripio
1679 4438 1996 4488 occasiones
2039 4451 2163 4502 quas
2194 4451 2252 4487 se

623 4512 861 4562 offerunt
908 4508 1238 4560 emendandi
1289 4510 1411 4560 loca
1452 4513 1702 4561 veterum
1749 4511 2078 4573 scriptorum
2126 4525 2251 4574 qum

622 4583 760 4632 mihi
807 4581 1067 4630 videntur
1117 4592 1237 4629 esse
1294 4579 1606 4642 depravata.
1668 4582 1729 4629 1n
1771 4581 2014 4644 Epistola
2059 4583 2253 4645 quinta

623 4653 935 4706 Hormisdaa
964 4664 1119 4715 papas
1150 4649 1222 4698 ad
1259 4651 1518 4714 episc0pos
1557 4665 1652 4714 per
1704 4654 2019 4715 Hispaniam
2051 4656 2252 4702 consti—

621 4731 757 4777 tutos
786 4727 858 4774 ita
887 4724 1055 4787 vulgo
1083 4722 1349 4785 scriptum
1390 4726 1554 4771 estzu
1606 4723 1690 4772 Ab
1733 4725 1879 4773 omni
1924 4738 2020 4775 vos
2065 4738 2249 4774 erran-

619 4800 758 4848 tium
785 4765 1175 4846 commifnione
1198 4765 1484 4855 lseparetis.
1513 4808 1536 4840 ς)
1575 4792 1644 4842 Et
1681 4795 1737 4843 in
1779 4799 2042 4856 margine,
2075 4800 2250 4844 conta-
2272 4765 2329 4836 D

621 4869 786 4930 gione.
841 4869 910 4914 At
951 4866 1007 4914 in
1057 4863 1432 4914 vetustissimo
1468 4869 1521 4912 et
1549 4866 1758 4927 optimo
1799 4866 1993 4916 codice
2045 4866 2252 4915 biblio-

621 4941 798 4989 thecae
826 4936 1160 4987 Colbertinaa
1187 4935 1384 4998 legitur
1411 4938 1741 4997 cognatione,
1781 4941 1835 4986 et
1864 4938 1921 4984 in
1963 4937 2070 4986 alio
2121 4938 2252 4986 item

622 5010 1001 5060 vetustissimo
1057 5007 1377 5056 monasterii
1429 5008 1607 5056 sancti
1659 5008 1893 5070 Remigii
1944 5007 2250 5066 Remensis,

619 5081 930 5145 cognitione.
955 5076 1095 5138 Qua
1121 5076 1247 5126 duae
1278 5075 1564 5134 lectiones,
1600 5079 1855 5140 quamvis
1876 5078 2044 5136 falsae,
2072 5081 2252 5126 osten-

621 5154 761 5203 dunt
806 5149 1105 5213 legendum
1157 5161 1279 5197 esse
1321 5149 1646 5210 contagione.
1681 5149 2028 5199 Confirmant
2067 5152 2251 5198 autem

621 5227 766 5276 hanc
791 5223 1088 5273 lectionem
1118 5233 1182 5270 ea
1207 5233 1332 5284 quas
1350 5220 1687 5282 praecedunt.

687 5297 785 5359 (63)
838 5291 1172 5343 Parricidiis.
1227 5292 1308 5341 lta
1377 5292 1645 5354 scriptum
1711 5291 1825 5340 vidi
1887 5293 1943 5340 in
2009 5291 2253 5343 editione

622 5366 945 5418 Morelliana
997 5367 1053 5414 et
1101 5364 1154 5413 in
1202 5362 1467 5414 tredecim
1509 5363 1796 5414 codicibus
1841 5364 2103 5426 antiquis.
2159 5363 2253 5415 Sic

621 5439 787 5489 etiam
835 5438 892 5485 in
922 5447 1024 5483 suo
1073 5447 1133 5483 se
1182 5434 1380 5496 legisse
1421 5437 1653 5484 testatur
1687 5433 2020 5495 Gronovius,
2046 5447 2166 5498 cap.
2201 5436 2249 5495 3,

621 5508 1052 5560 Observationum
1101 5517 1326 5571 suarum
1367 5506 1423 5554 in
1467 5504 1822 5568 Scriptoribus
1869 5503 2250 5555 ecclesiasticis.

616 5581 755 5631 Alias
786 5577 1056 5630 editiones
1085 5580 1140 5626 et
1165 5575 1358 5626 decem
1407 5575 1534 5625 libri
1574 5580 1786 5626 veteres
1830 5575 2039 5626 habent
2075 5575 2253 5637 parri-

617 5650 764 5700 cidis.
817 5648 956 5698 Illud
1017 5660 1240 5710 quoque
1291 5647 1512 5706 addam,
1587 5646 1844 5709 quamvis
1899 5648 2128 5696 fortasse
2183 5645 2253 5694 sit

620 5725 771 5768 extra
822 5733 933 5768 rem
975 5735 986 5766 :
1025 5720 1446 5777 llieronymmn.
1482 5720 1534 5766 in
1593 5717 1810 5780 Dialogo
1856 5719 2109 5766 adversus
2165 5718 2252 5764 Pe-

618 5795 856 5854 (ιιίμιιρδυπί
941 5794 1266 5854 (κικιειεὶξιιι
1326 5805 1518 5840 ιυωιίξ
1579 5805 1702 5839 cum
1905 5807 2032 5841 cuiu
2082 5790 2253 5851 μοδελ,

617 5865 897 5918 hominem
926 5864 994 5914 de
1032 5867 1202 5912 morte
1238 5861 1468 5914 liberare
1497 5873 1609 5912 non
1643 5860 1857 5923 liberat,
1885 5862 1939 5912 et
1973 5860 2030 5912 in
2047 5859 2188 5914 libro
2213 5872 2251 5912 u

2340 2115 2631 2166 goreorum
2685 2102 2780 2166 qui
2861 2101 3096 2151 abietem
3165 2112 3562 2163 quemcunque
3620 2095 3977 2147 succiderint.

2343 2174 2595 2236 Optatus,
2620 2177 2823 2232 autem,
2858 2172 2912 2221 in
2953 2171 3096 2221 libro
3125 2183 3201 2221 VII
3249 2171 3500 2220 adversus
3557 2167 3861 2217 Donatistas
3903 2168 3977 2217 ait

2341 2244 2499 2292 illum
2525 2255 2646 2292 esse
2676 2242 3015 2292 homicidam
3052 2242 3148 2305 qui
3190 2241 3344 2290 nulla
3379 2239 3705 2290 necessitate
3731 2241 3978 2300 cogente,

2341 2314 2782 2375 nullajussione,
2827 2313 2982 2362 nulla
3024 2315 3313 2376 potestate,
3359 2310 3456 2360 sed
3500 2311 3683 2358 furore
3734 2308 3979 2368 adactus,

2341 2383 2411 2433 de
2469 2385 2756 2433 voluntate
2808 2397 2910 2432 sua
2964 2383 3154 2434 fecerit
3216 2381 3364 2445 quod
3444 2379 3741 2444 prohibent
3814 2379 3980 2443 leges.

2342 2454 2543 2505 Widus
2568 2455 2900 2516 monachus,
2947 2455 3002 2503 in
3045 2453 3284 2518 Epistola
3311 2452 3379 2501 ad
3421 2451 3756 2502 Heribertum
3788 2451 3987 2501 archie-

2339 2529 2630 2589 piscopum,
2706 2526 2762 2574 in
2834 2526 2974 2575 libro
3039 2539 3056 2574 1
3126 2522 3576 2574 Miscellaneorum
3652 2525 3987 2580 nostrorum,

2342 2610 2464 2659 pag.
2490 2598 2616 2646 412:
2649 2615 2677 2640 «
2725 2597 3004 2646 Fraternas
3046 2596 3236 2644 mortis
3285 2596 3494 2645 crimen
3548 2594 3784 2642 incurrit
3829 2594 3987 2656 quis--

2343 2669 2484 2730 quis,
2513 2680 2642 2716 cum
2663 2673 2858 2730 potest,
2881 2668 3104 2716 fratrem
3131 2681 3160 2714 a
3191 2670 3366 2716 morte
3399 2666 3631 2714 minime
3655 2663 3926 2713 defendit.
3959 2685 3985 2714 s

2344 2739 2612 2801 Apuleius
2663 2739 2756 2787 lib.
2797 2751 2875 2787 vn
2914 2737 3398 2798 Metamorphoseon
3428 2751 3438 2783 :
3473 2755 3500 2781 «
3532 2738 3616 2784 An
3649 2736 3875 2796 ignoras
3899 2746 3991 2782 eos

2342 2811 2505 2858 etiam
2551 2811 2645 2872 qui
2698 2809 2982 2859 morituris
3034 2810 3305 2858 auxilium
3351 2807 3593 2855 salutare
3638 2805 3992 2865 denegarint,

2342 2881 2474 2944 quia
2499 2887 2688 2930 contra
2728 2881 2904 2930 bonos
2946 2893 3127 2931 mores
3175 2879 3230 2928 id
3281 2880 3463 2942 ipsum
3511 2876 3775 2936 fecerint,
3816 2875 3994 2924 solere

2342 2952 2528 3014 puniri
2555 2953 2582 2999 Ῡ
2612 2970 2639 2997 ››

2409 3023 2502 3082 (6t)
2536 3023 2755 3071 Horror.
2813 3022 3036 3072 Retinui
3086 3021 3233 3071 hanc
3281 3033 3495 3080 vocem,
3550 3020 3820 3082 quamvis
3876 3021 3998 3067 An—

2343 3093 2436 3156 gli,
2483 3093 2808 3142 auctoritate
2861 3096 3082 3155 sumpta
3140 3106 3209 3142 ex
3255 3091 3449 3141 codice
3501 3089 3801 3150 Gronovii,
3844 3091 3995 3139 illam

2343 3163 2714 3226 expunxerint
2753 3168 2808 3212 et
2861 3162 3030 3225 hujus
3068 3163 3192 3213 loco
3235 3162 3555 3224 scripserint
3598 3173 3782 3220 error,
3826 3174 3997 3224 quam

2342 3234 2640 3284 lectionem
2690 3234 2866 3296 reperi
2918 3234 3086 3284 etiam
3141 3235 3196 3282 in
3232 3233 3372 3282 libro
3437 3232 3706 3281 Fuxensi.
3777 3231 3892 3282 Sed
3945 3233 3998 3280 in

2343 3305 2603 3355 omnibus
2658 3306 2780 3354 aliis
2831 3304 3093 3368 antiquis,
3150 3306 3243 3368 qui
3294 3307 3425 3352 sunt
3473 3316 3717 3353 numero
3784 3303 3901 3352 duo
3949 3306 4001 3352 et

2346 3377 2559 3438 viginti,
2618 3380 2673 3426 et
2727 3376 2784 3425 in
2854 3376 3098 3439 antiquis
3159 3374 3497 3426 editionibus
3566 3375 3856 3437 scriptum
3924 3377 4006 3423 est

2348 3447 2557 3495 horror.
2587 3447 2778 3510 Itaque
2809 3459 2920 3495 non
2953 3446 3131 3496 audeo
3180 3450 3393 3495 mutare
3428 3450 3621 3494 contra
3665 3449 3753 3494 tot
3799 3449 4006 3493 aucto-

2353 3519 2556 3578 ritates,
2588 3518 2892 3580 praesertim
2930 3530 3059 3566 cum
3112 3521 3327 3567 certum
3373 3517 3443 3565 sit
3493 3515 3644 3566 hanc
3695 3517 4004 3565 lectionem

2352 3589 2690 3639 constituere
2736 3587 2944 3637 bonum
3000 3601 3241 3637 sensum.
3295 3586 3389 3637 Sic
3439 3586 3585 3650 apud
3639 3587 4008 3642 Ciceronem,

2352 3660 2408 3708 iu
2461 3659 2708 3709 oratione
2757 3672 2854 3722 pro
2897 3659 3109 3719 Milone,
3161 3658 3330 3709 scribi
3387 3657 3592 3708 debere
3635 3673 3714 3705 :«
3747 3657 4011 3707 Aderunt

2352 3735 2538 3780 tamen
2563 3732 2763 3780 oratori
2808 3730 3049 3779 horroris
3093 3729 3324 3793 aliquid,
3353 3748 3378 3772 »
3414 3743 3526 3778 non
3563 3742 3708 3778 vero
3758 3729 4009 3783 terroris,

2351 3802 2607 3852 observat
2639 3803 2937 3865 Dionysius
2977 3802 3292 3852 Lambinus.
3329 3799 3491 3863 Apud
3537 3801 3787 3849 Avitum
3843 3800 4012 3848 Vien-

2351 3887 2598 3932 nensem,
2653 3874 2812 3936 epist.
2861 3874 2909 3934 6,
2944 3873 3144 3937 legitur
3185 3888 3196 3920 :
3241 3891 3266 3916 «
3297 3873 3434 3933 Quis
3486 3884 3621 3933 ergo
3681 3871 3833 3919 mihi
3889 3883 4013 3932 per-

2349 3945 2585 3994 suadere
2635 3947 2866 3993 conetur
2909 3947 3032 4006 post
3077 3956 3288 3994 errores
3327 3943 3589 3991 funerum
3675 3941 4016 4006 sepulcrum

2350 4028 2513 4077 posse
2559 4014 2812 4063 mundari
2852 4015 2879 4062 ‘2
2907 4031 2934 4060 »
2984 4028 3081 4076 pro
3125 4028 3235 4077 quo
3283 4014 3550 4074 scriptum
3607 4018 3703 4061 est
3757 4012 4017 4061 horrores

2351 4087 2408 4135 in
2441 4084 2633 4136 codice
2663 4086 2938 4135 Marnesii.
2968 4084 3171 4136 Contra
3200 4086 3254 4133 in
3285 4082 3458 4132 libello
3498 4084 3738 4133 Precum
3786 4082 4016 4133 Marcel-

2353 4157 2449 4206 lini
2476 4162 2522 4205 et
2564 4157 2824 4217 Faustini,
2881 4170 3008 4206 cum
3059 4157 3112 4205 in
3160 4155 3401 4206 editione
3445 4155 3684 4216 vulgata
3744 4156 4016 4218 legatur:

2352 4247 2380 4272 «
2409 4228 2558 4291 quod
2585 4231 2799 4276 moveat
2825 4226 2891 4275 ad
2919 4226 3220 4284 horrorem,
3247 4243 3273 4268 ιι
3300 4227 3356 4274 in
3385 4224 3750 4288 quibusdam
3779 4226 4021 4275 vetustis

2351 4298 2640 4348 codicibus
2668 4299 2936 4361 scriptum
2966 4301 3051 4347 est
3078 4313 3088 4345 :
3121 4315 3147 4342 ‹‹
3188 4296 3338 4359 quod
3384 4301 3612 4346 moveat
3639 4298 3720 4346 ab
3753 4311 3967 4348 errore.
3995 4315 4021 4341 ι)

2352 4371 2458 4418 Hic
2483 4368 2702 4418 interim
2732 4369 2888 4418 locus
2917 4369 3068 4418 utilis
3094 4381 3215 4417 esse
3255 4367 3453 4430 poterit
3492 4366 3566 4415 ad
3616 4367 4026 4419 emendandos

2352 4441 2561 4489 similes
2609 4453 2820 4490 errores
2873 4439 2970 4488 ubi
3041 4437 3280 4487 defuerit
3363 4439 3684 4488 auctoritas
3764 4447 4025 4490 veterum

2353 4511 2774 4574 exemplarium.

2413 4584 2511 4645 (65)
2587 4583 2906 4646 Magisterto.
2983 4581 3161 4630 Prima
3234 4581 3416 4630 fronte
3477 4580 3631 4630 mihi
3725 4583 4031 4632 videbatur

2354 4653 2618 4703 mendum
2653 4666 2773 4702 esse
2807 4653 2862 4701 in
2893 4651 3001 4701 hoc
3043 4652 3166 4701 loco
3214 4656 3266 4699 et
3297 4650 3738 4701 emendandum
3782 4655 3866 4702 ita
3911 4665 4030 4701 esse

2353 4729 2413 4774 ut
2462 4725 2733 4787 legeretur
2785 4723 3163 4786 magisterium.
3218 4723 3356 4772 Nam
3417 4723 3489 4769 ita
3545 4723 3860 4787 scriptum
3920 4723 4032 4773 vidi

2353 4797 2408 4844 in
2463 4793 2680 4844 duobus
2723 4795 2968 4858 antiquis
3015 4793 3320 4843 codicibus.
3373 4793 3592 4843 Verum
3665 4810 3885 4846 omnes
3942 4796 4033 4844 alii

2351 4871 2678 4930 repugnant,
2732 4867 2980 4929 itemque
3030 4879 3224 4915 omnes
3265 4865 3562 4915 editiones.
3614 4868 3902 4932 Denique
3941 4882 4031 4931 pe-

2352 4939 2526 4988 nitius
2576 4938 2896 5000 inspicienti
2953 4937 3086 5000 quid
3142 4937 3326 4987 dicere
3379 4936 3638 4987 voluerit
3706 4940 4037 5003 Cyprianus

2353 5023 2677 5072 persuasum
2717 5009 2852 5057 mihi
2893 5008 2997 5057 fuit
3046 5009 3202 5057 illum
3237 5008 3529 5069 scripsisse
3577 5011 4038 5073 magisterio,it-.1

2351 5084 2412 5129 ut
2463 5079 2645 5129 dicere
2712 5079 2949 5128 voluerit
3024 5078 3286 5128 delectari
3357 5078 3822 5131 multitudinem
3909 5094 4037 5132 cum

2353 5151 2505 5200 videt
2551 5150 2751 5199 mimos
2804 5151 3028 5200 actitare
3095 5149 3490 5212 turpitudines,
3573 5157 3638 5201 et
3728 5153 4041 5203 histriones

2351 5222 2558 5286 ﬂagitia
2601 5226 3012 5284 repraesentare.
3065 5221 3124 5270 Id
3182 5221 3330 5285 quod
3388 5221 3515 5270 fieri
3589 5225 3678 5273 ait
3733 5223 4041 5288 turpitudi-

2351 5307 2478 5342 num
2511 5293 2833 5354 magisterio,
2893 5291 2948 5341 id
3003 5296 3101 5352 est,
3151 5292 3455 5353 magisterio
3519 5295 3838 5358 impudica:
3887 5295 4042 5350 artis,

2353 5367 2496 5413 utin
2536 5363 2762 5426 epistola
2813 5365 2893 5425 6t,
2935 5362 3007 5412 ad
3045 5363 3406 5420 Eurhmtium,
3455 5368 3594 5414 arte
3642 5381 3789 5430 quae
3830 5368 4044 5430 magis—

2352 5441 2434 5485 tra
2461 5441 2543 5485 est
2589 5435 2996 5498 turpitudinum
3035 5434 3430 5491 docendarum,
3469 5437 3648 5497 quod
3695 5439 3870 5489 mimi
3928 5451 4043 5488 ma-

2352 5507 2505 5569 gistri
2535 5507 2644 5555 sint
2687 5505 3159 5556 ostendendarum
3205 5502 3668 5568 turpitudinum.
3728 5511 3881 5561 Nam
3912 5514 4046 5560 mtas

2350 5577 2561 5627 lasciva
2605 5590 2860 5639 magnam
2900 5577 3243 5640 voluptatem
3291 5575 3566 5640 capiebat
3600 5592 3681 5630 ex
3723 5581 3828 5631 illa
3871 5582 4044 5631 licen-

2352 5648 2423 5696 tia
2477 5646 2831 5696 theatrorum.
2861 5647 2994 5698 Inde
3050 5652 3131 5697 est
3179 5646 3330 5711 quod
3373 5659 3520 5697 cum
3574 5651 3877 5704 castiores
3929 5664 4045 5704 esse

2352 5722 2598 5779 oporteat
2650 5717 2814 5767 ludos
2864 5722 3149 5780 spectante
3215 5730 3482 5778 censore,
3540 5725 3615 5770 ut
3683 5725 3772 5774 ait
3818 5725 4045 5774 Flavius

2357 5789 2643 5851 \'.ip2.;z'u:',
2684 5791 2728 5835 7n
2758 5792 2968 5838 (VI/"un.
3004 5805 3128 5838 (tum.
3172 5790 3234 5837 Tal.
3272 5791 3510 5837 Par-citis
3563 5792 3741 5844 Cum.
3776 5802 3831 5842 ut
3868 5796 3958 5842 ιιι),
3994 5808 4043 5848 ιι,

2353 5875 2472 5928 cap.
2533 5867 2586 5912 ιο
2640 5866 2862 5914 testatur
2920 5862 3168 5915 Valerius
3227 5862 3540 5930 Maritimus,
3621 5870 3802 5922 ludos
3883 5870 4042 5923 tlora‘
