4028 6200
197 281 273 335 213

1626 273 1945 331 EPISTULA
1984 274 2022 326 l.

3400 271 3505 327 214

190 409 498 466 cognoscere,
517 392 593 447 vel
615 390 752 464 quid
770 407 967 462 gerere
992 389 1397 461 possitaudire.
1416 391 1771 445 Adulterium
1800 423 1853 494 Α
1878 392 2008 445 vitia
2040 390 2280 461 publicm
2308 388 2659 443 auctoritatis
2690 388 2860 457 malo,
2886 406 3011 461 quae
3040 390 3243 461 pudica
3275 390 3507 447 fortasse

189 490 378 545 discitur
402 488 503 559 (66}
533 487 665 541 dum
692 487 915 543 videtur
940 484 1056 561 21
1078 483 1168 560 ο;
1206 490 1280 553 et,
1312 484 1673 540 lenocinante
1704 485 1773 539 ad

1878 486 1949 539 ad
1977 485 2359 557 spectaculum
2392 487 2649 538 matrona
2675 485 2785 553 (67)
2816 489 3184 555 processerat,
3219 484 3400 558 211
3438 486 3509 540 de

1437 603 1659 684 Steph.
1711 602 1957 665 Baluzii
2004 608 2197 664 notae.

184 716 243 765 les
263 717 531 778 spectaret,
572 714 813 777 populus
855 717 915 761 ut
962 713 1145 762 mimze
1184 712 1527 761 nudarentur
1566 714 1766 773 postu-

182 785 268 832 lare
289 784 511 841 erubuit,
538 790 590 833 et
638 798 701 834 eo
736 784 1075 842 discedente,
1119 797 1245 832 mox
1306 784 1492 832 ltetitia
1544 782 1770 845 publica

180 855 431 904 subsecuta
456 860 552 905 est.
610 855 667 903 In
699 856 1070 904 celebratione
1118 856 1264 904 enim
1303 854 1561 903 ludorum
1611 853 1772 902 ﬂora-

180 926 302 984 lium,
332 931 385 974 ut
432 927 591 975 tradit
648 927 981 987 Lactantius,
1033 927 1256 975 feminas
1305 924 1661 974 nudabantur
1700 921 1769 970 ad

180 997 421 1045 lasciviam
493 999 763 1060 juvenum
829 998 1120 1047 hominum
1174 998 1352 1047 oculis
1417 994 1771 1058 explendam.

182 1067 313 1128 Quod
336 1070 493 1117 etiam
526 1071 579 1118 in
612 1070 857 1132 Epistola
885 1082 1069 1119 LXXIX
1104 1073 1335 1119 testatur
1366 1068 1596 1117 Seneca.
1628 1065 1773 1114 Hinc

182 1152 283 1201 ergo
308 1140 604 1189 illustratur
633 1142 787 1190 locus
816 1140 1077 1203 Cypriani
1110 1141 1274 1203 paulo
1313 1139 1614 1189 obscurior.

231 1210 313 1270 (66)
346 1210 671 1259 Adulterium
707 1212 943 1260 discitur.
998 1211 1229 1271 Seneca,
1278 1212 1435 1273 epist.
1466 1212 1491 1257 7
1539 1224 1549 1257 :
1602 1227 1628 1253 «
1660 1209 1775 1257 Ho-

185 1280 329 1329 mines
358 1295 479 1331 cum
512 1281 711 1332 docent
748 1283 987 1332 discunt.
1020 1302 1048 1327 »
1081 1281 1306 1333 Certum
1342 1286 1425 1330 est
1470 1279 1629 1328 ludos
1676 1278 1776 1326 flo-

184 1352 295 1400 rales
320 1352 481 1402 fuisse
506 1354 670 1404 ludos
696 1354 1068 1418 impudentia}.
1105 1358 1160 1403 et
1205 1353 1487 1403 licentiam
1527 1351 1773 1400 theatra—

182 1421 268 1471 lem
294 1424 447 1473 fuisse
476 1425 893 1475 immoderatam
918 1430 969 1475 et
996 1424 1267 1473 inﬁnitam
1287 1423 1433 1486 apud
1478 1422 1773 1479 Romanos,

184 1492 351 1542 multas
382 1496 493 1545 illic
520 1497 891 1560 turpitudines
920 1498 1263 1557 criminosas,
1293 1496 1494 1544 multas
1530 1494 1586 1541 in
1621 1504 1775 1554 spec-

184 1565 346 1613 taculis
369 1567 723 1630 impuritates,
754 1572 815 1617 ut
842 1568 1083 1618 Salviani
1118 1566 1301 1618 verbis
1326 1569 1468 1624 utar,
1500 1563 1774 1614 committi

184 1637 513 1687 consuevisse.
549 1639 609 1687 In
658 1639 995 1689 theatrorum
1040 1638 1440 1701 impudicitiam
1489 1637 1569 1685 sic
1615 1635 1775 1683 inve-

183 1706 302 1755 hitur
327 1707 713 1770 Tertullianus,
744 1710 839 1758 lib.
893 1709 961 1759 de
1010 1708 1304 1773 Spectacl.,
1332 1722 1379 1758 c.
1413 1708 1468 1755 17
1510 1720 1576 1752 :«
1617 1704 1778 1755 Simi-

182 1777 279 1826 liter
300 1779 696 1840 impudicitiam
736 1794 976 1839 omnem,
1016 1781 1215 1843 inquit,
1244 1778 1460 1828 amoliri
1492 1776 1770 1839 jubemur.

182 1848 277 1898 Hoc
312 1850 470 1911 igitur
503 1852 671 1901 modo
709 1852 875 1902 etiam
916 1866 946 1900 a
992 1852 1208 1901 theatro
1259 1862 1596 1913 separamur,
1628 1845 1774 1909 quod

182 1926 245 1968 est
282 1921 545 1982 privatum
598 1924 984 1973 consistorium
1038 1922 1426 1986 impudicitiae,
1486 1918 1581 1967 ubi
1637 1917 1776 1965 nihil

183 1990 421 2053 probatur,
449 2007 619 2055 quam
651 1994 798 2057 quod
828 1994 956 2043 alibi
1000 2008 1110 2042 non
1138 1992 1416 2056 probatur.
1453 1992 1528 2039 ita
1559 2001 1777 2036 summa

184 2063 323 2123 gratia
365 2067 481 2125 ejus
530 2065 601 2113 de
654 2066 916 2128 spurcitia
969 2066 1268 2127 plurimum
1302 2063 1632 2112 concinnata
1673 2064 1774 2117 est,

184 2146 318 2193 quam
342 2136 629 2184 Atellanus
660 2137 1031 2198 gesticulator,
1060 2149 1225 2199 quam
1259 2136 1462 2182 mimus
1486 2134 1651 2182 etiam
1683 2144 1779 2192 per

184 2204 403 2253 mulieres
453 2195 814 2270 repraesentat
864 2195 1092 2256 sexum-
1122 2207 1345 2269 pudoris
1380 2195 1791 2257 exterminans;

184 2279 227 2322 ut
257 2277 455 2327 facilius
499 2278 652 2327 domi
701 2292 867 2341 quam
908 2279 962 2326 in
1007 2291 1173 2327 scena
1222 2276 1582 2332 erubescant;
1610 2286 1778 2336 quam

184 2349 387 2411 denique
438 2350 825 2398 Pantomimus
861 2363 890 2398 a
940 2350 1171 2411 pueritia
1196 2348 1400 2411 patitur
1450 2350 1505 2394 in
1530 2358 1776 2407 corpore,

184 2424 227 2467 ut
251 2422 428 2470 artifex
455 2434 582 2470 esse
607 2422 795 2484 possit.
844 2422 967 2484 Ipsa
996 2420 1160 2468 etiam
1199 2417 1504 2481 prostibula
1541 2416 1780 2479 publicas

184 2490 392 2540 libidinis
436 2492 637 2541 hostia
684 2494 738 2541 in
786 2504 956 2541 scena
985 2490 1357 2554 proferuntur,
1398 2490 1523 2551 plus
1566 2488 1781 2535 miseras

182 2562 224 2608 in
268 2565 549 2625 prtesentia
598 2564 952 2621 feminarum,
1012 2562 1217 2625 quibus
1260 2561 1523 2617 latebant,
1572 2572 1779 2621 perque

185 2634 334 2681 omnis
374 2635 568 2695 aetatis,
630 2635 811 2683 omnis
855 2634 1138 2695 dignitatis
1184 2645 1277 2681 ora
1324 2630 1779 2685 transducuntur,

182 2704 326 2761 locus,
353 2707 535 2767 stipes,
573 2706 839 2768 elogium,
881 2706 1047 2753 etiam
1095 2703 1301 2766 quibus
1340 2715 1481 2764 opus
1527 2714 1638 2755 non
1682 2704 1779 2751 est.

183 2775 489 2835 praedicatur.
523 2777 711 2825 Taceo
754 2776 823 2825 de
875 2775 1121 2837 reliquis,
1169 2788 1232 2823 ea
1277 2786 1402 2835 quas
1443 2774 1499 2820 in
1542 2771 1783 2819 tenebris

183 2848 225 2892 et
244 2846 499 2908 speluncis
533 2848 653 2895 suis
692 2847 1013 2895 delitescere
1048 2845 1305 2900 decebat,
1343 2857 1411 2891 ne
1456 2843 1603 2893 diem
1644 2855 1782 2890 con—

183 2920 488 2966 taminarent.
533 2918 841 2967 Erubescat
884 2922 1141 2975 senatus,
1191 2915 1521 2964 erubescant
1561 2912 1783 2962 ordines

184 2998 357 3035 omnes.
390 2990 525 3051 Ipsae
565 2988 677 3037 iler
706 2987 930 3051 pudoris
960 2988 1048 3035 sui
1083 2986 1527 3048 interemptrices
1571 2984 1639 3032 de
1666 2995 1785 3044 ges-

184 3058 304 3106 tibus
328 3062 438 3108 suis
472 3061 542 3109 ad
596 3060 780 3109 lucem
830 3064 882 3108 et
925 3058 1192 3120 populum
1236 3059 1668 3119 expavescentes
1697 3068 1785 3103 se-

186 3129 270 3197 mel
292 3143 425 3179 anno
475 3131 837 3181 erubescunt.
881 3128 1042 3191 Quod
1091 3129 1139 3177 si
1171 3128 1333 3176 nobis
1377 3128 1556 3176 omnis
1603 3128 1782 3188 impu—
1811 3173 1858 3197 η

187 3195 339 3247 dicitia
367 3200 708 3251 exsecranda
753 3204 854 3261 est,
894 3178 997 3249 cur
1040 3199 1207 3249 liceat
1250 3198 1442 3248 audire
1483 3211 1609 3262 quae
1636 3178 1862 3259 lo-quiC

186 3284 270 3319 non
300 3272 461 3322 licet?
488 3273 635 3323 Cum
663 3275 828 3321 etiam
854 3271 1245 3321 scurrilitatem
1287 3274 1339 3319 et
1383 3283 1546 3319 omne
1578 3283 1783 3317 vanum

186 3343 375 3391 verbum
396 3344 708 3406 judicatum
751 3357 782 3393 a
832 3344 948 3392 Deo
992 3344 1256 3400 sciamus,
1302 3355 1401 3391 cur
1441 3354 1600 3404 aeque
1626 3340 1787 3389 liceat

188 3413 337 3462 videre
381 3430 503 3479 quae
560 3417 743 3466 facere
800 3415 1071 3477 ﬂagitium
1131 3417 1210 3462 est
1260 3415 1285 3461 ‘i
1338 3430 1365 3459 ›)
1418 3413 1620 3461 lnsitus
1673 3414 1788 3461 erat

188 3484 498 3535 ethnicorum
558 3486 762 3535 animis
832 3489 1018 3534 tantus
1076 3498 1229 3533 amor
1282 3484 1640 3540 theatrorum,
1727 3485 1789 3529 ut

189 3554 355 3615 plures,
389 3563 524 3606 teste
550 3557 919 3615 Tertulliano,
951 3570 981 3605 a
1011 3555 1454 3606 Christianorum
1489 3556 1638 3603 secta
1670 3567 1787 3601 ma—

188 3628 253 3685 gis
282 3629 575 3689 periculum
622 3628 945 3688 voluptatis,
974 3641 1142 3689 quam
1185 3628 1313 3675 vitae
1358 3630 1629 3674 avocaret.
1678 3626 1789 3673 Nec

189 3695 376 3747 deerant
418 3701 515 3763 qui
567 3699 916 3749 Christianos
950 3700 1349 3756 existimarent,
1402 3715 1429 3741 «
1470 3696 1789 3758 expeditum

190 3771 318 3816 morti
370 3785 563 3833 genus,
617 3770 687 3819 ad
739 3771 883 3819 hanc
940 3769 1368 3819 obstinationem
1442 3767 1791 3817 abdicatione

191 3839 493 3901 voluptatum
522 3840 755 3901 erudiri,
783 3855 923 3904 quos
957 3841 1176 3889 facilius
1210 3842 1375 3888 vitam
1412 3841 1789 3897 contemnant,

192 3912 447 3971 amputatis
472 3912 637 3975 quasi
668 3910 992 3962 retinaculis
1022 3913 1141 3973 ejus
1171 3929 1198 3955 »
1230 3911 1401 3970 (Ibid.,
1434 3924 1553 3971 cap.
1584 3911 1604 3958 l
1640 3912 1693 3957 et
1719 3909 1787 3965 2).

192 3977 419 4039 Quamvis
494 3988 686 4032 autem
779 3984 1123 4046 impermissa
1188 3988 1377 4033 essent
1465 3980 1793 4032 Christianis

192 4054 488 4112 Spectacula,
520 4068 628 4104 nec
669 4054 837 4116 hujus
876 4055 1161 4117 religionis
1196 4054 1303 4103 hac
1342 4056 1396 4102 in
1434 4066 1491 4101 re
1530 4052 1793 4101 severitas

194 4122 406 4173 ethnicos
451 4127 601 4189 ipsos
652 4124 880 4185 lateret,
924 4124 1239 4175 residebant
1281 4130 1465 4174 tamen
1516 4123 1794 4171 interdum

193 4191 234 4238 in
259 4197 520 4244 nonnullis
566 4195 903 4245 Christianis
945 4196 1112 4258 hujus
1157 4196 1295 4249 vitii,
1348 4194 1399 4243 id
1453 4198 1550 4251 est,
1580 4196 1794 4255 specta—

194 4264 407 4313 culorum
463 4266 693 4324 amoris,
728 4266 897 4313 veluti
954 4265 1210 4327 quaedam
1269 4263 1422 4313 ﬁbra:
1474 4266 1529 4312 in
1592 4263 1795 4327 quibus

192 4335 459 4384 evellendis
489 4351 605 4386 non
652 4338 891 4399 segniter
936 4338 1116 4385 sancti
1183 4337 1372 4385 Patres
1423 4335 1793 4383 elaborarunt.

196 4402 313 4453 inter
360 4410 635 4456 rationum
679 4411 977 4468 momenta,
1024 4407 1231 4469 quibus
1276 4408 1355 4455 uti
1401 4406 1669 4466 solebant,
1708 4406 1797 4453 vi—

195 4472 325 4522 detur
365 4478 495 4526 illud
551 4478 915 4526 memorabile
982 4478 1132 4540 quod
1212 4490 1279 4526 ex
1334 4477 1793 4539 promissionibus

1799 1811 1851 1880 Β

196 4541 410 4605 baptismi
435 4548 737 4605 ducebant,
767 4554 831 4596 ut
861 4562 927 4596 ex
964 4538 1179 4597 duobus
1211 4538 1591 4609 locupletibus
1634 4550 1791 4597 testi—
1814 4538 1871 4607 Ι)

196 4612 277 4663 bus
322 4621 550 4682 perspici
608 4624 808 4681 potest,
841 4618 1185 4667 Tertulliano
1230 4622 1285 4667 et
1343 4618 1551 4681 Cyrillo
1610 4620 1800 4669 Hiero-

197 4688 506 4751 solymitano,
541 4704 783 4754 quorum
812 4691 1021 4753 primus
1056 4691 1137 4739 sic
1180 4690 1429 4753 loquitur
1473 4692 1527 4738 in
1570 4690 1708 4741 libro
1739 4692 1801 4740 de

198 4757 441 4821 Baptismo,
486 4776 610 4825 cap.
656 4762 719 4810 24
758 4777 824 4808 ;‹‹
851 4759 999 4820 Quot
1046 4760 1230 4809 adhuc
1277 4760 1456 4808 modis
1506 4760 1799 4822 peroraba-

197 4840 312 4885 mus,
336 4834 525 4896 inquit,
550 4833 690 4882 nihil
714 4845 780 4881 ex
807 4832 895 4880 his
922 4844 1048 4895 quae
1076 4832 1411 4894 Spectaculis
1445 4831 1799 4894 deputantur,

198 4900 420 4959 placitum
446 4906 563 4954 Deo
610 4918 752 4963 esse,
786 4909 882 4953 aut
928 4916 1243 4965 congruens
1284 4903 1381 4951 Dei
1433 4905 1629 4963 servis,
1655 4903 1802 4968 quod

200 4970 399 5023 Domino
425 4976 692 5039 placitum
741 4988 851 5023 non
882 4974 970 5035 sit,
1018 4974 1064 5022 si
1120 4973 1307 5021 omnia
1346 4978 1567 5036 propter
1618 4974 1804 5023 diabo—

199 5040 293 5089 lum
320 5046 579 5104 instituta,
630 5050 679 5095 et
725 5059 793 5095 ex
845 5045 1048 5094 diaboli
1094 5044 1260 5092 rebus
1309 5044 1575 5093 instructa
1618 5059 1805 5093 mons-

202 5114 431 5165 travimus
456 5118 482 5164 εἰ
504 5116 645 5165 nihil
672 5117 821 5166 enim
850 5130 960 5164 non
993 5114 1197 5163 diaboli
1241 5119 1344 5175 est,
1400 5116 1669 5178 quidquid
1704 5116 1803 5165 Dei

203 5196 290 5232 non
314 5191 403 5243 est,
432 5188 519 5238 vel
550 5189 666 5237 Deo
694 5188 983 5251 diSplicet:
1030 5186 1136 5235 hoc
1181 5187 1285 5236 erit
1328 5200 1529 5249 pompa
1578 5186 1804 5244 diaboli,

204 5253 429 5305 adversus
481 5273 653 5322 quam
697 5260 752 5307 in
801 5259 1089 5323 signaculo
1138 5257 1267 5306 ﬁdei
1316 5260 1609 5319 ejeramus.
1643 5256 1804 5318 Quod

204 5329 355 5401 autem
394 5330 689 5391 ejeramus,
746 5342 929 5392 neque
974 5330 1138 5401 facto,
1189 5342 1373 5392 neque
1419 5328 1587 5389 dicto,
1624 5342 1808 5391 neque

205 5397 316 5451 visu,
359 5410 535 5461 neque
592 5402 886 5461 prospectu
924 5398 1247 5461 participare
1288 5398 1577 5449 debemus.
1630 5397 1809 5448 Caete-

206 5477 300 5512 rum
340 5482 519 5518 nonne
570 5471 847 5531 ejeramus
906 5474 961 5520 et
1013 5470 1384 5519 rescindimus
1438 5471 1810 5533 signaculum,

207 5537 531 5589 rescindendo
564 5540 916 5588 testationem
944 5540 1063 5601 ejus
1082 5540 1109 5588 ?
1136 5540 1419 5603 Numquid
1452 5553 1581 5602 ergo
1623 5553 1811 5603 super-

209 5610 269 5680 est
296 5612 347 5655 ut
370 5610 435 5657 ab
478 5611 616 5673 ipsis
663 5609 900 5659 ethnicis
948 5624 1274 5673 responsum
1328 5610 1639 5674 ﬂagitemus
1669 5612 1695 5659 ‘2
1725 5611 1811 5659 Illi

208 5687 294 5731 tam
336 5681 485 5729 nobis
529 5683 865 5741 renuntient,
912 5695 982 5729 an
1026 5680 1192 5731 liceat
1237 5681 1565 5732 Christianis
1601 5687 1813 5745 specta-

216 5747 316 5817 gula
338 5753 425 5799 uti.
455 5755 625 5815 Atqui
651 5753 778 5801 hinc
826 5754 910 5802 vel
943 5754 1187 5801 maxime
1234 5754 1553 5817 intelligunt
1599 5755 1811 5803 factum

218 5814 561 5874 Christianum
588 5823 656 5875 de
682 5824 910 5890 repudio
936 5826 1399 5903 spectaculorum.
1421 5814 1625 5891 vitaque
1652 5829 1815 5892 negat

1868 710 2157 758 manifeste
2211 710 2325 772 qui,
2379 722 2473 771 per
2523 708 2673 771 quod
2722 711 3053 770 agnoscitur,
3108 711 3266 759 tollit.
3350 710 3498 772 Quid

1872 785 2056 830 autem
2097 781 2213 843 spei
2250 785 2503 842 superest
2545 782 2599 827 in
2638 779 2955 841 hujusmodi
3004 780 3228 831 homine
3256 784 3283 829 ‘i
3326 783 3501 832 Nemo

1872 857 1926 903 in
1955 860 2132 904 castra
2170 854 2411 902 hostium
2461 854 2674 913 transit,
2709 854 2816 901 nisi
2861 855 3120 915 projectis
3165 856 3330 903 armis
3360 857 3496 918 suis,

1873 928 1979 975 nisi
2018 926 2295 975 destitutis
2354 926 2526 987 signi;
2584 930 2637 973 et
2680 926 3041 973 sacramentis
3094 925 3357 987 principis
3400 934 3507 999 sui,

1874 1002 1978 1050 nisi
2008 1006 2202 1064 pactus
2236 1001 2401 1049 simul
2434 1000 2628 1063 perire.
2662 1000 2748 1048 An
2788 999 2879 1048 ille
2920 1000 3240 1063 recogitavit
3270 1013 3335 1048 eo
3364 1005 3501 1050 tem-

1875 1086 2004 1136 pore
2036 1073 2103 1122 de
2129 1075 2262 1131 Deo,
2318 1074 2529 1135 positus
2570 1070 2684 1120 illic
2730 1070 2826 1119 ubi
2876 1070 3012 1119 nihil
3063 1074 3144 1118 est
3191 1070 3307 1118 Deo
3336 1071 3361 1117 ?
3410 1070 3508 1118 Pa-

1875 1158 2017 1203 cem,
2044 1144 2255 1207 opinor,
2291 1143 2517 1191 habebit
2553 1143 2607 1189 in
2658 1143 2842 1189 animo
2891 1140 3229 1189 contendens
3270 1154 3367 1203 pro
3410 1154 3508 1188 au-

1876 1217 2008 1277 riga,
2060 1216 2380 1278 pudicitiam
2424 1214 2650 1271 ediscet,
2697 1214 2963 1261 attonitus
3008 1214 3061 1260 in
3118 1213 3333 1259 mimos.
3394 1213 3507 1259 lmo

1876 1289 1930 1335 in
1971 1289 2119 1335 omni
2155 1285 2477 1349 spectaculo
2530 1284 2746 1333 nullum
2797 1284 2970 1345 magis
3026 1282 3353 1331 scandalum
3406 1296 3509 1330 oc-

1876 1363 2079 1418 curret,
2111 1372 2278 1421 quam
2309 1360 2424 1420 ipse
2474 1356 2565 1405 ille
2610 1356 2907 1404 mulierum
2954 1358 3006 1404 et
3056 1355 3295 1402 virorum
3334 1367 3510 1403 accu—

1878 1431 2044 1477 ratior
2073 1430 2256 1478 cultus
2286 1443 2295 1475 :
2329 1429 2443 1491 ipse
2483 1430 2533 1475 in
2586 1424 2869 1474 favoribus
2914 1428 3007 1473 aut
3046 1426 3379 1485 conspiratio
3415 1428 3509 1472 aut

1876 1501 2147 1551 dissensio
2214 1502 2356 1549 inter
2411 1512 2470 1548 se
2534 1498 2601 1546 de
2658 1496 2993 1546 commercio
3067 1497 3333 1544 scintillas
3382 1496 3509 1545 libi-

1876 1572 2072 1621 dinum
2099 1571 2508 1622 conﬂabellant.
2574 1570 2746 1618 Nemo
2794 1567 3039 1629 denique
3088 1568 3142 1614 in
3187 1567 3507 1628 spectaculo

1874 1643 2120 1694 ineundo
2155 1644 2307 1707 prius
2367 1641 2584 1703 cogitat,
2638 1639 2743 1687 nisi
2802 1637 2972 1685 videri
3030 1641 3082 1687 et
3124 1637 3327 1688 videre.
3395 1637 3507 1687 Sed

1875 1714 2120 1778 tragcedo
2204 1712 2540 1761 vociferante
2606 1710 3037 1759 exclamationes
3108 1708 3200 1758 ille
3270 1708 3507 1772 alicujus

1879 1785 2158 1848 prophetae
2214 1784 2546 1834 retractabit.
2614 1784 2761 1831 Inter
2830 1780 3253 1829 eﬂ‘eminationis
3314 1781 3509 1831 modos

1878 1858 2155 1906 Psalmum
2227 1870 2416 1905 secum
2476 1853 2945 1909 comminiscetur,
2998 1858 3052 1900 et
3113 1866 3241 1901 cum
3288 1853 3510 1901 athletas

1878 1933 2058 1989 agent,
2102 1928 2193 1976 ille
2237 1927 2485 1977 dicturus
2533 1930 2617 1975 est
2671 1922 3154 1985 repercutiendum
3195 1936 3305 1971 non
3350 1936 3508 1979 esse;

1879 2000 2071 2060 poterit
2104 2004 2153 2047 et
2186 1998 2251 2046 de
2280 1996 2653 2046 misericordia
2685 1996 2897 2043 moveri
2942 1993 3159 2042 deﬁxus
3203 1994 3258 2041 in
3293 2007 3511 2042 morsus

1878 2082 2149 2129 ursorum,
2207 2073 2261 2118 et
2309 2069 2567 2131 spongias
2632 2066 2995 2115 retiariorum.
3056 2065 3282 2113 Avertat
3363 2066 3513 2113 Deus

1880 2154 1907 2186 a
1986 2141 2103 2188 suis
2175 2144 2379 2187 tantam
2450 2138 2746 2199 voluptatis
2810 2137 3058 2185 exitiosa:
3133 2136 3510 2199 cupiditatem.

1882 2211 2058 2272 Quale
2090 2217 2172 2261 est
2203 2212 2351 2260 enim
2386 2210 2453 2258 de
2488 2210 2741 2258 Ecclesia
2776 2209 2877 2257 Dei
2901 2209 2955 2255 in
2987 2207 3190 2255 diaboli
3222 2207 3512 2256 ecclesiam

1881 2282 2149 2331 tendere?
2206 2281 2272 2329 de
2321 2281 2484 2338 coelo,
2532 2280 2679 2343 quod
2739 2280 2911 2335 aiunt,
2962 2280 3015 2326 in
3071 2280 3340 2327 omnum?
3393 2278 3516 2326 illas

1880 2366 2079 2401 manus
2110 2367 2248 2416 quas
2280 2352 2348 2401 ad
2378 2352 2677 2401 Dominum
2710 2350 2991 2409 extuleris,
3018 2350 3367 2412 postmodum
3392 2350 3514 2398 lau-

1882 2425 2063 2475 dando
2113 2425 2436 2473 histrionem
2489 2423 2760 2484 fatigare?
2809 2434 2874 2469 ex
2916 2435 3009 2471 ore
3067 2435 3177 2484 quo
3230 2423 3406 2469 Amen
3456 2422 3515 2469 in

1881 2501 2130 2546 sanctum
2162 2496 2473 2559 protuleris,
2524 2493 2807 2555 gladiatori
2855 2493 3236 2541 testimonium
3268 2491 3515 2550 reddere,

1886 2571 1962 2622 Εἰς
2009 2568 2183 2620 αἰῶνας
2229 2567 2320 2615 alii
2373 2566 2601 2615 omnino
2654 2564 2836 2613 dicere
2886 2564 2990 2612 nisi
3037 2565 3151 2613 Deo
3191 2564 3408 2614 Christo
3438 2565 3518 2612 is

1884 2639 1976 2689 Sic
2039 2639 2205 2687 etiam
2269 2636 2511 2699 Cyrillus
2572 2634 3113 2696 ilierosolymitanus
3170 2636 3223 2683 in
3259 2634 3519 2685 Cateches.

1882 2716 2106 2772 mystug.
2170 2723 2205 2766 ι,
2256 2708 2415 2757 docet
2475 2707 2817 2757 Christianos
2893 2706 3226 2767 spectaculis
3306 2720 3519 2754 renun-

1885 2783 2064 2835 tiasse,
2120 2794 2245 2827 cum
2284 2780 2340 2827 in
2390 2777 2660 2839 baptismo
2712 2776 2925 2837 pompis
2971 2775 3176 2824 diaboli
3232 2777 3521 2825 renuntia-

1887 2855 2010 2900 runt
2051 2865 2119 2897 :«
2158 2851 2350 2897 Postea
2391 2847 2547 2903 dicis,
2600 2846 2795 2907 inquit,
2834 2851 2877 2892 at
2920 2846 3065 2893 omni
3108 2860 3307 2907 pompa:
3347 2847 3509 2895 illius.

1886 2925 2090 2984 Pompa
2118 2933 2246 2968 vero
2290 2918 2513 2976 diaboli,
2561 2917 2902 2965 theatrorum
2946 2917 3195 2976 insaniae,
3248 2931 3520 2980 equorum

1886 3005 2082 3042 cursus
2110 2991 2163 3038 in
2196 2988 2593 3052 hippodromis,
2639 2986 2959 3035 venationes
3008 2988 3063 3035 in
3104 2989 3273 3041 circo,
3310 2992 3363 3037 et
3394 2988 3521 3036 reli—

1887 3078 1996 3126 qua
2024 3060 2414 3123 hujuscemodi
2446 3059 2680 3111 vanitas,
2728 3056 2794 3105 de
2832 3071 2939 3118 qua
2986 3056 3203 3106 liberari
3250 3071 3306 3110 se
3333 3062 3522 3121 postu-

1887 3134 2007 3182 lans
2064 3138 2291 3180 sanctus
2333 3132 2448 3179 Deo
2492 3129 2669 3177 dicit:
2702 3131 2887 3176 Arertc
2934 3127 3108 3177 oculos
3154 3142 3308 3182 meos,
3352 3130 3524 3177 neri-

1888 3206 2042 3254 (Ιθιιηε
2076 3206 2357 3252 vanitatem
2398 3199 2556 3261 (Psal.
2612 3210 2809 3259 cxvni,
2856 3200 2949 3259 37).
2986 3199 3062 3247 Ne
3100 3199 3197 3247 tibi
3239 3200 3423 3249 studio
3469 3203 3525 3249 et

1886 3275 2035 3326 cordi
2066 3276 2133 3323 sit
2162 3273 2357 3321 theatri
2388 3272 2619 3327 insania,
2644 3270 2740 3319 ubi
2772 3270 3081 3333 conspicias
3107 3270 3403 3319 mimorum
3432 3284 3523 3333 pe-

1886 3346 2147 3395 tulantias
2178 3344 2326 3392 omni
2368 3341 2707 3391 contumelia
2751 3346 2801 3388 et
2846 3341 3115 3391 dedecore
3146 3340 3521 3400 abundantes,

1886 3422 2054 3481 atque
2115 3415 2557 3465 effeminatorum
2619 3412 2862 3460 virorum
2919 3412 3117 3461 furoris
3166 3416 3221 3461 et
3272 3412 3526 3461 amentia:

1888 3488 2080 3552 plenas
2112 3487 2452 3536 saltationes.
2493 3484 2684 3546 Neque
2720 3483 2813 3531 illa
2853 3495 3043 3532 eorum
3089 3484 3183 3546 qui
3229 3483 3284 3531 in
3315 3484 3528 3533 circen-

1888 3560 2045 3609 sibus
2076 3554 2528 3606 venerationibus
2564 3564 2684 3601 sese
2730 3554 2861 3602 feris
2904 3558 3211 3617 exponunt,
3247 3558 3309 3602 ut
3346 3554 3527 3602 infeli—

1890 3645 2010 3682 cem
2041 3631 2225 3679 alvum
2276 3627 2666 3685 demulceant;
2701 3627 2795 3689 qui
2841 3630 2902 3675 ut
2951 3630 3202 3676 ventrem
3249 3626 3527 3675 alimentis

1890 3703 2176 3760 deliniant,
2222 3700 2324 3762 ipsi
2378 3712 2570 3747 revera
2639 3698 2848 3747 ventris
2915 3698 3212 3747 immitium
3289 3697 3527 3747 ferarum

1890 3772 2161 3837 pabulum
2193 3771 2375 3819 ﬁunt:
2406 3772 2571 3832 atque
2615 3774 2677 3818 ut
2712 3769 2919 3817 rectius
2966 3768 3167 3829 dicam,
3200 3782 3297 3832 pro
3340 3772 3532 3817 ventre

1892 3859 2058 3911 quem
2114 3856 2286 3893 unum
2342 3843 2520 3891 Deum
2579 3842 2873 3901 noverunt,
2932 3840 3209 3911 propriam
3251 3840 3424 3889 vitam
3474 3840 3531 3887 in

1892 3909 2262 3981 praecipitium
2341 3913 2719 3975 singularibus
2794 3909 3193 3961 certaminibus
3238 3910 3527 3973 objiciunt.

1894 3989 2046 4049 Fuge
2076 3986 2242 4034 etiam
2281 3997 2549 4047 equorum
2594 3982 2886 4041 curricula,
2920 3981 3068 4045 quod
3113 3994 3339 4044 prorsus
3378 3982 3534 4030 insa-

1894 4073 2028 4108 num
2083 4060 2167 4105 est
2225 4055 2567 4117 supinasque
2618 4054 2831 4102 animas
2886 4052 3075 4115 dejicit
3131 4052 3530 4113 spectaculum.

1896 4131 2031 4179 liam
2061 4129 2209 4177 enim
2264 4126 2451 4174 omnia
2506 4124 2712 4173 diaboli
2762 4137 2981 4187 pompas
3028 4123 3319 4173 exsistunt.
3348 4141 3375 4166 »
3421 4123 3533 4171 Nec

1896 4198 2202 4248 omittenda
2237 4210 2363 4259 quae
2404 4196 2665 4260 leguntur
2696 4195 2751 4244 in
2795 4195 2936 4244 libro
2964 4194 3027 4243 de
3065 4192 3405 4257 Spectaculis,
3436 4194 3533 4256 qui

1898 4272 1951 4320 S.
1986 4269 2265 4333 Cypriano
2319 4267 2651 4317 adscribitur
2710 4281 2720 4314 :
2768 4283 2797 4314 «
2840 4265 2951 4316 Sed
2991 4268 3053 4314 ut
3099 4264 3167 4315 de
3207 4265 3314 4314 hoc
3351 4277 3534 4314 scenae

1898 4342 2320 4406 inquinamento
2339 4338 2715 4389 inverecundo
2746 4337 3041 4387 transitum
3060 4336 3278 4394 faciam,
3305 4353 3331 4379 »
3356 4336 3538 4399 inquit

3248 4410 3441 4457 auctor

1956 4548 2050 4609 (67)
2086 4548 2354 4595 Matrona.
2397 4544 2594 4593 Mulier
2650 4556 2777 4606 quae
2826 4544 2880 4591 in
2936 4541 3353 4591 matrimonium
3406 4552 3537 4588 cum

1901 4620 2018 4667 viro
2051 4617 2333 4674 convenit,
2376 4620 2435 4664 ut
2472 4616 2547 4663 ait
2586 4617 2649 4663 Α.
2684 4614 2916 4674 Gellius,
2967 4612 3063 4662 sed
3110 4614 3165 4660 in
3210 4611 3400 4674 primis
3439 4623 3539 4656 no-

1901 4689 2031 4737 bilis
2064 4693 2115 4737 et
2163 4688 2323 4750 primi
2364 4686 2591 4746 ordinis,
2637 4698 2748 4732 non
2792 4698 2820 4732 e
2873 4682 3052 4746 plebe.
3102 4682 3259 4731 Unde
3306 4682 3360 4729 in
3400 4679 3540 4728 libro

1903 4759 2226 4808 Tertulliani
2276 4758 2338 4805 de
2386 4755 2557 4804 Pallio
2628 4755 2862 4816 legimus
2906 4758 3186 4801 matronas
3246 4753 3365 4800 sine
3402 4751 3542 4799 stola

1904 4830 2241 4893 redargntas.
2294 4830 2421 4890 quia
2481 4828 2617 4875 stola
2682 4830 2800 4873 erat
2854 4825 3071 4887 insigne
3142 4826 3538 4879 matronarum,

1904 4891 2082 4964 quam
2132 4900 2311 4949 mariti
2357 4898 2561 4946 dabant
2607 4898 2767 4945 novis
2805 4896 3012 4958 nuptis,
3067 4898 3125 4943 ut
3157 4894 3333 4964 docet
3372 4891 3539 4964 etiam

1906 4960 2121 5029 Cicero,
2152 4972 2207 5018 in
2237 4968 2482 5017 secunda
2535 4968 2870 5029 Philippica;
2909 4970 2958 5015 et
3000 4966 3055 5013 in
3110 4963 3250 5013 libro
3294 4960 3540 5011 secundo

1907 5042 2149 5104 ejusdem
2207 5040 2529 5088 Tertulliani
2573 5039 2642 5087 ad
2685 5040 2906 5087 Umorem
2967 5040 3188 5085 notatur
3226 5035 3381 5083 dives
3433 5046 3546 5080 ma~

1906 5117 2079 5160 tronm
2150 5113 2377 5159 nomine
2431 5110 2637 5159 inﬂata.
2685 5110 2753 5159 Et
2801 5109 2947 5173 apud
2996 5109 3252 5171 Ruﬁnum,
3296 5106 3391 5154 lib.
3444 5105 3547 5153 Iin

1910 5184 2107 5235 Oscam
2140 5198 2151 5231 :
2180 5201 2207 5229 (ι
2236 5183 2430 5232 Mulier
2453 5196 2578 5245 quae
2622 5181 3022 5231 matronalibus
3051 5181 3351 5229 illustratur
3377 5177 3547 5239 insig-

1910 5255 2091 5303 nibus.
2126 5274 2150 5297 »
2213 5254 2272 5301 In
2313 5254 2465 5301 Actis
2504 5253 2776 5315 passionis
2818 5256 3137 5301 sanctarum
3187 5250 3467 5312 Perpetuus
3494 5249 3550 5295 et

1911 5325 2214 5374 Felicitatis
2264 5325 2337 5373 ita
2379 5324 2644 5387 scriptum
2700 5327 2783 5372 est
2824 5338 2834 5370 :
2880 5340 2907 5369 ‹‹
2951 5322 3089 5371 Ubia
3130 5322 3396 5384 Perpetua
3446 5319 3547 5366 ho-

1910 5400 2065 5444 nesta
2091 5396 2392 5445 liberaliter
2430 5396 2698 5451 instituta,
2731 5398 2981 5442 matrona
3038 5392 3167 5440 licet
3214 5395 3406 5452 nupta,
3440 5388 3546 5435 ha-

1911 5466 2048 5515 bens
2080 5472 2290 5529 patrem
2334 5470 2388 5515 et
2435 5470 2735 5515 matrem.»
2784 5467 2842 5513 In
2881 5465 2987 5513 hoc
3026 5463 3149 5513 loco
3192 5458 3549 5523 intelligendo

1912 5538 2175 5587 laboravit
2205 5539 2383 5587 Lucas
2415 5539 2755 5598 l'lotstenius,
2785 5537 2918 5586 vitio
2944 5537 3207 5585 nimirum
3236 5536 3554 5595 interpunc-

1914 5610 2095 5669 tionis,
2149 5623 2278 5658 cum
2321 5610 2388 5657 sit
2423 5608 2726 5673 legendum
2772 5624 2782 5656 :
2818 5626 2843 5649 «
2878 5608 3143 5662 Matrona,
3182 5606 3309 5655 licet
3362 5606 3553 5665 nupta,

1915 5681 2129 5730 habens
2150 5685 2357 5742 patrem
2390 5685 2446 5730 et
2480 5683 2730 5729 matrem.
2762 5695 2791 5725 »
2824 5680 2972 5729 Hinc
3017 5676 3340 5726 matronalis
3382 5674 3551 5722 sedu-

1918 5755 2045 5808 litas
2092 5753 2238 5821 apud
2285 5753 2653 5804 Columellam
2700 5755 2756 5801 in
2806 5751 3122 5814 Praefutione
3154 5748 3293 5828 libri
3352 5744 3557 5863 dupldo-

3118 5833 3242 5863 Clllll
3270 5832 3281 5863 ζ
3316 5830 3424 5863 anu

3118 5833 3243 5873 cuni
3269 5832 3281 5879 ;
3316 5830 3424 5881 apu
