  <div class='ocr_page' id='page_1' title='image "/cluster/home/n/w/nwhite01/storage/ocr_20150623/4/hvd.32044073549446/115.png"; bbox 0 0 4160 6216; ppageno 0'>
   <div class='ocr_carea' id='block_1_1' title="bbox 500 251 2160 316">
    <p class='ocr_par' dir='ltr' id='par_1_1' title="bbox 500 254 2125 316">
     <span class='ocr_line' id='line_1_1' title="bbox 500 254 2125 316; baseline -0.002 -2"><span class='ocrx_word' id='word_1_1' title='bbox 500 258 604 316; x_wconf 57' lang='grc'><strong>919</strong></span> <span class='ocrx_word' id='word_1_2' title='bbox 1401 254 1458 310; x_wconf 91' lang='lat' dir='ltr'>S.</span> <span class='ocrx_word' id='word_1_3' title='bbox 1499 255 1814 312; x_wconf 78' lang='lat' dir='ltr'>CYPRIANI</span> <span class='ocrx_word' id='word_1_4' title='bbox 1851 255 2125 311; x_wconf 83' lang='lat' dir='ltr'>OPERUM</span> 
     </span>
    </p>
   </div>
   <div class='ocr_carea' id='block_1_2' title="bbox 2264 251 3852 316">
    <p class='ocr_par' dir='ltr' id='par_1_2' title="bbox 2264 251 3852 312">
     <span class='ocr_line' id='line_1_2' title="bbox 2264 251 3852 312; baseline -0.003 -1"><span class='ocrx_word' id='word_1_5' title='bbox 2264 256 2332 311; x_wconf 70' lang='lat' dir='ltr'>BS</span> <span class='ocrx_word' id='word_1_6' title='bbox 2373 258 2412 310; x_wconf 91' lang='grc'>1.</span> <span class='ocrx_word' id='word_1_7' title='bbox 2455 287 2522 296; x_wconf 84' lang='grc'><strong>-</strong></span> <span class='ocrx_word' id='word_1_8' title='bbox 2561 255 2928 312; x_wconf 70' lang='lat' dir='ltr'>EPISTOL/E.</span> <span class='ocrx_word' id='word_1_9' title='bbox 3757 251 3852 307; x_wconf 81' lang='lat'>220</span> 
     </span>
    </p>
   </div>
   <div class='ocr_carea' id='block_1_3' title="bbox 506 371 3846 464">
    <p class='ocr_par' dir='ltr' id='par_1_3' title="bbox 506 371 3846 464">
     <span class='ocr_line' id='line_1_3' title="bbox 506 371 3846 464; baseline -0.002 -30"><span class='ocrx_word' id='word_1_10' title='bbox 506 380 712 435; x_wconf 92' lang='lat' dir='ltr'>nullus.</span> <span class='ocrx_word' id='word_1_11' title='bbox 745 379 907 444; x_wconf 88' lang='lat' dir='ltr'>Quod</span> <span class='ocrx_word' id='word_1_12' title='bbox 950 381 1138 449; x_wconf 84' lang='lat' dir='ltr'>potest</span> <span class='ocrx_word' id='word_1_13' title='bbox 1176 378 1376 432; x_wconf 82' lang='lat' dir='ltr'>redimi</span> <span class='ocrx_word' id='word_1_14' title='bbox 1417 379 1528 449; x_wconf 73' lang='lat' dir='ltr'>(8t)</span> <span class='ocrx_word' id='word_1_15' title='bbox 1574 395 1686 432; x_wconf 91' lang='lat' dir='ltr'>non</span> <span class='ocrx_word' id='word_1_16' title='bbox 1715 379 1970 432; x_wconf 83' lang='lat' dir='ltr'>timetur.</span> <span class='ocrx_word' id='word_1_17' title='bbox 2007 380 2132 433; x_wconf 86' lang='lat' dir='ltr'>Esse</span> <span class='ocrx_word' id='word_1_18' title='bbox 2157 380 2291 464; x_wconf 70' lang='lat' dir='ltr'>Ain</span> <span class='ocrx_word' id='word_1_19' title='bbox 2355 379 2598 446; x_wconf 83' lang='lat' dir='ltr'>divitiis,</span> <span class='ocrx_word' id='word_1_20' title='bbox 2662 394 2833 449; x_wconf 88' lang='lat' dir='ltr'>quam</span> <span class='ocrx_word' id='word_1_21' title='bbox 2894 375 3206 448; x_wconf 82' lang='lat' dir='ltr'>potentiam</span> <span class='ocrx_word' id='word_1_22' title='bbox 3267 375 3325 429; x_wconf 91' lang='lat' dir='ltr'>in</span> <span class='ocrx_word' id='word_1_23' title='bbox 3391 372 3589 428; x_wconf 84' lang='lat' dir='ltr'>castris</span> <span class='ocrx_word' id='word_1_24' title='bbox 3647 371 3728 439; x_wconf 69' lang='lat'>93,</span> <span class='ocrx_word' id='word_1_25' title='bbox 3792 373 3846 428; x_wconf 88' lang='lat' dir='ltr'>in</span> 
     </span>
    </p>
   </div>
   <div class='ocr_carea' id='block_1_4' title="bbox 500 467 3843 544">
    <p class='ocr_par' dir='ltr' id='par_1_4' title="bbox 500 467 3843 544">
     <span class='ocr_line' id='line_1_4' title="bbox 500 467 3843 544; baseline -0.003 -17"><span class='ocrx_word' id='word_1_26' title='bbox 500 475 621 544; x_wconf 88' lang='lat' dir='ltr'>jam</span> <span class='ocrx_word' id='word_1_27' title='bbox 651 473 801 528; x_wconf 88' lang='lat' dir='ltr'>inter</span> <span class='ocrx_word' id='word_1_28' title='bbox 842 477 1110 526; x_wconf 82' lang='lat' dir='ltr'>nocentes</span> <span class='ocrx_word' id='word_1_29' title='bbox 1140 472 1436 526; x_wconf 89' lang='lat' dir='ltr'>innoxium</span> <span class='ocrx_word' id='word_1_30' title='bbox 1481 473 1698 526; x_wconf 85' lang='lat' dir='ltr'>crimen</span> <span class='ocrx_word' id='word_1_31' title='bbox 1731 476 1816 526; x_wconf 89' lang='lat' dir='ltr'>est</span> <span class='ocrx_word' id='word_1_32' title='bbox 1849 472 1913 526; x_wconf 68' lang='lat'>94.</span> <span class='ocrx_word' id='word_1_33' title='bbox 1962 473 2132 526; x_wconf 82' lang='lat' dir='ltr'>Malos</span> <span class='ocrx_word' id='word_1_34' title='bbox 2236 473 2564 543; x_wconf 76' lang='lat' dir='ltr'>magistratu</span> <span class='ocrx_word' id='word_1_35' title='bbox 2631 488 2897 542; x_wconf 81' lang='lat' dir='ltr'>purpurae</span> <span class='ocrx_word' id='word_1_36' title='bbox 2961 470 3208 540; x_wconf 88' lang='lat' dir='ltr'>speciem</span> <span class='ocrx_word' id='word_1_37' title='bbox 3241 511 3254 532; x_wconf 88' lang='lat'>,</span> <span class='ocrx_word' id='word_1_38' title='bbox 3319 467 3377 522; x_wconf 89' lang='lat' dir='ltr'>in</span> <span class='ocrx_word' id='word_1_39' title='bbox 3436 467 3754 538; x_wconf 81' lang='lat' dir='ltr'>principatu</span> <span class='ocrx_word' id='word_1_40' title='bbox 3800 467 3843 503; x_wconf 70' lang='lat'>99</span> 
     </span>
    </p>
   </div>
   <div class='ocr_carea' id='block_1_5' title="bbox 507 560 3846 638">
    <p class='ocr_par' dir='ltr' id='par_1_5' title="bbox 507 560 3846 638">
     <span class='ocr_line' id='line_1_5' title="bbox 507 560 3846 638; baseline -0.002 -18"><span class='ocrx_word' id='word_1_41' title='bbox 507 566 757 638; x_wconf 86' lang='lat' dir='ltr'>quisquis</span> <span class='ocrx_word' id='word_1_42' title='bbox 790 567 900 636; x_wconf 81' lang='lat'>(82)</span> <span class='ocrx_word' id='word_1_43' title='bbox 930 581 1047 618; x_wconf 89' lang='lat' dir='ltr'>non</span> <span class='ocrx_word' id='word_1_44' title='bbox 1078 565 1336 620; x_wconf 90' lang='lat' dir='ltr'>imitatur</span> <span class='ocrx_word' id='word_1_45' title='bbox 1360 566 1408 600; x_wconf 75' lang='lat'>95</span> <span class='ocrx_word' id='word_1_46' title='bbox 1450 565 1708 620; x_wconf 76' lang='lat' dir='ltr'>offendit.</span> <span class='ocrx_word' id='word_1_47' title='bbox 1744 563 1934 636; x_wconf 82' lang='grc'>215</span> <span class='ocrx_word' id='word_1_48' title='bbox 1983 569 2125 622; x_wconf 88' lang='lat' dir='ltr'>Con-</span> <span class='ocrx_word' id='word_1_49' title='bbox 2235 567 2472 620; x_wconf 53' lang='lat' dir='ltr'>licentiae</span> <span class='ocrx_word' id='word_1_50' title='bbox 2517 569 2877 637; x_wconf 87' lang='lat' dir='ltr'>potestatem,</span> <span class='ocrx_word' id='word_1_51' title='bbox 2910 565 3192 618; x_wconf 85' lang='lat' dir='ltr'>malorum</span> <span class='ocrx_word' id='word_1_52' title='bbox 3238 560 3654 616; x_wconf 88' lang='lat' dir='ltr'>blandientium</span> <span class='ocrx_word' id='word_1_53' title='bbox 3702 560 3846 614; x_wconf 89' lang='lat' dir='ltr'>virus</span> 
     </span>
    </p>
   </div>
   <div class='ocr_carea' id='block_1_6' title="bbox 509 653 3862 730">
    <p class='ocr_par' dir='ltr' id='par_1_6' title="bbox 509 653 3862 730">
     <span class='ocr_line' id='line_1_6' title="bbox 509 653 3862 730; baseline -0.001 -18"><span class='ocrx_word' id='word_1_54' title='bbox 509 675 735 712; x_wconf 82' lang='lat' dir='ltr'>sensere</span> <span class='ocrx_word' id='word_1_55' title='bbox 757 659 887 728; x_wconf 86' lang='lat' dir='ltr'>jura</span> <span class='ocrx_word' id='word_1_56' title='bbox 913 659 1174 728; x_wconf 83' lang='lat' dir='ltr'>peccatis,</span> <span class='ocrx_word' id='word_1_57' title='bbox 1205 662 1263 712; x_wconf 88' lang='lat' dir='ltr'>et</span> <span class='ocrx_word' id='word_1_58' title='bbox 1289 658 1454 728; x_wconf 84' lang='lat' dir='ltr'>coepit</span> <span class='ocrx_word' id='word_1_59' title='bbox 1480 658 1692 712; x_wconf 88' lang='lat' dir='ltr'>licitum</span> <span class='ocrx_word' id='word_1_60' title='bbox 1713 675 1832 713; x_wconf 90' lang='lat' dir='ltr'>esse</span> <span class='ocrx_word' id='word_1_61' title='bbox 1854 659 1961 728; x_wconf 85' lang='lat'>(83)</span> <span class='ocrx_word' id='word_1_62' title='bbox 1986 659 2136 730; x_wconf 89' lang='lat' dir='ltr'>quod</span> <span class='ocrx_word' id='word_1_63' title='bbox 2234 661 2517 714; x_wconf 91' lang='lat' dir='ltr'>occultum</span> <span class='ocrx_word' id='word_1_64' title='bbox 2547 663 2635 713; x_wconf 88' lang='lat' dir='ltr'>est</span> <span class='ocrx_word' id='word_1_65' title='bbox 2667 664 2722 713; x_wconf 88' lang='lat' dir='ltr'>et</span> <span class='ocrx_word' id='word_1_66' title='bbox 2755 661 2768 694; x_wconf 84' lang='grc'>¹</span> <span class='ocrx_word' id='word_1_67' title='bbox 2803 659 3104 713; x_wconf 87' lang='lat' dir='ltr'>arridentis</span> <span class='ocrx_word' id='word_1_68' title='bbox 3131 656 3404 728; x_wconf 68' lang='lat' dir='ltr'>nequitiis</span> <span class='ocrx_word' id='word_1_69' title='bbox 3435 653 3603 708; x_wconf 85' lang='lat' dir='ltr'>facies</span> <span class='ocrx_word' id='word_1_70' title='bbox 3640 653 3862 723; x_wconf 88' lang='lat' dir='ltr'>quidem</span> 
     </span>
    </p>
   </div>
   <div class='ocr_carea' id='block_1_7' title="bbox 511 747 3852 822">
    <p class='ocr_par' dir='ltr' id='par_1_7' title="bbox 511 747 3852 822">
     <span class='ocr_line' id='line_1_7' title="bbox 511 747 3852 822; baseline -0.001 -19"><span class='ocrx_word' id='word_1_71' title='bbox 511 750 799 821; x_wconf 91' lang='lat' dir='ltr'>publicum</span> <span class='ocrx_word' id='word_1_72' title='bbox 852 756 956 806; x_wconf 88' lang='lat' dir='ltr'>est.</span> <span class='ocrx_word' id='word_1_73' title='bbox 1011 751 1148 814; x_wconf 87' lang='lat' dir='ltr'>Quis</span> <span class='ocrx_word' id='word_1_74' title='bbox 1192 752 1304 805; x_wconf 89' lang='lat' dir='ltr'>illic</span> <span class='ocrx_word' id='word_1_75' title='bbox 1344 767 1534 806; x_wconf 90' lang='lat' dir='ltr'>rerum</span> <span class='ocrx_word' id='word_1_76' title='bbox 1579 751 1788 822; x_wconf 88' lang='lat' dir='ltr'>pudor,</span> <span class='ocrx_word' id='word_1_77' title='bbox 1839 769 1966 822; x_wconf 64' lang='lat' dir='ltr'>quae</span> <span class='ocrx_word' id='word_1_78' title='bbox 2015 768 2134 807; x_wconf 87' lang='lat' dir='ltr'>esse</span> <span class='ocrx_word' id='word_1_79' title='bbox 2236 753 2381 820; x_wconf 65' lang='lat' dir='ltr'>laeta,</span> <span class='ocrx_word' id='word_1_80' title='bbox 2411 754 2508 807; x_wconf 91' lang='lat' dir='ltr'>sed</span> <span class='ocrx_word' id='word_1_81' title='bbox 2536 753 2872 806; x_wconf 83' lang='lat' dir='ltr'>calamitatis</span> <span class='ocrx_word' id='word_1_82' title='bbox 2898 752 3210 805; x_wconf 62' lang='lat' dir='ltr'>abstrusa:se</span> <span class='ocrx_word' id='word_1_83' title='bbox 3241 748 3568 804; x_wconf 88' lang='lat' dir='ltr'>illecebrosa</span> <span class='ocrx_word' id='word_1_84' title='bbox 3599 747 3852 818; x_wconf 85' lang='lat' dir='ltr'>fallacia;</span> 
     </span>
    </p>
   </div>
   <div class='ocr_carea' id='block_1_8' title="bbox 508 840 3859 918">
    <p class='ocr_par' dir='ltr' id='par_1_8' title="bbox 508 840 3859 918">
     <span class='ocr_line' id='line_1_8' title="bbox 508 840 3859 918; baseline -0 -21"><span class='ocrx_word' id='word_1_85' title='bbox 508 843 689 914; x_wconf 90' lang='lat' dir='ltr'>possit</span> <span class='ocrx_word' id='word_1_86' title='bbox 715 843 1026 915; x_wconf 88' lang='lat' dir='ltr'>integritas,</span> <span class='ocrx_word' id='word_1_87' title='bbox 1058 844 1152 898; x_wconf 87' lang='lat' dir='ltr'>ubi</span> <span class='ocrx_word' id='word_1_88' title='bbox 1187 844 1284 915; x_wconf 91' lang='lat' dir='ltr'>qui</span> <span class='ocrx_word' id='word_1_89' title='bbox 1313 845 1891 915; x_wconf 85' lang='lat' dir='ltr'>damnentimprobos</span> <span class='ocrx_word' id='word_1_90' title='bbox 1911 845 2134 912; x_wconf 86' lang='lat' dir='ltr'>desunt,</span> <span class='ocrx_word' id='word_1_91' title='bbox 2238 847 2414 900; x_wconf 88' lang='lat' dir='ltr'>instar</span> <span class='ocrx_word' id='word_1_92' title='bbox 2459 845 2746 917; x_wconf 89' lang='lat' dir='ltr'>quoddam</span> <span class='ocrx_word' id='word_1_93' title='bbox 2776 847 2796 880; x_wconf 84' lang='grc'><strong>³</strong></span> <span class='ocrx_word' id='word_1_94' title='bbox 2842 844 3033 918; x_wconf 77' lang='grc'>216</span> <span class='ocrx_word' id='word_1_95' title='bbox 3085 843 3307 909; x_wconf 78' lang='lat' dir='ltr'>veneni,</span> <span class='ocrx_word' id='word_1_96' title='bbox 3364 842 3476 908; x_wconf 92' lang='lat' dir='ltr'>ubi,</span> <span class='ocrx_word' id='word_1_97' title='bbox 3529 841 3587 894; x_wconf 91' lang='lat' dir='ltr'>in</span> <span class='ocrx_word' id='word_1_98' title='bbox 3633 840 3859 896; x_wconf 88' lang='lat' dir='ltr'>lethales</span> 
     </span>
    </p>
   </div>
   <div class='ocr_carea' id='block_1_9' title="bbox 513 934 3860 1010">
    <p class='ocr_par' dir='ltr' id='par_1_9' title="bbox 513 934 3860 1010">
     <span class='ocr_line' id='line_1_9' title="bbox 513 934 3860 1010; baseline 0 -19"><span class='ocrx_word' id='word_1_99' title='bbox 513 939 620 992; x_wconf 91' lang='lat' dir='ltr'>soli</span> <span class='ocrx_word' id='word_1_100' title='bbox 645 937 722 992; x_wconf 89' lang='lat' dir='ltr'>ibi</span> <span class='ocrx_word' id='word_1_101' title='bbox 749 938 799 972; x_wconf 73' lang='grc'>9⁸</span> <span class='ocrx_word' id='word_1_102' title='bbox 829 939 927 1008; x_wconf 92' lang='lat' dir='ltr'>qui</span> <span class='ocrx_word' id='word_1_103' title='bbox 962 938 1307 992; x_wconf 84' lang='lat' dir='ltr'>damnentur</span> <span class='ocrx_word' id='word_1_104' title='bbox 1332 939 1684 993; x_wconf 90' lang='lat' dir='ltr'>occurrunt?</span> <span class='ocrx_word' id='word_1_105' title='bbox 2244 957 2435 995; x_wconf 91' lang='lat' dir='ltr'>succos</span> <span class='ocrx_word' id='word_1_106' title='bbox 2461 939 2761 994; x_wconf 87' lang='lat' dir='ltr'>dulcedine</span> <span class='ocrx_word' id='word_1_107' title='bbox 2803 956 3030 1010; x_wconf 89' lang='lat' dir='ltr'>aspersa</span> <span class='ocrx_word' id='word_1_108' title='bbox 3061 937 3368 992; x_wconf 85' lang='lat' dir='ltr'>calliditate</span> <span class='ocrx_word' id='word_1_109' title='bbox 3406 934 3630 990; x_wconf 88' lang='lat' dir='ltr'>fallendi</span> <span class='ocrx_word' id='word_1_110' title='bbox 3669 951 3860 1004; x_wconf 90' lang='lat' dir='ltr'>sapore</span> 
     </span>
    </p>
   </div>
   <div class='ocr_carea' id='block_1_10' title="bbox 582 1029 3862 1103">
    <p class='ocr_par' dir='ltr' id='par_1_10' title="bbox 582 1029 3862 1103">
     <span class='ocr_line' id='line_1_10' title="bbox 582 1029 3862 1103; baseline -0 -19"><span class='ocrx_word' id='word_1_111' title='bbox 582 1033 665 1084; x_wconf 82' lang='lat' dir='ltr'>XI.</span> <span class='ocrx_word' id='word_1_112' title='bbox 722 1031 847 1095; x_wconf 90' lang='lat' dir='ltr'>Sed,</span> <span class='ocrx_word' id='word_1_113' title='bbox 905 1047 976 1085; x_wconf 88' lang='lat' dir='ltr'>ne</span> <span class='ocrx_word' id='word_1_114' title='bbox 1025 1047 1126 1085; x_wconf 89' lang='lat' dir='ltr'>nos</span> <span class='ocrx_word' id='word_1_115' title='bbox 1181 1031 1476 1085; x_wconf 88' lang='lat' dir='ltr'>videamur</span> <span class='ocrx_word' id='word_1_116' title='bbox 1533 1032 1579 1066; x_wconf 76' lang='lat'><strong>97</strong></span> <span class='ocrx_word' id='word_1_117' title='bbox 1635 1031 1848 1103; x_wconf 81' lang='lat' dir='ltr'>eligere</span> <span class='ocrx_word' id='word_1_118' title='bbox 1906 1031 2140 1086; x_wconf 86' lang='lat' dir='ltr'>fortasse</span> <span class='ocrx_word' id='word_1_119' title='bbox 2244 1032 2545 1098; x_wconf 88' lang='lat' dir='ltr'>medicato,</span> <span class='ocrx_word' id='word_1_120' title='bbox 2580 1033 2847 1103; x_wconf 89' lang='lat' dir='ltr'>poculum</span> <span class='ocrx_word' id='word_1_121' title='bbox 2880 1031 3103 1085; x_wconf 91' lang='lat' dir='ltr'>videtur</span> <span class='ocrx_word' id='word_1_122' title='bbox 3131 1047 3249 1085; x_wconf 91' lang='lat' dir='ltr'>esse</span> <span class='ocrx_word' id='word_1_123' title='bbox 3283 1030 3429 1102; x_wconf 91' lang='lat' dir='ltr'>quod</span> <span class='ocrx_word' id='word_1_124' title='bbox 3461 1029 3862 1096; x_wconf 82' lang='lat' dir='ltr'>sumitur;ubi</span> 
     </span>
    </p>
   </div>
   <div class='ocr_carea' id='block_1_11' title="bbox 521 1123 3864 1197">
    <p class='ocr_par' dir='ltr' id='par_1_11' title="bbox 521 1123 3864 1197">
     <span class='ocr_line' id='line_1_11' title="bbox 521 1123 3864 1197; baseline -0.001 -19"><span class='ocrx_word' id='word_1_125' title='bbox 521 1126 740 1196; x_wconf 85' lang='lat' dir='ltr'>pejora,</span> <span class='ocrx_word' id='word_1_126' title='bbox 796 1130 853 1179; x_wconf 89' lang='lat' dir='ltr'>et</span> <span class='ocrx_word' id='word_1_127' title='bbox 902 1125 1088 1180; x_wconf 90' lang='lat' dir='ltr'>studio</span> <span class='ocrx_word' id='word_1_128' title='bbox 1141 1125 1471 1180; x_wconf 87' lang='lat' dir='ltr'>destruendi</span> <span class='ocrx_word' id='word_1_129' title='bbox 1516 1141 1619 1196; x_wconf 88' lang='lat' dir='ltr'>per</span> <span class='ocrx_word' id='word_1_130' title='bbox 1666 1141 1734 1179; x_wconf 88' lang='lat' dir='ltr'>ea</span> <span class='ocrx_word' id='word_1_131' title='bbox 1775 1125 1964 1179; x_wconf 91' lang='lat' dir='ltr'>oculos</span> <span class='ocrx_word' id='word_1_132' title='bbox 2017 1129 2142 1179; x_wconf 90' lang='lat' dir='ltr'>tuos</span> <span class='ocrx_word' id='word_1_133' title='bbox 2243 1133 2410 1197; x_wconf 87' lang='lat' dir='ltr'>epota</span> <span class='ocrx_word' id='word_1_134' title='bbox 2474 1143 2564 1180; x_wconf 90' lang='lat' dir='ltr'>res</span> <span class='ocrx_word' id='word_1_135' title='bbox 2617 1130 2703 1180; x_wconf 90' lang='lat' dir='ltr'>est</span> <span class='ocrx_word' id='word_1_136' title='bbox 2762 1126 2894 1197; x_wconf 78' lang='grc'>(84),</span> <span class='ocrx_word' id='word_1_137' title='bbox 2966 1125 3244 1196; x_wconf 78' lang='lat' dir='ltr'>pernicies</span> <span class='ocrx_word' id='word_1_138' title='bbox 3310 1123 3512 1177; x_wconf 87' lang='lat' dir='ltr'>hausta</span> <span class='ocrx_word' id='word_1_139' title='bbox 3572 1124 3864 1191; x_wconf 73' lang='lat' dir='ltr'>grassatur.</span> 
     </span>
    </p>
   </div>
   <div class='ocr_carea' id='block_1_12' title="bbox 520 1217 3870 1290">
    <p class='ocr_par' dir='ltr' id='par_1_12' title="bbox 520 1217 3870 1290">
     <span class='ocr_line' id='line_1_12' title="bbox 520 1217 3870 1290; baseline -0.001 -18"><span class='ocrx_word' id='word_1_140' title='bbox 520 1218 725 1273; x_wconf 88' lang='lat' dir='ltr'>ducere</span> <span class='ocrx_word' id='word_1_141' title='bbox 769 1234 1018 1289; x_wconf 86' lang='lat' dir='ltr'>quorum</span> <span class='ocrx_word' id='word_1_142' title='bbox 1067 1217 1242 1272; x_wconf 88' lang='lat' dir='ltr'>tristis</span> <span class='ocrx_word' id='word_1_143' title='bbox 1280 1221 1449 1289; x_wconf 89' lang='lat' dir='ltr'>atque</span> <span class='ocrx_word' id='word_1_144' title='bbox 1495 1219 1838 1273; x_wconf 90' lang='lat' dir='ltr'>aversandus</span> <span class='ocrx_word' id='word_1_145' title='bbox 1883 1222 2144 1289; x_wconf 89' lang='lat' dir='ltr'>aspectus</span> <span class='ocrx_word' id='word_1_146' title='bbox 2243 1220 2459 1290; x_wconf 84' lang='lat' dir='ltr'>Quippe</span> <span class='ocrx_word' id='word_1_147' title='bbox 2489 1219 2649 1274; x_wconf 92' lang='lat' dir='ltr'>illum</span> <span class='ocrx_word' id='word_1_148' title='bbox 2686 1218 2844 1273; x_wconf 86' lang='lat' dir='ltr'>vides</span> <span class='ocrx_word' id='word_1_149' title='bbox 2875 1218 2992 1289; x_wconf 91' lang='lat' dir='ltr'>qui,</span> <span class='ocrx_word' id='word_1_150' title='bbox 3025 1218 3232 1272; x_wconf 89' lang='lat' dir='ltr'>amictu</span> <span class='ocrx_word' id='word_1_151' title='bbox 3266 1217 3500 1271; x_wconf 91' lang='lat' dir='ltr'>clariore</span> <span class='ocrx_word' id='word_1_152' title='bbox 3527 1231 3870 1284; x_wconf 85' lang='lat' dir='ltr'>conspicuus,</span> 
     </span>
    </p>
   </div>
   <div class='ocr_carea' id='block_1_13' title="bbox 521 1308 3869 1384">
    <p class='ocr_par' dir='ltr' id='par_1_13' title="bbox 521 1308 3869 1384">
     <span class='ocr_line' id='line_1_13' title="bbox 521 1308 3869 1384; baseline -0.001 -18"><span class='ocrx_word' id='word_1_153' title='bbox 521 1327 622 1366; x_wconf 90' lang='lat' dir='ltr'>ora</span> <span class='ocrx_word' id='word_1_154' title='bbox 668 1315 724 1366; x_wconf 90' lang='lat' dir='ltr'>et</span> <span class='ocrx_word' id='word_1_155' title='bbox 763 1312 949 1365; x_wconf 82' lang='lat' dir='ltr'>vultus</span> <span class='ocrx_word' id='word_1_156' title='bbox 1002 1311 1358 1365; x_wconf 61' lang='lat' dir='ltr'>conscientia:</span> <span class='ocrx_word' id='word_1_157' title='bbox 1410 1312 1660 1365; x_wconf 88' lang='lat' dir='ltr'>melioris</span> <span class='ocrx_word' id='word_1_158' title='bbox 1713 1311 1977 1378; x_wconf 77' lang='lat' dir='ltr'>offendat,</span> <span class='ocrx_word' id='word_1_159' title='bbox 2025 1313 2146 1383; x_wconf 85' lang='lat' dir='ltr'>jam</span> <span class='ocrx_word' id='word_1_160' title='bbox 2244 1313 2463 1384; x_wconf 89' lang='lat' dir='ltr'>fulgere</span> <span class='ocrx_word' id='word_1_161' title='bbox 2491 1313 2594 1366; x_wconf 86' lang='lat' dir='ltr'>sibi</span> <span class='ocrx_word' id='word_1_162' title='bbox 2627 1312 2850 1367; x_wconf 87' lang='lat' dir='ltr'>videtur</span> <span class='ocrx_word' id='word_1_163' title='bbox 2887 1312 2946 1366; x_wconf 91' lang='lat' dir='ltr'>in</span> <span class='ocrx_word' id='word_1_164' title='bbox 2995 1328 3266 1382; x_wconf 88' lang='lat' dir='ltr'>purpura.</span> <span class='ocrx_word' id='word_1_165' title='bbox 3314 1309 3530 1374; x_wconf 86' lang='lat' dir='ltr'>Quibus</span> <span class='ocrx_word' id='word_1_166' title='bbox 3561 1308 3668 1362; x_wconf 90' lang='lat' dir='ltr'>hoc</span> <span class='ocrx_word' id='word_1_167' title='bbox 3699 1309 3720 1343; x_wconf 75' lang='grc'><strong>⁴</strong></span> <span class='ocrx_word' id='word_1_168' title='bbox 3757 1325 3869 1362; x_wconf 88' lang='lat' dir='ltr'>sor-</span> 
     </span>
    </p>
   </div>
   <div class='ocr_carea' id='block_1_14' title="bbox 517 1401 3874 1477">
    <p class='ocr_par' dir='ltr' id='par_1_14' title="bbox 517 1401 3874 1477">
     <span class='ocr_line' id='line_1_14' title="bbox 517 1401 3874 1477; baseline -0.001 -18"><span class='ocrx_word' id='word_1_169' title='bbox 517 1405 623 1459; x_wconf 87' lang='lat' dir='ltr'>tibi</span> <span class='ocrx_word' id='word_1_170' title='bbox 668 1404 765 1459; x_wconf 88' lang='lat' dir='ltr'>illa</span> <span class='ocrx_word' id='word_1_171' title='bbox 804 1421 931 1475; x_wconf 65' lang='lat' dir='ltr'>qum</span> <span class='ocrx_word' id='word_1_172' title='bbox 981 1405 1302 1476; x_wconf 86' lang='lat' dir='ltr'>ignorantia</span> <span class='ocrx_word' id='word_1_173' title='bbox 1347 1405 1633 1459; x_wconf 64' lang='lat' dir='ltr'>smcularis</span> <span class='ocrx_word' id='word_1_174' title='bbox 1676 1405 1829 1459; x_wconf 91' lang='lat' dir='ltr'>bona</span> <span class='ocrx_word' id='word_1_175' title='bbox 1882 1405 2148 1476; x_wconf 89' lang='lat' dir='ltr'>opinatur</span> <span class='ocrx_word' id='word_1_176' title='bbox 2248 1406 2409 1460; x_wconf 86' lang='lat' dir='ltr'>dibus</span> <span class='ocrx_word' id='word_1_177' title='bbox 2459 1406 2595 1461; x_wconf 87' lang='lat' dir='ltr'>emit</span> <span class='ocrx_word' id='word_1_178' title='bbox 2652 1410 2712 1460; x_wconf 91' lang='lat' dir='ltr'>ut</span> <span class='ocrx_word' id='word_1_179' title='bbox 2759 1407 3011 1477; x_wconf 85' lang='lat' dir='ltr'>fulgeat,</span> <span class='ocrx_word' id='word_1_180' title='bbox 3065 1422 3205 1476; x_wconf 89' lang='lat' dir='ltr'>quos</span> <span class='ocrx_word' id='word_1_181' title='bbox 3258 1401 3649 1474; x_wconf 90' lang='lat' dir='ltr'>arrogantium</span> <span class='ocrx_word' id='word_1_182' title='bbox 3705 1401 3874 1455; x_wconf 89' lang='lat' dir='ltr'>fastus</span> 
     </span>
    </p>
   </div>
   <div class='ocr_carea' id='block_1_15' title="bbox 522 1494 3877 1572">
    <p class='ocr_par' dir='ltr' id='par_1_15' title="bbox 522 1494 3877 1572">
     <span class='ocr_line' id='line_1_15' title="bbox 522 1494 3877 1572; baseline -0.001 -19"><span class='ocrx_word' id='word_1_183' title='bbox 522 1499 837 1553; x_wconf 87' lang='lat' dir='ltr'>ostendam.</span> <span class='ocrx_word' id='word_1_184' title='bbox 882 1498 996 1552; x_wconf 92' lang='lat' dir='ltr'>lllic</span> <span class='ocrx_word' id='word_1_185' title='bbox 1051 1498 1226 1555; x_wconf 87' lang='lat' dir='ltr'>etiam</span> <span class='ocrx_word' id='word_1_186' title='bbox 1280 1498 1558 1568; x_wconf 87' lang='lat' dir='ltr'>fugienda</span> <span class='ocrx_word' id='word_1_187' title='bbox 1612 1499 1942 1570; x_wconf 89' lang='lat' dir='ltr'>conspicies.</span> <span class='ocrx_word' id='word_1_188' title='bbox 1996 1500 2146 1564; x_wconf 89' lang='lat' dir='ltr'>Quos</span> <span class='ocrx_word' id='word_1_189' title='bbox 2248 1499 2440 1571; x_wconf 65' lang='lat' dir='ltr'>prius‘</span> <span class='ocrx_word' id='word_1_190' title='bbox 2495 1499 2772 1570; x_wconf 91' lang='lat' dir='ltr'>pertulit,</span> <span class='ocrx_word' id='word_1_191' title='bbox 2823 1517 2964 1572; x_wconf 87' lang='lat' dir='ltr'>quas</span> <span class='ocrx_word' id='word_1_192' title='bbox 3015 1498 3286 1569; x_wconf 89' lang='lat' dir='ltr'>superbas</span> <span class='ocrx_word' id='word_1_193' title='bbox 3349 1497 3495 1551; x_wconf 88' lang='lat' dir='ltr'>fores</span> <span class='ocrx_word' id='word_1_194' title='bbox 3561 1494 3877 1549; x_wconf 89' lang='lat' dir='ltr'>matutinus</span> 
     </span>
    </p>
   </div>
   <div class='ocr_carea' id='block_1_16' title="bbox 518 1591 3875 1669">
    <p class='ocr_par' dir='ltr' id='par_1_16' title="bbox 518 1591 3875 1669">
     <span class='ocr_line' id='line_1_16' title="bbox 518 1591 3875 1669; baseline -0.001 -24"><span class='ocrx_word' id='word_1_195' title='bbox 518 1592 764 1647; x_wconf 86' lang='lat' dir='ltr'>honores</span> <span class='ocrx_word' id='word_1_196' title='bbox 789 1596 955 1668; x_wconf 89' lang='lat' dir='ltr'>putas</span> <span class='ocrx_word' id='word_1_197' title='bbox 982 1607 1123 1661; x_wconf 84' lang='lat' dir='ltr'>esse,</span> <span class='ocrx_word' id='word_1_198' title='bbox 1156 1608 1300 1668; x_wconf 89' lang='lat' dir='ltr'>quos</span> <span class='ocrx_word' id='word_1_199' title='bbox 1338 1593 1529 1662; x_wconf 86' lang='lat' dir='ltr'>fasces,</span> <span class='ocrx_word' id='word_1_200' title='bbox 1564 1609 1737 1665; x_wconf 92' lang='lat' dir='ltr'>quam</span> <span class='ocrx_word' id='word_1_201' title='bbox 1789 1592 2145 1652; x_wconf 83' lang='lat' dir='ltr'>afﬂuentiam</span> <span class='ocrx_word' id='word_1_202' title='bbox 2248 1595 2518 1650; x_wconf 87' lang='lat' dir='ltr'>salutator</span> <span class='ocrx_word' id='word_1_203' title='bbox 2559 1594 2672 1669; x_wconf 85' lang='lat'>(85)</span> <span class='ocrx_word' id='word_1_204' title='bbox 2715 1593 2952 1662; x_wconf 88' lang='lat' dir='ltr'>obsedit,</span> <span class='ocrx_word' id='word_1_205' title='bbox 3005 1593 3162 1667; x_wconf 92' lang='lat' dir='ltr'>quod</span> <span class='ocrx_word' id='word_1_206' title='bbox 3209 1591 3562 1646; x_wconf 87' lang='lat' dir='ltr'>tumentium</span> <span class='ocrx_word' id='word_1_207' title='bbox 3593 1591 3614 1624; x_wconf 78' lang='grc' dir='ltr'><strong>θ</strong></span> <span class='ocrx_word' id='word_1_208' title='bbox 3660 1604 3725 1642; x_wconf 91' lang='lat' dir='ltr'>co</span> <span class='ocrx_word' id='word_1_209' title='bbox 3741 1594 3875 1644; x_wconf 74' lang='lat' dir='ltr'>ntu&#39;</span> 
     </span>
    </p>
   </div>
   <div class='ocr_carea' id='block_1_17' title="bbox 1877 1777 2470 1840">
    <p class='ocr_par' dir='ltr' id='par_1_17' title="bbox 1877 1777 2470 1840">
     <span class='ocr_line' id='line_1_17' title="bbox 1877 1777 2470 1840; baseline 0 0"><span class='ocrx_word' id='word_1_210' title='bbox 1877 1777 2084 1840; x_wconf 64' lang='lat' dir='ltr'>Variae</span> <span class='ocrx_word' id='word_1_211' title='bbox 2138 1777 2470 1840; x_wconf 89' lang='lat' dir='ltr'>lectiones.</span> 
     </span>
    </p>
   </div>
   <div class='ocr_carea' id='block_1_18' title="bbox 581 1937 3886 2006">
    <p class='ocr_par' dir='ltr' id='par_1_18' title="bbox 581 1937 3886 2006">
     <span class='ocr_line' id='line_1_18' title="bbox 581 1937 3886 2006; baseline -0.001 -17"><span class='ocrx_word' id='word_1_212' title='bbox 581 1941 622 1974; x_wconf 70' lang='lat'>9‘</span> <span class='ocrx_word' id='word_1_213' title='bbox 652 1939 909 1990; x_wconf 86' lang='lat' dir='ltr'>Criminis</span> <span class='ocrx_word' id='word_1_214' title='bbox 937 1946 1021 1992; x_wconf 91' lang='lat' dir='ltr'>est</span> <span class='ocrx_word' id='word_1_215' title='bbox 1053 1943 1207 1990; x_wconf 71' lang='lat' dir='ltr'>Oxon.</span> <span class='ocrx_word' id='word_1_216' title='bbox 1299 1943 1339 1975; x_wconf 72' lang='lat'>95</span> <span class='ocrx_word' id='word_1_217' title='bbox 1367 1943 1542 1992; x_wconf 87' lang='lat' dir='ltr'>Malus</span> <span class='ocrx_word' id='word_1_218' title='bbox 1582 1943 1842 2006; x_wconf 88' lang='lat' dir='ltr'>quisquis</span> <span class='ocrx_word' id='word_1_219' title='bbox 1899 1941 2030 1990; x_wconf 92' lang='lat' dir='ltr'>dum</span> <span class='ocrx_word' id='word_1_220' title='bbox 2077 1954 2189 1990; x_wconf 89' lang='lat' dir='ltr'>non</span> <span class='ocrx_word' id='word_1_221' title='bbox 2234 1941 2482 1991; x_wconf 86' lang='lat' dir='ltr'>imitatur</span> <span class='ocrx_word' id='word_1_222' title='bbox 2530 1940 2685 1990; x_wconf 83' lang='lat' dir='ltr'>Ebor.</span> <span class='ocrx_word' id='word_1_223' title='bbox 2720 1943 2856 1990; x_wconf 87' lang='lat' dir='ltr'>Lam.</span> <span class='ocrx_word' id='word_1_224' title='bbox 2948 1941 2990 1974; x_wconf 75' lang='lat'><strong><em>9°</em></strong></span> <span class='ocrx_word' id='word_1_225' title='bbox 3015 1941 3128 1992; x_wconf 88' lang='lat' dir='ltr'>Soli</span> <span class='ocrx_word' id='word_1_226' title='bbox 3159 1940 3257 1990; x_wconf 91' lang='lat' dir='ltr'>ubi</span> <span class='ocrx_word' id='word_1_227' title='bbox 3290 1941 3428 1989; x_wconf 86' lang='lat' dir='ltr'>Lam.</span> <span class='ocrx_word' id='word_1_228' title='bbox 3458 1937 3613 1986; x_wconf 79' lang='lat' dir='ltr'>Ebor.</span> <span class='ocrx_word' id='word_1_229' title='bbox 3644 1938 3741 1986; x_wconf 79' lang='lat' dir='ltr'>An.</span> <span class='ocrx_word' id='word_1_230' title='bbox 3770 1938 3886 1986; x_wconf 78' lang='lat' dir='ltr'>Tha.</span> 
     </span>
    </p>
   </div>
   <div class='ocr_carea' id='block_1_19' title="bbox 521 2007 3880 2067">
    <p class='ocr_par' dir='ltr' id='par_1_19' title="bbox 521 2007 3880 2067">
     <span class='ocr_line' id='line_1_19' title="bbox 521 2007 3880 2067; baseline -0.001 -7"><span class='ocrx_word' id='word_1_231' title='bbox 521 2012 670 2060; x_wconf 80' lang='lat' dir='ltr'>Eros.</span> <span class='ocrx_word' id='word_1_232' title='bbox 702 2011 876 2059; x_wconf 83' lang='lat' dir='ltr'>Morel.</span> <span class='ocrx_word' id='word_1_233' title='bbox 921 2012 1049 2059; x_wconf 86' lang='lat' dir='ltr'>Voss.</span> <span class='ocrx_word' id='word_1_234' title='bbox 1077 2013 1124 2060; x_wconf 79' lang='grc'>4.</span> <span class='ocrx_word' id='word_1_235' title='bbox 1220 2011 1260 2042; x_wconf 67' lang='lat'>97</span> <span class='ocrx_word' id='word_1_236' title='bbox 1294 2011 1401 2062; x_wconf 91' lang='lat' dir='ltr'>Sed</span> <span class='ocrx_word' id='word_1_237' title='bbox 1441 2012 1732 2062; x_wconf 82' lang='lat' dir='ltr'>videamus</span> <span class='ocrx_word' id='word_1_238' title='bbox 1762 2013 1902 2060; x_wconf 86' lang='lat' dir='ltr'>Lam.</span> <span class='ocrx_word' id='word_1_239' title='bbox 1937 2013 2091 2061; x_wconf 81' lang='lat' dir='ltr'>Ebor.</span> <span class='ocrx_word' id='word_1_240' title='bbox 2118 2011 2224 2061; x_wconf 78' lang='grc' dir='ltr'>ΝΟ.</span> <span class='ocrx_word' id='word_1_241' title='bbox 2269 2013 2314 2059; x_wconf 94' lang='grc'><strong>1.</strong></span> <span class='ocrx_word' id='word_1_242' title='bbox 2367 2012 2475 2062; x_wconf 91' lang='lat' dir='ltr'>Nos</span> <span class='ocrx_word' id='word_1_243' title='bbox 2523 2012 2814 2061; x_wconf 84' lang='lat' dir='ltr'>videamus</span> <span class='ocrx_word' id='word_1_244' title='bbox 2841 2011 2965 2060; x_wconf 86' lang='lat' dir='ltr'>Bod.</span> <span class='ocrx_word' id='word_1_245' title='bbox 3002 2012 3048 2060; x_wconf 91' lang='lat'>3.</span> <span class='ocrx_word' id='word_1_246' title='bbox 3097 2012 3302 2059; x_wconf 81' lang='lat' dir='ltr'>Manut.</span> <span class='ocrx_word' id='word_1_247' title='bbox 3345 2009 3528 2058; x_wconf 80' lang='lat' dir='ltr'>Morel.</span> <span class='ocrx_word' id='word_1_248' title='bbox 3614 2007 3657 2038; x_wconf 65' lang='grc' dir='ltr'>νδ</span> <span class='ocrx_word' id='word_1_249' title='bbox 3691 2008 3880 2067; x_wconf 71' lang='lat' dir='ltr'>Rigalt.</span> 
     </span>
    </p>
   </div>
   <div class='ocr_carea' id='block_1_20' title="bbox 517 2076 3882 2148">
    <p class='ocr_par' dir='ltr' id='par_1_20' title="bbox 517 2076 3882 2148">
     <span class='ocr_line' id='line_1_20' title="bbox 517 2076 3882 2148; baseline -0.001 -18"><span class='ocrx_word' id='word_1_250' title='bbox 517 2083 689 2130; x_wconf 83' lang='lat' dir='ltr'>omnia</span> <span class='ocrx_word' id='word_1_251' title='bbox 737 2097 828 2144; x_wconf 82' lang='lat' dir='ltr'>per</span> <span class='ocrx_word' id='word_1_252' title='bbox 879 2085 1106 2146; x_wconf 72' lang='lat' dir='ltr'>interrog</span> <span class='ocrx_word' id='word_1_253' title='bbox 1170 2086 1414 2145; x_wconf 78' lang='lat' dir='ltr'>repetitas</span> <span class='ocrx_word' id='word_1_254' title='bbox 1462 2085 1690 2133; x_wconf 77' lang='lat' dir='ltr'>scxlulit.</span> <span class='ocrx_word' id='word_1_255' title='bbox 1790 2084 1830 2116; x_wconf 68' lang='grc' dir='ltr'>ιε</span> <span class='ocrx_word' id='word_1_256' title='bbox 1868 2083 2302 2148; x_wconf 83' lang='lat' dir='ltr'>Magistratus—</span> <span class='ocrx_word' id='word_1_257' title='bbox 2357 2082 2764 2144; x_wconf 88' lang='lat' dir='ltr'>Principatibus</span> <span class='ocrx_word' id='word_1_258' title='bbox 2809 2081 2917 2129; x_wconf 81' lang='grc' dir='ltr'>ΝΟ.</span> <span class='ocrx_word' id='word_1_259' title='bbox 2955 2083 2996 2130; x_wconf 90' lang='grc'>1.</span> <span class='ocrx_word' id='word_1_260' title='bbox 3029 2081 3120 2130; x_wconf 85' lang='lat' dir='ltr'>Eb.</span> <span class='ocrx_word' id='word_1_261' title='bbox 3165 2083 3302 2129; x_wconf 85' lang='lat' dir='ltr'>Lam.</span> <span class='ocrx_word' id='word_1_262' title='bbox 3401 2077 3516 2127; x_wconf 76' lang='lat' dir='ltr'>‘Et</span> <span class='ocrx_word' id='word_1_263' title='bbox 3542 2076 3700 2148; x_wconf 81' lang='lat' dir='ltr'>omit.</span> <span class='ocrx_word' id='word_1_264' title='bbox 3733 2077 3882 2124; x_wconf 71' lang='lat' dir='ltr'>Oxon.</span> 
     </span>
    </p>
   </div>
   <div class='ocr_carea' id='block_1_21' title="bbox 525 2147 3885 2218">
    <p class='ocr_par' dir='ltr' id='par_1_21' title="bbox 525 2147 3885 2218">
     <span class='ocr_line' id='line_1_21' title="bbox 525 2147 3885 2218; baseline -0.001 -18"><span class='ocrx_word' id='word_1_265' title='bbox 525 2153 544 2182; x_wconf 79' lang='grc'><strong><em>²</em></strong></span> <span class='ocrx_word' id='word_1_266' title='bbox 572 2150 915 2200; x_wconf 89' lang='lat' dir='ltr'>Calamitatis</span> <span class='ocrx_word' id='word_1_267' title='bbox 943 2153 1210 2201; x_wconf 56' lang='lat' dir='ltr'>abstrusas</span> <span class='ocrx_word' id='word_1_268' title='bbox 1240 2155 1376 2201; x_wconf 88' lang='lat' dir='ltr'>Pem.</span> <span class='ocrx_word' id='word_1_269' title='bbox 1421 2155 1552 2201; x_wconf 86' lang='lat' dir='ltr'>Voss.</span> <span class='ocrx_word' id='word_1_270' title='bbox 1580 2155 1628 2202; x_wconf 75' lang='grc'>2.</span> <span class='ocrx_word' id='word_1_271' title='bbox 1658 2153 1754 2202; x_wconf 89' lang='lat' dir='ltr'>sed</span> <span class='ocrx_word' id='word_1_272' title='bbox 1777 2149 1951 2202; x_wconf 68' lang='lat' dir='ltr'>&#39;omi&#39;ss.</span> <span class='ocrx_word' id='word_1_273' title='bbox 2041 2157 2054 2184; x_wconf 84' lang='grc'><strong>³</strong></span> <span class='ocrx_word' id='word_1_274' title='bbox 2088 2153 2394 2218; x_wconf 88' lang='lat' dir='ltr'>Cujusdam</span> <span class='ocrx_word' id='word_1_275' title='bbox 2432 2155 2566 2203; x_wconf 64' lang='lat' dir='ltr'>Voss.</span> <span class='ocrx_word' id='word_1_276' title='bbox 2599 2153 2644 2203; x_wconf 73' lang='lat'>2.</span> <span class='ocrx_word' id='word_1_277' title='bbox 2711 2154 2731 2184; x_wconf 81' lang='grc'><strong>⁴</strong></span> <span class='ocrx_word' id='word_1_278' title='bbox 2763 2152 2980 2216; x_wconf 88' lang='lat' dir='ltr'>Quibus</span> <span class='ocrx_word' id='word_1_279' title='bbox 3014 2153 3106 2202; x_wconf 87' lang='lat' dir='ltr'>hic</span> <span class='ocrx_word' id='word_1_280' title='bbox 3138 2153 3271 2200; x_wconf 85' lang='lat' dir='ltr'>Voss.</span> <span class='ocrx_word' id='word_1_281' title='bbox 3299 2153 3345 2201; x_wconf 74' lang='grc'>4.</span> <span class='ocrx_word' id='word_1_282' title='bbox 3438 2153 3454 2182; x_wconf 83' lang='grc'><strong><em>⁵</em></strong></span> <span class='ocrx_word' id='word_1_283' title='bbox 3486 2147 3649 2197; x_wconf 85' lang='lat' dir='ltr'>Prius</span> <span class='ocrx_word' id='word_1_284' title='bbox 3693 2149 3885 2195; x_wconf 80' lang='lat' dir='ltr'>omittit</span> 
     </span>
    </p>
   </div>
   <div class='ocr_carea' id='block_1_22' title="bbox 536 2223 1930 2292">
    <p class='ocr_par' dir='ltr' id='par_1_22' title="bbox 536 2223 1930 2292">
     <span class='ocr_line' id='line_1_22' title="bbox 536 2223 1930 2292; baseline 0.003 -22"><span class='ocrx_word' id='word_1_285' title='bbox 536 2223 668 2272; x_wconf 78' lang='lat' dir='ltr'>Voss.</span> <span class='ocrx_word' id='word_1_286' title='bbox 764 2223 786 2257; x_wconf 78' lang='grc'><strong><em>⁸</em></strong></span> <span class='ocrx_word' id='word_1_287' title='bbox 805 2223 944 2289; x_wconf 65' lang='lat' dir='ltr'>Qua:</span> <span class='ocrx_word' id='word_1_288' title='bbox 974 2228 1287 2276; x_wconf 78' lang='lat' dir='ltr'>iumentum</span> <span class='ocrx_word' id='word_1_289' title='bbox 1325 2224 1447 2274; x_wconf 83' lang='lat' dir='ltr'>Bod.</span> <span class='ocrx_word' id='word_1_290' title='bbox 1478 2226 1619 2292; x_wconf 71' lang='lat' dir='ltr'>Spir.</span> <span class='ocrx_word' id='word_1_291' title='bbox 1651 2228 1767 2276; x_wconf 84' lang='lat' dir='ltr'>Ren.</span> <span class='ocrx_word' id='word_1_292' title='bbox 1795 2227 1930 2276; x_wconf 85' lang='lat' dir='ltr'>Foss.</span> 
     </span>
    </p>
   </div>
   <div class='ocr_carea' id='block_1_23' title="bbox 1829 2343 2591 2426">
    <p class='ocr_par' dir='ltr' id='par_1_23' title="bbox 1829 2343 2591 2426">
     <span class='ocr_line' id='line_1_23' title="bbox 1829 2343 2591 2426; baseline 0.001 -18"><span class='ocrx_word' id='word_1_293' title='bbox 1829 2343 2050 2426; x_wconf 89' lang='lat' dir='ltr'>Steph.</span> <span class='ocrx_word' id='word_1_294' title='bbox 2111 2345 2355 2409; x_wconf 91' lang='lat' dir='ltr'>Baluzii</span> <span class='ocrx_word' id='word_1_295' title='bbox 2399 2351 2591 2410; x_wconf 62' lang='lat' dir='ltr'>notae.</span> 
     </span>
    </p>
   </div>
   <div class='ocr_carea' id='block_1_24' title="bbox 584 2535 2709 2628">
    <p class='ocr_par' dir='ltr' id='par_1_24' title="bbox 584 2535 2709 2628">
     <span class='ocr_line' id='line_1_24' title="bbox 584 2535 2709 2628; baseline -0.001 -42"><span class='ocrx_word' id='word_1_296' title='bbox 584 2536 683 2598; x_wconf 88' lang='grc'>(81)</span> <span class='ocrx_word' id='word_1_297' title='bbox 730 2537 866 2597; x_wconf 83' lang='lat' dir='ltr'>Quos</span> <span class='ocrx_word' id='word_1_298' title='bbox 907 2535 1321 2628; x_wconf 39' lang='lat' dir='ltr'>potestjrqdilni.</span> <span class='ocrx_word' id='word_1_299' title='bbox 1381 2537 1442 2584; x_wconf 91' lang='lat' dir='ltr'>In</span> <span class='ocrx_word' id='word_1_300' title='bbox 1509 2537 1659 2628; x_wconf 37' lang='lat' dir='ltr'>lege)</span> <span class='ocrx_word' id='word_1_301' title='bbox 1679 2536 1879 2628; x_wconf 67' lang='lat' dir='ltr'>Salipa,</span> <span class='ocrx_word' id='word_1_302' title='bbox 1941 2536 2024 2584; x_wconf 89' lang='lat' dir='ltr'>tit.</span> <span class='ocrx_word' id='word_1_303' title='bbox 2260 2550 2522 2628; x_wconf 52' lang='lat' dir='ltr'>mos‘nqn</span> <span class='ocrx_word' id='word_1_304' title='bbox 2551 2541 2651 2587; x_wconf 91' lang='lat' dir='ltr'>est.</span> <span class='ocrx_word' id='word_1_305' title='bbox 2680 2552 2709 2584; x_wconf 80' lang='grc'><strong>»</strong></span> 
     </span>
    </p>
   </div>
   <div class='ocr_carea' id='block_1_25' title="bbox 522 2601 3895 2671">
    <p class='ocr_par' dir='ltr' id='par_1_25' title="bbox 522 2601 3895 2671">
     <span class='ocr_line' id='line_1_25' title="bbox 522 2601 3895 2671; baseline -0.002 -13"><span class='ocrx_word' id='word_1_306' title='bbox 522 2622 720 2658; x_wconf 90' lang='lat' dir='ltr'>manus</span> <span class='ocrx_word' id='word_1_307' title='bbox 753 2621 878 2671; x_wconf 78' lang='lat' dir='ltr'>quas</span> <span class='ocrx_word' id='word_1_308' title='bbox 908 2608 1129 2669; x_wconf 67' lang='lat' dir='ltr'>praecidi</span> <span class='ocrx_word' id='word_1_309' title='bbox 1154 2607 1422 2658; x_wconf 87' lang='lat' dir='ltr'>debuerat</span> <span class='ocrx_word' id='word_1_310' title='bbox 1451 2607 1762 2658; x_wconf 90' lang='lat' dir='ltr'>secundum</span> <span class='ocrx_word' id='word_1_311' title='bbox 1794 2608 1971 2670; x_wconf 86' lang='lat' dir='ltr'>legem</span> <span class='ocrx_word' id='word_1_312' title='bbox 2002 2608 2148 2656; x_wconf 90' lang='lat' dir='ltr'>redi-</span> <span class='ocrx_word' id='word_1_313' title='bbox 2177 2601 2232 2628; x_wconf 75' lang='grc' dir='ltr'><em>υ</em></span> <span class='ocrx_word' id='word_1_314' title='bbox 2319 2609 2412 2668; x_wconf 70' lang='grc'>(84)</span> <span class='ocrx_word' id='word_1_315' title='bbox 2455 2610 2624 2669; x_wconf 85' lang='lat' dir='ltr'>Epota</span> <span class='ocrx_word' id='word_1_316' title='bbox 2674 2620 2757 2656; x_wconf 78' lang='lat' dir='ltr'>res</span> <span class='ocrx_word' id='word_1_317' title='bbox 2809 2611 2894 2654; x_wconf 81' lang='lat' dir='ltr'>est.</span> <span class='ocrx_word' id='word_1_318' title='bbox 2953 2607 3186 2656; x_wconf 79' lang='lat' dir='ltr'>Multum</span> <span class='ocrx_word' id='word_1_319' title='bbox 3224 2605 3441 2654; x_wconf 85' lang='lat' dir='ltr'>variant</span> <span class='ocrx_word' id='word_1_320' title='bbox 3492 2604 3548 2652; x_wconf 92' lang='lat' dir='ltr'>in</span> <span class='ocrx_word' id='word_1_321' title='bbox 3605 2603 3719 2657; x_wconf 81' lang='lat' dir='ltr'>hoc</span> <span class='ocrx_word' id='word_1_322' title='bbox 3775 2601 3895 2651; x_wconf 89' lang='lat' dir='ltr'>loco</span> 
     </span>
    </p>
   </div>
   <div class='ocr_carea' id='block_1_26' title="bbox 525 2671 3891 2742">
    <p class='ocr_par' dir='ltr' id='par_1_26' title="bbox 525 2671 3891 2742">
     <span class='ocr_line' id='line_1_26' title="bbox 525 2671 3891 2742; baseline -0.003 -13"><span class='ocrx_word' id='word_1_323' title='bbox 525 2682 692 2729; x_wconf 89' lang='lat' dir='ltr'>mitur</span> <span class='ocrx_word' id='word_1_324' title='bbox 757 2679 948 2742; x_wconf 90' lang='lat' dir='ltr'>pretio.</span> <span class='ocrx_word' id='word_1_325' title='bbox 1015 2679 1083 2728; x_wconf 87' lang='lat' dir='ltr'>Et</span> <span class='ocrx_word' id='word_1_326' title='bbox 1131 2678 1226 2728; x_wconf 90' lang='lat' dir='ltr'>lib.</span> <span class='ocrx_word' id='word_1_327' title='bbox 1294 2693 1349 2728; x_wconf 84' lang='lat' dir='ltr'>III</span> <span class='ocrx_word' id='word_1_328' title='bbox 1400 2679 1815 2742; x_wconf 74' lang='lat' dir='ltr'>Capitulart&#39;um,</span> <span class='ocrx_word' id='word_1_329' title='bbox 1895 2693 2012 2741; x_wconf 87' lang='lat' dir='ltr'>cap.</span> <span class='ocrx_word' id='word_1_330' title='bbox 2070 2681 2146 2740; x_wconf 88' lang='grc'>10,</span> <span class='ocrx_word' id='word_1_331' title='bbox 2249 2679 2371 2728; x_wconf 89' lang='lat' dir='ltr'>libri</span> <span class='ocrx_word' id='word_1_332' title='bbox 2422 2685 2637 2729; x_wconf 86' lang='lat' dir='ltr'>veteres</span> <span class='ocrx_word' id='word_1_333' title='bbox 2691 2683 2744 2728; x_wconf 92' lang='lat' dir='ltr'>et</span> <span class='ocrx_word' id='word_1_334' title='bbox 2793 2683 3005 2728; x_wconf 88' lang='lat' dir='ltr'>veteres</span> <span class='ocrx_word' id='word_1_335' title='bbox 3061 2677 3352 2727; x_wconf 85' lang='lat' dir='ltr'>editiones.</span> <span class='ocrx_word' id='word_1_336' title='bbox 3409 2676 3469 2723; x_wconf 91' lang='lat' dir='ltr'>In</span> <span class='ocrx_word' id='word_1_337' title='bbox 3548 2671 3891 2738; x_wconf 88' lang='lat' dir='ltr'>quibusdam</span> 
     </span>
    </p>
   </div>
   <div class='ocr_carea' id='block_1_27' title="bbox 525 2745 3887 2815">
    <p class='ocr_par' dir='ltr' id='par_1_27' title="bbox 525 2745 3887 2815">
     <span class='ocr_line' id='line_1_27' title="bbox 525 2745 3887 2815; baseline -0.003 -14"><span class='ocrx_word' id='word_1_338' title='bbox 525 2763 684 2814; x_wconf 75' lang='lat' dir='ltr'>pmna</span> <span class='ocrx_word' id='word_1_339' title='bbox 738 2750 1086 2800; x_wconf 84' lang='lat' dir='ltr'>constituitur</span> <span class='ocrx_word' id='word_1_340' title='bbox 1163 2749 1428 2799; x_wconf 89' lang='lat' dir='ltr'>adversus</span> <span class='ocrx_word' id='word_1_341' title='bbox 1503 2751 1781 2812; x_wconf 89' lang='lat' dir='ltr'>perjurum</span> <span class='ocrx_word' id='word_1_342' title='bbox 1837 2753 1894 2797; x_wconf 91' lang='lat' dir='ltr'>ut</span> <span class='ocrx_word' id='word_1_343' title='bbox 1959 2749 2151 2812; x_wconf 88' lang='lat' dir='ltr'>perdat</span> <span class='ocrx_word' id='word_1_344' title='bbox 2250 2751 2399 2799; x_wconf 90' lang='lat' dir='ltr'>enim</span> <span class='ocrx_word' id='word_1_345' title='bbox 2465 2751 2666 2815; x_wconf 84' lang='lat' dir='ltr'>legitur</span> <span class='ocrx_word' id='word_1_346' title='bbox 2721 2756 2874 2812; x_wconf 84' lang='lat' dir='ltr'>epota</span> <span class='ocrx_word' id='word_1_347' title='bbox 2928 2752 3050 2809; x_wconf 44' lang='lat' dir='ltr'>est;</span> <span class='ocrx_word' id='word_1_348' title='bbox 3097 2752 3153 2798; x_wconf 91' lang='lat' dir='ltr'>in</span> <span class='ocrx_word' id='word_1_349' title='bbox 3206 2749 3328 2797; x_wconf 88' lang='lat' dir='ltr'>aliis</span> <span class='ocrx_word' id='word_1_350' title='bbox 3371 2745 3887 2810; x_wconf 81' lang='lat' dir='ltr'>epotata,epotoris,</span> 
     </span>
    </p>
   </div>
   <div class='ocr_carea' id='block_1_28' title="bbox 524 2817 3902 2882">
    <p class='ocr_par' dir='ltr' id='par_1_28' title="bbox 524 2817 3902 2882">
     <span class='ocr_line' id='line_1_28' title="bbox 524 2817 3902 2882; baseline -0.002 -12"><span class='ocrx_word' id='word_1_351' title='bbox 524 2834 749 2871; x_wconf 89' lang='lat' dir='ltr'>manum</span> <span class='ocrx_word' id='word_1_352' title='bbox 801 2821 887 2869; x_wconf 90' lang='lat' dir='ltr'>vel</span> <span class='ocrx_word' id='word_1_353' title='bbox 944 2821 1190 2869; x_wconf 89' lang='lat' dir='ltr'>redimat.</span> <span class='ocrx_word' id='word_1_354' title='bbox 1252 2820 1392 2869; x_wconf 88' lang='lat' dir='ltr'>Vide</span> <span class='ocrx_word' id='word_1_355' title='bbox 1479 2821 1644 2869; x_wconf 89' lang='lat' dir='ltr'>Notas</span> <span class='ocrx_word' id='word_1_356' title='bbox 1701 2821 1770 2868; x_wconf 85' lang='lat' dir='ltr'>ad</span> <span class='ocrx_word' id='word_1_357' title='bbox 1825 2822 2149 2882; x_wconf 71' lang='lat' dir='ltr'>Reginonem,</span> <span class='ocrx_word' id='word_1_358' title='bbox 2249 2827 2514 2882; x_wconf 83' lang='lat' dir='ltr'>epolalum</span> <span class='ocrx_word' id='word_1_359' title='bbox 2572 2826 2664 2878; x_wconf 82' lang='lat' dir='ltr'>est,</span> <span class='ocrx_word' id='word_1_360' title='bbox 2705 2822 2874 2868; x_wconf 90' lang='lat' dir='ltr'>immo</span> <span class='ocrx_word' id='word_1_361' title='bbox 2922 2821 3089 2869; x_wconf 88' lang='lat' dir='ltr'>etiam</span> <span class='ocrx_word' id='word_1_362' title='bbox 3136 2817 3470 2882; x_wconf 80' lang='lat' dir='ltr'>epotandum.</span> <span class='ocrx_word' id='word_1_363' title='bbox 3526 2817 3674 2868; x_wconf 91' lang='lat' dir='ltr'>Cum</span> <span class='ocrx_word' id='word_1_364' title='bbox 3718 2819 3902 2864; x_wconf 90' lang='lat' dir='ltr'>autem</span> 
     </span>
    </p>
   </div>
   <div class='ocr_carea' id='block_1_29' title="bbox 523 2887 3893 2956">
    <p class='ocr_par' dir='ltr' id='par_1_29' title="bbox 523 2887 3893 2956">
     <span class='ocr_line' id='line_1_29' title="bbox 523 2887 3893 2956; baseline -0.002 -15"><span class='ocrx_word' id='word_1_365' title='bbox 523 2903 646 2954; x_wconf 87' lang='lat' dir='ltr'>pag.</span> <span class='ocrx_word' id='word_1_366' title='bbox 677 2891 786 2941; x_wconf 81' lang='grc'>593.</span> <span class='ocrx_word' id='word_1_367' title='bbox 815 2891 882 2939; x_wconf 91' lang='lat' dir='ltr'>Et</span> <span class='ocrx_word' id='word_1_368' title='bbox 915 2895 1097 2940; x_wconf 90' lang='lat' dir='ltr'>tamen</span> <span class='ocrx_word' id='word_1_369' title='bbox 1125 2894 1279 2940; x_wconf 91' lang='lat' dir='ltr'>erant</span> <span class='ocrx_word' id='word_1_370' title='bbox 1317 2891 1576 2954; x_wconf 65' lang='lat' dir='ltr'>quasdam</span> <span class='ocrx_word' id='word_1_371' title='bbox 1615 2895 1840 2953; x_wconf 88' lang='lat' dir='ltr'>peccata</span> <span class='ocrx_word' id='word_1_372' title='bbox 1885 2904 2011 2953; x_wconf 73' lang='lat' dir='ltr'>quso</span> <span class='ocrx_word' id='word_1_373' title='bbox 2037 2905 2149 2939; x_wconf 89' lang='lat' dir='ltr'>non</span> <span class='ocrx_word' id='word_1_374' title='bbox 2250 2894 2414 2942; x_wconf 89' lang='lat' dir='ltr'>lectio</span> <span class='ocrx_word' id='word_1_375' title='bbox 2459 2906 2626 2956; x_wconf 87' lang='lat' dir='ltr'>quam</span> <span class='ocrx_word' id='word_1_376' title='bbox 2687 2906 2787 2940; x_wconf 90' lang='lat' dir='ltr'>nos</span> <span class='ocrx_word' id='word_1_377' title='bbox 2847 2892 3191 2955; x_wconf 61' lang='lat' dir='ltr'>praeferimus</span> <span class='ocrx_word' id='word_1_378' title='bbox 3252 2891 3559 2951; x_wconf 79' lang='lat' dir='ltr'>reperiatur</span> <span class='ocrx_word' id='word_1_379' title='bbox 3615 2890 3672 2937; x_wconf 90' lang='lat' dir='ltr'>in</span> <span class='ocrx_word' id='word_1_380' title='bbox 3721 2887 3893 2935; x_wconf 88' lang='lat' dir='ltr'>multo</span> 
     </span>
    </p>
   </div>
   <div class='ocr_carea' id='block_1_30' title="bbox 521 2959 3893 3027">
    <p class='ocr_par' dir='ltr' id='par_1_30' title="bbox 521 2959 3893 3027">
     <span class='ocr_line' id='line_1_30' title="bbox 521 2959 3893 3027; baseline -0.002 -15"><span class='ocrx_word' id='word_1_381' title='bbox 521 2962 955 3020; x_wconf 87' lang='lat' dir='ltr'>redimebantur,</span> <span class='ocrx_word' id='word_1_382' title='bbox 983 2962 1152 3011; x_wconf 92' lang='lat' dir='ltr'>veluti</span> <span class='ocrx_word' id='word_1_383' title='bbox 1178 2963 1225 3010; x_wconf 88' lang='lat' dir='ltr'>si</span> <span class='ocrx_word' id='word_1_384' title='bbox 1254 2963 1380 3024; x_wconf 90' lang='lat' dir='ltr'>quis</span> <span class='ocrx_word' id='word_1_385' title='bbox 1405 2962 1705 3024; x_wconf 86' lang='lat' dir='ltr'>perjurium</span> <span class='ocrx_word' id='word_1_386' title='bbox 1736 2962 1951 3010; x_wconf 83' lang='lat' dir='ltr'>fecisset</span> <span class='ocrx_word' id='word_1_387' title='bbox 1979 2961 2073 3010; x_wconf 91' lang='lat' dir='ltr'>lib.</span> <span class='ocrx_word' id='word_1_388' title='bbox 2114 2975 2151 3011; x_wconf 92' lang='lat' dir='ltr'>v</span> <span class='ocrx_word' id='word_1_389' title='bbox 2255 2965 2511 3027; x_wconf 85' lang='lat' dir='ltr'>pluribus</span> <span class='ocrx_word' id='word_1_390' title='bbox 2539 2965 2788 3027; x_wconf 88' lang='lat' dir='ltr'>antiquis</span> <span class='ocrx_word' id='word_1_391' title='bbox 2831 2963 3122 3012; x_wconf 82' lang='lat' dir='ltr'>codicibus</span> <span class='ocrx_word' id='word_1_392' title='bbox 3162 2976 3328 3026; x_wconf 89' lang='lat' dir='ltr'>quam</span> <span class='ocrx_word' id='word_1_393' title='bbox 3378 2961 3519 3022; x_wconf 66' lang='lat' dir='ltr'>aliae,</span> <span class='ocrx_word' id='word_1_394' title='bbox 3561 2959 3893 3009; x_wconf 85' lang='lat' dir='ltr'>conﬁrment</span> 
     </span>
    </p>
   </div>
   <div class='ocr_carea' id='block_1_31' title="bbox 524 3032 3898 3097">
    <p class='ocr_par' dir='ltr' id='par_1_31' title="bbox 524 3032 3898 3097">
     <span class='ocr_line' id='line_1_31' title="bbox 524 3032 3898 3097; baseline -0.001 -14"><span class='ocrx_word' id='word_1_395' title='bbox 524 3033 934 3097; x_wconf 79' lang='lat' dir='ltr'>Capitularium,</span> <span class='ocrx_word' id='word_1_396' title='bbox 961 3045 1080 3095; x_wconf 87' lang='lat' dir='ltr'>cap.</span> <span class='ocrx_word' id='word_1_397' title='bbox 1112 3033 1204 3082; x_wconf 86' lang='grc'>196</span> <span class='ocrx_word' id='word_1_398' title='bbox 1239 3047 1304 3081; x_wconf 88' lang='lat'>:«</span> <span class='ocrx_word' id='word_1_399' title='bbox 1335 3032 1538 3096; x_wconf 88' lang='lat' dir='ltr'>Siquis</span> <span class='ocrx_word' id='word_1_400' title='bbox 1570 3037 1691 3095; x_wconf 90' lang='lat' dir='ltr'>post</span> <span class='ocrx_word' id='word_1_401' title='bbox 1721 3045 1912 3095; x_wconf 89' lang='lat' dir='ltr'>pacem</span> <span class='ocrx_word' id='word_1_402' title='bbox 1944 3033 2152 3082; x_wconf 86' lang='lat' dir='ltr'>factam</span> <span class='ocrx_word' id='word_1_403' title='bbox 2253 3037 2417 3085; x_wconf 90' lang='lat' dir='ltr'>etiam</span> <span class='ocrx_word' id='word_1_404' title='bbox 2461 3036 2614 3084; x_wconf 89' lang='lat' dir='ltr'>illam</span> <span class='ocrx_word' id='word_1_405' title='bbox 2671 3035 2847 3085; x_wconf 83' lang='lat' dir='ltr'>codex</span> <span class='ocrx_word' id='word_1_406' title='bbox 2905 3034 3298 3097; x_wconf 88' lang='lat' dir='ltr'>Segnierianus</span> <span class='ocrx_word' id='word_1_407' title='bbox 3341 3038 3395 3083; x_wconf 89' lang='lat' dir='ltr'>et</span> <span class='ocrx_word' id='word_1_408' title='bbox 3443 3033 3733 3082; x_wconf 85' lang='lat' dir='ltr'>editiones</span> <span class='ocrx_word' id='word_1_409' title='bbox 3774 3038 3898 3091; x_wconf 65' lang='lat' dir='ltr'>qum</span> 
     </span>
    </p>
   </div>
   <div class='ocr_carea' id='block_1_32' title="bbox 522 3099 3898 3166">
    <p class='ocr_par' dir='ltr' id='par_1_32' title="bbox 522 3099 3898 3166">
     <span class='ocr_line' id='line_1_32' title="bbox 522 3099 3898 3166; baseline -0.002 -12"><span class='ocrx_word' id='word_1_410' title='bbox 522 3117 652 3154; x_wconf 90' lang='lat' dir='ltr'>cum</span> <span class='ocrx_word' id='word_1_411' title='bbox 681 3105 908 3155; x_wconf 89' lang='lat' dir='ltr'>inimico</span> <span class='ocrx_word' id='word_1_412' title='bbox 949 3117 1051 3153; x_wconf 93' lang='lat' dir='ltr'>suo</span> <span class='ocrx_word' id='word_1_413' title='bbox 1091 3117 1220 3154; x_wconf 90' lang='lat' dir='ltr'>eum</span> <span class='ocrx_word' id='word_1_414' title='bbox 1268 3103 1536 3154; x_wconf 89' lang='lat' dir='ltr'>occiderit</span> <span class='ocrx_word' id='word_1_415' title='bbox 1566 3122 1613 3164; x_wconf 87' lang='lat'>»,</span> <span class='ocrx_word' id='word_1_416' title='bbox 1643 3104 1736 3153; x_wconf 91' lang='lat' dir='ltr'>lib.</span> <span class='ocrx_word' id='word_1_417' title='bbox 1783 3117 1859 3164; x_wconf 76' lang='lat' dir='ltr'>vr,</span> <span class='ocrx_word' id='word_1_418' title='bbox 1891 3118 2011 3166; x_wconf 88' lang='lat' dir='ltr'>cap.</span> <span class='ocrx_word' id='word_1_419' title='bbox 2039 3105 2149 3154; x_wconf 75' lang='lat'>272.</span> <span class='ocrx_word' id='word_1_420' title='bbox 2256 3106 2630 3155; x_wconf 86' lang='lat' dir='ltr'>Pamelianam</span> <span class='ocrx_word' id='word_1_421' title='bbox 2703 3109 3140 3165; x_wconf 88' lang='lat' dir='ltr'>antecesserunt,</span> <span class='ocrx_word' id='word_1_422' title='bbox 3218 3104 3662 3154; x_wconf 84' lang='lat' dir='ltr'>existimavimus</span> <span class='ocrx_word' id='word_1_423' title='bbox 3745 3099 3898 3148; x_wconf 88' lang='lat' dir='ltr'>illam</span> 
     </span>
    </p>
   </div>
   <div class='ocr_carea' id='block_1_33' title="bbox 520 3171 3898 3238">
    <p class='ocr_par' dir='ltr' id='par_1_33' title="bbox 520 3171 3898 3238">
     <span class='ocr_line' id='line_1_33' title="bbox 520 3171 3898 3238; baseline -0.001 -14"><span class='ocrx_word' id='word_1_424' title='bbox 520 3175 606 3224; x_wconf 90' lang='lat' dir='ltr'>Illi</span> <span class='ocrx_word' id='word_1_425' title='bbox 641 3176 790 3226; x_wconf 90' lang='lat' dir='ltr'>enim</span> <span class='ocrx_word' id='word_1_426' title='bbox 841 3188 1069 3224; x_wconf 88' lang='lat' dir='ltr'>manum</span> <span class='ocrx_word' id='word_1_427' title='bbox 1112 3173 1338 3238; x_wconf 89' lang='lat' dir='ltr'>perdere</span> <span class='ocrx_word' id='word_1_428' title='bbox 1390 3175 1613 3234; x_wconf 87' lang='lat' dir='ltr'>debent,</span> <span class='ocrx_word' id='word_1_429' title='bbox 1661 3188 1843 3238; x_wconf 91' lang='lat' dir='ltr'>neque</span> <span class='ocrx_word' id='word_1_430' title='bbox 1891 3177 1972 3225; x_wconf 74' lang='lat' dir='ltr'>eis</span> <span class='ocrx_word' id='word_1_431' title='bbox 2026 3176 2156 3225; x_wconf 91' lang='lat' dir='ltr'>licet</span> <span class='ocrx_word' id='word_1_432' title='bbox 2254 3191 2377 3227; x_wconf 91' lang='lat' dir='ltr'>esse</span> <span class='ocrx_word' id='word_1_433' title='bbox 2407 3176 2793 3227; x_wconf 89' lang='lat' dir='ltr'>revocandam.</span> <span class='ocrx_word' id='word_1_434' title='bbox 2832 3176 3107 3226; x_wconf 69' lang='lat' dir='ltr'>Caeterum</span> <span class='ocrx_word' id='word_1_435' title='bbox 3158 3177 3288 3238; x_wconf 86' lang='lat' dir='ltr'>quia</span> <span class='ocrx_word' id='word_1_436' title='bbox 3333 3173 3632 3234; x_wconf 88' lang='lat' dir='ltr'>Pamelius,</span> <span class='ocrx_word' id='word_1_437' title='bbox 3674 3177 3741 3222; x_wconf 93' lang='lat' dir='ltr'>ut</span> <span class='ocrx_word' id='word_1_438' title='bbox 3781 3171 3898 3221; x_wconf 87' lang='lat' dir='ltr'>edi—</span> 
     </span>
    </p>
   </div>
   <div class='ocr_carea' id='block_1_34' title="bbox 2254 3243 3898 3306">
    <p class='ocr_par' dir='ltr' id='par_1_34' title="bbox 2254 3243 3898 3306">
     <span class='ocr_line' id='line_1_34' title="bbox 2254 3243 3898 3306; baseline -0.005 -8"><span class='ocrx_word' id='word_1_439' title='bbox 2254 3250 2390 3299; x_wconf 89' lang='lat' dir='ltr'>tioni</span> <span class='ocrx_word' id='word_1_440' title='bbox 2426 3262 2541 3298; x_wconf 69' lang='lat' dir='ltr'>sua:</span> <span class='ocrx_word' id='word_1_441' title='bbox 2572 3247 2796 3298; x_wconf 88' lang='lat' dir='ltr'>adderet</span> <span class='ocrx_word' id='word_1_442' title='bbox 2838 3249 3222 3297; x_wconf 87' lang='lat' dir='ltr'>auctoritatem</span> <span class='ocrx_word' id='word_1_443' title='bbox 3267 3245 3506 3306; x_wconf 89' lang='lat' dir='ltr'>alicujus</span> <span class='ocrx_word' id='word_1_444' title='bbox 3554 3243 3898 3302; x_wconf 88' lang='lat' dir='ltr'>vetustioris,</span> 
     </span>
    </p>
   </div>
   <div class='ocr_carea' id='block_1_35' title="bbox 2256 3316 3899 3369">
    <p class='ocr_par' dir='ltr' id='par_1_35' title="bbox 2256 3316 3899 3369">
     <span class='ocr_line' id='line_1_35' title="bbox 2256 3316 3899 3369; baseline -0.005 0"><span class='ocrx_word' id='word_1_445' title='bbox 2256 3321 2540 3369; x_wconf 88' lang='lat' dir='ltr'>adnotavit</span> <span class='ocrx_word' id='word_1_446' title='bbox 2615 3319 2883 3369; x_wconf 87' lang='lat' dir='ltr'>Gravium</span> <span class='ocrx_word' id='word_1_447' title='bbox 2934 3320 3010 3368; x_wconf 88' lang='lat' dir='ltr'>ita</span> <span class='ocrx_word' id='word_1_448' title='bbox 3054 3319 3359 3369; x_wconf 86' lang='lat' dir='ltr'>restituisse</span> <span class='ocrx_word' id='word_1_449' title='bbox 3437 3318 3595 3366; x_wconf 88' lang='lat' dir='ltr'>hunc</span> <span class='ocrx_word' id='word_1_450' title='bbox 3670 3316 3899 3365; x_wconf 88' lang='lat' dir='ltr'>locum:</span> 
     </span>
    </p>
   </div>
   <div class='ocr_carea' id='block_1_36' title="bbox 2258 3386 3906 3441">
    <p class='ocr_par' dir='ltr' id='par_1_36' title="bbox 2258 3386 3906 3441">
     <span class='ocr_line' id='line_1_36' title="bbox 2258 3386 3906 3441; baseline -0.005 -1"><span class='ocrx_word' id='word_1_451' title='bbox 2258 3390 2570 3441; x_wconf 87' lang='lat' dir='ltr'>monendus</span> <span class='ocrx_word' id='word_1_452' title='bbox 2595 3396 2676 3441; x_wconf 88' lang='lat' dir='ltr'>est</span> <span class='ocrx_word' id='word_1_453' title='bbox 2699 3391 2870 3440; x_wconf 89' lang='lat' dir='ltr'>lector</span> <span class='ocrx_word' id='word_1_454' title='bbox 2901 3389 3049 3438; x_wconf 90' lang='lat' dir='ltr'>istud</span> <span class='ocrx_word' id='word_1_455' title='bbox 3095 3403 3204 3438; x_wconf 90' lang='lat' dir='ltr'>non</span> <span class='ocrx_word' id='word_1_456' title='bbox 3240 3402 3360 3438; x_wconf 91' lang='lat' dir='ltr'>esse</span> <span class='ocrx_word' id='word_1_457' title='bbox 3410 3401 3630 3437; x_wconf 87' lang='lat' dir='ltr'>verum.</span> <span class='ocrx_word' id='word_1_458' title='bbox 3682 3387 3822 3436; x_wconf 88' lang='lat' dir='ltr'>Nam</span> <span class='ocrx_word' id='word_1_459' title='bbox 3851 3386 3906 3433; x_wconf 88' lang='lat' dir='ltr'>in</span> 
     </span>
    </p>
   </div>
   <div class='ocr_carea' id='block_1_37' title="bbox 2258 3459 3908 3525">
    <p class='ocr_par' dir='ltr' id='par_1_37' title="bbox 2258 3459 3908 3525">
     <span class='ocr_line' id='line_1_37' title="bbox 2258 3459 3908 3525; baseline -0.005 -13"><span class='ocrx_word' id='word_1_460' title='bbox 2258 3462 2503 3512; x_wconf 88' lang='lat' dir='ltr'>editione</span> <span class='ocrx_word' id='word_1_461' title='bbox 2555 3475 2681 3525; x_wconf 71' lang='lat' dir='ltr'>qum</span> <span class='ocrx_word' id='word_1_462' title='bbox 2737 3461 2939 3512; x_wconf 89' lang='lat' dir='ltr'>dicitur</span> <span class='ocrx_word' id='word_1_463' title='bbox 2986 3460 3174 3511; x_wconf 88' lang='lat' dir='ltr'>Gravii</span> <span class='ocrx_word' id='word_1_464' title='bbox 3229 3462 3415 3522; x_wconf 88' lang='lat' dir='ltr'>aperte</span> <span class='ocrx_word' id='word_1_465' title='bbox 3467 3459 3747 3521; x_wconf 90' lang='lat' dir='ltr'>scriptum</span> <span class='ocrx_word' id='word_1_466' title='bbox 3807 3459 3908 3514; x_wconf 88' lang='lat' dir='ltr'>est,</span> 
     </span>
    </p>
   </div>
   <div class='ocr_carea' id='block_1_38' title="bbox 2259 3529 3903 3597">
    <p class='ocr_par' dir='ltr' id='par_1_38' title="bbox 2259 3529 3903 3597">
     <span class='ocr_line' id='line_1_38' title="bbox 2259 3529 3903 3597; baseline -0.004 -15"><span class='ocrx_word' id='word_1_467' title='bbox 2259 3539 2406 3597; x_wconf 84' lang='lat' dir='ltr'>epota</span> <span class='ocrx_word' id='word_1_468' title='bbox 2431 3545 2514 3581; x_wconf 83' lang='lat' dir='ltr'>res</span> <span class='ocrx_word' id='word_1_469' title='bbox 2539 3538 2630 3593; x_wconf 84' lang='lat' dir='ltr'>est,</span> <span class='ocrx_word' id='word_1_470' title='bbox 2657 3536 2711 3581; x_wconf 89' lang='lat' dir='ltr'>et</span> <span class='ocrx_word' id='word_1_471' title='bbox 2757 3533 2809 3580; x_wconf 91' lang='lat' dir='ltr'>in</span> <span class='ocrx_word' id='word_1_472' title='bbox 2861 3533 3130 3596; x_wconf 78' lang='lat' dir='ltr'>margine,</span> <span class='ocrx_word' id='word_1_473' title='bbox 3169 3531 3502 3592; x_wconf 80' lang='lat' dir='ltr'>epotam’mus.</span> <span class='ocrx_word' id='word_1_474' title='bbox 3553 3529 3903 3586; x_wconf 88' lang='lat' dir='ltr'>Gronovius,</span> 
     </span>
    </p>
   </div>
   <div class='ocr_carea' id='block_1_39' title="bbox 2261 3600 3906 3666">
    <p class='ocr_par' dir='ltr' id='par_1_39' title="bbox 2261 3600 3906 3666">
     <span class='ocr_line' id='line_1_39' title="bbox 2261 3600 3906 3666; baseline -0.004 -13"><span class='ocrx_word' id='word_1_475' title='bbox 2261 3605 2354 3654; x_wconf 86' lang='lat' dir='ltr'>lib.</span> <span class='ocrx_word' id='word_1_476' title='bbox 2412 3617 2466 3653; x_wconf 86' lang='lat' dir='ltr'>III</span> <span class='ocrx_word' id='word_1_477' title='bbox 2517 3603 2783 3654; x_wconf 74' lang='lat' dir='ltr'>Observat.</span> <span class='ocrx_word' id='word_1_478' title='bbox 2849 3617 2970 3666; x_wconf 88' lang='lat' dir='ltr'>cap.</span> <span class='ocrx_word' id='word_1_479' title='bbox 3015 3603 3094 3663; x_wconf 72' lang='grc'>24,</span> <span class='ocrx_word' id='word_1_480' title='bbox 3151 3606 3338 3651; x_wconf 89' lang='lat' dir='ltr'>monet</span> <span class='ocrx_word' id='word_1_481' title='bbox 3387 3615 3447 3650; x_wconf 89' lang='lat' dir='ltr'>se</span> <span class='ocrx_word' id='word_1_482' title='bbox 3520 3601 3580 3650; x_wconf 90' lang='lat' dir='ltr'>in</span> <span class='ocrx_word' id='word_1_483' title='bbox 3661 3600 3906 3650; x_wconf 88' lang='lat' dir='ltr'>Fuxensi</span> 
     </span>
    </p>
   </div>
   <div class='ocr_carea' id='block_1_40' title="bbox 2259 3671 3914 3738">
    <p class='ocr_par' dir='ltr' id='par_1_40' title="bbox 2259 3671 3914 3738">
     <span class='ocr_line' id='line_1_40' title="bbox 2259 3671 3914 3738; baseline -0.005 -13"><span class='ocrx_word' id='word_1_484' title='bbox 2259 3674 2452 3725; x_wconf 88' lang='lat' dir='ltr'>codice</span> <span class='ocrx_word' id='word_1_485' title='bbox 2486 3673 2690 3724; x_wconf 84' lang='lat' dir='ltr'>vidisse</span> <span class='ocrx_word' id='word_1_486' title='bbox 2734 3675 3021 3738; x_wconf 89' lang='lat' dir='ltr'>scriptum,</span> <span class='ocrx_word' id='word_1_487' title='bbox 3065 3678 3218 3737; x_wconf 79' lang='lat' dir='ltr'>epota</span> <span class='ocrx_word' id='word_1_488' title='bbox 3259 3687 3338 3722; x_wconf 75' lang='lat' dir='ltr'>res</span> <span class='ocrx_word' id='word_1_489' title='bbox 3372 3677 3462 3722; x_wconf 81' lang='lat' dir='ltr'>est.</span> <span class='ocrx_word' id='word_1_490' title='bbox 3514 3671 3689 3734; x_wconf 87' lang='lat' dir='ltr'>Quod</span> <span class='ocrx_word' id='word_1_491' title='bbox 3723 3682 3914 3720; x_wconf 90' lang='lat' dir='ltr'>verum</span> 
     </span>
    </p>
   </div>
   <div class='ocr_carea' id='block_1_41' title="bbox 2262 3750 2359 3797">
    <p class='ocr_par' dir='ltr' id='par_1_41' title="bbox 2262 3750 2359 3797">
     <span class='ocr_line' id='line_1_41' title="bbox 2262 3750 2359 3797; baseline -0.031 0"><span class='ocrx_word' id='word_1_492' title='bbox 2262 3750 2359 3797; x_wconf 89' lang='lat' dir='ltr'>est.</span> 
     </span>
    </p>
   </div>
   <div class='ocr_carea' id='block_1_42' title="bbox 2325 3813 3916 3880">
    <p class='ocr_par' dir='ltr' id='par_1_42' title="bbox 2325 3813 3916 3880">
     <span class='ocr_line' id='line_1_42' title="bbox 2325 3813 3916 3880; baseline -0.005 -13"><span class='ocrx_word' id='word_1_493' title='bbox 2325 3818 2419 3880; x_wconf 77' lang='lat'>(83)</span> <span class='ocrx_word' id='word_1_494' title='bbox 2479 3818 2766 3868; x_wconf 78' lang='lat' dir='ltr'>Matutinus</span> <span class='ocrx_word' id='word_1_495' title='bbox 2807 3815 3089 3866; x_wconf 85' lang='lat' dir='ltr'>salutator.</span> <span class='ocrx_word' id='word_1_496' title='bbox 3132 3815 3417 3880; x_wconf 85' lang='lat' dir='ltr'>Virgilius,</span> <span class='ocrx_word' id='word_1_497' title='bbox 3468 3813 3567 3864; x_wconf 90' lang='lat' dir='ltr'>lib.</span> <span class='ocrx_word' id='word_1_498' title='bbox 3617 3818 3675 3874; x_wconf 79' lang='lat' dir='ltr'>II,</span> <span class='ocrx_word' id='word_1_499' title='bbox 3728 3826 3851 3876; x_wconf 85' lang='lat' dir='ltr'>pag.</span> <span class='ocrx_word' id='word_1_500' title='bbox 3891 3815 3916 3859; x_wconf 80' lang='lat'><strong>5</strong></span> 
     </span>
    </p>
   </div>
   <div class='ocr_carea' id='block_1_43' title="bbox 523 3245 966 3295">
    <p class='ocr_par' dir='ltr' id='par_1_43' title="bbox 523 3245 966 3295">
     <span class='ocr_line' id='line_1_43' title="bbox 523 3245 966 3295; baseline -0.005 -1"><span class='ocrx_word' id='word_1_501' title='bbox 523 3257 645 3294; x_wconf 89' lang='lat' dir='ltr'>eam</span> <span class='ocrx_word' id='word_1_502' title='bbox 680 3245 966 3295; x_wconf 88' lang='lat' dir='ltr'>redimere.</span> 
     </span>
    </p>
   </div>
   <div class='ocr_carea' id='block_1_44' title="bbox 587 3316 2152 3378">
    <p class='ocr_par' dir='ltr' id='par_1_44' title="bbox 587 3316 2152 3378">
     <span class='ocr_line' id='line_1_44' title="bbox 587 3316 2152 3378; baseline 0.002 -15"><span class='ocrx_word' id='word_1_503' title='bbox 587 3317 682 3375; x_wconf 70' lang='lat'>(84)</span> <span class='ocrx_word' id='word_1_504' title='bbox 732 3316 899 3365; x_wconf 89' lang='lat' dir='ltr'>Malos</span> <span class='ocrx_word' id='word_1_505' title='bbox 944 3316 1204 3378; x_wconf 78' lang='lat' dir='ltr'>quisquis.</span> <span class='ocrx_word' id='word_1_506' title='bbox 1255 3316 1499 3376; x_wconf 87' lang='lat' dir='ltr'>Tacitus,</span> <span class='ocrx_word' id='word_1_507' title='bbox 1566 3316 1658 3365; x_wconf 89' lang='lat' dir='ltr'>lib.</span> <span class='ocrx_word' id='word_1_508' title='bbox 1713 3330 1770 3366; x_wconf 83' lang='lat' dir='ltr'>1v</span> <span class='ocrx_word' id='word_1_509' title='bbox 1819 3317 2152 3366; x_wconf 78' lang='lat' dir='ltr'>Annalium:</span> 
     </span>
    </p>
   </div>
   <div class='ocr_carea' id='block_1_45' title="bbox 521 3385 2154 3448">
    <p class='ocr_par' dir='ltr' id='par_1_45' title="bbox 521 3385 2154 3448">
     <span class='ocr_line' id='line_1_45' title="bbox 521 3385 2154 3448; baseline 0.004 -19"><span class='ocrx_word' id='word_1_510' title='bbox 521 3401 550 3429; x_wconf 82' lang='lat'>«</span> <span class='ocrx_word' id='word_1_511' title='bbox 581 3385 762 3434; x_wconf 87' lang='lat' dir='ltr'>Etiam</span> <span class='ocrx_word' id='word_1_512' title='bbox 793 3386 960 3448; x_wconf 85' lang='lat' dir='ltr'>gloria</span> <span class='ocrx_word' id='word_1_513' title='bbox 993 3399 1056 3435; x_wconf 90' lang='lat' dir='ltr'>ac</span> <span class='ocrx_word' id='word_1_514' title='bbox 1088 3387 1261 3434; x_wconf 88' lang='lat' dir='ltr'>virtus</span> <span class='ocrx_word' id='word_1_515' title='bbox 1285 3387 1529 3435; x_wconf 87' lang='lat' dir='ltr'>infensos</span> <span class='ocrx_word' id='word_1_516' title='bbox 1574 3387 1759 3448; x_wconf 88' lang='lat' dir='ltr'>habet,</span> <span class='ocrx_word' id='word_1_517' title='bbox 1796 3393 1855 3436; x_wconf 91' lang='lat' dir='ltr'>ut</span> <span class='ocrx_word' id='word_1_518' title='bbox 1889 3389 2055 3436; x_wconf 89' lang='lat' dir='ltr'>nimis</span> <span class='ocrx_word' id='word_1_519' title='bbox 2088 3401 2154 3437; x_wconf 81' lang='lat' dir='ltr'>ex</span> 
     </span>
    </p>
   </div>
   <div class='ocr_carea' id='block_1_46' title="bbox 520 3456 2155 3521">
    <p class='ocr_par' dir='ltr' id='par_1_46' title="bbox 520 3456 2155 3521">
     <span class='ocr_line' id='line_1_46' title="bbox 520 3456 2155 3521; baseline 0.001 -17"><span class='ocrx_word' id='word_1_520' title='bbox 520 3456 830 3519; x_wconf 87' lang='lat' dir='ltr'>propinquo</span> <span class='ocrx_word' id='word_1_521' title='bbox 860 3456 1082 3506; x_wconf 88' lang='lat' dir='ltr'>diversa</span> <span class='ocrx_word' id='word_1_522' title='bbox 1114 3470 1368 3520; x_wconf 88' lang='lat' dir='ltr'>arguens.</span> <span class='ocrx_word' id='word_1_523' title='bbox 1400 3477 1427 3502; x_wconf 88' lang='lat'><strong><em>»</em></strong></span> <span class='ocrx_word' id='word_1_524' title='bbox 1454 3456 1736 3521; x_wconf 87' lang='lat' dir='ltr'>Castigare</span> <span class='ocrx_word' id='word_1_525' title='bbox 1753 3460 1900 3508; x_wconf 88' lang='lat' dir='ltr'>enim</span> <span class='ocrx_word' id='word_1_526' title='bbox 1933 3461 2155 3509; x_wconf 89' lang='lat' dir='ltr'>videtur</span> 
     </span>
    </p>
   </div>
   <div class='ocr_carea' id='block_1_47' title="bbox 518 3527 2158 3592">
    <p class='ocr_par' dir='ltr' id='par_1_47' title="bbox 518 3527 2158 3592">
     <span class='ocr_line' id='line_1_47' title="bbox 518 3527 2158 3592; baseline 0.002 -17"><span class='ocrx_word' id='word_1_527' title='bbox 518 3528 600 3588; x_wconf 90' lang='lat' dir='ltr'>(ut</span> <span class='ocrx_word' id='word_1_528' title='bbox 627 3527 780 3575; x_wconf 88' lang='lat' dir='ltr'>aiunt</span> <span class='ocrx_word' id='word_1_529' title='bbox 809 3528 1140 3587; x_wconf 90' lang='lat' dir='ltr'>Lactantius,</span> <span class='ocrx_word' id='word_1_530' title='bbox 1169 3528 1263 3576; x_wconf 90' lang='lat' dir='ltr'>lib.</span> <span class='ocrx_word' id='word_1_531' title='bbox 1292 3541 1349 3588; x_wconf 91' lang='lat' dir='ltr'>v,</span> <span class='ocrx_word' id='word_1_532' title='bbox 1383 3542 1502 3591; x_wconf 90' lang='lat' dir='ltr'>cap.</span> <span class='ocrx_word' id='word_1_533' title='bbox 1544 3530 1574 3575; x_wconf 83' lang='lat'>9</span> <span class='ocrx_word' id='word_1_534' title='bbox 1601 3544 1613 3587; x_wconf 92' lang='lat'><strong>;</strong></span> <span class='ocrx_word' id='word_1_535' title='bbox 1658 3533 1712 3578; x_wconf 91' lang='lat' dir='ltr'>et</span> <span class='ocrx_word' id='word_1_536' title='bbox 1760 3530 2158 3592; x_wconf 87' lang='lat' dir='ltr'>Hieronymus,</span> 
     </span>
    </p>
   </div>
   <div class='ocr_carea' id='block_1_48' title="bbox 522 3598 2161 3664">
    <p class='ocr_par' dir='ltr' id='par_1_48' title="bbox 522 3598 2161 3664">
     <span class='ocr_line' id='line_1_48' title="bbox 522 3598 2161 3664; baseline 0.002 -17"><span class='ocrx_word' id='word_1_537' title='bbox 522 3598 580 3647; x_wconf 91' lang='lat' dir='ltr'>in</span> <span class='ocrx_word' id='word_1_538' title='bbox 630 3598 862 3660; x_wconf 75' lang='lat' dir='ltr'>Epistola</span> <span class='ocrx_word' id='word_1_539' title='bbox 897 3599 968 3647; x_wconf 82' lang='lat' dir='ltr'>ad</span> <span class='ocrx_word' id='word_1_540' title='bbox 1030 3599 1290 3662; x_wconf 76' lang='lat' dir='ltr'>Virginem</span> <span class='ocrx_word' id='word_1_541' title='bbox 1337 3600 1583 3660; x_wconf 74' lang='lat' dir='ltr'>exsulem)</span> <span class='ocrx_word' id='word_1_542' title='bbox 1629 3602 1881 3664; x_wconf 86' lang='lat' dir='ltr'>quisquis</span> <span class='ocrx_word' id='word_1_543' title='bbox 1925 3603 1994 3651; x_wconf 89' lang='lat' dir='ltr'>ab</span> <span class='ocrx_word' id='word_1_544' title='bbox 2042 3604 2161 3664; x_wconf 90' lang='lat' dir='ltr'>ejus</span> 
     </span>
    </p>
   </div>
   <div class='ocr_carea' id='block_1_49' title="bbox 519 3669 2162 3733">
    <p class='ocr_par' dir='ltr' id='par_1_49' title="bbox 519 3669 2162 3733">
     <span class='ocr_line' id='line_1_49' title="bbox 519 3669 2162 3733; baseline 0.002 -15"><span class='ocrx_word' id='word_1_545' title='bbox 519 3671 938 3718; x_wconf 78' lang='lat' dir='ltr'>conversatione</span> <span class='ocrx_word' id='word_1_546' title='bbox 985 3670 1273 3720; x_wconf 88' lang='lat' dir='ltr'>dissentit.</span> <span class='ocrx_word' id='word_1_547' title='bbox 1308 3669 1461 3733; x_wconf 90' lang='lat' dir='ltr'>Sulp.</span> <span class='ocrx_word' id='word_1_548' title='bbox 1501 3669 1757 3729; x_wconf 84' lang='lat' dir='ltr'>Severus,</span> <span class='ocrx_word' id='word_1_549' title='bbox 1792 3673 1885 3722; x_wconf 90' lang='lat' dir='ltr'>lib.</span> <span class='ocrx_word' id='word_1_550' title='bbox 1913 3687 1949 3722; x_wconf 89' lang='lat' dir='ltr'>II</span> <span class='ocrx_word' id='word_1_551' title='bbox 1990 3674 2162 3723; x_wconf 71' lang='lat' dir='ltr'>Sacrae</span> 
     </span>
    </p>
   </div>
   <div class='ocr_carea' id='block_1_50' title="bbox 520 3740 2162 3804">
    <p class='ocr_par' dir='ltr' id='par_1_50' title="bbox 520 3740 2162 3804">
     <span class='ocr_line' id='line_1_50' title="bbox 520 3740 2162 3804; baseline 0.002 -16"><span class='ocrx_word' id='word_1_552' title='bbox 520 3740 760 3789; x_wconf 76' lang='lat' dir='ltr'>Historiae</span> <span class='ocrx_word' id='word_1_553' title='bbox 791 3755 802 3788; x_wconf 89' lang='lat'>:</span> <span class='ocrx_word' id='word_1_554' title='bbox 837 3759 863 3785; x_wconf 90' lang='lat'><strong>«</strong></span> <span class='ocrx_word' id='word_1_555' title='bbox 895 3740 1119 3804; x_wconf 89' lang='lat' dir='ltr'>Quippe</span> <span class='ocrx_word' id='word_1_556' title='bbox 1167 3754 1389 3804; x_wconf 88' lang='lat' dir='ltr'>semper</span> <span class='ocrx_word' id='word_1_557' title='bbox 1429 3742 1656 3792; x_wconf 88' lang='lat' dir='ltr'>inimica</span> <span class='ocrx_word' id='word_1_558' title='bbox 1694 3744 1991 3793; x_wconf 87' lang='lat' dir='ltr'>virtutibus</span> <span class='ocrx_word' id='word_1_559' title='bbox 2031 3744 2162 3792; x_wconf 89' lang='lat' dir='ltr'>vitia</span> 
     </span>
    </p>
   </div>
   <div class='ocr_carea' id='block_1_51' title="bbox 523 3812 2162 3877">
    <p class='ocr_par' dir='ltr' id='par_1_51' title="bbox 523 3812 2162 3877">
     <span class='ocr_line' id='line_1_51' title="bbox 523 3812 2162 3877; baseline 0.001 -18"><span class='ocrx_word' id='word_1_560' title='bbox 523 3815 670 3868; x_wconf 89' lang='lat' dir='ltr'>sunt,</span> <span class='ocrx_word' id='word_1_561' title='bbox 702 3816 753 3862; x_wconf 87' lang='lat' dir='ltr'>et</span> <span class='ocrx_word' id='word_1_562' title='bbox 801 3814 991 3875; x_wconf 89' lang='lat' dir='ltr'>optimi</span> <span class='ocrx_word' id='word_1_563' title='bbox 1043 3813 1253 3876; x_wconf 89' lang='lat' dir='ltr'>quique</span> <span class='ocrx_word' id='word_1_564' title='bbox 1314 3812 1383 3860; x_wconf 89' lang='lat' dir='ltr'>ab</span> <span class='ocrx_word' id='word_1_565' title='bbox 1445 3813 1709 3875; x_wconf 87' lang='lat' dir='ltr'>improbis</span> <span class='ocrx_word' id='word_1_566' title='bbox 1758 3815 1916 3877; x_wconf 88' lang='lat' dir='ltr'>quasi</span> <span class='ocrx_word' id='word_1_567' title='bbox 1969 3827 2162 3877; x_wconf 81' lang='lat' dir='ltr'>expro-</span> 
     </span>
    </p>
   </div>
   <div class='ocr_carea' id='block_1_52' title="bbox 519 3880 2154 3946">
    <p class='ocr_par' dir='ltr' id='par_1_52' title="bbox 519 3880 2154 3946">
     <span class='ocr_line' id='line_1_52' title="bbox 519 3880 2154 3946; baseline 0.001 -17"><span class='ocrx_word' id='word_1_568' title='bbox 519 3880 742 3931; x_wconf 89' lang='lat' dir='ltr'>brantes</span> <span class='ocrx_word' id='word_1_569' title='bbox 771 3883 1129 3946; x_wconf 90' lang='lat' dir='ltr'>aspiciuntur.</span> <span class='ocrx_word' id='word_1_570' title='bbox 1157 3900 1185 3929; x_wconf 89' lang='grc'><strong>››</strong></span> <span class='ocrx_word' id='word_1_571' title='bbox 1219 3883 1319 3932; x_wconf 85' lang='lat' dir='ltr'>Est</span> <span class='ocrx_word' id='word_1_572' title='bbox 1347 3883 1514 3943; x_wconf 90' lang='lat' dir='ltr'>enim,</span> <span class='ocrx_word' id='word_1_573' title='bbox 1541 3889 1600 3932; x_wconf 89' lang='lat' dir='ltr'>ut</span> <span class='ocrx_word' id='word_1_574' title='bbox 1624 3883 1716 3932; x_wconf 92' lang='lat' dir='ltr'>lib.</span> <span class='ocrx_word' id='word_1_575' title='bbox 1742 3897 1798 3945; x_wconf 86' lang='lat' dir='ltr'>Il,</span> <span class='ocrx_word' id='word_1_576' title='bbox 1824 3897 1942 3946; x_wconf 88' lang='lat' dir='ltr'>cap.</span> <span class='ocrx_word' id='word_1_577' title='bbox 1974 3885 2033 3932; x_wconf 75' lang='grc'><strong>12</strong></span> <span class='ocrx_word' id='word_1_578' title='bbox 2061 3899 2072 3941; x_wconf 91' lang='grc'><strong>;</strong></span> <span class='ocrx_word' id='word_1_579' title='bbox 2101 3887 2154 3932; x_wconf 91' lang='lat' dir='ltr'>et</span> 
     </span>
    </p>
   </div>
   <div class='ocr_carea' id='block_1_53' title="bbox 525 3952 2156 4018">
    <p class='ocr_par' dir='ltr' id='par_1_53' title="bbox 525 3952 2156 4018">
     <span class='ocr_line' id='line_1_53' title="bbox 525 3952 2156 4018; baseline 0.002 -18"><span class='ocrx_word' id='word_1_580' title='bbox 525 3953 621 4002; x_wconf 92' lang='lat' dir='ltr'>lib.</span> <span class='ocrx_word' id='word_1_581' title='bbox 653 3967 731 4013; x_wconf 84' lang='lat' dir='ltr'>IlI,</span> <span class='ocrx_word' id='word_1_582' title='bbox 760 3967 881 4016; x_wconf 89' lang='lat' dir='ltr'>cap.</span> <span class='ocrx_word' id='word_1_583' title='bbox 928 3955 974 4012; x_wconf 90' lang='lat'>7,</span> <span class='ocrx_word' id='word_1_584' title='bbox 1008 3955 1081 4002; x_wconf 90' lang='lat' dir='ltr'>ait</span> <span class='ocrx_word' id='word_1_585' title='bbox 1130 3952 1526 4015; x_wconf 84' lang='lat' dir='ltr'>Quintilianus,</span> <span class='ocrx_word' id='word_1_586' title='bbox 1576 3955 1833 4018; x_wconf 62' lang='lat' dir='ltr'>quasdam</span> <span class='ocrx_word' id='word_1_587' title='bbox 1887 3957 2156 4004; x_wconf 90' lang='lat' dir='ltr'>virtutum</span> 
     </span>
    </p>
   </div>
   <div class='ocr_carea' id='block_1_54' title="bbox 524 4025 2153 4088">
    <p class='ocr_par' dir='ltr' id='par_1_54' title="bbox 524 4025 2153 4088">
     <span class='ocr_line' id='line_1_54' title="bbox 524 4025 2153 4088; baseline 0.002 -17"><span class='ocrx_word' id='word_1_588' title='bbox 524 4025 894 4088; x_wconf 89' lang='lat' dir='ltr'>vitiorumque</span> <span class='ocrx_word' id='word_1_589' title='bbox 937 4025 1155 4074; x_wconf 88' lang='lat' dir='ltr'>vicinia.</span> <span class='ocrx_word' id='word_1_590' title='bbox 1206 4025 1273 4073; x_wconf 90' lang='lat' dir='ltr'>Et</span> <span class='ocrx_word' id='word_1_591' title='bbox 1317 4025 1548 4085; x_wconf 88' lang='lat' dir='ltr'>Seneca,</span> <span class='ocrx_word' id='word_1_592' title='bbox 1593 4027 1752 4088; x_wconf 84' lang='lat' dir='ltr'>epist.</span> <span class='ocrx_word' id='word_1_593' title='bbox 1800 4029 1877 4085; x_wconf 75' lang='grc'>45,</span> <span class='ocrx_word' id='word_1_594' title='bbox 1911 4029 1987 4075; x_wconf 91' lang='lat' dir='ltr'>ait</span> <span class='ocrx_word' id='word_1_595' title='bbox 2016 4027 2153 4077; x_wconf 87' lang='lat' dir='ltr'>vitia</span> 
     </span>
    </p>
   </div>
   <div class='ocr_carea' id='block_1_55' title="bbox 523 4095 2154 4158">
    <p class='ocr_par' dir='ltr' id='par_1_55' title="bbox 523 4095 2154 4158">
     <span class='ocr_line' id='line_1_55' title="bbox 523 4095 2154 4158; baseline 0.001 -15"><span class='ocrx_word' id='word_1_596' title='bbox 523 4095 628 4144; x_wconf 90' lang='lat' dir='ltr'>sub</span> <span class='ocrx_word' id='word_1_597' title='bbox 653 4096 922 4144; x_wconf 90' lang='lat' dir='ltr'>virtutum</span> <span class='ocrx_word' id='word_1_598' title='bbox 969 4096 1194 4145; x_wconf 88' lang='lat' dir='ltr'>nomine</span> <span class='ocrx_word' id='word_1_599' title='bbox 1229 4095 1490 4158; x_wconf 82' lang='lat' dir='ltr'>obrepere</span> <span class='ocrx_word' id='word_1_600' title='bbox 1517 4101 1571 4146; x_wconf 90' lang='lat' dir='ltr'>et</span> <span class='ocrx_word' id='word_1_601' title='bbox 1609 4097 1717 4145; x_wconf 91' lang='lat' dir='ltr'>illis</span> <span class='ocrx_word' id='word_1_602' title='bbox 1758 4098 2008 4146; x_wconf 82' lang='lat' dir='ltr'>immixta</span> <span class='ocrx_word' id='word_1_603' title='bbox 2045 4101 2154 4145; x_wconf 86' lang='lat' dir='ltr'>tra-</span> 
     </span>
    </p>
   </div>
   <div class='ocr_carea' id='block_1_56' title="bbox 521 4165 2154 4229">
    <p class='ocr_par' dir='ltr' id='par_1_56' title="bbox 521 4165 2154 4229">
     <span class='ocr_line' id='line_1_56' title="bbox 521 4165 2154 4229; baseline 0.001 -14"><span class='ocrx_word' id='word_1_604' title='bbox 521 4165 653 4216; x_wconf 88' lang='lat' dir='ltr'>here</span> <span class='ocrx_word' id='word_1_605' title='bbox 707 4179 898 4216; x_wconf 88' lang='lat' dir='ltr'>secum</span> <span class='ocrx_word' id='word_1_606' title='bbox 952 4166 1091 4215; x_wconf 89' lang='lat' dir='ltr'>illas.</span> <span class='ocrx_word' id='word_1_607' title='bbox 1152 4166 1406 4229; x_wconf 83' lang='lat' dir='ltr'>Veroque</span> <span class='ocrx_word' id='word_1_608' title='bbox 1464 4167 1601 4216; x_wconf 80' lang='lat' dir='ltr'>dixit</span> <span class='ocrx_word' id='word_1_609' title='bbox 1649 4169 1710 4217; x_wconf 88' lang='grc' dir='ltr'><strong>Τ.</strong></span> <span class='ocrx_word' id='word_1_610' title='bbox 1770 4169 1958 4217; x_wconf 90' lang='lat' dir='ltr'>Livius</span> <span class='ocrx_word' id='word_1_611' title='bbox 2012 4168 2154 4216; x_wconf 88' lang='lat' dir='ltr'>mala</span> 
     </span>
    </p>
   </div>
   <div class='ocr_carea' id='block_1_57' title="bbox 522 4236 2157 4302">
    <p class='ocr_par' dir='ltr' id='par_1_57' title="bbox 522 4236 2157 4302">
     <span class='ocr_line' id='line_1_57' title="bbox 522 4236 2157 4302; baseline 0.001 -16"><span class='ocrx_word' id='word_1_612' title='bbox 522 4236 685 4287; x_wconf 90' lang='lat' dir='ltr'>bonis</span> <span class='ocrx_word' id='word_1_613' title='bbox 733 4237 1016 4288; x_wconf 59' lang='lat' dir='ltr'>adhaerere</span> <span class='ocrx_word' id='word_1_614' title='bbox 1062 4241 1118 4286; x_wconf 90' lang='lat' dir='ltr'>et</span> <span class='ocrx_word' id='word_1_615' title='bbox 1160 4239 1215 4285; x_wconf 92' lang='lat' dir='ltr'>in</span> <span class='ocrx_word' id='word_1_616' title='bbox 1261 4239 1460 4286; x_wconf 87' lang='lat' dir='ltr'>animis</span> <span class='ocrx_word' id='word_1_617' title='bbox 1507 4237 1798 4288; x_wconf 89' lang='lat' dir='ltr'>hominum</span> <span class='ocrx_word' id='word_1_618' title='bbox 1852 4240 2157 4302; x_wconf 87' lang='lat' dir='ltr'>potentiora</span> 
     </span>
    </p>
   </div>
   <div class='ocr_carea' id='block_1_58' title="bbox 522 4307 1692 4372">
    <p class='ocr_par' dir='ltr' id='par_1_58' title="bbox 522 4307 1692 4372">
     <span class='ocr_line' id='line_1_58' title="bbox 522 4307 1692 4372; baseline -0.001 -14"><span class='ocrx_word' id='word_1_619' title='bbox 522 4321 661 4358; x_wconf 92' lang='lat' dir='ltr'>esse.</span> <span class='ocrx_word' id='word_1_620' title='bbox 696 4308 836 4358; x_wconf 88' lang='lat' dir='ltr'>Vide</span> <span class='ocrx_word' id='word_1_621' title='bbox 865 4310 929 4356; x_wconf 82' lang='lat' dir='ltr'>A.</span> <span class='ocrx_word' id='word_1_622' title='bbox 968 4307 1228 4368; x_wconf 90' lang='lat' dir='ltr'>Gellium,</span> <span class='ocrx_word' id='word_1_623' title='bbox 1261 4307 1354 4356; x_wconf 90' lang='lat' dir='ltr'>lib.</span> <span class='ocrx_word' id='word_1_624' title='bbox 1389 4321 1463 4368; x_wconf 79' lang='lat' dir='ltr'>vr,</span> <span class='ocrx_word' id='word_1_625' title='bbox 1492 4322 1612 4372; x_wconf 90' lang='lat' dir='ltr'>cap.</span> <span class='ocrx_word' id='word_1_626' title='bbox 1650 4311 1692 4357; x_wconf 91' lang='grc'><strong>1.</strong></span> 
     </span>
    </p>
   </div>
   <div class='ocr_carea' id='block_1_59' title="bbox 589 4377 2157 4440">
    <p class='ocr_par' dir='ltr' id='par_1_59' title="bbox 589 4377 2157 4440">
     <span class='ocr_line' id='line_1_59' title="bbox 589 4377 2157 4440; baseline 0.001 -12"><span class='ocrx_word' id='word_1_627' title='bbox 589 4379 692 4440; x_wconf 85' lang='grc'>(83)</span> <span class='ocrx_word' id='word_1_628' title='bbox 737 4379 899 4439; x_wconf 79' lang='lat' dir='ltr'>Ccepit</span> <span class='ocrx_word' id='word_1_629' title='bbox 949 4377 1145 4427; x_wconf 80' lang='lat' dir='ltr'>lic-itum</span> <span class='ocrx_word' id='word_1_630' title='bbox 1187 4391 1306 4427; x_wconf 77' lang='lat' dir='ltr'>esse.</span> <span class='ocrx_word' id='word_1_631' title='bbox 1355 4379 1749 4440; x_wconf 87' lang='lat' dir='ltr'>Tertullianus,</span> <span class='ocrx_word' id='word_1_632' title='bbox 1805 4381 1861 4429; x_wconf 90' lang='lat' dir='ltr'>in</span> <span class='ocrx_word' id='word_1_633' title='bbox 1899 4381 2040 4430; x_wconf 91' lang='lat' dir='ltr'>libro</span> <span class='ocrx_word' id='word_1_634' title='bbox 2094 4381 2157 4429; x_wconf 80' lang='lat' dir='ltr'>de</span> 
     </span>
    </p>
   </div>
   <div class='ocr_carea' id='block_1_60' title="bbox 531 4449 2156 4514">
    <p class='ocr_par' dir='ltr' id='par_1_60' title="bbox 531 4449 2156 4514">
     <span class='ocr_line' id='line_1_60' title="bbox 531 4449 2156 4514; baseline 0.001 -16"><span class='ocrx_word' id='word_1_635' title='bbox 531 4450 739 4499; x_wconf 85' lang='lat' dir='ltr'>Corona</span> <span class='ocrx_word' id='word_1_636' title='bbox 768 4465 778 4497; x_wconf 92' lang='lat'><strong>:</strong></span> <span class='ocrx_word' id='word_1_637' title='bbox 807 4467 834 4495; x_wconf 91' lang='lat'>«</span> <span class='ocrx_word' id='word_1_638' title='bbox 865 4449 973 4499; x_wconf 86' lang='lat' dir='ltr'>Sed</span> <span class='ocrx_word' id='word_1_639' title='bbox 1008 4450 1158 4512; x_wconf 90' lang='lat' dir='ltr'>quod</span> <span class='ocrx_word' id='word_1_640' title='bbox 1199 4463 1310 4498; x_wconf 90' lang='lat' dir='ltr'>non</span> <span class='ocrx_word' id='word_1_641' title='bbox 1354 4449 1679 4512; x_wconf 89' lang='lat' dir='ltr'>prohibetur</span> <span class='ocrx_word' id='word_1_642' title='bbox 1724 4451 1870 4500; x_wconf 90' lang='lat' dir='ltr'>ultro</span> <span class='ocrx_word' id='word_1_643' title='bbox 1923 4453 2156 4514; x_wconf 89' lang='lat' dir='ltr'>permis-</span> 
     </span>
    </p>
   </div>
   <div class='ocr_carea' id='block_1_61' title="bbox 527 4521 2158 4586">
    <p class='ocr_par' dir='ltr' id='par_1_61' title="bbox 527 4521 2158 4586">
     <span class='ocr_line' id='line_1_61' title="bbox 527 4521 2158 4586; baseline 0.001 -15"><span class='ocrx_word' id='word_1_644' title='bbox 527 4535 653 4571; x_wconf 90' lang='lat' dir='ltr'>sum</span> <span class='ocrx_word' id='word_1_645' title='bbox 686 4523 784 4570; x_wconf 89' lang='lat' dir='ltr'>est.</span> <span class='ocrx_word' id='word_1_646' title='bbox 829 4521 1003 4569; x_wconf 91' lang='lat' dir='ltr'>Immo</span> <span class='ocrx_word' id='word_1_647' title='bbox 1034 4521 1357 4583; x_wconf 89' lang='lat' dir='ltr'>prohibetur</span> <span class='ocrx_word' id='word_1_648' title='bbox 1400 4521 1547 4584; x_wconf 91' lang='lat' dir='ltr'>quod</span> <span class='ocrx_word' id='word_1_649' title='bbox 1589 4535 1700 4571; x_wconf 89' lang='lat' dir='ltr'>non</span> <span class='ocrx_word' id='word_1_650' title='bbox 1740 4523 1885 4572; x_wconf 91' lang='lat' dir='ltr'>ultro</span> <span class='ocrx_word' id='word_1_651' title='bbox 1927 4524 2158 4586; x_wconf 86' lang='lat' dir='ltr'>permis-</span> 
     </span>
    </p>
   </div>
   <div class='ocr_carea' id='block_1_62' title="bbox 527 4591 2158 4655">
    <p class='ocr_par' dir='ltr' id='par_1_62' title="bbox 527 4591 2158 4655">
     <span class='ocr_line' id='line_1_62' title="bbox 527 4591 2158 4655; baseline -0.001 -13"><span class='ocrx_word' id='word_1_652' title='bbox 527 4605 652 4642; x_wconf 91' lang='lat' dir='ltr'>sum</span> <span class='ocrx_word' id='word_1_653' title='bbox 681 4595 780 4642; x_wconf 90' lang='lat' dir='ltr'>est.</span> <span class='ocrx_word' id='word_1_654' title='bbox 812 4609 839 4636; x_wconf 88' lang='lat'><strong><em>»</em></strong></span> <span class='ocrx_word' id='word_1_655' title='bbox 871 4591 1110 4642; x_wconf 88' lang='lat' dir='ltr'>Sanctus</span> <span class='ocrx_word' id='word_1_656' title='bbox 1136 4592 1460 4642; x_wconf 79' lang='lat' dir='ltr'>Ambrosius</span> <span class='ocrx_word' id='word_1_657' title='bbox 1498 4593 1554 4640; x_wconf 91' lang='lat' dir='ltr'>in</span> <span class='ocrx_word' id='word_1_658' title='bbox 1591 4593 1824 4655; x_wconf 78' lang='lat' dir='ltr'>Epistola</span> <span class='ocrx_word' id='word_1_659' title='bbox 1871 4595 1941 4643; x_wconf 86' lang='lat' dir='ltr'>ad</span> <span class='ocrx_word' id='word_1_660' title='bbox 1972 4595 2158 4642; x_wconf 81' lang='lat' dir='ltr'>Pater-</span> 
     </span>
    </p>
   </div>
   <div class='ocr_carea' id='block_1_63' title="bbox 526 4665 2159 4731">
    <p class='ocr_par' dir='ltr' id='par_1_63' title="bbox 526 4665 2159 4731">
     <span class='ocr_line' id='line_1_63' title="bbox 526 4665 2159 4731; baseline 0.001 -15"><span class='ocrx_word' id='word_1_661' title='bbox 526 4679 654 4716; x_wconf 80' lang='lat' dir='ltr'>num</span> <span class='ocrx_word' id='word_1_662' title='bbox 687 4681 698 4714; x_wconf 89' lang='lat'><strong>:</strong></span> <span class='ocrx_word' id='word_1_663' title='bbox 732 4683 759 4710; x_wconf 87' lang='lat'>«</span> <span class='ocrx_word' id='word_1_664' title='bbox 786 4665 1088 4716; x_wconf 78' lang='lat' dir='ltr'>Prsetendis</span> <span class='ocrx_word' id='word_1_665' title='bbox 1113 4666 1259 4714; x_wconf 88' lang='lat' dir='ltr'>enim</span> <span class='ocrx_word' id='word_1_666' title='bbox 1285 4666 1340 4713; x_wconf 89' lang='lat' dir='ltr'>in</span> <span class='ocrx_word' id='word_1_667' title='bbox 1372 4665 1568 4715; x_wconf 90' lang='lat' dir='ltr'>litteris</span> <span class='ocrx_word' id='word_1_668' title='bbox 1600 4668 1708 4714; x_wconf 89' lang='lat' dir='ltr'>tuis</span> <span class='ocrx_word' id='word_1_669' title='bbox 1750 4668 1880 4731; x_wconf 89' lang='lat' dir='ltr'>quia</span> <span class='ocrx_word' id='word_1_670' title='bbox 1920 4669 2159 4731; x_wconf 78' lang='lat' dir='ltr'>permis-</span> 
     </span>
    </p>
   </div>
   <div class='ocr_carea' id='block_1_64' title="bbox 531 4737 2160 4802">
    <p class='ocr_par' dir='ltr' id='par_1_64' title="bbox 531 4737 2160 4802">
     <span class='ocr_line' id='line_1_64' title="bbox 531 4737 2160 4802; baseline 0 -14"><span class='ocrx_word' id='word_1_671' title='bbox 531 4752 656 4788; x_wconf 90' lang='lat' dir='ltr'>sum</span> <span class='ocrx_word' id='word_1_672' title='bbox 685 4737 793 4788; x_wconf 90' lang='lat' dir='ltr'>hoc</span> <span class='ocrx_word' id='word_1_673' title='bbox 838 4737 1024 4787; x_wconf 89' lang='lat' dir='ltr'>divino</span> <span class='ocrx_word' id='word_1_674' title='bbox 1054 4739 1176 4801; x_wconf 83' lang='lat' dir='ltr'>jure</span> <span class='ocrx_word' id='word_1_675' title='bbox 1216 4737 1559 4787; x_wconf 90' lang='lat' dir='ltr'>connubium</span> <span class='ocrx_word' id='word_1_676' title='bbox 1603 4738 1922 4800; x_wconf 86' lang='lat' dir='ltr'>hujusmodi</span> <span class='ocrx_word' id='word_1_677' title='bbox 1963 4741 2160 4802; x_wconf 84' lang='lat' dir='ltr'>pigno-</span> 
     </span>
    </p>
   </div>
   <div class='ocr_carea' id='block_1_65' title="bbox 531 4809 2160 4873">
    <p class='ocr_par' dir='ltr' id='par_1_65' title="bbox 531 4809 2160 4873">
     <span class='ocr_line' id='line_1_65' title="bbox 531 4809 2160 4873; baseline 0 -15"><span class='ocrx_word' id='word_1_678' title='bbox 531 4810 684 4859; x_wconf 88' lang='lat' dir='ltr'>ribus</span> <span class='ocrx_word' id='word_1_679' title='bbox 738 4809 1088 4859; x_wconf 87' lang='lat' dir='ltr'>existimatur</span> <span class='ocrx_word' id='word_1_680' title='bbox 1133 4823 1198 4858; x_wconf 90' lang='lat' dir='ltr'>eo</span> <span class='ocrx_word' id='word_1_681' title='bbox 1250 4809 1399 4872; x_wconf 88' lang='lat' dir='ltr'>quod</span> <span class='ocrx_word' id='word_1_682' title='bbox 1453 4823 1564 4858; x_wconf 91' lang='lat' dir='ltr'>non</span> <span class='ocrx_word' id='word_1_683' title='bbox 1629 4809 1988 4872; x_wconf 88' lang='lat' dir='ltr'>prohibitum.</span> <span class='ocrx_word' id='word_1_684' title='bbox 2043 4810 2160 4873; x_wconf 84' lang='lat' dir='ltr'>Ego</span> 
     </span>
    </p>
   </div>
   <div class='ocr_carea' id='block_1_66' title="bbox 529 4881 2161 4945">
    <p class='ocr_par' dir='ltr' id='par_1_66' title="bbox 529 4881 2161 4945">
     <span class='ocr_line' id='line_1_66' title="bbox 529 4881 2161 4945; baseline 0 -15"><span class='ocrx_word' id='word_1_685' title='bbox 529 4885 716 4931; x_wconf 86' lang='lat' dir='ltr'>autem</span> <span class='ocrx_word' id='word_1_686' title='bbox 742 4885 796 4930; x_wconf 93' lang='lat' dir='ltr'>et</span> <span class='ocrx_word' id='word_1_687' title='bbox 819 4881 1158 4942; x_wconf 89' lang='lat' dir='ltr'>prohibitum</span> <span class='ocrx_word' id='word_1_688' title='bbox 1179 4893 1380 4930; x_wconf 91' lang='lat' dir='ltr'>assero.</span> <span class='ocrx_word' id='word_1_689' title='bbox 1410 4896 1438 4927; x_wconf 89' lang='lat'>»</span> <span class='ocrx_word' id='word_1_690' title='bbox 1467 4882 1534 4930; x_wconf 91' lang='lat' dir='ltr'>Et</span> <span class='ocrx_word' id='word_1_691' title='bbox 1564 4883 1728 4945; x_wconf 87' lang='lat' dir='ltr'>paulo</span> <span class='ocrx_word' id='word_1_692' title='bbox 1749 4886 1872 4944; x_wconf 92' lang='lat' dir='ltr'>post</span> <span class='ocrx_word' id='word_1_693' title='bbox 1901 4897 1912 4929; x_wconf 87' lang='lat'><strong>:</strong></span> <span class='ocrx_word' id='word_1_694' title='bbox 1944 4898 1973 4928; x_wconf 85' lang='lat'>«</span> <span class='ocrx_word' id='word_1_695' title='bbox 2000 4881 2161 4944; x_wconf 89' lang='lat' dir='ltr'>Quod</span> 
     </span>
    </p>
   </div>
   <div class='ocr_carea' id='block_1_67' title="bbox 534 4951 2163 5015">
    <p class='ocr_par' dir='ltr' id='par_1_67' title="bbox 534 4951 2163 5015">
     <span class='ocr_line' id='line_1_67' title="bbox 534 4951 2163 5015; baseline 0 -14"><span class='ocrx_word' id='word_1_696' title='bbox 534 4953 581 5001; x_wconf 90' lang='lat' dir='ltr'>si</span> <span class='ocrx_word' id='word_1_697' title='bbox 607 4951 732 5002; x_wconf 89' lang='lat' dir='ltr'>ideo</span> <span class='ocrx_word' id='word_1_698' title='bbox 780 4953 1109 5014; x_wconf 89' lang='lat' dir='ltr'>permissum</span> <span class='ocrx_word' id='word_1_699' title='bbox 1159 4957 1320 5014; x_wconf 88' lang='lat' dir='ltr'>putas</span> <span class='ocrx_word' id='word_1_700' title='bbox 1370 4952 1499 5014; x_wconf 88' lang='lat' dir='ltr'>quia</span> <span class='ocrx_word' id='word_1_701' title='bbox 1543 4953 1856 5015; x_wconf 89' lang='lat' dir='ltr'>specialiter</span> <span class='ocrx_word' id='word_1_702' title='bbox 1907 4966 2019 5000; x_wconf 89' lang='lat' dir='ltr'>non</span> <span class='ocrx_word' id='word_1_703' title='bbox 2081 4955 2163 5002; x_wconf 87' lang='lat' dir='ltr'>est</span> 
     </span>
    </p>
   </div>
   <div class='ocr_carea' id='block_1_68' title="bbox 530 5021 2162 5086">
    <p class='ocr_par' dir='ltr' id='par_1_68' title="bbox 530 5021 2162 5086">
     <span class='ocr_line' id='line_1_68' title="bbox 530 5021 2162 5086; baseline 0 -14"><span class='ocrx_word' id='word_1_704' title='bbox 530 5021 889 5085; x_wconf 88' lang='lat' dir='ltr'>prohibitum,</span> <span class='ocrx_word' id='word_1_705' title='bbox 944 5036 1048 5072; x_wconf 91' lang='lat' dir='ltr'>nec</span> <span class='ocrx_word' id='word_1_706' title='bbox 1101 5022 1238 5071; x_wconf 90' lang='lat' dir='ltr'>illud</span> <span class='ocrx_word' id='word_1_707' title='bbox 1302 5023 1640 5084; x_wconf 86' lang='lat' dir='ltr'>prohibitum</span> <span class='ocrx_word' id='word_1_708' title='bbox 1720 5037 1979 5074; x_wconf 89' lang='lat' dir='ltr'>sermone</span> <span class='ocrx_word' id='word_1_709' title='bbox 2026 5023 2162 5086; x_wconf 85' lang='lat' dir='ltr'>legis</span> 
     </span>
    </p>
   </div>
   <div class='ocr_carea' id='block_1_69' title="bbox 533 5092 2158 5157">
    <p class='ocr_par' dir='ltr' id='par_1_69' title="bbox 533 5092 2158 5157">
     <span class='ocr_line' id='line_1_69' title="bbox 533 5092 2158 5157; baseline 0.001 -17"><span class='ocrx_word' id='word_1_710' title='bbox 533 5095 773 5156; x_wconf 87' lang='lat' dir='ltr'>reperias</span> <span class='ocrx_word' id='word_1_711' title='bbox 816 5107 887 5144; x_wconf 88' lang='lat' dir='ltr'>ne</span> <span class='ocrx_word' id='word_1_712' title='bbox 933 5097 1084 5156; x_wconf 87' lang='lat' dir='ltr'>pater</span> <span class='ocrx_word' id='word_1_713' title='bbox 1138 5092 1310 5141; x_wconf 84' lang='lat' dir='ltr'>ﬁliam</span> <span class='ocrx_word' id='word_1_714' title='bbox 1364 5107 1521 5142; x_wconf 89' lang='lat' dir='ltr'>suam</span> <span class='ocrx_word' id='word_1_715' title='bbox 1587 5094 1822 5157; x_wconf 90' lang='lat' dir='ltr'>accipiat</span> <span class='ocrx_word' id='word_1_716' title='bbox 1868 5108 2158 5144; x_wconf 87' lang='lat' dir='ltr'>uxorem...</span> 
     </span>
    </p>
   </div>
   <div class='ocr_carea' id='block_1_70' title="bbox 534 5163 2160 5228">
    <p class='ocr_par' dir='ltr' id='par_1_70' title="bbox 534 5163 2160 5228">
     <span class='ocr_line' id='line_1_70' title="bbox 534 5163 2160 5228; baseline -0.003 -14"><span class='ocrx_word' id='word_1_717' title='bbox 534 5164 816 5228; x_wconf 87' lang='lat' dir='ltr'>Numquid</span> <span class='ocrx_word' id='word_1_718' title='bbox 873 5164 997 5214; x_wconf 90' lang='lat' dir='ltr'>ideo</span> <span class='ocrx_word' id='word_1_719' title='bbox 1042 5164 1173 5213; x_wconf 90' lang='lat' dir='ltr'>licet</span> <span class='ocrx_word' id='word_1_720' title='bbox 1227 5163 1375 5227; x_wconf 90' lang='lat' dir='ltr'>quod</span> <span class='ocrx_word' id='word_1_721' title='bbox 1416 5177 1528 5212; x_wconf 87' lang='lat' dir='ltr'>non</span> <span class='ocrx_word' id='word_1_722' title='bbox 1586 5170 1668 5214; x_wconf 88' lang='lat' dir='ltr'>est</span> <span class='ocrx_word' id='word_1_723' title='bbox 1710 5166 2160 5228; x_wconf 78' lang='lat' dir='ltr'>prohibitum?»</span> 
     </span>
    </p>
   </div>
   <div class='ocr_carea' id='block_1_71' title="bbox 531 5233 2162 5300">
    <p class='ocr_par' dir='ltr' id='par_1_71' title="bbox 531 5233 2162 5300">
     <span class='ocr_line' id='line_1_71' title="bbox 531 5233 2162 5300; baseline 0.001 -17"><span class='ocrx_word' id='word_1_724' title='bbox 531 5235 617 5284; x_wconf 88' lang='lat' dir='ltr'>Ex</span> <span class='ocrx_word' id='word_1_725' title='bbox 646 5233 994 5298; x_wconf 89' lang='lat' dir='ltr'>indulgentia</span> <span class='ocrx_word' id='word_1_726' title='bbox 1046 5235 1194 5283; x_wconf 88' lang='lat' dir='ltr'>enim</span> <span class='ocrx_word' id='word_1_727' title='bbox 1243 5237 1323 5283; x_wconf 89' lang='lat' dir='ltr'>est</span> <span class='ocrx_word' id='word_1_728' title='bbox 1368 5233 1761 5300; x_wconf 88' lang='lat' dir='ltr'>quodcumque</span> <span class='ocrx_word' id='word_1_729' title='bbox 1809 5237 2162 5298; x_wconf 90' lang='lat' dir='ltr'>permittitur,</span> 
     </span>
    </p>
   </div>
   <div class='ocr_carea' id='block_1_72' title="bbox 532 5296 3473 5371">
    <p class='ocr_par' dir='ltr' id='par_1_72' title="bbox 532 5296 3473 5371">
     <span class='ocr_line' id='line_1_72' title="bbox 532 5296 3473 5371; baseline -0 -16"><span class='ocrx_word' id='word_1_730' title='bbox 532 5310 596 5355; x_wconf 88' lang='lat' dir='ltr'>ut</span> <span class='ocrx_word' id='word_1_731' title='bbox 621 5306 696 5355; x_wconf 90' lang='lat' dir='ltr'>ait</span> <span class='ocrx_word' id='word_1_732' title='bbox 724 5296 1102 5354; x_wconf 77' lang='lat' dir='ltr'>Tertullianus</span> <span class='ocrx_word' id='word_1_733' title='bbox 1127 5304 1183 5354; x_wconf 88' lang='lat' dir='ltr'>in</span> <span class='ocrx_word' id='word_1_734' title='bbox 1211 5303 1356 5354; x_wconf 88' lang='lat' dir='ltr'>libro</span> <span class='ocrx_word' id='word_1_735' title='bbox 1387 5296 1450 5354; x_wconf 74' lang='lat' dir='ltr'>de</span> <span class='ocrx_word' id='word_1_736' title='bbox 1471 5296 1852 5355; x_wconf 32' lang='lat' dir='ltr'>Exhort‘ationc</span> <span class='ocrx_word' id='word_1_737' title='bbox 1878 5309 2156 5357; x_wconf 74' lang='lat' dir='ltr'>castitatis.</span> <span class='ocrx_word' id='word_1_738' title='bbox 2183 5296 2241 5368; x_wconf 89' lang='lat' dir='ltr'><strong>D</strong></span> <span class='ocrx_word' id='word_1_739' title='bbox 2267 5308 2474 5368; x_wconf 90' lang='lat' dir='ltr'>liceret,</span> <span class='ocrx_word' id='word_1_740' title='bbox 2527 5307 2676 5371; x_wconf 90' lang='lat' dir='ltr'>quod</span> <span class='ocrx_word' id='word_1_741' title='bbox 2723 5318 2819 5358; x_wconf 88' lang='lat' dir='ltr'>eos</span> <span class='ocrx_word' id='word_1_742' title='bbox 2863 5305 3048 5357; x_wconf 88' lang='lat' dir='ltr'>videre</span> <span class='ocrx_word' id='word_1_743' title='bbox 3096 5319 3210 5355; x_wconf 91' lang='lat' dir='ltr'>non</span> <span class='ocrx_word' id='word_1_744' title='bbox 3261 5296 3473 5369; x_wconf 76' lang='lat' dir='ltr'>poterat</span> 
     </span>
    </p>
   </div>
   <div class='ocr_carea' id='block_1_73' title="bbox 533 5374 2165 5439">
    <p class='ocr_par' dir='ltr' id='par_1_73' title="bbox 533 5374 2165 5439">
     <span class='ocr_line' id='line_1_73' title="bbox 533 5374 2165 5439; baseline 0.003 -15"><span class='ocrx_word' id='word_1_745' title='bbox 533 5377 597 5424; x_wconf 88' lang='lat' dir='ltr'>1n</span> <span class='ocrx_word' id='word_1_746' title='bbox 628 5374 913 5426; x_wconf 75' lang='lat' dir='ltr'>Commdia</span> <span class='ocrx_word' id='word_1_747' title='bbox 941 5375 1154 5436; x_wconf 76' lang='lat' dir='ltr'>Querolt&#39;</span> <span class='ocrx_word' id='word_1_748' title='bbox 1182 5377 1451 5439; x_wconf 90' lang='lat' dir='ltr'>scriptum</span> <span class='ocrx_word' id='word_1_749' title='bbox 1483 5381 1566 5427; x_wconf 89' lang='lat' dir='ltr'>est</span> <span class='ocrx_word' id='word_1_750' title='bbox 1612 5378 1812 5427; x_wconf 86' lang='lat' dir='ltr'>falsum</span> <span class='ocrx_word' id='word_1_751' title='bbox 1838 5378 2023 5428; x_wconf 88' lang='lat' dir='ltr'>dicere</span> <span class='ocrx_word' id='word_1_752' title='bbox 2052 5393 2165 5430; x_wconf 90' lang='lat' dir='ltr'>non</span> 
     </span>
    </p>
   </div>
   <div class='ocr_carea' id='block_1_74' title="bbox 534 5446 2170 5513">
    <p class='ocr_par' dir='ltr' id='par_1_74' title="bbox 534 5446 2170 5513">
     <span class='ocr_line' id='line_1_74' title="bbox 534 5446 2170 5513; baseline 0.002 -17"><span class='ocrx_word' id='word_1_753' title='bbox 534 5459 656 5496; x_wconf 89' lang='lat' dir='ltr'>esse</span> <span class='ocrx_word' id='word_1_754' title='bbox 685 5446 915 5505; x_wconf 90' lang='lat' dir='ltr'>crimen,</span> <span class='ocrx_word' id='word_1_755' title='bbox 943 5447 1074 5510; x_wconf 90' lang='lat' dir='ltr'>quia</span> <span class='ocrx_word' id='word_1_756' title='bbox 1100 5459 1397 5497; x_wconf 89' lang='lat' dir='ltr'>commune</span> <span class='ocrx_word' id='word_1_757' title='bbox 1439 5453 1539 5505; x_wconf 90' lang='lat' dir='ltr'>est,</span> <span class='ocrx_word' id='word_1_758' title='bbox 1572 5453 1626 5498; x_wconf 90' lang='lat' dir='ltr'>et</span> <span class='ocrx_word' id='word_1_759' title='bbox 1671 5448 2002 5499; x_wconf 89' lang='lat' dir='ltr'>adulterium</span> <span class='ocrx_word' id='word_1_760' title='bbox 2032 5463 2170 5513; x_wconf 91' lang='lat' dir='ltr'>quo-</span> 
     </span>
    </p>
   </div>
   <div class='ocr_carea' id='block_1_75' title="bbox 537 5517 2168 5586">
    <p class='ocr_par' dir='ltr' id='par_1_75' title="bbox 537 5517 2168 5586">
     <span class='ocr_line' id='line_1_75' title="bbox 537 5517 2168 5586; baseline 0.003 -19"><span class='ocrx_word' id='word_1_761' title='bbox 537 5531 648 5581; x_wconf 89' lang='lat' dir='ltr'>que</span> <span class='ocrx_word' id='word_1_762' title='bbox 673 5517 886 5568; x_wconf 89' lang='lat' dir='ltr'>crimen</span> <span class='ocrx_word' id='word_1_763' title='bbox 937 5531 1048 5568; x_wconf 88' lang='lat' dir='ltr'>non</span> <span class='ocrx_word' id='word_1_764' title='bbox 1089 5531 1229 5579; x_wconf 89' lang='lat' dir='ltr'>esse,</span> <span class='ocrx_word' id='word_1_765' title='bbox 1266 5524 1319 5569; x_wconf 90' lang='lat' dir='ltr'>et</span> <span class='ocrx_word' id='word_1_766' title='bbox 1346 5519 1470 5570; x_wconf 90' lang='lat' dir='ltr'>ideo</span> <span class='ocrx_word' id='word_1_767' title='bbox 1499 5521 1713 5570; x_wconf 87' lang='lat' dir='ltr'>licitum</span> <span class='ocrx_word' id='word_1_768' title='bbox 1743 5533 1865 5571; x_wconf 88' lang='lat' dir='ltr'>esse</span> <span class='ocrx_word' id='word_1_769' title='bbox 1902 5522 2034 5586; x_wconf 89' lang='lat' dir='ltr'>quia</span> <span class='ocrx_word' id='word_1_770' title='bbox 2063 5535 2168 5572; x_wconf 91' lang='lat' dir='ltr'>nec</span> 
     </span>
    </p>
   </div>
   <div class='ocr_carea' id='block_1_76' title="bbox 537 5590 2167 5654">
    <p class='ocr_par' dir='ltr' id='par_1_76' title="bbox 537 5590 2167 5654">
     <span class='ocr_line' id='line_1_76' title="bbox 537 5590 2167 5654; baseline 0.003 -17"><span class='ocrx_word' id='word_1_771' title='bbox 537 5590 782 5652; x_wconf 89' lang='lat' dir='ltr'>permitti</span> <span class='ocrx_word' id='word_1_772' title='bbox 812 5603 916 5640; x_wconf 90' lang='lat' dir='ltr'>nec</span> <span class='ocrx_word' id='word_1_773' title='bbox 949 5590 1228 5653; x_wconf 89' lang='lat' dir='ltr'>prohiberi</span> <span class='ocrx_word' id='word_1_774' title='bbox 1263 5595 1458 5654; x_wconf 89' lang='lat' dir='ltr'>potest.</span> <span class='ocrx_word' id='word_1_775' title='bbox 1491 5592 1662 5643; x_wconf 90' lang='lat' dir='ltr'>Vetus</span> <span class='ocrx_word' id='word_1_776' title='bbox 1699 5597 1895 5643; x_wconf 87' lang='lat' dir='ltr'>auctor</span> <span class='ocrx_word' id='word_1_777' title='bbox 1927 5593 2167 5644; x_wconf 75' lang='lat' dir='ltr'>Alterca-</span> 
     </span>
    </p>
   </div>
   <div class='ocr_carea' id='block_1_77' title="bbox 542 5660 2169 5729">
    <p class='ocr_par' dir='ltr' id='par_1_77' title="bbox 542 5660 2169 5729">
     <span class='ocr_line' id='line_1_77' title="bbox 542 5660 2169 5729; baseline 0.003 -20"><span class='ocrx_word' id='word_1_778' title='bbox 542 5661 700 5710; x_wconf 71' lang='lat' dir='ltr'>tionis</span> <span class='ocrx_word' id='word_1_779' title='bbox 741 5662 1032 5726; x_wconf 76' lang='lat' dir='ltr'>Synagogas</span> <span class='ocrx_word' id='word_1_780' title='bbox 1077 5668 1123 5712; x_wconf 80' lang='lat' dir='ltr'>at</span> <span class='ocrx_word' id='word_1_781' title='bbox 1175 5663 1413 5714; x_wconf 73' lang='lat' dir='ltr'>Ecclesiae</span> <span class='ocrx_word' id='word_1_782' title='bbox 1437 5679 1454 5712; x_wconf 89' lang='grc'>.·</span> <span class='ocrx_word' id='word_1_783' title='bbox 1484 5683 1510 5709; x_wconf 88' lang='grc'>«</span> <span class='ocrx_word' id='word_1_784' title='bbox 1547 5660 1668 5715; x_wconf 73' lang='grc' dir='ltr'>ρτσ</span> <span class='ocrx_word' id='word_1_785' title='bbox 1697 5679 1898 5729; x_wconf 87' lang='lat' dir='ltr'>magno</span> <span class='ocrx_word' id='word_1_786' title='bbox 1935 5665 2169 5717; x_wconf 87' lang='lat' dir='ltr'>crimine</span> 
     </span>
    </p>
   </div>
   <div class='ocr_carea' id='block_1_78' title="bbox 539 5730 2168 5800">
    <p class='ocr_par' dir='ltr' id='par_1_78' title="bbox 539 5730 2168 5800">
     <span class='ocr_line' id='line_1_78' title="bbox 539 5730 2168 5800; baseline 0.001 -19"><span class='ocrx_word' id='word_1_787' title='bbox 539 5730 1070 5795; x_wconf 88' lang='lat' dir='ltr'>objiciunturJacob</span> <span class='ocrx_word' id='word_1_788' title='bbox 1101 5739 1339 5798; x_wconf 89' lang='lat' dir='ltr'>quatuor</span> <span class='ocrx_word' id='word_1_789' title='bbox 1358 5749 1577 5787; x_wconf 87' lang='lat' dir='ltr'>uxores.</span> <span class='ocrx_word' id='word_1_790' title='bbox 1611 5736 1720 5788; x_wconf 88' lang='lat' dir='ltr'>Sed</span> <span class='ocrx_word' id='word_1_791' title='bbox 1755 5737 2021 5800; x_wconf 89' lang='lat' dir='ltr'>quoniam</span> <span class='ocrx_word' id='word_1_792' title='bbox 2047 5747 2168 5784; x_wconf 89' lang='lat' dir='ltr'>mos</span> 
     </span>
    </p>
   </div>
   <div class='ocr_carea' id='block_1_79' title="bbox 532 5804 2169 5875">
    <p class='ocr_par' dir='ltr' id='par_1_79' title="bbox 532 5804 2169 5875">
     <span class='ocr_line' id='line_1_79' title="bbox 532 5804 2169 5875; baseline -0.005 -13"><span class='ocrx_word' id='word_1_793' title='bbox 532 5806 667 5868; x_wconf 72' lang='lat' dir='ltr'>erat,</span> <span class='ocrx_word' id='word_1_794' title='bbox 696 5804 905 5863; x_wconf 78' lang='lat' dir='ltr'>crimen</span> <span class='ocrx_word' id='word_1_795' title='bbox 938 5818 1048 5858; x_wconf 88' lang='lat' dir='ltr'>non</span> <span class='ocrx_word' id='word_1_796' title='bbox 1073 5812 1205 5859; x_wconf 89' lang='lat' dir='ltr'>erat.</span> <span class='ocrx_word' id='word_1_797' title='bbox 1241 5809 1402 5863; x_wconf 88' lang='lat' dir='ltr'>Nunc</span> <span class='ocrx_word' id='word_1_798' title='bbox 1447 5812 1631 5860; x_wconf 86' lang='lat' dir='ltr'>autem</span> <span class='ocrx_word' id='word_1_799' title='bbox 1671 5808 1882 5859; x_wconf 86' lang='lat' dir='ltr'>crimen</span> <span class='ocrx_word' id='word_1_800' title='bbox 1908 5811 2011 5869; x_wconf 89' lang='lat' dir='ltr'>est,</span> <span class='ocrx_word' id='word_1_801' title='bbox 2038 5807 2169 5875; x_wconf 87' lang='lat' dir='ltr'>quia</span> 
     </span>
    </p>
   </div>
   <div class='ocr_carea' id='block_1_80' title="bbox 2264 3889 2680 3953">
    <p class='ocr_par' dir='ltr' id='par_1_80' title="bbox 2264 3889 2680 3953">
     <span class='ocr_line' id='line_1_80' title="bbox 2264 3889 2680 3953; baseline -0.007 -14"><span class='ocrx_word' id='word_1_802' title='bbox 2264 3889 2638 3953; x_wconf 77' lang='lat' dir='ltr'>Georgicorum</span> <span class='ocrx_word' id='word_1_803' title='bbox 2670 3903 2680 3936; x_wconf 90' lang='lat'>:</span> 
     </span>
    </p>
   </div>
   <div class='ocr_carea' id='block_1_81' title="bbox 2444 3983 3794 4049">
    <p class='ocr_par' dir='ltr' id='par_1_81' title="bbox 2444 3983 3794 4049">
     <span class='ocr_line' id='line_1_81' title="bbox 2444 3983 3794 4049; baseline -0.004 -13"><span class='ocrx_word' id='word_1_804' title='bbox 2444 3986 2500 4036; x_wconf 92' lang='lat' dir='ltr'>Si</span> <span class='ocrx_word' id='word_1_805' title='bbox 2526 4000 2630 4036; x_wconf 89' lang='lat' dir='ltr'>non</span> <span class='ocrx_word' id='word_1_806' title='bbox 2661 3987 2931 4049; x_wconf 84' lang='lat' dir='ltr'>ingentem</span> <span class='ocrx_word' id='word_1_807' title='bbox 2956 3986 3154 4035; x_wconf 88' lang='lat' dir='ltr'>foribus</span> <span class='ocrx_word' id='word_1_808' title='bbox 3187 3985 3373 4034; x_wconf 89' lang='lat' dir='ltr'>domus</span> <span class='ocrx_word' id='word_1_809' title='bbox 3401 3985 3505 4034; x_wconf 86' lang='lat' dir='ltr'>alta</span> <span class='ocrx_word' id='word_1_810' title='bbox 3531 3983 3794 4047; x_wconf 86' lang='lat' dir='ltr'>superbis</span> 
     </span>
    </p>
   </div>
   <div class='ocr_carea' id='block_1_82' title="bbox 2439 4055 3756 4107">
    <p class='ocr_par' dir='ltr' id='par_1_82' title="bbox 2439 4055 3756 4107">
     <span class='ocr_line' id='line_1_82' title="bbox 2439 4055 3756 4107; baseline -0.002 -1"><span class='ocrx_word' id='word_1_811' title='bbox 2439 4059 2587 4107; x_wconf 86' lang='lat' dir='ltr'>Mane</span> <span class='ocrx_word' id='word_1_812' title='bbox 2611 4059 2920 4107; x_wconf 84' lang='lat' dir='ltr'>salutantum</span> <span class='ocrx_word' id='word_1_813' title='bbox 2960 4057 3078 4107; x_wconf 88' lang='lat' dir='ltr'>totis</span> <span class='ocrx_word' id='word_1_814' title='bbox 3108 4057 3270 4106; x_wconf 88' lang='lat' dir='ltr'>vomit</span> <span class='ocrx_word' id='word_1_815' title='bbox 3291 4057 3493 4106; x_wconf 77' lang='lat' dir='ltr'>tedibus</span> <span class='ocrx_word' id='word_1_816' title='bbox 3526 4055 3756 4105; x_wconf 84' lang='lat' dir='ltr'>undam.</span> 
     </span>
    </p>
   </div>
   <div class='ocr_carea' id='block_1_83' title="bbox 2261 4146 3076 4210">
    <p class='ocr_par' dir='ltr' id='par_1_83' title="bbox 2261 4146 3076 4210">
     <span class='ocr_line' id='line_1_83' title="bbox 2261 4146 3076 4210; baseline -0.002 -12"><span class='ocrx_word' id='word_1_817' title='bbox 2261 4148 2523 4198; x_wconf 87' lang='lat' dir='ltr'>Martialis</span> <span class='ocrx_word' id='word_1_818' title='bbox 2550 4148 2644 4197; x_wconf 89' lang='lat' dir='ltr'>lib.</span> <span class='ocrx_word' id='word_1_819' title='bbox 2672 4161 2733 4208; x_wconf 76' lang='grc' dir='ltr'>Χ,</span> <span class='ocrx_word' id='word_1_820' title='bbox 2758 4147 2941 4210; x_wconf 88' lang='lat' dir='ltr'>Epigr.</span> <span class='ocrx_word' id='word_1_821' title='bbox 2977 4146 3036 4196; x_wconf 89' lang='grc'><strong>10</strong></span> <span class='ocrx_word' id='word_1_822' title='bbox 3065 4162 3076 4195; x_wconf 88' lang='lat'><strong>:</strong></span> 
     </span>
    </p>
   </div>
   <div class='ocr_carea' id='block_1_84' title="bbox 2443 4225 3444 4278">
    <p class='ocr_par' dir='ltr' id='par_1_84' title="bbox 2443 4225 3444 4278">
     <span class='ocr_line' id='line_1_84' title="bbox 2443 4225 3444 4278; baseline -0.005 -1"><span class='ocrx_word' id='word_1_823' title='bbox 2443 4229 2591 4278; x_wconf 86' lang='lat' dir='ltr'>Mane</span> <span class='ocrx_word' id='word_1_824' title='bbox 2621 4228 2866 4276; x_wconf 81' lang='lat' dir='ltr'>salutator</span> <span class='ocrx_word' id='word_1_825' title='bbox 2898 4225 3082 4276; x_wconf 86' lang='lat' dir='ltr'>limina</span> <span class='ocrx_word' id='word_1_826' title='bbox 3111 4226 3254 4275; x_wconf 89' lang='lat' dir='ltr'>mille</span> <span class='ocrx_word' id='word_1_827' title='bbox 3288 4229 3444 4275; x_wconf 85' lang='lat' dir='ltr'>teras.</span> 
     </span>
    </p>
   </div>
   <div class='ocr_carea' id='block_1_85' title="bbox 2257 4312 3925 4378">
    <p class='ocr_par' dir='ltr' id='par_1_85' title="bbox 2257 4312 3925 4378">
     <span class='ocr_line' id='line_1_85' title="bbox 2257 4312 3925 4378; baseline -0.003 -13"><span class='ocrx_word' id='word_1_828' title='bbox 2257 4317 2388 4366; x_wconf 89' lang='lat' dir='ltr'>Ideo</span> <span class='ocrx_word' id='word_1_829' title='bbox 2442 4317 2732 4375; x_wconf 85' lang='lat' dir='ltr'>Horatius,</span> <span class='ocrx_word' id='word_1_830' title='bbox 2796 4315 3017 4378; x_wconf 83' lang='lat' dir='ltr'>Epodon</span> <span class='ocrx_word' id='word_1_831' title='bbox 3075 4328 3163 4376; x_wconf 70' lang='grc' dir='ltr'>χι,</span> <span class='ocrx_word' id='word_1_832' title='bbox 3229 4315 3449 4378; x_wconf 89' lang='lat' dir='ltr'>scripsit</span> <span class='ocrx_word' id='word_1_833' title='bbox 3498 4330 3510 4362; x_wconf 91' lang='lat'>:</span> <span class='ocrx_word' id='word_1_834' title='bbox 3577 4331 3610 4363; x_wconf 65' lang='grc' dir='ltr'><strong>α</strong></span> <span class='ocrx_word' id='word_1_835' title='bbox 3671 4312 3925 4378; x_wconf 88' lang='lat' dir='ltr'>Superba</span> 
     </span>
    </p>
   </div>
   <div class='ocr_carea' id='block_1_86' title="bbox 2257 4383 3930 4448">
    <p class='ocr_par' dir='ltr' id='par_1_86' title="bbox 2257 4383 3930 4448">
     <span class='ocr_line' id='line_1_86' title="bbox 2257 4383 3930 4448; baseline -0.003 -13"><span class='ocrx_word' id='word_1_836' title='bbox 2257 4387 2466 4436; x_wconf 90' lang='lat' dir='ltr'>civium</span> <span class='ocrx_word' id='word_1_837' title='bbox 2504 4387 2810 4448; x_wconf 89' lang='lat' dir='ltr'>potentium</span> <span class='ocrx_word' id='word_1_838' title='bbox 2859 4385 3072 4434; x_wconf 89' lang='lat' dir='ltr'>limina.</span> <span class='ocrx_word' id='word_1_839' title='bbox 3124 4405 3152 4430; x_wconf 84' lang='lat'><strong>»</strong></span> <span class='ocrx_word' id='word_1_840' title='bbox 3208 4384 3586 4444; x_wconf 89' lang='lat' dir='ltr'>Claudianus,</span> <span class='ocrx_word' id='word_1_841' title='bbox 3647 4385 3749 4434; x_wconf 91' lang='lat' dir='ltr'>lib.</span> <span class='ocrx_word' id='word_1_842' title='bbox 3803 4397 3838 4444; x_wconf 84' lang='grc' dir='ltr'>ι,</span> <span class='ocrx_word' id='word_1_843' title='bbox 3875 4383 3930 4430; x_wconf 76' lang='lat' dir='ltr'>in</span> 
     </span>
    </p>
   </div>
   <div class='ocr_carea' id='block_1_87' title="bbox 2259 4454 3934 4519">
    <p class='ocr_par' dir='ltr' id='par_1_87' title="bbox 2259 4454 3934 4519">
     <span class='ocr_line' id='line_1_87' title="bbox 2259 4454 3934 4519; baseline -0.003 -13"><span class='ocrx_word' id='word_1_844' title='bbox 2259 4457 2551 4517; x_wconf 81' lang='lat' dir='ltr'>Ruﬁnum:</span> <span class='ocrx_word' id='word_1_845' title='bbox 2609 4475 2635 4502; x_wconf 69' lang='grc' dir='ltr'>‹ι</span> <span class='ocrx_word' id='word_1_846' title='bbox 2684 4456 2868 4506; x_wconf 88' lang='lat' dir='ltr'>Turba</span> <span class='ocrx_word' id='word_1_847' title='bbox 2913 4456 3256 4505; x_wconf 86' lang='lat' dir='ltr'>salutantum</span> <span class='ocrx_word' id='word_1_848' title='bbox 3307 4456 3447 4504; x_wconf 88' lang='lat' dir='ltr'>latas</span> <span class='ocrx_word' id='word_1_849' title='bbox 3496 4455 3581 4504; x_wconf 91' lang='lat' dir='ltr'>ibi</span> <span class='ocrx_word' id='word_1_850' title='bbox 3635 4454 3934 4519; x_wconf 87' lang='lat' dir='ltr'>perstrepit</span> 
     </span>
    </p>
   </div>
   <div class='ocr_carea' id='block_1_88' title="bbox 2258 4527 3931 4591">
    <p class='ocr_par' dir='ltr' id='par_1_88' title="bbox 2258 4527 3931 4591">
     <span class='ocr_line' id='line_1_88' title="bbox 2258 4527 3931 4591; baseline -0.003 -13"><span class='ocrx_word' id='word_1_851' title='bbox 2258 4528 2426 4578; x_wconf 71' lang='lat' dir='ltr'>mdes.</span> <span class='ocrx_word' id='word_1_852' title='bbox 2453 4546 2480 4571; x_wconf 86' lang='lat'><em>»</em></span> <span class='ocrx_word' id='word_1_853' title='bbox 2513 4529 2592 4578; x_wconf 90' lang='lat' dir='ltr'>Eo</span> <span class='ocrx_word' id='word_1_854' title='bbox 2627 4531 2813 4579; x_wconf 88' lang='lat' dir='ltr'>autem</span> <span class='ocrx_word' id='word_1_855' title='bbox 2859 4531 3206 4591; x_wconf 89' lang='lat' dir='ltr'>processerat</span> <span class='ocrx_word' id='word_1_856' title='bbox 3247 4527 3475 4576; x_wconf 90' lang='lat' dir='ltr'>ambitio</span> <span class='ocrx_word' id='word_1_857' title='bbox 3512 4527 3931 4576; x_wconf 84' lang='lat' dir='ltr'>salutationum</span> 
     </span>
    </p>
   </div>
   <div class='ocr_carea' id='block_1_89' title="bbox 2258 4598 3924 4662">
    <p class='ocr_par' dir='ltr' id='par_1_89' title="bbox 2258 4598 3924 4662">
     <span class='ocr_line' id='line_1_89' title="bbox 2258 4598 3924 4662; baseline -0.002 -15"><span class='ocrx_word' id='word_1_858' title='bbox 2258 4601 2654 4648; x_wconf 85' lang='lat' dir='ltr'>matutinarum</span> <span class='ocrx_word' id='word_1_859' title='bbox 2680 4604 2741 4648; x_wconf 92' lang='lat' dir='ltr'>ut</span> <span class='ocrx_word' id='word_1_860' title='bbox 2766 4600 2863 4662; x_wconf 89' lang='lat' dir='ltr'>qui</span> <span class='ocrx_word' id='word_1_861' title='bbox 2897 4599 3198 4662; x_wconf 85' lang='lat' dir='ltr'>cupiebant</span> <span class='ocrx_word' id='word_1_862' title='bbox 3227 4611 3348 4648; x_wconf 91' lang='lat' dir='ltr'>esse</span> <span class='ocrx_word' id='word_1_863' title='bbox 3390 4598 3564 4660; x_wconf 90' lang='lat' dir='ltr'>primi</span> <span class='ocrx_word' id='word_1_864' title='bbox 3609 4599 3924 4647; x_wconf 87' lang='lat' dir='ltr'>salutantes</span> 
     </span>
    </p>
   </div>
   <div class='ocr_carea' id='block_1_90' title="bbox 2259 4669 3923 4733">
    <p class='ocr_par' dir='ltr' id='par_1_90' title="bbox 2259 4669 3923 4733">
     <span class='ocr_line' id='line_1_90' title="bbox 2259 4669 3923 4733; baseline -0.001 -15"><span class='ocrx_word' id='word_1_865' title='bbox 2259 4674 2478 4721; x_wconf 91' lang='lat' dir='ltr'>noctem</span> <span class='ocrx_word' id='word_1_866' title='bbox 2521 4671 2748 4733; x_wconf 88' lang='lat' dir='ltr'>vigilem</span> <span class='ocrx_word' id='word_1_867' title='bbox 2793 4669 3058 4720; x_wconf 89' lang='lat' dir='ltr'>ducerent</span> <span class='ocrx_word' id='word_1_868' title='bbox 3103 4674 3232 4719; x_wconf 91' lang='lat' dir='ltr'>ante</span> <span class='ocrx_word' id='word_1_869' title='bbox 3273 4671 3471 4732; x_wconf 89' lang='lat' dir='ltr'>januas</span> <span class='ocrx_word' id='word_1_870' title='bbox 3538 4669 3923 4719; x_wconf 88' lang='lat' dir='ltr'>eminentium</span> 
     </span>
    </p>
   </div>
   <div class='ocr_carea' id='block_1_91' title="bbox 2260 4739 3926 4804">
    <p class='ocr_par' dir='ltr' id='par_1_91' title="bbox 2260 4739 3926 4804">
     <span class='ocr_line' id='line_1_91' title="bbox 2260 4739 3926 4804; baseline -0.003 -15"><span class='ocrx_word' id='word_1_871' title='bbox 2260 4746 2613 4804; x_wconf 86' lang='lat' dir='ltr'>potestatum,</span> <span class='ocrx_word' id='word_1_872' title='bbox 2643 4746 2706 4790; x_wconf 88' lang='lat' dir='ltr'>ut</span> <span class='ocrx_word' id='word_1_873' title='bbox 2735 4740 2898 4790; x_wconf 87' lang='lat' dir='ltr'>docet</span> <span class='ocrx_word' id='word_1_874' title='bbox 2928 4739 3318 4804; x_wconf 79' lang='lat' dir='ltr'>Symmachus,</span> <span class='ocrx_word' id='word_1_875' title='bbox 3365 4739 3462 4788; x_wconf 89' lang='lat' dir='ltr'>lib.</span> <span class='ocrx_word' id='word_1_876' title='bbox 3511 4752 3597 4800; x_wconf 80' lang='lat' dir='ltr'>Iv,</span> <span class='ocrx_word' id='word_1_877' title='bbox 3650 4741 3820 4802; x_wconf 88' lang='lat' dir='ltr'>epist.</span> <span class='ocrx_word' id='word_1_878' title='bbox 3849 4739 3926 4786; x_wconf 79' lang='grc'>41.</span> 
     </span>
    </p>
   </div>
   <div class='ocr_carea' id='block_1_92' title="bbox 2261 4810 3932 4873">
    <p class='ocr_par' dir='ltr' id='par_1_92' title="bbox 2261 4810 3932 4873">
     <span class='ocr_line' id='line_1_92' title="bbox 2261 4810 3932 4873; baseline -0.001 -12"><span class='ocrx_word' id='word_1_879' title='bbox 2261 4812 2504 4861; x_wconf 81' lang='lat' dir='ltr'>Aduolat</span> <span class='ocrx_word' id='word_1_880' title='bbox 2549 4811 2852 4862; x_wconf 90' lang='lat' dir='ltr'>Suetonius</span> <span class='ocrx_word' id='word_1_881' title='bbox 2913 4810 3222 4873; x_wconf 87' lang='lat' dir='ltr'>Caligulam</span> <span class='ocrx_word' id='word_1_882' title='bbox 3274 4814 3470 4859; x_wconf 87' lang='lat' dir='ltr'>natura</span> <span class='ocrx_word' id='word_1_883' title='bbox 3529 4811 3808 4861; x_wconf 87' lang='lat' dir='ltr'>timidum</span> <span class='ocrx_word' id='word_1_884' title='bbox 3871 4821 3932 4859; x_wconf 88' lang='lat' dir='ltr'>ac</span> 
     </span>
    </p>
   </div>
   <div class='ocr_carea' id='block_1_93' title="bbox 2261 4882 3929 4946">
    <p class='ocr_par' dir='ltr' id='par_1_93' title="bbox 2261 4882 3929 4946">
     <span class='ocr_line' id='line_1_93' title="bbox 2261 4882 3929 4946; baseline -0.002 -13"><span class='ocrx_word' id='word_1_885' title='bbox 2261 4883 2604 4933; x_wconf 80' lang='lat' dir='ltr'>diffidentem</span> <span class='ocrx_word' id='word_1_886' title='bbox 2657 4882 3051 4932; x_wconf 88' lang='lat' dir='ltr'>salutatoribus</span> <span class='ocrx_word' id='word_1_887' title='bbox 3089 4886 3424 4932; x_wconf 88' lang='lat' dir='ltr'>scrutatores</span> <span class='ocrx_word' id='word_1_888' title='bbox 3475 4895 3718 4945; x_wconf 86' lang='lat' dir='ltr'>semper</span> <span class='ocrx_word' id='word_1_889' title='bbox 3762 4895 3929 4946; x_wconf 91' lang='lat' dir='ltr'>oppo-</span> 
     </span>
    </p>
   </div>
   <div class='ocr_carea' id='block_1_94' title="bbox 2262 4952 3934 5014">
    <p class='ocr_par' dir='ltr' id='par_1_94' title="bbox 2262 4952 3934 5014">
     <span class='ocr_line' id='line_1_94' title="bbox 2262 4952 3934 5014; baseline -0.002 -10"><span class='ocrx_word' id='word_1_890' title='bbox 2262 4955 2438 5004; x_wconf 89' lang='lat' dir='ltr'>suisse</span> <span class='ocrx_word' id='word_1_891' title='bbox 2493 4954 2896 5014; x_wconf 88' lang='lat' dir='ltr'>acerbissimos,</span> <span class='ocrx_word' id='word_1_892' title='bbox 2926 4952 3024 5003; x_wconf 89' lang='lat' dir='ltr'>sed</span> <span class='ocrx_word' id='word_1_893' title='bbox 3074 4966 3195 5002; x_wconf 67' lang='lat' dir='ltr'>eam</span> <span class='ocrx_word' id='word_1_894' title='bbox 3242 4953 3733 5003; x_wconf 88' lang='lat' dir='ltr'>consuetudinem</span> <span class='ocrx_word' id='word_1_895' title='bbox 3766 4954 3934 5002; x_wconf 82' lang='lat' dir='ltr'>omis-</span> 
     </span>
    </p>
   </div>
   <div class='ocr_carea' id='block_1_95' title="bbox 2262 5023 3931 5087">
    <p class='ocr_par' dir='ltr' id='par_1_95' title="bbox 2262 5023 3931 5087">
     <span class='ocr_line' id='line_1_95' title="bbox 2262 5023 3931 5087; baseline -0.001 -12"><span class='ocrx_word' id='word_1_896' title='bbox 2262 5040 2380 5075; x_wconf 89' lang='lat' dir='ltr'>sam</span> <span class='ocrx_word' id='word_1_897' title='bbox 2407 5037 2527 5074; x_wconf 92' lang='lat' dir='ltr'>esse</span> <span class='ocrx_word' id='word_1_898' title='bbox 2561 5039 2591 5074; x_wconf 88' lang='lat' dir='ltr'>a</span> <span class='ocrx_word' id='word_1_899' title='bbox 2623 5024 2979 5087; x_wconf 81' lang='lat' dir='ltr'>Vespasiano.</span> <span class='ocrx_word' id='word_1_900' title='bbox 3023 5024 3198 5072; x_wconf 65' lang='lat' dir='ltr'>Elius</span> <span class='ocrx_word' id='word_1_901' title='bbox 3249 5023 3636 5086; x_wconf 88' lang='lat' dir='ltr'>Lampridius,</span> <span class='ocrx_word' id='word_1_902' title='bbox 3696 5026 3756 5074; x_wconf 89' lang='lat' dir='ltr'>in</span> <span class='ocrx_word' id='word_1_903' title='bbox 3816 5025 3931 5074; x_wconf 77' lang='lat' dir='ltr'>Vita-</span> 
     </span>
    </p>
   </div>
   <div class='ocr_carea' id='block_1_96' title="bbox 2262 5093 3931 5146">
    <p class='ocr_par' dir='ltr' id='par_1_96' title="bbox 2262 5093 3931 5146">
     <span class='ocr_line' id='line_1_96' title="bbox 2262 5093 3931 5146; baseline -0.001 -1"><span class='ocrx_word' id='word_1_904' title='bbox 2262 5095 2561 5146; x_wconf 72' lang='lat' dir='ltr'>Alemandri</span> <span class='ocrx_word' id='word_1_905' title='bbox 2606 5095 2781 5144; x_wconf 74' lang='lat' dir='ltr'>Severi</span> <span class='ocrx_word' id='word_1_906' title='bbox 2823 5094 3014 5144; x_wconf 91' lang='lat' dir='ltr'>scribit</span> <span class='ocrx_word' id='word_1_907' title='bbox 3053 5094 3211 5142; x_wconf 89' lang='lat' dir='ltr'>illum</span> <span class='ocrx_word' id='word_1_908' title='bbox 3243 5093 3542 5143; x_wconf 86' lang='lat' dir='ltr'>admisisse</span> <span class='ocrx_word' id='word_1_909' title='bbox 3589 5096 3931 5145; x_wconf 87' lang='lat' dir='ltr'>salutatores</span> 
     </span>
    </p>
   </div>
   <div class='ocr_carea' id='block_1_97' title="bbox 2265 5164 3929 5231">
    <p class='ocr_par' dir='ltr' id='par_1_97' title="bbox 2265 5164 3929 5231">
     <span class='ocr_line' id='line_1_97' title="bbox 2265 5164 3929 5231; baseline -0.002 -14"><span class='ocrx_word' id='word_1_910' title='bbox 2265 5168 2421 5231; x_wconf 87' lang='lat' dir='ltr'>quasi</span> <span class='ocrx_word' id='word_1_911' title='bbox 2451 5179 2627 5215; x_wconf 91' lang='lat' dir='ltr'>unum</span> <span class='ocrx_word' id='word_1_912' title='bbox 2651 5165 2719 5214; x_wconf 90' lang='lat' dir='ltr'>de</span> <span class='ocrx_word' id='word_1_913' title='bbox 2747 5164 3113 5225; x_wconf 84' lang='lat' dir='ltr'>senatoribus,</span> <span class='ocrx_word' id='word_1_914' title='bbox 3155 5169 3374 5227; x_wconf 85' lang='lat' dir='ltr'>patente</span> <span class='ocrx_word' id='word_1_915' title='bbox 3425 5164 3578 5224; x_wconf 90' lang='lat' dir='ltr'>velo,</span> <span class='ocrx_word' id='word_1_916' title='bbox 3629 5166 3929 5216; x_wconf 89' lang='lat' dir='ltr'>admissio-</span> 
     </span>
    </p>
   </div>
   <div class='ocr_carea' id='block_1_98' title="bbox 2265 5236 3931 5300">
    <p class='ocr_par' dir='ltr' id='par_1_98' title="bbox 2265 5236 3931 5300">
     <span class='ocr_line' id='line_1_98' title="bbox 2265 5236 3931 5300; baseline -0.001 -13"><span class='ocrx_word' id='word_1_917' title='bbox 2265 5237 2482 5288; x_wconf 88' lang='lat' dir='ltr'>nalibus</span> <span class='ocrx_word' id='word_1_918' title='bbox 2506 5237 2746 5296; x_wconf 88' lang='lat' dir='ltr'>remotis,</span> <span class='ocrx_word' id='word_1_919' title='bbox 2802 5249 2928 5285; x_wconf 88' lang='lat' dir='ltr'>cum</span> <span class='ocrx_word' id='word_1_920' title='bbox 2965 5240 3129 5286; x_wconf 89' lang='lat' dir='ltr'>antea</span> <span class='ocrx_word' id='word_1_921' title='bbox 3165 5236 3404 5286; x_wconf 87' lang='lat' dir='ltr'>salutare</span> <span class='ocrx_word' id='word_1_922' title='bbox 3454 5237 3794 5300; x_wconf 88' lang='lat' dir='ltr'>principem</span> <span class='ocrx_word' id='word_1_923' title='bbox 3823 5250 3931 5286; x_wconf 90' lang='lat' dir='ltr'>non</span> 
     </span>
    </p>
   </div>
   <div class='ocr_carea' id='block_1_99' title="bbox 3521 5309 3934 5358">
    <p class='ocr_par' dir='ltr' id='par_1_99' title="bbox 3521 5309 3934 5358">
     <span class='ocr_line' id='line_1_99' title="bbox 3521 5309 3934 5358; baseline -0.007 0"><span class='ocrx_word' id='word_1_924' title='bbox 3521 5320 3533 5353; x_wconf 90' lang='lat'>:</span> <span class='ocrx_word' id='word_1_925' title='bbox 3573 5324 3604 5351; x_wconf 75' lang='grc' dir='ltr'><strong><em>α</em></strong></span> <span class='ocrx_word' id='word_1_926' title='bbox 3644 5309 3934 5358; x_wconf 85' lang='lat' dir='ltr'>Salutatus</span> 
     </span>
    </p>
   </div>
   <div class='ocr_carea' id='block_1_100' title="bbox 2269 5377 3933 5442">
    <p class='ocr_par' dir='ltr' id='par_1_100' title="bbox 2269 5377 3933 5442">
     <span class='ocr_line' id='line_1_100' title="bbox 2269 5377 3933 5442; baseline -0.003 -11"><span class='ocrx_word' id='word_1_927' title='bbox 2269 5387 2474 5440; x_wconf 88' lang='lat' dir='ltr'>autem,</span> <span class='ocrx_word' id='word_1_928' title='bbox 2555 5380 2736 5442; x_wconf 88' lang='lat' dir='ltr'>inquit</span> <span class='ocrx_word' id='word_1_929' title='bbox 2810 5377 2958 5427; x_wconf 88' lang='lat' dir='ltr'>idem</span> <span class='ocrx_word' id='word_1_930' title='bbox 3013 5380 3230 5438; x_wconf 89' lang='lat' dir='ltr'>auctor,</span> <span class='ocrx_word' id='word_1_931' title='bbox 3310 5389 3662 5428; x_wconf 87' lang='lat' dir='ltr'>consessum</span> <span class='ocrx_word' id='word_1_932' title='bbox 3733 5378 3933 5430; x_wconf 82' lang='lat' dir='ltr'>obtulit</span> 
     </span>
    </p>
   </div>
   <div class='ocr_carea' id='block_1_101' title="bbox 2269 5445 3942 5512">
    <p class='ocr_par' dir='ltr' id='par_1_101' title="bbox 2269 5445 3942 5512">
     <span class='ocr_line' id='line_1_101' title="bbox 2269 5445 3942 5512; baseline -0.002 -12"><span class='ocrx_word' id='word_1_933' title='bbox 2269 5451 2528 5500; x_wconf 89' lang='lat' dir='ltr'>omnibus</span> <span class='ocrx_word' id='word_1_934' title='bbox 2577 5449 2962 5507; x_wconf 87' lang='lat' dir='ltr'>senatoribus;</span> <span class='ocrx_word' id='word_1_935' title='bbox 3017 5453 3184 5512; x_wconf 87' lang='lat' dir='ltr'>atque</span> <span class='ocrx_word' id='word_1_936' title='bbox 3234 5445 3359 5497; x_wconf 90' lang='lat' dir='ltr'>ideo</span> <span class='ocrx_word' id='word_1_937' title='bbox 3408 5447 3525 5497; x_wconf 87' lang='lat' dir='ltr'>nisi</span> <span class='ocrx_word' id='word_1_938' title='bbox 3580 5448 3859 5500; x_wconf 87' lang='lat' dir='ltr'>honestos</span> <span class='ocrx_word' id='word_1_939' title='bbox 3887 5453 3942 5499; x_wconf 88' lang='lat' dir='ltr'>et</span> 
     </span>
    </p>
   </div>
   <div class='ocr_carea' id='block_1_102' title="bbox 2269 5517 3932 5576">
    <p class='ocr_par' dir='ltr' id='par_1_102' title="bbox 2269 5517 3932 5576">
     <span class='ocr_line' id='line_1_102' title="bbox 2269 5517 3932 5576; baseline -0.002 -5"><span class='ocrx_word' id='word_1_940' title='bbox 2269 5521 2430 5571; x_wconf 57' lang='lat' dir='ltr'>bonae</span> <span class='ocrx_word' id='word_1_941' title='bbox 2479 5520 2640 5569; x_wconf 79' lang='lat' dir='ltr'>famae</span> <span class='ocrx_word' id='word_1_942' title='bbox 2686 5518 2941 5569; x_wconf 89' lang='lat' dir='ltr'>homines</span> <span class='ocrx_word' id='word_1_943' title='bbox 2971 5517 3038 5568; x_wconf 87' lang='lat' dir='ltr'>ad</span> <span class='ocrx_word' id='word_1_944' title='bbox 3065 5519 3457 5567; x_wconf 88' lang='lat' dir='ltr'>salutationem</span> <span class='ocrx_word' id='word_1_945' title='bbox 3515 5532 3641 5569; x_wconf 87' lang='lat' dir='ltr'>non</span> <span class='ocrx_word' id='word_1_946' title='bbox 3689 5520 3932 5576; x_wconf 88' lang='lat' dir='ltr'>admisit,</span> 
     </span>
    </p>
   </div>
   <div class='ocr_carea' id='block_1_103' title="bbox 2263 5588 3932 5656">
    <p class='ocr_par' dir='ltr' id='par_1_103' title="bbox 2263 5588 3932 5656">
     <span class='ocr_line' id='line_1_103' title="bbox 2263 5588 3932 5656; baseline 0 -16"><span class='ocrx_word' id='word_1_947' title='bbox 2263 5593 2539 5656; x_wconf 86' lang='lat' dir='ltr'>jussitque</span> <span class='ocrx_word' id='word_1_948' title='bbox 2564 5593 2626 5638; x_wconf 91' lang='lat' dir='ltr'>ut</span> <span class='ocrx_word' id='word_1_949' title='bbox 2653 5602 2819 5639; x_wconf 89' lang='lat' dir='ltr'>nemo</span> <span class='ocrx_word' id='word_1_950' title='bbox 2844 5588 3183 5653; x_wconf 88' lang='lat' dir='ltr'>ingrediatur</span> <span class='ocrx_word' id='word_1_951' title='bbox 3205 5589 3309 5638; x_wconf 89' lang='lat' dir='ltr'>nisi</span> <span class='ocrx_word' id='word_1_952' title='bbox 3335 5589 3429 5652; x_wconf 88' lang='lat' dir='ltr'>qui</span> <span class='ocrx_word' id='word_1_953' title='bbox 3452 5601 3521 5638; x_wconf 89' lang='lat' dir='ltr'>se</span> <span class='ocrx_word' id='word_1_954' title='bbox 3556 5591 3932 5644; x_wconf 87' lang='lat' dir='ltr'>innocentem</span> 
     </span>
    </p>
   </div>
   <div class='ocr_carea' id='block_1_104' title="bbox 2269 5659 3942 5722">
    <p class='ocr_par' dir='ltr' id='par_1_104' title="bbox 2269 5659 3942 5722">
     <span class='ocr_line' id='line_1_104' title="bbox 2269 5659 3942 5722; baseline -0.001 -11"><span class='ocrx_word' id='word_1_955' title='bbox 2269 5664 2499 5712; x_wconf 85' lang='lat' dir='ltr'>noverit.</span> <span class='ocrx_word' id='word_1_956' title='bbox 2558 5662 2657 5710; x_wconf 89' lang='lat' dir='ltr'>Per</span> <span class='ocrx_word' id='word_1_957' title='bbox 2701 5673 3010 5722; x_wconf 59' lang='lat' dir='ltr'>praeconem</span> <span class='ocrx_word' id='word_1_958' title='bbox 3068 5659 3239 5710; x_wconf 88' lang='lat' dir='ltr'>edixit</span> <span class='ocrx_word' id='word_1_959' title='bbox 3295 5665 3357 5708; x_wconf 88' lang='lat' dir='ltr'>ut</span> <span class='ocrx_word' id='word_1_960' title='bbox 3411 5672 3599 5711; x_wconf 86' lang='lat' dir='ltr'>nemo</span> <span class='ocrx_word' id='word_1_961' title='bbox 3659 5664 3942 5712; x_wconf 85' lang='lat' dir='ltr'>salutaret</span> 
     </span>
    </p>
   </div>
   <div class='ocr_carea' id='block_1_105' title="bbox 2268 5731 3947 5796">
    <p class='ocr_par' dir='ltr' id='par_1_105' title="bbox 2268 5731 3947 5796">
     <span class='ocr_line' id='line_1_105' title="bbox 2268 5731 3947 5796; baseline -0.001 -14"><span class='ocrx_word' id='word_1_962' title='bbox 2268 5735 2576 5796; x_wconf 89' lang='lat' dir='ltr'>principem</span> <span class='ocrx_word' id='word_1_963' title='bbox 2622 5732 2717 5795; x_wconf 90' lang='lat' dir='ltr'>qui</span> <span class='ocrx_word' id='word_1_964' title='bbox 2773 5744 2833 5781; x_wconf 91' lang='lat' dir='ltr'>se</span> <span class='ocrx_word' id='word_1_965' title='bbox 2874 5731 3057 5781; x_wconf 86' lang='lat' dir='ltr'>furem</span> <span class='ocrx_word' id='word_1_966' title='bbox 3119 5743 3240 5781; x_wconf 90' lang='lat' dir='ltr'>esse</span> <span class='ocrx_word' id='word_1_967' title='bbox 3312 5735 3573 5780; x_wconf 86' lang='lat' dir='ltr'>nosset...</span> <span class='ocrx_word' id='word_1_968' title='bbox 3630 5751 3660 5778; x_wconf 86' lang='grc'>››</span> <span class='ocrx_word' id='word_1_969' title='bbox 3729 5733 3947 5784; x_wconf 89' lang='lat' dir='ltr'>Contra</span> 
     </span>
    </p>
   </div>
   <div class='ocr_carea' id='block_1_106' title="bbox 2280 5801 3954 5874">
    <p class='ocr_par' dir='ltr' id='par_1_106' title="bbox 2280 5801 3954 5874">
     <span class='ocr_line' id='line_1_106' title="bbox 2280 5801 3954 5874; baseline 0.001 -18"><span class='ocrx_word' id='word_1_970' title='bbox 2280 5805 2610 5858; x_wconf 82' lang='lat' dir='ltr'>Maximinus</span> <span class='ocrx_word' id='word_1_971' title='bbox 2667 5803 2874 5868; x_wconf 88' lang='lat' dir='ltr'>junior,</span> <span class='ocrx_word' id='word_1_972' title='bbox 2951 5808 3012 5855; x_wconf 93' lang='lat' dir='ltr'>ut</span> <span class='ocrx_word' id='word_1_973' title='bbox 3083 5802 3246 5854; x_wconf 85' lang='lat' dir='ltr'>tradit</span> <span class='ocrx_word' id='word_1_974' title='bbox 3299 5801 3491 5854; x_wconf 84' lang='lat' dir='ltr'>Julius</span> <span class='ocrx_word' id='word_1_975' title='bbox 3554 5803 3954 5874; x_wconf 85' lang='lat' dir='ltr'>Capitolinus;</span> 
     </span>
    </p>
   </div>
  </div>
