2080 3108
18 1029 37 1075 Σ

20 1079 36 1182 ι

22 1190 41 1230 ,

27 1241 37 1315 ἕ

32 1334 37 1382 ξ

34 1402 37 1461 1

313 152 363 181 223
770 153 798 181 S.
819 153 975 182 CYPRIANI
995 154 1132 182 OPERUM
1151 154 1239 181 PARS
1254 154 1274 180 l.
1290 168 1323 173 —
1342 152 1523 181 EPISTOLE.
1935 151 1982 180 224

315 216 419 249 teneri,
431 219 457 243 et
474 217 612 252 possideri
632 216 724 252 magis
742 216 797 250 (90)
822 225 908 251 quam
925 217 1071 252 possidere
1088 217 1130 245 di-
1143 226 1172 261 Α
1183 217 1236 244 hoc
1254 217 1365 244 tantum
1381 224 1416 243 ne
1432 215 1575 251 possidere
1592 214 1673 242 alteri
1694 214 1783 242 liceat.
1798 214 1842 247 Et,
1858 221 1874 240 ο
1896 214 1984 241 nomi-

315 263 397 290 vitias
411 264 434 280 ¹⁵
449 266 536 298 atque
556 271 625 298 opes
640 263 706 298 (91).
722 265 823 298 Atque,
841 271 857 290 ο
881 264 1055 290 detestabilis
1076 273 1131 291 cte-

315 310 382 337 citas
396 309 536 336 mentium
549 311 578 336 et
593 310 753 345 cupiditatis
763 310 870 336 insana:
884 309 941 346 21
951 309 980 346 9
994 310 1133 345 profunda

317 356 426 391 caligo!
442 364 507 383 cum
523 364 679 383 exonerare
695 365 724 383 se
746 357 833 391 possit
855 360 883 383 et
904 357 999 384 levare
1022 357 1128 392 ponde-

313 402 402 436 ribus,
418 403 514 438 pergit
537 403 630 438 magis
652 403 772 430 fortunis
793 403 965 438 augentibus
986 403 1132 437 incubare,

316 449 413 484 pergit
443 449 604 484 poenalibus
633 449 755 476 cumulis
775 449 959 484 pertinaciter
977 450 1133 478 adhaerere.

315 495 398 522 Nulla
411 495 441 522 in
472 496 588 523 clientes
609 496 676 523 inde
698 495 812 531 largitio
829 498 880 528 est,
898 503 962 522 cum
982 496 1134 531 indigenti-

315 541 368 568 bus
390 542 466 569 nulla
492 542 606 577 partitio
632 543 671 576 19;
701 543 729 568 et
755 541 907 577 pecuniam
932 550 1011 569 suam
1037 542 1136 569 dicunt

316 596 415 623 quam,
431 588 507 616 velut
523 588 643 616 alienam
659 588 736 615 domi
750 588 886 622 clausam,
903 588 1024 616 sollicito
1037 589 1135 616 labore

318 635 494 669 custodiunt,
521 643 553 663 ex
576 644 631 671 qua
653 643 711 662 non
735 635 845 668 amicis,
860 643 918 662 non
937 635 1034 663 liberis
1057 636 1135 671 quic-

317 690 415 717 quam,
438 690 495 709 non
517 682 569 709 sibi
589 682 715 717 denique
738 681 916 717 impertiunt.
932 682 1081 710 Possident
1100 682 1136 710 ad

1184 271 1254 290 num
1269 266 1375 298 quanta
1395 262 1560 289 diversitas!
1582 261 1657 288 bona
1680 261 1824 297 appellant
1844 268 1876 287 ex
1892 260 1986 295 quibus

1184 310 1278 337 nullus
1291 310 1346 336 illis
1359 309 1412 336 nisi
1425 309 1458 336 ad
1473 317 1517 335 res
1531 309 1620 335 malas
1635 316 1701 335 usus
1715 310 1768 335 est.

1219 357 1284 383 Xlll.
1299 357 1341 383 An
1355 358 1385 383 tu
1405 356 1446 383 vel
1464 356 1527 383 illos
1545 357 1627 391 putas
1647 356 1731 388 tutos,
1746 354 1808 381 illos
1827 354 1927 381 saltem
1946 354 1984 381 in-

1184 406 1227 430 ter
1242 403 1383 430 honorum
1398 403 1503 429 infulas
1515 404 1543 429 et
1557 410 1624 437 opes
1637 403 1732 437 largas
1753 401 1847 428 stabili
1860 400 1987 428 ﬁrmitate

1184 457 1310 483 securos,
1325 458 1394 485 quos
1411 449 1513 484 regalis
1534 449 1605 476 aula:
1623 448 1774 484 splendore
1791 447 1933 483 fulgentes
1946 456 1987 474 ar-

1184 503 1299 524 morum
1316 496 1518 523 excubantium
1533 495 1621 522 tutela
1636 495 1822 522 circumstat?
1838 494 1924 529 Major
1939 494 1988 521 illis

1186 551 1272 578 quam
1287 542 1397 569 caeteris
1415 545 1508 569 metus
1527 543 1579 568 est.
1595 542 1663 568 Tam
1685 541 1731 568 ille
1751 542 1859 568 temere
1880 540 1932 575 (92)
1945 548 1986 567 co-

1186 589 1263 625 gitur
1274 597 1360 625 quam
1374 590 1499 616 timetur.
1518 588 1611 623 Exigit
1623 596 1720 623 poenas
1732 587 1838 623 pariter
1852 587 1886 614 de
1898 589 1988 622 poten-

1185 636 1255 663 tiore
1265 636 1431 668 sublimitas,
1445 636 1482 662 sit
1494 635 1561 662 licet
1573 635 1729 662 satellitum
1749 642 1837 661 manu
1850 635 1945 669 septus
1957 634 1986 667 ’⁷,

1186 685 1214 709 et
1226 682 1353 709 clausum
1368 681 1463 718 220
1476 690 1508 709 ac
1523 683 1685 717 protectum
1693 681 1766 708 latus
1780 681 1831 716 (93)
1844 688 1989 708 numeroso

1004 735 1109 768 Variae
1140 735 1309 767 lectiones.

350 796 369 810 ’⁵
385 794 512 819 Divitias.
531 794 553 819 Ο
570 794 743 819 detestabilis
758 794 837 819 Ebur.
853 795 908 819 Lin.
923 795 1014 826 Atque
1029 795 1097 820 adeo
1111 794 1208 820 detest.
1227 796 1296 819 Lam.
1312 794 1450 820 Instabilis
1470 795 1534 818 Mor.
1547 794 1601 818 ΝΟ.
1618 795 1640 818 1.
1658 793 1733 818 Ebor.
1756 799 1828 817 sensu
1844 791 1991 823 procedente

317 829 440 888 gpleséo
459 830 556 855 detest.
572 830 649 854 Oxon.
663 830 780 855 Divitias
791 832 872 862 atque
887 836 903 854 ο
919 829 1016 855 detest.
1030 830 1104 855 Gold.

337 871 359 887 υ(
373 883 376 887 .
414 884 418 888 .

337 871 376 887 υίι,
396 871 418 888 ὁ.

1151 830 1171 846 ¹⁶
1186 830 1372 862 Participatio,
1392 830 1482 862 portio
1498 829 1568 853 Lam.
1588 828 1633 853 Eb.
1652 829 1712 854 Ben.
1730 829 1765 853 M.
1779 829 1808 852 A.
1855 826 1872 843 ¹⁷
1883 825 1993 857 Septum

957 895 1072 936 Steph.
1095 895 1218 927 Baluzii
1241 899 1338 927 notae.

350 958 552 1004 (90)”5053idﬁri
577 960 670 1004 magis.
702 960 791 1004 Infra),
824 959 853 983 in
877 958 947 1000 libro
967 958 1005 1004 ‘de
1031 959 1299 1004 Lapsis,Bimperio
1324 960 1400 1004 regit,
1425 960 1503 984 timet
1536 960 1717 1001 timentes.»
1744 959 1820 1000 Idem
1854 959 1995 1004 Agamuetn-

317 1001 377 1025 pag.
396 995 461 1019 185:
478 1003 493 1018 «
508 994 649 1020 Possidere
671 1002 700 1020 se
721 995 836 1020 credunt
860 995 907 1026 qui
929 995 1021 1026 potius
1045 995 1134 1025 possi-

318 1029 424 1054 dentur.
441 1039 453 1052 »
476 1030 665 1062 Hieronymus
684 1031 712 1055 in
735 1030 859 1062 Epistola
881 1029 914 1054 ad
933 1029 1080 1054 Paulinum
1106 1030 1137 1054 de

317 1065 482 1090 Institutione
495 1066 623 1091 Monachi
639 1073 644 1090 :
662 1075 676 1089 α
693 1066 789 1094 Crates
806 1066 852 1090 ille
873 1065 1032 1095 Thebanus,
1053 1065 1136 1089 homo

317 1100 457 1132 quondam
475 1101 639 1132 ditissimus,
653 1108 717 1127 cum
734 1102 768 1126 ad
781 1101 1036 1133 philosophandum
1049 1100 1136 1125 Athe-

318 1143 367 1161 nas
386 1140 518 1169 pergeret,
548 1145 680 1171 magnnm
709 1139 769 1163 auri
794 1138 904 1170 pondus
931 1138 1033 1169 adjecit
1058 1143 1136 1161 :non

319 1173 422 1202 putavit
435 1179 465 1197 se
478 1173 561 1198 simul
582 1180 662 1205 posse
681 1176 708 1199 et
731 1174 846 1199 virtutes
870 1175 897 1198 et
915 1173 1025 1197 divitias
1047 1172 1136 1204 possi-

319 1208 391 1232 dere.
407 1216 421 1231 »
444 1208 511 1233 Item
530 1209 558 1233 in
575 1209 645 1234 libro
670 1209 794 1234 secundo
818 1209 946 1233 adversus
963 1208 1136 1233 Jovim'anum

318 1246 346 1268 et
368 1243 397 1267 in
422 1243 546 1275 Epistola
569 1244 751 1270 consolatorie
775 1244 810 1268 ad
832 1244 972 1269 lulianum
988 1251 996 1267 :
1015 1242 1137 1268 «Crates

320 1279 367 1303 ille
391 1279 552 1308 Thebanus,
576 1281 698 1312 projecto
726 1281 753 1304 in
778 1287 854 1305 mare
881 1286 938 1304 non
963 1285 1048 1311 parvo
1077 1279 1136 1303 auri

316 1314 455 1345 pondere:
474 1315 565 1345 Abite,
584 1316 683 1347 inquit,
706 1322 828 1347 pessum,
850 1315 931 1339 malae
959 1314 1135 1345 cupiditates.

318 1349 374 1381 Ego
389 1356 438 1374 vos
450 1357 552 1381 mgam,
564 1356 600 1374 ne
613 1351 672 1382 ipse
689 1357 797 1382 mergar
811 1357 826 1375 ιι
842 1350 931 1374 vobis.
952 1359 965 1372 ν
985 1349 1137 1380 Projiciens

316 1386 408 1409 autem
437 1391 503 1416 opes
533 1392 598 1410 suas
632 1387 659 1409 in
692 1392 782 1414 mare.
814 1387 845 1409 ut
882 1385 963 1409 docet
985 1384 1138 1415 Gregorius

318 1420 515 1450 Nazianzenus,
546 1421 672 1445 Oratione
704 1421 732 1445 in
768 1420 871 1445 laudem
909 1419 1014 1450 Basilii,
1043 1419 1135 1443 dixit:

318 1464 331 1476 «
344 1455 440 1480 Crates
454 1455 592 1481 Cratetem
619 1456 782 1481 Thebanum
799 1455 927 1481 libertale
948 1454 1039 1479 donat.
1055 1462 1069 1477 io
1082 1453 1137 1479 Sed

318 1490 397 1515 illum
412 1494 557 1523 propterea
570 1491 713 1523 culpatum
730 1498 792 1517 esse
803 1491 838 1516 ab
852 1490 999 1522 Apollonio
1015 1490 1137 1521 'l‘yanaeo

318 1526 400 1550 refert
425 1526 618 1558 Philostratus,
648 1527 676 1552 in
706 1527 768 1551 Vita
792 1528 852 1558 ejus
883 1526 930 1551 lib.
955 1532 984 1555 ιι,
1010 1532 1070 1556 cap.
1097 1524 1136 1549 10.

317 1561 432 1592 Seneca,
446 1569 507 1594 cap.
524 1563 555 1587 23
567 1562 599 1587 de
618 1563 677 1587 Vita
696 1561 775 1587 beata
796 1570 804 1586 :
822 1570 837 1586 ‹‹
853 1562 965 1587 Divitias
981 1567 1051 1585 mea:
1063 1561 1137 1593 sunt,

318 1599 347 1621 tu
362 1597 521 1623 divitiarum
534 1604 572 1623 es.
594 1606 608 1621 »
634 1598 712 1628 Item,
728 1598 809 1630 epist.
824 1598 871 1622 H5
896 1605 901 1621 :
929 1606 942 1620 ‹‹
966 1597 1069 1628 Majore
1084 1597 1138 1619 tor-

319 1636 412 1657 mento
435 1634 552 1665 pecunia
582 1633 740 1664 possidetur
759 1639 843 1664 quam
863 1632 1005 1663 quatitur.
1021 1640 1034 1654 »
1055 1631 1135 1660 ltem,

318 1668 396 1698 epist.
410 1669 456 1693 119
470 1676 475 1693 :
491 1678 505 1691 κ
518 1669 586 1693 Nam
607 1668 681 1700 quod
704 1668 738 1693 ad
758 1668 820 1692 illos
840 1668 960 1699 pertinet
980 1674 1051 1699 quos
1069 1667 1137 1691 falso

318 1702 477 1728 divitiarum
501 1710 604 1729 nomen
626 1704 727 1729 invasit
747 1705 882 1735 occupata
912 1705 1070 1734 paupertas,
1097 1702 1138 1726 sic

318 1738 429 1763 divitias
457 1740 562 1765 habent
588 1739 728 1771 quomodo
755 1739 857 1764 habere
884 1738 1002 1763 dicimur
1021 1738 1136 1770 febrem,

319 1780 382 1799 cum
397 1774 443 1800 illa
458 1782 509 1800 nos
530 1775 638 1800 habeat.
665 1775 688 1800 E
708 1775 845 1800 contrario
868 1774 962 1799 dicere
981 1774 1136 1799 debemus:

317 1809 413 1834 Febris
441 1811 520 1835 illum
546 1813 628 1836 tenet.
655 1810 760 1835 Eodem
784 1810 868 1835 modo
894 1810 1045 1835 dicendum
1071 1811 1135 1834 est:

318 1844 428 1871 Divitias
447 1846 527 1871 illum
555 1847 658 1871 tenent.
673 1854 687 1868 »
712 1845 839 1869 Valerius
862 1845 1007 1874 Maximus,
1027 1844 1075 1869 lib.
1095 1850 1136 1874 ix,

318 1887 378 1912 cap,
400 1881 415 1905 4
440 1888 477 1905 ;‹‹
504 1881 602 1906 Procul
623 1880 707 1905 dubio
735 1881 758 1904 is
783 1886 839 1904 non
866 1879 989 1911 possidet
1017 1878 1135 1903 divitias.

318 1916 367 1942 sed
394 1924 409 1941 a
439 1917 543 1941 divitiis
568 1922 713 1948 possessus
740 1918 818 1941 est.»
845 1915 942 1940 Simile
973 1915 1040 1947 quid
1063 1914 1137 1945 apud

319 1952 531 1983 Philostratum,
555 1953 584 1977 in
617 1953 674 1977 Vita
699 1951 833 1983 Apollonii
870 1950 992 1982 Tyanzi,
1020 1949 1068 1974 lib.
1108 1955 1136 1979 ν,

319 1994 378 2019 cap.
395 1990 418 2013 8.

349 2024 398 2055 (91)
411 2024 491 2055 Atque
508 2030 578 2055 opes.
596 2023 653 2048 Has
671 2023 739 2047 duas
756 2029 849 2051 voces,
872 2028 942 2053 quas
963 2027 1020 2045 non
1042 2020 1137 2045 inveni

317 2059 344 2083 in
360 2060 484 2091 antiquis
512 2059 682 2084 editionibus
704 2065 796 2090 neque
815 2059 842 2083 in
865 2058 923 2082 ullo
946 2064 1040 2082 eorum
1062 2058 1137 2081 vete-

317 2102 379 2119 rum
401 2095 601 2126 exemplarium
629 2094 732 2126 quibus
755 2096 828 2125 utor,
865 2100 929 2125 quae
963 2099 979 2117 a
1015 2092 1137 2117 Pamelio

318 2131 435 2162 adjectae
450 2133 525 2159 sunt.
538 2132 564 2155 et
583 2130 748 2160 Gronovius,
762 2130 809 2154 lib.
826 2136 853 2154 ιιι
868 2129 1001 2153 Obseruat.
1017 2135 1076 2159 cap.
1098 2127 1136 2157 12,

316 2167 424 2191 monuit
437 2172 498 2191 esse
514 2166 657 2195 delendas,
674 2172 724 2197 ego
740 2171 852 2197 quaque
871 2166 1034 2196 putaveram
1048 2163 1137 2187 omitti

316 2201 428 2231 debere,
445 2208 510 2226 cum
524 2201 677 2233 praesertim
691 2200 813 2225 viderem
828 2200 1001 2228 Ciceronem,
1017 2200 1045 2223 in
1066 2198 1137 2222 libro

315 2237 346 2261 de
356 2237 491 2265 Amicitia,
503 2243 606 2268 ponere
621 2236 780 2261 discrimem
795 2236 866 2260 inter
882 2235 993 2259 divitias
1013 2237 1040 2259 et
1060 2240 1135 2265 opes.

316 2273 363 2297 Ait
384 2273 459 2297 enim
476 2280 481 2296 :
505 2281 519 2295 «
539 2272 660 2302 Divitias,
684 2274 715 2297 ut
734 2274 832 2301 utare;
862 2278 928 2302 opes
952 2272 984 2294 ut
1007 2269 1106 2294 colare.
1123 2278 1137 2292 ››

318 2309 421 2334 Verum
434 2308 504 2333 nihil
517 2310 624 2333 mutare
639 2308 724 2339 volui,
737 2307 801 2339 quia
826 2306 904 2331 video
924 2307 1062 2337 receptam
1076 2311 1137 2329 esse

316 2346 390 2371 hanc
405 2346 561 2371 lectionem.
579 2345 671 2370 Potest
691 2346 765 2370 enim
786 2343 907 2374 adjuvari
924 2349 958 2367 ex
976 2342 1137 2367 discrimine

317 2382 393 2414 quod
408 2381 505 2407 Cicero
519 2381 598 2413 ponit
622 2382 693 2405 inter
716 2379 828 2404 divitias
851 2381 935 2410 atque
956 2383 1033 2414 opes.
1054 2377 1138 2402 Lom—

318 2417 413 2442 bertus
435 2418 471 2442 ita
490 2417 570 2442 vertit
592 2416 668 2441 hunc
688 2416 782 2441 locum
804 2422 837 2441 ac
861 2416 884 2439 si
906 2420 990 2439 voces
1008 2413 1063 2438 illm
1082 2420 1138 2438 non

321 2455 412 2477 essent
425 2452 565 2484 Cypriani,
581 2452 646 2484 quia
661 2451 766 2476 divitia:
776 2453 803 2476 et
813 2457 880 2482 opes
895 2449 992 2474 eodem
1003 2448 1139 2474 vocabulo

322 2489 518 2520 exprimuntur
532 2487 606 2519 apud
619 2487 723 2513 Gallos.

349 2530 399 2561 (92)
428 2530 487 2554 Tam
509 2529 554 2553 illa
581 2530 680 2553 timere.
704 2529 811 2555 Cicero,
837 2528 864 2552 in
891 2527 962 2552 libro
995 2526 1084 2558 primo
1106 2525 1139 2550 da

318 2565 466 2597 Ofﬁciis:«
487 2564 599 2589 Etenim
622 2564 670 2596 qui
695 2570 726 2589 se
754 2564 841 2588 metui
863 2563 960 2587 volunt
988 2569 1003 2587 a
1034 2561 1138 2593 quibus

317 2605 488 2632 metuuntur,
518 2602 630 2627 eosdem
655 2603 782 2626 metuant
813 2601 866 2632 ipsi
905 2606 1021 2625 necesse
1049 2602 1099 2624 est.
1123 2608 1137 2622 »

318 2639 403 2669 ldem,
420 2639 449 2663 in
471 2637 542 2662 libro
567 2637 597 2661 de
614 2637 738 2662 Amicitia
753 2644 761 2661 ς
776 2646 789 2658 «
813 2637 883 2668 Quis
905 2636 980 2661 enim
999 2638 1047 2660 aut
1072 2642 1137 2660 eum

315 2675 406 2705 diligit
428 2680 511 2706 quem
531 2673 639 2703 metuit,
658 2675 706 2698 aut
729 2679 794 2697 eum
817 2680 831 2697 a
852 2679 908 2704 quo
927 2678 957 2697 se
982 2672 1069 2696 metui
1084 2678 1138 2702 pu-

317 2712 382 2736 tat?
404 2719 418 2733 «
441 2710 558 2740 Seneca,
577 2710 624 2735 lib.
645 2711 700 2735 ide
717 2709 870 2740 Clementia,
891 2715 951 2740 cap.
964 2709 980 2734 9
1002 2715 1008 2732 :
1032 2717 1046 2731 «
1063 2708 1138 2733 Tan—

319 2749 378 2771 tum
398 2747 472 2771 enim
500 2752 615 2771 necesse
640 2748 681 2771 est
700 2746 797 2771 timeat
816 2747 951 2777 quantum
976 2744 1067 2769 timeri
1088 2750 1138 2768 vo-

319 2783 381 2807 luit.
398 2791 412 2806 »
435 2782 521 2812 ldem,
545 2783 624 2813 epist.
652 2782 698 2806 105
717 2789 723 2805 :
743 2789 758 2805 α
773 2781 870 2813 Adjice
891 2787 968 2805 nunc
995 2779 1071 2812 quod
1090 2780 1138 2811 qui

319 2818 431 2842 timetur
445 2818 532 2842 timet.
554 2826 568 2840 »
588 2817 672 2847 ldem,
697 2816 744 2842 lib.
761 2823 790 2842 iv
811 2817 842 2841 da
855 2816 997 2848 Beneﬁciis,
1014 2822 1074 2847 cap.
1087 2815 1117 2840 19
1132 2822 1137 2838 :

320 2864 333 2878 «
358 2855 416 2880 Nec
440 2855 589 2887 quisquam
617 2857 692 2879 amat
717 2860 788 2886 quos
812 2854 900 2878 timet.
920 2863 935 2876 »
960 2853 1021 2879 Non
1047 2854 1140 2884 potest

321 2892 395 2917 enim
409 2893 448 2922 (ut
461 2891 535 2916 idem
560 2891 598 2916 ait
619 2891 647 2915 in
669 2890 785 2922 epistola
804 2891 844 2922 47)
862 2896 939 2915 amor
958 2896 1022 2915 cum
1040 2889 1139 2913 timore

321 2928 442 2954 misceri.
469 2927 577 2954 Seneca
598 2926 719 2959 (Edipo;
736 2935 750 2951 ς
770 2926 824 2959 Qui
843 2927 952 2958 sceptra
973 2924 1028 2950 duo
1049 2929 1139 2950 saevus

1186 1002 1258 1020 none
1278 1003 1283 1019 :
1308 1003 1322 1019 «
1349 995 1434 1020 Metui
1458 996 1583 1027 cupiunt,
1606 995 1748 1027 metuique
1773 995 1879 1019 timent.
1906 993 1996 1018 »Εἰθ-

1186 1037 1253 1062 gens
1284 1034 1325 1055 est
1353 1031 1380 1055 in
1411 1032 1520 1056 Octavia
1557 1031 1680 1063 ejusdem
1717 1031 1839 1056 auctoris
1868 1030 1997 1061 Dialogus

1186 1066 1257 1091 inter
1283 1066 1419 1091 Neronem
1450 1070 1477 1092 et
1506 1067 1649 1092 Senecam.
1677 1067 1748 1092 Nero
1777 1067 1838 1091 ait:
1859 1065 1996 1090 «Ferrum

1187 1103 1277 1126 tuetur
1302 1102 1465 1134 principem.
1491 1112 1505 1125 »
1530 1103 1635 1128 Seneca
1659 1102 1806 1134 respondet
1835 1110 1840 1125 :
1862 1111 1877 1123 σε
1904 1101 1998 1126 Melius

1186 1136 1262 1161 ﬁdes.
1279 1146 1293 1159 ν
1314 1137 1431 1168 Reponit
1448 1138 1519 1162 Nero
1536 1146 1541 1162 :
1568 1146 1581 1160 ί(
1607 1138 1694 1162 Decet
1714 1137 1803 1162 timeri
1824 1136 1970 1161 Ctesarem.
1983 1144 1997 1160 is

1187 1171 1293 1197 Seneca
1320 1179 1385 1197 vero
1409 1180 1444 1196 :«
1473 1173 1508 1197 At
1526 1173 1589 1204 plus
1613 1172 1699 1205 diligi.
1724 1181 1737 1195 »
1762 1173 1846 1197 Recte
1868 1172 1996 1203 profecto.

1186 1207 1308 1232 Adnotat
1328 1209 1401 1233 enim
1423 1209 1546 1234 Velleius
1568 1209 1732 1234 Paterculus
1755 1208 1906 1238 Caesarem,
1918 1214 1997 1239 quem

1187 1244 1238 1268 Dio
1253 1244 1373 1273 Cassius,
1388 1244 1436 1269 lib.
1453 1251 1567 1270 xxxvul
1584 1247 1611 1270 et
1628 1251 1696 1275 XLII,
1710 1245 1807 1270 scribit
1824 1246 1924 1269 natura
1940 1244 1998 1275 pla-

1186 1278 1280 1303 cidum
1309 1280 1337 1304 et
1354 1281 1611 1304 mansuetissimum
1635 1282 1663 1305 et
1689 1286 1868 1312 nequaquam
1891 1280 1998 1303 iracun—

1187 1313 1253 1338 dum
1280 1315 1375 1345 fuisse,
1399 1315 1521 1347 itemque
1550 1317 1717 1347 Augustum,
1744 1316 1781 1340 ita
1808 1323 1823 1339 a
1850 1317 1938 1347 patre,
1970 1316 2000 1339 ut

1186 1349 1261 1374 idem
1275 1350 1334 1380 Dio,
1351 1350 1397 1375 lib.
1415 1357 1493 1376 XLVII
1507 1352 1633 1382 testatur,
1652 1351 1793 1381 edoctum,
1813 1350 1938 1380 adnotat,
1960 1351 1999 1374 in-

1187 1392 1279 1417 quam,
1293 1386 1416 1412 Velleius
1435 1386 1580 1418 Caesarem,
1597 1394 1661 1413 cum
1684 1388 1709 1413 ei
1732 1388 1819 1412 Pansa
1845 1390 1874 1412 et
1897 1387 2000 1412 Hirtius

1187 1422 1365 1447 consulerent
1384 1425 1415 1447 ut
1435 1424 1620 1454 principatum
1641 1423 1724 1448 armis
1744 1424 1896 1454 quaesitum
1922 1422 2001 1446 armis

1188 1458 1302 1487 teneret,
1331 1458 1515 1489 respondisse.
1538 1459 1624 1483 amari
1642 1465 1671 1483 se
1690 1465 1772 1490 quam
1792 1459 1885 1483 timeri
1911 1457 1999 1487 malle,

1188 1491 1328 1517 diversum
1353 1494 1483 1517 nimirum
1498 1500 1512 1518 a
1529 1494 1689 1524 Maximino,
1711 1495 1766 1524 cui,
1789 1496 1819 1518 ut
1849 1494 1888 1517 ait
1914 1493 2002 1518 Julius

1188 1528 1369 1560 Capitolinus,
1398 1537 1562 1562 persuasum
1588 1533 1656 1561 erat,
1682 1531 1736 1556 nisi
1756 1531 1922 1556 crudelitate
1953 1531 2002 1554 im—

1188 1565 1295 1595 perium
1319 1572 1376 1590 non
1397 1567 1491 1590 teneri.
1513 1566 1582 1590 Nam
1602 1566 1697 1596 amari,
1721 1566 1784 1596 coli,
1809 1566 1890 1598 diligi
1916 1566 2002 1596 majus

1189 1600 1303 1631 imperio
1316 1607 1376 1625 esse
1391 1601 1502 1632 scripsit
1521 1600 1717 1632 Symmachus,
1740 1601 1788 1626 lib.
1809 1608 1842 1631 x,
1867 1602 1947 1633 epist.
1964 1601 2002 1630 51,

1187 1636 1246 1660 sive
1268 1636 1297 1660 in
1322 1636 1454 1661 Relations
1476 1637 1512 1661 ad
1533 1637 1711 1668 imperatores.
1732 1637 1841 1662 Laudat
1863 1637 2001 1665 Sidonius,

1187 1671 1234 1696 lib.
1254 1679 1284 1700 II,
1306 1673 1384 1703 epist.
1405 1673 1428 1703 3,
1445 1679 1538 1704 regem
1562 1673 1719 1698 Gothorum
1746 1673 1964 1703 Theodoricum,
1979 1672 2004 1696 et

1186 1707 1265 1738 ponit
1279 1707 1350 1732 inter
1373 1709 1528 1740 praecipuas
1550 1710 1610 1740 ejus
1636 1708 1734 1734 laudes
1753 1716 1759 1733 :
1780 1718 1793 1731 «
1814 1709 1916 1733 Dicam
1931 1706 2003 1739 quod

1187 1742 1284 1766 sentio.
1310 1742 1401 1767 Timet
1419 1743 1547 1768 timeri.»
1572 1744 1608 1768 Et
1630 1746 1723 1769 tamen
1751 1744 1906 1775 aliquando
1927 1743 2004 1768 timor

1187 1778 1297 1808 signum
1306 1780 1346 1802 est
1358 1779 1467 1808 amoris,
1476 1780 1501 1803 et
1510 1779 1642 1804 Martialis
1655 1780 1730 1809 dicit,
1739 1779 1786 1804 lib.
1799 1786 1827 1809 x,
1838 1779 1934 1811 Epigr.
1943 1784 2003 1803 th:

1187 1821 1201 1834 «
1217 1812 1270 1838 Res
1295 1816 1338 1838 est
1358 1814 1506 1846 imperiosa
1529 1815 1618 1839 timor.
1647 1823 1661 1838 ι)
1680 1815 1829 1840 Vulcatius
1845 1814 2005 1840 Gallicanus

1187 1848 1225 1872 ait
1247 1849 1281 1873 de
1306 1849 1406 1874 Avidio
1430 1849 1526 1875 Caesio
1549 1858 1555 1874 :
1583 1860 1596 1872 «
1615 1850 1714 1875 Meruit
1740 1851 1832 1875 timeri
1855 1851 1923 1882 quia
1952 1855 2005 1874 non

1186 1885 1319 1909 metuit.»
1335 1885 1366 1909 Id
1383 1885 1475 1917 ipsum
1497 1886 1603 1911 dixerat
1622 1886 1760 1914 Lucanus,
1784 1886 1834 1911 lib.
1860 1893 1879 1912 ν
1896 1894 1901 1910 :
1919 1894 1932 1909 ί(
1950 1886 2006 1910 Me—

1187 1920 1299 1951 ruitque
1326 1921 1415 1945 timeri
1440 1928 1495 1945 non
1515 1925 1653 1946 metuens.
1672 1931 1685 1945 »
1703 1922 1872 1947 Ammianus
1898 1921 2006 1946 Marcel-

1187 1955 1272 1985 linus,
1287 1956 1334 1980 lib.
1353 1963 1403 1986 xv,
1420 1957 1532 1982 adnotat
1543 1958 1686 1982 Julianum
1699 1958 1900 1989 imperatorem
1922 1957 2005 1982 dilec-

1188 1992 1248 2015 tum
1269 1992 1425 2017 arctissime
1439 1992 1505 2017 dum
1522 1994 1673 2023 timeretur,
1696 1995 1721 2018 et
1744 1993 1792 2017 lib.
1818 1999 1917 2022 xxvn,
1937 1993 2006 2016 Pras-

1188 2029 1323 2052 textatum
1347 2029 1508 2060 praefectum
1529 2029 1605 2059 Urbi,
1625 2036 1689 2054 cum
1713 2029 1870 2058 timeretur,
1888 2034 2007 2053 amorem

1187 2069 1243 2087 non
1266 2063 1419 2094 perdidisse
1445 2065 1569 2093 civium;
1596 2065 1663 2096 quia
1693 2065 1817 2089 maximo
1850 2064 1952 2093 amori,
1981 2064 2009 2087 ut

1187 2099 1225 2122 ait
1238 2099 1427 2129 Mamertinus,
1448 2100 1587 2125 maximus
1609 2101 1691 2125 timor
1701 2101 1816 2132 junctus
1833 2102 1888 2125 est.
1910 2099 2009 2124 Contra

1188 2133 1300 2159 Flavius
1334 2135 1481 2166 Vopiscus,
1508 2136 1634 2167 queritur
1664 2135 1698 2160 de
1737 2136 1906 2160 infelicitate
1937 2135 2008 2166 prin-

1187 2169 1256 2201 cipis
1280 2170 1432 2201 Aureliani,
1454 2171 1504 2203 qui
1526 2178 1589 2196 cum
1610 2173 1682 2196 esset
1697 2171 1830 2202 optimus,
1862 2171 2010 2196 timebatur

1188 2205 1311 2236 quidem,
1334 2206 1383 2231 sed
1405 2212 1462 2231 non
1482 2206 1635 2231 amabatur.
1659 2206 1731 2231 Sunt
1755 2207 1832 2231 enim
1859 2205 2010 2238 aliquando

1187 2240 1306 2271 subjecti
1342 2242 1463 2272 protervi
1493 2243 1521 2266 et
1553 2243 1751 2269 contumaces.
1786 2241 1875 2273 quia,
1912 2243 1941 2265 ut
1976 2240 2011 2264 ait

1189 2276 1345 2307 Xenophon
1360 2277 1388 2301 in
1410 2277 1481 2301 libro
1503 2284 1522 2302 v
1542 2277 1574 2302 de
1599 2277 1686 2302 Pedia
1709 2277 1783 2308 Cyri,
1807 2280 1905 2302 metus
1926 2278 1955 2301 et
1968 2276 2010 2300 lex

1187 2312 1254 2336 satis
1268 2314 1334 2336 sunt
1354 2312 1388 2337 ad
1412 2319 1534 2337 amorem
1554 2312 1747 2337 inhibendum.
1764 2311 1841 2337 Sunt
1862 2313 1939 2337 enim
1963 2311 2010 2336 ali—

1187 2347 1299 2379 quando
1323 2348 1462 2379 principes
1491 2348 1527 2372 ita
1549 2355 1648 2379 parum
1677 2349 1802 2372 amantes
1826 2348 1971 2379 subjectos
1983 2347 2012 2371 ut

1188 2389 1218 2407 se
1243 2383 1278 2407 ab
1303 2383 1358 2408 illis
1385 2383 1471 2408 amari
1497 2390 1554 2408 non
1581 2385 1691 2413 curent.
1718 2383 1759 2408 uti
1787 2383 1825 2408 de
1854 2381 2010 2408 Alexandro

1189 2419 1223 2443 Μ.
1245 2421 1361 2443 testatur
1375 2418 1493 2450 Seneca,
1516 2418 1563 2443 lib.
1585 2419 1640 2443 Ide
1663 2418 1808 2449 Beneﬁciis,
1825 2426 1852 2444 c.
1876 2420 1917 2448 15,
1938 2419 2011 2442 aiens

1188 2454 1266 2478 illum
1280 2461 1422 2479 summum
1437 2454 1543 2479 bonum
1566 2454 1681 2480 duxisse
1704 2455 1800 2479 terrori
1824 2461 1891 2480 esse
1906 2454 2012 2479 cunctis

1188 2490 1359 2515 mortalibus.
1387 2490 1460 2515 Sane
1484 2491 1591 2521 justum
1623 2492 1665 2515 est
1697 2492 1728 2514 ut
1753 2490 1854 2521 populi
1884 2489 2012 2515 obediant

1187 2525 1361 2557 principibus
1383 2532 1488 2557 eosque
1505 2526 1637 2555 timeant;
1653 2525 1757 2557 alioqui
1778 2526 1892 2550 corruit
1915 2531 2013 2556 respu-

1188 2560 1270 2586 blica.
1299 2561 1354 2586 Sed
1380 2563 1474 2585 tamen
1502 2561 1642 2592 principes
1665 2562 1741 2585 omni
1766 2567 1823 2592 ope
1848 2562 1903 2586 niti
1937 2561 2014 2585 decet

1189 2599 1220 2621 ut
1246 2603 1276 2622 se
1298 2596 1362 2628 plus
1386 2597 1473 2621 amari
1500 2596 1615 2628 diligant
1644 2603 1729 2628 quam
1759 2597 1874 2628 timeri,
1903 2597 1945 2621 uti
1972 2596 2014 2620 ta—

1189 2632 1281 2657 ciebat
1305 2632 1384 2657 Titus
1411 2633 1569 2663 imperator,
1591 2631 1626 2657 ob
1652 2632 1706 2657 hoc
1739 2635 1862 2657 vocatus
1901 2631 2013 2657 Deliciis

1188 2669 1297 2700 generis
1315 2668 1440 2693 humani.
1465 2668 1512 2693 Sic
1536 2674 1566 2693 se
1587 2670 1662 2692 tutos
1681 2667 1862 2699 praestabunt
1882 2668 2014 2693 adversus

1187 2704 1303 2729 insidias
1313 2706 1341 2729 et
1352 2704 1582 2735 conspirationes,
1598 2706 1626 2728 et
1651 2710 1682 2728 se
1703 2703 1871 2728 liberabunt
1896 2711 1912 2728 a
1931 2705 2012 2727 metu.

1188 2740 1257 2765 Nam
1273 2746 1370 2765 verum
1385 2742 1427 2764 est
1440 2739 1515 2771 quod
1529 2739 1611 2763 multi
1632 2738 1788 2771 prodidere,
1814 2746 1936 2765 necesse
1957 2743 2014 2764 esse

1189 2778 1220 2800 ut
1239 2775 1342 2800 multos
1365 2775 1462 2799 timeat
1480 2781 1563 2806 quem
1587 2774 1668 2799 multi
1689 2775 1796 2799 timent.
1825 2775 1918 2800 Nemo
1943 2774 2014 2799 enim

1188 2812 1279 2843 potest
1295 2810 1428 2836 terribilis
1449 2817 1511 2835 esse
1534 2816 1662 2841 securus,
1675 2812 1708 2835 ut
1727 2810 1764 2834 ait
1791 2809 1918 2841 Seneca,
1937 2809 2013 2842 epist.

1221 2887 1267 2918 (93)
1297 2887 1444 2911 Proiectum
1475 2886 1555 2911 tatus.
1592 2886 1665 2911 Hinc
1699 2888 1757 2910 orta
1784 2886 1914 2918 dignitas
1952 2892 2015 2920 pro—-

1189 2924 1326 2949 tectorum
1348 2922 1501 2949 inclinante
1519 2921 1635 2954 imperio
1662 2921 1802 2953 Romano,
1826 2922 1879 2955 qui
1901 2922 1938 2948 ita
1952 2920 2015 2947 dictl
