4028 6200
219 250 294 305 ᾔό
1640 245 1961 305 EPISTULA
2000 242 2039 303 l.

3414 250 3517 309 226

217 375 440 445 stipatore
490 376 732 427 tueatur.
790 372 965 436 Quam
1032 388 1260 426 securos
1314 388 1431 427 non
1484 373 1617 427 sinit
1667 391 1787 429 esse
1812 376 2015 459 Afons
2066 375 2231 445 rigat,
2272 374 2453 429 imber
2494 375 2718 443 irrorat,
2770 375 2848 430 ita
2893 392 2951 431 se
2988 377 3233 447 Spiritus
3278 381 3519 435 caelestis

214 468 467 533 subiectos,
498 474 604 520 tam
638 482 870 520 necesse
901 471 986 520 est
1013 481 1128 519 non
1169 465 1240 518 sit
1278 472 1333 520 et
1379 467 1499 536 ipse
1538 483 1784 522 securus.

212 566 324 616 Ante
364 560 505 629 ipsos
540 564 713 613 terret
762 562 1009 629 potestas
1050 575 1149 612 sua
1211 576 1351 629 quos
1397 560 1531 613 facit
1582 561 1625 594 ιε
1670 577 1789 615 esse

213 653 465 707 terribiles.
493 651 716 706 Arridet
745 655 806 705 ut
834 652 1028 706 saeviat
1057 653 1188 723 (94),
1213 651 1499 706 blanditur
1527 656 1587 706 ut
1614 654 1786 722 fallat,

210 747 333 801 illicit
375 752 428 800 ut
468 746 701 813 occidat,
750 746 964 799 extollit
1005 746 1050 779 ¹⁹
1095 751 1158 799 ut
1208 746 1506 815 deprimat.
1555 747 1788 800 anore

212 840 413 910 quodam
441 838 699 904 nocendi,
720 854 891 909 quam
910 838 1083 892 fuerit
1108 838 1351 909 amplior
1364 854 1584 892 summa
1611 838 1793 910 digni-

210 934 308 988 tatis
347 939 397 986 et
438 933 717 986 honorum
760 932 889 1003 (95),
944 937 1061 986 tam
1110 933 1297 1002 major
1335 931 1580 1003 exigitur
1623 948 1789 986 usura

206 1042 482 1096 penatum.

259 1120 367 1173 XIV.
394 1120 506 1172 Una
536 1118 712 1188 igitur
750 1117 970 1189 placida
1001 1121 1060 1172 et
1098 1118 1207 1171 fida
1250 1118 1645 1189 tranquillitas,
1678 1134 1791 1171 una

206 1214 349 1267 solida
378 1217 430 1265 et
453 1213 617 1265 ﬁrma
660 1215 715 1266 et
752 1217 1028 1282 perpetua
1077 1213 1189 1282 (96)
1234 1211 1527 1277 securitas,
1556 1212 1597 1264 si
1641 1211 1786 1281 quis,

208 1307 258 1360 ab
302 1307 376 1359 his
430 1306 797 1375 inquietantis
852 1306 1041 1359 saeculi
1102 1305 1425 1360 turbinibus
1483 1311 1786 1371 extractus,

208 1399 426 1453 salutaris
452 1401 646 1468 portus
694 1398 930 1451 statione
978 1399 1251 1452 fundatus
1302 1398 1434 1468 (97),
1466 1399 1536 1451 ad
1586 1399 1789 1452 caelum

120 1540 121 1543 η
206 1494 360 1545 oculos
390 1492 543 1544 tollat
570 1490 618 1524 ²⁰
645 1507 677 1544 a
706 1491 886 1557 terris,
922 1495 979 1545 et
1004 1492 1074 1545 ad
1106 1490 1331 1545 Domini
1357 1508 1566 1545 munus
1587 1492 1789 1545 admis-

206 1603 293 1652 sus,
338 1601 395 1637 ac
451 1587 559 1638 Deo
616 1600 717 1637 suo
764 1589 951 1637 mente
987 1584 1111 1654 jam
1157 1584 1467 1654 proximus,
1518 1584 1785 1655 quicquid

204 1678 319 1747 apud
338 1682 560 1731 caeteros
590 1678 647 1729 in
674 1676 843 1730 rebus
870 1677 1130 1730 humanis
1157 1677 1398 1730 sublime
1424 1694 1489 1731 ac
1516 1693 1787 1746 magnum

1888 469 2157 523 infundit.
2217 469 2520 539 Postquam
2574 472 2864 524 auctorem
2920 488 3107 537 suum,
3157 474 3363 527 caelum
3430 475 3515 528 in-

1890 566 2074 630 tuens,
2106 562 2299 615 anima
2343 563 2634 632 cognovit,
2666 563 2782 616 sole
2821 563 2991 618 altior
3015 566 3062 599 ’6
3113 571 3170 618 et
3216 567 3322 621 hac
3361 570 3521 621 omni

1890 661 2121 709 terrena
2170 658 2446 725 potestate
2494 655 2813 722 sublimior,
2870 657 2925 710 id
2969 674 3087 712 esse
3132 659 3328 730 incipit
3366 662 3518 731 quod

1891 766 2013 802 esse
2044 765 2103 803 se
2131 748 2330 803 credit.

1960 843 2065 895 XV.
2121 842 2200 895 Tu
2244 846 2488 907 tantum,
2542 858 2715 912 quem
2766 842 2888 911 jam
2934 843 3277 913 spiritalibus
3324 849 3520 903 castris

1891 936 2129 990 cmlestis
2159 934 2357 988 militia
2383 935 2645 1005 signavit,
2678 941 2811 989 tene
2842 936 3255 1008 incorruptam,
3280 943 3411 995 tene
3440 959 3521 996 so-

1890 1028 2069 1082 briam
2100 1028 2375 1099 religiosis
2402 1028 2704 1082 virtutibus
2743 1029 3119 1100 disciplinam.
3152 1032 3236 1087 Sit
3283 1033 3384 1086 tibi
3433 1036 3520 1088 vel

1890 1110 2071 1175 oratio
2101 1121 2323 1174 assidua
2351 1120 2436 1174 vel
2464 1121 2634 1175 lectio
2668 1137 2680 1175 :
2715 1138 2868 1176 nunc
2895 1139 3023 1176 cum
3047 1124 3092 1156 ²τ
3130 1124 3239 1179 Deo
3266 1124 3521 1195 loquere,

1890 1230 2040 1268 nunc
2069 1215 2217 1267 Deus
2260 1219 2448 1267 tecum
2484 1230 2497 1266 :
2541 1214 2632 1267 ille
2672 1218 2725 1268 te
2765 1216 3062 1286 praeceptis
3100 1218 3216 1270 suis
3260 1219 3521 1288 instruat,

1890 1307 1984 1360 ille
2040 1307 2322 1377 disponat.
2360 1308 2541 1370 Quem
2590 1307 2682 1361 ille
2731 1307 2964 1362 divitem
3011 1310 3209 1364 fecerit
3252 1312 3321 1377 ’3,
3355 1328 3522 1366 nemo

1888 1416 2200 1471 pauperem
2231 1400 2394 1453 faciet
2421 1416 2434 1453 :
2467 1400 2708 1469 penuria
2741 1417 2864 1455 esse
2883 1402 3037 1455 nulla
3060 1403 3181 1472 jam
3217 1406 3521 1474 poteritcui

1889 1493 2058 1546 semel
2094 1499 2290 1563 pectus
2319 1493 2365 1526 ²⁹
2407 1493 2647 1546 εωίθεῐίε
2692 1494 2889 1563 sagina
2934 1496 3219 1549 saturavit.
3253 1499 3375 1551 Jani
3420 1498 3523 1552 tibi

1890 1602 2030 1639 auro
2063 1585 2324 1639 distincta
2352 1586 2647 1657 laquearia
2665 1591 2721 1639 et
2748 1587 2976 1656 pretiosi
3002 1590 3307 1643 marmoris
3322 1592 3523 1644 crustis

1890 1677 2082 1750 222
2129 1680 2333 1733 vestita
2376 1679 2661 1733 domicilia
2704 1680 3029 1747 sordebunt,
3063 1699 3190 1735 cum
3243 1686 3436 1737 scieris
3467 1691 3520 1737 te

203 1771 403 1837 videtur,
432 1770 577 1823 infra
602 1786 765 1823 suam
807 1769 997 1839 jacere
1034 1769 1440 1823 conscientiam
1490 1770 1785 1839 glorietur.
1807 1754 1866 1824 B
1891 1772 2269 1826 excolendum
2300 1774 2347 1806 ³ο
2376 1773 2575 1842 magis,
2604 1778 2661 1826 te
2690 1773 2879 1842 potius
2907 1775 3252 1843 ornandum,
3285 1777 3521 1831 domum

203 1863 317 1915 Nihil
364 1868 628 1933 appetere
675 1863 795 1932 jam
830 1904 843 1928 ,
899 1862 1041 1916 nihil
1091 1862 1412 1917 desiderare
1465 1863 1533 1916 de
1585 1863 1787 1917 saeculo

202 1960 348 2025 potest
374 1956 465 2027 qui
513 1956 721 2009 saeculo
755 1954 939 2025 major
981 1960 1085 2010 est.
1114 1957 1298 2019 Quam
1348 1955 1584 2022 stabilis,
1615 1972 1785 2026 quam

200 2049 487 2102 inconcussa
518 2049 693 2103 tutela
724 2046 905 2122 221
946 2053 1049 2115 est,
1085 2064 1258 2119 quam
1305 2048 1653 2119 perennibus
1682 2048 1785 2104 bo-

199 2142 263 2194 nis
285 2142 322 2176 ²¹
350 2143 572 2196 caeleste
598 2141 953 2212 praesidium,
983 2141 1329 2212 implicantis
1360 2142 1788 2213 mundilaqueis

200 2234 324 2302 solvi,
352 2235 405 2288 in
451 2235 641 2289 lucem
680 2234 1122 2289 immortalitatis
1171 2240 1402 2289 internae
1447 2234 1516 2289 de
1562 2240 1789 2290 terrena

196 2328 302 2381 faece
324 2328 549 2398 purgari
581 2329 591 2381 l
621 2328 838 2382 Viderit
860 2328 907 2363 ²²
939 2342 1066 2400 quae
1106 2328 1164 2382 in
1195 2344 1298 2382 nos
1333 2328 1491 2399 prius
1522 2328 1787 2382 infestan-

197 2421 250 2473 tis
292 2422 489 2475 inimici
546 2421 833 2491 pernicies
880 2422 1152 2476 insidiosa
1201 2429 1455 2492 grassata
1506 2422 1596 2476 sit.
1655 2422 1786 2476 Plus

193 2530 349 2569 amare
368 2515 761 2585 compellimur
781 2516 930 2585 quod
957 2515 1131 2569 futuri
1153 2531 1365 2582 sumus,
1400 2516 1535 2569 dum
1563 2520 1621 2569 et
1640 2515 1782 2569 scire

195 2608 475 2662 conceditur
518 2612 579 2662 et
613 2608 883 2663 damnare
920 2608 1071 2678 quod
1120 2624 1370 2662 eramus.
1414 2609 1524 2662 Nec
1556 2609 1626 2663 ad
1675 2608 1781 2662 hoc

195 2701 351 2769 pretiis
377 2706 471 2755 aut
498 2700 723 2755 ambitu
768 2704 867 2754 aut
912 2717 1083 2755 manu
1113 2717 1253 2771 opus
1293 2706 1396 2769 est,
1432 2704 1495 2755 ut
1530 2701 1779 2755 hominis

195 2810 377 2847 summa
401 2796 484 2848 vel
515 2795 769 2865 dignitas
815 2795 897 2848 vel
942 2797 1192 2864 potestas
1230 2794 1517 2848 elaborata
1559 2795 1707 2849 mole
1731 2795 1779 2827 ⁵³

196 2887 436 2955 pariatur;
484 2889 584 2942 sed
632 2888 947 2959 gratuitum
977 2888 1025 2922 ³⁸
1066 2888 1135 2941 de
1180 2888 1295 2941 Deo
1350 2904 1559 2942 munus
1587 2888 1696 2959 (98)
1728 2890 1785 2941 et

196 2978 326 3035 facile
353 2985 433 3035 est
458 2982 529 3035 ²⁵.
554 2982 626 3036 Ut
651 2987 853 3051 sponte
880 2981 957 3035 sol
996 2980 1200 3048 radiat,
1234 2981 1352 3035 dies
1376 2980 1621 3036 luminat
1647 2980 1781 3051 (99),

1889 1864 1991 1919 tibi
2058 1865 2204 1919 hanc
2255 1881 2373 1919 esse
2430 1865 2708 1935 potiorem
2762 1882 2931 1936 quam
2988 1868 3263 1922 Dominus
3315 1870 3524 1924 insedit

1888 1958 2084 2028 templi
2122 1957 2261 2026 vice,
2287 1958 2345 2012 in
2379 1974 2489 2028 qua
2518 1958 2757 2029 Spiritus
2787 1964 3014 2013 sanctus
3041 1960 3211 2031 coepit
3238 1961 3519 2016 habitare.

1888 2050 2193 2121 Pingamus
2232 2052 2377 2105 hanc
2414 2051 2650 2105 domum
2698 2051 3006 2123 pigmentis
3049 2054 3411 2123 innocentiae,
3442 2056 3523 2109 lu-

1889 2145 2382 2198 minemus3‘luce
2403 2145 2640 2215 justitias
2671 2161 2684 2199 :
2716 2146 2837 2199 haec
2868 2163 3159 2217 nunquam
3188 2148 3525 2217 procumbet

1889 2238 1947 2292 in
1996 2239 2221 2309 lapsum
2261 2239 2416 2292 senio
2456 2239 2769 2304 vetustatis,
2801 2255 2923 2307 nec,
2955 2240 3252 2310 pigmento
3292 2242 3523 2311 parietis

1886 2338 1983 2386 aut
2036 2348 2176 2385 auro
2227 2332 2273 2365 ³²
2322 2332 2675 2386 exolescente
2730 2332 3058 2387 fmdabitur.
3110 2335 3334 2389 Caduca
3388 2338 3524 2389 sunt

1884 2441 2241 2495 quacunque
2268 2425 2451 2479 fucata
2482 2432 2631 2493 sunt,
2668 2442 2769 2480 nec
2800 2426 3062 2480 ﬁduciam
3092 2428 3355 2498 praebent
3384 2445 3520 2499 pos-

1884 2518 2195 2572 sidentibus
2223 2519 2483 2573 stabilem
2513 2536 2642 2590 qua:
2670 2520 3037 2589 possessionis
3061 2522 3108 2555 ³³
3154 2538 3266 2575 non
3313 2522 3525 2577 habent

1884 2612 2187 2665 veritatem
2231 2613 2323 2681 (l).
2364 2614 2491 2666 Haec
2531 2616 2727 2666 manet
2765 2612 2811 2647 "
2858 2614 3010 2667 cultu
3050 2614 3271 2684 jugiter
3315 2616 3519 2682 vivido,

1883 2704 2101 2759 honore
2148 2705 2387 2775 integro,
2440 2706 2743 2776 splendore
2794 2705 3086 2760 diuturno.
3131 2707 3357 2763 Aboleri
3403 2725 3519 2763 non

1884 2801 2073 2867 potest
2100 2814 2201 2852 nec
2230 2799 2539 2869 exstingui,
2568 2802 2750 2869 potest
2794 2802 3018 2854 tantum
3061 2800 3119 2854 in
3167 2802 3368 2855 melius
3406 2818 3521 2856 cor-

1885 2907 2024 2961 pore
2054 2891 2334 2945 redeunte
2362 2892 2619 2946 formari.

1955 2984 2086 3038 XVI.
2116 2986 2243 3039 Haec
2274 2984 2503 3040 interim
2542 2985 2827 3053 brevibus,
2870 2987 3084 3040 Donate
3130 2986 3467 3042 charissime
3503 3005 3515 3042 :

1532 3153 1741 3217 Variae
1799 3153 2140 3221 lectiones.

244 3294 454 3355 “Quam
485 3297 621 3346 facit
647 3298 776 3350 Aod.
804 3298 851 3348 3.

196 3363 343 3413 Morel.
430 3371 470 3399 ιι
502 3368 712 3418 Videre
752 3371 881 3418 Mor.
925 3369 1111 3418 Videri
1150 3370 1289 3417 Lam.
1379 3372 1419 3402 ³³
1451 3371 1617 3419 Manu
1658 3372 1765 3420 Lin.

197 3434 315 3493 pitur
358 3435 483 3483 Voss.
585 3441 627 3470 ³⁵
669 3438 855 3489 Facile
896 3444 995 3488 est.
1040 3438 1247 3501 Sponte
1291 3440 1428 3487 Lam.
1475 3441 1565 3489 Eb.

196 3503 228 3535 ³⁸
270 3506 640 3557 Mandatorum
676 3522 903 3558 suorum
944 3510 1137 3558 fecerit
1174 3509 1308 3557 Pem.
1357 3511 1488 3559 Voss.
1522 3512 1568 3560 2.
1606 3512 1725 3561 Fab.

202 3572 285 3619 Vos.
305 3575 345 3622 2.
372 3575 481 3625 Lin.
582 3580 621 3609 δι
655 3578 1043 3627 Illuminemus
1066 3580 1207 3626 Pam.
1238 3580 1346 3641 Rig.

200 3641 283 3692 bus
310 3646 416 3694 Pem
464 3646 585 3695 Lab.
617 3647 743 3696 Bod.
840 3650 881 3679 ³⁴
908 3647 1269 3697 Ρὶτωὶιειιθω,
1308 3649 1490 3700 Manet
1531 3641 1657 3700 νόω.
1688 3653 1735 3701 3.

950 3296 987 3331 τ’
1015 3296 1209 3356 Fallat,
1256 3298 1473 3348 extollit
1507 3299 1640 3347 Pem.
1695 3300 1827 3351 Voss.
1859 3303 1906 3352 2.

2005 3303 2047 3334 ²⁰
2075 3302 2279 3353 Oculos
2314 3302 2457 3352 tollit
2504 3303 2637 3352 Voss.
2673 3304 2718 3353 2.
2813 3306 2853 3335 "
2881 3302 3049 3353 Bonis
3087 3302 3323 3355 afﬂuens
3367 3306 3520 3356 Gaul.

1854 3375 1895 3406 ²⁴
1920 3372 1990 3422 Et
2022 3372 2326 3436 gratuitum
2363 3372 2492 3420 Voss.
2522 3372 2569 3419 Ξ.
2608 3372 2810 3421 Munus
2836 3372 3091 3435 religiosa
3120 3378 3304 3423 mente
3336 3378 3523 3425 conci-

1665 3441 1705 3475 ³⁸
1745 3443 1874 3494 8010
1923 3445 2082 3493 altior
2122 3444 2276 3493 Oxon.

1822 3514 1864 3545 ³³
1907 3513 2051 3564 Cum
2092 3513 2261 3562 semel
2301 3516 2495 3573 pectus
2529 3514 2616 3560 Ar.
2667 3515 2801 3560 Pem.

1445 3582 1485 3612 ³³
1513 3582 1863 3645 Pigmentum
1891 3586 2113 3649 parietis
2144 3596 2279 3633 auro
2304 3583 2443 3630 Lam.
2480 3582 2631 3630 Ebor.
2665 3582 2768 3630 Lm,
2803 3582 2911 3631 ΝΟ.
2932 3584 2980 3632 1.

2387 3441 2428 3474 ³⁷
2469 3444 2628 3492 Nunc
2669 3448 2726 3491 tu
2769 3457 2916 3493 cum.
2958 3445 3046 3491 Ar.
3094 3444 3186 3493 Eb.
3225 3445 3363 3493 Lam.
3408 3448 3522 3495 Ben.

2893 3517 2930 3544 ’ν
2965 3513 3104 3562 Esse
3153 3515 3523 3565 excolendum

3078 3585 3115 3615 ³³
3146 3585 3519 3634 Possessioni—

1452 3763 1680 3846 Steph.
1724 3766 1970 3830 Baluzii
2014 3773 2208 3831 notae.

193 3913 290 3982 sunt
326 3910 465 3974 quod
508 3912 783 3976 principis
826 3913 968 3964 latus
1015 3920 1383 3980 protegerent.
1423 3920 1789 3982 Imperatores

195 3977 428 4030 Honorius
455 3986 509 4031 et
540 3984 911 4045 Theodosius,
943 3985 979 4034 1.
1013 3977 1067 4036 ix
1108 3977 1231 4036 Coit.
1269 3977 1532 4051 Theodosi,
1569 3991 1638 4040 de
1676 3992 1787 4041 Do-

194 4052 399 4102 mesticis
458 4057 515 4102 et
582 4054 996 4105 Protectoribus
1044 4071 1054 4103 :
1105 4074 1135 4101 «
1193 4058 1593 4109 Devotissimos
1660 4075 1787 4124 pro-

197 4124 407 4194 tectores,
462 4126 560 4188 qui
625 4130 891 4175 armatam
941 4127 1193 4177 militiam
1268 4129 1593 4194 subeuntes,
1676 4146 1787 4183 non

195 4190 703 4267 solumdefendendi
748 4198 993 4260 corporis
1038 4200 1144 4259 sui,
1196 4214 1388 4251 verum
1439 4190 1602 4252 etiam
1653 4218 1789 4267 pro-

196 4264 375 4336 tegendi
397 4266 585 4316 lateris
618 4268 791 4316 nostri
834 4269 1270 4320 sollicitudinem
1301 4274 1606 4336 patiuntur,
1639 4264 1788 4324 unde

195 4333 326 4383 etiam
350 4336 729 4387 Protectorum
760 4351 962 4387 nomen
989 4342 1165 4390 sortiti
1194 4333 1342 4404 sunt,
1370 4344 1637 4408 inglorios
1665 4358 1787 4396 esse

194 4413 278 4452 non
305 4409 545 4468 patimur.
578 4427 607 4453 ι)

242 4476 317 4535 (98)
368 4480 581 4529 Arridet
636 4485 693 4529 ut
738 4481 935 4530 saeviat.
978 4482 1143 4543 Infra,
1187 4484 1241 4532 in
1290 4483 1432 4533 libro
1479 4485 1541 4534 de
1592 4486 1787 4536 Habitu

203 4541 449 4613 Virginum,
496 4563 624 4613 pag.
670 4550 760 4599 130
809 4565 820 4597 :
870 4570 896 4593 «
933 4552 1037 4601 Hic
1087 4541 1340 4603 diabolus
1389 4555 1676 4605 blanditur
1726 4562 1789 4606 ut

193 4611 327 4675 fallat,
362 4611 671 4669 arridet—ut
714 4625 932 4681 noceat,
981 4622 1140 4671 illicit
1178 4629 1243 4673 ut
1292 4624 1585 4675 occidat.»
1630 4628 1788 4678 Ruri-

195 4684 302 4759 cius,
326 4686 412 4736 lib.
440 4702 496 4747 n,
538 4692 705 4753 epist.
736 4691 794 4739 12
832 4706 844 4738 :
877 4710 903 4735 «
936 4692 1222 4742 Blanditur
1264 4700 1326 4744 ut
1370 4697 1572 4759 capiat,
1607 4697 1785 4747 famu-

194 4750 308 4803 latur
331 4761 387 4805 ut
419 4750 627 4820 teneat,
656 4761 813 4810 illicit
837 4766 899 4811 ut
929 4762 1163 4812 occidat.
1200 4782 1227 4808 »

346 4831 637 4902 [fauor-um.
685 4833 848 4881 Miror
881 4837 1164 4883 auctorem
1207 4835 1470 4886 editionis
1521 4852 1647 4902 quas
1697 4839 1787 4888 di-

195 4898 308 4973 citur
336 4898 535 4961 Gravii,
578 4903 907 4963 Pamelium,
955 4904 1274 4968 Rigaltium,
1312 4911 1365 4956 et
1422 4898 1630 4973 Anglos
1668 4924 1786 4959 ma-

195 4964 331 5019 luisse
369 4973 613 5023 scribere
659 4973 932 5023 bonorum.
995 4964 1214 5025 Etenim
1261 4964 1456 5028 amnes
1511 4964 1788 5032 sditiones

195 5040 398 5114 antiquas
441 5046 494 5092 et
535 5045 723 5093 omnia
778 5050 962 5094 vetera
1013 5048 1349 5111 exemplaria
1406 5051 1610 5114 quibus
1650 5066 1788 5103 usus

196 5120 289 5158 sum
342 5112 542 5163 habent
592 5115 850 5164 honorum
897 5117 983 5166 vel
1039 5119 1273 5169 honoris.
1333 5122 1393 5169 In
1424 5112 1549 5172 uno
1604 5127 1785 5175 tamen

197 5175 346 5244 Regio,
379 5187 468 5247 qui
500 5184 609 5235 fuit
643 5186 774 5235 olim
815 5190 1136 5238 monasterii
1183 5191 1363 5241 sancti
1406 5192 1623 5242 Martini
1652 5194 1786 5243 Tor-

196 5257 421 5322 nacensis,
450 5257 719 5307 mendose
747 5261 1017 5322 scriptum
1047 5264 1130 5309 est
1154 5260 1427 5311 bonorum.

1809 3940 1863 4012 C
1888 3934 1960 4012 εἶξῖ
1975 4007 1995 4012 _
2010 3918 3157 4012 339d.3355.819913fll9ita/"’fft‘fi'fflfﬁ
3224 3922 3526 4012 ίῗῗξῗὲιῗὲ

1889 4007 2115 4057 quoque
2171 3993 2336 4042 lectio
2388 3992 2657 4055 reperitur
2710 3991 2767 4039 in
2825 3989 3161 4053 quibusdam
3233 3991 3525 4042 codicibus

1889 4064 2152 4113 antiquis.

1951 4078 2401 4193 (ggmgratuitum
2463 4132 2525 4181 de
2572 4133 2673 4181 Deo
2728 4144 2935 4181 manus.
2993 4131 3129 4181 Eam
3169 4120 3523 4196 sententiam,

1889 4205 2068 4267 inquit
2120 4203 2416 4253 Morellius.
2481 4217 2610 4253 cum
2667 4203 2897 4267 quidam
2958 4216 3070 4251 non
3130 4203 3525 4267 intelligerent,

1888 4274 2057 4325 verba
2101 4274 2207 4324 alia
2274 4275 2749 4332 interseruerunt;
2828 4274 3016 4338 itaque
3092 4274 3525 4337 lmprimendum

1888 4349 2149 4395 curarunt
2203 4360 2214 4393 :
2269 4360 2296 4393 «
2351 4345 2623 4396 Curarum
2680 4346 2749 4396 de
2824 4347 2940 4396 Deo
3000 4359 3205 4395 munus
3274 4347 3527 4411 religiosa

1888 4421 2075 4466 mente
2116 4417 2427 4480 concipitur
2484 4421 2537 4467 et
2580 4417 2744 4467 facile
2794 4423 2895 4466 est.
2926 4432 2955 4463 »
3010 4418 3176 4468 Notat
3221 4418 3525 4469 editionem

1888 4488 2126 4537 Erasmi.

1950 4559 2049 4620 (99)
2080 4559 2197 4607 Dies
2253 4557 2493 4606 luminat.
2547 4558 2682 4607 Haec
2723 4561 2942 4606 exstant
2989 4557 3045 4606 in
3104 4558 3363 4608 omnibus
3410 4558 3525 4607 edi-

1888 4628 2134 4677 tionibus
2161 4632 2290 4678 ante
2317 4628 2685 4691 Rigaltianam
2715 4632 2770 4677 et
2812 4628 2868 4676 in
2920 4626 3200 4693 plerisque
3235 4627 3524 4679 codicibus

1889 4699 2295 4761 manuscriptis,
2349 4700 2513 4748 etiam
2560 4700 2616 4747 in
2667 4697 3028 4761 Seguieriano
3077 4704 3131 4748 et
3188 4702 3242 4748 in
3291 4711 3356 4748 eo
3410 4712 3523 4761 quo

1888 4768 2084 4818 Florus
2136 4770 2412 4829 utebatur,
2458 4775 2574 4819 tum
2611 4770 2776 4818 etiam
2826 4770 2880 4818 in
2922 4771 2987 4818 iis
3034 4784 3173 4833 quos
3218 4770 3381 4833 Angli
3439 4769 3523 4818 vi-

1888 4839 2106 4888 derunt.
2139 4841 2209 4889 Et
2257 4843 2441 4889 tamen
2492 4840 2572 4888 illi
2618 4853 2841 4903 quoque
2891 4854 2955 4889 ea
3002 4842 3311 4890 omiserunt
3345 4842 3401 4889 in
3425 4854 3526 4891 sua

1887 4909 2145 4961 editione.
2198 4912 2297 4960 111a
2352 4913 2519 4960 etiam
2571 4914 2625 4960 in
2674 4926 2775 4960 sua
2824 4912 3063 4961 versione
3113 4914 3297 4962 omisit
3356 4912 3527 4961 Lom—

1886 4982 2097 5043 bertus,
2125 4996 2237 5032 non
2280 4983 2446 5032 aliam
2491 4984 2561 5033 ob
2610 4997 2834 5033 causam
2867 4997 3034 5046 quam
3084 4985 3217 5046 quia
3264 4995 3377 5032 non
3422 4996 3526 5033 ex—

1887 5053 2070 5102 stabat
2116 5055 2172 5103 in
2228 5054 2453 5104 editione
2506 5056 2748 5119 Rigaltii.
2805 5054 3141 5106 Reinhartus
3193 5055 3379 5119 posuit
3418 5056 3527 5105 dies

1887 5122 2173 5172 illuminat.

1948 5196 2014 5253 (Vl)
2055 5195 2350 5244 Veritatem.
2386 5195 2463 5244 lta
2490 5195 2663 5245 codex
2686 5194 3081 5260 Seguierianus
3112 5200 3164 5248 et
3192 5197 3283 5247 alii
3312 5202 3527 5248 veteres

1889 5263 2053 5312 etiam
2101 5264 2193 5314 ille
2238 5279 2347 5329 quo
2400 5265 2599 5315 Florus
2644 5267 2919 5317 utebatur.
2957 5269 3057 5317 l'ro
3095 5281 3206 5332 quo
3254 5268 3525 5332 Rigaltius

242 5320 321 5385 (96}
365 5314 421 5375 Et
452 5337 744 5402 perpetua.
794 5314 902 5402 ista
938 5331 1139 5380 desunt
1173 5332 1231 5381 in
1268 5332 1561 5385 duodecim
1606 5340 1787 5386 vetus—
1806 5314 1865 5384 D
1888 5336 2137 5385 omnium
2168 5314 2380 5399 priinus
2411 5314 2596 5400 posuit.
2623 5314 3049 5401 praebitas];
3091 5314 3527 5402 librofujtmop—i:

198 5391 247 5470 iis
274 5398 669 5470 exemplaribus
716 5401 953 5463 Optimis.
982 5402 1218 5452 Exstant
1246 5407 1430 5455 tamen
1470 5406 1525 5455 in
1552 5412 1784 5470 septem.

199 5458 241 5509 Si
286 5458 717 5539 ratioihabenda
751 5458 899 5521 esset
936 5475 1153 5523 numeri
1196 5475 1265 5523 ad
1310 5458 1631 5539 numerum:
1686 5492 1783 5529 ex-

199 5538 445 5655 ξειιέιὶεῗηάει
500 5545 702 5590 essent.
770 5542 1042 5592 Videntur
1096 5548 1281 5596 autem
1336 5560 1459 5597 esse
1515 5563 1584 5599 ex
1618 5538 1785 5613 glos-

292 5620 381 5656 ae.

251 5674 327 5734 {97)
372 5681 662 5731 Fundulus.
710 5684 791 5733 Ita
849 5686 1198 5749 reposuimus
1255 5691 1433 5739 secuti
1491 5691 1781 5742 auctorita-

202 5744 628 5817 temoptimorum
648 5744 927 5808 librorum'
943 5761 996 5808 et
1035 5763 1284 5810 veterum
1328 5761 1638 5812 editionum
1686 5777 1786 5829 pro

1881 5420 2001 5467 nor,
2049 5408 2261 5457 Nicolai
2324 5409 2485 5458 Fabri
2550 5412 2715 5471 cujus
2752 5423 2925 5473 supra
2978 5410 3085 5461 feci
3159 5412 3522 5461 mentionem.

1882 5477 2047 5528 Miror
2075 5482 2260 5529 autem
2287 5493 2409 5529 eam
2436 5480 2752 5540 lectionem,
2780 5495 2949 5544 quam
2999 5482 3116 5544 ipse
3153 5481 3425 5543 Rigaltius
3449 5481 3527 5529 ait

1884 5548 2137 5598 arbitrari
2162 5564 2221 5600 se
2248 5564 2370 5601 esse
2416 5551 2787 5612 falsissimam,
2838 5550 2906 5600 ab
2946 5566 3012 5601 eo
3059 5556 3244 5601 tamen
3290 5553 3525 5614 positam

1884 5620 2054 5669 fuisse
2112 5622 2167 5670 in
2224 5626 2383 5673 textu
2448 5621 2729 5685 Cypriani.
2795 5622 3161 5685 Rigaltianam
3222 5622 3523 5674 editionem

1884 5692 2062 5742 secuti
2092 5695 2223 5743 sunt
2244 5692 2407 5758 Angli
2448 5698 2503 5743 et
2530 5693 2881 5744 Reinhartus.
