4160 6216
513 299 617 363 227

517 441 675 492 nam,
707 424 810 478 etsi
845 422 1067 476 facilem
1109 421 1178 474 de
1220 419 1472 474 bonitate
1523 419 1849 490 patientiam
1884 420 1952 486 ⁸⁵,
1984 437 2141 474 men-
2169 434 2223 504 Α

521 524 634 574 tem
667 517 906 571 solidam
940 516 1008 580 ³⁸,
1038 513 1211 567 tidem
1245 516 1424 567 tutam
1456 513 1716 567 salutaris
1744 512 1970 566 auditus
1997 513 2145 567 oble-

520 615 652 677 ctat,
699 609 954 677 nihilque
983 610 1099 660 tam
1145 607 1253 659 tuis
1296 606 1526 659 auribus
1570 612 1798 676 gratum
1849 611 1932 660 est
1973 623 2144 677 quam

514 703 665 774 quod
704 702 762 755 in
790 702 903 754 Deo
937 701 985 734 ³⁷
1018 704 1244 770 gratum
1281 703 1385 765 est,
1410 699 1693 752 moderari
1738 703 1928 753 tamen
1965 700 2148 753 dicen-

513 797 588 849 da
613 795 660 828 ³⁸
685 794 960 849 debemus
997 793 1164 847 simul
1195 793 1379 863 juncti
1409 798 1465 846 et
1499 792 1700 862 saepius
1729 792 2056 846 collocuturi
2077 793 2144 846 ³9.

510 890 598 957 Et,
631 888 904 958 quoniam
957 887 1159 940 feriata
1194 903 1345 940 nunc
1389 886 1548 956 quies
1577 887 1648 955 (2)
1691 902 1755 939 ac
1798 889 2022 956 tempus
2067 889 2152 939 est

519 983 786 1048 otiosum,
837 980 1115 1051 quidquid
1161 979 1432 1033 inclinato
1467 981 1514 1012 ‘0
1547 980 1668 1048 jam
1710 979 1822 1032 sole
1869 980 1924 1032 in
1964 995 2152 1048 vespe-

512 1091 639 1129 ram
688 1074 795 1127 dici
839 1078 1117 1144 superest,
1167 1073 1442 1126 ducamus
1482 1073 1626 1125 hanc
1670 1072 1822 1126 diem
1872 1072 2008 1138 laeti,
2048 1088 2151 1125 nec

511 1169 583 1222 sit
605 1169 690 1221 vel
732 1169 872 1221 hora
915 1165 1159 1220 convivii
1201 1167 1269 1234 (3)
1318 1165 1517 1234 gratiae
1565 1165 1807 1219 coelestia
1849 1165 2146 1218 immunis.

515 1264 688 1317 Sonet
721 1261 966 1325 psalmos
991 1261 1034 1293 ¹ι¹
1071 1256 1264 1330 223
1294 1257 1609 1311 convivium
1650 1258 1940 1325 sobrium;
1990 1262 2048 1311 et
2090 1264 2151 1312 ut

515 1356 618 1408 tibi
649 1361 814 1408 tenax
859 1352 1138 1407 memoria
1165 1355 1270 1416 est,
1296 1367 1397 1403 vox
1444 1367 1671 1416 canora,
1701 1350 2014 1421 aggredere
2042 1351 2149 1404 hoc

509 1464 729 1502 munus
773 1463 841 1501 ex
888 1461 1051 1500 more
1083 1445 1151 1498 ‘9.
1194 1444 1370 1513 Magis
1417 1443 1783 1498 charissimos
1830 1460 2050 1514 pasces,
2103 1445 2147 1497 si

519 1541 591 1596 sit
619 1543 667 1575 ‘3
700 1540 860 1594 nobis
906 1537 1171 1609 spiritalis
1215 1537 1451 1604 auditio,
1493 1538 1770 1607 prolectet
1817 1553 1982 1591 aures
2024 1537 2147 1592 reli-

511 1635 669 1705 giosa
705 1632 965 1688 mulcedo
994 1632 1088 1700 (4).

1432 289 1486 373 s.
1526 286 1839 356 CYPRIANI
1877 285 2154 356 OPERUM
2196 301 2365 356 PARS
2393 302 2434 355 l.
2479 331 2542 342 —
2575 289 2934 358 EPISTOLAE.

3771 301 3856 363 228

2788 419 3116 476 EPISTULA
3148 421 3194 474 Il
3226 419 3320 491 (5).

2249 545 2485 606 (Pamel.,
2518 557 2572 594 Ill
2594 559 2609 607 ;
2634 545 3022 608 Rigal.,Baluz.,
3056 545 3238 605 Paris,
3265 556 3335 606 It;
3364 544 3528 594 Oxon.
3561 543 3716 608 Lips.,
3737 551 3852 597 νηί.)

2355 671 2505 710 CLEBI
2544 672 2752 711 ROMANI
2791 674 2857 712 AD
2896 674 3105 712 CLERUM
3145 672 3645 724 CARTHAGINENSEM,
3687 674 3749 712 DE

2721 743 2942 784 SECESSU
2983 744 3091 783 DIVI
3132 743 3400 784 CYPRIANI.

2249 860 2644 912 ARGUMENTUM.
2687 886 2746 895 —
2777 858 3128 912 Intellewerat
3163 859 3334 911 clerus
3374 859 3648 912 Romanus
3683 874 3716 910 a
3747 858 3855 915 Cre-

2322 952 2519 1004 mentio
2547 951 2918 1019 hypodiacono
2961 953 3228 1004 secessisse
3273 953 3603 1020 Cyprianum
3649 953 3707 1005 in
3736 967 3852 1020 per-

2321 1046 2585 1096 secutione
2621 1062 2638 1096 :
2677 1059 2780 1113 pro
2824 1059 2918 1097 suo
2959 1046 3144 1112 itaque
3184 1044 3291 1097 zelo
3328 1044 3474 1111 fidei,
3508 1045 3706 1097 clerum
3735 1043 3859 1100 Car-

2324 1136 2698 1202 thaginenscm
2731 1138 2900 1203 ofﬁcii
2927 1134 3120 1207 224
3148 1139 3236 1190 sui
3262 1137 3512 1190 admonet
3541 1152 3601 1189 ac
3630 1139 3855 1199 instruit,

2320 1229 2455 1296 quid
2484 1231 2626 1282 circa
2653 1230 2850 1299 lapsos,
2882 1231 3083 1283 interea
3113 1229 3240 1283 dum
3267 1230 3416 1283 abest
3438 1230 3655 1284 illorum
3677 1233 3860 1299 episco-

2314 1336 2442 1391 pus,
2471 1325 2589 1390 ﬁeri
2618 1328 2880 1392 oporteat.

2319 1447 2360 1500 Ι.
2396 1445 2706 1500 Didicimus
2733 1446 3022 1501 secessisse
3050 1446 3413 1501 benedictum
3446 1446 3520 1519 (6)
3560 1463 3764 1518 papam
3788 1451 3859 1521 (7)

2247 1540 2618 1610 Cyprianum,
2650 1558 2682 1594 a
2719 1542 3044 1596 Crementio
3077 1539 3152 1610 (8)
3187 1540 3554 1610 subdiacono,
3588 1542 3684 1611 qui
3714 1560 3745 1594 a
3768 1560 3860 1596 vo-

2246 1632 2332 1686 bis
2378 1633 2448 1687 ad
2503 1649 2607 1688 nos
2657 1634 2828 1702 venit,
2885 1637 3036 1688 certa
3085 1649 3149 1688 ex
3204 1650 3413 1688 causa:
3467 1635 3616 1705 quod
3677 1635 3862 1706 utique

1886 1776 2093 1840 Variae
2154 1778 2484 1842 lectiones.

573 1919 613 1950 ³⁵
644 1915 702 1966 Si
735 1912 894 1966 facile
921 1940 983 1950 —
1011 1912 1078 1962 de
1104 1913 1352 1964 bonitate
1381 1912 1660 1976 patientiae
1713 1914 1844 1960 Voss.
1885 1913 1932 1962 9.

512 1989 622 2038 Lin.
650 1988 769 2036 Deo
809 1987 965 2036 Oxon.

507 2059 600 2108 Lin
641 2058 770 2105 Voss.
806 2060 853 2102 2.
889 2054 1044 2103 Ebor.
1077 2054 1314 2117 Impressi
1349 2055 1460 2114 fere
1503 2068 1684 2102 omnes.

499 2127 675 2190 Magis
700 2127 849 2174 enim
876 2122 999 2173 Fab.

2033 1913 2072 1946 ³⁸
2106 1914 2344 1964 Mentem
2383 1916 2439 1964 in
2475 1916 2652 1966 Deum
2691 1915 2926 1966 solidam
2956 1916 3048 1965 Ar.
3089 1916 3222 1964 Pem.
3259 1916 3368 1964 Lin.

1053 1984 1093 2018 ³⁸
1122 1985 1182 2033 In
1219 1984 1454 2034 dicendo
1494 1984 1644 2043 Fab.,
1686 1986 1740 2034 in
1777 1985 1890 2034 Deo
1930 1984 2069 2044 Spir.
2111 1986 2241 2033 Rem.
2274 1988 2412 2035 Man.
2449 1986 2627 2034 Morel.
2672 1987 2863 2034 Desunt
2909 1988 2958 2033 in
2997 1987 3108 2048 Rig.
3148 1988 3197 2032 et
3237 1984 3428 2033 Pamel.

1779 2056 1820 2085 δυ
1867 2055 2169 2105 lnclinante
2223 2057 2356 2106 Voss.

1092 2125 1134 2155 ⁴³
1167 2124 1366 2174 Pasces
1397 2140 1408 2172 τ
1435 2126 1504 2174 sit
1536 2127 1675 2174 Lam.
1712 2124 1859 2174 Ebor.
1883 2127 2008 2175 Bod.
2041 2128 2150 2175 Lin.
2179 2126 2285 2176 ΝΟ.
2320 2129 2362 2177 1.

3459 1913 3498 1948 ³⁷
3538 1915 3597 1964 In
3634 1915 3868 1966 Domino

3524 1985 3564 2017 ³⁹
3607 1985 3818 2035 Locutu
3827 1989 3864 2035 ri

2443 2060 2483 2090 ⁴¹
2511 2057 2762 2106 Psalmus
2791 2057 2924 2106 Voss.
3019 2059 3061 2089 ⁴²
3090 2055 3179 2106 Ex
3206 2069 3298 2106 ore
3328 2059 3422 2106 tuo
3472 2057 3650 2120 magis
3694 2058 3865 2106 Morel.

1800 2232 2023 2314 Steph.
2073 2233 2318 2297 Baluzii
2362 2239 2555 2297 notas.

561 2369 877 2458 (ig-FeriaLta
925 2383 1064 2419 nunc
1094 2369 1256 2450 quies.
1314 2369 1430 2433 Ego
1481 2373 1614 2432 puto
1668 2383 1846 2420 errare
1900 2384 1994 2420 eos
2043 2373 2464 2458 quchantum
2526 2370 2619 2420 illa
2675 2369 2900 2458 JﬁLnierat
2957 2381 3086 2458 93m
3145 2382 3235 2419 me
3282 2367 3571 2458 .audientli
3649 2370 3870 2458 avidum

502 2453 572 2490 ex
598 2441 685 2489 his
715 2439 899 2490 verbis
926 2445 982 2489 et
1007 2453 1074 2489 ex
1117 2441 1184 2489 iis
1225 2454 1350 2504 quas
1394 2442 1577 2490 statim
1623 2445 1932 2504 sequuntur
1971 2442 2138 2492 colle-

503 2515 701 2576 gerunt
749 2511 1091 2574 Cyprianum
1162 2512 1547 2574 frequentasse
1607 2511 1793 2561 adhuc
1840 2513 2019 2561 forum
2076 2527 2142 2562 eo

502 2587 750 2645 tempore
807 2595 917 2644 quo
971 2582 1188 2644 scripsit
1241 2581 1386 2631 hanc
1440 2582 1748 2644 epistolam.
1808 2583 1942 2631 Nam
2012 2597 2140 2632 cum

503 2657 724 2703 constet
775 2651 924 2700 illam
985 2653 1243 2715 scriptam
1304 2667 1424 2703 esse
1469 2657 1760 2716 postquam
1832 2652 2142 2716 Cyprianus

504 2723 796 2786 amplexus
828 2725 908 2771 est
939 2721 1104 2772 ﬁdem
1139 2722 1363 2783 Christi,
1393 2723 1677 2785 probabile
1716 2736 1828 2773 non
1873 2729 1956 2773 est
1985 2725 2139 2772 illum

503 2794 706 2852 forum,
739 2792 1005 2841 adversus
1033 2792 1182 2855 quod
1211 2794 1418 2842 fortiter
1444 2793 1735 2853 declamat,
1763 2793 2141 2856 frequentasse

506 2877 637 2914 cum
665 2863 817 2912 illam
845 2863 1079 2926 scripsit.
1111 2859 1269 2912 Adde
1310 2863 1457 2926 quod
1498 2865 1724 2912 Pontius
1768 2864 1825 2913 in
1868 2865 1994 2914 Vita
2022 2867 2142 2928 ejus

505 2936 582 2985 ait
611 2933 770 2982 illum
808 2932 1216 2996 presbyterium
1259 2939 1311 2982 et
1347 2934 1716 2984 sacerdotium
1760 2936 1941 2984 statim
1987 2949 2141 2985 acce-

497 3006 664 3069 pisse.
695 3005 948 3066 Denique
982 3005 1234 3066 nuspiam
1269 3005 1548 3054 invenitur
1577 3005 1736 3054 illum
1786 3006 1955 3056 fuisse
1986 3019 2143 3056 sena-

500 3081 676 3126 torem
707 3088 770 3126 ac
796 3075 974 3123 forum
1009 3074 1406 3137 frequentasse.

545 3145 625 3206 ’(3)
677 3147 820 3194 Hora
869 3145 1114 3193 convivii.
1191 3145 1569 3194 Tertullianus
1643 3147 1697 3194 in
1765 3147 2139 3211 Apologetico:

497 3217 610 3267 «Si
640 3216 874 3265 honesta
920 3228 1088 3264 causa
1132 3220 1214 3264 est
1254 3217 1522 3275 convivii,
1570 3218 1846 3280 reliquum
1892 3218 2138 3267 ordinem

496 3288 770 3338 aestimare
801 3286 896 3349 qui
922 3286 990 3333 sit
1027 3285 1094 3334 de
1124 3286 1408 3348 religionis
1443 3287 1646 3336 ofﬁcio.
1696 3288 1847 3337 Nihil
1894 3289 2138 3346 vilitatis.

494 3358 635 3408 nihil
686 3355 1049 3404 immodestiae
1100 3355 1357 3404 admittit.
1396 3357 1516 3405 Non
1555 3358 1708 3420 prius
1757 3358 2141 3409 discumbatur

503 3441 671 3491 quam
727 3427 902 3476 oratio
965 3425 1030 3473 ad
1078 3426 1256 3475 Deum
1307 3432 1693 3489 praegustetur.
1741 3431 1915 3492 Eque
1966 3433 2139 3479 oratio

507 3498 832 3548 convivium
869 3495 1105 3544 dirimat.
1135 3514 1163 3541 υ
1192 3497 1443 3559 Optatus,
1476 3497 1567 3546 lib.
1599 3513 1674 3548 vu
1708 3517 1768 3549 ;‹‹
1797 3500 2140 3550 Omnistrac-

503 3573 653 3618 tatus
684 3569 736 3615 in
784 3566 1035 3616 Ecclesia
1083 3580 1111 3614 a
1163 3567 1389 3616 nomine
1433 3567 1531 3616 Dei
1584 3570 1879 3633 incipiatur
1913 3576 1964 3621 et
1998 3573 2140 3633 ejus-

507 3639 634 3689 dem
663 3639 762 3687 Dei
790 3640 1014 3686 nomine
1056 3638 1397 3686 terminetur.
1425 3654 1450 3683 »
1486 3638 1862 3704 Hieronymus
1913 3644 1967 3690 in
2014 3643 2140 3705 Epi-

500 3709 639 3758 stola
667 3708 734 3756 de
776 3707 1004 3756 vitando
1049 3713 1308 3770 suspecto
1350 3707 1769 3760 Contubernio:
1809 3728 1837 3758 «
1877 3713 2139 3762 Persona-

501 3745 639 3758 -..μμ
667 3745 734 3756 ην
788 3745 1003 3756 ...μων
1049 3745 1143 3756 ...η
1187 3745 1307 3756 νων
1353 3745 1768 3760 assummum.
1810 3745 1835 3758 ν
1877 3745 2139 3762 ,ωουμα-

501 3779 584 3829 bit
611 3779 828 3827 interim
857 3777 1059 3840 aliquis
1110 3745 1282 3826 lexctor
1321 3778 1387 3826 ad
1437 3792 1682 3829 mensam
1722 3787 1773 3831 et
1820 3784 1963 3832 inter
1992 3745 2214 3832 Psal-C

498 3861 621 3898 mos
649 3847 1190 3897 dulcimodulamine
1212 3861 1362 3904 aure,
1383 3853 1527 3897 »etc.
1552 3849 1698 3898 Idem
1726 3852 1779 3898 in
1802 3851 2042 3914 Epistola
2067 3853 2136 3901 ad

495 3917 804 3970 Marcellam
834 3931 941 3980 qua
977 3930 1097 3966 eam
1129 3919 1322 3966 invitat
1351 3922 1412 3966 ut
1452 3921 1776 3983 commigret
1805 3921 2086 3971 Bethleem
2121 3940 2132 3982 ;

495 3989 875 4040 «Ambrosius
924 3992 1114 4037 noster
1156 3989 1322 4036 refert
1377 4002 1434 4039 se
1476 4004 1767 4053 nunquam
1802 3991 1987 4040 cibum
2021 3994 2136 4042 Ori-

496 4071 636 4123 gene
684 4061 955 4122 praesente
998 4059 1117 4106 sine
1164 4057 1404 4106 lectione
1471 4063 1792 4122 sumpsisse,
1843 4076 2132 4126 nunquam

497 4130 668 4180 inisse
690 4140 949 4177 somnum
993 4128 1100 4175 nisi
1154 4141 1298 4176 unus
1345 4142 1374 4178 e
1419 4129 1678 4178 fratribus
1725 4133 1894 4181 sacris
1942 4133 2135 4183 litteris

491 4203 830 4265 personaret,
862 4199 970 4249 hoc
1007 4198 1206 4248 diebus
1231 4201 1411 4263 egisse
1442 4206 1497 4250 et
1533 4203 1810 4265 noctibus,
1847 4208 1907 4253 ut
1936 4210 1984 4254 et
2019 4206 2133 4255 lec-

499 4275 575 4323 tio
605 4273 912 4322 orationem
962 4271 1238 4333 exciperet
1282 4275 1335 4321 et
1379 4274 1552 4322 oratio
1599 4274 1972 4324 lectionem.»
2004 4279 2135 4325 Am-

493 4343 664 4394 brosii
717 4343 894 4400 istius,
945 4339 1041 4403 qui
1095 4341 1307 4390 amicus
1344 4345 1460 4391 erat
1499 4343 1770 4407 Origenis,
1811 4346 2130 4408 praeclaram

499 4413 861 4472 mentionem,
888 4415 950 4459 ut
980 4411 1035 4459 id
1064 4424 1287 4474 quoque
1330 4412 1508 4462 obiter
1537 4414 1735 4474 dicam,
1779 4417 1908 4465 facit
1948 4417 2134 4467 Euse-

498 4483 646 4545 bius,
673 4482 768 4532 lib.
802 4495 878 4540 IV,
906 4495 1024 4544 cap.
1051 4483 1124 4531 t8.
1156 4483 1356 4531 Iterum
1387 4484 1781 4548 Hieronymus,
1810 4488 1862 4535 in
1897 4488 2132 4550 Epistola

501 4557 569 4606 ad
604 4552 944 4604 Eustochium
989 4551 1057 4602 de
1109 4556 1355 4616 acceptis
1410 4554 1479 4603 ab
1522 4569 1584 4605 ea
1636 4557 1978 4607 Munusculis
2016 4561 2129 4608 ait:

499 4641 527 4672 σε
558 4626 643 4676 Ita
675 4624 771 4674 tibi
803 4637 1022 4687 semper
1047 4623 1448 4674 comedendum
1477 4630 1557 4675 est
1591 4632 1647 4676 ut
1683 4628 1865 4677 cibum
1886 4633 1937 4678 et
1961 4631 2132 4679 oratio

503 4697 877 4761 subsequatur
902 4699 957 4745 et
992 4695 1172 4745 lectio.
1202 4711 1230 4742 »
1264 4696 1416 4756 Item,
1447 4699 1501 4745 in
1532 4697 1669 4747 libro
1695 4699 1947 4748 adversus
1990 4701 2133 4763 Vigi—

502 4768 727 4818 lantiam
762 4781 778 4815 :
822 4783 848 4813 «
895 4767 1043 4816 Inter
1088 4766 1305 4830 phialas
1343 4767 1784 4832 philos0phatur,
1824 4775 1875 4819 et
1913 4770 1979 4819 ad
2019 4772 2133 4834 pla-

497 4844 689 4890 centas
711 4838 978 4902 liguriens
1008 4837 1350 4886 Psalmorum
1380 4838 1759 4891 modulatione
1785 4841 2074 4891 mulcetur.
2105 4862 2130 4886 »

494 4911 631 4960 Vide
661 4923 788 4974 quin
819 4908 886 4958 de
941 4908 1048 4958 hoc
1093 4913 1414 4971 argumento
1448 4924 1514 4959 ex
1566 4910 1852 4961 Clemente
1893 4913 2132 4963 Alexan-

498 4982 659 5032 drino
687 4985 742 5030 et
767 4980 1010 5029 Eusebio
1035 4979 1364 5030 Caesariensi
1397 4982 1678 5030 adnotavit
1705 4981 2059 5031 doctissimus
2080 4985 2132 5031 et

502 5055 744 5117 optimus
767 5052 980 5100 amicus
1009 5055 1199 5099 noster
1227 5053 1469 5100 Domnus
1506 5051 1816 5101 Bernardus
1860 5067 1890 5101 a
1920 5053 2131 5102 Monte-

2245 2443 2584 2505 arrectisque
2633 2441 2817 2490 adhuc
2845 2440 3085 2490 'auribus
3125 2440 3388 2491 carminis
3438 2440 3706 2490 mulcedo
3750 2443 3881 2492 deﬁ-

2243 2518 2416 2562 xerat.
2470 2531 2496 2556 »
2550 2511 2830 2572 Sidonius,
2884 2511 3025 2560 libro
3085 2523 3141 2570 v,
3200 2510 3434 2573 epistola
3474 2512 3532 2560 t8
3575 2527 3587 2559 :
3633 2529 3666 2559 ‹‹
3712 2512 3878 2562 Cultu

2242 2587 2464 2647 peracto
2537 2583 2869 2645 vigiliarum,
2949 2594 3088 2644 quas
3165 2581 3474 2632 alternante
3556 2582 3881 2633 mulcedine

2242 2654 2500 2704 monachi
2553 2653 2853 2714 clericique
2917 2651 3276 2714 psalmicines
3332 2651 3882 2712 concelebraverant,

2243 2727 2483 2788 quisque
2511 2725 2562 2772 in
2592 2723 2806 2772 diversa
2832 2722 3180 2771 secessimus.
3211 2739 3238 2766 »
3278 2722 3729 2772 Mulcebritatem
3760 2730 3884 2772 ante

2242 2795 2344 2844 hos
2375 2797 2645 2844 ducentos
2671 2806 2846 2841 annos
2888 2792 3029 2840 dixit
3070 2791 3294 2855 quidam
3335 2793 3502 2842 frater
3546 2793 3887 2843 Bertholdus

2243 2866 2452 2915 ordinis
2503 2865 2728 2914 fratrum
2780 2863 3206 2912 Praedicatorum
3277 2864 3352 2911 in.
3398 2865 3680 2926 opusculo
3737 2865 3886 2928 quod

2243 2937 2568 2999 inscriptum
2620 2940 2704 2984 est
2766 2933 3112 2996 Horologium
3161 2933 3468 2983 devotionis.
3527 2935 3685 2984 Inter
3730 2938 3885 2998 jocos

2242 3009 2476 3058 Andreae
2535 3005 2762 3055 Arualdi
2804 3008 2980 3054 exstat
3021 3017 3263 3068 sequens
3321 3005 3630 3055 distichum
3686 3007 3887 3057 incerti

2240 3080 2482 3128 auctoris
2509 3093 2518 3125 :

2487 3184 2627 3242 Quos
2650 3182 2835 3245 anguis
2865 3181 3010 3230 dirus
3037 3180 3166 3230 tristi
3191 3181 3468 3231 dulcedine
3493 3183 3666 3245 pavit,

2489 3255 2591 3302 Hos
2614 3251 2824 3316 sanguis
2849 3253 3010 3301 mirus
3031 3251 3218 3301 Christi
3247 3252 3522 3302 dulcedine
3554 3255 3710 3304 lavit.

2305 3368 2367 3428 (5)
2396 3365 2561 3414 Istius
2602 3365 2848 3428 epistolae
2894 3364 3005 3413 duo
3050 3369 3236 3416 vetera
3284 3363 3636 3426 exemplaria
3679 3365 3893 3416 habui-

2238 3449 2381 3496 mus,
2438 3449 2612 3484 unum
2665 3450 2695 3485 e
2747 3434 3086 3488 bibliotheca
3137 3438 3344 3491 nostra,
3404 3433 3562 3483 aliud
3626 3449 3699 3486 ex
3758 3437 3897 3486 urbe

2239 3505 2764 3568 Gratiaimpolitana.
2817 3506 2980 3569 Angli
3032 3519 3206 3557 unum
3265 3504 3511 3553 habuere
3565 3518 3642 3555 ex
3698 3507 3898 3556 biblio-

2239 3576 2402 3626 theca
2443 3577 2760 3635 Bodleiana,
2808 3576 3144 3628 Guillelmus
3187 3575 3483 3634 Morellius,
3515 3577 3626 3639 qui
3680 3579 3900 3640 primus

2239 3647 2389 3695 illam
2441 3647 2632 3706 edidit,
2685 3645 2970 3698 admonuit
3029 3651 3083 3698 in
3135 3647 3294 3698 titulo
3349 3647 3628 3709 scriptam
3692 3662 3820 3700 esse
3871 3663 3900 3698 a

2240 3717 2496 3767 Celerino
2539 3717 2605 3766 ad
2649 3718 2975 3780 Lucianum,
3015 3719 3162 3769 haud
3207 3717 3374 3766 dubie
3432 3719 3574 3779 quia
3629 3719 3690 3766 in
3727 3723 3895 3770 veteri

2239 3788 2429 3838 codice
2461 3803 2527 3838 ex
2560 3801 2671 3851 quo
2714 3789 2759 3836 is
2807 3801 2925 3837 eam
2971 3789 3256 3852 descripsit
3301 3787 3679 3850 sequebatur,
3729 3797 3794 3839 ut
3848 3792 3901 3839 in

2236 3871 2350 3908 uno
2371 3871 2496 3908 meo
2526 3859 2697 3908 veteri
2730 3861 2786 3906 in
2829 3859 3360 3924 Gratianopolitano,
3411 3861 3466 3906 et
3497 3859 3560 3906 in
3620 3861 3721 3910 199
3751 3861 3902 3910 Vati-

2237 3942 2396 3988 cano,
2440 3934 2560 3992 post
2602 3929 2890 3991 epistolam
2920 3931 3150 3981 Luciani
3192 3929 3259 3978 ad
3299 3926 3659 3978 Celerinum.
3703 3932 3900 3982 Parne-

2235 3999 2342 4048 lius
2385 4013 2533 4061 vero,
2576 4000 2672 4063 qui
2722 3999 2944 4049 videbat
2987 4001 3136 4050 illam
3189 4013 3297 4048 non
3347 4011 3470 4048 esse
3514 4002 3806 4063 scriptam
3837 4000 3904 4050 ab

2236 4084 2346 4119 uno
2372 4071 2579 4134 aliquo,
2611 4068 2704 4119 sed
2735 4083 2765 4118 a
2808 4071 3076 4134 pluribus,
3112 4083 3296 4134 neque
3338 4068 3406 4117 ad
3451 4083 3655 4119 unum
3700 4071 3903 4120 Lucia-

2235 4154 2389 4201 num,
2437 4141 2533 4204 qui
2580 4139 2867 4204 presbyter
2903 4155 3012 4191 non
3070 4142 3192 4203 fuit,
3235 4139 3332 4189 sed
3389 4138 3458 4188 ad
3519 4143 3734 4203 plures
3775 4157 3905 4206 pre-

2235 4210 2486 4274 sbyteros
2511 4212 2900 4274 conscriptam,
2928 4211 3149 4260 titulum
3194 4211 3348 4259 hunc
3387 4213 3628 4261 mutare
3672 4227 3792 4263 non
3829 4219 3908 4262 est

2234 4283 2458 4343 veritus,
2509 4282 2855 4345 potissimum
2907 4295 3036 4331 cum
3093 4295 3160 4332 ex
3215 4281 3507 4330 vicinitate
3581 4283 3909 4334 litterarum

2235 4367 2384 4403 error
2438 4355 2676 4415 potuerit
2759 4353 3081 4416 contingere
3139 4356 3200 4402 ut
3252 4365 3352 4416 pro
3422 4364 3497 4400 eo
3587 4355 3753 4417 quod
3800 4360 3915 4404 erat

2234 4423 2357 4472 clari
2413 4424 2634 4472 Romani
2699 4422 3060 4472 substitutum
3111 4426 3185 4473 sit
3235 4435 3265 4472 a
3312 4423 3597 4486 qu0piam
3656 4425 3911 4474 Celei-ini.

2234 4497 2415 4558 Atque
2445 4493 2591 4543 hanc
2631 4493 2858 4544 Pamelii
2901 4493 3366 4552 emendationem,
3405 4494 3553 4554 quia
3605 4495 3768 4545 bona
3811 4499 3911 4555 est,

2233 4568 2440 4615 secutae
2482 4569 2614 4613 sunt
2661 4565 2990 4627 posteriores
3029 4564 3317 4614 editiones.
3365 4563 3584 4627 Itaque
3631 4569 3692 4616 in
3741 4568 3916 4616 veteri

3669 4637 3822 4687 libro

2294 4765 2358 4827 (6)
2392 4766 2740 4815 Benedictum.
2795 4765 2914 4815 Non
2962 4768 3043 4814 est
3081 4777 3388 4829 cognomen
3457 4767 3587 4818 hoc
3634 4771 3770 4820 loco
3821 4771 3915 4820 Be-

2231 4837 2466 4886 nedictus
2508 4843 2570 4886 ut
2595 4836 2907 4886 observavit
2936 4835 3265 4886 Sirmondus
3307 4837 3375 4885 ad
3408 4837 3770 4900 Sidonium,
3816 4841 3913 4890 sed

2232 4907 2539 4971 epithetum
2568 4921 2678 4971 quo
2717 4907 3061 4958 Christianos
3103 4909 3250 4956 viros
3285 4908 3560 4972 plerique
3606 4912 3913 4962 ornabant.

2232 4980 2517 5042 Exemplis
2556 4994 2584 5027 a
2624 4981 2741 5028 viro
2789 4978 3109 5028 doctissimo
3147 4978 3326 5027 allatis
3354 4979 3516 5029 addo
3546 4996 3664 5046 ego
3697 4983 3918 5033 Tertul-

2236 5052 2443 5100 lianum
2498 5053 2552 5101 in
2602 5051 2742 5100 libro
2793 5051 2855 5100 de
2912 5051 3176 5100 Pudicitia
3229 5051 3643 5114 Zephyrinum
3713 5066 3919 5107 vocare

502 5104 725 5174 falcone
747 5124 801 5172 in
831 5123 980 5173 Notis
1008 5121 1075 5170 ad
1106 5120 1329 5170 Librum
1371 5121 1618 5172 Philonis
1655 5123 1717 5172 de
1758 5124 1875 5172 Vita
1903 5128 2133 5173 contcm-
2153 5104 2213 5175 D
2237 5121 2556 5172 benedictum
2585 5135 2799 5186 papam.

487 5195 713 5261 plativa,
745 5209 797 5258 p.
828 5195 934 5243 1:29.

559 5263 904 5330 (4)Mutcedo.
947 5263 994 5312 Α
1049 5261 1263 5313 Gellius
1312 5261 1407 5311 lib.
1456 5276 1581 5324 xxx,
1631 5277 1748 5327 cap.
1783 5264 1858 5314 9:
1897 5282 1923 5309 α
1959 5265 2126 5328 Ejus-

494 5350 604 5402 que
631 5337 839 5398 linguae
883 5334 1312 5384 exercitationes
1351 5333 1573 5384 doceret
1610 5349 1736 5399 quas
1779 5337 1984 5385 multas
2023 5349 2126 5383 vo—

489 5408 734 5471 luptates
797 5404 1125 5468 nullamque
1193 5405 1569 5455 mulcedinem
1645 5407 1877 5456 Veneris
1959 5411 2126 5470 atque

490 5475 667 5527 Musa
715 5473 964 5524 haberet.
1009 5489 1038 5522 ι
1088 5472 1327 5524 Sanctus
1379 5474 1772 5540 Hieronymus,
1836 5491 1935 5527 seu
2001 5480 2126 5541 quis

489 5545 651 5606 alius,
678 5545 736 5595 in
785 5544 1021 5608 Epistola
1065 5544 1139 5595 ad
1191 5546 1421 5594 Amicum
1469 5552 1719 5611 aegrotum
1765 5561 1783 5595 :
1818 5565 1844 5591 «
1884 5549 2014 5596 Pars
2043 5553 2124 5597 est

487 5615 638 5666 enim
669 5615 863 5680 procul
897 5615 1068 5666 dubio
1097 5616 1465 5665 maximarum
1515 5618 1856 5667 medelarum
1900 5619 2124 5668 fraterni

481 5686 881 5738 consolaminis
917 5686 1134 5736 fructus
1175 5689 1228 5736 et
1262 5686 1432 5736 fomes
1485 5686 1758 5738 dictorum
1809 5689 2126 5739 mulcedine

481 5757 879 5810 consolationis
929 5758 1182 5810 levamen
1245 5757 1408 5808 fessis
1465 5759 1666 5809 animis
1723 5759 2047 5809 introduxit.
2095 5777 2124 5806 »

477 5829 726 5890 Boetius,
756 5831 854 5881 lib.
890 5841 926 5881 tt
974 5829 1036 5881 de
1091 5829 1459 5880 Consolatione
1500 5829 1889 5896 philosophiae:
1929 5848 1954 5878 α
1999 5831 2123 5883 Jam

2288 5194 2352 5253 (7)
2421 5195 2638 5255 Papam.
2702 5191 2879 5242 Vetus
2949 5191 3127 5242 codex
3190 5205 3378 5253 meus,
3467 5195 3774 5259 Papatem.
3828 5197 3921 5249 Sic

2225 5263 2391 5312 etiam
2424 5263 2479 5311 in
2505 5261 2794 5313 codicibus
2821 5263 2876 5310 in
2912 5262 3157 5312 editione
3189 5263 3520 5326 Anglicana
3576 5267 3838 5319 laudatis
3869 5271 3920 5319 et

2225 5336 2281 5384 in
2321 5332 2774 5383 annotationibus
2827 5332 3079 5383 Morellii.
3121 5332 3216 5384 Sic
3263 5334 3438 5384 etiam
3485 5337 3743 5401 legebat
3774 5341 3922 5389 Lati-

2224 5417 2331 5454 nus
2361 5404 2606 5455 Latinius
2636 5404 2691 5453 in
2731 5403 2888 5454 libris
2927 5404 3044 5454 suis
3092 5404 3394 5454 veteribus.
3451 5405 3620 5459 Vide
3656 5412 3828 5472 epist.
3864 5410 3923 5459 16

2225 5481 2280 5526 et
2308 5477 2385 5526 40.

2286 5548 2353 5608 (8)
2381 5547 2690 5596 Crementio.
2740 5547 2818 5596 Ita
2867 5545 3044 5596 codex
3094 5559 3254 5595 meus
3301 5549 3354 5595 et
3394 5546 3601 5600 editio
3649 5552 3918 5603 Morellii.

2227 5618 2350 5679 Quo
2375 5619 2540 5667 etiam
2585 5617 2751 5667 modo
2800 5617 3149 5667 nominatum
3188 5617 3341 5666 illum
3393 5619 3662 5673 invenio
3706 5625 3767 5674 in
3798 5624 3918 5688 ple-

2227 5691 2411 5751 risque
2440 5687 2594 5737 libris
2633 5689 2888 5752 antiquis.
2935 5688 3072 5736 Puto
3107 5692 3291 5737 autem
3335 5699 3484 5739 eam
3537 5706 3678 5745 esse
3725 5687 3919 5747 veram

2224 5759 2537 5808 lectionem.
2571 5759 2708 5808 Nam
2736 5764 2789 5809 et
2825 5757 3127 5809 Crementit
3167 5759 3441 5821 martyris
3475 5768 3720 5818 mentio
3749 5771 3838 5818 est
3862 5769 3918 5817 in

2223 5827 2604 5896 Martyrologio
2635 5831 2886 5895 Romano,
2922 5842 3026 5882 XVI
3055 5829 3177 5881 Kal.
3208 5828 3356 5881 Maii.
