4028 6200
218 270 298 325 229
1620 264 1938 323 EPISTOLA
1978 256 2039 321 ll.

3412 266 3516 327 230

208 398 334 448 recte
362 391 567 455 fecerit,
598 394 907 461 propterea
949 390 1099 460 quod
1131 390 1205 461 (9)
1230 390 1300 444 sit
1338 407 1582 461 persona
1612 389 2264 470 insig-Ainveniamur,
2306 388 2520 442 dicetur
2560 390 2721 444 nobis
2770 391 2924 461 quod
2969 395 3024 445 et
3065 395 3514 449 antecessoribus

209 486 416 553 nisilO).
465 486 526 537 Et
554 485 891 538 imminente
935 500 1115 554 agone
1156 501 1327 554 quem
1360 486 1617 555 permisit
1648 487 1791 538 Deus

202 582 244 633 iu
275 579 458 632 saeculo
501 578 841 631 colluctandi
886 594 1052 631 causa
1076 580 1121 610 “
1171 594 1297 631 cum
1350 578 1672 632 adversario
1720 596 1790 631 51-

200 674 296 726 mul
318 689 434 726 cuin
464 672 637 724 servis
665 671 800 737 suis,
829 672 1016 725 volens
1058 672 1226 725 etiam
1272 671 1485 741 angelis
1521 677 1576 725 et
1607 672 1791 725 homi-

199 767 342 820 nibus
370 770 654 818 certamen
685 764 789 818 hoc
819 764 1201 824 manifestare,
1249 768 1309 817 ut
1346 765 1439 834 qui
1479 765 1671 818 vicerit
1702 782 1791 819 co-

198 866 420 927 ronetur,
465 858 647 911 victus
702 874 835 911 vero
876 857 1320 927 reportaverit“
1374 858 1428 910 in
1472 874 1529 911 se
1572 862 1795 912 sentcn-

196 954 329 1021 tiam,
365 968 487 1022 qua
522 952 693 1004 nobis
724 952 1085 1004 manifestata
1118 956 1221 1004 est.
1256 953 1321 1005 Et
1349 967 1478 1004 cum
1508 951 1802 1005 incumbat

196 1046 355 1109 nobis,
402 1046 495 1114 qui
558 1044 826 1097 videmur
872 1041 1064 1115 225
1108 1045 1395 1114 praepositi
1432 1046 1537 1114 (tt)
1580 1061 1701 1097 esse
1748 1049 1803 1097 et

193 1139 285 1192 vice
312 1138 545 1208 pastoris
579 1138 695 1205 (t2)
740 1138 1022 1190 custodire
1068 1153 1327 1207 gregem,
1368 1138 1415 1190 si
1448 1138 1805 1208 negligentes

1889 482 2093 537 nostris
2124 482 2227 551 (13)
2257 481 2469 535 dictum
2512 489 2613 549 est,
2658 484 2753 554 qui
2799 490 2910 538 tam
2953 485 3315 557 negligentes
3370 505 3511 558 pra-

1892 576 2055 647 positi
2087 583 2265 643 erant,
2295 575 2571 645 quoniam
2599 578 2886 646 perditum
2919 578 3027 645 (t4)
3060 596 3174 633 non
3219 581 3513 650 requisivi-

1894 686 2040 737 mus,
2073 672 2129 722 et
2158 672 2441 723 errantem
2472 685 2586 723 non
2626 672 2988 737 correximus,
3023 679 3076 725 et
3100 674 3359 728 claudum
3405 692 3519 730 non

1895 764 2382 833 colligat-imus“,
2438 768 2495 816 et
2536 764 2621 816 lac
2670 780 2862 818 eorum
2914 764 3023 835 (15)
3078 766 3411 834 edebamus,
3464 773 3519 823 et

1898 857 2041 910 lanis
2073 872 2268 909 eorum
2303 856 2708 926 operiebantur
2738 858 2968 925 (Ezech.,
3000 875 3178 927 xxxiv,
3211 864 3262 927 3,
3303 862 3378 925 4).
3412 863 3518 915 De-

1900 950 2073 1019 nique
2102 956 2157 1003 et
2196 949 2312 1019 ipse
2356 950 2625 1002 Dominus
2670 950 2915 1019 implens
2959 968 3085 1021 qua
3133 959 3291 1005 erant
3317 954 3521 1023 scripta

1902 1043 1959 1095 in
2016 1045 2161 1112 Lege
2216 1046 2273 1094 et
2324 1042 2624 1111 Prophetis
2671 1042 2835 1096 docet
2883 1044 3075 1097 dicens
3102 1046 3143 1078 ‘7
3199 1062 3211 1098 :
3254 1048 3363 1113 Ego
3405 1062 3522 1101 sum

1898 1141 2084 1206 pastor
2140 1136 2323 1196 bonus,
2372 1138 2466 1204 qui
2520 1152 2660 1204 pono
2704 1140 2943 1191 animam
2982 1154 3153 1191 meam
3188 1154 3290 1208 pro
3338 1141 3524 1194 ovibus

1528 1262 1735 1324 Varia
1795 1261 2129 1324 lectiones.

241 1378 278 1406 ⁴⁴
307 1372 648 1425 Colluctandi
694 1384 881 1431 causa,
914 1371 1077 1420 simul
1121 1384 1250 1420 cum
1300 1372 1415 1419 Vat.
1445 1373 1489 1420 1.

201 1447 295 1494 Vat.
326 1447 367 1493 ί.

1576 1372 1618 1403 ⁴⁵
1656 1371 1961 1420 Portaverit
2001 1370 2155 1417 Oxon.

2249 1369 2293 1401 ⁴⁶
2328 1369 2669 1432 Collegimus
2720 1370 2831 1418 Vat.
2864 1372 2908 1419 1.
2999 1369 3040 1403 ⁴⁷
3067 1372 3365 1435 Prophetas
3391 1373 3528 1423 dixit

1454 1503 1679 1585 Steph.
1722 1503 1967 1566 Baluzii
2011 1508 2205 1566 nota.

195 1640 309 1689 libro
347 1652 470 1689 meo
517 1638 724 1701 legitur
765 1653 775 1686 :
824 1657 852 1683 α
899 1638 1101 1702 Incipit
1141 1639 1376 1703 epistola
1422 1640 1687 1702 rescripta
1734 1638 1801 1687 ad

198 1711 505 1775 Cyprianum
563 1724 591 1759 a
637 1710 788 1760 clero
826 1710 1148 1759 Romano.»
1198 1710 1359 1773 Quod
1405 1716 1489 1760 est
1518 1711 1803 1773 aliquanto

196 1784 365 1831 melius
393 1795 566 1845 quam
594 1783 648 1830 in
676 1781 921 1830 editione
947 1783 1197 1832 Morellii.
1232 1786 1303 1833 At
1339 1784 1393 1831 in
1428 1782 1621 1832 codice
1660 1782 1801 1833 Gra-

200 1852 573 1914 tisnopolitano
615 1853 884 1914 scriptum
922 1857 1003 1901 est
1034 1869 1044 1899 ε
1088 1871 1116 1898 ‹‹
1148 1853 1389 1903 Celerini
1421 1854 1707 1916 responsio
1732 1853 1801 1901 ad

202 1924 477 1974 Lucianum
521 1921 593 1970 de
643 1935 775 1971 cura
816 1923 1052 1985 pastoris
1101 1928 1155 1971 et
1189 1922 1257 1971 ad
1302 1922 1633 1971 obviandam
1676 1920 1802 1970 ido—

200 1995 462 2043 lolatriam.
496 2011 523 2037 »
577 1992 775 2042 Nescio
822 1996 1001 2041 autem
1042 2006 1210 2056 quam
1258 1992 1328 2042 ob
1372 2006 1597 2043 causam
1641 1993 1802 2056 Angli

197 2066 589 2128 inscriptionem
645 2065 804 2112 istius
848 2064 1095 2126 epistola
1140 2066 1449 2126 rejecerunt
1492 2067 1559 2113 ad
1602 2065 1801 2125 margi-

199 2151 320 2186 nem.
355 2136 468 2184 Non
513 2134 806 2183 docendus
835 2138 951 2183 erat
983 2135 1161 2196 primo
1188 2135 1395 2184 intuitu
1420 2136 1593 2184 lector
1620 2150 1649 2183 a
1680 2136 1803 2197 qui-

196 2207 280 2256 bus
302 2210 349 2257 et
382 2207 448 2255 ad
481 2220 628 2269 quos
670 2206 875 2268 scripta
906 2210 1019 2255 erat
1064 2206 1313 2269 epistola.
1350 2206 1521 2255 Iidem
1562 2206 1805 2255 refutant

198 2276 501 2337 Rigaltium,
564 2278 660 2339 qui
720 2277 1015 2339 scripserat
1074 2278 1206 2327 cleri
1271 2291 1464 2328 vocem
1518 2290 1805 2340 perperam

197 2350 312 2397 trahi
355 2349 421 2397 ad
466 2362 739 2413 personas
787 2348 1196 2399 ecclesiasticas
1240 2349 1608 2413 hominesque
1636 2349 1805 2397 sacris

197 2420 453 2469 ordinibus
508 2421 799 2469 institutos
859 2419 1248 2481 designandos.
1296 2420 1441 2469 Sane
1490 2434 1683 2469 verum
1727 2422 1809 2467 est

197 2490 390 2555 Rigaltii
450 2490 898 2539 observationem
978 2489 1275 2539 admodum
1354 2491 1622 2554 prolixam
1686 2502 1807 2539 esse

196 2576 359 2611 verum
400 2563 860 2625 paralogismum,
904 2564 958 2611 in
1005 2576 1115 2625 quo
1159 2563 1297 2611 nihil
1341 2564 1479 2620 sani,
1510 2562 1647 2610 nihil
1693 2561 1807 2610 veri

199 2638 434 2697 scriptum
477 2642 579 2685 est.
626 2635 1008 2684 Tertullianus
1054 2636 1109 2683 in
1144 2636 1285 2685 libro
1327 2635 1389 2683 (Ie
1433 2635 1810 2685 Exhortatione

198 2708 421 2755 castitatis
456 2721 471 2753 :
508 2723 538 2752 «
576 2703 958 2754 Differentiam
1018 2705 1157 2754 inter
1204 2704 1452 2755 ordinem
1493 2711 1543 2754 et
1591 2705 1809 2769 plebem

203 2778 459 2825 constituit
485 2776 763 2825 Ecclesia
804 2776 1115 2824 auctoritas.
1144 2796 1170 2821 »
1202 2776 1342 2825 Vide
1375 2777 1633 2839 Opuscula
1668 2775 1809 2824 Petri

202 2847 257 2897 de
295 2848 484 2906 Marco,
516 2862 568 2910 p.
615 2846 696 2905 72,
729 2846 825 2894 ubi
869 2846 980 2909 agit
1017 2848 1085 2895 de
1120 2846 1440 2897 discrimine
1482 2848 1809 2897 clericorum

204 2923 247 2967 et
270 2918 527 2967 laicorum
556 2931 625 2965 ex
652 2918 775 2978 jure
800 2916 1006 2965 divino.

256 2990 314 3049 (9)
356 2990 641 3051 Propterea
688 2988 843 3050 quod.
891 2988 1027 3038 Hac
1057 2987 1167 3037 duo
1199 2987 1490 3048 vocabula,
1517 3002 1641 3051 qua
1682 2987 1810 3038 dee-

207 3064 307 3107 rant
359 3060 409 3107 in
465 3059 718 3109 editione
776 3058 1027 3120 Rigaltii,
1078 3072 1177 3108 nos
1235 3060 1637 3118 revocavimus,
1681 3059 1810 3121 quia

206 3135 400 3179 exstant
424 3132 479 3179 in
511 3128 861 3180 editionibus
902 3130 1132 3179 Morellii
1163 3134 1217 3179 et
1256 3131 1482 3181 Pamelii
1528 3136 1580 3180 et
1612 3132 1668 3179 in
1698 3145 1811 3179 uno

207 3200 371 3249 codice
410 3215 537 3251 meo
578 3202 812 3263 Optimo.
851 3200 1124 3263 Rigaltius
1160 3202 1378 3250 nullum
1423 3204 1582 3251 vetus
1618 3214 1813 3250 exem-

207 3271 302 3333 plar
326 3272 513 3321 habuit
546 3272 713 3320 istius
746 3271 993 3333 epistola
1020 3272 1182 3333 cujus
1209 3272 1533 3322 auctoritate
1569 3276 1815 3322 uteretur

210 3343 263 3390 ad
286 3342 597 3392 mutandam
630 3343 778 3391 hanc
813 3342 1125 3391 lectionem.
1160 3342 1408 3392 Latinius
1451 3344 1679 3406 putabat
1722 3357 1814 3393 vo-

208 3424 303 3461 am
329 3414 457 3477 quod
480 3426 608 3463 esse
632 3412 944 3462 delendam.

256 3485 339 3541 (to;
382 3486 621 3533 Persona
674 3484 907 3545 insignis.
968 3483 1023 3531 Id
1074 3488 1159 3533 est
1208 3485 1298 3534 cui
1341 3484 1606 3534 debeatur
1654 3497 1813 3535 reve-

208 3557 375 3615 rentia,
412 3560 471 3604 ut
502 3558 583 3605 ait
620 3555 1003 3616 Quintilianus
1028 3554 1124 3603 lib.
1159 3568 1233 3613 v1,
1259 3569 1377 3618 cap.
1417 3557 1466 3614 t;
1498 3570 1665 3619 quam
1694 3555 1815 3605 ideo

209 3623 589 3676 honoratiorem
637 3638 929 3689 personam
984 3631 1146 3676 vocat
1187 3626 1577 3676 Childebertus
1618 3640 1711 3676 rex
1758 3628 1815 3675 in

211 3699 579 3747 constitutione
606 3697 753 3745 edita
780 3710 808 3744 a
840 3695 1152 3747 Sirmondo.
1184 3698 1241 3745 In
1273 3698 1561 3760 capitulari
1586 3698 1816 3747 Metensi

212 3766 362 3830 Pipini
408 3769 581 3831 regis,
636 3782 755 3830 cap.
787 3768 817 3816 Ξ
853 3782 863 3815 :
914 3788 941 3813 α
980 3768 1061 3818 De
1106 3769 1501 3817 ecclesiasticis
1550 3783 1677 3818 vero
1722 3769 1819 3831 qui

211 3838 495 3902 supradicta
548 3840 801 3889 facinora
851 3840 1255 3899 commiserint,
1296 3841 1341 3889 si
1391 3840 1536 3890 bona
1584 3853 1818 3903 persona

210 3908 364 3969 fuerit,
394 3926 421 3956 ι
466 3911 520 3959 id
570 3915 660 3961 est
701 3911 955 3974 insignis,
984 3915 1050 3959 ut
1091 3910 1319 3973 planum
1363 3915 1445 3960 est
1484 3924 1552 3961 ex
1583 3912 1649 3959 iis
1693 3924 1817 3974 qua

214 3989 510 4045 sequuntur.
558 3984 929 4034 Authonticam
977 3997 1269 4047 personam
1310 3998 1408 4047 pro
1452 3986 1653 4049 insigni
1681 3986 1821 4034 dixit

215 4052 468 4117 Philippus
493 4056 797 4118 episc0pus
820 4055 1111 4104 Firmanus
1136 4057 1453 4119 apostolica
1481 4056 1640 4106 Sedis
1666 4056 1821 4119 lega-

215 4127 286 4172 tus
314 4127 361 4173 in
389 4128 570 4189 capite
596 4126 662 4174 26
688 4126 923 4175 Concilii
955 4126 1104 4189 quod
1133 4126 1279 4189 apud
1320 4127 1530 4176 Budam
1575 4127 1818 4177 celebra-

214 4196 277 4242 vit
299 4209 433 4247 anno
476 4197 620 4247 1279.
654 4196 794 4246 Vide
830 4200 960 4246 tom.
992 4197 1064 4245 IV
1092 4196 1494 4260 Capitularium
1538 4212 1661 4261 pag.
1701 4198 1822 4248 £030

216 4271 447 4317 extrema.

266 4339 353 4395 (tt)
401 4340 496 4399 Qui
549 4339 796 4388 videmur
843 4340 1124 4403 ρτωροεὲιί.
1186 4340 1458 4389 Nimirum
1517 4341 1648 4404 quia
1701 4346 1824 4403 post

217 4412 417 4458 mortem
463 4411 717 4473 episcopi
769 4410 1001 4460 Romani
1046 4424 1178 4460 cura
1226 4412 1378 4460 illius
1432 4412 1682 4461 ecclesia
1736 4414 1821 4460 in-

218 4479 485 4530 cumbebat
516 4482 671 4531 clero
712 4480 925 4530 urbico.
965 4482 1040 4530 Ne
1080 4483 1205 4544 quis
1242 4485 1344 4531 ista
1392 4496 1521 4531 cum
1568 4484 1819 4541 Baronio,

1825 1812 1878 1882 B

1902 1638 2255 1687 manifestum
2297 1640 2380 1685 est
2411 1648 2478 1685 ex
2508 1639 2771 1685 contextu
2810 1636 3055 1699 epistola
3086 1638 3295 1687 clerum
3325 1639 3528 1690 Roma-

1902 1723 2035 1758 num
2082 1708 2150 1758 de
2189 1708 2343 1756 nulla
2388 1712 2506 1756 tum
2551 1707 2786 1757 ecclesia
2831 1708 3190 1771 gubernanda
3227 1710 3528 1761 sollicitum

1904 1781 2074 1828 fuisse
2124 1793 2292 1842 quam
2342 1778 2409 1828 de
2453 1792 2571 1839 sua,
2608 1792 2683 1828 ex
2730 1792 2836 1828 usu
2878 1781 3140 1829 nimirum
3190 1781 3397 1845 ubique
3448 1798 3529 1834 re-

1904 1854 2079 1913 cepto,
2112 1855 2173 1897 ut
2201 1849 2437 1899 ecclesia
2464 1850 2722 1912 episcopo
2752 1849 2971 1899 viduata
3000 1856 3278 1914 regeretur
3312 1866 3341 1899 a
3380 1854 3528 1903 clero

1902 1920 2157 1971 ecclesia
2183 1920 2456 1978 vacantis,
2484 1924 2541 1967 ut
2588 1921 2833 1982 agnoscit
2876 1923 3041 1969 etiam
3077 1922 3377 1971 I\'aclantus
3407 1925 3530 1986 epi—

1901 2005 2103 2054 scopus
2147 1989 2459 2053 Clugiensis
2508 1990 2564 2037 in
2608 1991 2935 2039 tractatione
2978 1994 3040 2040 de
3080 1993 3236 2054 Papae
3268 1999 3313 2041 et
3346 1994 3527 2044 Conci-

1906 2060 1967 2111 lii
2002 2066 2267 2125 potestate.
2319 2060 2481 2122 Quod
2531 2061 2707 2125 liquet
2758 2064 2921 2112 etiam
2976 2077 3044 2112 ex
3094 2077 3158 2113 eo
3200 2064 3367 2126 quod,
3415 2070 3537 2128 post

1902 2138 2135 2183 mortem
2184 2145 2339 2195 papa
2386 2132 2602 2180 Martini
2660 2133 2817 2181 istius
2865 2135 3105 2183 nominis
3162 2136 3355 2197 primi,
3401 2138 3530 2199 quia

1904 2207 2257 2268 episcopatus
2284 2204 2526 2253 cessavit
2563 2206 2739 2267 Spatio
2785 2207 3006 2268 triginta
3049 2211 3099 2255 et
3138 2208 3382 2271 quinque
3423 2208 3535 2258 die-

1904 2291 2048 2336 rum,
2094 2275 2403 2339 presbyteri
2446 2274 2713 2325 Ecclesia
2757 2276 3022 2327 Romana
3070 2278 3429 2340 praefuerunt,
3472 2284 3534 2329 ut

1906 2348 2103 2409 legitur
2146 2348 2201 2395 in
2244 2347 2415 2409 gestis
2447 2346 2884 2407 pontiﬁcalibus,
2932 2348 2986 2396 id
3034 2352 3118 2397 est
3160 2348 3237 2396 illi
3282 2362 3356 2398 ex
3405 2364 3533 2412 pre—

1907 2418 2152 2481 sbyterio
2195 2415 2445 2465 Romano
2485 2417 2581 2479 qui
2626 2418 2842 2466 cateris
2884 2418 3340 2480 praeminebant,
3374 2420 3429 2469 id
3455 2425 3537 2470 est

1907 2488 2358 2547 archidiaconus,
2416 2487 2859 2551 archipresbyter
2917 2494 2972 2539 et
3038 2491 3411 2553 primicerius,
3477 2495 3538 2540 ut

1909 2558 2069 2609 docet
2122 2558 2368 2620 ejusdem
2426 2558 2644 2606 Martini
2702 2559 2940 2621 Epistota
2998 2560 3067 2607 ad
3126 2560 3402 2609 Etiterum.
3464 2563 3534 2610 Hi

1909 2630 2057 2679 enim
2099 2629 2284 2677 locum
2334 2628 2809 2690 reprasentabant
2840 2630 3133 2691 pontificis.
3184 2630 3288 2679 Ubi
3320 2633 3536 2680 interim

1909 2700 2182 2749 adnotabo
2240 2700 2374 2748 vitio
2424 2700 2712 2761 scriptoris
2762 2701 2968 2750 factum
3019 2700 3192 2749 videri
3239 2707 3303 2749 ut
3352 2703 3532 2752 archi-

1910 2768 2180 2819 diaconus
2238 2771 2362 2818 istic
2417 2772 2736 2819 nominetur
2786 2776 2913 2821 aute
2965 2772 3529 2835 archipresbyterum.

1910 2840 2016 2888 nisi
2058 2842 2172 2901 jam
2219 2845 2335 2887 tum
2377 2840 2449 2887 ita
2483 2841 2775 2889 immunita
2809 2846 2925 2891 erat
2954 2840 3245 2903 disciplina
3272 2842 3535 2892 Ecclesia

1912 2909 2203 2969 Romana,
2257 2914 2319 2957 ut
2377 2909 2799 2959 archidiaconus
2856 2913 3203 2974 praferretur
3257 2913 3536 2976 archipre-

1912 2980 2152 3043 sbytero.
2209 2980 2344 3029 Nam
2397 2993 2463 3029 ex
2522 2980 2657 3029 libro
2706 2982 2901 3030 diurno
2962 2982 3267 3045 Pontiﬁcum
3325 2989 3539 3033 constat

1912 3050 2449 3114 archipresbyterum
2498 3053 2674 3114 primo
2722 3060 2843 3103 loco
2886 3055 3234 3103 nominatum
3290 3059 3413 3105 ante
3454 3071 3537 3104 ar-

1914 3121 2305 3170 chidiaconum
2348 3121 2403 3168 in
2434 3122 2665 3183 epistola
2704 3137 2732 3170 a
2775 3123 2923 3173 clero
2951 3124 3202 3174 Romano
3239 3128 3442 3189 scripta
3471 3127 3539 3175 ad

1835 3171 1887 3244 ί]
1913 3192 2215 3241 exarchum
2247 3190 2314 3240 de
2343 3171 2571 3240 transitu
2605 3171 2897 3255 pontificis.

1978 3264 2072 3322 (12)
2108 3264 2223 3311 Vica
2264 3262 2508 3325 pastoris.
2556 3263 2785 3313 Veteres
2828 3264 2951 3313 libri
2998 3264 3204 3315 habent
3249 3272 3541 3328 pastorum.

1917 3333 2064 3383 Nihil
2109 3338 2289 3382 tamen
2336 3338 2551 3383 mutare
2602 3334 2909 3395 voluimus,
2955 3338 3083 3398 quia
3134 3342 3349 3387 constat
3400 3338 3546 3389 hanc

1915 3406 2201 3468 epistolam
2231 3419 2262 3453 a
2293 3405 2442 3454 clero
2470 3405 2718 3455 Romano
2745 3408 3004 3470 scriptam
3042 3421 3161 3457 esse
3204 3409 3271 3457 ad
3314 3408 3545 3473 Cypria-

1916 3490 2049 3525 num
2082 3490 2147 3526 eo
2185 3482 2430 3538 tempore
2469 3490 2581 3539 quo
2612 3477 2857 3527 Romana
2888 3479 3137 3528 Ecclesia
3168 3493 3277 3528 non
3309 3480 3548 3530 habebat

1916 3550 2211 3607 pastorem.
2264 3547 2440 3595 David
2488 3547 2829 3603 Blondellus,
2861 3554 2923 3597 ut
2968 3549 3279 3599 ostenderet
3326 3553 3549 3615 presby-

1917 3622 2061 3667 teros
2109 3631 2248 3677 esse,
2293 3619 2348 3666 in
2407 3617 2512 3666 hoc
2549 3618 2671 3668 loco
2719 3621 2786 3669 ad
2822 3634 3016 3670 vocem
3067 3623 3296 3683 pastoris
3342 3622 3549 3671 addidit

1916 3689 2168 3736 nimirum
2207 3688 2416 3737 Christi.
2451 3688 2559 3737 Sed
2602 3692 2848 3751 profecto
2879 3692 3117 3740 multum
3155 3694 3371 3740 erravit.
3420 3695 3547 3741 Istic

1919 3760 2065 3809 enim
2110 3774 2205 3822 per
2235 3773 2428 3809 vocem
2458 3764 2691 3823 pastoris
2735 3764 3020 3812 manifeste
3062 3764 3386 3827 intelligitur
3430 3766 3541 3827 epi-

1919 3843 2119 3893 scopus
2149 3830 2447 3880 Romanus.
2486 3831 2556 3880 Et
2586 3836 2723 3891 tum,
2757 3835 3032 3883 exstincto
3075 3834 3336 3893 Fabiano,
3363 3835 3546 3883 clerus

1919 3900 2203 3950 Romanus
2258 3901 2484 3963 regebat
2540 3901 2845 3951 Ecclesiam
2909 3904 3028 3953 vice
3084 3906 3314 3967 pastoris
3372 3904 3550 3955 donec

1921 3972 2063 4021 alius
2095 3973 2391 4034 episcopus
2423 3972 2851 4021 substitueretur
2876 3974 2929 4021 in
2961 3972 3085 4022 loco
3118 3973 3360 4023 Fabiani.

1983 4044 2081 4103 (t3)
2112 4044 2535 4093 Antecessoribus
2566 4045 2779 4093 nostris.
2808 4044 2944 4093 Hac
2981 4044 3167 4103 verba,
3199 4059 3323 4108 qua
3349 4061 3546 4109 quam-

1922 4114 2047 4163 dam
2088 4113 2294 4163 habent
2334 4114 2755 4175 obscuritatem,
2806 4116 2969 4178 Angli
3025 4118 3422 4166 transtulerunt
3477 4118 3543 4167 ad

1922 4186 2237 4236 sacerdotes
2260 4186 2604 4245 Judaorum,
2626 4188 2753 4250 quia
2781 4193 2932 4237 certo
2958 4192 3173 4237 constat
3202 4188 3291 4237 illa
3320 4189 3389 4238 ab
3415 4189 3546 4239 Eze-

1923 4258 2102 4309 chiele
2130 4258 2334 4321 scripta
2370 4272 2491 4308 esse
2516 4259 2780 4308 adversus
2805 4272 2914 4308 eos.

1985 4330 2085 4390 (t4)
2118 4331 2376 4389 Quoniam
2422 4330 2700 4393 perditum.
2753 4331 2859 4380 Hic
2902 4330 3059 4381 locus
3087 4329 3413 4391 Ezechielis,
3451 4332 3547 4394 qui

1923 4399 2082 4449 valde
2128 4401 2361 4449 mutilus
2403 4406 2511 4460 est,
2566 4402 2741 4450 multo
2784 4402 3045 4465 integrior
3097 4406 3272 4451 exstat
3319 4402 3375 4450 in
3426 4402 3549 4463 epi-

1924 4472 2063 4519 stola
2092 4473 2170 4521 δι.
2201 4473 2337 4521 Hac
2360 4473 2525 4522 verba
2548 4477 2601 4522 et
2622 4486 2747 4536 qua
2770 4478 2955 4536 postea
2985 4476 3298 4537 sequuntur
3323 4478 3549 4522 sanctus

219 4547 378 4609 Binio,
444 4552 832 4615 I’apehrochio
911 4542 1198 4601 transferat
1271 4554 1338 4601 ad
1405 4542 2298 4617 prarogalivamDI’liQTOI‘Smus
2342 4543 2433 4591 illa
2476 4545 2759 4606 explicans
2803 4543 3079 4617 “303mm
3120 4543 3194 4617 Fid
3232 4542 3549 4617 §11perbiani

221 4619 344 4670 illius
392 4623 696 4682 Ecclesia,
752 4622 820 4671 ad
870 4637 1037 4686 quam
1094 4624 1224 4674 sede
1278 4629 1507 4676 vacante
1556 4628 1827 4689 pertineat

222 4691 506 4760 sollicitudo
566 4696 821 4743 omnium
870 4694 1258 4754 ecclesiarum,
1304 4696 1553 4760 adeoque
1610 4697 1825 4746 clericis

223 4758 483 4825 Romanis,
529 4765 686 4829 quod
737 4766 883 4815 Petri
942 4765 1210 4816 Ecclesia
1262 4758 1824 4831 essent'administri,

223 4835 527 4885 universalis
577 4837 759 4900 gregis
794 4849 927 4885 cura
971 4837 1268 4886 mandata:
1314 4852 1441 4887 nam
1492 4842 1653 4888 etiam
1699 4853 1827 4889 nos-

226 4904 305 4951 tris
340 4908 696 4970 temporibus,
741 4909 997 4971 quamvis
1036 4914 1253 4958 constet
1296 4908 1454 4958 Sedis
1495 4911 1827 4973 Apostolica

224 4978 580 5027 auctoritatem
653 4983 707 5027 et
770 4982 1093 5041 potestatem
1160 4980 1320 5031 valde
1386 4982 1714 5045 explicatam
1776 4988 1830 5034 et

226 5046 594 5108 ampliﬁcatam
636 5050 827 5109 fuisse,
858 5050 1171 5101 cardinales
1219 5056 1425 5112 tamen,
1463 5054 1555 5115 qui
1606 5068 1828 5105 succes-

224 5123 387 5189 serunt
440 5121 666 5170 clericis
719 5120 961 5180 urbicis,
1010 5135 1182 5184 penes
1235 5136 1376 5185 quos
1441 5127 1523 5172 est
1584 5127 1829 5189 regimen

227 5184 462 5239 Ecclesia
510 5192 779 5241 Romana
822 5197 1054 5242 vacante
1096 5184 1267 5249 sede;
1296 5208 1483 5244 curam
1529 5199 1583 5245 et
1630 5184 1831 5246 svollici-

228 5257 447 5311 tudinem
501 5276 665 5312 suam
710 5263 1030 5313 nullatenus
1077 5264 1388 5314 extendunt
1433 5264 1499 5315 ad
1550 5267 1685 5315 alias
1739 5280 1831 5316 ec-

229 5326 425 5389 clesias,
479 5338 543 5382 ut
598 5336 766 5383 etiam
820 5338 1053 5385 testatur
1104 5336 1436 5387 Guillelmus
1492 5337 1561 5387 de
1620 5338 1828 5387 Monte-

228 5397 482 5471 lauduno,
535 5406 593 5454 in
656 5418 771 5469 cap.
832 5407 927 5456 Ubi
976 5410 1149 5471 majus
1210 5410 1271 5456 de
1316 5410 1491 5466 Elect.,
1544 5410 1597 5457 in
1647 5409 1829 5458 Sexto.

230 5468 340 5520 Item
382 5476 622 5525 Alvarus
667 5468 951 5542 Pelagius,
987 5468 1081 5528 libi.
1123 5492 1139 5527 ι
1183 5479 1249 5528 (ιο
1305 5480 1525 5529 Planctu
1579 5480 1832 5537 Ecclesiae,

233 5551 330 5605 cap.
373 5545 450 5607 ᾔ),
482 5546 577 5595 ubi
627 5547 830 5597 diserte
872 5548 1065 5599 scribit
1106 5568 1134 5595 «
1165 5549 1313 5613 quod
1357 5554 1587 5600 vacante
1630 5556 1835 5612 papatu

231 5615 391 5663 nullus
428 5618 691 5667 succedit
731 5632 887 5682 papa
931 5620 983 5669 in
1022 5621 1426 5682 jurisdictione,
1452 5622 1618 5672 etiam
1660 5625 1837 5671 catus

234 5684 600 5747 cardinalium,
646 5690 748 5738 nisi
790 5691 847 5739 in
891 5691 1152 5740 minimis.
1196 5711 1222 5736 »
1277 5689 1413 5740 Vide
1461 5694 1624 5742 etiam
1673 5693 1837 5743 Jaco—

236 5750 432 5817 batium,
460 5760 553 5809 lib.
600 5773 679 5818 iv,
720 5767 817 5810 art.
849 5762 902 5820 3;
949 5766 1003 5810 et
1047 5764 1443 5825 Augustinum,
1470 5764 1531 5812 de
1568 5762 1838 5821 Anchona,

240 5833 406 5892 quaest.
456 5831 507 5895 3,
547 5834 651 5882 art.
708 5832 758 5897 8,
806 5832 875 5885 de
908 5836 1177 5899 potestate
1229 5833 1626 5887 ecclesiastica.
1678 5833 1839 5887 Certe

1926 4614 2338 4675 episcoporum,
2385 4626 2527 4676 quos
2587 4616 2786 4664 acriter
2840 4615 3172 4676 perstringit.
3234 4614 3370 4663 Hac
3420 4614 3549 4661 sunt

1926 4684 2043 4746 ejus
2085 4682 2251 4733 verba
2278 4698 2288 4729 :
2342 4704 2368 4729 «
2398 4684 2559 4745 Quod
2590 4686 2804 4747 proprie
2848 4684 2915 4732 ad
2944 4684 3303 4746 supercilium
3334 4683 3549 4744 episco-

1925 4768 2120 4818 porum
2166 4757 2421 4817 pertinet,
2454 4757 2650 4818 inquit,
2680 4769 2869 4805 eorum
2916 4754 3173 4803 videlicet
3221 4755 3315 4816 qui
3364 4754 3550 4815 Operi-

1926 4827 2033 4877 bus
2075 4826 2408 4876 dedecorant
2452 4827 2694 4875 nominis
2723 4826 3069 4888 dignitatern,
3099 4828 3153 4873 et
3185 4838 3282 4887 pro
3310 4824 3546 4873 humili—

1928 4903 2039 4947 tate
2093 4903 2384 4947 assumunt
2436 4898 2772 4963 superbiam,
2824 4903 2886 4945 ut
2936 4897 3203 4945 honorem
3247 4909 3306 4946 se
3354 4900 3551 4959 putent

1928 4975 2276 5028 consecutos,
2308 4983 2418 5017 non
2469 4982 2627 5028 onus,
2673 4976 2727 5018 et
2770 4982 3154 5033 quoscumque
3201 4970 3254 5017 in
3304 4968 3553 5018 Ecclesia

1929 5039 2167 5090 viderint
2201 5045 2566 5103 prapotentes
2611 5046 2665 5090 et
2705 5042 2805 5090 Dei
2845 5040 3050 5089 habere
3089 5052 3420 5102 sermonem,
3457 5053 3552 5103 op-

1930 5112 2165 5174 primere
2218 5110 2487 5160 videntur.
2524 5130 2551 5156 »
2601 5112 2686 5162 Ab
2728 5112 2816 5161 his
2858 5112 3020 5174 longe
3065 5110 3305 5160 distabat
3350 5111 3553 5161 Valerii

1933 5197 2060 5233 cum
2090 5183 2403 5244 Augustino
2432 5182 2661 5233 humilis
2706 5188 2760 5233 et
2788 5198 2817 5233 a
2862 5183 3096 5246 propria
3143 5182 3322 5231 laudis
3370 5196 3553 5234 amore

1936 5258 2115 5306 aliena
2145 5256 2343 5320 agendi
2374 5260 2528 5307 ratio.

1999 5333 2089 5393 (15)
2122 5334 2224 5382 Lac
2248 5346 2447 5381 eorum.
2483 5333 2542 5381 In
2569 5346 2682 5382 uno
2721 5333 2890 5383 veteri
2926 5331 3066 5380 libro
3110 5331 3311 5393 legitur
3357 5332 3557 5381 lactem.

1934 5404 2143 5454 Glossa
2179 5404 2471 5454 Philoxeui
2509 5420 2519 5452 :
2567 5407 2765 5454 Lactcm
2808 5405 2948 5453 Γάλα.
3000 5404 3246 5459 Plautus,
3276 5405 3561 5454 Bacchidi-

1934 5474 2039 5523 bus
2067 5490 2077 5523 :
2108 5494 2134 5519 ‹‹
2166 5474 2306 5536 Qua
2338 5490 2443 5525 nec
2466 5476 2665 5526 lactem
2713 5490 2818 5525 nec
2854 5476 3036 5525 lanam
3068 5476 3238 5524 ullam
3284 5474 3503 5525 habent.
3530 5493 3559 5523 io

1936 5546 2028 5596 Sic
2069 5546 2216 5610 apud
2259 5547 2578 5609 Apuleium,
2615 5547 2708 5597 lib.
2760 5560 2856 5596 Vill
2905 5545 3405 5608 Metamorphoseon,
3452 5546 3559 5593 No—

1937 5620 2063 5669 nius
2109 5620 2399 5669 Marcellus
2442 5619 2663 5669 adnotat
2688 5620 2944 5682 antiquos
2975 5617 3178 5667 dixisse
3213 5618 3347 5666 lacte
3376 5617 3430 5665 in
3462 5629 3560 5665 no-

1940 5691 2224 5741 minativo.
