4160 6216
294 208 371 265 233
968 213 973 218 ’
1704 202 2019 259 EPISTOLA
2060 201 2146 257 Ill.

291 332 647 399 subveniatur;
676 338 751 397 et,
773 330 928 403 quod
971 330 1281 386 maximum
1315 337 1419 397 est,
1469 347 1705 401 corpora
1734 347 1875 383 mar-
1897 342 1954 412 Α

290 434 441 498 tyrum
468 426 572 495 {‘23)
591 429 687 479 aut
711 433 1043 480 ceeterorum
1062 426 1104 478 si
1131 442 1241 479 non
1266 425 1638 495 sepeliantur,
1658 423 1871 495 grande

288 520 564 592 periculum
598 519 860 573 imminet
889 519 968 573 eis
1000 519 1203 589 quibus
1246 518 1523 573 incumbit
1565 519 1669 572 hoc
1710 534 1871 587 opus.

287 613 667 683 Cujuscumque
698 629 837 682 ergo
886 617 1156 677 vestrum,
1192 628 1548 683 quacumque
1581 610 1873 665 occasione

284 708 426 761 fuerit
448 705 711 760 effectum
743 706 852 759 hoc
890 723 1050 776 opus,
1081 706 1217 760 certi
1259 722 1455 759 sumus
1495 721 1624 758 eum
1655 705 1872 758 bonum

286 797 446 872 228
482 816 705 853 servum
738 799 1024 865 aestimari,
1075 804 1136 853 ut
1172 799 1268 870 qui
1310 801 1366 853 in
1418 798 1653 852 minimo
1696 797 1876 851 ﬁdelis

284 894 369 947 fuit
391 892 762 947 constituatur
790 908 962 962 super
987 891 1186 946 decem
1235 892 1505 946 civitates.
1543 891 1729 945 Faciat
1773 907 1872 943 au-

281 988 373 1036 tern
403 982 562 1050 Deus,
614 982 713 1052 qui
761 982 951 1036 omnia
1000 984 1233 1052 praestat
1290 980 1647 1050 sperantibus
1676 980 1734 1032 in
1795 995 1874 1046 se,

285 1079 331 1128 ut
357 1092 545 1129 omnes
574 1092 678 1129 nos
706 1076 763 1129 in
794 1074 882 1128 his
909 1074 1174 1145 operibus
1203 1074 1583 1129 inveniamur.
1617 1072 1879 1127 Salutant

280 1185 357 1221 vos
381 1170 575 1221 fratres
606 1170 702 1238 qui
728 1172 863 1222 sunt
892 1169 947 1222 in
978 1168 1234 1235 vinculis,
1260 1172 1311 1221 et
1337 1166 1652 1237 presbyteri
1675 1172 1730 1220 et
1757 1170 1877 1219 tota

284 1262 521 1325 Ecclesia,
582 1279 710 1332 qua:
762 1268 816 1315 et
868 1262 988 1332 ipsa
1042 1278 1172 1315 cum
1229 1278 1450 1314 summa
1497 1259 1876 1313 sollicitudine

281 1356 493 1409 excubat
521 1373 623 1425 pro
654 1356 918 1410 omnibus
962 1355 1060 1425 qui
1090 1356 1357 1409 invocant
1399 1370 1604 1408 nomen
1638 1353 1875 1407 Domini.

281 1450 366 1503 Sed
405 1455 457 1503 et
498 1467 599 1503 vos
632 1451 679 1484 ⁶⁰
716 1450 959 1520 petimus
1014 1456 1212 1503 mutua
1264 1450 1381 1502 vice
1434 1464 1714 1501 memores
1760 1446 1879 1500 sitis

280 1544 453 1598 nostri.
488 1543 689 1598 Sciatis
715 1547 905 1598 autem
950 1543 1275 1597 Bassianum
1306 1543 1413 1613 (24)
1458 1541 1775 1612 pervenisse
1806 1539 1878 1593 ad

3498 202 3601 257 234

2048 332 2159 396 ipso
2212 327 2270 380 id
2317 329 2451 381 satis
2502 325 2681 393 colligi
2732 330 2910 395 queat.
2996 327 3344 381 Desideratur
3416 333 3595 381 autem

2044 418 2269 487 epistola
2306 418 2433 469 cleri
2465 418 2687 471 Romani
2719 417 2791 468 ud
2835 432 2995 484 quam
3034 417 3319 484 respondet
3359 415 3591 484 Cypria-

2046 525 2163 563 nus.

2048 624 2087 674 I.
2143 619 2453 689 Cyprianus
2507 616 2849 687 presbyteris
2900 620 2955 671 et
3013 616 3342 670 diaconibus
3406 619 3597 673 Romae

1976 713 2415 769 consistentibus
2460 711 2726 765 fratribus
2767 710 3028 763 salutem.
3076 712 3212 762 Cum
3259 711 3325 763 de
3369 727 3596 765 excessu

1977 806 2169 879 229
2200 806 2333 860 boni
2374 805 2475 858 viri
2527 803 2631 873 ('25)
2660 803 2895 872 collegas
2924 803 3031 856 mei
3082 819 3276 856 rumor
3321 805 3469 873 apud
3500 823 3597 859 nos

1978 903 2225 955 incertus
2257 905 2419 962 esset,
2468 899 2669 951 fratres
2722 896 3057 962 charissimi,
3114 900 3167 949 et
3218 896 3408 966 opinio
3435 899 3603 951 dubia

1978 997 2226 1062 nutaret,
2260 992 2444 1062 accepi
2486 1009 2516 1045 a
2561 991 2717 1044 vobis
2749 991 2958 1043 litteras
3002 990 3069 1043 ad
3118 1006 3208 1043 me
3259 992 3451 1043 missas
3497 1008 3599 1060 per

1977 1088 2364 1144 Crementium
2396 1087 2482 1120 50"
2511 1086 2989 1156 hypodiaconum,
3036 1083 3237 1154 quibus
3278 1084 3599 1153 plenissime.

1982 1181 2051 1234 de
2086 1180 2331 1251 glorioso
2358 1180 2482 1249 ejus
2510 1179 2661 1232 exitu
2692 1179 3038 1241 iustruerer;
3072 1180 3129 1229 et
3156 1176 3427 1229 exsultavi
3470 1178 3602 1230 satis

1981 1274 2154 1344 quod,
2186 1291 2287 1344 pro
2316 1273 2638 1342 integritate
2655 1270 3159 1323 administrationis
3180 1269 3319 1338 ejus,
3349 1286 3603 1323 consum-

1980 1367 2155 1421 matio
2212 1382 2443 1436 quoque
2502 1366 2736 1419 honesta
2784 1362 3133 1433 processerit.
3178 1364 3238 1417 ln
3293 1380 3403 1433 quo
3448 1364 3607 1419 vobis

1979 1476 2205 1531 quoque
2242 1458 2553 1530 plurimum
2605 1457 2864 1527 gratulor
2905 1456 3055 1527 quod
3106 1456 3227 1525 ejus
3269 1460 3600 1511 memoriam

1981 1558 2094 1607 tam
2122 1552 2326 1606 celebri
2355 1559 2410 1606 et
2436 1552 2639 1605 illustri
2686 1550 3008 1603 testimonio
3052 1553 3502 1619 prosequamini,
3540 1555 3599 1605 ut

280 1653 361 1690 “05
392 1643 481 1703 ἱθί
510 1638 755 1707 Deumns
781 1654 896 1697 V03,
931 1637 1029 1708 qni
1054 1637 1275 1691 habetis
1303 1636 1487 1690 zelum
1519 1635 1637 1702 DGi,
1670 1636 1874 1688 harum
1899 1711 1939 1714 _
1979 1660 2083 1714 per
2134 1660 2225 1696 vos
2275 1642 2653 1696 innotesceret
2698 1640 2857 1694 nobis
2898 1640 3050 1709 quod
3121 1644 3176 1692 et
3230 1641 3387 1693 vobis
3458 1648 3603 1695 esset

276 1730 567 1785 litterarum
648 1731 973 1801 exemplum
1032 1730 1104 1784 ad
1158 1746 1543 1801 quoscumque
1616 1727 1878 1800 poteritis
1898 1711 1955 1780 B
1982 1737 2126 1790 circa
2158 1735 2452 1807 praepositi
2482 1734 2817 1788 memoriam
2848 1733 3174 1803 gloriosum,
3199 1738 3252 1785 et
3273 1734 3436 1787 nobis
3463 1751 3599 1803 quo-

275 1825 645 1878 transmittere
691 1841 792 1894 per
843 1824 1081 1878 idoneas
1140 1823 1486 1889 occasiones,
1539 1822 1626 1875 vel
1666 1828 1881 1874 vestras

274 1917 484 1985 faciatis,
526 1918 637 1971 sive
680 1918 946 1972 nuntium
994 1917 1255 1985 mittatis,
1308 1922 1367 1971 ut
1415 1920 1567 1971 stent
1614 1916 1789 1968 fortes
1826 1920 1881 1967 et

274 2010 580 2065 immobiles
604 2012 662 2065 in
692 2010 821 2065 ﬁde.
860 2011 1131 2083 Optamus
1159 2028 1279 2078 vos,
1311 2011 1515 2065 fratres
1545 2008 1879 2073 charissimi,

271 2119 478 2175 semper
502 2104 652 2158 bene
685 2106 897 2159 valere.

846 2216 1168 2273 EPISTOLA
1202 2217 1288 2271 ΙΙΙ.

269 2308 488 2370 (Emam,
532 2320 608 2372 III,
638 2313 728 2373 21;
773 2309 1105 2370 Pamel.,1v;
1146 2308 1283 2371 Rig.,
1317 2308 1507 2368 Baluz.,
1562 2306 1738 2369 Paris.,
1780 2317 1882 2367 III;

816 2382 1008 2442 Oxon.,
1045 2379 1203 2442 Lips,
1232 2377 1323 2439 Ix.)

323 2490 387 2528 AD
424 2488 791 2530 PBESBY‘I‘EROS
820 2491 882 2529 ET
908 2489 1172 2529 DIACONOS
1200 2488 1361 2527 ROMA!
1392 2486 1803 2527 CONSISTENTES.

266 2582 655 2637 Asconii-2mm.
687 2612 756 2621 -—
789 2582 1035 2651 Epistola
1067 2581 1175 2635 hac
1218 2581 1515 2646 familiaris
1553 2586 1665 2644 est;
1713 2592 1880 2649 quare

324 2676 640 2739 argumento
667 2687 775 2726 non
812 2671 1041 2740 indiget,
1077 2671 1413 2739 potissimum
1460 2685 1577 2723 cum
1612 2684 1676 2722 ea:
1720 2669 1879 2723 titulo

1983 1845 2093 1900 que
2144 1828 2276 1883 ﬁdei
2324 1845 2386 1882 ac
2438 1827 2655 1881 virtutis
2706 1826 2985 1897 prmberet
3043 1827 3385 1895 exemplum.
3458 1829 3599 1882 Nam

1984 1925 2260 1993 quantum
2283 1923 2327 1955 ⁶¹
2359 1921 2669 1992 perniciosa
2699 1936 2786 1973 res
2829 1923 2911 1973 est
2961 1918 3031 1971 ad
3084 1919 3440 1989 sequentium
3478 1922 3600 1991 lap-

1982 2033 2109 2070 sum
2148 2016 2315 2069 ruina
2366 2015 2651 2085 praepositi
2682 2016 2811 2084 (26),
2860 2013 2917 2065 in
2969 2015 3189 2066 tantum
3232 2019 3433 2069 contra
3466 2016 3602 2070 utile

1982 2115 2066 2164 est
2095 2112 2151 2163 et
2176 2111 2418 2164 salutare
2448 2125 2576 2162 cum
2610 2124 2666 2162 se
2698 2108 2994 2177 episcopus
3020 2124 3126 2178 per
3170 2108 3597 2163 ﬁrmamentum

1980 2203 2114 2259 ﬁdei
2140 2203 2407 2257 fratribus
2435 2202 2649 2272 prmbet
2671 2200 3031 2254 imitandum.

2054 2298 2121 2351 Il.
2151 2297 2284 2366 Legi
2315 2297 2483 2349 etiam
2516 2295 2653 2348 alias
2683 2295 2897 2349 litteras
2918 2295 2964 2327 5’
2998 2294 3052 2348 in
3085 2295 3291 2365 quibus
3336 2314 3439 2351 nec
3478 2299 3602 2367 quis

1981 2389 2267 2461 scripserit
2297 2392 2427 2459 (27),
2476 2404 2581 2441 nec
2628 2388 2699 2441 ad
2754 2404 2895 2458 quos
2940 2388 3211 2457 scriptum
3261 2391 3349 2457 sit,
3384 2394 3601 2459 signiﬁ-

1981 2488 2177 2537 canter
2207 2498 2533 2553 expressum
2589 2485 2691 2535 est.
2741 2482 2807 2535 Et
2848 2481 3121 2551 quoniam
3174 2500 3265 2536 me
3298 2484 3356 2537 in
3406 2486 3600 2539 iisdem

1979 2576 2181 2630 litteris
2213 2582 2267 2629 et
2298 2576 2573 2646 scriptura
2595 2579 2655 2643 et,
2678 2590 2871 2628 sensus
2899 2578 2955 2627 ct
2982 2575 3188 2629 chartae
3217 2577 3349 2646 ipsa;
3377 2594 3602 2649 quoque

1981 2674 2282 2723 moverunt
2332 2686 2404 2723 ne
2449 2668 2585 2739 quid
2616 2685 2680 2722 ex
2725 2684 2858 2722 vero
2904 2668 2992 2721 vel
3039 2668 3386 2724 subtractum
3426 2672 3497 2727 sit
3521 2674 3605 2726 vel

1622 2783 1830 2847 Variae
1890 2785 2227 2849 lectiones.

318 2893 357 2925 “
386 2892 499 2943 Sed
522 2898 577 2943 et
606 2906 711 2943 nos
734 2894 857 2942 Imo.
954 2893 1019 2925 ⁶⁰⁹
1046 2892 1421 2945 Clementium
1455 2893 1609 2941 Oxon.

1707 2892 1749 2923 ⁶¹
1776 2891 1995 2953 Quanto
2021 2893 2162 2942 Lam.
2192 2892 2343 2941 Ebor.
2376 2893 2483 2943 ΝΟ.
2516 2894 2561 2941 1.

2655 2889 2698 2925 ⁸⁸
2733 2892 2863 2954 Legi
2900 2892 3063 2943 etiam
3090 2893 3301 2943 litteras
3331 2896 3485 2943 Oxon.

1547 3000 1770 3081 Steph.
1828 2999 2074 3065 Baluzii
2119 3006 2315 3065 notm.

266 3113 516 3175 glossario
570 3124 697 3162 meo
741 3126 751 3159 :

262 3183 499 3244 audiens,
533 3196 637 3245 pro
667 3195 733 3231 eo
762 3181 913 3245 quod
946 3181 1127 3231 adhuc
1172 3181 1483 3231 doctrinam
1516 3179 1644 3228 ﬁdei
1676 3179 1879 3238 audiat,

261 3253 488 3303 necdum
539 3259 729 3301 tamen
782 3252 1118 3315 baptismum
1177 3251 1460 3313 recepit.»
1515 3249 1579 3297 Et
1632 3251 1687 3296 in
1743 3248 1883 3297 libro

263 3326 575 3377 Corbeiensi
631 3332 683 3377 et
734 3328 791 3376 in
840 3327 1107 3387 Fuxensi,
1149 3326 1374 3390 quando
1428 3324 1608 3388 agitur
1658 3322 1725 3373 de
1777 3323 1885 3372 hoc

263 3396 544 3447 hominum
603 3410 804 3459 genere
851 3398 1052 3460 legitur
1106 3396 1491 3455 Caticuminos,
1535 3394 1683 3457 quod
1736 3394 1883 3443 idem

261 3473 347 3516 est.
380 3469 585 3517 Notum
634 3469 839 3531 quippe
869 3472 953 3516 est
982 3468 1193 3515 litteras
1222 3466 1238 3513 i
1269 3469 1323 3531 et
1350 3479 1375 3513 θ
1403 3477 1549 3527 saepe
1584 3466 1881 3527 permutari

262 3538 435 3587 solitas
473 3536 629 3602 apud
672 3540 945 3600 antiquos.
992 3536 1236 3586 Adnotat
1282 3535 1605 3585 Holstenius
1652 3536 1705 3583 in
1738 3536 1884 3584 notis

260 3608 320 3656 ad
360 3612 497 3659 Acta
538 3612 861 3658 sanctarum
910 3608 1194 3671 Perpetua:
1228 3610 1279 3656 et
1311 3606 1609 3655 Felicitatis
1639 3606 1884 3654 cathecu—

260 3681 377 3727 mini
415 3681 694 3743 scriptum
725 3692 847 3729 esse
888 3679 943 3727 in
988 3679 1219 3728 vetustis
1246 3676 1584 3727 membranis
1607 3676 1884 3727 Casinen-

262 3750 403 3799 sibus
453 3756 511 3799 et
565 3749 718 3813 apud
772 3749 1167 3808 Mombritium,
1214 3749 1532 3798 existimare
1587 3751 1773 3797 autem
1823 3762 1883 3798 se

260 3824 321 3869 ita
376 3836 443 3872 eo
508 3822 724 3871 saeculo
788 3820 1029 3884 prolatas
1099 3821 1269 3870 fuisse
1325 3819 1644 3883 hujusmodi
1696 3832 1879 3869 voces.

260 3892 634 3955 Hieronymus
665 3894 720 3941 in
748 3893 985 3953 Epistola
1014 3893 1085 3941 ad
1112 3892 1368 3941 Oceanum
1406 3893 1459 3939 in
1489 3904 1657 3939 causa
1686 3890 1883 3938 matri—

262 3966 415 4012 monii
449 3980 461 4012 :
497 3982 527 4009 (ς
553 3963 803 4012 Audiant
834 3963 1231 4023 cathecumini,
1261 3963 1357 4024 qui
1383 3965 1515 4011 sunt
1539 3960 1665 4010 fidei
1688 3961 1881 4010 candi-

259 4033 377 4082 dati.
430 4052 459 4081 ιο
505 4035 607 4087 Sic
647 4035 795 4097 apud
849 4034 1081 4083 Marium
1132 4034 1488 4083 Mercatorem
1538 4034 1593 4081 in
1644 4032 1883 4083 editione

256 4111 457 4167 nostra,
510 4120 636 4169 pag.
685 4106 805 4165 317,
852 4105 1054 4165 legitur
1100 4105 1358 4154 catecismz
1412 4116 1510 4166 pro
1566 4101 1878 4151 catechismi.

258 4174 385 4226 Vide
418 4177 662 4227 Caelium
698 4175 1099 4239 Calcagninum
1134 4174 1227 4224 lib.
1274 4186 1308 4235 ι,
1341 4174 1498 4235 epist.
1530 4173 1594 4230 9;
1636 4175 1690 4221 et
1725 4176 1883 4221 notas

256 4245 316 4293 ad
348 4246 717 4309 Capitularia,
754 4260 807 4309 p.
841 4244 981 4295 1250.

312 4316 404 4377 (23}
439 4318 686 4378 Corpora
724 4322 1044 4378 martyrum.
1078 4316 1149 4366 Ut
1192 4316 1408 4365 diversa
1438 4318 1563 4364 sunt
1594 4314 1882 4364 hominum

253 4386 487 4449 ingenia,
539 4388 615 4435 ita
666 4387 899 4437 diversa:
946 4392 1075 4436 sunt
1122 4388 1427 4449 opiniones.
1482 4386 1645 4435 Hunc
1698 4387 1882 4435 locum

254 4457 524 4551 βίεῖιιὶυε
578 4458 970 4551 interpretatus
995 4462 1113 4551 "est
1167 4457 1233 4505 de
1287 4470 1417 4505 cura
1458 4459 1671 4504 tantum
1728 4468 1960 4551 sepe”)

254 4528 566 4578 liendorum
613 4534 935 4591 martyrum.
994 4530 1110 4592 Ego
1166 4541 1295 4577 vero
1349 4541 1414 4577 eo
1464 4540 1599 4576 usus
1650 4539 1772 4574 sum
1822 4530 1884 4575 ut

254 4602 606 4651 ostenderem
646 4614 830 4650 errare
869 4600 1225 4650 vehementer
1269 4612 1362 4649 eos
1396 4600 1491 4661 qui
1540 4598 1883 4647 contendunt

256 4677 461 4721 veteres
517 4673 868 4722 Christianos
925 4672 1135 4720 nullam
1192 4684 1378 4719 curam
1434 4670 1695 4719 habuisse
1755 4670 1881 4719 reli-

256 4745 507 4806 quiamm
544 4744 835 4793 hominum
879 4745 1211 4791 sanctorum.
1246 4741 1303 4789 Id
1329 4741 1479 4805 quod
1518 4756 1546 4790 a
1580 4755 1666 4789 me
1697 4744 1881 4789 osten-

254 4827 367 4863 sum
424 4819 516 4864 est
568 4816 624 4863 in
667 4815 917 4863 oratione
956 4826 1122 4876 quam
1168 4812 1335 4862 habui
1382 4814 1602 4875 publice
1651 4812 1879 4861 Lutetia:

254 4896 372 4933 cum
415 4888 477 4934 in
529 4885 766 4949 collegio
814 4885 963 4948 regio
994 4886 1376 4947 interpretarer
1418 4884 1639 4932 titulum
1683 4884 1882 4932 Decre—

254 4955 436 5005 talium
471 4956 541 5005 de
584 4954 833 5017 Reliquiis
874 4960 918 5003 et
968 4954 1313 5002 Veneratione
1354 4958 1673 5002 sanctorum.
1708 4952 1880 5000 Tanta

251 5028 391 5075 enim
430 5032 558 5076 tum
590 5039 722 5075 cura
752 5028 867 5074 erat
909 5024 1354 5087 sepeliendorum
1385 5024 1673 5072 hominum
1719 5035 1880 5071 sanc-

253 5101 457 5157 torum,
512 5101 579 5145 ut
630 5096 767 5145 nihil
823 5098 1140 5145 omitterent
1198 5108 1387 5143 eorum
1450 5108 1575 5155 quae
1630 5096 1882 5156 poterant

250 5165 629 5217 demonstrare
696 5179 886 5216 eorum
953 5167 1276 5215 memoriam
1353 5171 1406 5215 et
1468 5166 1881 5215 venerationem

253 5248 368 5300 erga
412 5251 552 5294 eos;
599 5238 735 5286 adeo
778 5242 839 5285 ut
881 5236 1270 5295 TeYtullianus,
1314 5237 1369 5285 in
1410 5235 1740 5299 Apologctico
1780 5240 1884 5285 tes-

253 5311 391 5356 tetur
438 5308 711 5371 plurioris
753 5312 809 5356 et
851 5308 1118 5356 charioris
1146 5320 1277 5356 suas
1315 5320 1527 5357 merces
1556 5306 1884 5356 Christianis

254 5378 592 5441 sepeliendis
648 5378 964 5442 proﬂigasse
1014 5392 1181 5441 quam
1237 5377 1341 5427 diis
1390 5378 1738 5441 fumigandis.
1798 5378 1883 5427 Ex

255 5464 358 5511 quo
402 5450 603 5512 colligi
634 5463 794 5512 posse
837 5450 1054 5499 videtur
1096 5450 1221 5500 illos
1260 5449 1573 5499 condidisse
1599 5451 1762 5499 etiam
1795 5464 1883 5497 eo-

258 5533 367 5570 rum
398 5533 641 5583 corpora
670 5519 932 5569 odoribus
972 5520 1243 5581 Arabicis,
1276 5534 1413 5583 quos
1461 5522 1514 5569 in
1550 5520 1882 5583 sepeliendis

256 5592 589 5655 corporibus
636 5590 911 5640 adhibitos
953 5591 1127 5640 fuisse
1177 5596 1409 5641 constat.
1458 5591 1603 5641 Sane
1649 5592 1879 5653 Plinius,

258 5662 347 5711 lib.
389 5676 493 5721 xu,
524 5675 646 5725 cap.
698 5662 773 5720 i8,
813 5661 1003 5712 scribit
1045 5662 1317 5713 Neronem
1360 5663 1485 5726 plus
1531 5665 1882 5726 cynnamomi

260 5732 313 5783 in
338 5732 541 5785 funere
573 5731 823 5797 Poppmm
851 5733 1170 5785 incendisse
1198 5748 1364 5800 quam
1388 5734 1590 5785 Arabia
1614 5734 1886 5800 producat

595 5819 863 5887 PATROL.
905 5821 1007 5887 IV.

805 3128 831 3155 «
881 3110 1360 3194 gatephum‘enus',
1414 3110 1714 3194 instructus
1766 3108 1883 3194 sive
1904 3122 1958 3194 ρ
1984 3110 2039 3157 in
2064 3122 2207 3194 anno
2234 3123 2359 3159 uno.
2395 3108 2535 3159 Vide
2566 3109 2863 3159 Baronium
2895 3110 2950 3159 in
2980 3112 3347 3163 Notationibus
3367 3114 3437 3163 ad
3460 3116 3604 3163 Mar-

1983 3178 2299 3242 tyrologium
2325 3182 2613 3229 Romanum
2645 3180 2732 3230 die
2760 3194 2815 3230 IV
2843 3183 3097 3244 Augusti.

2048 3252 2147 3309 (24)
2177 3252 2502 3301 Bassianum.
2528 3253 2812 3301 Assentior
2832 3254 3072 3303 Pamelio
3094 3257 3426 3305 existimanti
3449 3257 3607 3308 illum

1985 3322 2155 3371 fuisse
2198 3336 2228 3372 e
2276 3323 2425 3372 clero
2470 3322 2737 3372 Romano.
2781 3322 2935 3372 Illius
2975 3328 3182 3375 mentio
3223 3333 3307 3377 est
3344 3329 3507 3377 etiam
3554 3331 3608 3378 in

1984 3392 2213 3455 epistola
2240 3393 2320 3454 22,
2349 3408 2475 3457 qum
2502 3398 2583 3442 est
2606 3394 2833 3444 Luciani
2856 3395 2929 3444 ad
2954 3396 3246 3447 Celerinum
3274 3404 3389 3447 tum
3418 3400 3606 3451 Roma}

1984 3466 2371 3513 constitutum.

2047 3535 2142 3595 (25)
2196 3536 2325 3583 Boni
2380 3536 2499 3584 viri.
2565 3535 2790 3585 Fabiani
2860 3538 3104 3601 episcopi
3164 3540 3416 3589 Romani.
3486 3543 3605 3591 Hoc

1984 3606 2291 3669 epitlietum
2346 3607 2585 3655 tribuere
2638 3610 2925 3656 consuevit
2979 3609 3288 3671 Cyprianus
3332 3613 3605 3676 episcopis

1984 3676 2277 3737 defunctis,
2305 3682 2363 3725 ut
2390 3678 2444 3725 in
2469 3679 2698 3740 epistola
2725 3679 2806 3733 72,
2837 3680 3139 3742 Agrippino
3170 3683 3430 3745 episcopo
3464 3684 3605 3733 Car-

1984 3749 2310 3812 thaginensi.
2356 3749 2636 3811 Epistolas,
2667 3750 2736 3798 ab
2777 3749 2999 3812 Origine
3026 3752 3245 3813 scripta
3288 3753 3355 3801 ad
3403 3754 3605 3803 Fabia-

1983 3833 2137 3879 num,
2178 3820 2442 3869 Romana:
2482 3820 2635 3890 urbis
2672 3820 3011 3882 episcopum.
3046 3824 3296 3869 meminit
3338 3824 3606 3890 Hierony-

1982 3904 2108 3940 mus
2174 3892 2228 3939 in
2297 3889 2531 3951 Epistola
2596 3890 2666 3938 ad
2733 3891 3121 3939 Pammachium
3188 3898 3232 3939 et
3314 3889 3606 3959 Oceanum,

1980 3963 2227 4024 itemque
2252 3960 2489 4009 Ruﬁnus
2514 3962 2569 4009 in
2602 3961 2741 4009 libro
2766 3963 2944 4024 priore
2970 3961 3353 4025 Apologiarum
3378 3978 3604 4017 suarum

1984 4033 2249 4082 adversus
2280 4032 2696 4092 Hieronymum.

2044 4104 2140 4166 (26)
2212 4102 2492 4163 Prmpositi.
2564 4102 2859 4162 Baronius,
2934 4103 3167 4164 loquens
3234 4104 3301 4153 de
3368 4119 3604 4157 excessu

1984 4176 2145 4236 PaptB
2186 4172 2431 4230 Fabiani,
2466 4175 2618 4220 notat
2661 4174 2814 4222 illum
2857 4188 2885 4222 a
2932 4174 3209 4237 Cypriano
3257 4179 3603 4229 nominatum

1983 4245 2148 4294 modo
2188 4243 2457 4305 collegam,
2496 4243 2660 4292 modo
2695 4246 3052 4307 praepositum,
3081 4250 3270 4309 utpote
3313 4251 3428 4312 qui,
3474 4265 3605 4301 cum

1984 4316 2347 4379 coepiSCOpus
2394 4319 2565 4373 esset,
2616 4319 2881 4378 potestate
2930 4320 3113 4365 tamen
3169 4319 3221 4366 in
3280 4318 3607 4374 hierarchiae

1984 4388 2373 4438 ecclesiasticas
2434 4385 2625 4436 ordine
2683 4390 2897 4437 cmteris
2941 4388 3032 4437 ille
3086 4392 3413 4453 praepositus
3462 4402 3607 4445 esset

1983 4459 2268 4521 episcopis.
2322 4459 2537 4505 Poterat
2574 4458 2843 4506 Baronius
2891 4472 3047 4506 suam
3092 4460 3243 4508 illam
3289 4464 3603 4524 opinionem

1983 4530 2309 4579 conﬁrmare
2334 4528 2655 4577 auctoritate
2684 4529 2928 4589 epistolae
2964 4529 3231 4579 Bonifacii
3277 4546 3431 4594 papre
3460 4536 3507 4582 II
3537 4538 3605 4584 ad

1984 4600 2282 4656 Eulalium,
2313 4600 2368 4647 in
2416 4612 2523 4661 qua
2571 4599 2863 4660 epiSCOpus
2908 4598 3193 4648 Romanus
3239 4601 3441 4650 dicitur
3482 4618 3603 4655 esse

1984 4684 2121 4720 unus
2175 4670 2247 4718 ad
2302 4682 2453 4731 quem
2502 4671 2663 4730 possit
2732 4672 2939 4717 recurri
2996 4672 3326 4731 praepositus.
3400 4673 3603 4725 Verum

1984 4742 2252 4791 Baronius
2302 4740 2510 4789 sciebat
2578 4740 2861 4802 epistolam
2926 4740 3074 4787 illam
3134 4754 3255 4790 esse
3316 4747 3609 4806 suppositi-

1981 4814 2131 4861 tiam.
2175 4811 2357 4861 Ofﬁcii
2399 4810 2505 4858 mei
2543 4813 2627 4859 est
2657 4815 2921 4859 annotare
2959 4823 3168 4861 errores
3197 4815 3521 4865 commissos
3549 4820 3604 4867 in

1980 4884 2425 4947 interpretatione
2478 4894 2669 4929 eorum
2736 4894 2861 4943 quas
2928 4883 3129 4944 scripta
3176 4886 3527 4946 reperiuntur
3575 4906 3605 4939 a

3330 4956 3607 5020 Cypriano

2044 5026 2139 5086 (Ξῖ)
2169 5027 2267 5075 Nec
2292 5022 2411 5087 quis
2432 5023 2716 5086 scripserit.
2743 5022 3097 5073 Retinuimus
3119 5025 3411 5076 lectionem
3437 5044 3605 5093 quam

1980 5102 2192 5147 veteres
2220 5096 2491 5146 editiones
2535 5094 2849 5157 praeferunt,
2894 5109 3061 5157 quam
3106 5108 3299 5146 omnes
3340 5099 3462 5148 libri
3510 5116 3606 5152 ve-

1981 5172 2124 5218 teres
2169 5166 2515 5216 confirmant.
2564 5165 2780 5214 Primus
2815 5165 3093 5215 Manutius
3138 5171 3341 5229 posuit.
3376 5184 3465 5219 nec
3513 5174 3607 5236 qui

1981 5236 2301 5301 scripserint.
2348 5236 2487 5297 Quae
2532 5236 2696 5285 lectio
2741 5236 2883 5285 bona
2916 5251 3025 5285 non
3071 5242 3169 5287 est.
3212 5240 3347 5288 Nam
3379 5244 3607 5304 epistola

1982 5324 2107 5373 quia
2144 5308 2392 5357 omnium
2431 5308 2651 5356 nomine
2700 5309 2905 5370 scripta
2946 5313 3092 5369 erat,
3138 5310 3206 5357 ab
3251 5324 3365 5360 uno
3409 5316 3610 5378 scripta

1983 5385 2116 5441 erat,
2146 5384 2207 5428 ut
2237 5379 2289 5426 in
2323 5379 2475 5428 calce
2502 5379 2657 5441 epist.
2688 5379 2748 5427 16
2774 5394 2783 5425 :
2817 5378 3071 5427 Lucianus
3099 5381 3339 5442 scripsit;
3366 5387 3423 5431 ut
3454 5386 3617 5436 docet

1983 5453 2144 5499 etiam
2177 5451 2335 5512 epist.
2362 5450 2441 5509 22,
2475 5463 2601 5513 quas
2638 5453 2718 5498 est
2760 5450 3019 5512 Cypriani
3059 5450 3125 5499 ad
3174 5453 3525 5516 presbyteros
3562 5465 3616 5508 et

1984 5523 2247 5573 diaconos
2290 5522 2479 5571 Romae
2520 5521 2903 5580 consistentes,
2953 5520 3044 5571 Sic
3088 5522 3141 5570 in
3187 5524 3437 5573 conciliis
3468 5542 3618 5578 unus

1984 5607 2080 5656 pro
2136 5589 2397 5642 omnibus
2440 5590 2801 5655 loquebatur,
2849 5592 3319 5655 quemadmodum
3369 5609 3396 5642 a
3456 5597 3621 5648 nobis

1984 5665 2335 5715 observatum
2382 5667 2463 5715 est
2520 5664 2576 5713 in
2629 5662 3016 5714 dissertatione
3063 5663 3125 5714 de
3174 5665 3409 5716 Concilio
3448 5665 3624 5729 Telep-

1983 5737 2137 5788 tonsi.

3285 5830 3323 5889 8
