4160 6216
0 50 6 78 Ι

6 112 11 159 ι

4 184 13 253 ἓ

4 270 11 353 ἕ

4 380 15 457 9η

2 502 11 561 l

2 640 5 659 ι

0 703 2 722 .

69 1491 80 1506 ι

4 1708 9 1743 τ

4 1784 9 1801 ι

4 1914 9 1935 l

6 2722 21 2771 i2

2 2794 23 2851 εί

4 2866 39 2923 Li.

46 2964 57 2991 π

0 3101 22 3148 ιε
36 3079 61 3161 i,

0 3171 20 3218 ιη
38 3200 59 3213 .

0 3243 4 3280 ς
26 3220 60 3283 ί

0 3328 45 3419 υἱ

17 3428 64 3560 ,.τ

0 3657 64 3746 εέῖ

0 3728 66 3824 ii'

0 3804 51 3964 i

0 3935 64 4020 ι’,ε

0 4001 64 4116 E'

0 4080 53 4233 εέ

0 4233 4 4310 ἒ
28 4235 64 4309 9.!

0 4339 14 4404 ἲ,

0 4433 66 4510 ’ξπέ

0 4523 38 4594 I.’
61 4519 66 4528 ’

0 4875 64 4912 ῑζξμ

0 4911 22 4940 ’ἶ
48 4934 57 4945 .

2 4980 25 5017 ,ι

11 5055 14 5062 Ι
50 5040 51 5055 l

20 5096 25 5099 ι
40 5077 66 5109 θ

20 5126 45 5147 gl
61 5135 64 5140 -

18 5164 55 5229 ξ’

10 5280 19 5291 l'

30 5288 55 5333 ut

10 5338 43 5367 βλ

6 5374 55 5467 ᾖ(

2 5456 55 5529 {,1}:

6 5616 27 5681 ἕ.
38 5636 51 5679 .2

4 5686 11 5715 Ψ
40 5682 43 5723 l

6 5726 9 5759 Ἰ

4 5776 9 5791 ἕ

218 5729 364 5799 --η
409 5787 420 5794 ν

576 269 675 324 '235
1499 256 1553 315 S.
1597 259 1907 316 CYPRIANI
1946 258 2222 314 OPERUM
2263 258 2431 312 PARS
2471 259 2507 310 l.
2544 289 2608 295 —
2650 254 3006 312 EPISTULIE.
3828 261 3928 311 236

575 397 961 460 immutatum,
1013 389 1276 445 eamdem
1319 387 1386 442 ad
1462 403 1559 440 vos
1609 385 1901 456 epistolam
1954 385 2196 438 authen-
2223 383 2521 468 Aredacta
2549 385 2631 437 est
2659 382 2768 436 illic
2798 383 2868 436 sit
2906 382 3053 453 apud
3099 381 3328 436 clericos
3360 381 3661 436 distributa
3694 390 3930 454 propter

581 491 751 544 ticam
796 484 987 541 remisi
1047 485 1178 554 (28),
1241 485 1304 536 ut
1353 480 1773 550 recognoscatis
1837 496 1907 532 an
1959 478 2077 548 ipsa
2132 479 2200 530 sit

580 599 750 654 quam
771 577 1098 637 Crementio
1117 575 1509 648 bypodiacono
1531 573 1928 644 perferendam
1946 571 2197 624 dedistis.

582 679 859 744 Perquam
893 671 1104 726 etenim
1134 686 1300 740 grave
1323 674 1406 722 est
1428 667 1472 720 si
1492 667 1740 738 epistola:
1763 664 1980 718 clericaa
2001 663 2203 717 veritas

578 767 874 822 mendacio
906 765 1093 835 aliquo
1120 769 1178 816 et
1219 763 1416 816 fraude
1455 764 1719 830 corrupta
1759 762 1862 812 est.
1892 760 2003 812 Hoc
2030 758 2205 828 igitur

578 868 642 916 ut
699 861 838 915 scire
883 859 1181 930 possimus,
1237 863 1293 909 et
1340 854 1675 926 scripturam
1728 856 1785 906 et
1838 850 2200 922 subscriptio-

581 972 712 1010 nem
742 955 850 1024 (20)
894 970 965 1006 an
1017 958 1199 1005 vestra
1247 950 1354 1020 (30)
1397 930 1469 1001 sit
1512 946 1922 1018 recognoscite,
1954 949 2010 999 et
2042 944 2203 998 nobis

581 1048 716 1120 quid
750 1047 821 1100 sit
870 1047 928 1099 in
979 1061 1111 1099 vero
1153 1043 1463 1098 rescribite.
1492 1040 1637 1112 Opto
1682 1056 1798 1108 vos,
1844 1039 2047 1093 fratres
2075 1038 2204 1092 cha-

574 1141 804 1208 rissimi,
830 1154 1056 1210 semper
1085 1137 1229 1192 bene
1257 1136 1464 1190 valere.

975 1253 1167 1327 23o
1208 1253 1526 1308 EPISTOLA
1568 1252 1631 1305 1v
1674 1250 1806 1322 (31).

579 1369 813 1432 (Pamel.,
841 1378 903 1429 v;
950 1366 1084 1428 Rig,
1129 1365 1315 1424 Baluz.,
1361 1362 1676 1424 Paris.,1v.;
1717 1362 1902 1422 Oxon.,
1953 1360 2201 1424 Lips.,v.)

579 1483 979 1532 ARGUMENTUM.
1025 1503 1093 1512 —
1122 1476 1392 1528 Hortatur
1440 1471 1640 1524 clerum
1683 1485 1837 1524 suum
1881 1473 1942 1523 D.
1979 1469 2204 1539 Cypria-

648 1582 770 1629 nus,
792 1567 912 1634 jam
937 1566 996 1617 in
1045 1577 1245 1616 secessu
1285 1562 1631 1621 constitutus,
1684 1566 1744 1613 ut
1797 1561 1908 1613 vice
1958 1575 2056 1613 sua
2099 1562 2204 1614 rite

647 1659 973 1724 fungantur,
1003 1668 1130 1706 neve
1160 1650 1293 1720 quid
1319 1655 1417 1702 aut
1447 1650 1749 1702 constitutis
1776 1650 1834 1702 in
1871 1664 2079 1702 carcere
2106 1653 2204 1702 aut

650 1746 852 1798 caeteris
895 1741 1236 1811 pauperibus
1285 1739 1422 1792 desit
1475 1757 1490 1790 :
1543 1738 1732 1791 deinde
1794 1742 1853 1790 ut
1891 1738 2096 1806 plebem
2145 1739 2203 1790 in

648 1836 822 1902 quiete
852 1832 1182 1890 contineant,
1235 1843 1321 1892 ne,
1366 1828 1415 1880 si
1455 1827 1792 1893 glomeratim
1830 1826 1903 1879 ad
1934 1831 2204 1892 martyres

651 1926 711 1974 in
737 1936 946 1974 carcere
986 1917 1283 1972 visitandos
1329 1922 1672 1980 concurrant,
1721 1916 1939 1969 tandem
1984 1916 2045 1968 id
2094 1916 2205 1970 illis

649 2012 1027 2066 interdicatur.

654 2129 696 2179 Ι.
730 2124 1041 2194 Cyprianus
1083 2120 1423 2192 presbyteris
1463 2125 1517 2172 ct
1564 2118 1893 2172 diaconibus
1935 2118 2203 2172 fratribus

581 2217 924 2273 cbarissitnis
954 2215 1224 2270 salutem.
1259 2213 1449 2267 Saluto
1493 2229 1586 2264 vos
1617 2211 1913 2265 incolumis
1959 2227 2064 2282 per
2107 2211 2202 2266 Dei

582 2312 844 2383 gratiam,
872 2311 1078 2364 fratres
1109 2306 1446 2373 charissimi,
1479 2307 1636 2360 laetus
1681 2305 1834 2377 quod
1862 2305 2011 2359 circa
2043 2305 2201 2359 inco-

578 2406 904 2460 lumitatem
930 2417 1159 2473 quoque
1187 2405 1431 2454 vestram
1470 2399 1660 2452 omnia
1681 2399 1908 2469 integra
1935 2402 2204 2468 esse;cog-

580 2498 854 2552 noverim.
931 2498 998 2549 Et
1055 2493 1325 2565 quoniam
1388 2493 1530 2547 mihi
1585 2493 1856 2547 interesse
1901 2509 2048 2546 nunc
2091 2508 2203 2546 non

581 2591 868 2664 permittit
910 2589 1019 2644 loci
1065 2588 1339 2655 conditio,
1386 2592 1516 2657 peto
1547 2603 1643 2640 vos
1681 2601 1785 2656 pro
1823 2586 1932 2640 ﬁde
1973 2592 2029 2640 et
2072 2586 2202 2639 reli-

586 2687 754 2756 gione
781 2688 964 2738 vestra
1005 2680 1324 2752 fungamini
1368 2680 1482 2734 illic
1529 2685 1585 2734 et
1627 2680 1822 2734 vestris
1863 2679 2115 2751 partibus
2150 2683 2208 2733 et

581 2779 742 2846 meis,
776 2781 841 2831 ut
869 2776 1009 2830 nihil
1036 2776 1121 2830 vel
1153 2775 1222 2828 ad
1250 2773 1603 2844 disciplinam
1631 2773 1718 2828 vel
1750 2773 1820 2828 ad
1846 2773 2203 2843 diligentiam

580 2873 746 2926 desit.
782 2871 1071 2934 Quantum
1121 2873 1313 2922 autem
1367 2867 1435 2922 ad
1480 2871 1738 2937 sumptus
1797 2866 2204 2936 suggerendos,

581 2967 693 3019 sive
727 2964 838 3018 illis
871 2963 989 3034 qui,
1036 2961 1280 3032 gloriosa
1328 2977 1462 3014 voce
1508 2959 1812 3014 Dominum
1854 2959 2114 3027 confessi,
2145 2959 2203 3013 in

579 3073 801 3112 carcere
833 3063 966 3112 sunt
992 3055 1306 3121 constituti,
1337 3054 1450 3108 sive
1477 3053 1542 3107 iis
1571 3053 1663 3123 qui
1707 3068 1987 3123 pauperes
2024 3057 2080 3106 et
2111 3052 2200 3106 in-

2301 475 2582 545 ejusmodi
2624 493 2804 542 casus,
2847 480 2909 529 ut
2964 475 3241 529 haberent
3282 476 3472 546 plures
3512 477 3665 530 unde
3711 477 3782 531 ad
3829 494 3925 531 ne-

2303 569 2587 623 cessitates
2616 575 2670 623 et
2701 586 2992 640 pressuras
3038 570 3391 640 singulorum
3436 570 3655 640 operari
3696 571 3927 641 possint.

2375 665 2437 718 ll.
2491 664 2624 716 Peto
2680 678 2910 734 quoque
2960 669 3024 716 ut
3079 662 3147 716 ad
3202 663 3622 733 procurandam
3677 664 3929 735 quietem

2303 755 2528 809 solertia
2557 758 2611 808 et
2641 755 2959 809 sollicitudo
2989 761 3174 811 vestra
3219 772 3336 810 non
3375 754 3521 810 desit
3542 757 3610 810 ⁸³.
3655 758 3802 811 Nam
3830 758 3930 812 etsi

2305 851 2507 904 fratres
2536 847 2718 921 231
2759 865 2860 919 pro
2891 849 3191 904 dilectione
3216 867 3315 903 sua
3345 850 3532 921 cupidi
3551 855 3681 904 sunt
3698 851 3769 905 ad
3791 867 3927 905 con-

2303 943 2647 998 veniendum
2690 947 2747 996 et
2775 943 3115 998 visitandum
3163 943 3518 998 confessores
3559 944 3738 998 bonos
3791 960 3931 1015 quos

2305 1037 2605 1092 illustravit
2646 1037 2767 1108 jam
2822 1037 3079 1108 gloriosis
3135 1037 3312 1092 initiis
3389 1037 3577 1092 divina
3647 1038 3926 1108 dignatio,

2305 1134 2496 1186 tamen
2530 1135 2689 1185 caute
2717 1131 2840 1198 hoc,
2873 1136 2928 1185 et
2966 1148 3075 1184 non
3125 1131 3482 1202 glomeratim
3524 1131 3658 1204 (33),
3691 1148 3796 1186 nec
3827 1148 3931 1202 per

2305 1225 2722 1280 multitudinem
2754 1224 2916 1279 simul
2939 1225 3198 1294 junctam
3241 1229 3378 1296 puto
3421 1242 3540 1281 esse
3578 1224 3925 1292 faciendum,

2303 1336 2374 1373 ne
2402 1335 2467 1372 ex
2518 1319 2628 1372 hoc
2672 1319 2795 1389 ipso
2846 1317 3057 1372 invidia
3106 1318 3436 1384 concitetur,
3491 1322 3547 1373 et
3599 1318 3927 1374 introeundi

2304 1411 2492 1466 aditus
2517 1413 2850 1482 denegetur,
2883 1414 2941 1465 et
2968 1411 3108 1466 dum
3151 1411 3498 1467 insatiabiles
3542 1415 3724 1467 totum
3769 1413 3923 1466 volu-

2301 1522 2449 1571 mus,
2481 1508 2667 1560 totum
2709 1505 3011 1575 perdamus
3037 1506 3168 1577 (34).
3207 1505 3490 1560 Consulite
3527 1522 3665 1576 ergo
3705 1511 3760 1561 et
3788 1522 3924 1577 pro-

2301 1599 2488 1652 videte
2536 1601 2600 1652 ut
2633 1615 2761 1653 cum
2803 1602 3260 1669 temperamento
3310 1599 3416 1653 hoc
3461 1599 3553 1669 agi
3589 1599 3766 1654 tutius
3806 1615 3928 1670 pos-

2303 1693 2376 1747 sit
2398 1693 2466 1758 6‘,
2496 1691 2576 1746 ita
2607 1698 2666 1746 ut
2695 1692 3013 1762 presbyteri
3042 1708 3273 1763 quoque
3304 1693 3400 1763 qui
3444 1692 3556 1746 illic
3599 1693 3752 1763 apud
3793 1709 3926 1746 con-

2224 1762 2280 1833 B
2306 1787 2538 1841 fessores
2566 1785 2834 1854 offerunt,
2866 1785 3076 1857 singuli
3106 1802 3235 1840 cum
3279 1785 3519 1857 singulis
3549 1785 3799 1841 diaconis
3825 1802 3930 1857 per

2305 1880 2450 1934 vices
2489 1880 2794 1948 alternent,
2843 1878 2983 1950 quia
3029 1884 3085 1933 et
3133 1879 3375 1934 mutatio
3447 1895 3819 1950 personarum
3874 1883 3933 1934 et

2304 1973 2624 2028 vicissitudo
2669 1972 3134 2028 convenientium
3181 1973 3389 2028 minuit
3436 1973 3733 2027 invidiam.
3772 1972 3932 2030 Circa

2307 2067 2500 2122 omnia
2525 2067 2681 2121 enim
2711 2066 2878 2121 mites
2926 2069 2984 2120 et
3008 2066 3269 2133 humiles,
3319 2070 3383 2121 ut
3420 2067 3598 2121 servis
3643 2065 3743 2120 Dei
3788 2082 3932 2120 con-

2306 2159 2479 2229 gruit,
2512 2160 2866 2230 temporibus
2920 2159 3130 2214 servire
3174 2162 3230 2213 et
3283 2159 3462 2230 quieti
3506 2160 3831 2230 prospicere
3874 2161 3934 2212 et

2304 2253 2453 2324 plebi
2481 2253 2775 2324 providere
2805 2253 3098 2308 debemus.
3143 2254 3287 2324 Opto
3331 2269 3450 2319 vos,
3481 2253 3682 2307 fratres
3709 2252 3932 2307 charis-

2304 2347 2432 2401 simi
2463 2363 2528 2400 ac
2553 2345 3144 2415 desiderantissimi“,
3194 2363 3420 2418 semper
3460 2346 3612 2400 bene
3657 2346 3847 2400 valere
3875 2348 3937 2399 et

2304 2441 2480 2494 nostri
2506 2439 2854 2494 meminisse.
2876 2441 3307 2496 Fraternitatem
3330 2440 3647 2495 universam
3671 2440 3932 2493 salutate.

2305 2534 2561 2589 Salutant
2581 2550 2678 2589 vos
2699 2534 2807 2605 (35)
2827 2534 3012 2589 Victor
3032 2535 3297 2589 diaconus
3317 2539 3372 2590 et
3398 2534 3494 2605 qui
3524 2549 3747 2588 mecum
3771 2539 3928 2588 sunt.

2304 2627 2514 2683 Valete.

2837 2742 3164 2800 EPISTOLA
3191 2745 3235 2798 v
3265 2745 3396 2816 (36).

2365 2858 2604 2922 (Erasm.,
2633 2870 2712 2920 Ill,
2740 2863 2836 2922 20;
2860 2859 3073 2921 Pamel.,
3103 2871 3185 2920 1v;
3213 2859 3348 2923 Rig,
3375 2861 3564 2922 Baluz.,
3594 2858 3777 2921 Paris,
3803 2867 3869 2921 V;

2852 2930 3041 2992 Oxon.,
3068 2930 3228 2994 Lips,
3256 2940 3382 2992 XIV.)

2675 3054 2742 3093 AD
2782 3053 3154 3094 PRESBYTEROS
3195 3055 3257 3094 ΕΤ
3296 3055 3572 3095 DIACONOS.

577 3152 840 3222 digentes
871 3149 1134 3204 laborant
1160 3155 1218 3202 et
1242 3156 1436 3202 tamen
1465 3147 1520 3200 in
1546 3146 1790 3200 Domino
1819 3151 2201 3216 perseverant,
2224 3127 2278 3201 (ἶ
2305 3155 2702 3210 ΔῃουΜΕΝΤυΜ,
2751 3183 2820 3194 -
2870 3154 3125 3222 Ejusdem
3168 3170 3305 3224 pene
3341 3156 3647 3225 argumenti
3689 3159 3765 3210 est
3810 3171 3937 3210 cum

577 3250 730 3316 peto,
780 3243 921 3298 nihil
974 3242 1140 3310 desit,
1183 3257 1313 3295 cum
1361 3239 1646 3294 summula
1678 3238 1786 3310 (32)
1844 3239 2030 3294 omnis
2080 3256 2208 3311 quas

2377 3243 2718 3312 prmeedenti,
2763 3248 3127 3312 praterquam
3169 3243 3314 3312 quod
3356 3245 3676 3310 confessores
3722 3259 3938 3313 quoque

1947 3370 2156 3435 Variae
2214 3371 2550 3438 lectiones.

644 3491 688 3524 ⁸³
739 3491 862 3541 Non
913 3488 1134 3540 desinat
1192 3504 1203 3538 :
1252 3488 1352 3538 etsi
1402 3486 1583 3538 Morel.
1640 3488 1776 3537 Pem.
1835 3488 1945 3551 Rig.

585 3561 740 3610 Oxon.

2073 3487 2117 3522 ⁶⁴
2147 3488 2269 3540 Hoc
2319 3489 2495 3540 tutius
2547 3492 2725 3554 possit
2768 3491 2983 3555 impleri
3045 3491 3160 3541 Vat.
3193 3492 3238 3541 1.

3370 3488 3413 3522 ⁸⁵
3466 3489 3940 3542 Desideratissimi

1884 3638 2112 3720 Steph.
2158 3639 2405 3704 Baluzii
2448 3646 2644 3705 nota.

583 3757 879 3822 Cypriano.
911 3753 1131 3804 Baronii
1167 3752 1475 3804 observatio
1504 3757 1688 3817 posset
1725 3753 1931 3804 habere
1967 3755 2206 3818 speciem

580 3829 714 3887 veri,
746 3828 790 3876 si
833 3825 1146 3888 Cyprianus
1191 3824 1372 3872 solum
1419 3837 1618 3887 papam
1657 3825 1970 3874 nominaret
2007 3838 2209 3888 praepo-

579 3901 733 3949 situm
761 3912 778 3944 :
825 3901 895 3956 at,
928 3908 1056 3946 cum
1099 3898 1313 3944 certum
1360 3895 1431 3943 sit
1475 3895 1633 3943 illum
1671 3906 1865 3944 omnes
1917 3896 2209 3959 episcopos

583 3970 750 4032 vulgo
789 3978 986 4016 vocare
1024 3965 1352 4029 praepositos,
1385 3965 1494 4014 ruit
1523 3965 1752 4015 omnino
1801 3967 2074 4016 sententia
2103 3967 2208 4015 Ba-

581 4041 739 4090 ronii.
770 4039 963 4100 Itaque
994 4036 1116 4085 istic
1146 4035 1459 4098 Cyprianus
1484 4035 1792 4085 Fabianum
1821 4050 2020 4100 papam
2050 4039 2211 4086 vocat

579 4107 934 4172 praepositum,
969 4107 1101 4169 quia
1147 4107 1442 4168 episcopus
1480 4110 1596 4155 erat
1624 4111 1678 4156 et
1707 4107 1919 4170 collega
1946 4106 2208 4170 Cypriani

583 4180 843 4244 episcopi.
886 4175 1178 4240 Agendum
1229 4180 1311 4226 est
1357 4177 1412 4224 in
1457 4176 1623 4226 rebus
1669 4177 1946 4227 historicis
1997 4178 2210 4241 simpli-

583 4254 750 4312 citer,
801 4249 998 4314 procul
1045 4247 1115 4297 ab
1161 4248 1310 4297 omni
1360 4247 1596 4308 aﬂectu;
1647 4249 1853 4312 alioqui
1890 4249 2032 4311 perit
2072 4248 2209 4298 fides

584 4336 789 4374 rerum.

651 4394 744 4454 (‘28)
775 4389 1068 4454 Epistolam
1099 4389 1298 4439 remisi.
1330 4389 1471 4440 Vide
1512 4401 1639 4454 quin
1672 4389 1739 4440 de
1765 4403 1831 4440 ea
1860 4403 1918 4439 re
1947 4389 2210 4440 dicuntur

583 4466 726 4516 infra
752 4462 820 4510 ad
850 4460 1137 4525 epistolam
1167 4461 1246 4510 20.

648 4510 746 4596 (33)
778 4510 1103 4595 Scripturam
1134 4537 1178 4582 et
1208 4532 1652 4596 subscriptionem.
1701 4533 1779 4582 Ita
1824 4537 2040 4582 veteres
2085 4510 2286 4582 libriD

589 4613 644 4659 et
690 4608 906 4656 veteres
958 4603 1246 4653 editiones.
1298 4603 1481 4652 Editio
1531 4604 1795 4663 Manutii,
1841 4604 2112 4666 scriptura
2163 4609 2210 4652 et

584 4676 914 4738 subscriptio.
957 4673 1119 4724 Hanc
1148 4675 1530 4725 auctoritatem
1557 4679 1758 4724 secutas
1786 4679 1917 4724 sunt
1944 4676 2210 4738 posterio-

585 4763 674 4799 res
735 4746 1025 4804 editiones,
1088 4758 1324 4808 eamque
1380 4744 1677 4795 lectionem
1740 4745 1883 4795 male
1941 4750 2210 4795 mutatam

585 4820 759 4868 fuisse
803 4817 879 4866 ait
919 4815 1232 4866 Gronovius
1271 4829 1390 4878 cap.
1425 4817 1485 4865 14
1527 4815 1953 4866 Observationum
1984 4829 2209 4866 suarum

587 4892 644 4941 in
669 4887 1022 4952 Scriptor-ibus
1044 4886 1419 4937 ecclesiasticis.

649 4960 741 5020 (30)
775 4961 857 5008 An
879 4965 1071 5008 vestra.
1104 4959 1167 5006 In
1200 4957 1342 5006 libro
1376 4957 1619 5008 Fuxensi
1649 4959 1918 5022 scriptum
1947 4962 2048 5020 est,
2075 4973 2149 5009 an
2177 4973 2212 5010 α

585 5045 742 5080 manu
768 5036 961 5080 vestra.
992 5028 1155 5089 Quod
1176 5031 1309 5090 puto
1338 5041 1438 5091 ego
1463 5041 1584 5079 esse
1610 5043 1679 5080 ex
1704 5031 2053 5094 glossemate,
2082 5044 2210 5081 cum

587 5107 801 5154 certum
831 5102 921 5160 sit,
949 5101 1028 5149 uti
1055 5113 1184 5148 mox
1219 5099 1493 5161 dicebam,
1524 5101 1786 5164 epistolas
1811 5101 1880 5150 ab
1910 5115 2021 5151 uno
2045 5101 2211 5151 scribi

584 5175 790 5224 solitas.
845 5172 907 5220 In
958 5170 1196 5220 concilio
1247 5169 1718 5231 Cbalcedonensi,
1772 5183 1892 5233 pag.
1940 5171 2089 5232 1091,
2142 5184 2210 5220 ex

583 5251 772 5294 nostra
811 5242 1134 5293 recensione
1172 5240 1390 5303 legitur,
1421 5241 1569 5303 cujus
1615 5253 1804 5290 manus
1833 5241 1914 5290 sit.
1951 5241 2057 5292 Ubi
2088 5241 2212 5292 vide

583 5315 995 5366 annotationem
1031 5313 1264 5362 Rustici.

647 5388 739 5448 (3i)
767 5387 946 5434 Prima
975 5383 1221 5447 epistolas
1246 5383 1408 5434 istius
1434 5382 1600 5434 editio
1629 5384 1831 5447 prodiit
1857 5398 1925 5434 ex
1956 5389 2213 5450 typogra.

583 5457 711 5522 phia
746 5457 993 5504 Manutii.
1022 5455 1321 5505 Rarissima
1347 5459 1477 5505 sunt
1501 5459 1716 5506 vetusta
1745 5456 1896 5505 illius
1921 5458 2211 5520 exempla-

583 5529 679 5577 ria.
714 5528 832 5589 Ego
858 5526 1106 5589 quinque
1136 5525 1304 5575 habui
1338 5542 1349 5574 :
1379 5540 1553 5575 unum
1581 5539 1651 5576 ex
1693 5540 1816 5578 mea
1855 5527 2208 5588 bibliotheca,

583 5599 731 5648 aliud
759 5600 906 5660 quod
939 5598 1042 5644 fuit
1077 5597 1294 5661 collegii
1326 5598 1614 5658 Fuxensis,
1652 5600 1875 5648 tertium
1900 5612 1966 5647 ex
1996 5612 2212 5648 monas-

580 5671 717 5718 terio
749 5670 925 5718 sancti
951 5669 1202 5730 Dionysii
1236 5667 1542 5730 Remensis,
1571 5673 1832 5732 quartum
1881 5681 1949 5718 ex
1993 5681 2212 5717 monas-

577 5741 714 5791 terio
761 5739 960 5789 Montis
1002 5737 1190 5790 Sancti
1232 5738 1414 5802 Eligii,
1452 5740 1705 5802 quintum
1738 5751 1807 5790 ex
1836 5739 1974 5790 urbe
2002 5739 2213 5790 Gratia-

577 5812 915 5882 nopolitana.

2372 3757 2465 3817 (3‘2)
2499 3757 2791 3809 Summula.
2819 3759 2996 3808 Antea
3023 3756 3312 3820 legebatur
3335 3770 3559 3806 summa.
3607 3755 3778 3820 Sequi
3815 3759 3941 3821 pla-

2308 3829 2422 3878 cuit
2463 3829 2842 3879 auctoritatem
2893 3833 3142 3879 veterum
3182 3828 3466 3879 librorum.
3501 3829 3759 3879 Attamen
3803 3831 3941 3880 Dio-

2308 3899 2577 3961 nysianus
2604 3899 2772 3949 habet
2797 3912 3022 3950 summa.

2370 3970 2469 4030 (33)
2496 3972 2613 4020 Non
2645 3971 2989 4034 glomeratim.
3021 3971 3143 4021 Hoc
3165 3971 3290 4020 loco
3319 3983 3458 4020 usus
3487 3976 3571 4021 est
3611 3972 3940 4022 Holstenius

2307 4041 2365 4090 in
2409 4041 2557 4090 Notis
2599 4041 2666 4091 ad
2710 4043 2848 4093 Acta
2879 4045 3194 4093 sanctorum
3221 4042 3504 4105 Perpetuus
3538 4048 3594 4092 et
3634 4042 3940 4093 Felicitatis

2308 4114 2372 4160 ut
2414 4111 2670 4174 probaret
2697 4112 2890 4163 fideles
2918 4113 3263 4163 Christianos
3291 4116 3452 4162 caute
3496 4118 3552 4162 et
3591 4114 3782 4163 timide
3809 4115 3939 4176 ple-

2308 4194 2547 4244 rumque
2586 4184 2884 4233 accessisse
2927 4183 2996 4232 ad
3032 4196 3297 4243 carceres,
3329 4187 3383 4233 et
3416 4184 3530 4233 fere
3557 4183 3828 4246 singulos,
3865 4197 3938 4234 ne

2307 4252 2632 4315 semetipsos
2656 4253 2965 4316 perderent,
2997 4257 3095 4303 aut
3126 4253 3391 4303 invidiam
3420 4254 3760 4304 concitarent
3787 4253 3941 4318 apud

2306 4327 2706 4386 persecutores,
2742 4325 2786 4373 si
2817 4325 3138 4374 catervatim
3178 4338 3244 4375 eo
3281 4324 3592 4375 inﬂuerent.
3621 4324 3785 4387 Apud
3828 4326 3941 4374 An-

2309 4393 2493 4457 gelum
2523 4393 2853 4443 Politianum
2885 4394 2981 4444 lib.
3013 4408 3029 4443 ι
3075 4393 3436 4457 Epistolarum
3472 4399 3660 4445 exstat
3695 4394 3942 4459 Epistola

2312 4465 2596 4528 Pomponii
2636 4465 2769 4514 Larti
2812 4465 2880 4514 ad
2927 4465 3266 4522 Politianum,
3309 4466 3365 4513 in
3406 4479 3517 4528 qua
3561 4465 3641 4515 sic
3684 4465 3940 4528 legitur:

2310 4551 2340 4582 ‹‹
2365 4534 2508 4586 Cum
2535 4535 2604 4584 de
2633 4535 2924 4585 altitudine
2952 4536 3160 4599 ingenii
3202 4536 3281 4584 tui
3327 4536 3528 4597 cogito,
3554 4549 3666 4585 non
3708 4548 3941 4598 possum

2309 4620 2420 4655 non
2463 4605 2719 4655 admirari
2759 4620 2860 4656 cur
2888 4607 3061 4657 nostri
3089 4605 3414 4669 graculatim
3452 4610 3503 4656 et
3537 4607 3818 4655 turmatim
3868 4606 3940 4656 ad

2310 4678 2365 4726 te
2396 4689 2507 4725 non
2533 4675 2808 4725 advolent.
2841 4694 2868 4721 »

2373 4746 2470 4808 (3t)
2523 4747 2699 4796 Totum
2743 4747 3042 4809 perdamus.
3110 4746 3443 4798 Guillelmus
3497 4745 3745 4796 Durandi
3816 4748 3941 4810 epi—

2309 4830 2512 4880 scopus
2542 4817 2884 4866 Mimatensis
2912 4817 2969 4866 in
3003 4817 3144 4867 libro
3171 4831 3206 4867 u
3233 4817 3296 4866 de
3324 4817 3477 4867 Modo
3505 4817 3770 4878 generalis
3800 4817 3940 4866 Con-

2310 4889 2420 4938 cilii
2465 4887 2783 4946 celebrandi,
2829 4901 2947 4950 cap.
2979 4890 3006 4936 7
3035 4903 3045 4935 :
3090 4903 3119 4936 «
3156 4887 3514 4938 Proverbium
3545 4888 3772 4952 vulgare
3803 4893 3892 4937 est
3925 4904 3936 4935 :

2313 4960 2423 5021 Qui
2454 4965 2629 5008 totum
2669 4959 2807 5019 vult,
2837 4963 3012 5007 totum
3039 4957 3234 5020 perdit.
3264 4957 3518 5008 Ecclesia
3544 4958 3793 5008 Romana
3817 4958 3944 5008 sive

2311 5031 2553 5080 vindicat
2600 5030 2879 5080 universa.
2929 5029 3087 5079 Unde
3125 5027 3435 5079 timendum
3482 5033 3567 5079 est
3617 5028 3767 5092 quod
3811 5031 3945 5078 uni-

2311 5114 2468 5151 versa
2502 5101 2763 5164 perdat.»
2805 5099 2945 5150 Vide
2987 5099 3326 5150 additionem
3364 5103 3606 5148 nostram
3655 5098 3722 5148 ad
3770 5105 3949 5163 caput

2310 5173 2551 5236 primum
2601 5171 2723 5220 libri
2762 5172 2922 5235 primi
2969 5173 3030 5221 de
3067 5171 3366 5221 Concordia
3412 5169 3704 5220 Sacerdotis“
3737 5173 3782 5218 et
3824 5172 3947 5219 Im-

2308 5257 2464 5306 perii.

2375 5315 2475 5374 (35)
2505 5313 2755 5364 Salutant
2796 5326 2903 5363 vos.
2957 5313 3019 5362 In
3059 5312 3254 5363 codice
3290 5313 3467 5364 sancti
3499 5311 3663 5376 Eligii
3692 5311 3900 5376 legitur
3929 5327 3942 5361 :

2311 5405 2337 5431 α
2371 5385 2624 5436 Salutant
2649 5398 2747 5435 vos
2786 5385 2976 5434 Victor
3005 5383 3276 5434 diaconus
3309 5388 3366 5434 et
3403 5383 3499 5447 qui
3543 5397 3670 5432 cum
3700 5395 3766 5433 eo
3805 5389 3949 5433 sunt

2310 5457 2523 5508 fratres.
2550 5472 2580 5504 ››
2611 5459 2669 5505 ln
2697 5454 3206 5518 Gratianopolitano
3229 5469 3239 5503 :
3271 5471 3300 5502 ‹‹
3327 5455 3583 5505 Salutant
3603 5467 3701 5503 vos
3727 5453 3945 5516 Victor,

2312 5532 2367 5578 et
2391 5530 2485 5592 qui
2513 5541 2731 5578 mecum
2757 5531 2887 5576 sunt
2915 5527 3174 5576 salutant.
3207 5543 3234 5570 »

2372 5599 2470 5657 (36)
2518 5599 2579 5647 In
2629 5598 2870 5648 editione
2912 5597 3218 5661 Anglicana
3266 5594 3591 5646 adnotatum
3639 5598 3722 5644 est
3758 5608 3947 5658 pauca

2311 5668 2536 5732 reperiri
2615 5668 2948 5731 exemplaria
3023 5668 3183 5718 istius
3248 5667 3513 5730 epistola.
3583 5665 3699 5730 Ego
3764 5664 3947 5716 habui

2311 5753 2531 5791 novem.
