4028 6200
210 248 284 303 237
1592 235 1912 292 EPISTOLA
1952 234 2014 289 V.

3373 238 3478 291 438

256 376 321 429 sui
360 372 507 439 ofﬁcii
549 369 665 422 υυιι
713 368 993 421 admoneri
1042 382 1075 419 a
1124 367 1285 426 clero,
1346 369 1403 418 ut
1454 365 1751 419 humilitati
1772 367 1939 447 Atus
1963 367 2019 416 et
2046 362 2373 416 moderatus
2400 362 2722 428 existerem,
2754 378 2853 416 nec
2897 378 3087 415 meum
3114 368 3476 432 conspectum

256 464 355 517 dent
398 474 616 528 operam,
673 473 735 509 ac
784 456 1105 525 presbyteris
1152 471 1213 508 ac
1264 455 1503 509 diaconis
1558 470 1751 508 morem

252 554 438 618 gerant;
470 548 635 600 obiter
678 547 839 599 etiam
884 559 1109 598 secessus
1150 545 1234 596 sui
1282 559 1500 597 causam
1550 543 1749 596 reddit.

254 642 326 693 Est
350 643 504 692 autem
532 638 695 690 etiam
720 635 827 687 hac
865 649 891 687 θ
930 648 1151 687 numero
1195 634 1546 703 epistolarum
1576 635 1660 694 l3,
1690 632 1755 686 de

251 728 408 798 quibus
433 728 579 791 infra
608 724 832 793 epistola
868 726 950 776 15.

253 841 284 893 l.
306 836 588 908 Cyprianus
614 834 957 905 presbyteris
996 838 1052 887 et
1081 833 1332 888 diaconis
1360 832 1632 887 fratribus
1670 850 1753 886 sa-

197 932 355 986 lutem.
400 929 730 998 Optaveram
778 927 1031 999 quidem,
1071 927 1270 982 fratres
1314 926 1652 992 charissimi,
1694 929 1758 980 ut

196 1026 467 1080 universum
483 1020 671 1094 232
685 1022 901 1076 clerum
923 1023 1180 1075 nostrum
1201 1021 1489 1091 integrum
1516 1022 1572 1075 et
1597 1021 1753 1074 inco-

194 1121 361 1173 lumem
386 1116 514 1171 meis
534 1115 734 1170 litteris
765 1116 1095 1169 salutarem.
1116 1115 1222 1169 Sed
1251 1114 1521 1185 quoniam
1553 1114 1758 1167 infesta

198 1215 463 1282 tempestas,
489 1224 613 1279 quae
640 1208 866 1279 plebem
913 1214 1165 1262 nostram
1208 1224 1273 1262 ex
1317 1208 1566 1261 maxima
1592 1213 1756 1277 parte

197 1303 458 1377 prostravit,
490 1303 638 1356 hunc
666 1318 890 1372 quoque
912 1302 960 1336 ⁸⁸
990 1301 1207 1355 addidit
1239 1301 1446 1355 nostris
1472 1300 1758 1355 doloribus

198 1398 436 1451 cumulum
486 1401 545 1449 ut
589 1394 758 1449 etiam
818 1394 951 1448 cleri
1018 1393 1341 1464 portionem
1419 1410 1517 1448 sua
1570 1398 1757 1464 strage

198 1491 563 1561 perstringeret,
620 1504 850 1543 oramus
899 1488 1204 1541 Dominum
1266 1491 1328 1540 ut
1380 1504 1479 1541 vos
1532 1487 1755 1553 saltem,

199 1601 306 1654 quos
328 1587 378 1637 et
402 1584 453 1637 in
484 1583 589 1637 fide
621 1583 727 1653 (37)
757 1588 815 1637 et
840 1583 897 1636 in
927 1582 1136 1636 virtute
1177 1585 1329 1635 stare
1368 1581 1757 1652 cognovimus,

197 1682 310 1731 tutos
343 1693 554 1748 quoque
588 1676 647 1730 in
689 1680 977 1746 posterum
1011 1692 1114 1745 per
1140 1674 1389 1729 divinam
1435 1675 1757 1729 misericor-

1854 457 2163 525 publicum,
2197 462 2251 509 et
2276 456 2515 509 maxime
2548 457 2667 525 ejus
2704 456 2812 509 loci
2853 456 2950 509 ubi
2984 456 3149 509 toties
3171 457 3218 489 το
3246 456 3474 525 ﬂagita-

1852 555 1942 603 tus
1965 551 2072 618 (39)
2101 552 2157 602 et
2183 549 2453 620 quaesitus
2500 549 2755 614 fuissem,
2788 555 3007 603 temere
3036 549 3476 604 committerem.

1922 645 1985 697 II.
2016 644 2213 697 Fretus
2261 659 2397 712 ergo
2440 648 2496 695 et
2524 642 2828 696 dilectione
2872 649 2928 697 et
2964 643 3242 713 religione
3273 647 3477 711 vestra,

1854 753 2028 807 quam
2059 737 2193 789 satis
2221 736 2371 802 novi,
2404 735 2488 788 his
2517 735 2718 788 litteris
2762 740 2819 788 et
2862 736 3060 790 hortor
3096 740 3150 789 et
3182 736 3388 790 mando
3420 740 3480 789 ut

1856 846 1970 897 vos,
2019 846 2263 900 quorum
2313 828 2546 881 minime
2592 828 2702 881 illic
2748 827 3027 882 invidiosa
3071 832 3128 882 et
3182 846 3297 883 non
3338 830 3480 883 adeo

1854 924 2171 994 periculosa
2249 921 2555 992 prmsentia
2615 928 2719 987 est,
2788 922 2906 974 vice
2975 938 3100 975 mea
3164 923 3481 992 fungamini

1857 1017 1999 1071 circa
2033 1016 2284 1087 gerenda
2338 1032 2403 1069 ea
2444 1032 2572 1086 qua:
2615 1014 3031 1068 administratio
3072 1014 3337 1085 religiosa
3384 1016 3480 1069 de-

1856 1110 2057 1181 poscit.
2090 1109 2373 1163 Habeatur
2394 1109 2621 1163 interim
2649 1112 2925 1179 quantum
2947 1112 3129 1179 potest
3158 1114 3214 1161 et
3241 1125 3481 1179 quomo-

1858 1204 1931 1257 do
1967 1206 2154 1273 potest
2179 1210 2234 1256 et
2261 1219 2575 1273 pauperum
2605 1219 2761 1270 cura,
2796 1202 2894 1255 sed
2923 1201 3021 1271 qui
3048 1205 3245 1255 tamen
3289 1202 3485 1255 incon-

1858 1312 2013 1350 cussa
2044 1297 2151 1349 ﬁde
2181 1299 2393 1349 stantes
2422 1311 2660 1366 gregem
2705 1292 2912 1350 Christi
2945 1311 3056 1347 non
3107 1294 3481 1364 reliquerunt,

1858 1396 1921 1444 ut
1952 1390 2039 1443 his
2054 1390 2122 1443 ad
2150 1390 2500 1442 tolerandam
2524 1388 2817 1458 penuriam
2846 1393 3103 1458 sumptus
3122 1404 3221 1457 per
3239 1394 3480 1442 vestram

1858 1483 2212 1553 diligentiam
2245 1487 2605 1552 suggeratur,
2640 1498 2709 1535 ne
2756 1480 2911 1551 quod
2944 1481 3091 1535 circa
3122 1481 3358 1535 lidentes
3379 1483 3483 1550 (40)

1858 1580 2168 1647 tempestas
2192 1592 2303 1629 non
2332 1576 2646 1642 fecit,circa
2666 1572 2858 1646 233
2888 1574 3205 1629 laborantes
3240 1576 3485 1629 necessi-

1860 1676 1946 1723 tas
1973 1670 2156 1724 faciat.
2188 1669 2612 1723 Conl‘essoribus
2635 1669 2805 1722 etiam
2837 1668 3097 1738 gloriosis
3125 1670 3487 1739 impertiatur

199 1770 316 1824 diam
346 1772 660 1824 salutemus.
695 1772 761 1825 Et
786 1785 1141 1840 quamquam
1184 1785 1350 1823 causa
1393 1768 1764 1838 compelleret
1784 1740 1838 1811 B
1863 1781 1995 1819 cura
2023 1763 2378 1835 propensior.
2409 1764 2476 1817 Et
2506 1778 2857 1832 quamquam
2888 1763 3060 1815 sciam
3102 1764 3382 1832 plurimos
3422 1780 3485 1818 ex

198 1867 242 1917 ut
266 1864 366 1934 ipse
391 1863 457 1917 ad
484 1880 576 1917 vos
606 1879 938 1934 prosperare
962 1868 1018 1916 et
1046 1861 1234 1916 venire
1254 1862 1551 1928 deberem,
1576 1862 1760 1932 primo

194 1957 447 2026 cupiditate
505 1962 561 2011 et
616 1956 894 2011 desiderio
944 1955 1137 2022 vestri,
1190 1971 1318 2026 qua:
1370 1971 1459 2009 res
1511 1955 1571 2008 in
1621 1954 1763 2009 votis

196 2050 305 2103 meis
346 2066 554 2104 summa
610 2052 717 2115 est,
772 2053 893 2103 tum
942 2048 1149 2103 deinde
1200 2054 1265 2103 ut
1328 2064 1397 2103 ea
1439 2066 1563 2119 quae
1617 2049 1765 2103 circa

193 2143 401 2197 Ecclesiae
446 2143 822 2215 gubernacula
842 2144 887 2177 δτ
921 2143 1133 2197 utilitas
1175 2142 1490 2197 communis
1517 2142 1766 2212 exposcit

193 2240 387 2290 tractare
426 2236 590 2291 simul
630 2240 687 2290 et
730 2237 1109 2307 plurimorum
1154 2235 1389 2291 consilio
1443 2236 1766 2289 examinata

192 2329 415 2384 delimare
441 2331 545 2401 (38)
605 2347 916 2400 possemus,
972 2335 1162 2384 tamen
1208 2330 1399 2400 potius
1446 2330 1627 2383 visum
1684 2336 1768 2385 est

192 2422 337 2477 adhuc
363 2423 582 2478 interim
603 2423 881 2478 latebram
908 2427 964 2478 et
989 2424 1244 2493 quietem
1275 2428 1476 2477 tenere
1512 2428 1766 2494 respectu

192 2517 449 2571 utilitatum
481 2518 718 2571 aliarum
745 2534 871 2588 qua:
892 2517 961 2571 ad
988 2533 1183 2588 pacem
1212 2517 1472 2571 omnium
1505 2520 1767 2571 nostrum

192 2610 453 2677 pertinent,
509 2615 568 2664 et
623 2611 883 2677 salutem,
923 2627 1163 2682 quarum
1216 2610 1374 2664 vobis
1432 2628 1465 2665 a
1521 2611 1767 2666 Tertullo

190 2701 328 2756 fratre
366 2709 554 2758 nostro
610 2704 943 2758 cbarissimo
983 2704 1126 2758 ratio
1168 2704 1439 2759 reddetur
1483 2720 1496 2757 :
1531 2704 1627 2775 qui
1662 2721 1766 2775 pro

192 2798 417 2849 cetera“
454 2814 549 2851 sua
594 2814 732 2851 cura
778 2814 952 2867 quam
984 2798 1237 2867 impense
1256 2798 1304 2832 ⁸9
1332 2798 1538 2852 divinis
1572 2797 1763 2868 operi-

1863 1858 1951 1912 bis
1979 1858 2217 1911 fratrum
2257 1862 2383 1910 voto
2416 1860 2473 1910 et
2509 1856 2810 1909 dilectione
2855 1858 3162 1925 susceptos,
3217 1860 3408 1911 tamen
3444 1858 3490 1910 si

1864 1950 1960 2022 qui
2014 1954 2147 2004 sunt
2199 1950 2296 2021 qui
2346 1950 2431 2003 vel
2490 1949 2692 2003 vestitu
2743 1950 2826 2002 vel
2877 1953 3112 2019 sumptu
3170 1949 3489 2019 indigeant,

1864 2046 2005 2099 sicut
2046 2044 2216 2098 etiam
2268 2043 2492 2114 pridem
2542 2043 2699 2097 vobis
2743 2042 3079 2113 scripseram
3133 2059 3262 2096 cum
3307 2044 3492 2097 adhuc

1864 2143 2053 2195 essent
2096 2140 2153 2192 in
2203 2154 2429 2191 carcere
2482 2136 2794 2203 constituti,
2840 2136 3344 2190 subministrentur
3408 2137 3492 2191 eis

1863 2250 2237 2306 quaecumque
2296 2237 2426 2285 sunt
2468 2229 2804 2295 necessaria,
2862 2229 3028 2283 modo
3078 2233 3142 2283 ut
3192 2230 3372 2284 sciant
3421 2248 3490 2286 ex

1864 2328 2026 2383 vobis
2077 2334 2133 2381 et
2190 2327 2546 2380 instruantur
2598 2329 2654 2378 et
2703 2323 2924 2377 discant
2975 2324 3131 2394 quid,
3179 2324 3492 2378 secundum

1865 2422 2287 2492 Scripturarum
2321 2418 2739 2488 magisterium,
2774 2418 3155 2471 ecclesiastica
3198 2417 3492 2488 disciplina

1866 2516 2156 2586 deposcat,
2189 2513 2430 2567 humiles
2462 2516 2519 2567 et
2549 2512 2838 2566 modestos
2859 2517 2913 2565 et
2932 2511 3153 2582 quietos
3179 2528 3298 2567 esse
3323 2512 3491 2567 debe-

1867 2627 1947 2674 re,
1976 2612 2039 2662 ut
2061 2609 2337 2662 honorem
2368 2606 2453 2659 sui
2487 2604 2736 2659 nominis
2761 2610 3005 2667 servent,
3040 2611 3094 2658 et
3124 2606 3221 2676 qui
3266 2606 3491 2674 gloriosi

1866 2720 2001 2757 voce
2026 2702 2349 2766 fuerunt“,
2380 2699 2494 2753 sint
2520 2704 2575 2753 et
2606 2698 2858 2752 moribus
2903 2698 3157 2767 gloriosi,
3189 2699 3403 2753 faciant
3432 2717 3489 2754 se

1864 2797 2063 2867 dignos
2096 2798 2173 2862 ut,
2201 2794 2254 2847 in
2305 2792 2572 2847 omnibus
2607 2791 2907 2845 Dominum
2953 2796 3364 2861 promerentes,
3416 2792 3487 2846 ad

189 2886 269 2942 bus
290 2890 541 2961 impertit,
570 2891 743 2947 etiam
771 2891 937 2961 hujus
966 2891 1183 2945 consilii
1210 2895 1405 2945 auctor
1424 2891 1531 2946 fuit
1556 2897 1615 2946 ut
1634 2907 1764 2945 cau-
1786 2864 1840 2937 C
1867 2891 2149 2945 caelestem
2175 2902 2445 2942 coronam
2470 2885 2655 2940 laudis
2686 2901 2801 2939 suae
2830 2886 3328 2939 consummatione
3362 2902 3484 2955 per-

1523 3074 1730 3138 Variaa
1781 3073 2117 3137 lectiones.

238 3208 423 3261 “Hinc
463 3224 695 3276 quoque
742 3211 880 3260 Fors.
934 3211 1066 3259 Vict.
1102 3210 1227 3260 Bod.
1270 3212 1314 3259 1.

192 3276 222 3310 ⁷⁸
246 3280 338 3332 Nec
361 3282 423 3331 iis
451 3282 590 3333 locis
618 3282 675 3330 in
705 3280 909 3343 quibus
938 3282 1139 3331 totiens
1165 3282 1300 3330 Foss.

1408 3209 1449 3242 ⁶⁷
1485 3209 1941 3261 Gubernaculum
1986 3209 2141 3258 Oxon.

1391 3279 1433 3312 7'
1463 3280 1530 3330 Ut
1559 3281 1657 3343 qui
1690 3318 1699 3327 .
1729 3317 1740 3328 .
1774 3316 1785 3328 .
1810 3280 2016 3329 fuerint
2052 3279 2191 3327 Man.
2221 3278 2376 3327 Oxon.

2234 3204 2277 3238 ⁸⁸
2334 3205 2562 3257 Sincera
2610 3205 2721 3255 Vat.
2753 3205 2801 3255 2.
2888 3204 2931 3239 '9
2982 3203 3311 3269 Impendens
3343 3204 3497 3254 Oxon.

1436 3438 1661 3519 Steph.
1707 3438 1952 3502 Baluzii
1996 3443 2192 3501 notae.

237 3576 317 3635 (37)
346 3577 471 3638 Quos
510 3584 559 3627 et
604 3578 661 3625 in
694 3576 808 3640 ﬁde.
845 3576 1035 3627 Codex
1082 3576 1425 3626 Fossatensis
1467 3579 1522 3626 et
1566 3575 1769 3626 Carno-

191 3649 326 3696 teusis
375 3652 427 3698 et
465 3652 683 3699 veteres
724 3646 997 3698 editiones
1039 3664 1049 3696 :
1094 3665 1121 3693 «
1152 3646 1307 3709 Quos
1350 3646 1406 3695 in
1460 3647 1768 3696 constantia

190 3719 231 3763 et
252 3716 358 3765 ﬁdei
384 3718 600 3767 virtute.
629 3732 659 3765 »
685 3717 964 3767 Manutius
992 3718 1228 3766 mutavit
1255 3721 1309 3767 et
1350 3715 1567 3765 induxit
1604 3717 1767 3765 aliam

190 3784 452 3837 lectionem.
482 3788 685 3838 Lector
709 3787 985 3849 judicabit
1008 3791 1131 3837 utra
1161 3788 1233 3837 sit
1263 3787 1475 3836 melior.
1525 3787 1769 3850 Utraque

189 3858 300 3905 enim
322 3858 451 3907 bona
481 3862 585 3913 est,

236 3928 314 3987 (38)
364 3929 634 3978 Deltmare.
695 3928 776 3976 Ita
834 3927 957 3977 libri
1024 3930 1237 3977 veteres
1289 3932 1343 3977 et
1392 3933 1605 3977 veteres
1652 3927 1769 3977 edi-

190 3998 343 4055 tiones,
407 4001 568 4049 etiam
645 3999 946 4048 Erasmica.
994 3998 1226 4047 Manutii
1288 3999 1475 4059 editio,
1525 4000 1771 4063 itemque

191 4068 477 4129 Morelliana,
527 4076 583 4120 et
641 4070 823 4119 codex
866 4069 1408 4132 Gratianopolitanus
1459 4070 1667 4119 habent
1706 4070 1770 4118 li—

188 4152 315 4187 mare.
370 4142 575 4190 Nonius
627 4140 939 4201 Marcellus,
1001 4141 1203 4201 limare,
1250 4140 1520 4201 delimaro,
1561 4142 1771 4190 Plinius

186 4209 258 4259 lib.
288 4224 482 4271 xxxrv,
512 4226 637 4273 cap.
675 4213 724 4261 tl
760 4226 771 4258 :
803 4229 830 4255 «
872 4211 983 4260 Alii
1018 4211 1335 4261 delimatam
1382 4213 1506 4261 aeris
1544 4211 1768 4261 scobem

188 4286 308 4330 aceto
352 4286 632 4345 spargunt.
682 4296 711 4328 ›)
769 4281 831 4329 In
874 4280 1027 4330 bulla
1076 4281 1338 4331 Hadriani
1389 4283 1548 4346 Papm
1606 4283 1627 4331 Ι
1673 4296 1769 4345 pro

186 4354 474 4403 mmiasterio
525 4353 706 4402 sancti
751 4352 965 4401 Martini
1014 4353 1369 4403 Turonensis.
1424 4371 1452 4397 «
1507 4352 1668 4414 Quod
1724 4354 1769 4402 si

186 4420 321 4471 abbas
342 4423 589 4485 ejusdem
629 4425 947 4473 monasterii
989 4424 1144 4473 nullo
1170 4423 1333 4474 modo
1364 4424 1601 4473 voluerit
1628 4424 1771 4474 inter

185 4502 257 4539 eos
278 4464 529 4553 delidmari,
561 4514 587 4538 ιο
615 4499 720 4543 etc.
758 4494 820 4542 In
873 4494 1040 4543 simili
1086 4494 1373 4558 privilegio
1420 4508 1515 4557 pro
1546 4464 1847 4543 monas-D

186 4564 293 4610 leno
326 4566 492 4613 sancti
546 4565 801 4626 Dionysii
852 4565 908 4612 in
950 4563 1177 4614 Francia
1226 4565 1299 4613 ita
1335 4567 1602 4628 scriptum
1631 4570 1714 4615 est
1754 4580 1764 4613 :

186 4633 406 4693 cQuodsi
430 4635 605 4685 abbas
640 4634 888 4697 ejusdem
941 4636 1259 4685 monasterii
1303 4636 1418 4685 ullo
1472 4635 1635 4686 modo
1678 4651 1769 4686 vo-

186 4703 314 4753 luerit
338 4708 474 4755 inter
516 4720 615 4756 eos
653 4707 967 4757 declamari.
1002 4726 1030 4753 »
1071 4707 1172 4757 Pro
1209 4721 1317 4771 qu)
1360 4712 1492 4770 puto
1520 4708 1765 4758 scriben-

188 4772 289 4824 dum
316 4790 426 4827 esse
450 4777 718 4837 dcti'mari,
754 4782 815 4826 ut
847 4778 901 4826 in
936 4778 1086 4827 bulla
1128 4780 1305 4827 sancti
1344 4779 1582 4828 Martini.
1609 4778 1768 4828 Bulla

186 4843 390 4908 Gregorii
442 4848 607 4909 Papae
667 4847 713 4895 V
770 4861 867 4911 pro
937 4848 1132 4898 eodem
1190 4850 1521 4899 monasterio
1594 4850 1767 4898 sancti

187 4914 364 4965 Martini
394 4932 404 4963 :
440 4936 468 4961 α
494 4917 659 4979 Quod
685 4920 730 4966 si
762 4918 933 4968 abbas
976 4919 1222 4982 ejusdem
1270 4920 1585 4970 monasterii
1616 4920 1768 4968 nullo

187 4984 316 5035 modo
334 4988 563 5038 voluerit
589 4991 731 5039 inter
754 5003 847 5040 eos
872 4992 1202 5041 sententiam
1226 4990 1502 5041 delimare.
1524 5009 1548 5035 »

234 5057 309 5115 (39)
364 5058 689 5122 Flugitatus,
745 5060 812 5110 ad
872 5061 1120 5123 leonem,
1192 5066 1251 5111 ut
1307 5062 1447 5111 infra
1506 5062 1663 5125 epist.
1710 5062 1770 5111 M

187 5132 227 5174 et
255 5130 313 5177 l5.

231 5200 309 5254 (40‘:
350 5202 498 5251 Circo
526 5200 757 5264 ﬁdentes,
782 5202 838 5252 id
864 5209 945 5253 est
988 5206 1155 5256 fortes
1190 5205 1245 5253 in
1275 5203 1401 5263 fide,
1430 5207 1493 5253 ut
1520 5204 1768 5267 loquitur

188 5270 454 5332 Apostolus.
488 5270 713 5322 Certum
760 5279 843 5323 est
885 5275 1097 5339 aliquot
1146 5278 1327 5325 vetera
1357 5275 1689 5337 exemplaria
1716 5277 1770 5323 et

191 5350 343 5391 omnes
384 5339 654 5390 editiones
706 5348 835 5392 ante
885 5344 1282 5402 Manutianam,
1330 5346 1493 5394 etiam
1551 5344 1769 5407 Spiren-

190 5421 293 5469 sem,
335 5412 584 5475 pmferre
645 5412 793 5464 hanc
852 5414 1166 5465 lectionem.
1234 5416 1374 5475 Alia,
1432 5428 1556 5476 quin
1602 5414 1770 5463 habet

192 5480 298 5549 circa
326 5483 469 5542 ﬁdem
510 5486 691 5531 exstat
738 5485 900 5534 etiam
948 5488 1004 5534 in
1053 5486 1264 5549 aliquot
1292 5486 1536 5549 antiquis
1566 5483 1769 5534 codici-

191 5547 271 5600 bus
293 5558 337 5604 et
376 5558 425 5606 in
474 5556 868 5622 posterioribus
918 5547 1270 5606 editionibus.
1318 5547 1443 5621 Ego
1477 5570 1607 5605 vero
1634 5560 1767 5618 puto

193 5622 382 5680 Primam
407 5642 526 5679 esse
556 5628 856 5678 meliorem.
903 5628 1256 5690 Comparatio
1303 5632 1387 5677 est
1426 5628 1571 5677 inter
1598 5626 1770 5677 ﬁden-

195 5692 271 5751 tes,
309 5695 357 5744 id
404 5704 485 5748 est
523 5700 688 5749 fortes
728 5702 779 5748 et
821 5697 1156 5758 laborantes,
1210 5697 1265 5747 id
1314 5702 1396 5748 est
1421 5710 1690 5761 pauperes
1714 5701 1769 5747 et

199 5762 475 5835 1adigentes,
533 5774 598 5822 ut
664 5768 973 5836 Cyprianus
1019 5769 1262 5834 loquitur
1328 5770 1383 5818 in
1437 5768 1668 5833 epistola
1716 5770 1766 5831 4,

1868 3575 2049 3625 victus
2084 3573 2470 3624 necessitatem
2515 3571 2809 3635 patientes.
2866 3571 2955 3619 Ait
3004 3583 3132 3635 ergo
3185 3569 3495 3634 Cyprianus

1867 3644 2176 3695 timendum
2207 3657 2327 3694 esse
2351 3656 2421 3692 ne
2450 3645 2486 3693 ii
2516 3644 2612 3707 qui
2639 3644 2965 3692 inconcussa
2996 3641 3104 3691 fide
3133 3644 3339 3690 stantes
3378 3643 3495 3692 sive

1869 3717 2036 3766 fortes
2070 3716 2305 3776 fuerunt,
2338 3716 2669 3764 necessitate
2709 3713 2989 3771 labantur,
3029 3715 3075 3760 si
3120 3726 3310 3762 eorum
3352 3726 3496 3775 pau-

1869 3788 2064 3850 pertati
2101 3800 2212 3835 non
2248 3785 2624 3835 subveniatur.
2666 3782 2878 3843 Cicero,
2915 3784 3011 3831 lib.
3059 3796 3113 3832 III
3141 3783 3496 3843 Questionum

1873 3858 2335 3908 Tusculanarum:
2373 3874 2399 3900 «
2428 3856 2535 3916 Qui
2576 3855 2730 3903 fortis
2777 3857 2875 3913 est,
2923 3852 3068 3901 idem
3115 3853 3291 3903 ﬁdens
3341 3857 3495 3902 est.»

1871 3928 2099 3989 Seneca,
2137 3928 2291 3989 epist.
2324 3926 2401 3973 85.
2427 3942 2453 3968 «
2498 3924 2605 3985 Qui
2636 3924 2791 3971 fortis
2834 3926 2933 3979 est,
2962 3924 3082 3972 sine
3118 3924 3311 3972 timore
3337 3928 3434 3973 est.
3469 3943 3496 3969 »

1870 3998 2083 4059 Cicero,
2138 3998 2228 4047 lib.
2281 4010 2297 4045 I
2343 3996 2751 4045 Tusculanarum
2789 3995 3133 4054 Quaestionum
3173 4010 3183 4042 :
3218 4010 3247 4040 «
3278 3994 3496 4043 Fidenti

1870 4070 2056 4118 animo
2090 4068 2371 4130 gradietur
2419 4067 2486 4114 ad
2536 4070 2785 4114 mortem.
2823 4081 2850 4109 ›ι
2898 4063 3226 4112 Ammianus
3270 4064 3497 4113 Marcel-

1870 4140 2045 4200 linus,
2098 4140 2190 4188 lib.
2247 4152 2349 4188 XVI
2403 4152 2414 4184 :
2455 4156 2482 4182 «
2531 4137 2600 4185 Ili
2650 4135 2822 4199 quieti
2872 4137 2927 4183 et
2982 4136 3127 4183 cauti
3173 4136 3363 4194 animi,
3406 4136 3494 4183 isti

1870 4208 2121 4268 fidentes,
2168 4208 2547 4273 grandissimis
2607 4207 2714 4255 illis
2776 4205 3097 4268 corporibus
3150 4206 3313 4263 freti;
3362 4221 3391 4251 »
3444 4210 3499 4255 et

1868 4279 2035 4343 paulo
2065 4284 2185 4343 post
2217 4295 2229 4327 :
2258 4298 2286 4328 «
2313 4279 2466 4341 Quos
2494 4279 2774 4329 Romanus
2801 4278 2915 4340 jam
2953 4275 3186 4325 fidenter
3229 4278 3436 4326 stravit.
3466 4296 3493 4324 »

1870 4352 2080 4413 Horat,
2107 4352 2143 4400 l.
2176 4364 2251 4411 III,
2280 4349 2381 4401 Od.
2414 4349 2443 4399 3
2476 4365 2486 4397 :

2211 4451 2396 4502 Fidens
2421 4451 2668 4513 juventus
2686 4448 2898 4498 horrida
2926 4448 3170 4498 brachiis.

1870 4559 2080 4610 Seneca
2110 4560 2369 4623 tragicus,
2403 4556 2643 4607 Hercule
2690 4556 2903 4605 furente
2948 4571 2958 4602 :
2996 4570 3024 4602 «
3068 4556 3491 4620 Quemcumque

1868 4633 2062 4682 fortem
2112 4630 2332 4689 videris,
2378 4629 2643 4678 miserum
2685 4640 2870 4691 neges.
2916 4642 2945 4673 »
3002 4627 3123 4687 Ipse
3184 4626 3492 4690 Cyprianus

1868 4704 1922 4751 in
1963 4702 2193 4765 epistola
2243 4701 2320 4757 52,
2367 4699 2437 4748 ad
2483 4699 2861 4756 Antonianum,
2909 4711 3031 4759 pag.
3079 4698 3140 4746 72
3183 4714 3193 4745 :
3252 4717 3276 4742 «
3308 4699 3491 4747 Manet

1868 4786 1997 4821 vero
2026 4772 2319 4821 ﬁdentium
2351 4770 2518 4820 robur
2542 4768 2847 4828 immobile,
2872 4772 2925 4816 et
2966 4767 3112 4829 apud
3158 4769 3412 4818 timentes
3438 4774 3492 4821 et

1868 4843 2162 4905 diligentes
2217 4842 2380 4892 corde
2436 4844 2547 4890 toto
2609 4840 2908 4889 Dominum
2966 4838 3180 4887 stabilis
3228 4843 3282 4888 et
3337 4840 3494 4891 fortis

1867 4917 2180 4977 perseveret
2207 4912 2505 4975 integritas.
2533 4927 2560 4956 s>
2588 4909 2758 4967 Idem,
2788 4910 2841 4957 in
2867 4909 3007 4959 libro
3046 4908 3107 4957 de
3148 4910 3490 4971 Mortalitata,

1866 4999 1987 5048 pag.
2016 4986 2110 5034 232
2145 5000 2154 5031 :
2191 5002 2216 5030 «
2246 4984 2419 5033 Datur
2453 4982 2695 5031 velocius
2738 4980 2909 5030 tutela
2950 4980 3265 5042 ﬁdentibus,
3325 4982 3491 5045 perﬁ-

1868 5056 1954 5103 dis
1986 5068 2160 5117 pcena.
2194 5072 2220 5099 »
2251 5055 2311 5102 In
2341 5053 2481 5101 libro
2511 5058 2696 5101 contra
2749 5052 3155 5109 Demetrianum,
3196 5064 3318 5115 pag.
3352 5052 3439 5102 221
3477 5068 3489 5101 :

1867 5145 1895 5173 «
1926 5127 2073 5178 Certi
2131 5130 2185 5176 et
2224 5124 2472 5183 ﬁdentes,
2508 5139 2538 5171 ››
2587 5123 2694 5172 alio
2739 5135 2928 5171 sensu.
2997 5122 3124 5171 Istic
3180 5124 3327 5172 enim
3381 5138 3487 5175 vox

1866 5198 2076 5260 ﬁdentes
2104 5196 2376 5261 significat
2405 5208 2499 5244 eos
2543 5195 2638 5257 qui
2670 5192 2957 5243 confidunt
3007 5194 3064 5241 in
3110 5196 3493 5256 promissioni~

1867 5270 1971 5319 bus
1997 5268 2219 5319 Christi.
2250 5266 2543 5330 Josephus,
2572 5266 2627 5314 in
2656 5264 2797 5314 libro
2848 5264 2911 5313 de
2961 5265 3181 5324 Imperio
3238 5268 3490 5329 Rationis,

1867 5353 1935 5390 ex
1960 5338 2407 5401 interpretatione
2434 5336 2647 5385 Erasmi
2686 5350 2697 5382 :
2739 5352 2767 5383 ‹‹
2807 5335 2915 5396 Qui
2954 5336 3173 5397 sapiens
3212 5337 3399 5400 itaque
3441 5343 3495 5387 et

1867 5411 2039 5471 fortis,
2070 5410 2160 5460 hic
2197 5409 2360 5458 totius
2408 5407 2669 5457 dominus
2720 5410 2803 5455 est
2846 5406 3131 5469 passionis,
3177 5411 3369 5470 utpote
3396 5412 3493 5472 qui

1866 5482 2009 5531 bene
2058 5481 2351 5544 cogitatam
2407 5479 2754 5543 praecogitat,
2812 5484 2867 5527 et
2921 5482 3205 5540 acceptam
3285 5482 3496 5543 respuit

1867 5566 2163 5616 nusquam.
2209 5567 2239 5598 ››
2286 5550 2498 5601 Eodem
2547 5551 2651 5599 isto
2699 5550 2895 5599 ultimo
2934 5562 3102 5598 sensu
3144 5563 3253 5612 quo
3302 5564 3399 5600 vos
3433 5552 3493 5615 ﬁ-

1867 5624 2039 5674 dentes
2089 5626 2382 5686 usurpatur
2416 5635 2447 5670 a
2489 5620 2785 5684 Cypriano,
2840 5620 3167 5670 Ammianus
3219 5621 3491 5672 Marcelli-

1868 5710 1992 5755 nus,
2023 5694 2118 5744 lib.
2146 5706 2288 5755 xvn,
2320 5693 2457 5742 dixit
2499 5708 2509 5740 :
2544 5710 2571 5737 «
2610 5692 2875 5755 Rogaturi
2918 5692 3239 5755 suppliciter
3278 5706 3492 5757 pacem,

1870 5766 2108 5819 ﬁdentes
2137 5765 2206 5817 ad
2229 5765 2499 5831 principis
2527 5776 2728 5814 venere
2753 5769 3129 5829 conspectum.
3156 5780 3185 5811 »
