4028 6200
206 294 273 347 241
1594 292 1754 347 131³1δῖ

1864 294 1912 345 Α
1954 291 2037 344 Vl.

3389 284 3489 336 2-22

205 425 351 475 nostra
374 418 751 487 complectitur
765 433 935 489 quam
964 424 1025 473 ut
1049 420 1178 475 lecto
1212 420 1402 474 animo
1426 421 1758 491 frequenter
1780 436 1837 507 Α
1858 422 1959 476 sibi
1990 423 2225 495 gratiam
2266 425 2456 475 tenere
2485 421 2791 489 potuerunt
2833 417 2901 470 ⁸ο.
2949 414 3274 473 Recedente
3320 409 3389 465 ab
3421 411 3491 464 iis

204 534 251 570 ac
272 530 464 583 semper
482 513 719 582 gloriam
736 514 905 567 vestri
927 515 1181 569 nominis
1204 516 1596 584 prmdicemus.
1612 516 1757 579 Quid

203 610 321 662 enim
346 608 421 662 vel
454 608 635 677 majus
679 608 738 661 in
784 609 927 662 votis
969 609 1109 662 meis
1154 614 1335 679 potest
1376 625 1493 665 esse
1520 610 1602 663 vel
1636 627 1755 664 me-

198 703 277 756 lius
312 718 467 772 quam
508 718 635 755 cum
671 702 836 756 video
879 704 1249 757 confessionis
1292 707 1492 757 vestrm
1537 704 1757 758 honore

195 797 482 850 luminatum
512 812 743 866 gregem
772 796 981 850 Christi
1008 797 1034 850 ?
1062 798 1225 865 Nam,
1265 814 1393 851 cum
1423 797 1670 868 gaudere
1701 798 1759 851 in

196 891 274 943 hoc
298 905 471 943 omnes
486 891 689 943 fratres
712 894 994 960 uporteat,
1012 897 1134 945 tum
1164 891 1221 945 in
1246 891 1451 962 gaudio
1469 891 1760 945 communi

194 984 334 1052 major
371 990 447 1036 est
498 982 745 1054 episcopi
801 983 993 1056 236
1037 985 1224 1055 portio
1255 1001 1267 1038 :
1297 985 1560 1038 Ecclesiae
1604 984 1759 1039 enim

194 1077 335 1147 gloria
358 1077 628 1147 praepositi
679 1077 861 1147 gloria
890 1078 995 1149 (47)
1029 1084 1131 1132 est.
1173 1080 1460 1143 Quantum
1502 1079 1759 1132 dolemus

194 1188 245 1224 ex
288 1170 380 1223 illis
419 1186 558 1240 quos
604 1174 907 1241 tempestas
960 1171 1191 1226 inimica
1248 1172 1569 1244 prostravit,
1631 1176 1757 1225 tan-

194 1270 285 1317 tum
311 1264 557 1317 laetamur
581 1280 648 1318 ex
679 1264 857 1331 vobis,
889 1281 1031 1335 quos
1060 1265 1312 1319 diabolus
1338 1282 1608 1336 superare
1645 1282 1757 1319 non

194 1359 356 1428 potuit.

248 1453 607 1506 ll.Hortamur
652 1456 851 1507 tamen
889 1469 991 1524 per
1027 1469 1393 1508 communem
1439 1454 1630 1520 ﬁdem,
1662 1470 1763 1525 per

196 1545 390 1615 pectoris
416 1546 590 1600 nostri
628 1562 822 1600 veram
863 1547 1009 1601 circa
1047 1563 1142 1600 vos
1182 1552 1240 1602 et
1275 1547 1593 1618 simplicem
1625 1548 1759 1602 cha-

194 1640 397 1706 ritatem,
425 1644 503 1707 ut,
557 1640 654 1710 qui
703 1639 1085 1694 adversarium
1133 1642 1317 1712 prima
1357 1641 1460 1695 hac
1490 1658 1759 1711 congres-

193 1731 315 1785 sione
336 1732 551 1799 vicistis,
571 1733 812 1803 gloriam
826 1739 1068 1787 vestram
1088 1734 1221 1788 forti
1244 1739 1299 1789 et
1320 1735 1700 1804 perseveranti
1715 1736 1762 1769 ⁷⁸

1859 517 2159 588 disciplina
2189 514 2500 581 Dominica,
2534 514 2763 567 recessit
2787 518 2842 566 ct
2872 512 3078 582 gratia.

1928 612 2017 665 lll.
2070 607 2555 664 Perseverandum
2600 606 2762 661 nobis
2806 612 2889 659 est
2928 606 2989 659 in
3018 610 3171 659 arcto
3213 608 3267 657 et
3292 602 3349 656 in
3380 618 3484 655 an-

1859 708 2023 775 gusto
2052 704 2255 757 itinere
2285 702 2464 756 laudis
2491 706 2548 755 et
2578 700 2769 771 glorim
2793 717 2807 767 ;
2840 705 2897 753 et
2925 716 3051 753 cum
3081 697 3242 769 quies
3282 699 3339 750 et
3376 696 3482 749 hu-

1858 798 2064 852 militas
2094 803 2149 852 et
2173 798 2459 851 bonorum
2490 811 2718 849 morum
2753 793 3129 864 tranquillitas
3157 790 3487 848 Christianis

1858 890 2120 944 omnibus
2161 891 2459 957 congruat,
2503 885 2815 940 secundum
2855 882 3077 937 Domini
3128 898 3345 945 vocem,
3385 881 3478 951 qui

1860 984 2151 1039 neminem
2183 982 2361 1035 alium
2388 982 2605 1049 respicit
2632 979 2673 1011 εί
2714 976 2822 1030 nisi
2855 977 3107 1031 humilem
3149 982 3197 1029 et
3246 977 3485 1043 quietum

1860 1085 1911 1132 et
1940 1080 2250 1131 trementem
2276 1090 2537 1129 sermones
2553 1088 2674 1127 suos
2695 1074 2849 1142 (Isa.,
2879 1086 3018 1135 mm,
3049 1070 3124 1137 2),
3154 1073 3276 1122 tum
3304 1066 3489 1136 magis

1860 1171 1966 1225 hoc
1997 1170 2295 1225 observare
2319 1174 2375 1222 et
2401 1168 2639 1236 implere
2663 1165 3013 1220 confessores
3037 1163 3081 1197 ⁸³
3102 1162 3208 1232 (51)
3238 1163 3485 1231 Oportet,

1863 1264 1959 1335 qui
2008 1264 2329 1333 exemplum
2362 1261 2491 1314 facti
2540 1260 2672 1313 estis
2712 1257 2899 1330 237
2932 1256 3153 1311 caeteris
3193 1253 3485 1317 fratribus,

1862 1359 1929 1412 ad
1978 1373 2225 1428 quorum
2270 1371 2462 1410 mores
2510 1354 2767 1408 omnium
2816 1352 2929 1405 vita
2972 1353 3027 1405 et
3077 1354 3235 1403 actus
3279 1347 3487 1402 debeat

1860 1451 2172 1522 provocari.
2222 1451 2378 1514 Nam,
2421 1448 2565 1502 sicut
2598 1446 2776 1502 Judmi
2822 1462 2854 1498 a
2895 1446 3007 1498 Deo
3049 1442 3280 1497 alienati
3329 1444 3483 1507 sunt,

1861 1548 2095 1616 prOpter
2122 1560 2263 1613 quos
2291 1558 2500 1597 nomen
2532 1540 2622 1595 Dei
2648 1539 3084 1610 blasphematur
3108 1537 3165 1589 in
3190 1535 3476 1606 gentibus,

1864 1639 1942 1692 ita
1974 1641 2174 1692 contra
2208 1638 2321 1690 Deo
2350 1636 2504 1690 chari
2534 1637 2667 1689 sunt
2703 1649 2805 1703 per
2851 1647 3094 1702 quorum
3128 1628 3486 1699 disciplinam

1865 1748 2073 1786 nomen
2104 1730 2323 1784 Domini
2354 1727 2622 1783 laudabili
2667 1725 2989 1781 testimonio
3032 1723 3391 1794 praedicatur,
3417 1721 3487 1774 si-

190 1824 354 1878 virtute
378 1802 632 1880 teneatis.
672 1826 863 1881 Adhuc
889 1827 947 1881 in
986 1828 1191 1881 smculo
1239 1802 1453 1895 sumus,
1487 1829 1671 1881 adhuc
1704 1830 1761 1882 in
1787 1802 1840 1871 Β
1865 1832 1959 1881 cut
1980 1825 2250 1895 scriptum
2279 1827 2382 1891 est,
2430 1822 2675 1875 Domino
2715 1822 3104 1890 praemonente
3134 1820 3191 1869 et
3219 1816 3439 1869 dicente
3472 1833 3482 1867 :

190 1918 278 1972 acie
315 1919 612 1989 constituti,
660 1921 729 1975 de
769 1920 885 1974 vita
924 1925 1112 1975 nostra
1145 1922 1249 1991 (48)
1297 1921 1555 1992 quotidie
1596 1922 1760 1975 dimi-

190 2028 361 2065 camus.
390 2014 574 2067 Danda
617 2030 788 2086 opera
825 2020 909 2069 est
954 2019 1017 2069 ut
1066 2020 1191 2085 post
1235 2015 1355 2068 haec
1392 2014 1555 2068 initia
1587 2016 1654 2069 ad
1684 2016 1763 2069 in-

187 2113 435 2161 crementa
451 2124 679 2179 quoque
702 2109 985 2171 veniatur,
1005 2115 1060 2162 et
1078 2111 1508 2162 consummatur
1526 2108 1582 2162 in
1605 2108 1763 2162 vobis

187 2200 306 2268 quod
326 2200 433 2268 jam
464 2201 802 2255 rudimentis
831 2201 1083 2255 felicibus
1109 2218 1230 2257 esse
1264 2202 1531 2272 coepistis.
1561 2205 1759 2257 Parum

184 2296 245 2345 est
268 2292 480 2364 adipisci
522 2295 739 2366 aliquid
776 2297 1071 2366 potuisse;
1112 2296 1237 2366 plus
1278 2302 1361 2350 est
1400 2296 1551 2367 quod
1583 2296 1759 2367 adep-

184 2392 251 2438 tus
273 2403 322 2439 es
341 2406 495 2458 posse
524 2404 750 2443 servare
780 2390 914 2459 (49);
949 2389 1092 2444 sicut
1119 2393 1176 2443 et
1221 2390 1360 2443 ﬁdes
1406 2390 1527 2460 ipsa
1580 2394 1637 2443 et
1662 2407 1758 2443 na-

185 2481 330 2535 tivitas
356 2483 634 2549 salutaris,
666 2500 782 2537 non
833 2487 1079 2554 accepta,
1120 2483 1215 2537 sed
1257 2484 1553 2549 custodita,
1585 2484 1761 2537 viviti-

184 2578 265 2628 cat.
293 2576 391 2630 Nec
444 2577 636 2631 statim
686 2577 1027 2645 consecutio,
1068 2578 1165 2631 sed
1201 2577 1611 2631 consummatio
1656 2578 1759 2632 ho-

182 2668 357 2723 minem
408 2671 516 2725 Deo
570 2673 776 2726 servat.
818 2670 1087 2725 Dominus
1134 2672 1239 2725 hoc
1292 2672 1619 2741 magisterio
1660 2688 1761 2725 suo

182 2761 339 2815 docuit
360 2763 548 2818 dicens
577 2787 587 2817 :
619 2766 753 2819 Ecce
793 2780 956 2820 sanus
996 2767 1182 2830 factus
1220 2781 1290 2827 es,
1325 2766 1446 2833 jam
1488 2766 1604 2819 noli
1636 2782 1758 2835 pec-

181 2871 367 2919 care,ne
390 2859 521 2927 quid
549 2860 652 2912 tibi
677 2858 909 2912 deterius
932 2860 1095 2927 ﬁat79
1139 2862 1334 2926 (Joan.,
1368 2875 1421 2923 v,
1474 2860 1576 2928 14).
1622 2861 1761 2912 Puta

182 2949 261 3002 hoc
287 2950 429 3004 illum
461 2952 565 3021 (50)
600 2954 658 3005 et
684 2952 990 3006 confessori
1020 2969 1120 3006 suo
1150 2953 1335 3007 dicere
1366 2968 1377 3006 :
1405 2972 1432 3001 ‹‹
1461 2953 1599 3006 Ecce
1624 2969 1757 3007 con-

181 3041 318 3097 fessor
343 3045 515 3099 factus
548 3062 632 3110 es,
655 3046 780 3115 jam
808 3045 924 3099 noli
965 3062 1218 3115 peccare,
1251 3062 1321 3099 ne
1359 3045 1497 3117 quid
1536 3046 1641 3100 tibi
1669 3047 1762 3101 de-

1862 1924 2058 1975 Luceat
2087 1920 2265 1972 lumen
2292 1921 2525 1971 vestrum
2568 1930 2750 1968 coram
2794 1912 3116 1970 hominibus.
3156 1915 3217 1963 ut
3262 1910 3487 1963 videant

1863 2029 2024 2083 opera
2053 2016 2229 2066 vestra
2262 2011 2417 2070 bona,
2460 2015 2510 2063 et
2551 2010 2845 2075 clariﬁcent
2876 2009 3092 2059 Patrem
3129 2008 3361 2057 vestrum
3390 2005 3488 2071 qui

1863 2111 1919 2160 in
1942 2107 2084 2160 cadis
2114 2105 2455 2173 est(Matth.,
2503 2118 2554 2170 ν,
2593 2101 2699 2167 16).
2732 2102 2797 2155 Et
2837 2099 3043 2153 Paulus
3080 2097 3365 2167 apostolus
3400 2096 3486 2148 di-

1864 2202 1938 2254 cit
1971 2217 1983 2253 :
2020 2202 2207 2253 Lucete
2237 2200 2372 2252 sicut
2420 2195 2531 2266 (52)
2570 2196 2867 2249 luminaria
2901 2196 2960 2246 in
3001 2192 3203 2247 mundo
3240 2191 3484 2259 (Philip,

1864 2312 1918 2356 ιι,
1953 2296 2056 2363 15).
2092 2295 2157 2348 Et
2187 2294 2381 2345 Petrus
2413 2288 2670 2344 similiter
2705 2288 2965 2341 hortatur
2995 2305 3007 2340 :
3041 2286 3192 2340 Sicut
3238 2286 3486 2353 hospites,

1862 2387 2067 2458 inquit,
2103 2393 2151 2439 et
2174 2387 2462 2456 peregrini,
2493 2384 2748 2437 abstinete
2777 2396 2867 2435 vos
2904 2398 2937 2431 (ι
2992 2380 3303 2433 carnalibus
3346 2379 3483 2431 desi-

1864 2482 2050 2540 deriis,
2083 2494 2203 2548 qum
2246 2478 2489 2531 militant
2528 2476 2781 2529 adversus
2823 2476 3084 2541 animam,
3126 2474 3483 2526 conversatio-

1863 2590 1983 2628 nem
2006 2574 2050 2605 ⁸³
2078 2573 2326 2627 habentes
2358 2574 2499 2624 inter
2524 2570 2746 2638 gentiles
2768 2569 2813 2602 ⁸⁴
2860 2568 3072 2627 bonum,
3120 2572 3200 2625 ut,
3238 2566 3365 2618 dum
3391 2566 3483 2619 de-

1863 2672 2105 2722 tractant
2132 2666 2239 2736 (53)
2267 2666 2332 2719 de
2357 2665 2502 2718 vobis
2538 2665 2699 2731 quasi
2739 2662 2803 2716 de
2844 2662 3119 2729 malignis,
3149 2661 3283 2713 bona
3324 2674 3485 2729 opera

1860 2768 2039 2817 vestra
2082 2762 2395 2829 aspicientes
2445 2758 2784 2825 magniﬁcent
2830 2756 3108 2809 Dominum
3152 2754 3200 2821 (Ι
3232 2755 3397 2819 Petra,
3426 2769 3483 2817 n,

1865 2859 1949 2921 ll,
1984 2854 2090 2923 12).
2143 2852 2300 2916 Quod
2336 2851 2569 2922 quidem
2610 2848 2855 2903 maxima
2898 2864 3028 2917 pars
3074 2852 3316 2900 vestrum
3355 2862 3485 2898 cum

1861 2964 1992 3003 meo
2023 2946 2231 3017 gaudio
2264 2949 2442 3012 curat,
2485 2949 2541 2996 et
2584 2941 2950 2995 confessionis
2992 2940 3164 3010 ipsius
3195 2940 3413 2992 honore
3437 2939 3482 2971 ⁸⁵

1863 3041 2069 3096 melior
2094 3040 2262 3105 facta,
2304 3036 2625 3108 tranquillis
2657 3041 2714 3089 et
2738 3035 2903 3089 bonis
2945 3034 3198 3088 moribus
3238 3031 3480 3103 gloriam

182 3136 320 3190 terius
352 3138 458 3191 ﬁat.
494 3160 521 3187 »
572 3138 843 3193 Salomon
889 3139 1136 3211 denique
1186 3142 1243 3194 et
1289 3139 1421 3194 Saul
1463 3142 1521 3192 et
1564 3140 1755 3194 czeteri
1779 3168 1833 3240 Ο
1862 3151 2023 3189 suam
2053 3132 2295 3187 custodit
2323 3135 2380 3185 et
2406 3134 2609 3185 servat.

182 3229 329 3296 multi,
350 3230 618 3301 quamdiu
650 3232 709 3285 in
729 3232 828 3285 viis
851 3232 1068 3286 Domini
1096 3231 1756 3295 ambulaverunt,datam

1930 3230 2015 3283 IV.
2046 3227 2154 3283 Sed
2202 3225 2479 3298 quosdam
2527 3223 2696 3278 audio
2743 3223 2971 3277 inﬁcere
3008 3236 3311 3276 numerum
3355 3236 3483 3273 ves-

1510 3372 1717 3435 Varim
1774 3371 2109 3436 lectiones.

225 3506 258 3541 π
277 3508 491 3560 Fortiter
519 3508 630 3558 ΝΟ.
662 3509 712 3558 2.

179 3581 279 3626 mut
304 3580 427 3628 Lam.
456 3580 609 3629 Ebor.
642 3579 749 3629 ΝΟ.
780 3580 823 3628 1.
857 3579 984 3628 Bod.
1011 3581 1058 3639 1,
1085 3579 1129 3627 3.

177 3648 686 3771 ἓοὲοὲνθινεδιὶοοθω
734 3654 972 3700 vestram
1023 3652 1159 3699 Pem.

323 3760 333 3770 .
361 3724 467 3771 ιιή.

323 3760 333 3770 .
361 3724 467 3772 ιιή.

806 3507 848 3540 ⁷⁹
878 3507 1108 3571 Aliquid
1144 3508 1241 3559 tibi
1264 3508 1506 3559 deterius
1532 3508 1817 3570 contingat
1843 3506 1965 3557 Bod.
1998 3508 2041 3555 1.

1228 3578 1267 3610 ⁸¹
1298 3579 1563 3641 Prospicit
1600 3577 1752 3627 Ebor.
1780 3578 1885 3627 NC.
1921 3580 1960 3627 l.
1984 3575 2199 3638 Recipit
2230 3576 2338 3624 Lin.

1249 3649 1292 3683 ⁸⁵
1342 3651 1490 3699 Inter
1537 3653 1727 3712 gentes
1767 3648 1917 3699 Ebor.
1974 3648 2082 3697 ΝΟ.
2132 3648 2176 3696 1.

2127 3504 2167 3537 ⁸ο
2180 3506 2300 3555 Non
2330 3500 2986 3561 ambulaverunt,datam.
3028 3537 3037 3547 .
3066 3534 3078 3546 .
3113 3537 3123 3546 .
3149 3512 3259 3547 non
3290 3504 3484 3562 potue—

2436 3574 2475 3605 δ’
2501 3571 2859 3622 Coniessores
2882 3571 2935 3618 in
2964 3573 3106 3619 terra
3128 3570 3266 3617 Lam.
3299 3569 3406 3619 ΝΟ.
3438 3571 3479 3618 1.

2228 3646 2368 3693 Lam.
2454 3642 2495 3677 ⁸⁵
2534 3644 2581 3692 Α
2635 3641 3000 3693 confessionis
3046 3639 3220 3703 ipsius
3273 3639 3481 3690 honore

1423 3795 1646 3877 Steph.
1695 3794 1941 3858 Baluzii
1985 3798 2181 3857 nota.

179 3924 301 4041 halt?)
328 3923 596 3988 Praepositi
624 3923 813 3986 gloria.
845 3922 1086 3985 Quidam
1117 3923 1243 3973 libri
1288 3926 1504 3973 veteres
1552 3923 1762 3973 habent

229 4006 324 4041 ηον.

229 4006 324 4041 ηον.

222 4065 300 4123 (48)
326 4068 390 4114 De
418 4068 526 4116 vita
556 4070 759 4115 nostra.
795 4066 854 4115 Id
886 4069 984 4127 est,
1019 4066 1269 4129 quotidie
1294 4078 1490 4115 sumus
1520 4066 1575 4114 in
1606 4067 1759 4129 peri-

178 4135 275 4184 culo
298 4139 414 4186 vitae
442 4142 664 4186 nostrae.
698 4137 804 4187 Hic
843 4142 924 4187 est
957 4150 1120 4187 verus
1152 4141 1204 4188 et
1241 4138 1517 4201 genuinus
1558 4135 1757 4186 horum

178 4206 421 4257 verborum
464 4221 684 4258 sensus.
734 4209 852 4257 Non
888 4221 1116 4271 possum
1162 4209 1329 4271 igitur
1378 4209 1627 4258 assentiri
1668 4208 1757 4257 Ri-

177 4275 307 4333 galtio
333 4278 591 4328 scribenti
619 4278 744 4328 istic
772 4280 858 4340 agi
888 4277 955 4327 de
988 4280 1096 4327 vita
1116 4283 1338 4327 aeterna.
1372 4278 1555 4327 Nihilo
1581 4279 1757 4340 magis

178 4357 329 4424 verum
355 4354 431 4424 est
456 4349 581 4400 haec
611 4348 779 4397 verba
811 4362 879 4398 ex
912 4349 1144 4424 epistola
1176 4350 1251 4424 13,
1279 4363 1401 4424 pag.
1428 4350 1491 4399 23
1520 4365 1530 4396 :
1559 4368 1585 4394 «
1613 4347 1755 4398 Vitae

176 4420 251 4476 ipsi
286 4420 519 4469 omnium
562 4424 817 4469 nostrum
858 4421 1191 4477 convenit,»
1234 4420 1439 4470 habere
1471 4433 1599 4469 eum
1626 4434 1753 4468 sen-

176 4498 281 4534 sum.
316 4490 368 4537 In
398 4490 633 4553 epistola
656 4491 734 4549 ‘26,
761 4504 882 4554 pag.
915 4489 994 4547 36,
1026 4492 1293 4553 scriptum
1321 4494 1404 4540 est
1432 4505 1442 4538 :
1477 4510 1502 4535 «
1529 4491 1754 4553 Propter

175 4558 213 4603 te
237 4559 577 4611 interﬁcimur
595 4561 832 4621 tota'die,
854 4578 882 4608 »
910 4575 1006 4625 pro
1026 4575 1091 4612 eo
1108 4562 1257 4625 quod
1281 4564 1334 4611 in
1356 4564 1535 4625 capite
1557 4567 1751 4613 octavo

176 4625 387 4689 Epistola:
419 4633 487 4682 ad
532 4634 815 4683 Romanos
844 4632 1047 4695 legitur
1076 4646 1086 4678 :
1133 4635 1353 4696 Propter
1380 4640 1426 4682 te
1461 4633 1750 4695 mortiﬁca-

174 4711 265 4746 mur
295 4708 388 4752 tota
414 4704 513 4753 die.
545 4704 938 4765 Hieronymus,
968 4704 1023 4751 in
1050 4704 1295 4767 Epistola
1318 4704 1387 4753 ad
1420 4705 1710 4754 Rusticum
1736 4720 1746 4753 ε

175 4785 194 4811 ς
220 4771 342 4823 Nihil
385 4775 701 4825 Christiano
751 4774 1101 4836 laboriosxus,
1129 4775 1225 4838 qui
1265 4775 1332 4826 de
1360 4777 1469 4825 vita
1499 4776 1750 4840 quotidie

173 4846 473 4901 periclitatur.
500 4866 530 4891 »
560 4846 734 4905 Idem,
767 4847 822 4895 in
855 4846 1098 4907 Epistola
1127 4847 1197 4896 ad
1227 4847 1449 4896 Sunium
1493 4853 1539 4896 et
1573 4849 1747 4896 Frele-

175 4912 269 4989 tam,
295 4921 521 4989 tractans
550 4917 621 4968 de
644 4917 769 4967 loco
798 4917 893 4967 illo
921 4918 1123 4966 Psalmi
1159 4928 1339 4967 cxvm
1372 4932 1382 4965 :
1417 4918 1606 4989 Anima
1635 4932 1750 4967 mea

173 4998 212 5031 ιη
249 4988 467 5038 manibus
507 4990 637 5038 meis
678 5001 899 5051 semper,
947 4991 1021 5037 ait
1064 4989 1226 5039 istius
1269 4989 1377 5039 loci
1426 4988 1579 5039 hunc
1626 5003 1748 5041 esse

172 5066 354 5106 sensum
386 5073 397 5106 :
439 5077 465 5104 α
503 5059 763 5121 Quotidie
798 5061 1093 5123 periclitor,
1120 5064 1174 5111 et
1204 5062 1362 5124 quasi
1389 5061 1445 5109 in
1490 5060 1748 5111 manibus

173 5130 277 5196 [peis
307 5133 624 5193 sanguinem
670 5146 855 5181 meum
899 5138 1073 5195 porto.
1110 5154 1139 5180 »
1183 5132 1352 5183 Caius
1383 5133 1570 5183 Caesar
1599 5134 1745 5196 apud

173 5194 447 5272 Sallustium
481 5204 539 5251 in
575 5202 813 5253 Catilina
844 5219 855 5250 :
901 5194 927 5248 ἒ‹
953 5204 1200 5254 Libertas
1246 5208 1300 5255 et
1346 5206 1529 5254 anima
1560 5194 1746 5255 nostra

173 5270 211 5315 in
228 5270 373 5321 dubio
400 5279 498 5323 est.
525 5292 555 5319 ››

218 5342 294 5401 (49)
325 5343 467 5393 Posse
492 5358 726 5393 servare.
773 5343 1022 5407 Ovidius,
1048 5346 1141 5397 lib.
1173 5360 1210 5396 ιι
1240 5346 1303 5395 de
1326 5347 1452 5397 Arte
1475 5347 1697 5397 amandi
1724 5364 1740 5395 .-

263 5448 359 5497 Non
383 5450 550 5499 minor
575 5455 650 5501 est
673 5451 833 5500 virtus
857 5466 1009 5515 quam
1041 5467 1271 5516 quaerere
1299 5457 1444 5517 parta
1467 5454 1615 5503 tueri.

174 5538 314 5619 Julius
340 5546 537 5609 Caesar,
568 5550 619 5598 in
654 5549 914 5600 Oratione
957 5550 1026 5600 ad
1055 5564 1185 5601 suos
1217 5552 1426 5615 legatos
1455 5556 1509 5602 et
1540 5556 1745 5602 centu—

176 5623 315 5682 riones
352 5619 489 5680 apud
530 5621 764 5671 Dionem
797 5621 1067 5682 Cassium,
1098 5622 1192 5671 lib.
1235 5636 1482 5682 xxxvm,
1530 5624 1605 5672 ait
1642 5624 1745 5673 iis—

176 5680 271 5766 dem
310 5691 515 5766 artibus
545 5697 595 5743 et
625 5694 808 5766 quaeri
844 5680 1075 5766 bona_et
1102 5694 1338 5743 retineri.
1366 5694 1437 5743 Et
1467 5680 1535 5743 Μ.
1569 5696 1743 5766 Anto-

176 5763 288 5829 p‘ius,
314 5763 363 5807 in
388 5765 629 5814 oratione
658 5763 877 5814 funebri
904 5765 958 5813 in
987 5763 1283 5823 Caesarem,
1307 5766 1454 5829 apud
1484 5765 1742 5816 eumdem

179 5820 365 5880 Dionem
392 5832 483 5884 lib.
528 5847 678 5897 ων,
717 5836 907 5887 scribit
944 5836 1227 5888 difﬁcilius
1257 5820 1379 5889 esse
1414 5850 1742 5891 conservare

1778 4517 1832 4591 D

1859 3935 1946 3972 res
1976 3934 2141 3984 quam
2174 3932 2379 3983 parare.
2430 3916 2593 3979 Quod
2621 3916 2785 3965 etiam
2833 3915 3071 3963 sensisse
3117 3914 3477 3966 Maecenatem

1858 3992 2031 4056 liquet
2075 4005 2143 4041 ex
2189 3990 2448 4041 Oratione
2492 3991 2611 4050 ejus
2656 3988 2724 4036 ad
2771 3988 3088 4050 Augustum
3125 3988 3180 4035 in
3227 3987 3365 4037 libro
3407 4002 3478 4037 Lu

1859 4064 2108 4127 ejusdem
2157 4062 2366 4111 Dionis.
2413 4060 2576 4123 Apud
2620 4060 2681 4108 T.
2712 4059 2925 4108 Livium
2958 4074 2969 4107 :
3016 4076 3042 4104 «
3076 4059 3313 4109 Vincere
3349 4062 3479 4117 scis,

1858 4133 2157 4192 Hannibal,
2189 4131 2413 4182 victoria
2440 4131 2520 4180 uti
2551 4130 2750 4179 nescis.
2782 4146 2810 4176 ››

1918 4206 2019 4265 (50)
2046 4207 2178 4253 Puta
2221 4204 2312 4252 hoc
2344 4202 2510 4251 illum.
2558 4202 2867 4250 Membrum
2898 4201 3005 4250 hoc
3051 4200 3239 4251 deerat
3277 4202 3333 4250 in
3384 4216 3478 4250 an-

1857 4278 2025 4340 tiquis
2072 4276 2423 4327 editionibus.
2472 4274 2734 4324 Erasmus
2766 4274 3020 4322 restituit.
3054 4273 3249 4323 Exstat
3289 4277 3475 4323 autem

1854 4350 1911 4397 in
1945 4348 2132 4397 multis
2166 4345 2455 4397 codicibus
2488 4344 2747 4407 antiquis.
2780 4344 2947 4393 Deest
2989 4344 3044 4392 in
3075 4344 3268 4394 codice
3298 4345 3475 4394 sancti

1854 4418 2145 4482 Arnulphi.

1918 4490 2011 4549 (51)
2056 4488 2277 4552 Implere
2323 4486 2977 4549 confessorcs.:Riga1tius
3026 4487 3262 4550 scripsit,
3308 4504 3335 4534 α
3364 4488 3476 4536 im-

1854 4561 2003 4624 plere
2052 4573 2149 4607 vos
2193 4560 2555 4608 confessores.
2588 4572 2615 4602 s
2652 4557 2767 4617 Ego
2810 4570 2940 4605 vero
2979 4570 3170 4605 vocem
3200 4570 3312 4617 vos,
3350 4572 3475 4619 quas

1851 4646 2033 4695 neque
2059 4632 2114 4680 in
2143 4630 2385 4692 antiquis
2424 4628 2759 4678 editionibus
2792 4627 3027 4676 habetur
3056 4640 3239 4689 neque
3268 4629 3324 4675 in
3368 4642 3474 4675 an—

1852 4702 2025 4765 tiquis
2068 4701 2374 4759 codicibus,
2424 4700 2640 4748 sustuli.
2697 4698 2824 4748 Scio
2870 4698 3020 4745 illam
3066 4698 3207 4746 nihil
3251 4698 3475 4747 ofﬁcere

1851 4773 2144 4822 sententias
2169 4771 2447 4834 Cypriani.
2481 4770 2608 4831 Sed,
2633 4770 2761 4831 quia
2792 4767 2924 4816 alibi
2952 4781 3062 4816 non
3089 4768 3274 4817 inveni
3304 4782 3473 4830 quam

1850 4846 1906 4892 in
1952 4842 2194 4893 editione
2242 4842 2569 4903 Rigaltiana,
2614 4839 2925 4890 existimavi
2973 4852 3095 4889 esse
3145 4839 3467 4889 tollendam.

1851 4914 1909 4963 1d
1956 4928 2085 4965 vero
2130 4912 2399 4963 admoneo
2441 4925 2511 4960 ne
2552 4910 2677 4973 quis
2720 4911 2956 4972 imputet
2998 4909 3135 4958 mihi
3192 4911 3470 4961 temerita-

1847 4990 1974 5035 tem.

1910 5058 2006 5119 (52)
2042 5057 2217 5105 Lucele
2245 5055 2393 5105 sicut.
2433 5053 2574 5103 Vide
2604 5053 2991 5103 adnotationes
3029 5052 3243 5102 Erasmi
3288 5053 3345 5101 in
3376 5067 3471 5104 ca-

1847 5133 1946 5193 put
1972 5126 2283 5178 secundum
2313 5125 2574 5189 Epistolas
2597 5125 2754 5173 Pauli
2783 5125 2854 5173 ad
2879 5123 3250 5188 Philippenses.

1912 5199 2006 5261 (53)
2054 5200 2364 5247 Detractant.
2420 5198 2501 5246 Ita
2542 5210 2643 5245 nos
2695 5197 3075 5260 reposuimus,
3126 5198 3307 5246 secuti
3363 5198 3472 5249 lec-

1848 5272 2053 5319 tionem
2096 5270 2387 5319 meliorum
2430 5268 2699 5317 librorum
2751 5273 2805 5317 et
2848 5272 3097 5318 veterum
3142 5269 3466 5320 editionum.

1848 5341 2037 5391 Codex
2066 5341 2338 5391 Fuxensis
2375 5345 2429 5391 et
2468 5340 2637 5389 editio
2668 5339 2890 5403 Rigaltii
2923 5339 3133 5389 habent
3161 5346 3467 5392 retractant.

1847 5410 1957 5461 Sed
1999 5412 2055 5459 in
2084 5411 2273 5474 lingua
2316 5411 2485 5461 latina
2525 5410 2677 5460 aliud
2720 5414 2806 5460 est
2844 5413 3155 5469 retractare,
3187 5411 3337 5461 aliud
3376 5412 3472 5462 de-

1846 5485 2095 5531 trectare.
2141 5482 2201 5530 T.
2248 5482 2458 5541 Livius,
2490 5481 2585 5531 lib.
2628 5495 2856 5533 xxxvui
2894 5497 2904 5529 :
2953 5499 2979 5528 «
3006 5481 3167 5532 Cmca
3202 5488 3287 5532 est
3324 5485 3469 5532 invi-

1846 5552 1953 5613 dia,
1989 5568 2093 5604 nec
2122 5554 2423 5618 quicquam
2464 5552 2615 5603 aliud
2657 5554 2762 5603 scit
2800 5566 2965 5617 quam
3010 5551 3316 5603 detrectare
3359 5555 3464 5602 vir-

1846 5628 2010 5674 tutes.
2038 5643 2065 5670 »
2094 5626 2154 5674 In
2184 5624 2442 5675 eumdem
2482 5639 2709 5675 sensum
2735 5623 3007 5687 Apuleius
3039 5624 3095 5672 in
3126 5625 3265 5674 libro
3290 5626 3467 5687 primo

1844 5695 2229 5746 Floridorum:
2267 5712 2295 5743 (‹
2331 5698 2392 5745 In
2438 5711 2637 5760 magna
2680 5696 2904 5746 civitate
2950 5696 3057 5745 hoc
3099 5709 3323 5759 quoque
3364 5710 3469 5759 ge-

1843 5780 1949 5816 nus
1992 5768 2288 5830 invenitur,
2321 5769 2416 5831 qui
2448 5769 2704 5819 meliores
2745 5768 3053 5819 obtrectare
3080 5767 3273 5817 malint
3298 5781 3465 5829 quam

1843 5839 2061 5890 imitari.
2090 5858 2117 5886 »
