4160 6216
16 102 23 117 .

16 3068 61 3123 ιδ.

14 3202 25 3219 ,η

12 3230 33 3317 ξ.

14 3336 35 3403 ,ξι

16 3432 49 3467 im
85 3445 94 3450 ς

16 3648 19 3651 ,
56 3626 71 3659 ἡ·

2 3660 71 3733 IV“

6 3736 33 3789 .‘p‘
105 3775 112 3780 .

18 3816 33 3833 η
70 3806 71 3819 κ

6 3824 25 3883 ‘l
48 3850 71 3889 ιη

8 3888 21 3923 η,

16 3932 33 4009 ι
70 3980 104 3994 -

16 4068 23 4083 ,

4 4100 31 4197 ἰ

14 4250 19 4271 t
58 4218 71 4281 “

12 4286 33 4325 fi
56 4292 69 4315 ν

14 4330 29 4379 ᾗ
58 4342 71 4361 Il

4 4436 61 4481 is.»

12 4486 71 4513 in

6 4524 17 4559 ξ
48 4520 71 4557 “1

8 4586 71 4635 ιλιι

2 4636 73 4701 gs

10 4712 29 4735 1η

8 4748 63 4793 ΜΞ

12 4794 63 4885 (ΞΗ

12 4876 71 4939 ﬁt“

14 5012 19 5031 t

594 343 697 399 243
1512 344 1566 398 S.
1608 343 1922 399 CYPRIANI
1963 343 2236 398 OPERUM
2279 344 2448 400 PARS
2487 346 2526 396 l.
2567 373 2634 384 —
2672 343 3028 400 EPISTOL/E.
3843 338 3941 394 244

595 476 746 524 trum
779 474 833 524 et
869 470 1093 524 laudem
1137 469 1408 540 praecipui
1449 470 1693 524 nominis
1728 486 1901 540 prava
1953 487 2050 524 sua
2088 487 2218 524 con-
2241 471 2432 554 Alere
2470 487 2527 523 se
2572 471 2742 524 audet
2778 473 2834 524 et
2871 469 3184 540 superbire,
3233 468 3539 524 immemor
3585 473 3639 523 et
3665 467 3941 522 factorum

598 565 917 618 servatione
943 563 1232 618 destruere
1266 587 1274 616 :
1317 580 1456 634 quos
1493 565 1668 618 etiam
1713 580 1812 618 vos
1859 563 1988 634 ipsi,
2022 569 2220 634 utpote

599 660 884 712 amatores
918 661 974 711 et
1017 663 1433 712 conservatores
1473 657 1652 711 laudis
1676 657 1722 691 ⁸⁸
1768 661 1984 723 vestrae,
2025 658 2217 728 objur-

601 766 736 820 gare
789 756 844 804 et
903 751 1280 823 comprimere
1325 753 1380 804 et
1423 750 1732 805 emendare
1789 751 2024 806 debetis.
2080 753 2221 806 Cum

598 847 811 914 quanto
855 845 1009 899 enim
1061 844 1312 897 nominis
1362 843 1534 898 vestri
1574 844 1796 915 pudore
1845 845 2217 916 delinquitur,

597 937 828 1008 quando
884 937 1089 1008 aliquis
1131 938 1476 992 tumulentus
1515 938 1622 1007 (54)
1668 943 1722 992 et
1772 938 2063 992 lasciviens
2117 938 2219 993 de-

603 1036 857 1085 moratur
888 1031 1017 1101 (55),
1045 1031 1184 1085 alius
1213 1031 1272 1084 in
1296 1047 1423 1085 eam
1455 1032 1697 1101 patriam
1727 1031 1919 1104 238
1950 1032 2102 1087 unde
2131 1050 2221 1088 ex-

599 1125 766 1179 torris
803 1126 985 1180 factus
1035 1129 1119 1180 est
1161 1125 1504 1195 regreditur,
1563 1132 1624 1178 ut
1661 1126 2056 1196 apprehensus
2086 1125 2218 1197 (56),

599 1235 710 1272 non
736 1219 854 1288 jam
886 1219 1043 1289 quasi
1089 1218 1440 1272 Christianus
1482 1219 1614 1289 (57),
1661 1218 1759 1272 sed
1801 1220 1965 1290 quasi
2009 1235 2221 1274 nocens

597 1318 790 1382 pereat
814 1314 840 1366 ?
863 1312 1054 1367 Inﬂari
1083 1313 1303 1383 aliquos
1329 1317 1386 1366 et
1409 1317 1630 1366 tumere
1661 1313 1848 1379 audio,
1880 1329 2010 1367 cum
2042 1314 2217 1384 scrip-

598 1413 721 1459 tum
749 1406 861 1460 sit:
893 1407 1018 1463 Noli
1065 1407 1236 1460 ultum
1268 1422 1472 1476 sapere,
1513 1407 1608 1461 sed
1643 1409 1788 1461 time.
1833 1407 1896 1461 Si
1936 1410 2078 1462 enim
2114 1412 2217 1462 Do-

597 1503 776 1554 minus
805 1501 1147 1554 naturalibus
1197 1503 1363 1554 ramis
1406 1515 1514 1553 non
1550 1503 1808 1570 pepercit,
1836 1516 1902 1554 ne
1947 1503 2090 1567 forte
2127 1517 2222 1556 nec

600 1595 699 1647 tibi
716 1598 914 1663 parcat
940 1595 1132 1664 (Rom,
1161 1609 1238 1661 ιιι,
1267 1597 1353 1660 20,
1384 1596 1493 1662 21).
1529 1595 1798 1648 Dominus
1838 1597 2033 1648 noster
2077 1594 2220 1649 sicut

597 1687 714 1741 ovis
740 1687 812 1740 ad
835 1686 1120 1740 victimam
1155 1687 1355 1740 ductus
1384 1691 1487 1753 est,
1532 1690 1591 1740 et
1625 1687 1769 1742 sicut
1805 1704 1990 1758 agnus
2021 1705 2217 1742 coram

595 1781 866 1834 tondente
919 1797 980 1834 se
1019 1780 1138 1835 sine
1183 1797 1314 1834 voce
1371 1781 1446 1834 sic
1504 1797 1617 1834 non
1669 1781 1893 1852 aperuit
1943 1798 2004 1835 os
2052 1798 2218 1835 suum

2325 579 2450 634 quae
2495 563 2584 618 ille
2633 563 2806 634 gessit
2828 563 2898 630 ⁸³,
2937 568 2992 618 et
3032 563 3434 617 mandatorum
3475 578 3602 633 qum
3650 561 3818 616 nobis
3863 561 3944 614 vel

2321 673 2424 727 per
2474 675 2530 711 se
2593 658 2676 710 vel
2731 673 2833 728 per
2885 657 3170 728 apostolos
3207 673 3337 710 suos
3373 655 3646 710 tradidit?
3692 654 3856 718 Quod
3901 654 3958 711 si,

2323 767 2435 804 non
2477 755 2563 805 est
2610 751 2782 819 major
2822 751 3036 806 domino
3081 767 3174 806 suo
3210 765 3394 805 servus
3441 753 3642 820 (Joan.,
3688 765 3805 811 χιιι,
3866 751 3944 811 15,

2328 845 2433 915 16),
2464 845 2561 915 qui
2591 845 2893 899 Dominum
2920 852 3256 915 sequuntur,
3305 843 3552 898 humiles
3596 847 3652 897 et
3688 841 3868 913 quieti
3894 844 3946 895 et

2323 938 2589 992 taciturni
2620 937 2854 1008 vestigia
2883 938 3004 1008 ejus
3030 938 3350 1003 imitentur,
3372 935 3604 1007 quando
3634 935 3876 1007 quisque
3897 935 3939 968 ⁸9

2323 1031 2560 1086 inferior
2611 1031 2781 1086 fuerit
2832 1031 3132 1085 sublimior
3185 1030 3320 1100 ﬁat,
3376 1029 3599 1085 dicente
3659 1028 3938 1084 Domino:

2324 1127 2428 1192 Qui
2447 1127 2701 1180 minimus
2723 1127 2893 1192 fuerit
2931 1128 2990 1179 in
3015 1126 3182 1188 vobis,
3231 1126 3314 1179 hic
3357 1126 3458 1180 erit
3502 1137 3731 1192 magnus
3777 1122 3942 1192 (Lua,

2322 1235 2394 1284 Ix,
2429 1221 2536 1288 48).

2395 1314 2454 1365 V.
2489 1312 2636 1376 Quid
2683 1313 2888 1367 deinde
2927 1312 3083 1381 illud,
3126 1329 3298 1384 quam
3341 1311 3497 1366 vobis
3539 1309 3942 1364 exsecrandum

2321 1406 2485 1460 debet
2522 1406 2721 1474 videri,
2761 1406 2916 1477 quod
2955 1423 3086 1460 cum
3126 1423 3350 1460 summo
3394 1405 3569 1459 animi
3619 1403 3800 1458 nostri
3843 1419 3941 1474 ge-

2323 1499 2467 1552 mitu
2519 1506 2574 1553 et
2622 1498 2815 1554 dolore
2864 1501 3230 1570 cognovimus
3272 1515 3387 1554 non
3445 1498 3644 1552 deesse
3697 1494 3794 1568 qui
3850 1496 3942 1549 Dei

2320 1593 2532 1663 templa
2560 1593 2669 1661 (58)
2701 1597 2756 1647 et
2786 1599 2913 1664 post
2951 1593 3368 1649 confessionem
3415 1591 3762 1646 sanctiﬁcata
3789 1593 3848 1643 et
3875 1589 3939 1643 il-

2319 1685 2556 1740 lustrata
2595 1685 2851 1740 membra
2876 1687 3026 1758 turpi
3059 1691 3114 1742 et
3139 1686 3338 1741 infami
3368 1685 3670 1740 concubitu
3699 1700 3800 1738 suo
3818 1682 3941 1754 plus

2321 1780 2626 1847 maculent,
2655 1779 2864 1836 cubilia
2890 1797 2992 1835 sua
3019 1779 3210 1853 239
3243 1797 3372 1834 cum
3400 1778 3630 1835 feminis
3657 1777 3766 1848 (59)
3811 1793 3939 1847 pro-

596 1874 752 1945 (Isu..,
801 1890 912 1940 ι.ιιι,
955 1874 1030 1941 7).
1081 1877 1199 1932 Non
1245 1890 1383 1935 sum,
1435 1874 1639 1945 inquit,
1687 1846 1997 1943 contumax,
2053 1846 2538 1944 nequeBmiscua
2559 1846 3372 1946 9°t60)jungent¢;,vquando,
3400 1873 3503 1928 etsi
3529 1846 3788 1942 stuprum
3808 1846 3942 1924 con-

596 1968 902 2022 contradico
946 1969 1011 2020 87.
1083 1970 1308 2022 Dorsum
1358 1983 1530 2022 meum
1579 1970 1739 2038 posui
1789 1969 1874 2022 ad-
1911 1969 2128 2038 ﬂagella
2173 1975 2222 2024 et

598 2062 853 2115 mamilius
880 2077 1023 2116 meus
1069 2062 1144 2114 ad
1171 2062 1407 2130 palmas.
1447 2063 1659 2116 Faciem
1705 2066 1882 2116 autem
1919 2077 2089 2116 meum
2118 2077 2223 2116 non

597 2157 772 2208 averti
799 2172 832 2208 α
863 2155 1114 2222 fwditate
1155 2161 1441 2224 sputorum
1474 2154 1635 2226 (Isa.,
1664 2171 1714 2224 L,
1756 2159 1808 2222 5,
1854 2157 1926 2222 6).
1964 2156 2028 2209 Et
2064 2155 2220 2218 quis-

597 2263 770 2318 quam
809 2264 911 2319 per
938 2247 1120 2319 ipsum
1159 2264 1311 2302 nunc
1347 2253 1518 2319 atque
1558 2248 1616 2303 in
1657 2249 1780 2320 ipso
1819 2249 2009 2304 vivens
2038 2249 2220 2303 extol-

2322 1967 2572 2022 scientiae
2597 1982 2799 2021 eorum
2837 1967 3000 2036 desit,
3047 1968 3155 2023 hoc
3193 1967 3318 2038 ipso
3362 1966 3576 2038 grande
3606 1966 3823 2020 crimen
3862 1968 3948 2017 est

2323 2060 2478 2132 quod
2503 2061 2731 2114 illorum
2759 2061 3019 2116 seandalo
3062 2061 3121 2116 in
3167 2061 3406 2116 aliorum
3451 2060 3643 2114 ruinas
3683 2057 3947 2127 exempla

2324 2160 2636 2221 nascuntur
2662 2155 2732 2209 9‘.
2757 2155 3167 2211 Contentiones
3194 2171 3422 2226 quoque
3459 2157 3518 2208 et
3559 2150 3948 2207 temulationes

2322 2248 2474 2302 inter
2503 2264 2602 2302 vos
2631 2248 2811 2302 nullas
2838 2264 2957 2303 esse
2988 2251 3234 2320 oportet,
3269 2264 3399 2302 cum
3437 2262 3633 2318 pacem
3661 2260 3823 2299 suam
3853 2259 3949 2297 no-

1978 2373 2187 2437 Variaa
2238 2374 2574 2437 lectiones.

660 2480 702 2515 ⁸⁸
729 2480 1180 2530 Conversationis
1215 2485 1266 2529 et
1291 2481 1474 2530 laudis
1505 2482 1647 2530 Lam.
1677 2481 1828 2530 Ebor.
1877 2481 1985 2530 ΝΟ.
2018 2482 2061 2530 1.
2106 2480 2230 2530 Bod.
2265 2482 2310 2531 1.
2343 2481 2387 2530 2.

602 2553 772 2616 gessit
823 2552 957 2600 Voss.
1002 2553 1049 2601 2.

1142 2551 1185 2585 ⁸³
1233 2550 1454 2613 Quanto
1506 2552 1744 2615 quisque
1795 2553 1931 2601 Pem.
1977 2551 2200 2613 Quanto
2250 2552 2506 2615 quisquis
2555 2553 2714 2602 Oxon.

2482 2481 2523 2516 ⁸⁷
2561 2481 2959 2533 Contradicens
3003 2483 3108 2532 Lm.
3144 2481 3252 2532 ΝΟ.
3291 2482 3334 2529 1.
3377 2479 3421 2529 2.
3515 2478 3558 2513 ⁸⁸
3594 2478 3690 2527 Ille
3728 2477 3782 2524 in
3827 2475 3949 2538 lege

2803 2552 2846 2587 ⁸ο
2895 2552 3141 2603 Feminis
3195 2551 3564 2616 permisceant
3611 2549 3720 2598 Lin.
3766 2545 3946 2597 NCJ.

600 2623 640 2654 ⁹¹
671 2622 941 2686 Exempla
971 2626 1348 2672 monstrantur
1371 2623 1514 2672 Lam.
1535 2626 1839 2672 nascuntur
1863 2621 1986 2672 Bod.
2023 2625 2066 2672 1.
2097 2623 2249 2672 Ebor.
2279 2623 2384 2671 Lm.

1889 2728 2112 2810 Steph.
2163 2727 2406 2791 Baluzii
2450 2735 2647 2792 notae.

662 2835 760 2896 (54)
787 2834 1009 2896 ,‘Aliquis
1054 2834 1377 2884 temulentus.
1427 2836 1602 2884 Antea
1642 2835 1931 2899 legebatur
1973 2836 2112 2886 alius
2158 2836 2225 2885 ab

597 2907 754 2969 aquis
797 2906 1142 2964 tumulentus,
1195 2907 1248 2955 id
1295 2911 1380 2956 est
1430 2921 1459 2955 a
1509 2906 1812 2969 baptismo,
1852 2911 1914 2956 ut
1961 2908 2226 2970 interpre-

597 2983 742 3028 tatur
784 2978 1076 3040 Rigaltius.
1122 2977 1262 3027 Alias
1311 2977 1614 3037 editiones,
1660 2981 1722 3028 ut
1765 2979 1913 3027 idem
1969 2981 2224 3037 annotat,

598 3049 804 3099 habent
859 3049 1076 3112 quando
1119 3048 1261 3098 alius
1320 3048 1520 3112 aliquis
1554 3048 1640 3098 vel
1688 3049 1905 3111 quando
1939 3062 2077 3097 unus
2120 3047 2227 3097 ali-

598 3121 730 3184 quis.
763 3120 900 3181 Quae
929 3124 1205 3183 postrema
1234 3119 1400 3168 lectio
1434 3123 1612 3168 exstat
1650 3120 1704 3168 in
1741 3120 1932 3170 codice
1973 3119 2224 3170 Thuano.

600 3192 773 3240 Vetus
817 3191 992 3262 codex
1035 3191 1216 3262 sancti
1259 3190 1493 3253 Remigii
1537 3190 1826 3240 liemensis
1867 3190 2050 3251 habet,
2084 3189 2302 3262 apudC

600 3275 805 3324 aquas;
861 3261 1234 3321 Corbeiensis,
1263 3261 1408 3323 apud
1449 3274 1620 3324 aquas
1658 3262 1998 3324 temulentus;
2048 3264 2224 3311 Turo-

603 3334 790 3381 nensis
835 3348 845 3380 :
897 3332 1117 3392 Quando
1165 3345 1300 3380 unus
1341 3332 1485 3393 apud
1527 3345 1713 3394 aquas.
1775 3333 1935 3394 Angli
1985 3333 2227 3384 retinue—

604 3409 730 3452 runt
764 3408 1003 3452 veterem
1044 3401 1365 3459 editionem,
1400 3402 1610 3451 nullam
1646 3403 1808 3452 aliam
1845 3407 2228 3455 auctoritatem

605 3473 896 3524 afferentes
950 3485 1049 3536 pro
1095 3473 1333 3522 lectione
1385 3473 1669 3536 supposita
1702 3489 1732 3522 a
1780 3475 2014 3538 Rigaltio
2061 3491 2226 3541 quam

601 3546 780 3609 ipsius
843 3544 1096 3608 Rigaltii,
1157 3545 1319 3606 cujus
1374 3547 1561 3594 tamen
1605 3546 1864 3596 refellunt
1912 3548 2225 3600 lectionem.

601 3616 939 3667 Reinhartus
993 3628 1218 3679 quoque
1279 3617 1559 3666 revocavit
1608 3621 1850 3669 veterem
1911 3619 2225 3671 lectionem.

600 3688 718 3749 Ego
760 3688 985 3736 secutus
1029 3697 1152 3734 sum
1199 3685 1580 3736 auctoritatem
1627 3687 1835 3739 codicis
1863 3688 2226 3754 Seguierlani,

600 3758 893 3819 Metensis,
959 3757 1287 3818 Beccensis,
1353 3757 1848 3822 GratianOpolitani
1913 3765 1967 3812 et
2031 3763 2229 3814 Lamo-

603 3844 775 3879 1113111.

669 3901 761 3963 (55)
814 3902 1147 3949 Demoratur.
1187 3898 1322 3948 Haec
1359 3899 1526 3949 lectio
1570 3906 1835 3951 constans
1881 3906 1963 3952 est
2001 3905 2056 3954 in
2104 3906 2230 3956 edi-

603 3971 845 4021 tionibus
881 3975 993 4019 tam
1041 3970 1285 4033 antiquis
1335 3984 1502 4034 quam
1551 3973 1737 4033 novis,
1784 3978 1841 4023 et
1884 3975 1940 4022 in
1988 3977 2231 4040 antiquis

606 4042 1016 4106 exemplaribus
1069 4042 1480 4104 manuscriptis.
1543 4043 1612 4092 Et
1668 4047 1853 4096 tamen
1909 4045 2231 4097 Goulartius

605 4119 835 4165 annotat
881 4113 1185 4164 nonnullos
1235 4111 1481 4163 scribere
1528 4115 1842 4177 denotatur,
1890 4120 1944 4166 et
1984 4119 2041 4166 in
2089 4133 2232 4168 mar-

603 4187 730 4250 gine
777 4185 904 4236 libri
957 4185 1042 4234 sui
1101 4184 1297 4233 excusi
1354 4184 1576 4247 scripsit
1631 4186 1708 4234 ita
1769 4187 1952 4249 legere
2011 4190 2226 4240 Bezam.

605 4258 766 4307 Hanc
796 4269 1021 4320 quoque
1060 4256 1268 4304 variam
1316 4256 1614 4306 lectionem
1658 4259 1868 4308 notavit
1897 4259 2233 4311 Reinhartus

604 4329 660 4376 in
719 4328 971 4391 margine
1017 4338 1134 4375 suae
1185 4325 1476 4388 editionis,
1531 4340 1599 4377 ex
1651 4327 1889 4391 Rigaltio
1939 4330 2231 4393 nimirum,

607 4399 705 4462 qui
755 4399 812 4446 in
858 4395 1353 4448 Observationibus
1394 4399 1509 4447 suis
1553 4398 1629 4447 ait
1675 4399 1927 4461 quaedam
1972 4399 2233 4464 Cypriani

605 4468 942 4531 exemplaria
973 4467 1177 4516 habere
1203 4467 1500 4517 denotatur.
1528 4467 1637 4519 Sed
1664 4481 1765 4533 ego
1791 4483 1913 4520 eam
1934 4471 2233 4522 lectionem

606 4553 719 4589 non
768 4539 958 4622 inveni
1007 4538 1115 4623 nisi
1153 4538 1209 4620 in
1247 4550 1370 4619 uno.
1403 4537 1914 4623 codicavaticano
1965 4543 2132 4592 citato
2179 4545 2312 4623 inD

608 4611 856 4674 margine
899 4607 1226 4671 exemplaris
1265 4609 1374 4657 mei
1404 4609 1661 4660 editionis
1709 4611 2043 4663 Manutianaa
2083 4616 2137 4663 et
2177 4615 2232 4663 in

606 4682 908 4745 exemplari
957 4680 1220 4730 editionis
1277 4680 1611 4730 Pamelianaa
1659 4681 1809 4745 quod
1869 4683 1972 4732 fuit
2025 4685 2235 4735 Nicolai

606 4753 788 4804 Fabri.
837 4751 932 4803 Sic
976 4752 1142 4801 etiam
1187 4751 1242 4800 in
1283 4752 1531 4816 margine
1561 4752 1816 4803 editionis
1847 4754 2236 4818 Lugdunensis

607 4825 737 4875 anni
800 4825 956 4882 1550,
1020 4823 1289 4885 scriptum
1351 4823 1529 4887 reperi
1586 4838 1615 4873 a
1675 4824 1915 4888 quodam
1967 4826 2231 4876 studioso.

605 4897 902 4946 Existimat
926 4898 1114 4944 autem
1145 4893 1468 4944 Goulartius
1503 4895 1802 4946 lectionem
1832 4897 2159 4959 demoratur,
2188 4899 2235 4946 si

605 4969 928 5026 retineatur,
978 4979 1144 5028 posse
1199 4964 1346 5016 idem
1401 4967 1716 5030 signiﬁcare
1771 4967 1924 5031 quod
1972 4973 2234 5027 moratur,

604 5039 782 5102 prima
811 5036 996 5101 longa,
1024 5036 1076 5085 id
1104 5039 1188 5086 est
1219 5037 1440 5095 insanit,
1473 5050 1573 5087 seu
1604 5039 1910 5089 morionem
1939 5040 2067 5102 agit,
2087 5039 2237 5102 quod

607 5126 639 5160 a
666 5110 876 5161 Gracis
899 5112 1186 5172 sumptum
1214 5120 1338 5158 esse
1367 5109 1444 5156 ait
1469 5111 1521 5157 et
1553 5121 1582 5156 a
1613 5108 1882 5159 Suetonio
1908 5114 2236 5173 usurpatum

609 5183 667 5231 in
694 5183 918 5231 Nerone.

666 5253 767 5313 (56)
801 5250 1187 5314 Apprehensus.
1222 5250 1463 5312 Reposui
1490 5263 1684 5300 vocem
1713 5264 1838 5314 quae
1872 5253 2068 5301 melius
2102 5265 2235 5301 con-

607 5324 798 5373 venire
842 5323 958 5370 visa
998 5326 1082 5371 est
1127 5334 1256 5370 cum
1301 5322 1447 5383 stylo
1493 5321 1772 5384 Cypriani.
1817 5321 2059 5383 Quidam
2087 5323 2236 5371 enim

607 5393 813 5443 vetusti
853 5391 1078 5441 codices
1113 5395 1168 5440 et
1202 5391 1456 5454 quasdam
1492 5391 1762 5442 editiones
1799 5391 2008 5442 habent
2054 5397 2111 5441 ut
2155 5391 2238 5441 de-

603 5463 890 5525 prehensus
925 5476 941 5510 :
975 5462 1088 5523 alii,
1115 5466 1172 5512 et
1197 5463 1232 5510 ii
1260 5463 1483 5526 quidem
1516 5462 1730 5524 Optimi,
1762 5463 1902 5512 unde
1939 5463 2239 5526 apprehen—

606 5546 711 5582 sus.
742 5532 883 5582 Vide
914 5546 1040 5596 quas
1074 5533 1263 5582 notavi
1291 5533 1360 5582 ad
1392 5533 1596 5582 librum
1627 5534 1691 5583 de
1716 5535 1915 5596 Lapsis.

670 5604 768 5662 (57)
794 5604 957 5664 Quasi
1005 5602 1355 5653 Christianus.
1389 5605 1553 5667 Apud
1589 5604 1873 5665 Ruﬁnum,
1904 5605 1998 5654 lib.
2027 5620 2077 5654 v.
2108 5607 2235 5656 Hist.

605 5674 800 5734 coclea,
831 5688 877 5724 c.
929 5675 978 5735 8,
1012 5674 1247 5724 refertur
1288 5688 1356 5724 ex
1399 5675 1694 5738 Apollonio
1734 5675 2113 5725 Alexandrum
2156 5689 2238 5725 so-

606 5748 758 5797 cium
791 5747 992 5797 Priscae
1022 5745 1399 5810 prophetissae,
1431 5748 1525 5809 qui
1555 5749 1908 5810 semetipsum
1941 5752 2239 5812 martyrem

605 5818 844 5879 dicebat,
875 5818 1187 5882 judicatum
1222 5819 1397 5868 fuisse
1427 5818 1573 5882 apud
1601 5819 1886 5868 Emilium
1917 5819 2240 5868 Frontinum

598 5891 992 5956 proconsulem
1032 5888 1235 5953 Ephesi
1271 5904 1280 5936 :
1321 5907 1348 5932 «
1377 5891 1496 5941 Non
1525 5893 1745 5955 propter
1775 5903 1977 5939 nomen
2013 5888 2235 5953 Christi,

2325 2835 2421 2886 sed
2451 2839 2674 2899 propter
2711 2839 2966 2902 quaedam
3010 2837 3313 2886 latrocinia.
3346 2853 3376 2882 »
3419 2836 3564 2884 Ante
3607 2831 3949 2896 Cyprianum

2324 2912 2552 2957 sanctus
2582 2908 2777 2958 Petrus
2801 2909 3012 2960 dixerat
3041 2909 3098 2957 in
3125 2906 3373 2970 Epistola
3399 2918 3498 2955 sua
3523 2904 3699 2968 prima
3723 2915 3842 2964 cap.
3874 2903 3906 2951 4
3938 2915 3949 2946 :

2325 2979 2426 3027 Nec
2453 2978 2736 3042 quisquam
2769 2985 2997 3031 vestrum
3036 2985 3293 3042 tanquam
3330 2976 3421 3039 fur
3444 2980 3538 3024 aut
3560 2973 3821 3023 homicida
3848 2984 3952 3033 pa—

2327 3049 2513 3106 tiatur,
2540 3055 2634 3098 aut
2659 3055 2930 3114 tamquam
2953 3049 3237 3112 maleﬁcus,
3260 3053 3353 3098 aut
3373 3059 3530 3097 curas
3550 3043 3751 3095 alienas
3769 3055 3951 3106 agens,

2325 3119 2415 3169 sed
2445 3125 2717 3183 tamquam
2746 3121 3099 3172 Christianus.

2392 3191 2485 3253 (58)
2521 3192 2615 3240 Dei
2640 3192 2848 3254 templa.
2888 3193 3280 3255 Hieronymus,
3312 3192 3366 3239 in
3403 3188 3639 3253 Epistola
3667 3188 3739 3237 ad
3764 3185 3953 3235 Pauli-

2325 3275 2470 3320 num,
2494 3262 2563 3312 de
2584 3264 2936 3313 Institutione
2960 3263 3220 3314 monachi
3252 3277 3262 3310 :
3292 3280 3320 3308 ‹‹
3348 3260 3554 3310 Verum
3582 3259 3785 3312 Christi
3817 3263 3955 3309 tem-

2326 3334 2479 3395 plum
2505 3335 2687 3383 anima
2715 3334 2993 3385 credentis
3017 3338 3117 3384 est.
3147 3351 3175 3378 »

2387 3405 2485 3466 (59)
2519 3404 2730 3455 Cubilia
2767 3419 2885 3454 cum
2929 3404 3156 3466 fminis.
3195 3403 3330 3454 Rem
3369 3404 3568 3453 tractat
3606 3400 3770 3450 valde
3805 3399 3955 3462 peri-

2328 3475 2595 3535 culosam,
2631 3480 2691 3526 ut
2731 3479 2884 3526 notat
2930 3477 3096 3526 etiam
3145 3475 3462 3536 Marbodus,
3506 3473 3801 3537 episcopus
3845 3470 3956 3520 Re-

2328 3547 2592 3597 donensis
2650 3548 2706 3597 in
2755 3547 2994 3612 Epistula
3045 3549 3118 3599 ad
3160 3547 3432 3598 Rabertum
3489 3546 3553 3596 de
3612 3540 3952 3596 Arbrissello.

2329 3619 2484 3677 Nam,
2521 3619 2652 3682 quia
2689 3620 2784 3670 ille
2828 3620 3002 3670 nimio
3047 3620 3406 3671 continentiae
3456 3617 3574 3667 zelo
3621 3618 3768 3666 inter
3814 3613 3958 3664 duas

2328 3690 2543 3754 puellas
2589 3694 2753 3742 nocte
2794 3691 3000 3742 cubare
3041 3691 3320 3742 ferebatur
3360 3695 3416 3740 et
3459 3703 3525 3740 eo
3571 3687 3736 3738 modo
3782 3699 3957 3737 cona-

2329 3762 2490 3811 batur
2531 3775 2828 3812 accensum
2868 3764 3053 3814 carnis
3098 3763 3349 3813 ardorem
3391 3763 3764 3825 exstinguere,
3807 3771 3959 3808 novo

2330 3837 2384 3883 et
2417 3834 2682 3895 inaudito,
2711 3839 2772 3884 ut
2813 3834 2881 3883 ad
2911 3848 3039 3885 eum
3084 3833 3277 3884 scribit
3305 3832 3584 3885 Goﬂ‘ridus
3614 3832 3786 3882 abbas
3817 3831 3958 3879 Vin-

2331 3903 2668 3964 docinensis,
2709 3903 2806 3954 sed
2843 3905 3186 3954 intructuoso
3233 3917 3434 3968 genere
3469 3903 3752 3966 martyrii;
3802 3899 3962 3950 addit

2331 3973 2614 4024 Goﬂ’ridus
2644 3975 2783 4025 illud
2827 3977 2982 4026 nullo
3019 3977 3185 4026 modo
3227 3989 3388 4040 posse
3425 3989 3548 4026 esse
3591 3974 3726 4024 utile
3770 3984 3960 4034 neque

2330 4046 2675 4096 fructuosum
2742 4046 2893 4110 quod
2957 4050 3149 4097 contra
3213 4048 3480 4097 rationem
3531 4047 3782 4095 noscitur
3832 4055 3962 4092 esse

2331 4119 2746 4180 praeumptum.
2773 4117 3007 4167 Videtur
3031 4123 3217 4168 autem
3249 4117 3532 4168 Gotfridus
3557 4116 3612 4166 id
3639 4115 3788 4180 quod
3819 4113 3965 4163 dixit

2332 4188 2402 4238 de
2431 4201 2574 4238 novo
2619 4189 2864 4252 martyrii
2908 4201 3112 4252 genere
3155 4192 3442 4238 mutuatus
3487 4200 3556 4238 ex
3593 4185 3738 4236 libro
3777 4185 3962 4248 primo

2333 4260 2509 4308 sancti
2548 4259 2828 4309 Ambrosii
2872 4260 2936 4309 de
2984 4259 3304 4323 Virginibus,
3341 4272 3460 4322 cap.
3500 4259 3549 4318 2,
3578 4257 3678 4307 ubi
3718 4257 3964 4320 loquens

2333 4329 2401 4379 de
2425 4333 2616 4380 sancta
2659 4332 2872 4394 Agnete
2907 4345 2919 4377 :
2951 4349 2979 4376 «
3003 4331 3221 4380 Novum
3252 4329 3501 4392 martyrii
3530 4341 3725 4391 genus,
3753 4327 3959 4390 inquit.

2335 4400 2589 4450 Nondum
2616 4400 2814 4450 idonea
2845 4413 3044 4464 pcenm,
3069 4405 3125 4451 et
3146 4403 3258 4464 jam
3291 4403 3504 4450 matura
3540 4399 3810 4457 victor-ise,
3839 4410 3968 4447 cer-

2334 4475 2449 4520 tare
2483 4469 2742 4530 difﬁcilis,
2774 4471 2953 4521 facilis
3001 4471 3271 4528 coronari,
3313 4488 3340 4514 »
3389 4473 3492 4519 etc.
3540 4467 3854 4529 Eleganter,
3902 4469 3972 4515 ut

2335 4542 2494 4600 solet,
2517 4544 2570 4591 et
2592 4541 2892 4604 prudenter
2917 4541 3292 4604 Hieronymus
3312 4541 3367 4589 in
3400 4538 3633 4602 Epistola
3655 4537 3727 4586 ad
3751 4539 3968 4598 Laetam,

2335 4612 2404 4662 de
2436 4612 2786 4662 Institutione
2815 4612 2944 4662 ﬁlias
2977 4627 2988 4660 :
3023 4627 3052 4658 ‹‹
3075 4611 3315 4674 Quidam
3348 4614 3546 4674 putant
3587 4609 3811 4671 majoris
3839 4621 3976 4658 esse

2336 4684 2553 4732 virtutis
2588 4687 2917 4746 praesentem
2961 4686 3316 4733 contemnere
3359 4681 3717 4743 voluptatem.
3751 4678 3973 4727 Tamen

2337 4767 2438 4817 ego
2463 4754 2698 4804 arbitror
2721 4754 3019 4804 securioris
3046 4753 3408 4804 continentiae
3429 4764 3551 4802 esse
3574 4751 3791 4802 nescire
3810 4747 3976 4813 quod

2337 4829 2564 4889 quaerat.
2598 4845 2626 4870 »

2401 4897 2499 4957 (60)
2541 4897 2862 4946 Promiscua.
2910 4897 3047 4946 Haec
3090 4897 3273 4958 lectio,
3305 4909 3470 4960 quam
3520 4907 3714 4944 omnes
3761 4892 3978 4943 editio-

2337 4981 2436 5017 nes
2474 4968 2699 5029 habent,
2747 4983 2913 5032 quam
2959 4968 3292 5019 conﬁrmant
3332 4967 3456 5017 libri
3484 4971 3718 5025 veteres,
3755 4964 3982 5026 optima

2338 5045 2437 5090 est.
2490 5040 2560 5090 Et
2605 5043 2792 5090 tamen
2830 5040 3103 5104 Rigaltius
3147 5040 3194 5089 ei
3241 5039 3404 5088 home
3451 5037 3676 5087 lectioni
3717 5034 3984 5098 praetulit

2338 5125 2623 5162 erroneam
2655 5124 2783 5175 quin
2827 5115 3008 5161 exstat
3049 5112 3105 5160 in
3142 5111 3335 5160 codice
3374 5108 3680 5167 Thuaneo;
3725 5107 3781 5155 in
3828 5119 3978 5169 quo,

2338 5182 2541 5231 omissa
2575 5195 2689 5231 una
2731 5181 2978 5232 litterula
3017 5195 3048 5231 a
3090 5181 3340 5242 librario,
3386 5179 3656 5242 scriptum
3698 5182 3784 5227 est
3829 5190 3986 5239 pro—

2337 5254 2518 5303 misca.
2568 5253 2824 5303 Erratum
2873 5255 2956 5301 est
3002 5253 3169 5315 igitur
3224 5253 3278 5300 in
3326 5250 3570 5301 editione
3625 5248 3988 5311 Anglicana,

2338 5323 2435 5372 ubi
2465 5324 2788 5374 adnotatum
2819 5327 2900 5374 est
2943 5325 2999 5372 in
3043 5323 3237 5373 codice
3273 5321 3504 5371 Thuano
3531 5321 3797 5383 scriptum
3844 5333 3984 5370 esse

2336 5395 2669 5457 promiscua,
2719 5409 2848 5445 cum
2900 5398 3089 5444 contra
3139 5392 3407 5455 Rigaltius
3458 5393 3515 5440 in
3561 5391 3984 5441 observationi-

2338 5465 2444 5514 bus
2495 5467 2611 5514 suis
2658 5467 2926 5516 rationem
2978 5464 3279 5515 reddiderit
3322 5477 3423 5514 cur
3474 5462 3620 5513 hanc
3663 5461 3982 5512 lectionem

2339 5538 2608 5600 rejecerit.
2643 5535 2808 5600 Apud
2843 5539 2901 5585 Α.
2942 5535 3183 5588 Gellium
3227 5535 3427 5598 legitur
3457 5534 3739 5597 promisca,
3766 5533 3984 5596 impro-

2338 5609 2528 5668 misca,
2579 5608 2905 5671 impromisce
2968 5609 3023 5656 in
3087 5607 3327 5656 editione
3387 5605 3616 5654 Henrici
3673 5603 3981 5667 Stephani.

2338 5677 2601 5728 Nicolaus
2654 5678 2907 5728 Perottus
2956 5692 3075 5742 pag.
3124 5677 3236 5734 752,
3281 5676 3421 5737 1185,
3469 5675 3695 5725 adnotat
3748 5678 3985 5725 veteres

2338 5749 2656 5811 promiscam
2695 5753 2804 5811 'pro
2845 5749 3140 5811 promiscue
3187 5748 3492 5811 scripsisse.
3547 5746 3806 5795 Promisce
3859 5745 3986 5808 legi

2339 5820 2486 5883 apud
2526 5821 2867 5872 Macrobium
2912 5834 3011 5886 pro
3043 5822 3335 5886 promiscue
3362 5821 3420 5872 in
3450 5817 3695 5872 editione
3734 5817 3985 5870 Henrici

2341 5890 2623 5960 Stephani.

3425 67 3434 78 ο
3513 61 3526 68 ν
3549 63 3554 68 .
3575 33 4160 110 κὲκςβρΐομςῗΜ

3541 101 3554 110 ,
3593 101 3600 108 .
3691 103 3694 106 .
3789 91 3798 102 ν
3819 101 3826 108 .
3917 93 3938 110 g-
3967 89 3974 96 ‘
4095 95 4104 100 ο

3541 101 3554 112 ,
3593 101 3600 108 .
3691 103 3694 106 .
3789 89 3838 108 ’.ν
3917 89 3974 106 ..να
4095 95 4104 100 ο
4157 89 4160 110 ι

3741 123 3752 128 Α
3893 109 3934 124 ¹’⁴
4158 123 4160 128 ι
