4160 6216
300 183 379 237 245

1701 184 2019 240 EPISTULA
2062 183 2168 236 νη.

3504 177 3607 229 246

295 308 363 362 bis
408 306 668 362 dimiserit
719 307 1009 376 Dominus,
1063 314 1118 363 ct
1173 309 1443 380 scriptum
1498 310 1614 364 sit:
1678 311 2104 392 DiligesAcum
2151 305 2406 360 ferebam
2450 304 2575 358 misi
2621 305 2775 359 vobis
2824 322 2939 371 CCL,
2972 303 3071 357 sed
3103 308 3156 357 et
3188 303 3297 357 alia
3324 318 3421 357 «πει
3468 320 3601 372 pro-

293 404 557 471 proximum
586 406 735 454 tuum
785 408 1061 472 tamquam
1105 410 1170 457 te.
1204 404 1265 458 Si
1304 408 1484 457 autem
1524 406 1779 458 mordetis
1826 410 1875 457 et

296 496 521 548 incusalis
546 498 790 556 invicem,
824 498 996 551 videte
1020 514 1085 551 ne
1115 501 1507 551 consumamini
1543 500 1610 552 ab
1656 500 1880 551 invicem

294 590 551 655 {Galat.,v,
587 589 670 655 14,
700 592 805 655 15).
836 592 880 641 Α
909 590 1174 644 conviciis
1202 591 1369 644 etiam
1391 595 1447 644 et
1474 591 1876 658 maledictis“,

291 697 452 751 quaeso
480 698 589 748 vos,
638 682 935 749 abstinete,
971 684 1102 753 quia
1147 701 1314 755 neque
1354 687 1604 739 maledici
1657 701 1881 755 regnum

291 776 370 827 Dei
406 781 789 843 consequuntur
843 779 883 845 (Ι
933 779 1074 837 Con,
1118 794 1188 845 γι,
1240 780 1345 847 10),
1407 786 1460 832 et
1508 780 1702 849 lingua
1754 795 1881 849 qua:

288 866 539 921 Christum
576 868 682 938 (6t)
722 870 973 924 confessa
1004 878 1105 938 est,
1138 872 1441 925 incolumis
1477 876 1531 925 et
1573 888 1710 942 pura
1754 888 1881 926 cum

290 977 373 1014 suo
409 960 616 1016 honore
643 964 921 1017 servanda
946 970 1063 1018 est:
1112 982 1247 1019 nam
1292 967 1388 1036 qui
1436 967 1666 1037 pacitica
1707 972 1761 1021 et
1790 968 1886 1021 bo—

286 1070 342 1106 na
371 1054 608 1123 etjusta,
630 1058 940 1110 secundum
975 1066 1326 1129 praeceptum
1349 1060 1582 1125 Christi,
1609 1061 1880 1131 loquitur,

288 1147 549 1201 Christum
604 1150 857 1219 quotidie
906 1152 1226 1206 confitetur.
1273 1153 1488 1207 Steculo
1530 1156 1884 1209 renuntiave-

286 1260 454 1298 ramus
480 1246 529 1279 ⁸³
569 1262 701 1302 cum
740 1248 1007 1319 baptizati
1050 1267 1263 1305 sumus.
1294 1251 1403 1305 Sed
1436 1269 1586 1307 nunc
1630 1268 1758 1306 vere
1794 1268 1884 1306 re-

288 1338 652 1393 nuntiavimus
700 1344 905 1397 saeculo
947 1344 1172 1414 quando
1221 1346 1421 1399 tentati
1466 1348 1523 1399 et
1577 1346 1801 1417 probati
1854 1364 1887 1401 a

284 1430 399 1495 Deo,
439 1438 632 1488 nostra
679 1436 871 1489 omnia
913 1438 1312 1509 relinquentes,
1368 1440 1676 1494 Dominum
1713 1441 1886 1496 secuti

291 1541 481 1593 sumus,
518 1533 574 1580 et
605 1528 711 1581 ﬁde
739 1546 802 1583 ac
828 1531 1025 1584 timore
1050 1532 1096 1601 ej
1110 1550 1169 1585 us
1199 1537 1418 1587 stamus
1444 1539 1499 1588 et
1525 1535 1785 1589 vivimus.

347 1620 421 1673 Vl.
456 1621 905 1677 Corroboremus
927 1641 1026 1678 nos
1054 1627 1553 1682 exhortationibus
1580 1630 1626 1663 9‘
1657 1630 1886 1695 mutuis,

1980 401 2133 455 xime
2168 400 2453 453 miseram.
2490 400 2677 453 Victor
2704 417 2927 470 quoque
2966 416 3028 451 ex
3067 399 3272 451 lectore
3316 396 3604 462 diaconus,

1982 495 2079 565 qui
2116 510 2339 547 mecum
2386 499 2487 561 est,
2536 494 2687 546 misit
2732 494 2888 545 vobis
2928 508 3115 545 CLXXV.
3152 490 3374 545 Gaudeo
3418 494 3606 544 autem

1983 588 2211 658 quando
2240 603 2516 657 cognosco
2560 586 2835 657 plurimos
2868 586 3068 638 fratres
3102 591 3321 638 nostros
3362 600 3463 654 pro
3508 600 3609 636 sua

1983 682 2285 736 dilectione
2315 680 2573 734 certatim
2612 695 2947 733 concurrere
2985 687 3040 733 et
3082 679 3443 731 necessitates
3483 694 3603 731 ves-

1985 782 2100 829 tras
2150 775 2263 828 suis
2330 774 2717 827 collationibus
2781 772 3071 842 adjuvare.
3126 772 3267 841 Opto
3332 787 3426 825 vos
3480 772 3603 840 (64),

1984 872 2183 925 fratres
2240 868 2578 934 charissimi,
2627 883 2853 937 semper
2906 867 3047 921 bene
3091 866 3277 920 valere
3329 871 3384 920 et
3433 865 3605 919 nostri

1984 963 2331 1018 meminisse.

2492 1056 2818 1111 EPISTOLA
2859 1056 2945 1109 v11
2974 1056 3096 1125 (es).

1985 1164 2322 1227 (Erasm.,1v,
2366 1167 2425 1225 Ii;
2462 1163 2681 1224 Pamel.,
2708 1174 2827 1222 VIII;
2867 1162 3055 1221 Oxon,
3096 1160 3251 1223 Lips,
3286 1171 3367 1221 XI;
3404 1158 3607 1221 Rigalt.,

2536 1234 2728 1295 Baluz.,
2749 1234 2931 1294 Paris,
2955 1234 3065 1293 VII.)

2339 1350 2407 1387 AD
2448 1348 2678 1398 CLERUM,
2707 1348 2773 1386 DE
2812 1346 3089 1387 PRECANDO
3128 1345 3251 1385 ΠΕΟ.

1988 1445 2380 1496 Anotruaivrun.
2429 1470 2497 1477 —
2540 1438 2787 1507 Ejusdem
2840 1440 2954 1504 fere
3011 1442 3089 1489 est
3136 1436 3448 1502 argumenti
3493 1448 3613 1485 cum

2056 1530 2267 1583 duabus
2308 1528 2751 1599 praecedentibus,
2793 1532 3158 1596 praeterquam
3212 1524 3355 1593 quod
3408 1524 3491 1577 hic
3540 1522 3615 1575 ad

2055 1634 2234 1688 preces
2259 1619 2565 1672 exhortetur
2591 1616 2861 1671 assiduas.

289 1718 331 1764 el
391 1715 569 1782 magis
633 1732 696 1769 ac
750 1719 932 1788 magis
998 1720 1358 1789 proficiamus
1404 1722 1459 1775 in
1517 1724 1772 1789 Domino,
1806 1689 1965 1783 ut;B
2060 1727 2101 1779 l.
2136 1724 2452 1795 Cyprianus
2495 1720 2839 1792 presbyteris
2870 1724 2923 1775 et
2971 1720 3299 1774 diaconibus
3344 1720 3613 1774 fratribus

289 1821 422 1870 cum,
464 1824 568 1877 pro
617 1826 721 1863 sua
768 1812 1176 1881 misericordia,
1226 1833 1423 1885 pacem
1473 1817 1689 1884 fecerit,
1720 1832 1889 1886 quam

284 1916 332 1953 se
379 1902 654 1956 facturum
700 1907 1063 1975 reproniittit,
1118 1908 1243 1962 novi
1289 1914 1345 1963 et
1387 1927 1532 1979 pene
1578 1911 1776 1964 mutati
1819 1909 1891 1963 ad

287 1994 565 2049 Ecclesiam
601 2003 972 2065 revertamur,
1002 2005 1058 2053 et
1094 2002 1379 2073 excipiant
1404 2021 1521 2068 nos,
1550 2004 1662 2057 sive
1692 2004 1891 2058 fratres

282 2088 456 2153 nostri,
512 2092 631 2144 sive
688 2092 944 2160 gentiles,
977 2094 1121 2148 circa
1167 2097 1367 2149 omnia
1413 2101 1689 2151 correctos
1716 2099 1762 2131 95
1807 2102 1890 2151 at-

285 2197 378 2249 que
419 2182 475 2236 in
514 2184 725 2237 melius
765 2186 1114 2255 reformatos,
1145 2194 1201 2243 et
1245 2188 1435 2261 240
1481 2192 1579 2261 qui
1624 2190 1891 2245 admirati

282 2273 491 2329 fuerant
551 2279 711 2346 prius
756 2278 812 2331 in
868 2280 1165 2335 virtutibus
1214 2283 1469 2352 gloriam,
1512 2300 1662 2337 nunc
1708 2285 1889 2338 admi-

283 2373 462 2421 rentur
492 2370 552 2423 in
598 2372 850 2425 moribus
892 2373 1262 2445 disciplinam.
1292 2377 1355 2429 Et
1394 2393 1745 2447 quamquam
1779 2379 1889 2431 cle-

281 2477 334 2513 ro
357 2462 461 2529 (62)
492 2468 711 2532 nostro,
742 2472 797 2519 et
838 2483 1024 2537 nuper
1050 2486 1177 2522 cum
1220 2470 1405 2523 adhuc
1448 2472 1640 2524 essetis
1676 2472 1730 2524 in
1768 2488 1892 2524 car-

280 2569 392 2608 cere
415 2557 731 2623 constituti,
764 2560 859 2613 sed
892 2577 1041 2615 nunc
1067 2578 1298 2634 quoque
1326 2563 1533 2631 denuo,
1564 2563 1893 2635 plenissime

280 2648 588 2718 scripserim
622 2655 703 2713 ut,
735 2652 778 2705 si
810 2653 943 2723 quid
977 2655 1063 2707 vel
1101 2656 1172 2709 ad
1216 2656 1476 2710 vestitum
1516 2662 1763 2711 vestrum
1808 2660 1892 2712 vel

279 2741 336 2794 ad
377 2744 589 2797 victum
642 2747 1019 2800 necessarium
1070 2749 1262 2815 fuerit,
1302 2755 1661 2820 suggeratur,
1706 2758 1893 2805 tamen

278 2835 434 2889 etiam
482 2837 608 2908 ipse
648 2837 717 2893 de
762 2840 1115 2910 sumpticulis
1158 2843 1398 2913 propriis
1444 2844 1551 2914 (63)
1583 2860 1723 2916 quos
1771 2862 1891 2899 me-

1991 1819 2253 1871 salutem.
2289 1819 2639 1887 Quamquam
2681 1815 2873 1880 sciam,
2909 1815 3113 1868 fratres
3144 1814 3478 1880 charissimi,
3512 1831 3615 1884 pro

1991 1913 2190 1965 timore
2214 1927 2384 1981 quem
2415 1910 2624 1979 singuli
2654 1909 2926 1963 debemus
2962 1909 3095 1975 Deo,
3124 1923 3221 1961 vos
3248 1924 3473 1979 quoque
3504 1908 3615 1962 illic

1992 2004 2172 2077 241
2227 2004 2467 2058 assiduis
2499 2002 2853 2056 orationibus
2898 2007 2955 2055 et
2999 2001 3181 2055 enixis
3225 2002 3489 2072 precibus
3536 2002 3616 2054 in-

1989 2104 2205 2153 stanter
2234 2096 2583 2163 incumbere,
2616 2096 2900 2151 admoneo
2928 2099 3123 2150 tamen
3152 2099 3207 2151 et
3235 2097 3352 2165 ipse
3385 2095 3614 2165 religio-

1991 2208 2109 2245 sam
2140 2190 2578 2245 sollicitudinem
2612 2190 2718 2261 (66)
2747 2193 2989 2245 vestram
3022 2194 3082 2245 ut
3106 2191 3154 2225 9°
3184 2190 3253 2243 ad
3281 2190 3617 2260 placandum

1994 2290 2161 2355 atque
2198 2284 2544 2337 exorandum
2580 2283 2902 2351 Dominum,
2932 2300 3049 2338 non
3092 2300 3221 2337 voce
3262 2284 3395 2351 sola,
3427 2283 3524 2336 sed
3565 2289 3621 2337 et

1986 2378 2222 2449 jejuniis
2264 2383 2320 2431 et
2356 2377 2622 2447 lacrymis
2666 2382 2721 2431 et
2759 2378 2914 2431 omni
2959 2394 3165 2447 genere
3208 2375 3617 2449 deprecatioms

1994 2471 2455 2541 ingemiscamus.
2490 2471 2930 2541 Intelligendum
2959 2475 3042 2525 est
3073 2472 3225 2524 enim
3258 2476 3313 2524 et
3338 2470 3611 2525 confiteri-

1996 2566 2130 2618 dum
2164 2580 2443 2634 pressurae
2482 2564 2640 2617 istius
2671 2569 2784 2618 tam
2818 2564 3098 2618 turbidam
3130 2565 3465 2630 vastitatem,
3492 2581 3620 2635 qum

1996 2675 2230 2729 gregem
2266 2664 2521 2711 nostrum
2566 2658 2809 2711 maxima
2844 2675 2907 2711 ex
2946 2663 3104 2727 parte
3146 2658 3409 2728 populata
3451 2661 3535 2711 est
3564 2660 3620 2712 et

1993 2752 2178 2805 adhuc
2220 2768 2398 2822 usque
2442 2752 2767 2822 populatur,
2800 2752 3112 2805 secundum
3157 2756 3385 2822 peccata
3425 2756 3618 2805 nostra

1994 2847 2234 2913 venisse,
2271 2847 2405 2901 dum
2444 2846 2589 2900 viam
2635 2846 2855 2900 Domini
2901 2862 3016 2899 non
3060 2848 3317 2901 tenemus
3355 2846 3486 2916 (67),
3518 2862 3619 2899 nec

1644 3021 1853 3084 Variae
1911 3020 2251 3085 lectiones.

334 3150 369 3180 θ’
400 3154 443 3199 A
475 3154 751 3202 conviciis
775 3155 1065 3205 moledicis
1092 3157 1200 3206 ΝΟ.
1232 3159 1277 3206 2.
1311 3159 1445 3206 Lam.

277 3215 368 3267 bus
395 3226 445 3271 et
476 3221 743 3286 precibus
774 3224 885 3273 Lm.
917 3225 1024 3275 ΝΟ.
1056 3226 1101 3275 2.
1194 3227 1237 3260 9‘
1260 3228 1615 3292 Incorruptos
1647 3228 1771 3278 Bod.

1538 3158 1579 3189 9³
1611 3158 1829 3208 Smculo
1860 3159 2244 3208 renuntiamus
2282 3158 2402 3207 Bod.
2434 3160 2474 3206 t.
2508 3157 2553 3205 2.
2593 3156 2740 3204 Ebor.
2787 3156 2897 3206 ΝΟ.
2926 3158 2968 3205 1.
3001 3155 3045 3203 2.

1868 3229 1909 3261 96
1935 3229 2280 3293 Religionem
2310 3231 2567 3289 vestram,
2600 3232 2661 3276 ut
2692 3229 2801 3291 Rig-

3143 3158 3183 3186 ί³⁴
3214 3154 3623 3203 Exhortationi-

1560 3372 1781 3453 Steph.
1832 3372 2073 3437 Baluzii
2119 3378 2315 3436 notae.

332 3506 416 3566 (6t)
454 3507 674 3594 JLingup
724 3519 839 3594 quae
891 3506 1375 3594 Christu‘m."1dem
1432 3506 1783 3594 Cyprianus,
1834 3508 1890 3557 in
1915 3520 1968 3594 C
1995 3509 2183 3594 egenis
2209 3508 2423 3594 alendis
2459 3507 2889 3594 h’tim‘andisqu‘e.
2918 3526 2944 3549 ››
2976 3506 3251 3594 Habuijsse
3280 3505 3617 3594 Cyprianum

276 3573 401 3624 libro
445 3577 508 3625 de
553 3576 928 3626 Exhortationa
970 3578 1237 3640 martyrii,
1283 3592 1402 3641 cap.
1436 3580 1489 3627 11
1529 3594 1539 3626 :
1586 3596 1614 3625 «
1645 3579 1889 3629 Produc-

276 3649 321 3693 ta
348 3652 396 3697 et
422 3652 655 3697 exsecta
684 3648 835 3710 prius
874 3648 1064 3712 lingua
1092 3662 1217 3712 quae
1257 3650 1507 3699 confessa
1552 3651 1731 3700 Deum
1775 3650 1891 3700 fue-

275 3723 363 3766 rat.
390 3738 415 3763 ››
454 3719 692 3780 Plinius,
724 3719 819 3769 lib.
853 3733 950 3780 vn,
980 3734 1097 3783 cap.
1140 3719 1202 3769 23
1234 3734 1246 3766 :
1295 3738 1319 3766 (ι
1350 3721 1715 3771 Anaxarchus
1760 3735 1890 3771 cum

274 3791 633 3853 torqueretur,
680 3791 966 3854 praecisam
1013 3792 1271 3841 dentibus
1317 3793 1566 3856 linguam
1607 3805 1891 3857 unamque

275 3873 419 3922 opem
456 3862 656 3911 indicii
688 3863 743 3910 in
777 3863 993 3925 tyranni
1026 3876 1085 3911 os
1111 3864 1315 3926 expuit.
1349 3882 1376 3908 »
1419 3862 1686 3913 Eamdem
1723 3863 1890 3912 histo-

275 3932 395 3981 riam
442 3934 629 3982 fusius
668 3933 831 3983 refert
862 3933 1117 3983 Valerius
1147 3934 1435 3993 Maximus,
1466 3935 1559 3983 lib.
1589 3948 1664 3996 Ill,
1694 3948 1811 3997 cap.
1838 3936 1885 3984 3.

274 4002 397 4053 Vide
424 4004 741 4067 Cujacium,
772 4004 867 4053 lib.
896 4017 997 4053 xxx
1030 4004 1320 4064 Observat,
1346 4019 1462 4068 cap.
1494 4006 1542 4053 6.

327 4076 418 4131 (62)
464 4077 529 4125 Et
564 4088 884 4139 quamquam
917 4074 1073 4124 clero.
1116 4076 1429 4125 Tamenetsi
1464 4076 1753 4139 Rigaltius,
1791 4077 1887 4138 qui

273 4148 472 4207 primus
509 4147 621 4196 hoc
650 4151 998 4209 segmentum
1026 4147 1225 4208 reperit
1253 4147 1310 4194 in
1350 4147 1539 4196 codice
1581 4148 1754 4197 sancti
1788 4149 1889 4197 Re-

271 4220 429 4279 migii,
458 4218 603 4267 illud
631 4231 757 4267 cum
786 4219 903 4281 ipsa
932 4218 1161 4280 epistola
1192 4230 1301 4265 non
1330 4218 1577 4277 ediderit,
1610 4218 1706 4267 sed
1738 4222 1887 4267 retu-

271 4287 381 4337 lerit
407 4291 555 4339 inter
588 4289 1035 4347 observationes;
1066 4289 1353 4337 tamenetsi
1386 4290 1548 4351 Angli
1579 4290 1752 4338 secuti
1777 4290 1890 4338 sint

270 4361 580 4423 exemplum
626 4360 866 4423 Rigaltii,
914 4372 1015 4422 ego
1061 4359 1193 4407 illud
1221 4361 1744 4422 attexui‘epistolae,
1775 4374 1884 4410 non

270 4429 520 4481 dubitans
548 4434 684 4495 quin
714 4433 783 4479 sit
819 4430 1100 4493 Cypriani,
1134 4431 1387 4492 quamvis
1424 4432 1476 4479 in
1510 4445 1624 4480 uno
1672 4436 1886 4482 tantum

272 4505 430 4552 veteri
472 4504 615 4552 libro
662 4506 937 4565 repertum
986 4503 1071 4551 sit.
1124 4502 1454 4551 Reinhartus
1497 4515 1605 4550 non
1656 4504 1887 4551 attexuit

269 4574 528 4635 epistolae,
562 4574 658 4624 sed
688 4573 899 4623 addidit
938 4574 989 4621 in
1033 4574 1207 4633 calce,
1239 4572 1543 4622 admonens
1586 4573 1885 4638 Rigaltium

270 4644 497 4694 edidisse
528 4660 597 4695 ex
633 4644 823 4693 codice
849 4645 1129 4694 Remensi.

325 4716 419 4776 (63)
475 4714 817 4777 Sumpticulis
863 4715 1110 4776 propriis.
1156 4714 1258 4763 Vel
1312 4714 1376 4763 de
1421 4715 1718 4776 quantitate
1766 4727 1887 4777 pro-

268 4790 399 4846 pria,
435 4792 499 4835 ut
546 4788 601 4835 in
648 4786 877 4848 epistola
919 4786 997 4843 36,
1032 4799 1136 4847 pag
1196 4786 1275 4844 49,
1322 4785 1570 4847 loquitur
1613 4786 1730 4847 ipse
1780 4786 1885 4848 Cy-

269 4858 504 4917 prianus,
535 4858 587 4907 id
626 4862 711 4907 est
740 4870 810 4906 ex
840 4856 1000 4906 bonis
1026 4869 1151 4918 quas
1176 4860 1332 4905 erant
1356 4855 1567 4905 Caecilii
1602 4856 1881 4919 Cypriani,

268 4942 495 4991 quorum
546 4930 756 4977 mentio
800 4932 881 4976 est
927 4929 981 4976 in
1028 4927 1257 4989 epistola
1302 4927 1383 4985 69,
1420 4926 1492 4974 ad
1539 4926 1881 4975 Florentium.

268 5000 376 5047 Non
408 5006 546 5063 puto
580 5002 728 5049 enim
762 4998 906 5047 istud
939 5010 1061 5047 esse
1092 4996 1516 5060 intelligendum
1548 4996 1615 5045 de
1642 5011 1705 5044 ea
1733 5003 1886 5059 parte

268 5070 577 5120 reddituum
621 5070 885 5119 Ecclesiae
930 5081 1058 5130 quas
1104 5067 1170 5117 ad
1199 5069 1521 5131 episcopum
1557 5068 1882 5129 pertinebat,

268 5142 509 5191 nondum
549 5144 771 5191 inventa
813 5140 1084 5188 divisione
1128 5139 1421 5197 bonorum,
1462 5139 1591 5201 quia
1634 5138 1883 5187 Ecclesia

270 5216 508 5263 nondum
537 5214 775 5263 habebat
804 5213 1028 5261 divitias
1056 5215 1218 5275 atque
1244 5224 1392 5273 opes.
1421 5210 1497 5259 Ea
1522 5215 1637 5259 tum
1668 5214 1885 5259 susten-

268 5286 475 5335 tabatur
506 5285 880 5335 oblationibus
910 5284 1180 5341 ﬁdelium,
1204 5296 1329 5345 quae
1357 5282 1607 5344 gratuitae
1640 5284 1793 5329 erant
1818 5294 1883 5330 ac

268 5358 601 5415 voluntarias,
653 5369 762 5404 non
805 5359 1033 5403 coactas.
1082 5353 1477 5409 Tertullianus,
1523 5352 1576 5398 in
1621 5351 1883 5414 Apologe—

270 5428 359 5475 tiro
392 5443 405 5474 :
435 5446 459 5469 α
496 5426 771 5475 Modicam
809 5424 1197 5487 unusquisque
1224 5422 1421 5485 stipem
1457 5426 1736 5469 menstrua
1774 5420 1880 5473 die.

270 5497 345 5545 vel
398 5512 531 5547 cum
585 5497 738 5553 velis,
782 5499 835 5544 et
888 5496 931 5542 si
989 5494 1155 5543 modo
1203 5494 1404 5556 possis,
1452 5492 1691 5554 apponit.
1746 5494 1881 5541 Nam

271 5582 419 5618 nemo
459 5568 827 5631 compellitur,
876 5566 974 5617 sed
1027 5571 1223 5629 sponte
1270 5565 1501 5615 confert.
1547 5564 1683 5612 Hinc
1723 5564 1880 5625 quasi

274 5639 510 5702 deposita
563 5640 775 5701 pietatis
830 5640 975 5685 sunt.
1024 5637 1157 5686 Nam
1211 5635 1339 5684 inde
1386 5648 1497 5682 non
1543 5633 1721 5696 epulis
1778 5647 1882 5683 nec

276 5711 538 5770 potaculis
580 5723 679 5761 nec
727 5709 952 5773 ingratis
1004 5708 1293 5758 veretrinis
1348 5705 1727 5771 dispensatur,
1785 5704 1880 5756 sed

1994 3578 2138 3629 bona
2178 3582 2395 3629 constat
2429 3594 2439 3626 :
2482 3578 2548 3627 de
2588 3578 2764 3627 hortis
2808 3578 2878 3627 ab
2922 3591 2987 3627 eo
3032 3577 3272 3626 venditis
3300 3578 3439 3625 inter
3463 3578 3617 3626 initia

1990 3652 2121 3701 ﬁdei
2160 3665 2277 3701 suae
2321 3655 2376 3701 et
2418 3652 2519 3701 Dei
2546 3650 2891 3713 indulgentia
2928 3650 3188 3699 restitutis
3225 3653 3460 3697 testatur
3500 3650 3617 3711 ipse

1992 3723 2322 3786 Cyprianus,
2370 3723 2525 3786 epist.
2566 3722 2645 3783 63,
2692 3724 2747 3772 et
2795 3722 3022 3771 Pontius
3068 3719 3337 3769 diaconus
3389 3720 3443 3767 in
3500 3722 3618 3769 Vita

1991 3808 2127 3858 ejus.

2054 3866 2151 3925 (64)
2200 3866 2325 3927 Opto
2369 3877 2471 3914 vos.
2522 3864 2744 3914 Retinui
2802 3863 3099 3913 editionem
3148 3862 3447 3925 vulgatam,
3490 3876 3617 3926 qua)

1989 3937 2136 3986 bona
2176 3940 2274 3985 est.
2331 3935 2618 3984 Admoneo
2674 3939 2857 3984 tamen
2910 3933 3209 3982 editionem
3265 3934 3614 3995 Spirensemé,

1988 4012 2231 4057 veterem
2257 4007 2543 4064 Venetam,
2573 4020 2695 4055 eam
2735 4019 2861 4068 quas
2911 4008 2993 4055 est
3039 4002 3333 4062 Rembolti,
3368 4005 3617 4053 Erasmi-

1989 4091 2128 4132 cam.
2158 4081 2212 4127 et
2254 4077 2634 4127 Morellianam
2680 4076 2974 4139 praeferre:
3022 4092 3049 4119 «
3079 4073 3221 4136 Opto
3268 4079 3337 4131 te,
3378 4076 3558 4133 frater,
3588 4094 3614 4119 »

1990 4152 2044 4198 et
2090 4150 2163 4197 ita
2214 4150 2380 4198 etiam
2428 4149 2693 4210 scriptum
2754 4160 2874 4197 esse
2926 4146 2980 4194 in
3031 4144 3273 4195 sedecim
3325 4144 3616 4195 codicibus

1988 4220 2249 4283 antiquis.
2289 4221 2359 4269 Et
2402 4220 2524 4269 haec
2549 4231 2771 4282 quoque
2811 4218 2972 4267 lectio
2999 4217 3205 4279 optima
3238 4220 3339 4265 est.
3370 4217 3616 4266 Tamen-

1989 4292 2091 4341 etsi
2129 4293 2276 4340 enim
2324 4291 2552 4353 epistola
2602 4290 2801 4351 scripta
2846 4289 2917 4336 sit
2964 4286 3031 4336 ad
3080 4288 3283 4349 plures,
3336 4288 3615 4351 praecipue

1989 4366 2171 4410 tamen
2201 4366 2251 4410 et
2277 4362 2601 4409 nominatim
2632 4362 2833 4422 scripta
2866 4364 2951 4407 est
2980 4358 3048 4406 ad
3076 4358 3463 4419 Rogatianum,
3496 4373 3615 4420 per-

1989 4446 2179 4482 sonam
2225 4432 2514 4481 illustrem.
2555 4432 2624 4480 Et
2672 4430 2795 4479 ideo
2826 4430 3141 4492 Cyprianus
3168 4430 3335 4478 ﬁnem
3363 4432 3412 4480 ei
3441 4432 3615 4491 impo-

1988 4517 2145 4563 nens,
2192 4504 2497 4552 clausulam
2551 4501 2985 4559 valedictoriam,
3032 4504 3095 4549 ut.
3147 4501 3315 4562 solet,
3363 4502 3430 4551 ad
3483 4514 3611 4550 eum

1987 4575 2219 4637 dirigere
2245 4574 2440 4637 potuit.

2050 4646 2147 4705 (65)
2182 4647 2251 4693 De
2282 4643 2538 4707 precando
2582 4645 2700 4691 Deo.
2732 4643 2896 4692 Miror
2926 4641 3248 4703 Rigaltium,
3280 4641 3373 4703 qui
3402 4640 3614 4690 sciebat

1986 4721 2241 4763 sanctum
2280 4714 2667 4773 Augustinum,
2697 4714 2729 4761 l.
2758 4726 2811 4761 IV
2838 4713 2899 4759 de
2926 4712 3193 4772 Baptismo
3221 4716 3405 4759 contra
3439 4712 3613 4759 Donu-

1987 4788 2158 4845 tistas,
2193 4799 2238 4834 c.
2266 4786 2313 4843 2,
2346 4799 2406 4833 ea
2441 4784 2606 4831 verba
2649 4784 2848 4832 referre
2876 4786 3141 4844 tanquam
3171 4781 3451 4844 Cypriani,
3476 4783 3613 4831 scie-

1987 4856 2081 4905 bat
2107 4862 2366 4918 praaterea
2394 4868 2454 4902 ea
2484 4854 2675 4903 haberi
2700 4856 2753 4902 in
2785 4852 3117 4916 quibusdam
3147 4854 3391 4914 antiquis
3419 4853 3615 4903 editio-

1986 4928 2187 4978 nibus;
2238 4927 2423 4981 miror,
2471 4925 2717 4985 inquam,
2760 4938 2888 4974 eum
2936 4924 3030 4972 illa
3077 4923 3329 4971 omisisse
3384 4923 3439 4971 in
3490 4940 3605 4973 sua.

1987 4999 2084 5046 Illa
2112 4998 2275 5047 etiam
2322 4997 2625 5044 omiserunt
2664 4996 2847 5057 Angli.
2887 4995 2996 5043 Nos
3023 4995 3363 5043 restituimus
3391 5002 3612 5058 propter

1986 5069 2365 5117 auctoritatem
2411 5068 2707 5131 Augustini
2756 5072 2809 5117 et
2851 5066 3214 5130 plurimorum
3258 5070 3508 5116 veterum
3545 5068 3609 5115 li-

1986 5139 2227 5187 brorum.

2051 5209 2142 5268 (66)
2177 5207 2485 5270 Religiosam
2522 5207 2946 5257 sollicitudinem.
2992 5210 3127 5257 Haec
3172 5211 3255 5258 est
3294 5208 3457 5257 lectio
3497 5221 3613 5255 om.-

1985 5280 2153 5328 nium'
2173 5286 2421 5329 veterum
2452 5279 2718 5329 librorum
2750 5283 2804 5329 et
2834 5280 3160 5328 editionum.
3192 5280 3252 5328 In
3300 5278 3607 5341 Rigaltiana

1987 5354 2169 5400 tamen
2210 5351 2474 5412 scriptum
2518 5353 2599 5400 est
2632 5351 2936 5413 religionem
2978 5355 3223 5399 vestram.
3269 5350 3426 5411 Angli
3457 5361 3609 5410 repo-

1984 5425 2215 5471 suerunt
2244 5425 2482 5471 veterem
2514 5422 2828 5471 lectionem.

2048 5493 2145 5552 (67)
2181 5492 2326 5540 Viam
2360 5492 2571 5541 Domini
2602 5504 2711 5540 non
2741 5498 2985 5540 tenemus.
3021 5491 3168 5541 Citat
3207 5491 3357 5539 hunc
3387 5503 3612 5552 quoque

1981 5563 2169 5612 locum
2210 5567 2437 5612 sanctus
2474 5565 2821 5625 Augustinus
2848 5564 2903 5611 in
2946 5562 3087 5612 libro
3123 5561 3291 5624 paulo
3331 5564 3457 5609 ante
3487 5561 3616 5610 lau-

1983 5633 2133 5691 dato,
2162 5646 2281 5697 cap.
2311 5635 2357 5683 3.
