  <div class='ocr_page' id='page_1' title='image "/cluster/home/n/w/nwhite01/storage/ocr_20150623/4/hvd.32044073549446/129.png"; bbox 0 0 4160 6216; ppageno 0'>
   <div class='ocr_carea' id='block_1_1' title="bbox 561 273 660 328">
    <p class='ocr_par' dir='ltr' id='par_1_1' title="bbox 561 273 660 328">
     <span class='ocr_line' id='line_1_1' title="bbox 561 273 660 328; baseline -0.02 0"><span class='ocrx_word' id='word_1_1' title='bbox 561 273 660 328; x_wconf 83' lang='grc'>247</span> 
     </span>
    </p>
   </div>
   <div class='ocr_carea' id='block_1_2' title="bbox 1477 272 2996 335">
    <p class='ocr_par' dir='ltr' id='par_1_2' title="bbox 1477 272 2996 335">
     <span class='ocr_line' id='line_1_2' title="bbox 1477 272 2996 335; baseline 0.003 -7"><span class='ocrx_word' id='word_1_2' title='bbox 1477 275 1530 329; x_wconf 92' lang='lat' dir='ltr'>S.</span> <span class='ocrx_word' id='word_1_3' title='bbox 1571 274 1883 331; x_wconf 80' lang='lat' dir='ltr'>CYPRIANI</span> <span class='ocrx_word' id='word_1_4' title='bbox 1922 272 2197 329; x_wconf 75' lang='lat' dir='ltr'>OI‘ERUM</span> <span class='ocrx_word' id='word_1_5' title='bbox 2236 273 2406 329; x_wconf 82' lang='lat' dir='ltr'>PARS</span> <span class='ocrx_word' id='word_1_6' title='bbox 2447 277 2485 330; x_wconf 85' lang='grc' dir='ltr'>Ι.</span> <span class='ocrx_word' id='word_1_7' title='bbox 2529 306 2597 316; x_wconf 89' lang='lat'>——</span> <span class='ocrx_word' id='word_1_8' title='bbox 2637 278 2996 335; x_wconf 73' lang='lat' dir='ltr'>EPISTOL/E.</span> 
     </span>
    </p>
   </div>
   <div class='ocr_carea' id='block_1_3' title="bbox 3463 73 4136 124">
    <p class='ocr_par' dir='ltr' id='par_1_3' title="bbox 3463 73 4136 124">
     <span class='ocr_line' id='line_1_3' title="bbox 3581 73 4136 90; baseline -0.016 2"><span class='ocrx_word' id='word_1_9' title='bbox 3581 77 3596 86; x_wconf 71' lang='grc' dir='ltr'><strong><em>ε</em></strong></span> <span class='ocrx_word' id='word_1_10' title='bbox 3675 73 3776 90; x_wconf 61' lang='lat' dir='ltr'>‘-.&quot;I&#39;</span> <span class='ocrx_word' id='word_1_11' title='bbox 3817 73 3836 76; x_wconf 77' lang='lat'>&#39;</span> <span class='ocrx_word' id='word_1_12' title='bbox 3881 73 3968 88; x_wconf 60' lang='lat' dir='ltr'>;¢c-u</span> <span class='ocrx_word' id='word_1_13' title='bbox 4073 73 4136 90; x_wconf 57' lang='grc' dir='ltr'>-ιη</span> 
     </span>
     <span class='ocr_line' id='line_1_4' title="bbox 3463 87 4136 124; baseline 0 0"><span class='ocrx_word' id='word_1_14' title='bbox 3463 111 3468 118; x_wconf 93' lang='lat'><strong><em>-</em></strong></span> <span class='ocrx_word' id='word_1_15' title='bbox 3631 121 3634 124; x_wconf 97' lang='lat'>.</span> <span class='ocrx_word' id='word_1_16' title='bbox 3673 99 3712 124; x_wconf 31' lang='grc' dir='ltr'>’γε</span> <span class='ocrx_word' id='word_1_17' title='bbox 3829 87 3958 124; x_wconf 60' lang='grc' dir='ltr'>ἰ⁹’.ἶ⁶</span> <span class='ocrx_word' id='word_1_18' title='bbox 4119 99 4136 108; x_wconf 83' lang='grc'><strong>⁸</strong></span> 
     </span>
    </p>
   </div>
   <div class='ocr_carea' id='block_1_4' title="bbox 3808 281 3910 338">
    <p class='ocr_par' dir='ltr' id='par_1_4' title="bbox 3808 281 3910 338">
     <span class='ocr_line' id='line_1_5' title="bbox 3808 281 3910 338; baseline 0.01 -1"><span class='ocrx_word' id='word_1_19' title='bbox 3808 281 3910 338; x_wconf 67' lang='grc'>248</span> 
     </span>
    </p>
   </div>
   <div class='ocr_carea' id='block_1_5' title="bbox 561 400 3913 480">
    <p class='ocr_par' dir='ltr' id='par_1_5' title="bbox 561 400 3913 480">
     <span class='ocr_line' id='line_1_6' title="bbox 561 400 3913 480; baseline 0.002 -26"><span class='ocrx_word' id='word_1_20' title='bbox 561 400 695 454; x_wconf 87' lang='lat' dir='ltr'>data</span> <span class='ocrx_word' id='word_1_21' title='bbox 719 400 883 455; x_wconf 89' lang='lat' dir='ltr'>nobis</span> <span class='ocrx_word' id='word_1_22' title='bbox 909 401 980 455; x_wconf 90' lang='lat' dir='ltr'>ad</span> <span class='ocrx_word' id='word_1_23' title='bbox 1011 401 1252 456; x_wconf 86' lang='lat' dir='ltr'>salutem</span> <span class='ocrx_word' id='word_1_24' title='bbox 1296 400 1542 456; x_wconf 88' lang='lat' dir='ltr'>coelestia</span> <span class='ocrx_word' id='word_1_25' title='bbox 1571 401 1840 454; x_wconf 87' lang='lat' dir='ltr'>mandata</span> <span class='ocrx_word' id='word_1_26' title='bbox 1877 413 2186 453; x_wconf 84' lang='lat' dir='ltr'>servamus.</span> <span class='ocrx_word' id='word_1_27' title='bbox 2211 406 2272 480; x_wconf 77' lang='grc' dir='ltr'><strong>Α</strong></span> <span class='ocrx_word' id='word_1_28' title='bbox 2295 403 2347 452; x_wconf 87' lang='lat' dir='ltr'>ta</span> <span class='ocrx_word' id='word_1_29' title='bbox 2374 402 2697 470; x_wconf 78' lang='lat' dir='ltr'>concordia,</span> <span class='ocrx_word' id='word_1_30' title='bbox 2740 420 2868 457; x_wconf 91' lang='lat' dir='ltr'>cum</span> <span class='ocrx_word' id='word_1_31' title='bbox 2899 403 3169 474; x_wconf 90' lang='lat' dir='ltr'>scriptum</span> <span class='ocrx_word' id='word_1_32' title='bbox 3199 404 3288 472; x_wconf 92' lang='lat' dir='ltr'>sit,</span> <span class='ocrx_word' id='word_1_33' title='bbox 3319 407 3455 459; x_wconf 83' lang='lat' dir='ltr'>Deus</span> <span class='ocrx_word' id='word_1_34' title='bbox 3482 407 3580 474; x_wconf 88' lang='lat' dir='ltr'>qui</span> <span class='ocrx_word' id='word_1_35' title='bbox 3604 405 3913 462; x_wconf 73' lang='lat' dir='ltr'>inhabitare</span> 
     </span>
    </p>
   </div>
   <div class='ocr_carea' id='block_1_6' title="bbox 564 493 2186 560">
    <p class='ocr_par' dir='ltr' id='par_1_6' title="bbox 564 493 2186 560">
     <span class='ocr_line' id='line_1_7' title="bbox 564 493 2186 560; baseline -0.001 -13"><span class='ocrx_word' id='word_1_36' title='bbox 564 493 712 548; x_wconf 82' lang='lat' dir='ltr'>Fecit</span> <span class='ocrx_word' id='word_1_37' title='bbox 757 494 1028 549; x_wconf 88' lang='lat' dir='ltr'>Dominus</span> <span class='ocrx_word' id='word_1_38' title='bbox 1079 500 1272 551; x_wconf 80' lang='lat' dir='ltr'>noster</span> <span class='ocrx_word' id='word_1_39' title='bbox 1330 498 1674 550; x_wconf 80' lang='lat' dir='ltr'>voluntatem</span> <span class='ocrx_word' id='word_1_40' title='bbox 1725 493 1923 560; x_wconf 87' lang='lat' dir='ltr'>Patris,</span> <span class='ocrx_word' id='word_1_41' title='bbox 1978 495 2033 546; x_wconf 89' lang='lat' dir='ltr'>et</span> <span class='ocrx_word' id='word_1_42' title='bbox 2082 508 2186 546; x_wconf 91' lang='lat' dir='ltr'>nos</span> 
     </span>
    </p>
   </div>
   <div class='ocr_carea' id='block_1_7' title="bbox 568 586 2186 658">
    <p class='ocr_par' dir='ltr' id='par_1_7' title="bbox 568 586 2186 658">
     <span class='ocr_line' id='line_1_8' title="bbox 568 586 2186 658; baseline -0.001 -17"><span class='ocrx_word' id='word_1_43' title='bbox 568 605 678 642; x_wconf 92' lang='lat' dir='ltr'>non</span> <span class='ocrx_word' id='word_1_44' title='bbox 737 589 980 643; x_wconf 88' lang='lat' dir='ltr'>facimus</span> <span class='ocrx_word' id='word_1_45' title='bbox 1036 589 1260 644; x_wconf 87' lang='lat' dir='ltr'>Domini</span> <span class='ocrx_word' id='word_1_46' title='bbox 1307 589 1676 656; x_wconf 80' lang='lat' dir='ltr'>voluntatem,</span> <span class='ocrx_word' id='word_1_47' title='bbox 1731 586 2076 658; x_wconf 91' lang='lat' dir='ltr'>patrimonio</span> <span class='ocrx_word' id='word_1_48' title='bbox 2129 589 2186 640; x_wconf 91' lang='lat' dir='ltr'>et</span> 
     </span>
    </p>
   </div>
   <div class='ocr_carea' id='block_1_8' title="bbox 564 669 2184 754">
    <p class='ocr_par' dir='ltr' id='par_1_8' title="bbox 564 669 2184 754">
     <span class='ocr_line' id='line_1_9' title="bbox 564 669 2184 754; baseline 0 -21"><span class='ocrx_word' id='word_1_49' title='bbox 564 682 721 735; x_wconf 93' lang='lat' dir='ltr'>lucro</span> <span class='ocrx_word' id='word_1_50' title='bbox 766 683 1080 750; x_wconf 78' lang='lat' dir='ltr'>studentes,</span> <span class='ocrx_word' id='word_1_51' title='bbox 1124 669 1444 754; x_wconf 82' lang='lat' dir='ltr'>superbiam</span> <span class='ocrx_word' id='word_1_52' title='bbox 1492 685 1790 751; x_wconf 80' lang='lat' dir='ltr'>sectantes,</span> <span class='ocrx_word' id='word_1_53' title='bbox 1835 679 2184 734; x_wconf 65' lang='lat' dir='ltr'>aemulationi</span> 
     </span>
    </p>
   </div>
   <div class='ocr_carea' id='block_1_9' title="bbox 564 774 2179 848">
    <p class='ocr_par' dir='ltr' id='par_1_9' title="bbox 564 774 2179 848">
     <span class='ocr_line' id='line_1_10' title="bbox 564 774 2179 848; baseline -0.001 -19"><span class='ocrx_word' id='word_1_54' title='bbox 564 778 621 829; x_wconf 89' lang='lat' dir='ltr'>et</span> <span class='ocrx_word' id='word_1_55' title='bbox 667 775 1000 831; x_wconf 85' lang='lat' dir='ltr'>dissensioni</span> <span class='ocrx_word' id='word_1_56' title='bbox 1049 782 1326 839; x_wconf 88' lang='lat' dir='ltr'>vacantes,</span> <span class='ocrx_word' id='word_1_57' title='bbox 1383 775 1757 848; x_wconf 76' lang='lat' dir='ltr'>simplicitatis</span> <span class='ocrx_word' id='word_1_58' title='bbox 1802 779 1860 829; x_wconf 91' lang='lat' dir='ltr'>et</span> <span class='ocrx_word' id='word_1_59' title='bbox 1905 774 2038 829; x_wconf 80' lang='lat' dir='ltr'>fidei</span> <span class='ocrx_word' id='word_1_60' title='bbox 2079 791 2179 828; x_wconf 90' lang='lat' dir='ltr'>ne-</span> 
     </span>
    </p>
   </div>
   <div class='ocr_carea' id='block_1_10' title="bbox 561 869 2179 940">
    <p class='ocr_par' dir='ltr' id='par_1_10' title="bbox 561 869 2179 940">
     <span class='ocr_line' id='line_1_11' title="bbox 561 869 2179 940; baseline -0.001 -18"><span class='ocrx_word' id='word_1_61' title='bbox 561 869 862 940; x_wconf 87' lang='lat' dir='ltr'>gligentes,</span> <span class='ocrx_word' id='word_1_62' title='bbox 889 871 1093 925; x_wconf 61' lang='lat' dir='ltr'>saeculo</span> <span class='ocrx_word' id='word_1_63' title='bbox 1121 871 1303 926; x_wconf 85' lang='lat' dir='ltr'>verbis</span> <span class='ocrx_word' id='word_1_64' title='bbox 1345 871 1474 925; x_wconf 88' lang='lat' dir='ltr'>solis</span> <span class='ocrx_word' id='word_1_65' title='bbox 1517 873 1575 924; x_wconf 88' lang='lat' dir='ltr'>et</span> <span class='ocrx_word' id='word_1_66' title='bbox 1613 887 1728 924; x_wconf 91' lang='lat' dir='ltr'>non</span> <span class='ocrx_word' id='word_1_67' title='bbox 1773 869 1932 923; x_wconf 87' lang='lat' dir='ltr'>factis</span> <span class='ocrx_word' id='word_1_68' title='bbox 1966 885 2179 922; x_wconf 90' lang='lat' dir='ltr'>renun-</span> 
     </span>
    </p>
   </div>
   <div class='ocr_carea' id='block_1_11' title="bbox 558 961 2179 1037">
    <p class='ocr_par' dir='ltr' id='par_1_11' title="bbox 558 961 2179 1037">
     <span class='ocr_line' id='line_1_12' title="bbox 558 961 2179 1037; baseline -0.001 -21"><span class='ocrx_word' id='word_1_69' title='bbox 558 962 784 1030; x_wconf 88' lang='lat' dir='ltr'>tiantes,</span> <span class='ocrx_word' id='word_1_70' title='bbox 819 965 1208 1036; x_wconf 88' lang='lat' dir='ltr'>unusquisque</span> <span class='ocrx_word' id='word_1_71' title='bbox 1238 965 1340 1020; x_wconf 89' lang='lat' dir='ltr'>sibi</span> <span class='ocrx_word' id='word_1_72' title='bbox 1372 965 1661 1037; x_wconf 85' lang='lat' dir='ltr'>placentes</span> <span class='ocrx_word' id='word_1_73' title='bbox 1690 969 1745 1018; x_wconf 90' lang='lat' dir='ltr'>et</span> <span class='ocrx_word' id='word_1_74' title='bbox 1772 962 2036 1018; x_wconf 89' lang='lat' dir='ltr'>omnibus</span> <span class='ocrx_word' id='word_1_75' title='bbox 2065 961 2179 1015; x_wconf 92' lang='lat' dir='ltr'>dis-</span> 
     </span>
    </p>
   </div>
   <div class='ocr_carea' id='block_1_12' title="bbox 557 1056 2180 1130">
    <p class='ocr_par' dir='ltr' id='par_1_12' title="bbox 557 1056 2180 1130">
     <span class='ocr_line' id='line_1_13' title="bbox 557 1056 2180 1130; baseline 0 -21"><span class='ocrx_word' id='word_1_76' title='bbox 557 1056 850 1126; x_wconf 90' lang='lat' dir='ltr'>plicentes.</span> <span class='ocrx_word' id='word_1_77' title='bbox 905 1059 1249 1129; x_wconf 90' lang='lat' dir='ltr'>Vapulamus</span> <span class='ocrx_word' id='word_1_78' title='bbox 1316 1060 1506 1130; x_wconf 84' lang='lat' dir='ltr'>itaque</span> <span class='ocrx_word' id='word_1_79' title='bbox 1570 1062 1632 1112; x_wconf 90' lang='lat' dir='ltr'>ut</span> <span class='ocrx_word' id='word_1_80' title='bbox 1683 1073 1994 1123; x_wconf 90' lang='lat' dir='ltr'>meremur,</span> <span class='ocrx_word' id='word_1_81' title='bbox 2047 1071 2180 1109; x_wconf 91' lang='lat' dir='ltr'>cum</span> 
     </span>
    </p>
   </div>
   <div class='ocr_carea' id='block_1_13' title="bbox 559 1151 2179 1222">
    <p class='ocr_par' dir='ltr' id='par_1_13' title="bbox 559 1151 2179 1222">
     <span class='ocr_line' id='line_1_14' title="bbox 559 1151 2179 1222; baseline 0.001 -20"><span class='ocrx_word' id='word_1_82' title='bbox 559 1151 826 1220; x_wconf 87' lang='lat' dir='ltr'>scriptum</span> <span class='ocrx_word' id='word_1_83' title='bbox 862 1153 932 1206; x_wconf 87' lang='lat' dir='ltr'>sit</span> <span class='ocrx_word' id='word_1_84' title='bbox 960 1170 972 1206; x_wconf 93' lang='lat'>:</span> <span class='ocrx_word' id='word_1_85' title='bbox 1004 1155 1196 1210; x_wconf 84' lang='lat' dir='ltr'>Servus</span> <span class='ocrx_word' id='word_1_86' title='bbox 1226 1160 1400 1208; x_wconf 87' lang='lat' dir='ltr'>autem</span> <span class='ocrx_word' id='word_1_87' title='bbox 1444 1155 1537 1208; x_wconf 88' lang='lat' dir='ltr'>ille</span> <span class='ocrx_word' id='word_1_88' title='bbox 1574 1156 1670 1222; x_wconf 84' lang='lat' dir='ltr'>qui</span> <span class='ocrx_word' id='word_1_89' title='bbox 1699 1152 1959 1219; x_wconf 80' lang='lat' dir='ltr'>cognoscit</span> <span class='ocrx_word' id='word_1_90' title='bbox 1987 1151 2179 1204; x_wconf 85' lang='lat' dir='ltr'>volun-</span> 
     </span>
    </p>
   </div>
   <div class='ocr_carea' id='block_1_14' title="bbox 565 1244 2177 1317">
    <p class='ocr_par' dir='ltr' id='par_1_14' title="bbox 565 1244 2177 1317">
     <span class='ocr_line' id='line_1_15' title="bbox 565 1244 2177 1317; baseline 0.004 -20"><span class='ocrx_word' id='word_1_91' title='bbox 565 1250 727 1299; x_wconf 86' lang='lat' dir='ltr'>tatem</span> <span class='ocrx_word' id='word_1_92' title='bbox 755 1247 964 1302; x_wconf 79' lang='lat' dir='ltr'>domini</span> <span class='ocrx_word' id='word_1_93' title='bbox 998 1251 1104 1309; x_wconf 84' lang='lat' dir='ltr'>sui,</span> <span class='ocrx_word' id='word_1_94' title='bbox 1134 1255 1183 1303; x_wconf 87' lang='lat' dir='ltr'>et</span> <span class='ocrx_word' id='word_1_95' title='bbox 1223 1265 1329 1303; x_wconf 90' lang='lat' dir='ltr'>non</span> <span class='ocrx_word' id='word_1_96' title='bbox 1365 1249 1613 1317; x_wconf 82' lang='lat' dir='ltr'>paruerit</span> <span class='ocrx_word' id='word_1_97' title='bbox 1641 1248 1686 1281; x_wconf 76' lang='lat'><strong>97</strong></span> <span class='ocrx_word' id='word_1_98' title='bbox 1732 1247 2006 1300; x_wconf 86' lang='lat' dir='ltr'>voluntati</span> <span class='ocrx_word' id='word_1_99' title='bbox 2047 1244 2177 1313; x_wconf 68' lang='lat' dir='ltr'>ejus,</span> 
     </span>
    </p>
   </div>
   <div class='ocr_carea' id='block_1_15' title="bbox 562 1339 2178 1414">
    <p class='ocr_par' dir='ltr' id='par_1_15' title="bbox 562 1339 2178 1414">
     <span class='ocr_line' id='line_1_16' title="bbox 562 1339 2178 1414; baseline 0.009 -24"><span class='ocrx_word' id='word_1_100' title='bbox 562 1341 846 1408; x_wconf 76' lang='lat' dir='ltr'>vapulabit</span> <span class='ocrx_word' id='word_1_101' title='bbox 875 1345 1064 1398; x_wconf 87' lang='lat' dir='ltr'>multis</span> <span class='ocrx_word' id='word_1_102' title='bbox 1088 1344 1261 1414; x_wconf 87' lang='lat' dir='ltr'>(Lac.,</span> <span class='ocrx_word' id='word_1_103' title='bbox 1292 1360 1387 1410; x_wconf 85' lang='lat' dir='ltr'>xu,</span> <span class='ocrx_word' id='word_1_104' title='bbox 1417 1342 1528 1410; x_wconf 80' lang='grc'>47).</span> <span class='ocrx_word' id='word_1_105' title='bbox 1561 1344 1706 1406; x_wconf 87' lang='lat' dir='ltr'>Quas</span> <span class='ocrx_word' id='word_1_106' title='bbox 1736 1345 1932 1395; x_wconf 87' lang='lat' dir='ltr'>autem</span> <span class='ocrx_word' id='word_1_107' title='bbox 1962 1339 2178 1409; x_wconf 67' lang='lat' dir='ltr'>plagas:</span> 
     </span>
    </p>
   </div>
   <div class='ocr_carea' id='block_1_16' title="bbox 559 1433 2179 1508">
    <p class='ocr_par' dir='ltr' id='par_1_16' title="bbox 559 1433 2179 1508">
     <span class='ocr_line' id='line_1_17' title="bbox 559 1433 2179 1508; baseline -0.002 -22"><span class='ocrx_word' id='word_1_108' title='bbox 559 1450 685 1504; x_wconf 83' lang='lat' dir='ltr'>quae</span> <span class='ocrx_word' id='word_1_109' title='bbox 712 1435 946 1490; x_wconf 88' lang='lat' dir='ltr'>verbera</span> <span class='ocrx_word' id='word_1_110' title='bbox 967 1454 1077 1491; x_wconf 91' lang='lat' dir='ltr'>non</span> <span class='ocrx_word' id='word_1_111' title='bbox 1108 1454 1415 1505; x_wconf 89' lang='lat' dir='ltr'>meremur,</span> <span class='ocrx_word' id='word_1_112' title='bbox 1433 1437 1663 1508; x_wconf 86' lang='lat' dir='ltr'>quando</span> <span class='ocrx_word' id='word_1_113' title='bbox 1683 1452 1787 1490; x_wconf 89' lang='lat' dir='ltr'>nec</span> <span class='ocrx_word' id='word_1_114' title='bbox 1807 1433 2179 1496; x_wconf 88' lang='lat' dir='ltr'>confessores,</span> 
     </span>
    </p>
   </div>
   <div class='ocr_carea' id='block_1_17' title="bbox 556 1526 2176 1600">
    <p class='ocr_par' dir='ltr' id='par_1_17' title="bbox 556 1526 2176 1600">
     <span class='ocr_line' id='line_1_18' title="bbox 556 1526 2176 1600; baseline -0.001 -21"><span class='ocrx_word' id='word_1_115' title='bbox 556 1527 652 1596; x_wconf 92' lang='lat' dir='ltr'>qui</span> <span class='ocrx_word' id='word_1_116' title='bbox 683 1531 948 1600; x_wconf 86' lang='lat' dir='ltr'>exemplo</span> <span class='ocrx_word' id='word_1_117' title='bbox 993 1531 1209 1586; x_wconf 67' lang='lat' dir='ltr'>caeteris</span> <span class='ocrx_word' id='word_1_118' title='bbox 1252 1532 1324 1585; x_wconf 92' lang='lat' dir='ltr'>ad</span> <span class='ocrx_word' id='word_1_119' title='bbox 1351 1533 1532 1586; x_wconf 91' lang='lat' dir='ltr'>bonos</span> <span class='ocrx_word' id='word_1_120' title='bbox 1573 1547 1760 1586; x_wconf 88' lang='lat' dir='ltr'>mores</span> <span class='ocrx_word' id='word_1_121' title='bbox 1801 1545 1919 1584; x_wconf 88' lang='lat' dir='ltr'>esse</span> <span class='ocrx_word' id='word_1_122' title='bbox 1965 1526 2176 1580; x_wconf 84' lang='lat' dir='ltr'>debue-</span> 
     </span>
    </p>
   </div>
   <div class='ocr_carea' id='block_1_18' title="bbox 557 1619 2180 1697">
    <p class='ocr_par' dir='ltr' id='par_1_18' title="bbox 557 1619 2180 1697">
     <span class='ocr_line' id='line_1_19' title="bbox 557 1619 2180 1697; baseline -0.001 -24"><span class='ocrx_word' id='word_1_123' title='bbox 557 1625 705 1689; x_wconf 85' lang='lat' dir='ltr'>rant,</span> <span class='ocrx_word' id='word_1_124' title='bbox 725 1626 962 1678; x_wconf 88' lang='lat' dir='ltr'>teneant</span> <span class='ocrx_word' id='word_1_125' title='bbox 992 1624 1390 1697; x_wconf 84' lang='lat' dir='ltr'>disciplinam?</span> <span class='ocrx_word' id='word_1_126' title='bbox 1409 1627 1620 1696; x_wconf 85' lang='lat' dir='ltr'>Itaque,</span> <span class='ocrx_word' id='word_1_127' title='bbox 1639 1625 1777 1678; x_wconf 88' lang='lat' dir='ltr'>dum</span> <span class='ocrx_word' id='word_1_128' title='bbox 1802 1621 2078 1693; x_wconf 88' lang='lat' dir='ltr'>quosdam</span> <span class='ocrx_word' id='word_1_129' title='bbox 2099 1619 2180 1672; x_wconf 92' lang='lat' dir='ltr'>in-</span> 
     </span>
    </p>
   </div>
   <div class='ocr_carea' id='block_1_19' title="bbox 557 1713 2174 1774">
    <p class='ocr_par' dir='ltr' id='par_1_19' title="bbox 557 1713 2174 1774">
     <span class='ocr_line' id='line_1_20' title="bbox 557 1713 2174 1774; baseline -0.001 -8"><span class='ocrx_word' id='word_1_130' title='bbox 557 1715 802 1770; x_wconf 85' lang='lat' dir='ltr'>solenter</span> <span class='ocrx_word' id='word_1_131' title='bbox 830 1720 1043 1773; x_wconf 84' lang='lat' dir='ltr'>extollit</span> <span class='ocrx_word' id='word_1_132' title='bbox 1072 1720 1440 1774; x_wconf 84' lang='lat' dir='ltr'>confessionis</span> <span class='ocrx_word' id='word_1_133' title='bbox 1479 1735 1594 1772; x_wconf 65' lang='lat' dir='ltr'>suae</span> <span class='ocrx_word' id='word_1_134' title='bbox 1635 1718 1852 1771; x_wconf 88' lang='lat' dir='ltr'>tumida</span> <span class='ocrx_word' id='word_1_135' title='bbox 1887 1717 1934 1749; x_wconf 69' lang='grc'>9⁸</span> <span class='ocrx_word' id='word_1_136' title='bbox 1983 1719 2039 1768; x_wconf 89' lang='lat' dir='ltr'>et</span> <span class='ocrx_word' id='word_1_137' title='bbox 2088 1713 2174 1766; x_wconf 88' lang='lat' dir='ltr'>in-</span> 
     </span>
    </p>
   </div>
   <div class='ocr_carea' id='block_1_20' title="bbox 556 1775 2255 1882">
    <p class='ocr_par' dir='ltr' id='par_1_20' title="bbox 556 1775 2255 1882">
     <span class='ocr_line' id='line_1_21' title="bbox 556 1775 2255 1882; baseline -0.003 -18"><span class='ocrx_word' id='word_1_138' title='bbox 556 1812 878 1866; x_wconf 81' lang='lat' dir='ltr'>verecunda</span> <span class='ocrx_word' id='word_1_139' title='bbox 922 1814 1172 1882; x_wconf 84' lang='lat' dir='ltr'>jactatio,</span> <span class='ocrx_word' id='word_1_140' title='bbox 1221 1817 1503 1868; x_wconf 88' lang='lat' dir='ltr'>tormenta</span> <span class='ocrx_word' id='word_1_141' title='bbox 1548 1818 1826 1868; x_wconf 87' lang='lat' dir='ltr'>venerunt</span> <span class='ocrx_word' id='word_1_142' title='bbox 1861 1812 1908 1844; x_wconf 77' lang='lat'><strong>99</strong></span> <span class='ocrx_word' id='word_1_143' title='bbox 1959 1813 2014 1862; x_wconf 90' lang='lat' dir='ltr'>et</span> <span class='ocrx_word' id='word_1_144' title='bbox 2059 1775 2255 1861; x_wconf 84' lang='lat' dir='ltr'>tor-B</span> 
     </span>
    </p>
   </div>
   <div class='ocr_carea' id='block_1_21' title="bbox 556 1902 2176 1974">
    <p class='ocr_par' dir='ltr' id='par_1_21' title="bbox 556 1902 2176 1974">
     <span class='ocr_line' id='line_1_22' title="bbox 556 1902 2176 1974; baseline -0.003 -16"><span class='ocrx_word' id='word_1_145' title='bbox 556 1908 753 1959; x_wconf 87' lang='lat' dir='ltr'>menta</span> <span class='ocrx_word' id='word_1_146' title='bbox 808 1906 929 1960; x_wconf 88' lang='lat' dir='ltr'>sine</span> <span class='ocrx_word' id='word_1_147' title='bbox 970 1907 1080 1962; x_wconf 84' lang='lat' dir='ltr'>line</span> <span class='ocrx_word' id='word_1_148' title='bbox 1125 1907 1374 1974; x_wconf 87' lang='lat' dir='ltr'>tortoris,</span> <span class='ocrx_word' id='word_1_149' title='bbox 1422 1908 1542 1961; x_wconf 88' lang='lat' dir='ltr'>sine</span> <span class='ocrx_word' id='word_1_150' title='bbox 1588 1907 1741 1961; x_wconf 83' lang='lat' dir='ltr'>exitu</span> <span class='ocrx_word' id='word_1_151' title='bbox 1781 1902 2176 1969; x_wconf 90' lang='lat' dir='ltr'>damnationis,</span> 
     </span>
    </p>
   </div>
   <div class='ocr_carea' id='block_1_22' title="bbox 557 1999 2178 2071">
    <p class='ocr_par' dir='ltr' id='par_1_22' title="bbox 557 1999 2178 2071">
     <span class='ocr_line' id='line_1_23' title="bbox 557 1999 2178 2071; baseline -0.001 -19"><span class='ocrx_word' id='word_1_152' title='bbox 557 1999 680 2054; x_wconf 90' lang='lat' dir='ltr'>sine</span> <span class='ocrx_word' id='word_1_153' title='bbox 712 2000 910 2054; x_wconf 89' lang='lat' dir='ltr'>solatio</span> <span class='ocrx_word' id='word_1_154' title='bbox 944 2001 1159 2067; x_wconf 86' lang='lat' dir='ltr'>mortis,</span> <span class='ocrx_word' id='word_1_155' title='bbox 1194 2004 1476 2056; x_wconf 87' lang='lat' dir='ltr'>tormenta</span> <span class='ocrx_word' id='word_1_156' title='bbox 1503 2017 1628 2071; x_wconf 63' lang='lat' dir='ltr'>quae</span> <span class='ocrx_word' id='word_1_157' title='bbox 1655 2000 1722 2054; x_wconf 88' lang='lat' dir='ltr'>ad</span> <span class='ocrx_word' id='word_1_158' title='bbox 1761 2014 2034 2053; x_wconf 82' lang='lat' dir='ltr'>coronam</span> <span class='ocrx_word' id='word_1_159' title='bbox 2065 2014 2178 2051; x_wconf 89' lang='lat' dir='ltr'>non</span> 
     </span>
    </p>
   </div>
   <div class='ocr_carea' id='block_1_23' title="bbox 555 2092 2176 2164">
    <p class='ocr_par' dir='ltr' id='par_1_23' title="bbox 555 2092 2176 2164">
     <span class='ocr_line' id='line_1_24' title="bbox 555 2092 2176 2164; baseline -0.001 -18"><span class='ocrx_word' id='word_1_160' title='bbox 555 2094 714 2147; x_wconf 78' lang='lat' dir='ltr'>facile</span> <span class='ocrx_word' id='word_1_161' title='bbox 745 2093 1049 2159; x_wconf 77' lang='lat' dir='ltr'>dimittant,</span> <span class='ocrx_word' id='word_1_162' title='bbox 1079 2095 1174 2149; x_wconf 91' lang='lat' dir='ltr'>sed</span> <span class='ocrx_word' id='word_1_163' title='bbox 1203 2095 1419 2149; x_wconf 87' lang='lat' dir='ltr'>tamdiu</span> <span class='ocrx_word' id='word_1_164' title='bbox 1449 2096 1750 2164; x_wconf 84' lang='lat' dir='ltr'>torqueant</span> <span class='ocrx_word' id='word_1_165' title='bbox 1777 2092 2048 2163; x_wconf 87' lang='lat' dir='ltr'>quamdiu</span> <span class='ocrx_word' id='word_1_166' title='bbox 2081 2092 2176 2146; x_wconf 91' lang='lat' dir='ltr'>de-</span> 
     </span>
    </p>
   </div>
   <div class='ocr_carea' id='block_1_24' title="bbox 545 2185 2175 2259">
    <p class='ocr_par' dir='ltr' id='par_1_24' title="bbox 545 2185 2175 2259">
     <span class='ocr_line' id='line_1_25' title="bbox 545 2185 2175 2259; baseline 0 -19"><span class='ocrx_word' id='word_1_167' title='bbox 545 2187 781 2256; x_wconf 88' lang='lat' dir='ltr'>jiciant;</span> <span class='ocrx_word' id='word_1_168' title='bbox 829 2187 935 2241; x_wconf 90' lang='lat' dir='ltr'>nisi</span> <span class='ocrx_word' id='word_1_169' title='bbox 979 2188 1022 2241; x_wconf 90' lang='lat' dir='ltr'>si</span> <span class='ocrx_word' id='word_1_170' title='bbox 1069 2188 1289 2259; x_wconf 88' lang='lat' dir='ltr'>aliquis,</span> <span class='ocrx_word' id='word_1_171' title='bbox 1332 2188 1521 2242; x_wconf 91' lang='lat' dir='ltr'>divina</span> <span class='ocrx_word' id='word_1_172' title='bbox 1564 2187 1890 2257; x_wconf 83' lang='lat' dir='ltr'>dignatione</span> <span class='ocrx_word' id='word_1_173' title='bbox 1928 2185 2175 2240; x_wconf 88' lang='lat' dir='ltr'>subtrac-</span> 
     </span>
    </p>
   </div>
   <div class='ocr_carea' id='block_1_25' title="bbox 553 2280 2180 2352">
    <p class='ocr_par' dir='ltr' id='par_1_25' title="bbox 553 2280 2180 2352">
     <span class='ocr_line' id='line_1_26' title="bbox 553 2280 2180 2352; baseline 0 -18"><span class='ocrx_word' id='word_1_174' title='bbox 553 2287 664 2347; x_wconf 85' lang='lat' dir='ltr'>tus,</span> <span class='ocrx_word' id='word_1_175' title='bbox 695 2281 980 2352; x_wconf 89' lang='lat' dir='ltr'>interipsa</span> <span class='ocrx_word' id='word_1_176' title='bbox 1011 2282 1388 2336; x_wconf 85' lang='lat' dir='ltr'>cruciamenta</span> <span class='ocrx_word' id='word_1_177' title='bbox 1420 2282 1781 2352; x_wconf 70' lang='lat' dir='ltr'>profecerit‘,</span> <span class='ocrx_word' id='word_1_178' title='bbox 1802 2281 2042 2350; x_wconf 87' lang='lat' dir='ltr'>adeptus</span> <span class='ocrx_word' id='word_1_179' title='bbox 2064 2280 2180 2350; x_wconf 86' lang='lat' dir='ltr'>glo-</span> 
     </span>
    </p>
   </div>
   <div class='ocr_carea' id='block_1_26' title="bbox 552 2373 2176 2446">
    <p class='ocr_par' dir='ltr' id='par_1_26' title="bbox 552 2373 2176 2446">
     <span class='ocr_line' id='line_1_27' title="bbox 552 2373 2176 2446; baseline 0 -18"><span class='ocrx_word' id='word_1_180' title='bbox 552 2374 696 2429; x_wconf 83' lang='lat' dir='ltr'>riam</span> <span class='ocrx_word' id='word_1_181' title='bbox 719 2391 835 2429; x_wconf 93' lang='lat' dir='ltr'>non</span> <span class='ocrx_word' id='word_1_182' title='bbox 858 2375 1104 2429; x_wconf 86' lang='lat' dir='ltr'>termino</span> <span class='ocrx_word' id='word_1_183' title='bbox 1132 2376 1411 2446; x_wconf 80' lang='lat' dir='ltr'>supplicii,</span> <span class='ocrx_word' id='word_1_184' title='bbox 1433 2376 1532 2430; x_wconf 90' lang='lat' dir='ltr'>sed</span> <span class='ocrx_word' id='word_1_185' title='bbox 1559 2375 1852 2430; x_wconf 89' lang='lat' dir='ltr'>velocitate</span> <span class='ocrx_word' id='word_1_186' title='bbox 1874 2373 2176 2428; x_wconf 87' lang='lat' dir='ltr'>moriendi.</span> 
     </span>
    </p>
   </div>
   <div class='ocr_carea' id='block_1_27' title="bbox 621 2467 2179 2540">
    <p class='ocr_par' dir='ltr' id='par_1_27' title="bbox 621 2467 2179 2540">
     <span class='ocr_line' id='line_1_28' title="bbox 621 2467 2179 2540; baseline -0.002 -18"><span class='ocrx_word' id='word_1_187' title='bbox 621 2471 687 2525; x_wconf 92' lang='lat' dir='ltr'>Il.</span> <span class='ocrx_word' id='word_1_188' title='bbox 727 2471 853 2523; x_wconf 66' lang='lat' dir='ltr'>Haec</span> <span class='ocrx_word' id='word_1_189' title='bbox 899 2469 1145 2540; x_wconf 87' lang='lat' dir='ltr'>patimur</span> <span class='ocrx_word' id='word_1_190' title='bbox 1188 2469 1392 2524; x_wconf 90' lang='lat' dir='ltr'>delicto</span> <span class='ocrx_word' id='word_1_191' title='bbox 1437 2475 1493 2524; x_wconf 90' lang='lat' dir='ltr'>et</span> <span class='ocrx_word' id='word_1_192' title='bbox 1529 2469 1736 2524; x_wconf 88' lang='lat' dir='ltr'>merito</span> <span class='ocrx_word' id='word_1_193' title='bbox 1781 2473 1994 2533; x_wconf 88' lang='lat' dir='ltr'>nostro,</span> <span class='ocrx_word' id='word_1_194' title='bbox 2022 2467 2179 2538; x_wconf 57' lang='lat' dir='ltr'>fsicut</span> 
     </span>
    </p>
   </div>
   <div class='ocr_carea' id='block_1_28' title="bbox 552 2562 2178 2632">
    <p class='ocr_par' dir='ltr' id='par_1_28' title="bbox 552 2562 2178 2632">
     <span class='ocr_line' id='line_1_29' title="bbox 552 2562 2178 2632; baseline -0.001 -18"><span class='ocrx_word' id='word_1_195' title='bbox 552 2562 897 2632; x_wconf 62' lang='lat' dir='ltr'>praemonuit</span> <span class='ocrx_word' id='word_1_196' title='bbox 925 2562 1115 2616; x_wconf 88' lang='lat' dir='ltr'>divina</span> <span class='ocrx_word' id='word_1_197' title='bbox 1141 2579 1380 2616; x_wconf 89' lang='lat' dir='ltr'>censura</span> <span class='ocrx_word' id='word_1_198' title='bbox 1411 2563 1604 2618; x_wconf 90' lang='lat' dir='ltr'>dicens</span> <span class='ocrx_word' id='word_1_199' title='bbox 1632 2581 1644 2617; x_wconf 90' lang='lat'><strong>:</strong></span> <span class='ocrx_word' id='word_1_200' title='bbox 1693 2563 1755 2617; x_wconf 91' lang='lat' dir='ltr'>Si</span> <span class='ocrx_word' id='word_1_201' title='bbox 1789 2562 2178 2630; x_wconf 86' lang='lat' dir='ltr'>dereliquerint</span> 
     </span>
    </p>
   </div>
   <div class='ocr_carea' id='block_1_29' title="bbox 554 2656 2174 2726">
    <p class='ocr_par' dir='ltr' id='par_1_29' title="bbox 554 2656 2174 2726">
     <span class='ocr_line' id='line_1_30' title="bbox 554 2656 2174 2726; baseline -0.002 -17"><span class='ocrx_word' id='word_1_202' title='bbox 554 2656 720 2726; x_wconf 88' lang='lat' dir='ltr'>legem</span> <span class='ocrx_word' id='word_1_203' title='bbox 746 2670 920 2711; x_wconf 86' lang='lat' dir='ltr'>meam</span> <span class='ocrx_word' id='word_1_204' title='bbox 951 2663 999 2710; x_wconf 87' lang='lat' dir='ltr'>et</span> <span class='ocrx_word' id='word_1_205' title='bbox 1025 2659 1082 2710; x_wconf 86' lang='lat' dir='ltr'>in</span> <span class='ocrx_word' id='word_1_206' title='bbox 1118 2656 1346 2724; x_wconf 80' lang='lat' dir='ltr'>judiciis</span> <span class='ocrx_word' id='word_1_207' title='bbox 1380 2659 1510 2711; x_wconf 88' lang='lat' dir='ltr'>meis</span> <span class='ocrx_word' id='word_1_208' title='bbox 1538 2657 1580 2724; x_wconf 71' lang='grc'>⁵³,</span> <span class='ocrx_word' id='word_1_209' title='bbox 1614 2672 1723 2710; x_wconf 85' lang='grc' dir='ltr'>ηοη</span> <span class='ocrx_word' id='word_1_210' title='bbox 1757 2657 2174 2722; x_wconf 76' lang='lat' dir='ltr'>ambulaverint,</span> 
     </span>
    </p>
   </div>
   <div class='ocr_carea' id='block_1_30' title="bbox 549 2752 2175 2820">
    <p class='ocr_par' dir='ltr' id='par_1_30' title="bbox 549 2752 2175 2820">
     <span class='ocr_line' id='line_1_31' title="bbox 549 2752 2175 2820; baseline -0.004 -13"><span class='ocrx_word' id='word_1_211' title='bbox 549 2756 597 2808; x_wconf 88' lang='lat' dir='ltr'>si</span> <span class='ocrx_word' id='word_1_212' title='bbox 613 2753 1029 2819; x_wconf 80' lang='lat' dir='ltr'>jnstiﬂcationes</span> <span class='ocrx_word' id='word_1_213' title='bbox 1054 2766 1201 2804; x_wconf 89' lang='lat' dir='ltr'>meas</span> <span class='ocrx_word' id='word_1_214' title='bbox 1237 2752 1659 2820; x_wconf 82' lang='lat' dir='ltr'>profanaverint</span> <span class='ocrx_word' id='word_1_215' title='bbox 1687 2757 1738 2804; x_wconf 88' lang='lat' dir='ltr'>et</span> <span class='ocrx_word' id='word_1_216' title='bbox 1762 2754 2030 2819; x_wconf 59' lang='lat' dir='ltr'>pracepta</span> <span class='ocrx_word' id='word_1_217' title='bbox 2058 2763 2175 2802; x_wconf 85' lang='lat' dir='ltr'>mea</span> 
     </span>
    </p>
   </div>
   <div class='ocr_carea' id='block_1_31' title="bbox 550 2844 2177 2912">
    <p class='ocr_par' dir='ltr' id='par_1_31' title="bbox 550 2844 2177 2912">
     <span class='ocr_line' id='line_1_32' title="bbox 550 2844 2177 2912; baseline -0.003 -13"><span class='ocrx_word' id='word_1_218' title='bbox 550 2861 658 2900; x_wconf 88' lang='lat' dir='ltr'>non</span> <span class='ocrx_word' id='word_1_219' title='bbox 709 2847 1124 2905; x_wconf 66' lang='lat' dir='ltr'>observaverint,</span> <span class='ocrx_word' id='word_1_220' title='bbox 1163 2844 1391 2898; x_wconf 78' lang='lat' dir='ltr'>visitabo</span> <span class='ocrx_word' id='word_1_221' title='bbox 1424 2846 1484 2898; x_wconf 87' lang='lat' dir='ltr'>in</span> <span class='ocrx_word' id='word_1_222' title='bbox 1517 2846 1675 2912; x_wconf 86' lang='lat' dir='ltr'>virga</span> <span class='ocrx_word' id='word_1_223' title='bbox 1713 2845 1962 2911; x_wconf 81' lang='lat' dir='ltr'>facinora</span> <span class='ocrx_word' id='word_1_224' title='bbox 1997 2857 2177 2896; x_wconf 84' lang='lat' dir='ltr'>eorum</span> 
     </span>
    </p>
   </div>
   <div class='ocr_carea' id='block_1_32' title="bbox 548 2938 2170 3006">
    <p class='ocr_par' dir='ltr' id='par_1_32' title="bbox 548 2938 2170 3006">
     <span class='ocr_line' id='line_1_33' title="bbox 548 2938 2170 3006; baseline -0.001 -13"><span class='ocrx_word' id='word_1_225' title='bbox 548 2945 599 2993; x_wconf 87' lang='lat' dir='ltr'>et</span> <span class='ocrx_word' id='word_1_226' title='bbox 640 2941 700 2992; x_wconf 88' lang='lat' dir='ltr'>in</span> <span class='ocrx_word' id='word_1_227' title='bbox 737 2939 969 3006; x_wconf 83' lang='lat' dir='ltr'>ﬂagellis</span> <span class='ocrx_word' id='word_1_228' title='bbox 1016 2938 1216 2992; x_wconf 86' lang='lat' dir='ltr'>delicta</span> <span class='ocrx_word' id='word_1_229' title='bbox 1263 2954 1439 2992; x_wconf 86' lang='lat' dir='ltr'>eorum</span> <span class='ocrx_word' id='word_1_230' title='bbox 1494 2938 1663 3005; x_wconf 91' lang='lat' dir='ltr'>(Psal.</span> <span class='ocrx_word' id='word_1_231' title='bbox 1710 2953 1928 2998; x_wconf 85' lang='lat' dir='ltr'>Lxxxm,</span> <span class='ocrx_word' id='word_1_232' title='bbox 1965 2938 2170 3006; x_wconf 85' lang='lat'>31-33).</span> 
     </span>
    </p>
   </div>
   <div class='ocr_carea' id='block_1_33' title="bbox 551 3030 2170 3102">
    <p class='ocr_par' dir='ltr' id='par_1_33' title="bbox 551 3030 2170 3102">
     <span class='ocr_line' id='line_1_34' title="bbox 551 3030 2170 3102; baseline 0 -18"><span class='ocrx_word' id='word_1_233' title='bbox 551 3034 749 3102; x_wconf 87' lang='lat' dir='ltr'>Virgas</span> <span class='ocrx_word' id='word_1_234' title='bbox 775 3031 953 3101; x_wconf 82' lang='lat' dir='ltr'>igitur</span> <span class='ocrx_word' id='word_1_235' title='bbox 981 3034 1037 3084; x_wconf 91' lang='lat' dir='ltr'>et</span> <span class='ocrx_word' id='word_1_236' title='bbox 1065 3030 1289 3101; x_wconf 81' lang='lat' dir='ltr'>flagella</span> <span class='ocrx_word' id='word_1_237' title='bbox 1317 3031 1617 3097; x_wconf 90' lang='lat' dir='ltr'>sentimus,</span> <span class='ocrx_word' id='word_1_238' title='bbox 1646 3030 1742 3101; x_wconf 88' lang='lat' dir='ltr'>qui</span> <span class='ocrx_word' id='word_1_239' title='bbox 1784 3033 1894 3084; x_wconf 92' lang='lat' dir='ltr'>Deo</span> <span class='ocrx_word' id='word_1_240' title='bbox 1935 3047 2039 3084; x_wconf 90' lang='lat' dir='ltr'>nec</span> <span class='ocrx_word' id='word_1_241' title='bbox 2068 3030 2170 3084; x_wconf 90' lang='lat' dir='ltr'>b0-</span> 
     </span>
    </p>
   </div>
   <div class='ocr_carea' id='block_1_34' title="bbox 2285 498 3910 568">
    <p class='ocr_par' dir='ltr' id='par_1_34' title="bbox 2285 498 3910 568">
     <span class='ocr_line' id='line_1_35' title="bbox 2285 498 3910 568; baseline 0.005 -21"><span class='ocrx_word' id='word_1_242' title='bbox 2285 498 2424 561; x_wconf 85' lang='lat' dir='ltr'>facit</span> <span class='ocrx_word' id='word_1_243' title='bbox 2450 499 2729 552; x_wconf 83' lang='lat' dir='ltr'>unanimes</span> <span class='ocrx_word' id='word_1_244' title='bbox 2769 500 2826 551; x_wconf 87' lang='lat' dir='ltr'>in</span> <span class='ocrx_word' id='word_1_245' title='bbox 2863 499 3016 552; x_wconf 88' lang='lat' dir='ltr'>domo</span> <span class='ocrx_word' id='word_1_246' title='bbox 3054 499 3226 568; x_wconf 89' lang='lat' dir='ltr'>(Psal.</span> <span class='ocrx_word' id='word_1_247' title='bbox 3271 514 3428 566; x_wconf 89' lang='lat' dir='ltr'>van,</span> <span class='ocrx_word' id='word_1_248' title='bbox 3459 499 3537 567; x_wconf 84' lang='lat'>7),</span> <span class='ocrx_word' id='word_1_249' title='bbox 3567 504 3624 554; x_wconf 91' lang='lat' dir='ltr'>et</span> <span class='ocrx_word' id='word_1_250' title='bbox 3666 500 3721 553; x_wconf 91' lang='lat' dir='ltr'>in</span> <span class='ocrx_word' id='word_1_251' title='bbox 3759 502 3910 555; x_wconf 81' lang='lat' dir='ltr'>Actis</span> 
     </span>
    </p>
   </div>
   <div class='ocr_carea' id='block_1_35' title="bbox 2284 589 3908 662">
    <p class='ocr_par' dir='ltr' id='par_1_35' title="bbox 2284 589 3908 662">
     <span class='ocr_line' id='line_1_36' title="bbox 2284 589 3908 662; baseline 0.004 -20"><span class='ocrx_word' id='word_1_252' title='bbox 2284 589 2671 659; x_wconf 87' lang='lat' dir='ltr'>apostolorum</span> <span class='ocrx_word' id='word_1_253' title='bbox 2702 591 2976 662; x_wconf 87' lang='lat' dir='ltr'>legamus,</span> <span class='ocrx_word' id='word_1_254' title='bbox 3015 593 3194 647; x_wconf 87' lang='lat' dir='ltr'>Turba</span> <span class='ocrx_word' id='word_1_255' title='bbox 3234 599 3415 646; x_wconf 80' lang='lat' dir='ltr'>aath</span> <span class='ocrx_word' id='word_1_256' title='bbox 3450 608 3630 646; x_wconf 86' lang='lat' dir='ltr'>eorum</span> <span class='ocrx_word' id='word_1_257' title='bbox 3661 597 3756 662; x_wconf 85' lang='lat' dir='ltr'>qui</span> <span class='ocrx_word' id='word_1_258' title='bbox 3795 611 3908 649; x_wconf 84' lang='lat' dir='ltr'>cre-</span> 
     </span>
    </p>
   </div>
   <div class='ocr_carea' id='block_1_36' title="bbox 2284 685 3902 757">
    <p class='ocr_par' dir='ltr' id='par_1_36' title="bbox 2284 685 3902 757">
     <span class='ocr_line' id='line_1_37' title="bbox 2284 685 3902 757; baseline 0.004 -20"><span class='ocrx_word' id='word_1_259' title='bbox 2284 685 2539 739; x_wconf 81' lang='lat' dir='ltr'>diderant</span> <span class='ocrx_word' id='word_1_260' title='bbox 2565 688 2751 740; x_wconf 86' lang='lat' dir='ltr'>anima</span> <span class='ocrx_word' id='word_1_261' title='bbox 2775 703 2836 740; x_wconf 91' lang='lat' dir='ltr'>ac</span> <span class='ocrx_word' id='word_1_262' title='bbox 2864 693 3039 741; x_wconf 84' lang='lat' dir='ltr'>mente</span> <span class='ocrx_word' id='word_1_263' title='bbox 3073 703 3183 740; x_wconf 84' lang='lat' dir='ltr'>una</span> <span class='ocrx_word' id='word_1_264' title='bbox 3216 687 3452 755; x_wconf 84' lang='lat' dir='ltr'>agebant</span> <span class='ocrx_word' id='word_1_265' title='bbox 3484 687 3644 755; x_wconf 86' lang='lat' dir='ltr'>(Act.,</span> <span class='ocrx_word' id='word_1_266' title='bbox 3678 705 3750 754; x_wconf 74' lang='grc' dir='ltr'>ιν,</span> <span class='ocrx_word' id='word_1_267' title='bbox 3781 690 3902 757; x_wconf 80' lang='lat'>32);</span> 
     </span>
    </p>
   </div>
   <div class='ocr_carea' id='block_1_37' title="bbox 2285 779 3908 838">
    <p class='ocr_par' dir='ltr' id='par_1_37' title="bbox 2285 779 3908 838">
     <span class='ocr_line' id='line_1_38' title="bbox 2285 779 3908 838; baseline 0.003 -5"><span class='ocrx_word' id='word_1_268' title='bbox 2285 786 2339 833; x_wconf 89' lang='lat' dir='ltr'>et</span> <span class='ocrx_word' id='word_1_269' title='bbox 2385 781 2653 834; x_wconf 89' lang='lat' dir='ltr'>Dominus</span> <span class='ocrx_word' id='word_1_270' title='bbox 2689 797 2786 833; x_wconf 92' lang='lat' dir='ltr'>sua</span> <span class='ocrx_word' id='word_1_271' title='bbox 2823 797 2959 835; x_wconf 87' lang='lat' dir='ltr'>voce</span> <span class='ocrx_word' id='word_1_272' title='bbox 2998 779 3360 834; x_wconf 87' lang='lat' dir='ltr'>mandaverit</span> <span class='ocrx_word' id='word_1_273' title='bbox 3396 780 3628 835; x_wconf 89' lang='lat' dir='ltr'>dicens:</span> <span class='ocrx_word' id='word_1_274' title='bbox 3673 783 3783 837; x_wconf 88' lang='lat' dir='ltr'>Hoc</span> <span class='ocrx_word' id='word_1_275' title='bbox 3831 789 3908 838; x_wconf 86' lang='lat' dir='ltr'>est</span> 
     </span>
    </p>
   </div>
   <div class='ocr_carea' id='block_1_38' title="bbox 2282 875 3904 946">
    <p class='ocr_par' dir='ltr' id='par_1_38' title="bbox 2282 875 3904 946">
     <span class='ocr_line' id='line_1_39' title="bbox 2282 875 3904 946; baseline 0.001 -19"><span class='ocrx_word' id='word_1_276' title='bbox 2282 875 2607 928; x_wconf 88' lang='lat' dir='ltr'>mandatum</span> <span class='ocrx_word' id='word_1_277' title='bbox 2659 891 2853 936; x_wconf 88' lang='lat' dir='ltr'>meum,</span> <span class='ocrx_word' id='word_1_278' title='bbox 2897 880 2957 928; x_wconf 88' lang='lat' dir='ltr'>ut</span> <span class='ocrx_word' id='word_1_279' title='bbox 3003 875 3254 943; x_wconf 86' lang='lat' dir='ltr'>diligatis</span> <span class='ocrx_word' id='word_1_280' title='bbox 3300 876 3528 929; x_wconf 87' lang='lat' dir='ltr'>invicem</span> <span class='ocrx_word' id='word_1_281' title='bbox 3576 876 3778 946; x_wconf 84' lang='lat' dir='ltr'>(Joan.,</span> <span class='ocrx_word' id='word_1_282' title='bbox 3813 894 3904 940; x_wconf 88' lang='lat' dir='ltr'>xv,</span> 
     </span>
    </p>
   </div>
   <div class='ocr_carea' id='block_1_39' title="bbox 2288 968 3904 1038">
    <p class='ocr_par' dir='ltr' id='par_1_39' title="bbox 2288 968 3904 1038">
     <span class='ocr_line' id='line_1_40' title="bbox 2288 968 3904 1038; baseline 0.002 -16"><span class='ocrx_word' id='word_1_283' title='bbox 2288 972 2408 1038; x_wconf 85' lang='lat'>17);</span> <span class='ocrx_word' id='word_1_284' title='bbox 2443 972 2500 1022; x_wconf 87' lang='lat' dir='ltr'>et</span> <span class='ocrx_word' id='word_1_285' title='bbox 2528 968 2738 1022; x_wconf 85' lang='lat' dir='ltr'>iterum</span> <span class='ocrx_word' id='word_1_286' title='bbox 2776 988 2787 1022; x_wconf 91' lang='lat'><strong><em>:</em></strong></span> <span class='ocrx_word' id='word_1_287' title='bbox 2829 971 2956 1023; x_wconf 85' lang='lat' dir='ltr'>Dico</span> <span class='ocrx_word' id='word_1_288' title='bbox 3001 975 3182 1024; x_wconf 84' lang='lat' dir='ltr'>autem</span> <span class='ocrx_word' id='word_1_289' title='bbox 3211 969 3359 1023; x_wconf 87' lang='lat' dir='ltr'>vobis</span> <span class='ocrx_word' id='word_1_290' title='bbox 3399 971 3672 1038; x_wconf 87' lang='lat' dir='ltr'>quoniam,</span> <span class='ocrx_word' id='word_1_291' title='bbox 3699 973 3749 1025; x_wconf 90' lang='lat' dir='ltr'>si</span> <span class='ocrx_word' id='word_1_292' title='bbox 3773 971 3904 1025; x_wconf 87' lang='lat' dir='ltr'>duo-</span> 
     </span>
    </p>
   </div>
   <div class='ocr_carea' id='block_1_40' title="bbox 2285 1063 3906 1134">
    <p class='ocr_par' dir='ltr' id='par_1_40' title="bbox 2285 1063 3906 1134">
     <span class='ocr_line' id='line_1_41' title="bbox 2285 1063 3906 1134; baseline 0.002 -19"><span class='ocrx_word' id='word_1_293' title='bbox 2285 1064 2377 1117; x_wconf 85' lang='lat' dir='ltr'>bus</span> <span class='ocrx_word' id='word_1_294' title='bbox 2407 1079 2473 1117; x_wconf 81' lang='lat' dir='ltr'>ea:</span> <span class='ocrx_word' id='word_1_295' title='bbox 2499 1063 2646 1118; x_wconf 84' lang='lat' dir='ltr'>vobis</span> <span class='ocrx_word' id='word_1_296' title='bbox 2674 1065 2975 1118; x_wconf 83' lang='lat' dir='ltr'>convenerit</span> <span class='ocrx_word' id='word_1_297' title='bbox 2997 1064 3018 1097; x_wconf 80' lang='grc'><strong>⁶</strong></span> <span class='ocrx_word' id='word_1_298' title='bbox 3048 1067 3104 1117; x_wconf 89' lang='lat' dir='ltr'>in</span> <span class='ocrx_word' id='word_1_299' title='bbox 3146 1070 3310 1125; x_wconf 79' lang='lat' dir='ltr'>terra,</span> <span class='ocrx_word' id='word_1_300' title='bbox 3341 1063 3405 1117; x_wconf 87' lang='lat' dir='ltr'>de</span> <span class='ocrx_word' id='word_1_301' title='bbox 3443 1066 3590 1117; x_wconf 83' lang='lat' dir='ltr'>omni</span> <span class='ocrx_word' id='word_1_302' title='bbox 3622 1079 3681 1117; x_wconf 85' lang='lat' dir='ltr'>re</span> <span class='ocrx_word' id='word_1_303' title='bbox 3720 1081 3906 1134; x_wconf 88' lang='lat' dir='ltr'>quam-</span> 
     </span>
    </p>
   </div>
   <div class='ocr_carea' id='block_1_41' title="bbox 2281 1158 3905 1227">
    <p class='ocr_par' dir='ltr' id='par_1_41' title="bbox 2281 1158 3905 1227">
     <span class='ocr_line' id='line_1_42' title="bbox 2281 1158 3905 1227; baseline 0.001 -16"><span class='ocrx_word' id='word_1_304' title='bbox 2281 1173 2501 1226; x_wconf 86' lang='lat' dir='ltr'>cnmqae</span> <span class='ocrx_word' id='word_1_305' title='bbox 2520 1161 2791 1226; x_wconf 83' lang='lat' dir='ltr'>petieritis</span> <span class='ocrx_word' id='word_1_306' title='bbox 2817 1160 3087 1227; x_wconf 85' lang='lat' dir='ltr'>continget</span> <span class='ocrx_word' id='word_1_307' title='bbox 3116 1158 3261 1212; x_wconf 82' lang='lat' dir='ltr'>vobis</span> <span class='ocrx_word' id='word_1_308' title='bbox 3299 1174 3332 1210; x_wconf 79' lang='grc' dir='ltr'>(ι</span> <span class='ocrx_word' id='word_1_309' title='bbox 3375 1159 3536 1212; x_wconf 84' lang='lat' dir='ltr'>Patre</span> <span class='ocrx_word' id='word_1_310' title='bbox 3571 1173 3684 1212; x_wconf 90' lang='lat' dir='ltr'>meo</span> <span class='ocrx_word' id='word_1_311' title='bbox 3717 1161 3815 1227; x_wconf 88' lang='lat' dir='ltr'>qui</span> <span class='ocrx_word' id='word_1_312' title='bbox 3848 1161 3905 1212; x_wconf 85' lang='lat' dir='ltr'>in</span> 
     </span>
    </p>
   </div>
   <div class='ocr_carea' id='block_1_42' title="bbox 2281 1250 3904 1322">
    <p class='ocr_par' dir='ltr' id='par_1_42' title="bbox 2281 1250 3904 1322">
     <span class='ocr_line' id='line_1_43' title="bbox 2281 1250 3904 1322; baseline 0 -18"><span class='ocrx_word' id='word_1_313' title='bbox 2281 1252 2420 1305; x_wconf 67' lang='lat' dir='ltr'>coelis</span> <span class='ocrx_word' id='word_1_314' title='bbox 2457 1257 2530 1306; x_wconf 86' lang='lat' dir='ltr'>est</span> <span class='ocrx_word' id='word_1_315' title='bbox 2563 1253 2799 1314; x_wconf 56' lang='lat' dir='ltr'>(Mutila,</span> <span class='ocrx_word' id='word_1_316' title='bbox 2832 1268 2987 1318; x_wconf 86' lang='lat' dir='ltr'>xvm,</span> <span class='ocrx_word' id='word_1_317' title='bbox 3024 1254 3125 1322; x_wconf 84' lang='lat'>19).</span> <span class='ocrx_word' id='word_1_318' title='bbox 3158 1250 3318 1314; x_wconf 89' lang='lat' dir='ltr'>Quod</span> <span class='ocrx_word' id='word_1_319' title='bbox 3363 1251 3407 1304; x_wconf 91' lang='lat' dir='ltr'>si</span> <span class='ocrx_word' id='word_1_320' title='bbox 3447 1252 3556 1304; x_wconf 91' lang='lat' dir='ltr'>duo</span> <span class='ocrx_word' id='word_1_321' title='bbox 3606 1251 3904 1305; x_wconf 88' lang='lat' dir='ltr'>unanimes</span> 
     </span>
    </p>
   </div>
   <div class='ocr_carea' id='block_1_43' title="bbox 2284 1345 3903 1416">
    <p class='ocr_par' dir='ltr' id='par_1_43' title="bbox 2284 1345 3903 1416">
     <span class='ocr_line' id='line_1_44' title="bbox 2284 1345 3903 1416; baseline 0.001 -19"><span class='ocrx_word' id='word_1_322' title='bbox 2284 1351 2505 1398; x_wconf 88' lang='lat' dir='ltr'>tantum</span> <span class='ocrx_word' id='word_1_323' title='bbox 2548 1349 2805 1415; x_wconf 86' lang='lat' dir='ltr'>possunt,</span> <span class='ocrx_word' id='word_1_324' title='bbox 2835 1345 2971 1416; x_wconf 92' lang='lat' dir='ltr'>quid</span> <span class='ocrx_word' id='word_1_325' title='bbox 3024 1345 3069 1398; x_wconf 91' lang='lat' dir='ltr'>si</span> <span class='ocrx_word' id='word_1_326' title='bbox 3116 1345 3458 1399; x_wconf 88' lang='lat' dir='ltr'>unanimitas</span> <span class='ocrx_word' id='word_1_327' title='bbox 3500 1345 3651 1416; x_wconf 88' lang='lat' dir='ltr'>apud</span> <span class='ocrx_word' id='word_1_328' title='bbox 3708 1361 3903 1399; x_wconf 90' lang='lat' dir='ltr'>omnes</span> 
     </span>
    </p>
   </div>
   <div class='ocr_carea' id='block_1_44' title="bbox 2280 1437 3901 1510">
    <p class='ocr_par' dir='ltr' id='par_1_44' title="bbox 2280 1437 3901 1510">
     <span class='ocr_line' id='line_1_45' title="bbox 2280 1437 3901 1510; baseline -0.002 -17"><span class='ocrx_word' id='word_1_329' title='bbox 2280 1439 2458 1493; x_wconf 84' lang='lat' dir='ltr'>esset?</span> <span class='ocrx_word' id='word_1_330' title='bbox 2507 1437 2671 1502; x_wconf 89' lang='lat' dir='ltr'>Quod</span> <span class='ocrx_word' id='word_1_331' title='bbox 2714 1439 2760 1492; x_wconf 89' lang='lat' dir='ltr'>si</span> <span class='ocrx_word' id='word_1_332' title='bbox 2801 1439 3112 1493; x_wconf 90' lang='lat' dir='ltr'>secundum</span> <span class='ocrx_word' id='word_1_333' title='bbox 3153 1455 3351 1509; x_wconf 87' lang='lat' dir='ltr'>pacem</span> <span class='ocrx_word' id='word_1_334' title='bbox 3390 1455 3563 1510; x_wconf 90' lang='lat' dir='ltr'>quam</span> <span class='ocrx_word' id='word_1_335' title='bbox 3595 1439 3760 1493; x_wconf 90' lang='lat' dir='ltr'>nobis</span> <span class='ocrx_word' id='word_1_336' title='bbox 3799 1439 3901 1491; x_wconf 89' lang='lat' dir='ltr'>Do-</span> 
     </span>
    </p>
   </div>
   <div class='ocr_carea' id='block_1_45' title="bbox 2281 1531 3900 1603">
    <p class='ocr_par' dir='ltr' id='par_1_45' title="bbox 2281 1531 3900 1603">
     <span class='ocr_line' id='line_1_46' title="bbox 2281 1531 3900 1603; baseline -0.001 -17"><span class='ocrx_word' id='word_1_337' title='bbox 2281 1533 2467 1586; x_wconf 88' lang='lat' dir='ltr'>minus</span> <span class='ocrx_word' id='word_1_338' title='bbox 2498 1533 2653 1587; x_wconf 89' lang='lat' dir='ltr'>dedit</span> <span class='ocrx_word' id='word_1_339' title='bbox 2685 1532 2953 1588; x_wconf 86' lang='lat' dir='ltr'>universis</span> <span class='ocrx_word' id='word_1_340' title='bbox 2976 1533 3243 1586; x_wconf 88' lang='lat' dir='ltr'>fratribus</span> <span class='ocrx_word' id='word_1_341' title='bbox 3283 1532 3630 1600; x_wconf 89' lang='lat' dir='ltr'>conveniret,</span> <span class='ocrx_word' id='word_1_342' title='bbox 3653 1531 3900 1603; x_wconf 80' lang='lat' dir='ltr'>jampri-</span> 
     </span>
    </p>
   </div>
   <div class='ocr_carea' id='block_1_46' title="bbox 2281 1625 3900 1696">
    <p class='ocr_par' dir='ltr' id='par_1_46' title="bbox 2281 1625 3900 1696">
     <span class='ocr_line' id='line_1_47' title="bbox 2281 1625 3900 1696; baseline 0 -17"><span class='ocrx_word' id='word_1_343' title='bbox 2281 1627 2409 1680; x_wconf 84' lang='lat' dir='ltr'>dem</span> <span class='ocrx_word' id='word_1_344' title='bbox 2458 1627 2527 1680; x_wconf 91' lang='lat' dir='ltr'>de</span> <span class='ocrx_word' id='word_1_345' title='bbox 2571 1626 2764 1681; x_wconf 86' lang='lat' dir='ltr'>divina</span> <span class='ocrx_word' id='word_1_346' title='bbox 2809 1626 3195 1681; x_wconf 86' lang='lat' dir='ltr'>misericordia</span> <span class='ocrx_word' id='word_1_347' title='bbox 3234 1626 3701 1696; x_wconf 87' lang='lat' dir='ltr'>impetrassemus</span> <span class='ocrx_word' id='word_1_348' title='bbox 3747 1625 3900 1696; x_wconf 90' lang='lat' dir='ltr'>quod</span> 
     </span>
    </p>
   </div>
   <div class='ocr_carea' id='block_1_47' title="bbox 2281 1719 3901 1789">
    <p class='ocr_par' dir='ltr' id='par_1_47' title="bbox 2281 1719 3901 1789">
     <span class='ocr_line' id='line_1_48' title="bbox 2281 1719 3901 1789; baseline -0.001 -16"><span class='ocrx_word' id='word_1_349' title='bbox 2281 1719 2541 1789; x_wconf 87' lang='lat' dir='ltr'>petimus,</span> <span class='ocrx_word' id='word_1_350' title='bbox 2573 1737 2676 1774; x_wconf 88' lang='lat' dir='ltr'>nec</span> <span class='ocrx_word' id='word_1_351' title='bbox 2707 1721 2925 1774; x_wconf 88' lang='lat' dir='ltr'>tamdiu</span> <span class='ocrx_word' id='word_1_352' title='bbox 2964 1721 3020 1774; x_wconf 91' lang='lat' dir='ltr'>in</span> <span class='ocrx_word' id='word_1_353' title='bbox 3060 1721 3168 1774; x_wconf 92' lang='lat' dir='ltr'>hoc</span> <span class='ocrx_word' id='word_1_354' title='bbox 3212 1720 3404 1775; x_wconf 84' lang='lat' dir='ltr'>salutis</span> <span class='ocrx_word' id='word_1_355' title='bbox 3437 1722 3494 1774; x_wconf 88' lang='lat' dir='ltr'>et</span> <span class='ocrx_word' id='word_1_356' title='bbox 3530 1720 3660 1774; x_wconf 81' lang='lat' dir='ltr'>ﬁdei</span> <span class='ocrx_word' id='word_1_357' title='bbox 3698 1722 3901 1773; x_wconf 68' lang='lat' dir='ltr'>nostra:</span> 
     </span>
    </p>
   </div>
   <div class='ocr_carea' id='block_1_48' title="bbox 2285 1813 3904 1882">
    <p class='ocr_par' dir='ltr' id='par_1_48' title="bbox 2285 1813 3904 1882">
     <span class='ocr_line' id='line_1_49' title="bbox 2285 1813 3904 1882; baseline -0.001 -15"><span class='ocrx_word' id='word_1_358' title='bbox 2285 1814 2529 1882; x_wconf 88' lang='lat' dir='ltr'>periculo</span> <span class='ocrx_word' id='word_1_359' title='bbox 2594 1816 3011 1869; x_wconf 33' lang='lat' dir='ltr'>l’luctuaremus.</span> <span class='ocrx_word' id='word_1_360' title='bbox 3076 1816 3192 1868; x_wconf 84' lang='lat' dir='ltr'>[mo</span> <span class='ocrx_word' id='word_1_361' title='bbox 3246 1831 3400 1880; x_wconf 90' lang='lat' dir='ltr'>vero,</span> <span class='ocrx_word' id='word_1_362' title='bbox 3459 1830 3562 1867; x_wconf 89' lang='lat' dir='ltr'>nec</span> <span class='ocrx_word' id='word_1_363' title='bbox 3615 1813 3904 1867; x_wconf 83' lang='lat' dir='ltr'>venissent</span> 
     </span>
    </p>
   </div>
   <div class='ocr_carea' id='block_1_49' title="bbox 2279 1905 3906 1974">
    <p class='ocr_par' dir='ltr' id='par_1_49' title="bbox 2279 1905 3906 1974">
     <span class='ocr_line' id='line_1_50' title="bbox 2279 1905 3906 1974; baseline -0.001 -13"><span class='ocrx_word' id='word_1_364' title='bbox 2279 1908 2550 1962; x_wconf 82' lang='lat' dir='ltr'>fratribus</span> <span class='ocrx_word' id='word_1_365' title='bbox 2598 1910 2715 1961; x_wconf 64' lang='lat' dir='ltr'>haec</span> <span class='ocrx_word' id='word_1_366' title='bbox 2755 1910 2923 1974; x_wconf 80' lang='lat' dir='ltr'>mala,</span> <span class='ocrx_word' id='word_1_367' title='bbox 2952 1909 2995 1961; x_wconf 92' lang='lat' dir='ltr'>si</span> <span class='ocrx_word' id='word_1_368' title='bbox 3045 1908 3101 1962; x_wconf 91' lang='lat' dir='ltr'>in</span> <span class='ocrx_word' id='word_1_369' title='bbox 3133 1924 3310 1962; x_wconf 88' lang='lat' dir='ltr'>unum</span> <span class='ocrx_word' id='word_1_370' title='bbox 3348 1907 3671 1962; x_wconf 81' lang='lat' dir='ltr'>fraternitas</span> <span class='ocrx_word' id='word_1_371' title='bbox 3711 1905 3906 1960; x_wconf 82' lang='lat' dir='ltr'>fuisset</span> 
     </span>
    </p>
   </div>
   <div class='ocr_carea' id='block_1_50' title="bbox 2279 2002 2549 2055">
    <p class='ocr_par' dir='ltr' id='par_1_50' title="bbox 2279 2002 2549 2055">
     <span class='ocr_line' id='line_1_51' title="bbox 2279 2002 2549 2055; baseline 0.004 -1"><span class='ocrx_word' id='word_1_372' title='bbox 2279 2002 2549 2055; x_wconf 90' lang='lat' dir='ltr'>animata.</span> 
     </span>
    </p>
   </div>
   <div class='ocr_carea' id='block_1_51' title="bbox 2351 2094 3907 2165">
    <p class='ocr_par' dir='ltr' id='par_1_51' title="bbox 2351 2094 3907 2165">
     <span class='ocr_line' id='line_1_52' title="bbox 2351 2094 3907 2165; baseline -0.001 -17"><span class='ocrx_word' id='word_1_373' title='bbox 2351 2097 2434 2150; x_wconf 84' lang='grc' dir='ltr'>ιν.</span> <span class='ocrx_word' id='word_1_374' title='bbox 2489 2097 2622 2149; x_wconf 85' lang='lat' dir='ltr'>Nam</span> <span class='ocrx_word' id='word_1_375' title='bbox 2681 2101 2737 2150; x_wconf 91' lang='lat' dir='ltr'>et</span> <span class='ocrx_word' id='word_1_376' title='bbox 2794 2096 2926 2150; x_wconf 90' lang='lat' dir='ltr'>illud</span> <span class='ocrx_word' id='word_1_377' title='bbox 2981 2101 3270 2150; x_wconf 90' lang='lat' dir='ltr'>ostensum</span> <span class='ocrx_word' id='word_1_378' title='bbox 3327 2100 3429 2161; x_wconf 89' lang='lat' dir='ltr'>est,</span> <span class='ocrx_word' id='word_1_379' title='bbox 3477 2095 3630 2165; x_wconf 90' lang='lat' dir='ltr'>quod</span> <span class='ocrx_word' id='word_1_380' title='bbox 3681 2094 3907 2149; x_wconf 86' lang='lat' dir='ltr'>sederet</span> 
     </span>
    </p>
   </div>
   <div class='ocr_carea' id='block_1_52' title="bbox 2279 2188 3902 2259">
    <p class='ocr_par' dir='ltr' id='par_1_52' title="bbox 2279 2188 3902 2259">
     <span class='ocr_line' id='line_1_53' title="bbox 2279 2188 3902 2259; baseline -0.002 -17"><span class='ocrx_word' id='word_1_381' title='bbox 2279 2189 2707 2259; x_wconf 89' lang='lat' dir='ltr'>paterfamilias,</span> <span class='ocrx_word' id='word_1_382' title='bbox 2765 2189 2994 2243; x_wconf 89' lang='lat' dir='ltr'>sedente</span> <span class='ocrx_word' id='word_1_383' title='bbox 3045 2190 3147 2243; x_wconf 89' lang='lat' dir='ltr'>sibi</span> <span class='ocrx_word' id='word_1_384' title='bbox 3188 2190 3258 2244; x_wconf 87' lang='lat' dir='ltr'>ad</span> <span class='ocrx_word' id='word_1_385' title='bbox 3311 2191 3598 2243; x_wconf 82' lang='lat' dir='ltr'>dexteram</span> <span class='ocrx_word' id='word_1_386' title='bbox 3649 2188 3902 2258; x_wconf 87' lang='lat' dir='ltr'>juvene;</span> 
     </span>
    </p>
   </div>
   <div class='ocr_carea' id='block_1_53' title="bbox 2279 2281 3906 2355">
    <p class='ocr_par' dir='ltr' id='par_1_53' title="bbox 2279 2281 3906 2355">
     <span class='ocr_line' id='line_1_54' title="bbox 2279 2281 3906 2355; baseline 0 -20"><span class='ocrx_word' id='word_1_387' title='bbox 2279 2283 2373 2354; x_wconf 87' lang='lat' dir='ltr'>qui</span> <span class='ocrx_word' id='word_1_388' title='bbox 2400 2282 2643 2352; x_wconf 89' lang='lat' dir='ltr'>juvenis,</span> <span class='ocrx_word' id='word_1_389' title='bbox 2661 2282 2859 2337; x_wconf 85' lang='lat' dir='ltr'>anxius</span> <span class='ocrx_word' id='word_1_390' title='bbox 2877 2289 3076 2338; x_wconf 88' lang='lat' dir='ltr'>etcum</span> <span class='ocrx_word' id='word_1_391' title='bbox 3096 2284 3339 2355; x_wconf 86' lang='lat' dir='ltr'>quadam</span> <span class='ocrx_word' id='word_1_392' title='bbox 3363 2281 3759 2354; x_wconf 85' lang='lat' dir='ltr'>indignatione</span> <span class='ocrx_word' id='word_1_393' title='bbox 3777 2281 3906 2335; x_wconf 88' lang='lat' dir='ltr'>sub-</span> 
     </span>
    </p>
   </div>
   <div class='ocr_carea' id='block_1_54' title="bbox 2278 2375 3901 2444">
    <p class='ocr_par' dir='ltr' id='par_1_54' title="bbox 2278 2375 3901 2444">
     <span class='ocr_line' id='line_1_55' title="bbox 2278 2375 3901 2444; baseline -0.001 -14"><span class='ocrx_word' id='word_1_394' title='bbox 2278 2377 2472 2442; x_wconf 85' lang='lat' dir='ltr'>tristis,</span> <span class='ocrx_word' id='word_1_395' title='bbox 2508 2375 2793 2430; x_wconf 85' lang='lat' dir='ltr'>maxillam</span> <span class='ocrx_word' id='word_1_396' title='bbox 2827 2393 2998 2431; x_wconf 90' lang='lat' dir='ltr'>manu</span> <span class='ocrx_word' id='word_1_397' title='bbox 3025 2380 3244 2444; x_wconf 87' lang='lat' dir='ltr'>tenens,</span> <span class='ocrx_word' id='word_1_398' title='bbox 3290 2382 3494 2432; x_wconf 70' lang='lat' dir='ltr'>maesto</span> <span class='ocrx_word' id='word_1_399' title='bbox 3539 2375 3691 2429; x_wconf 88' lang='lat' dir='ltr'>vultu</span> <span class='ocrx_word' id='word_1_400' title='bbox 3737 2375 3901 2429; x_wconf 87' lang='lat' dir='ltr'>sede-</span> 
     </span>
    </p>
   </div>
   <div class='ocr_carea' id='block_1_55' title="bbox 2277 2470 3902 2541">
    <p class='ocr_par' dir='ltr' id='par_1_55' title="bbox 2277 2470 3902 2541">
     <span class='ocr_line' id='line_1_56' title="bbox 2277 2470 3902 2541; baseline -0.001 -18"><span class='ocrx_word' id='word_1_401' title='bbox 2277 2470 2392 2525; x_wconf 90' lang='lat' dir='ltr'>bat.</span> <span class='ocrx_word' id='word_1_402' title='bbox 2445 2470 2595 2525; x_wconf 84' lang='lat' dir='ltr'>Alius</span> <span class='ocrx_word' id='word_1_403' title='bbox 2639 2487 2771 2524; x_wconf 90' lang='lat' dir='ltr'>vero</span> <span class='ocrx_word' id='word_1_404' title='bbox 2816 2470 2874 2524; x_wconf 93' lang='lat' dir='ltr'>in</span> <span class='ocrx_word' id='word_1_405' title='bbox 2929 2470 3155 2525; x_wconf 89' lang='lat' dir='ltr'>sinistra</span> <span class='ocrx_word' id='word_1_406' title='bbox 3204 2475 3368 2541; x_wconf 88' lang='lat' dir='ltr'>parte</span> <span class='ocrx_word' id='word_1_407' title='bbox 3421 2470 3734 2525; x_wconf 80' lang='lat' dir='ltr'>consistens</span> <span class='ocrx_word' id='word_1_408' title='bbox 3779 2472 3902 2522; x_wconf 88' lang='lat' dir='ltr'>rete</span> 
     </span>
    </p>
   </div>
   <div class='ocr_carea' id='block_1_56' title="bbox 2280 2563 3905 2635">
    <p class='ocr_par' dir='ltr' id='par_1_56' title="bbox 2280 2563 3905 2635">
     <span class='ocr_line' id='line_1_57' title="bbox 2280 2563 3905 2635; baseline -0.002 -18"><span class='ocrx_word' id='word_1_409' title='bbox 2280 2563 2559 2634; x_wconf 86' lang='lat' dir='ltr'>portabat,</span> <span class='ocrx_word' id='word_1_410' title='bbox 2589 2563 2742 2635; x_wconf 90' lang='lat' dir='ltr'>quod</span> <span class='ocrx_word' id='word_1_411' title='bbox 2770 2581 2829 2618; x_wconf 92' lang='lat' dir='ltr'>se</span> <span class='ocrx_word' id='word_1_412' title='bbox 2864 2565 3111 2630; x_wconf 87' lang='lat' dir='ltr'>mittere,</span> <span class='ocrx_word' id='word_1_413' title='bbox 3141 2567 3204 2618; x_wconf 88' lang='lat' dir='ltr'>ut</span> <span class='ocrx_word' id='word_1_414' title='bbox 3229 2565 3687 2618; x_wconf 87' lang='lat' dir='ltr'>circumstantem</span> <span class='ocrx_word' id='word_1_415' title='bbox 3719 2578 3905 2633; x_wconf 92' lang='lat' dir='ltr'>popu-</span> 
     </span>
    </p>
   </div>
   <div class='ocr_carea' id='block_1_57' title="bbox 2278 2655 3902 2728">
    <p class='ocr_par' dir='ltr' id='par_1_57' title="bbox 2278 2655 3902 2728">
     <span class='ocr_line' id='line_1_58' title="bbox 2278 2655 3902 2728; baseline -0.001 -17"><span class='ocrx_word' id='word_1_416' title='bbox 2278 2658 2396 2711; x_wconf 91' lang='lat' dir='ltr'>lum</span> <span class='ocrx_word' id='word_1_417' title='bbox 2440 2660 2690 2728; x_wconf 89' lang='lat' dir='ltr'>caperet,</span> <span class='ocrx_word' id='word_1_418' title='bbox 2740 2657 3084 2712; x_wconf 87' lang='lat' dir='ltr'>minabatur.</span> <span class='ocrx_word' id='word_1_419' title='bbox 3125 2660 3190 2713; x_wconf 88' lang='lat' dir='ltr'>Et</span> <span class='ocrx_word' id='word_1_420' title='bbox 3234 2673 3365 2712; x_wconf 88' lang='lat' dir='ltr'>cum</span> <span class='ocrx_word' id='word_1_421' title='bbox 3409 2657 3718 2711; x_wconf 88' lang='lat' dir='ltr'>miraretur</span> <span class='ocrx_word' id='word_1_422' title='bbox 3762 2655 3902 2727; x_wconf 90' lang='lat' dir='ltr'>quid</span> 
     </span>
    </p>
   </div>
   <div class='ocr_carea' id='block_1_58' title="bbox 2279 2749 3904 2821">
    <p class='ocr_par' dir='ltr' id='par_1_58' title="bbox 2279 2749 3904 2821">
     <span class='ocr_line' id='line_1_59' title="bbox 2279 2749 3904 2821; baseline -0.002 -16"><span class='ocrx_word' id='word_1_423' title='bbox 2279 2751 2386 2805; x_wconf 91' lang='lat' dir='ltr'>hoc</span> <span class='ocrx_word' id='word_1_424' title='bbox 2427 2756 2572 2805; x_wconf 90' lang='lat' dir='ltr'>esset</span> <span class='ocrx_word' id='word_1_425' title='bbox 2608 2751 2701 2804; x_wconf 92' lang='lat' dir='ltr'>ille</span> <span class='ocrx_word' id='word_1_426' title='bbox 2742 2751 2840 2821; x_wconf 88' lang='lat' dir='ltr'>qui</span> <span class='ocrx_word' id='word_1_427' title='bbox 2867 2751 3022 2816; x_wconf 86' lang='lat' dir='ltr'>vidit,</span> <span class='ocrx_word' id='word_1_428' title='bbox 3056 2751 3269 2805; x_wconf 89' lang='lat' dir='ltr'>dictum</span> <span class='ocrx_word' id='word_1_429' title='bbox 3311 2755 3395 2805; x_wconf 88' lang='lat' dir='ltr'>est</span> <span class='ocrx_word' id='word_1_430' title='bbox 3420 2750 3470 2804; x_wconf 90' lang='lat' dir='ltr'>ei</span> <span class='ocrx_word' id='word_1_431' title='bbox 3501 2751 3770 2820; x_wconf 84' lang='lat' dir='ltr'>juvenem</span> <span class='ocrx_word' id='word_1_432' title='bbox 3804 2749 3904 2819; x_wconf 90' lang='lat' dir='ltr'>qui</span> 
     </span>
    </p>
   </div>
   <div class='ocr_carea' id='block_1_59' title="bbox 2276 2842 3905 2914">
    <p class='ocr_par' dir='ltr' id='par_1_59' title="bbox 2276 2842 3905 2914">
     <span class='ocr_line' id='line_1_60' title="bbox 2276 2842 3905 2914; baseline -0.001 -16"><span class='ocrx_word' id='word_1_433' title='bbox 2276 2845 2347 2899; x_wconf 90' lang='lat' dir='ltr'>ad</span> <span class='ocrx_word' id='word_1_434' title='bbox 2374 2845 2672 2899; x_wconf 86' lang='lat' dir='ltr'>dexteram</span> <span class='ocrx_word' id='word_1_435' title='bbox 2698 2844 2775 2900; x_wconf 92' lang='lat' dir='ltr'>sic</span> <span class='ocrx_word' id='word_1_436' title='bbox 2812 2845 3059 2914; x_wconf 88' lang='lat' dir='ltr'>sederet,</span> <span class='ocrx_word' id='word_1_437' title='bbox 3095 2844 3433 2900; x_wconf 88' lang='lat' dir='ltr'>contristare</span> <span class='ocrx_word' id='word_1_438' title='bbox 3462 2848 3519 2898; x_wconf 89' lang='lat' dir='ltr'>et</span> <span class='ocrx_word' id='word_1_439' title='bbox 3544 2843 3731 2898; x_wconf 88' lang='lat' dir='ltr'>dolere</span> <span class='ocrx_word' id='word_1_440' title='bbox 3749 2842 3905 2913; x_wconf 89' lang='lat' dir='ltr'>quod</span> 
     </span>
    </p>
   </div>
   <div class='ocr_carea' id='block_1_60' title="bbox 2275 2936 3903 3008">
    <p class='ocr_par' dir='ltr' id='par_1_60' title="bbox 2275 2936 3903 3008">
     <span class='ocr_line' id='line_1_61' title="bbox 2275 2936 3903 3008; baseline -0.001 -16"><span class='ocrx_word' id='word_1_441' title='bbox 2275 2943 2558 3008; x_wconf 69' lang='lat' dir='ltr'>prazcepta</span> <span class='ocrx_word' id='word_1_442' title='bbox 2603 2955 2703 2991; x_wconf 88' lang='lat' dir='ltr'>sua</span> <span class='ocrx_word' id='word_1_443' title='bbox 2745 2954 2857 2992; x_wconf 92' lang='lat' dir='ltr'>non</span> <span class='ocrx_word' id='word_1_444' title='bbox 2917 2937 3389 3006; x_wconf 83' lang='lat' dir='ltr'>observarentur;</span> <span class='ocrx_word' id='word_1_445' title='bbox 3440 2936 3602 2991; x_wconf 90' lang='lat' dir='ltr'>illum</span> <span class='ocrx_word' id='word_1_446' title='bbox 3652 2953 3784 2990; x_wconf 91' lang='lat' dir='ltr'>vero</span> <span class='ocrx_word' id='word_1_447' title='bbox 3837 2937 3903 2992; x_wconf 88' lang='lat' dir='ltr'>in</span> 
     </span>
    </p>
   </div>
   <div class='ocr_carea' id='block_1_61' title="bbox 2276 3030 3905 3101">
    <p class='ocr_par' dir='ltr' id='par_1_61' title="bbox 2276 3030 3905 3101">
     <span class='ocr_line' id='line_1_62' title="bbox 2276 3030 3905 3101; baseline 0 -17"><span class='ocrx_word' id='word_1_448' title='bbox 2276 3031 2503 3085; x_wconf 91' lang='lat' dir='ltr'>sinistra</span> <span class='ocrx_word' id='word_1_449' title='bbox 2559 3031 2812 3085; x_wconf 87' lang='lat' dir='ltr'>exultare</span> <span class='ocrx_word' id='word_1_450' title='bbox 2857 3030 3013 3101; x_wconf 88' lang='lat' dir='ltr'>quod</span> <span class='ocrx_word' id='word_1_451' title='bbox 3066 3030 3172 3085; x_wconf 89' lang='lat' dir='ltr'>sibi</span> <span class='ocrx_word' id='word_1_452' title='bbox 3226 3031 3454 3084; x_wconf 89' lang='lat' dir='ltr'>daretur</span> <span class='ocrx_word' id='word_1_453' title='bbox 3492 3030 3712 3085; x_wconf 88' lang='lat' dir='ltr'>occasio</span> <span class='ocrx_word' id='word_1_454' title='bbox 3754 3035 3815 3084; x_wconf 88' lang='lat' dir='ltr'>ut</span> <span class='ocrx_word' id='word_1_455' title='bbox 3867 3047 3905 3085; x_wconf 89' lang='lat' dir='ltr'>a</span> 
     </span>
    </p>
   </div>
   <div class='ocr_carea' id='block_1_62' title="bbox 548 3123 3905 3215">
    <p class='ocr_par' dir='ltr' id='par_1_62' title="bbox 548 3123 3905 3215">
     <span class='ocr_line' id='line_1_63' title="bbox 548 3123 3905 3215; baseline 0 -36"><span class='ocrx_word' id='word_1_456' title='bbox 548 3126 637 3179; x_wconf 92' lang='lat' dir='ltr'>nis</span> <span class='ocrx_word' id='word_1_457' title='bbox 673 3124 831 3179; x_wconf 88' lang='lat' dir='ltr'>factis</span> <span class='ocrx_word' id='word_1_458' title='bbox 862 3125 1169 3195; x_wconf 89' lang='lat' dir='ltr'>placemus,</span> <span class='ocrx_word' id='word_1_459' title='bbox 1199 3140 1304 3177; x_wconf 89' lang='lat' dir='ltr'>nec</span> <span class='ocrx_word' id='word_1_460' title='bbox 1343 3140 1446 3194; x_wconf 89' lang='lat' dir='ltr'>pro</span> <span class='ocrx_word' id='word_1_461' title='bbox 1490 3124 1734 3193; x_wconf 83' lang='lat' dir='ltr'>peccatis</span> <span class='ocrx_word' id='word_1_462' title='bbox 1775 3123 2170 3177; x_wconf 87' lang='lat' dir='ltr'>satisfacimus.</span> <span class='ocrx_word' id='word_1_463' title='bbox 2195 3141 2249 3215; x_wconf 68' lang='grc' dir='ltr'><strong>Ο</strong></span> <span class='ocrx_word' id='word_1_464' title='bbox 2276 3124 2680 3196; x_wconf 85' lang='lat' dir='ltr'>patrefamilias</span> <span class='ocrx_word' id='word_1_465' title='bbox 2743 3127 3082 3195; x_wconf 87' lang='lat' dir='ltr'>potestatem</span> <span class='ocrx_word' id='word_1_466' title='bbox 3136 3127 3387 3179; x_wconf 89' lang='lat' dir='ltr'>sumeret</span> <span class='ocrx_word' id='word_1_467' title='bbox 3442 3124 3730 3179; x_wconf 70' lang='lat' dir='ltr'>saeviendi.</span> <span class='ocrx_word' id='word_1_468' title='bbox 3785 3125 3905 3179; x_wconf 87' lang='lat' dir='ltr'>Hoc</span> 
     </span>
    </p>
   </div>
   <div class='ocr_carea' id='block_1_63' title="bbox 548 3216 2176 3288">
    <p class='ocr_par' dir='ltr' id='par_1_63' title="bbox 548 3216 2176 3288">
     <span class='ocr_line' id='line_1_64' title="bbox 548 3216 2176 3288; baseline -0.001 -16"><span class='ocrx_word' id='word_1_469' title='bbox 548 3221 835 3288; x_wconf 77' lang='lat' dir='ltr'>Rogemus</span> <span class='ocrx_word' id='word_1_470' title='bbox 869 3217 939 3271; x_wconf 85' lang='lat' dir='ltr'>de</span> <span class='ocrx_word' id='word_1_471' title='bbox 967 3217 1170 3270; x_wconf 87' lang='lat' dir='ltr'>intimo</span> <span class='ocrx_word' id='word_1_472' title='bbox 1199 3216 1369 3270; x_wconf 90' lang='lat' dir='ltr'>corde</span> <span class='ocrx_word' id='word_1_473' title='bbox 1401 3222 1455 3270; x_wconf 89' lang='lat' dir='ltr'>et</span> <span class='ocrx_word' id='word_1_474' title='bbox 1495 3217 1563 3271; x_wconf 91' lang='lat' dir='ltr'>de</span> <span class='ocrx_word' id='word_1_475' title='bbox 1596 3221 1707 3270; x_wconf 87' lang='lat' dir='ltr'>tota</span> <span class='ocrx_word' id='word_1_476' title='bbox 1740 3221 1930 3270; x_wconf 91' lang='lat' dir='ltr'>mente</span> <span class='ocrx_word' id='word_1_477' title='bbox 1961 3217 2176 3270; x_wconf 89' lang='lat' dir='ltr'>miseri-</span> 
     </span>
    </p>
   </div>
   <div class='ocr_carea' id='block_1_64' title="bbox 548 3309 2172 3380">
    <p class='ocr_par' dir='ltr' id='par_1_64' title="bbox 548 3309 2172 3380">
     <span class='ocr_line' id='line_1_65' title="bbox 548 3309 2172 3380; baseline -0.001 -14"><span class='ocrx_word' id='word_1_478' title='bbox 548 3312 802 3366; x_wconf 90' lang='lat' dir='ltr'>cordiam</span> <span class='ocrx_word' id='word_1_479' title='bbox 834 3311 952 3377; x_wconf 92' lang='lat' dir='ltr'>Dei,</span> <span class='ocrx_word' id='word_1_480' title='bbox 985 3311 1117 3380; x_wconf 88' lang='lat' dir='ltr'>quia</span> <span class='ocrx_word' id='word_1_481' title='bbox 1147 3315 1203 3362; x_wconf 91' lang='lat' dir='ltr'>et</span> <span class='ocrx_word' id='word_1_482' title='bbox 1245 3309 1361 3378; x_wconf 88' lang='lat' dir='ltr'>ipse</span> <span class='ocrx_word' id='word_1_483' title='bbox 1389 3310 1544 3363; x_wconf 85' lang='lat' dir='ltr'>addit</span> <span class='ocrx_word' id='word_1_484' title='bbox 1588 3310 1780 3363; x_wconf 89' lang='lat' dir='ltr'>dicens</span> <span class='ocrx_word' id='word_1_485' title='bbox 1812 3327 1823 3363; x_wconf 90' lang='lat'><strong>:</strong></span> <span class='ocrx_word' id='word_1_486' title='bbox 1868 3312 2172 3365; x_wconf 81' lang='lat' dir='ltr'>Misericor-</span> 
     </span>
    </p>
   </div>
   <div class='ocr_carea' id='block_1_65' title="bbox 549 3404 2170 3475">
    <p class='ocr_par' dir='ltr' id='par_1_65' title="bbox 549 3404 2170 3475">
     <span class='ocr_line' id='line_1_66' title="bbox 549 3404 2170 3475; baseline -0.001 -15"><span class='ocrx_word' id='word_1_487' title='bbox 549 3409 698 3460; x_wconf 85' lang='lat' dir='ltr'>diam</span> <span class='ocrx_word' id='word_1_488' title='bbox 748 3410 929 3460; x_wconf 85' lang='lat' dir='ltr'>autem</span> <span class='ocrx_word' id='word_1_489' title='bbox 985 3420 1156 3459; x_wconf 88' lang='lat' dir='ltr'>meam</span> <span class='ocrx_word' id='word_1_490' title='bbox 1207 3420 1317 3458; x_wconf 86' lang='lat' dir='ltr'>non</span> <span class='ocrx_word' id='word_1_491' title='bbox 1371 3405 1677 3474; x_wconf 82' lang='lat' dir='ltr'>dispergam</span> <span class='ocrx_word' id='word_1_492' title='bbox 1729 3405 1794 3457; x_wconf 89' lang='lat' dir='ltr'>ab</span> <span class='ocrx_word' id='word_1_493' title='bbox 1847 3408 1920 3459; x_wconf 85' lang='lat' dir='ltr'>eis</span> <span class='ocrx_word' id='word_1_494' title='bbox 1963 3404 2170 3475; x_wconf 65' lang='lat' dir='ltr'>(Ibid)</span> 
     </span>
    </p>
   </div>
   <div class='ocr_carea' id='block_1_66' title="bbox 547 3495 2177 3568">
    <p class='ocr_par' dir='ltr' id='par_1_66' title="bbox 547 3495 2177 3568">
     <span class='ocr_line' id='line_1_67' title="bbox 547 3495 2177 3568; baseline -0.001 -14"><span class='ocrx_word' id='word_1_495' title='bbox 547 3502 815 3555; x_wconf 86' lang='lat' dir='ltr'>Petamus</span> <span class='ocrx_word' id='word_1_496' title='bbox 861 3503 918 3551; x_wconf 91' lang='lat' dir='ltr'>et</span> <span class='ocrx_word' id='word_1_497' title='bbox 956 3495 1340 3568; x_wconf 89' lang='lat' dir='ltr'>accipiemus;</span> <span class='ocrx_word' id='word_1_498' title='bbox 1384 3500 1440 3551; x_wconf 91' lang='lat' dir='ltr'>et</span> <span class='ocrx_word' id='word_1_499' title='bbox 1479 3497 1522 3550; x_wconf 92' lang='lat' dir='ltr'>si</span> <span class='ocrx_word' id='word_1_500' title='bbox 1563 3497 1880 3567; x_wconf 85' lang='lat' dir='ltr'>accipiendi</span> <span class='ocrx_word' id='word_1_501' title='bbox 1925 3513 2090 3552; x_wconf 89' lang='lat' dir='ltr'>mora</span> <span class='ocrx_word' id='word_1_502' title='bbox 2121 3503 2177 3552; x_wconf 89' lang='lat' dir='ltr'>et</span> 
     </span>
    </p>
   </div>
   <div class='ocr_carea' id='block_1_67' title="bbox 549 3590 2171 3662">
    <p class='ocr_par' dir='ltr' id='par_1_67' title="bbox 549 3590 2171 3662">
     <span class='ocr_line' id='line_1_68' title="bbox 549 3590 2171 3662; baseline -0.001 -15"><span class='ocrx_word' id='word_1_503' title='bbox 549 3592 788 3648; x_wconf 83' lang='lat' dir='ltr'>tarditas</span> <span class='ocrx_word' id='word_1_504' title='bbox 823 3591 1016 3658; x_wconf 88' lang='lat' dir='ltr'>fuerit,</span> <span class='ocrx_word' id='word_1_505' title='bbox 1044 3590 1314 3662; x_wconf 90' lang='lat' dir='ltr'>quoniam</span> <span class='ocrx_word' id='word_1_506' title='bbox 1359 3591 1607 3660; x_wconf 80' lang='lat' dir='ltr'>graviter</span> <span class='ocrx_word' id='word_1_507' title='bbox 1647 3590 2011 3658; x_wconf 77' lang='lat' dir='ltr'>offendimus,</span> <span class='ocrx_word' id='word_1_508' title='bbox 2044 3592 2171 3660; x_wconf 90' lang='lat' dir='ltr'>pul-</span> 
     </span>
    </p>
   </div>
   <div class='ocr_carea' id='block_1_68' title="bbox 543 3684 2170 3756">
    <p class='ocr_par' dir='ltr' id='par_1_68' title="bbox 543 3684 2170 3756">
     <span class='ocr_line' id='line_1_69' title="bbox 543 3684 2170 3756; baseline -0.002 -16"><span class='ocrx_word' id='word_1_509' title='bbox 543 3703 757 3755; x_wconf 91' lang='lat' dir='ltr'>semus,</span> <span class='ocrx_word' id='word_1_510' title='bbox 790 3686 925 3756; x_wconf 90' lang='lat' dir='ltr'>quia</span> <span class='ocrx_word' id='word_1_511' title='bbox 955 3687 1007 3738; x_wconf 89' lang='lat' dir='ltr'>et</span> <span class='ocrx_word' id='word_1_512' title='bbox 1039 3684 1287 3754; x_wconf 90' lang='lat' dir='ltr'>pulsanti</span> <span class='ocrx_word' id='word_1_513' title='bbox 1317 3685 1607 3754; x_wconf 87' lang='lat' dir='ltr'>aperietur</span> <span class='ocrx_word' id='word_1_514' title='bbox 1633 3686 1868 3752; x_wconf 69' lang='grc' dir='ltr'>(ΜαειΙιυ</span> <span class='ocrx_word' id='word_1_515' title='bbox 1905 3701 1996 3751; x_wconf 85' lang='lat' dir='ltr'>vn,</span> <span class='ocrx_word' id='word_1_516' title='bbox 2031 3689 2083 3752; x_wconf 87' lang='lat'>7,</span> <span class='ocrx_word' id='word_1_517' title='bbox 2117 3687 2170 3752; x_wconf 92' lang='lat'>8,</span> 
     </span>
    </p>
   </div>
   <div class='ocr_carea' id='block_1_69' title="bbox 548 3777 2174 3850">
    <p class='ocr_par' dir='ltr' id='par_1_69' title="bbox 548 3777 2174 3850">
     <span class='ocr_line' id='line_1_70' title="bbox 548 3777 2174 3850; baseline -0.002 -15"><span class='ocrx_word' id='word_1_518' title='bbox 548 3797 698 3845; x_wconf 85' lang='lat' dir='ltr'>xvm,</span> <span class='ocrx_word' id='word_1_519' title='bbox 746 3782 848 3848; x_wconf 88' lang='lat'>19;</span> <span class='ocrx_word' id='word_1_520' title='bbox 888 3782 1036 3841; x_wconf 86' lang='lat' dir='ltr'>Luc.,</span> <span class='ocrx_word' id='word_1_521' title='bbox 1079 3795 1152 3845; x_wconf 75' lang='lat' dir='ltr'>x1,</span> <span class='ocrx_word' id='word_1_522' title='bbox 1193 3781 1246 3846; x_wconf 90' lang='lat'>9,</span> <span class='ocrx_word' id='word_1_523' title='bbox 1288 3779 1390 3847; x_wconf 87' lang='grc'>10),</span> <span class='ocrx_word' id='word_1_524' title='bbox 1423 3777 1614 3850; x_wconf 84' lang='grc'>242</span> <span class='ocrx_word' id='word_1_525' title='bbox 1659 3778 1701 3832; x_wconf 88' lang='lat' dir='ltr'>si</span> <span class='ocrx_word' id='word_1_526' title='bbox 1735 3779 1906 3833; x_wconf 91' lang='lat' dir='ltr'>modo</span> <span class='ocrx_word' id='word_1_527' title='bbox 1949 3779 2174 3848; x_wconf 85' lang='lat' dir='ltr'>pulsent</span> 
     </span>
    </p>
   </div>
   <div class='ocr_carea' id='block_1_70' title="bbox 551 3872 2174 3943">
    <p class='ocr_par' dir='ltr' id='par_1_70' title="bbox 551 3872 2174 3943">
     <span class='ocr_line' id='line_1_71' title="bbox 551 3872 2174 3943; baseline -0.001 -16"><span class='ocrx_word' id='word_1_528' title='bbox 551 3875 760 3928; x_wconf 87' lang='lat' dir='ltr'>ostium</span> <span class='ocrx_word' id='word_1_529' title='bbox 790 3889 1008 3943; x_wconf 83' lang='lat' dir='ltr'>preces,</span> <span class='ocrx_word' id='word_1_530' title='bbox 1043 3872 1291 3942; x_wconf 82' lang='lat' dir='ltr'>gemitus</span> <span class='ocrx_word' id='word_1_531' title='bbox 1319 3875 1375 3925; x_wconf 90' lang='lat' dir='ltr'>et</span> <span class='ocrx_word' id='word_1_532' title='bbox 1409 3872 1674 3942; x_wconf 75' lang='lat' dir='ltr'>lacrymae</span> <span class='ocrx_word' id='word_1_533' title='bbox 1713 3876 1936 3939; x_wconf 48' lang='lat' dir='ltr'>nostra,</span> <span class='ocrx_word' id='word_1_534' title='bbox 1970 3873 2174 3942; x_wconf 89' lang='lat' dir='ltr'>quibus</span> 
     </span>
    </p>
   </div>
   <div class='ocr_carea' id='block_1_71' title="bbox 547 3965 2173 4036">
    <p class='ocr_par' dir='ltr' id='par_1_71' title="bbox 547 3965 2173 4036">
     <span class='ocr_line' id='line_1_72' title="bbox 547 3965 2173 4036; baseline 0 -16"><span class='ocrx_word' id='word_1_535' title='bbox 547 3967 809 4021; x_wconf 90' lang='lat' dir='ltr'>insistere</span> <span class='ocrx_word' id='word_1_536' title='bbox 864 3972 920 4020; x_wconf 91' lang='lat' dir='ltr'>et</span> <span class='ocrx_word' id='word_1_537' title='bbox 977 3965 1274 4020; x_wconf 89' lang='lat' dir='ltr'>immorari</span> <span class='ocrx_word' id='word_1_538' title='bbox 1334 3971 1562 4036; x_wconf 89' lang='lat' dir='ltr'>oportet</span> <span class='ocrx_word' id='word_1_539' title='bbox 1615 3965 1719 4019; x_wconf 89' lang='lat' dir='ltr'>etsi</span> <span class='ocrx_word' id='word_1_540' title='bbox 1765 3965 1836 4019; x_wconf 90' lang='lat' dir='ltr'>sit</span> <span class='ocrx_word' id='word_1_541' title='bbox 1890 3967 2173 4020; x_wconf 88' lang='lat' dir='ltr'>unanimis</span> 
     </span>
    </p>
   </div>
   <div class='ocr_carea' id='block_1_72' title="bbox 548 4061 836 4115">
    <p class='ocr_par' dir='ltr' id='par_1_72' title="bbox 548 4061 836 4115">
     <span class='ocr_line' id='line_1_73' title="bbox 548 4061 836 4115; baseline -0.007 0"><span class='ocrx_word' id='word_1_542' title='bbox 548 4061 746 4115; x_wconf 90' lang='lat' dir='ltr'>oratio.</span> <span class='ocrx_word' id='word_1_543' title='bbox 831 4064 836 4067; x_wconf 87' lang='grc'><em>’</em></span> 
     </span>
    </p>
   </div>
   <div class='ocr_carea' id='block_1_73' title="bbox 616 4152 2174 4223">
    <p class='ocr_par' dir='ltr' id='par_1_73' title="bbox 616 4152 2174 4223">
     <span class='ocr_line' id='line_1_74' title="bbox 616 4152 2174 4223; baseline -0.001 -16"><span class='ocrx_word' id='word_1_544' title='bbox 616 4157 708 4210; x_wconf 89' lang='lat' dir='ltr'>IIl.</span> <span class='ocrx_word' id='word_1_545' title='bbox 739 4155 880 4208; x_wconf 87' lang='lat' dir='ltr'>Nam</span> <span class='ocrx_word' id='word_1_546' title='bbox 927 4153 1080 4223; x_wconf 91' lang='lat' dir='ltr'>quod</span> <span class='ocrx_word' id='word_1_547' title='bbox 1119 4153 1305 4223; x_wconf 86' lang='lat' dir='ltr'>magis</span> <span class='ocrx_word' id='word_1_548' title='bbox 1349 4152 1522 4207; x_wconf 89' lang='lat' dir='ltr'>suasit</span> <span class='ocrx_word' id='word_1_549' title='bbox 1568 4156 1624 4206; x_wconf 87' lang='lat' dir='ltr'>et</span> <span class='ocrx_word' id='word_1_550' title='bbox 1665 4154 1936 4223; x_wconf 90' lang='lat' dir='ltr'>compulit</span> <span class='ocrx_word' id='word_1_551' title='bbox 1970 4160 2032 4208; x_wconf 90' lang='lat' dir='ltr'>ut</span> <span class='ocrx_word' id='word_1_552' title='bbox 2076 4155 2174 4208; x_wconf 89' lang='lat' dir='ltr'>has</span> 
     </span>
    </p>
   </div>
   <div class='ocr_carea' id='block_1_74' title="bbox 549 4245 2171 4313">
    <p class='ocr_par' dir='ltr' id='par_1_74' title="bbox 549 4245 2171 4313">
     <span class='ocr_line' id='line_1_75' title="bbox 549 4245 2171 4313; baseline -0.001 -11"><span class='ocrx_word' id='word_1_553' title='bbox 549 4247 621 4302; x_wconf 91' lang='lat' dir='ltr'>ad</span> <span class='ocrx_word' id='word_1_554' title='bbox 651 4264 750 4302; x_wconf 89' lang='lat' dir='ltr'>vos</span> <span class='ocrx_word' id='word_1_555' title='bbox 772 4247 990 4301; x_wconf 88' lang='lat' dir='ltr'>litteras</span> <span class='ocrx_word' id='word_1_556' title='bbox 1022 4245 1350 4313; x_wconf 88' lang='lat' dir='ltr'>scriberem,</span> <span class='ocrx_word' id='word_1_557' title='bbox 1384 4246 1526 4300; x_wconf 90' lang='lat' dir='ltr'>scire</span> <span class='ocrx_word' id='word_1_558' title='bbox 1557 4245 1796 4308; x_wconf 88' lang='lat' dir='ltr'>debetis,</span> <span class='ocrx_word' id='word_1_559' title='bbox 1817 4247 1959 4300; x_wconf 92' lang='lat' dir='ltr'>sicut</span> <span class='ocrx_word' id='word_1_560' title='bbox 1979 4247 2171 4300; x_wconf 90' lang='lat' dir='ltr'>Domi-</span> 
     </span>
    </p>
   </div>
   <div class='ocr_carea' id='block_1_75' title="bbox 449 4339 2170 4410">
    <p class='ocr_par' dir='ltr' id='par_1_75' title="bbox 449 4339 2170 4410">
     <span class='ocr_line' id='line_1_76' title="bbox 449 4339 2170 4410; baseline -0.002 -14"><span class='ocrx_word' id='word_1_561' title='bbox 449 4365 453 4369; x_wconf 63' lang='lat'><em>&#39;</em></span> <span class='ocrx_word' id='word_1_562' title='bbox 547 4358 654 4396; x_wconf 91' lang='lat' dir='ltr'>nus</span> <span class='ocrx_word' id='word_1_563' title='bbox 703 4341 999 4395; x_wconf 86' lang='lat' dir='ltr'>ostendere</span> <span class='ocrx_word' id='word_1_564' title='bbox 1059 4344 1114 4394; x_wconf 91' lang='lat' dir='ltr'>et</span> <span class='ocrx_word' id='word_1_565' title='bbox 1165 4341 1412 4394; x_wconf 88' lang='lat' dir='ltr'>revelare</span> <span class='ocrx_word' id='word_1_566' title='bbox 1461 4339 1725 4410; x_wconf 88' lang='lat' dir='ltr'>dignatus</span> <span class='ocrx_word' id='word_1_567' title='bbox 1767 4344 1850 4394; x_wconf 90' lang='lat' dir='ltr'>est</span> <span class='ocrx_word' id='word_1_568' title='bbox 1870 4341 1911 4405; x_wconf 85' lang='grc'>³,</span> <span class='ocrx_word' id='word_1_569' title='bbox 1959 4339 2170 4394; x_wconf 91' lang='lat' dir='ltr'>dictum</span> 
     </span>
    </p>
   </div>
   <div class='ocr_carea' id='block_1_76' title="bbox 551 4433 2171 4503">
    <p class='ocr_par' dir='ltr' id='par_1_76' title="bbox 551 4433 2171 4503">
     <span class='ocr_line' id='line_1_77' title="bbox 551 4433 2171 4503; baseline 0 -15"><span class='ocrx_word' id='word_1_570' title='bbox 551 4451 671 4489; x_wconf 90' lang='lat' dir='ltr'>esse</span> <span class='ocrx_word' id='word_1_571' title='bbox 693 4434 751 4488; x_wconf 89' lang='lat' dir='ltr'>in</span> <span class='ocrx_word' id='word_1_572' title='bbox 784 4433 997 4487; x_wconf 91' lang='lat' dir='ltr'>visione</span> <span class='ocrx_word' id='word_1_573' title='bbox 1028 4450 1040 4486; x_wconf 90' lang='lat'>:</span> <span class='ocrx_word' id='word_1_574' title='bbox 1078 4436 1247 4488; x_wconf 80' lang='lat' dir='ltr'>Petite</span> <span class='ocrx_word' id='word_1_575' title='bbox 1288 4441 1338 4487; x_wconf 89' lang='lat' dir='ltr'>et</span> <span class='ocrx_word' id='word_1_576' title='bbox 1367 4435 1672 4503; x_wconf 84' lang='lat' dir='ltr'>impetratis</span> <span class='ocrx_word' id='word_1_577' title='bbox 1704 4435 1722 4467; x_wconf 76' lang='grc'>’⁸</span> <span class='ocrx_word' id='word_1_578' title='bbox 1749 4451 1762 4499; x_wconf 90' lang='grc'>;</span> <span class='ocrx_word' id='word_1_579' title='bbox 1795 4439 1928 4487; x_wconf 90' lang='lat' dir='ltr'>tunc</span> <span class='ocrx_word' id='word_1_580' title='bbox 1967 4433 2171 4488; x_wconf 88' lang='lat' dir='ltr'>deinde</span> 
     </span>
    </p>
   </div>
   <div class='ocr_carea' id='block_1_77' title="bbox 2277 3217 3901 3291">
    <p class='ocr_par' dir='ltr' id='par_1_77' title="bbox 2277 3217 3901 3291">
     <span class='ocr_line' id='line_1_78' title="bbox 2277 3217 3901 3291; baseline 0 -19"><span class='ocrx_word' id='word_1_581' title='bbox 2277 3219 2435 3289; x_wconf 90' lang='lat' dir='ltr'>prius</span> <span class='ocrx_word' id='word_1_582' title='bbox 2465 3219 2635 3288; x_wconf 89' lang='lat' dir='ltr'>longe</span> <span class='ocrx_word' id='word_1_583' title='bbox 2669 3223 2959 3273; x_wconf 86' lang='lat' dir='ltr'>ostensum</span> <span class='ocrx_word' id='word_1_584' title='bbox 2990 3223 3093 3286; x_wconf 90' lang='lat' dir='ltr'>est,</span> <span class='ocrx_word' id='word_1_585' title='bbox 3123 3233 3297 3288; x_wconf 90' lang='lat' dir='ltr'>quam</span> <span class='ocrx_word' id='word_1_586' title='bbox 3332 3222 3638 3291; x_wconf 77' lang='lat' dir='ltr'>tempestas</span> <span class='ocrx_word' id='word_1_587' title='bbox 3673 3217 3901 3272; x_wconf 89' lang='lat' dir='ltr'>vastita-</span> 
     </span>
    </p>
   </div>
   <div class='ocr_carea' id='block_1_78' title="bbox 2277 3311 3905 3382">
    <p class='ocr_par' dir='ltr' id='par_1_78' title="bbox 2277 3311 3905 3382">
     <span class='ocr_line' id='line_1_79' title="bbox 2277 3311 3905 3382; baseline -0.001 -17"><span class='ocrx_word' id='word_1_588' title='bbox 2277 3312 2347 3365; x_wconf 87' lang='lat' dir='ltr'>tis</span> <span class='ocrx_word' id='word_1_589' title='bbox 2378 3312 2550 3382; x_wconf 90' lang='lat' dir='ltr'>hujus</span> <span class='ocrx_word' id='word_1_590' title='bbox 2581 3311 2824 3366; x_wconf 90' lang='lat' dir='ltr'>oriretur</span> <span class='ocrx_word' id='word_1_591' title='bbox 2849 3313 2868 3346; x_wconf 85' lang='grc'>⁷</span> <span class='ocrx_word' id='word_1_592' title='bbox 2897 3311 3030 3381; x_wconf 89' lang='grc'>(68).</span> <span class='ocrx_word' id='word_1_593' title='bbox 3059 3313 3127 3366; x_wconf 86' lang='lat' dir='ltr'>Et</span> <span class='ocrx_word' id='word_1_594' title='bbox 3151 3311 3392 3366; x_wconf 86' lang='lat' dir='ltr'>vidimus</span> <span class='ocrx_word' id='word_1_595' title='bbox 3418 3311 3717 3382; x_wconf 90' lang='lat' dir='ltr'>impletum</span> <span class='ocrx_word' id='word_1_596' title='bbox 3745 3311 3905 3381; x_wconf 89' lang='lat' dir='ltr'>quod</span> 
     </span>
    </p>
   </div>
   <div class='ocr_carea' id='block_1_79' title="bbox 2277 3403 3905 3475">
    <p class='ocr_par' dir='ltr' id='par_1_79' title="bbox 2277 3403 3905 3475">
     <span class='ocr_line' id='line_1_80' title="bbox 2277 3403 3905 3475; baseline -0.001 -16"><span class='ocrx_word' id='word_1_597' title='bbox 2277 3405 2462 3459; x_wconf 88' lang='lat' dir='ltr'>fuerat</span> <span class='ocrx_word' id='word_1_598' title='bbox 2504 3411 2822 3472; x_wconf 90' lang='lat' dir='ltr'>ostensum,</span> <span class='ocrx_word' id='word_1_599' title='bbox 2866 3407 2950 3472; x_wconf 89' lang='lat' dir='ltr'>ut,</span> <span class='ocrx_word' id='word_1_600' title='bbox 2985 3404 3120 3459; x_wconf 90' lang='lat' dir='ltr'>dum</span> <span class='ocrx_word' id='word_1_601' title='bbox 3167 3403 3392 3459; x_wconf 90' lang='lat' dir='ltr'>Domini</span> <span class='ocrx_word' id='word_1_602' title='bbox 3437 3407 3720 3475; x_wconf 75' lang='lat' dir='ltr'>praecepta</span> <span class='ocrx_word' id='word_1_603' title='bbox 3759 3421 3905 3458; x_wconf 89' lang='lat' dir='ltr'>con-</span> 
     </span>
    </p>
   </div>
   <div class='ocr_carea' id='block_1_80' title="bbox 2276 3497 3908 3569">
    <p class='ocr_par' dir='ltr' id='par_1_80' title="bbox 2276 3497 3908 3569">
     <span class='ocr_line' id='line_1_81' title="bbox 2276 3497 3908 3569; baseline 0 -17"><span class='ocrx_word' id='word_1_604' title='bbox 2276 3498 2624 3566; x_wconf 90' lang='lat' dir='ltr'>temnimus,</span> <span class='ocrx_word' id='word_1_605' title='bbox 2675 3499 2809 3553; x_wconf 90' lang='lat' dir='ltr'>dum</span> <span class='ocrx_word' id='word_1_606' title='bbox 2877 3497 3027 3553; x_wconf 67' lang='lat' dir='ltr'>datas</span> <span class='ocrx_word' id='word_1_607' title='bbox 3089 3498 3231 3569; x_wconf 90' lang='lat' dir='ltr'>legis</span> <span class='ocrx_word' id='word_1_608' title='bbox 3292 3497 3564 3552; x_wconf 84' lang='lat' dir='ltr'>mandata</span> <span class='ocrx_word' id='word_1_609' title='bbox 3631 3498 3908 3552; x_wconf 87' lang='lat' dir='ltr'>salutaria</span> 
     </span>
    </p>
   </div>
   <div class='ocr_carea' id='block_1_81' title="bbox 2277 3590 3907 3664">
    <p class='ocr_par' dir='ltr' id='par_1_81' title="bbox 2277 3590 3907 3664">
     <span class='ocr_line' id='line_1_82' title="bbox 2277 3590 3907 3664; baseline 0 -19"><span class='ocrx_word' id='word_1_610' title='bbox 2277 3591 2473 3664; x_wconf 79' lang='grc'>243</span> <span class='ocrx_word' id='word_1_611' title='bbox 2514 3608 2629 3647; x_wconf 89' lang='lat' dir='ltr'>non</span> <span class='ocrx_word' id='word_1_612' title='bbox 2672 3598 2952 3657; x_wconf 88' lang='lat' dir='ltr'>tenemus,</span> <span class='ocrx_word' id='word_1_613' title='bbox 2985 3592 3316 3646; x_wconf 86' lang='lat' dir='ltr'>facultatem</span> <span class='ocrx_word' id='word_1_614' title='bbox 3354 3590 3595 3646; x_wconf 90' lang='lat' dir='ltr'>nocendi</span> <span class='ocrx_word' id='word_1_615' title='bbox 3638 3590 3907 3645; x_wconf 89' lang='lat' dir='ltr'>inimicus</span> 
     </span>
    </p>
   </div>
   <div class='ocr_carea' id='block_1_82' title="bbox 2276 3683 3906 3756">
    <p class='ocr_par' dir='ltr' id='par_1_82' title="bbox 2276 3683 3906 3756">
     <span class='ocr_line' id='line_1_83' title="bbox 2276 3683 3906 3756; baseline 0.001 -17"><span class='ocrx_word' id='word_1_616' title='bbox 2276 3685 2581 3756; x_wconf 84' lang='lat' dir='ltr'>acciperet,</span> <span class='ocrx_word' id='word_1_617' title='bbox 2640 3685 2827 3740; x_wconf 90' lang='lat' dir='ltr'>minus</span> <span class='ocrx_word' id='word_1_618' title='bbox 2893 3689 3142 3740; x_wconf 76' lang='lat' dir='ltr'>armatos</span> <span class='ocrx_word' id='word_1_619' title='bbox 3204 3691 3260 3740; x_wconf 89' lang='lat' dir='ltr'>et</span> <span class='ocrx_word' id='word_1_620' title='bbox 3318 3685 3389 3739; x_wconf 92' lang='lat' dir='ltr'>ad</span> <span class='ocrx_word' id='word_1_621' title='bbox 3455 3683 3906 3756; x_wconf 87' lang='lat' dir='ltr'>repugnandum</span> 
     </span>
    </p>
   </div>
   <div class='ocr_carea' id='block_1_83' title="bbox 2275 3778 3323 3850">
    <p class='ocr_par' dir='ltr' id='par_1_83' title="bbox 2275 3778 3323 3850">
     <span class='ocr_line' id='line_1_84' title="bbox 2275 3778 3323 3850; baseline -0.001 -17"><span class='ocrx_word' id='word_1_622' title='bbox 2275 3779 2464 3833; x_wconf 88' lang='lat' dir='ltr'>minus</span> <span class='ocrx_word' id='word_1_623' title='bbox 2493 3782 2689 3833; x_wconf 90' lang='lat' dir='ltr'>cautos</span> <span class='ocrx_word' id='word_1_624' title='bbox 2708 3780 2866 3849; x_wconf 90' lang='lat' dir='ltr'>jactu</span> <span class='ocrx_word' id='word_1_625' title='bbox 2894 3778 3030 3833; x_wconf 88' lang='lat' dir='ltr'>retis</span> <span class='ocrx_word' id='word_1_626' title='bbox 3053 3779 3323 3850; x_wconf 90' lang='lat' dir='ltr'>operiret.</span> 
     </span>
    </p>
   </div>
   <div class='ocr_carea' id='block_1_84' title="bbox 2346 3872 3904 3944">
    <p class='ocr_par' dir='ltr' id='par_1_84' title="bbox 2346 3872 3904 3944">
     <span class='ocr_line' id='line_1_85' title="bbox 2346 3872 3904 3944; baseline 0.001 -19"><span class='ocrx_word' id='word_1_627' title='bbox 2346 3873 2408 3926; x_wconf 91' lang='lat' dir='ltr'>V.</span> <span class='ocrx_word' id='word_1_628' title='bbox 2453 3873 2692 3927; x_wconf 88' lang='lat' dir='ltr'>Oremus</span> <span class='ocrx_word' id='word_1_629' title='bbox 2741 3873 3019 3926; x_wconf 90' lang='lat' dir='ltr'>instanter</span> <span class='ocrx_word' id='word_1_630' title='bbox 3059 3875 3115 3926; x_wconf 92' lang='lat' dir='ltr'>et</span> <span class='ocrx_word' id='word_1_631' title='bbox 3153 3872 3393 3926; x_wconf 90' lang='lat' dir='ltr'>assiduis</span> <span class='ocrx_word' id='word_1_632' title='bbox 3434 3872 3694 3943; x_wconf 90' lang='lat' dir='ltr'>precibus</span> <span class='ocrx_word' id='word_1_633' title='bbox 3733 3874 3904 3944; x_wconf 85' lang='lat' dir='ltr'>inge-</span> 
     </span>
    </p>
   </div>
   <div class='ocr_carea' id='block_1_85' title="bbox 2275 3965 3906 4037">
    <p class='ocr_par' dir='ltr' id='par_1_85' title="bbox 2275 3965 3906 4037">
     <span class='ocr_line' id='line_1_86' title="bbox 2275 3965 3906 4037; baseline 0 -17"><span class='ocrx_word' id='word_1_634' title='bbox 2275 3967 2598 4021; x_wconf 90' lang='lat' dir='ltr'>miscamus.</span> <span class='ocrx_word' id='word_1_635' title='bbox 2644 3967 2782 4019; x_wconf 83' lang='lat' dir='ltr'>Nam</span> <span class='ocrx_word' id='word_1_636' title='bbox 2830 3970 2887 4019; x_wconf 92' lang='lat' dir='ltr'>et</span> <span class='ocrx_word' id='word_1_637' title='bbox 2927 3966 3033 4020; x_wconf 90' lang='lat' dir='ltr'>hoc</span> <span class='ocrx_word' id='word_1_638' title='bbox 3075 3966 3233 4019; x_wconf 92' lang='lat' dir='ltr'>nobis</span> <span class='ocrx_word' id='word_1_639' title='bbox 3278 3983 3393 4020; x_wconf 92' lang='lat' dir='ltr'>non</span> <span class='ocrx_word' id='word_1_640' title='bbox 3441 3965 3577 4020; x_wconf 91' lang='lat' dir='ltr'>olim</span> <span class='ocrx_word' id='word_1_641' title='bbox 3605 3967 3624 4000; x_wconf 81' lang='grc'>⁸</span> <span class='ocrx_word' id='word_1_642' title='bbox 3669 3982 3770 4037; x_wconf 90' lang='lat' dir='ltr'>per</span> <span class='ocrx_word' id='word_1_643' title='bbox 3816 3967 3906 4020; x_wconf 86' lang='lat' dir='ltr'>vi-</span> 
     </span>
    </p>
   </div>
   <div class='ocr_carea' id='block_1_86' title="bbox 2276 4058 3903 4130">
    <p class='ocr_par' dir='ltr' id='par_1_86' title="bbox 2276 4058 3903 4130">
     <span class='ocr_line' id='line_1_87' title="bbox 2276 4058 3903 4130; baseline 0 -17"><span class='ocrx_word' id='word_1_644' title='bbox 2276 4061 2517 4125; x_wconf 91' lang='lat' dir='ltr'>sionem,</span> <span class='ocrx_word' id='word_1_645' title='bbox 2569 4059 2775 4113; x_wconf 89' lang='lat' dir='ltr'>fratres</span> <span class='ocrx_word' id='word_1_646' title='bbox 2823 4058 3171 4124; x_wconf 90' lang='lat' dir='ltr'>charissimi,</span> <span class='ocrx_word' id='word_1_647' title='bbox 3223 4059 3626 4130; x_wconf 87' lang='lat' dir='ltr'>exprobratum</span> <span class='ocrx_word' id='word_1_648' title='bbox 3679 4059 3903 4126; x_wconf 86' lang='lat' dir='ltr'>sciatis,</span> 
     </span>
    </p>
   </div>
   <div class='ocr_carea' id='block_1_87' title="bbox 2274 4151 3903 4224">
    <p class='ocr_par' dir='ltr' id='par_1_87' title="bbox 2274 4151 3903 4224">
     <span class='ocr_line' id='line_1_88' title="bbox 2274 4151 3903 4224; baseline 0.001 -18"><span class='ocrx_word' id='word_1_649' title='bbox 2274 4153 2424 4224; x_wconf 90' lang='lat' dir='ltr'>quod</span> <span class='ocrx_word' id='word_1_650' title='bbox 2457 4151 2830 4207; x_wconf 91' lang='lat' dir='ltr'>dormitemus</span> <span class='ocrx_word' id='word_1_651' title='bbox 2867 4152 2923 4205; x_wconf 92' lang='lat' dir='ltr'>in</span> <span class='ocrx_word' id='word_1_652' title='bbox 2964 4151 3245 4222; x_wconf 89' lang='lat' dir='ltr'>precibus,</span> <span class='ocrx_word' id='word_1_653' title='bbox 3278 4169 3379 4206; x_wconf 88' lang='lat' dir='ltr'>nec</span> <span class='ocrx_word' id='word_1_654' title='bbox 3420 4151 3729 4222; x_wconf 89' lang='lat' dir='ltr'>vigilanter</span> <span class='ocrx_word' id='word_1_655' title='bbox 3769 4168 3903 4207; x_wconf 87' lang='lat' dir='ltr'>ore-</span> 
     </span>
    </p>
   </div>
   <div class='ocr_carea' id='block_1_88' title="bbox 2273 4244 3909 4316">
    <p class='ocr_par' dir='ltr' id='par_1_88' title="bbox 2273 4244 3909 4316">
     <span class='ocr_line' id='line_1_89' title="bbox 2273 4244 3909 4316; baseline -0.001 -15"><span class='ocrx_word' id='word_1_656' title='bbox 2273 4263 2421 4301; x_wconf 88' lang='lat' dir='ltr'>mus.</span> <span class='ocrx_word' id='word_1_657' title='bbox 2469 4247 2537 4299; x_wconf 91' lang='lat' dir='ltr'>Et</span> <span class='ocrx_word' id='word_1_658' title='bbox 2581 4248 2725 4300; x_wconf 89' lang='lat' dir='ltr'>Deus</span> <span class='ocrx_word' id='word_1_659' title='bbox 2777 4245 3010 4316; x_wconf 89' lang='lat' dir='ltr'>utique,</span> <span class='ocrx_word' id='word_1_660' title='bbox 3067 4245 3162 4315; x_wconf 90' lang='lat' dir='ltr'>qui</span> <span class='ocrx_word' id='word_1_661' title='bbox 3214 4261 3386 4316; x_wconf 90' lang='lat' dir='ltr'>quem</span> <span class='ocrx_word' id='word_1_662' title='bbox 3435 4245 3666 4316; x_wconf 90' lang='lat' dir='ltr'>corripit</span> <span class='ocrx_word' id='word_1_663' title='bbox 3713 4244 3909 4316; x_wconf 83' lang='lat' dir='ltr'>diligit</span> 
     </span>
    </p>
   </div>
   <div class='ocr_carea' id='block_1_89' title="bbox 2277 4337 3907 4410">
    <p class='ocr_par' dir='ltr' id='par_1_89' title="bbox 2277 4337 3907 4410">
     <span class='ocr_line' id='line_1_90' title="bbox 2277 4337 3907 4410; baseline -0.001 -16"><span class='ocrx_word' id='word_1_664' title='bbox 2277 4342 2477 4408; x_wconf 84' lang='lat' dir='ltr'>(Prov.,</span> <span class='ocrx_word' id='word_1_665' title='bbox 2519 4356 2598 4405; x_wconf 86' lang='lat' dir='ltr'>Ill,</span> <span class='ocrx_word' id='word_1_666' title='bbox 2646 4340 2750 4408; x_wconf 81' lang='lat'>12),</span> <span class='ocrx_word' id='word_1_667' title='bbox 2781 4338 3007 4410; x_wconf 91' lang='lat' dir='ltr'>quando</span> <span class='ocrx_word' id='word_1_668' title='bbox 3049 4338 3283 4409; x_wconf 90' lang='lat' dir='ltr'>corripit</span> <span class='ocrx_word' id='word_1_669' title='bbox 3319 4339 3388 4393; x_wconf 90' lang='lat' dir='ltr'>ad</span> <span class='ocrx_word' id='word_1_670' title='bbox 3425 4339 3531 4393; x_wconf 92' lang='lat' dir='ltr'>hoc</span> <span class='ocrx_word' id='word_1_671' title='bbox 3567 4337 3803 4409; x_wconf 85' lang='lat' dir='ltr'>corripit</span> <span class='ocrx_word' id='word_1_672' title='bbox 3839 4345 3907 4394; x_wconf 86' lang='lat' dir='ltr'>ut</span> 
     </span>
    </p>
   </div>
   <div class='ocr_carea' id='block_1_90' title="bbox 2275 4424 3907 4500">
    <p class='ocr_par' dir='ltr' id='par_1_90' title="bbox 2275 4424 3907 4500">
     <span class='ocr_line' id='line_1_91' title="bbox 2275 4424 3907 4500; baseline 0 -13"><span class='ocrx_word' id='word_1_673' title='bbox 2275 4432 2560 4500; x_wconf 89' lang='lat' dir='ltr'>emendet,</span> <span class='ocrx_word' id='word_1_674' title='bbox 2612 4432 2685 4486; x_wconf 89' lang='lat' dir='ltr'>ad</span> <span class='ocrx_word' id='word_1_675' title='bbox 2733 4432 2837 4486; x_wconf 93' lang='lat' dir='ltr'>hoc</span> <span class='ocrx_word' id='word_1_676' title='bbox 2881 4432 3148 4486; x_wconf 89' lang='lat' dir='ltr'>emendat</span> <span class='ocrx_word' id='word_1_677' title='bbox 3197 4437 3258 4486; x_wconf 88' lang='lat' dir='ltr'>ut</span> <span class='ocrx_word' id='word_1_678' title='bbox 3300 4435 3500 4486; x_wconf 87' lang='lat' dir='ltr'>servet.</span> <span class='ocrx_word' id='word_1_679' title='bbox 3540 4424 3907 4487; x_wconf 77' lang='lat' dir='ltr'>Excutiamus</span> 
     </span>
    </p>
   </div>
   <div class='ocr_carea' id='block_1_91' title="bbox 549 4509 3907 4599">
    <p class='ocr_par' dir='ltr' id='par_1_91' title="bbox 549 4509 3907 4599">
     <span class='ocr_line' id='line_1_92' title="bbox 549 4509 3907 4599; baseline -0.001 -17"><span class='ocrx_word' id='word_1_680' title='bbox 549 4533 896 4599; x_wconf 76' lang='lat' dir='ltr'>praeceptum</span> <span class='ocrx_word' id='word_1_681' title='bbox 935 4527 1084 4597; x_wconf 92' lang='lat' dir='ltr'>plebi</span> <span class='ocrx_word' id='word_1_682' title='bbox 1117 4527 1397 4582; x_wconf 89' lang='lat' dir='ltr'>assistenti</span> <span class='ocrx_word' id='word_1_683' title='bbox 1431 4531 1498 4581; x_wconf 90' lang='lat' dir='ltr'>ut</span> <span class='ocrx_word' id='word_1_684' title='bbox 1539 4543 1640 4598; x_wconf 90' lang='lat' dir='ltr'>pro</span> <span class='ocrx_word' id='word_1_685' title='bbox 1672 4527 2003 4598; x_wconf 87' lang='lat' dir='ltr'>quibusdam</span> <span class='ocrx_word' id='word_1_686' title='bbox 2042 4543 2170 4599; x_wconf 91' lang='lat' dir='ltr'>per-</span> <span class='ocrx_word' id='word_1_687' title='bbox 2192 4509 2250 4580; x_wconf 85' lang='lat' dir='ltr'>D</span> <span class='ocrx_word' id='word_1_688' title='bbox 2274 4527 2465 4597; x_wconf 90' lang='lat' dir='ltr'>itaque</span> <span class='ocrx_word' id='word_1_689' title='bbox 2494 4530 2550 4580; x_wconf 90' lang='lat' dir='ltr'>et</span> <span class='ocrx_word' id='word_1_690' title='bbox 2575 4526 2984 4596; x_wconf 90' lang='lat' dir='ltr'>abrumpamus</span> <span class='ocrx_word' id='word_1_691' title='bbox 3017 4525 3204 4580; x_wconf 89' lang='lat' dir='ltr'>somni</span> <span class='ocrx_word' id='word_1_692' title='bbox 3254 4525 3499 4591; x_wconf 86' lang='lat' dir='ltr'>vincula,</span> <span class='ocrx_word' id='word_1_693' title='bbox 3527 4529 3584 4580; x_wconf 89' lang='lat' dir='ltr'>et</span> <span class='ocrx_word' id='word_1_694' title='bbox 3617 4525 3907 4580; x_wconf 85' lang='lat' dir='ltr'>instanter</span> 
     </span>
    </p>
   </div>
   <div class='ocr_carea' id='block_1_92' title="bbox 548 4620 2171 4692">
    <p class='ocr_par' dir='ltr' id='par_1_92' title="bbox 548 4620 2171 4692">
     <span class='ocr_line' id='line_1_93' title="bbox 548 4620 2171 4692; baseline 0 -17"><span class='ocrx_word' id='word_1_695' title='bbox 548 4622 704 4676; x_wconf 90' lang='lat' dir='ltr'>sonis</span> <span class='ocrx_word' id='word_1_696' title='bbox 749 4621 1056 4692; x_wconf 85' lang='lat' dir='ltr'>designatis</span> <span class='ocrx_word' id='word_1_697' title='bbox 1099 4621 1201 4676; x_wconf 90' lang='lat' dir='ltr'>sibi</span> <span class='ocrx_word' id='word_1_698' title='bbox 1251 4624 1531 4692; x_wconf 89' lang='lat' dir='ltr'>peterent,</span> <span class='ocrx_word' id='word_1_699' title='bbox 1573 4621 1630 4675; x_wconf 90' lang='lat' dir='ltr'>in</span> <span class='ocrx_word' id='word_1_700' title='bbox 1679 4620 1927 4691; x_wconf 86' lang='lat' dir='ltr'>petendo</span> <span class='ocrx_word' id='word_1_701' title='bbox 1981 4625 2171 4675; x_wconf 86' lang='lat' dir='ltr'>autem</span> 
     </span>
    </p>
   </div>
   <div class='ocr_carea' id='block_1_93' title="bbox 539 4714 2173 4786">
    <p class='ocr_par' dir='ltr' id='par_1_93' title="bbox 539 4714 2173 4786">
     <span class='ocr_line' id='line_1_94' title="bbox 539 4714 2173 4786; baseline -0.001 -15"><span class='ocrx_word' id='word_1_702' title='bbox 539 4715 720 4771; x_wconf 79' lang='lat' dir='ltr'>fuisse</span> <span class='ocrx_word' id='word_1_703' title='bbox 766 4715 1022 4770; x_wconf 91' lang='lat' dir='ltr'>dissonas</span> <span class='ocrx_word' id='word_1_704' title='bbox 1065 4732 1226 4769; x_wconf 89' lang='lat' dir='ltr'>voces</span> <span class='ocrx_word' id='word_1_705' title='bbox 1273 4718 1330 4769; x_wconf 90' lang='lat' dir='ltr'>et</span> <span class='ocrx_word' id='word_1_706' title='bbox 1379 4715 1630 4786; x_wconf 87' lang='lat' dir='ltr'>dispares</span> <span class='ocrx_word' id='word_1_707' title='bbox 1657 4716 1678 4748; x_wconf 79' lang='grc'><strong><em>⁵</em></strong></span> <span class='ocrx_word' id='word_1_708' title='bbox 1731 4714 2066 4782; x_wconf 88' lang='lat' dir='ltr'>voluntates,</span> <span class='ocrx_word' id='word_1_709' title='bbox 2117 4719 2173 4769; x_wconf 89' lang='lat' dir='ltr'>et</span> 
     </span>
    </p>
   </div>
   <div class='ocr_carea' id='block_1_94' title="bbox 546 4807 2166 4880">
    <p class='ocr_par' dir='ltr' id='par_1_94' title="bbox 546 4807 2166 4880">
     <span class='ocr_line' id='line_1_95' title="bbox 546 4807 2166 4880; baseline -0.001 -17"><span class='ocrx_word' id='word_1_710' title='bbox 546 4809 919 4864; x_wconf 87' lang='lat' dir='ltr'>vehementer</span> <span class='ocrx_word' id='word_1_711' title='bbox 945 4809 1054 4863; x_wconf 92' lang='lat' dir='ltr'>hoc</span> <span class='ocrx_word' id='word_1_712' title='bbox 1087 4808 1442 4880; x_wconf 91' lang='lat' dir='ltr'>displicuisse</span> <span class='ocrx_word' id='word_1_713' title='bbox 1472 4808 1551 4862; x_wconf 91' lang='lat' dir='ltr'>illi</span> <span class='ocrx_word' id='word_1_714' title='bbox 1580 4808 1674 4878; x_wconf 90' lang='lat' dir='ltr'>qui</span> <span class='ocrx_word' id='word_1_715' title='bbox 1718 4807 1951 4875; x_wconf 86' lang='lat' dir='ltr'>dixerat,</span> <span class='ocrx_word' id='word_1_716' title='bbox 1980 4811 2166 4868; x_wconf 85' lang='lat' dir='ltr'>Petite,</span> 
     </span>
    </p>
   </div>
   <div class='ocr_carea' id='block_1_95' title="bbox 545 4901 2167 4973">
    <p class='ocr_par' dir='ltr' id='par_1_95' title="bbox 545 4901 2167 4973">
     <span class='ocr_line' id='line_1_96' title="bbox 545 4901 2167 4973; baseline -0.002 -15"><span class='ocrx_word' id='word_1_717' title='bbox 545 4907 596 4958; x_wconf 85' lang='lat' dir='ltr'>et</span> <span class='ocrx_word' id='word_1_718' title='bbox 635 4904 963 4973; x_wconf 82' lang='lat' dir='ltr'>impetratis,</span> <span class='ocrx_word' id='word_1_719' title='bbox 1000 4902 1151 4972; x_wconf 89' lang='lat' dir='ltr'>quod</span> <span class='ocrx_word' id='word_1_720' title='bbox 1190 4901 1373 4972; x_wconf 91' lang='lat' dir='ltr'>plebis</span> <span class='ocrx_word' id='word_1_721' title='bbox 1411 4901 1766 4972; x_wconf 80' lang='lat' dir='ltr'>inaequalitas</span> <span class='ocrx_word' id='word_1_722' title='bbox 1803 4901 2167 4972; x_wconf 85' lang='lat' dir='ltr'>discreparet,</span> 
     </span>
    </p>
   </div>
   <div class='ocr_carea' id='block_1_96' title="bbox 544 4995 2168 5066">
    <p class='ocr_par' dir='ltr' id='par_1_96' title="bbox 544 4995 2168 5066">
     <span class='ocr_line' id='line_1_97' title="bbox 544 4995 2168 5066; baseline -0.004 -13"><span class='ocrx_word' id='word_1_723' title='bbox 544 5011 650 5053; x_wconf 90' lang='lat' dir='ltr'>nec</span> <span class='ocrx_word' id='word_1_724' title='bbox 679 4999 823 5052; x_wconf 88' lang='lat' dir='ltr'>esset</span> <span class='ocrx_word' id='word_1_725' title='bbox 850 4995 1088 5051; x_wconf 88' lang='lat' dir='ltr'>fratrum</span> <span class='ocrx_word' id='word_1_726' title='bbox 1117 4995 1409 5050; x_wconf 87' lang='lat' dir='ltr'>consensio</span> <span class='ocrx_word' id='word_1_727' title='bbox 1437 5011 1548 5049; x_wconf 91' lang='lat' dir='ltr'>una</span> <span class='ocrx_word' id='word_1_728' title='bbox 1577 5000 1631 5049; x_wconf 90' lang='lat' dir='ltr'>et</span> <span class='ocrx_word' id='word_1_729' title='bbox 1657 4995 1894 5066; x_wconf 85' lang='lat' dir='ltr'>simplex</span> <span class='ocrx_word' id='word_1_730' title='bbox 1925 4999 1980 5049; x_wconf 90' lang='lat' dir='ltr'>et</span> <span class='ocrx_word' id='word_1_731' title='bbox 2005 4995 2168 5066; x_wconf 85' lang='lat' dir='ltr'>junc-</span> 
     </span>
    </p>
   </div>
   <div class='ocr_carea' id='block_1_97' title="bbox 2271 4619 3904 4691">
    <p class='ocr_par' dir='ltr' id='par_1_97' title="bbox 2271 4619 3904 4691">
     <span class='ocr_line' id='line_1_98' title="bbox 2271 4619 3904 4691; baseline 0 -17"><span class='ocrx_word' id='word_1_732' title='bbox 2271 4637 2335 4674; x_wconf 91' lang='lat' dir='ltr'>ac</span> <span class='ocrx_word' id='word_1_733' title='bbox 2365 4620 2671 4691; x_wconf 88' lang='lat' dir='ltr'>vigilanter</span> <span class='ocrx_word' id='word_1_734' title='bbox 2712 4636 2963 4688; x_wconf 88' lang='lat' dir='ltr'>oremus,</span> <span class='ocrx_word' id='word_1_735' title='bbox 2997 4619 3139 4672; x_wconf 86' lang='lat' dir='ltr'>sicut</span> <span class='ocrx_word' id='word_1_736' title='bbox 3182 4619 3386 4673; x_wconf 91' lang='lat' dir='ltr'>Paulus</span> <span class='ocrx_word' id='word_1_737' title='bbox 3425 4619 3711 4689; x_wconf 85' lang='lat' dir='ltr'>apostolus</span> <span class='ocrx_word' id='word_1_738' title='bbox 3750 4636 3904 4689; x_wconf 55' lang='lat' dir='ltr'>prae-</span> 
     </span>
    </p>
   </div>
   <div class='ocr_carea' id='block_1_98' title="bbox 2273 4712 3903 4784">
    <p class='ocr_par' dir='ltr' id='par_1_98' title="bbox 2273 4712 3903 4784">
     <span class='ocr_line' id='line_1_99' title="bbox 2273 4712 3903 4784; baseline -0.001 -17"><span class='ocrx_word' id='word_1_739' title='bbox 2273 4713 2411 4784; x_wconf 91' lang='lat' dir='ltr'>cipit</span> <span class='ocrx_word' id='word_1_740' title='bbox 2442 4713 2638 4767; x_wconf 88' lang='lat' dir='ltr'>dicens</span> <span class='ocrx_word' id='word_1_741' title='bbox 2659 4729 2670 4765; x_wconf 87' lang='lat'><strong>:</strong></span> <span class='ocrx_word' id='word_1_742' title='bbox 2693 4715 2894 4767; x_wconf 87' lang='lat' dir='ltr'>Instate</span> <span class='ocrx_word' id='word_1_743' title='bbox 2909 4713 3144 4766; x_wconf 80' lang='lat' dir='ltr'>orationi</span> <span class='ocrx_word' id='word_1_744' title='bbox 3166 4714 3455 4780; x_wconf 86' lang='lat' dir='ltr'>vigilantes</span> <span class='ocrx_word' id='word_1_745' title='bbox 3480 4715 3534 4766; x_wconf 89' lang='lat' dir='ltr'>in</span> <span class='ocrx_word' id='word_1_746' title='bbox 3561 4729 3624 4767; x_wconf 89' lang='lat' dir='ltr'>ea</span> <span class='ocrx_word' id='word_1_747' title='bbox 3653 4712 3903 4782; x_wconf 85' lang='lat' dir='ltr'>(Coloss.,</span> 
     </span>
    </p>
   </div>
   <div class='ocr_carea' id='block_1_99' title="bbox 2273 4804 3906 4876">
    <p class='ocr_par' dir='ltr' id='par_1_99' title="bbox 2273 4804 3906 4876">
     <span class='ocr_line' id='line_1_100' title="bbox 2273 4804 3906 4876; baseline -0.001 -16"><span class='ocrx_word' id='word_1_748' title='bbox 2273 4823 2344 4874; x_wconf 77' lang='lat' dir='ltr'>iv,</span> <span class='ocrx_word' id='word_1_749' title='bbox 2380 4807 2457 4876; x_wconf 76' lang='lat'>2).</span> <span class='ocrx_word' id='word_1_750' title='bbox 2506 4807 2644 4860; x_wconf 86' lang='lat' dir='ltr'>Nam</span> <span class='ocrx_word' id='word_1_751' title='bbox 2689 4810 2745 4859; x_wconf 90' lang='lat' dir='ltr'>et</span> <span class='ocrx_word' id='word_1_752' title='bbox 2785 4805 3024 4876; x_wconf 92' lang='lat' dir='ltr'>apostoli</span> <span class='ocrx_word' id='word_1_753' title='bbox 3077 4821 3240 4859; x_wconf 89' lang='lat' dir='ltr'>orare</span> <span class='ocrx_word' id='word_1_754' title='bbox 3289 4804 3483 4859; x_wconf 87' lang='lat' dir='ltr'>diebus</span> <span class='ocrx_word' id='word_1_755' title='bbox 3526 4822 3589 4858; x_wconf 92' lang='lat' dir='ltr'>ac</span> <span class='ocrx_word' id='word_1_756' title='bbox 3638 4804 3906 4859; x_wconf 89' lang='lat' dir='ltr'>noctibus</span> 
     </span>
    </p>
   </div>
   <div class='ocr_carea' id='block_1_100' title="bbox 2275 4897 3905 4970">
    <p class='ocr_par' dir='ltr' id='par_1_100' title="bbox 2275 4897 3905 4970">
     <span class='ocr_line' id='line_1_101' title="bbox 2275 4897 3905 4970; baseline 0.001 -17"><span class='ocrx_word' id='word_1_757' title='bbox 2275 4917 2388 4954; x_wconf 92' lang='lat' dir='ltr'>non</span> <span class='ocrx_word' id='word_1_758' title='bbox 2424 4899 2783 4965; x_wconf 89' lang='lat' dir='ltr'>destiterunt,</span> <span class='ocrx_word' id='word_1_759' title='bbox 2804 4903 2860 4952; x_wconf 91' lang='lat' dir='ltr'>et</span> <span class='ocrx_word' id='word_1_760' title='bbox 2891 4899 3164 4953; x_wconf 91' lang='lat' dir='ltr'>Dominus</span> <span class='ocrx_word' id='word_1_761' title='bbox 3189 4915 3415 4970; x_wconf 89' lang='lat' dir='ltr'>quoque</span> <span class='ocrx_word' id='word_1_762' title='bbox 3436 4899 3555 4970; x_wconf 90' lang='lat' dir='ltr'>ipse</span> <span class='ocrx_word' id='word_1_763' title='bbox 3585 4897 3905 4969; x_wconf 69' lang='lat' dir='ltr'>disciplinae</span> 
     </span>
    </p>
   </div>
   <div class='ocr_carea' id='block_1_101' title="bbox 2273 4991 3903 5065">
    <p class='ocr_par' dir='ltr' id='par_1_101' title="bbox 2273 4991 3903 5065">
     <span class='ocr_line' id='line_1_102' title="bbox 2273 4991 3903 5065; baseline -0.001 -19"><span class='ocrx_word' id='word_1_764' title='bbox 2273 4993 2548 5065; x_wconf 90' lang='lat' dir='ltr'>magister</span> <span class='ocrx_word' id='word_1_765' title='bbox 2574 4998 2628 5048; x_wconf 91' lang='lat' dir='ltr'>et</span> <span class='ocrx_word' id='word_1_766' title='bbox 2661 4992 2908 5063; x_wconf 85' lang='lat' dir='ltr'>exempli</span> <span class='ocrx_word' id='word_1_767' title='bbox 2937 4992 3110 5047; x_wconf 87' lang='lat' dir='ltr'>nostri</span> <span class='ocrx_word' id='word_1_768' title='bbox 3148 4992 3237 5048; x_wconf 89' lang='lat' dir='ltr'>via</span> <span class='ocrx_word' id='word_1_769' title='bbox 3276 4994 3610 5064; x_wconf 89' lang='lat' dir='ltr'>frequenter</span> <span class='ocrx_word' id='word_1_770' title='bbox 3651 4995 3707 5046; x_wconf 90' lang='lat' dir='ltr'>et</span> <span class='ocrx_word' id='word_1_771' title='bbox 3749 4991 3903 5063; x_wconf 87' lang='lat' dir='ltr'>vigi-</span> 
     </span>
    </p>
   </div>
   <div class='ocr_carea' id='block_1_102' title="bbox 1917 5129 2513 5193">
    <p class='ocr_par' dir='ltr' id='par_1_102' title="bbox 1917 5129 2513 5193">
     <span class='ocr_line' id='line_1_103' title="bbox 1917 5129 2513 5193; baseline -0.003 -1"><span class='ocrx_word' id='word_1_772' title='bbox 1917 5129 2125 5192; x_wconf 65' lang='lat' dir='ltr'>Variae</span> <span class='ocrx_word' id='word_1_773' title='bbox 2179 5129 2513 5193; x_wconf 91' lang='lat' dir='ltr'>lectiones.</span> 
     </span>
    </p>
   </div>
   <div class='ocr_carea' id='block_1_103' title="bbox 1183 5237 1670 5288">
    <p class='ocr_par' dir='ltr' id='par_1_103' title="bbox 1183 5237 1670 5288">
     <span class='ocr_line' id='line_1_104' title="bbox 1183 5237 1670 5288; baseline -0.006 0"><span class='ocrx_word' id='word_1_774' title='bbox 1183 5239 1223 5269; x_wconf 59' lang='lat'>93</span> <span class='ocrx_word' id='word_1_775' title='bbox 1269 5239 1476 5288; x_wconf 90' lang='lat' dir='ltr'>Tumor</span> <span class='ocrx_word' id='word_1_776' title='bbox 1525 5237 1670 5286; x_wconf 78' lang='lat' dir='ltr'>Corb.</span> 
     </span>
    </p>
   </div>
   <div class='ocr_carea' id='block_1_104' title="bbox 1201 5309 1696 5371">
    <p class='ocr_par' dir='ltr' id='par_1_104' title="bbox 1201 5309 1696 5371">
     <span class='ocr_line' id='line_1_105' title="bbox 1201 5309 1696 5371; baseline -0.006 -13"><span class='ocrx_word' id='word_1_777' title='bbox 1201 5311 1216 5339; x_wconf 87' lang='grc'><strong>³</strong></span> <span class='ocrx_word' id='word_1_778' title='bbox 1243 5310 1511 5371; x_wconf 84' lang='lat' dir='ltr'>Dignatur</span> <span class='ocrx_word' id='word_1_779' title='bbox 1542 5309 1696 5356; x_wconf 70' lang='lat' dir='ltr'>Oxon.</span> 
     </span>
    </p>
   </div>
   <div class='ocr_carea' id='block_1_105' title="bbox 610 5237 1092 5290">
    <p class='ocr_par' dir='ltr' id='par_1_105' title="bbox 610 5237 1092 5290">
     <span class='ocr_line' id='line_1_106' title="bbox 610 5237 1092 5290; baseline -0.004 -2"><span class='ocrx_word' id='word_1_780' title='bbox 610 5237 653 5272; x_wconf 77' lang='lat'><strong><em>97</em></strong></span> <span class='ocrx_word' id='word_1_781' title='bbox 684 5240 899 5290; x_wconf 87' lang='lat' dir='ltr'>Fecerit</span> <span class='ocrx_word' id='word_1_782' title='bbox 934 5241 999 5288; x_wconf 86' lang='grc' dir='ltr'>Μ.</span> <span class='ocrx_word' id='word_1_783' title='bbox 1040 5241 1092 5287; x_wconf 74' lang='grc' dir='ltr'>η.</span> 
     </span>
    </p>
   </div>
   <div class='ocr_carea' id='block_1_106' title="bbox 546 5309 1105 5429">
    <p class='ocr_par' dir='ltr' id='par_1_106' title="bbox 546 5309 1105 5429">
     <span class='ocr_line' id='line_1_107' title="bbox 548 5309 1105 5361; baseline -0.007 -1"><span class='ocrx_word' id='word_1_784' title='bbox 548 5309 691 5361; x_wconf 78' lang='lat' dir='ltr'>meis</span> <span class='ocrx_word' id='word_1_785' title='bbox 722 5309 858 5357; x_wconf 77' lang='lat' dir='ltr'>Voss.</span> <span class='ocrx_word' id='word_1_786' title='bbox 896 5311 939 5358; x_wconf 90' lang='lat'>1.</span> <span class='ocrx_word' id='word_1_787' title='bbox 971 5311 1105 5358; x_wconf 74' lang='lat' dir='ltr'>Pam.</span> 
     </span>
     <span class='ocr_line' id='line_1_108' title="bbox 546 5379 1105 5429; baseline -0.002 0"><span class='ocrx_word' id='word_1_788' title='bbox 546 5379 662 5429; x_wconf 86' lang='lat' dir='ltr'>Lin.</span> <span class='ocrx_word' id='word_1_789' title='bbox 751 5379 772 5413; x_wconf 75' lang='grc'><em>⁸</em></span> <span class='ocrx_word' id='word_1_790' title='bbox 795 5379 918 5428; x_wconf 93' lang='lat' dir='ltr'>Duo</span> <span class='ocrx_word' id='word_1_791' title='bbox 947 5392 1015 5429; x_wconf 88' lang='lat' dir='ltr'>ex</span> <span class='ocrx_word' id='word_1_792' title='bbox 1046 5392 1105 5428; x_wconf 89' lang='lat' dir='ltr'>vc</span> 
     </span>
    </p>
   </div>
   <div class='ocr_carea' id='block_1_107' title="bbox 552 5445 1532 5498">
    <p class='ocr_par' dir='ltr' id='par_1_107' title="bbox 552 5445 1532 5498">
     <span class='ocr_line' id='line_1_109' title="bbox 552 5445 1532 5498; baseline -0.004 0"><span class='ocrx_word' id='word_1_793' title='bbox 552 5445 666 5498; x_wconf 75' lang='grc' dir='ltr'>γει.</span> <span class='ocrx_word' id='word_1_794' title='bbox 696 5446 886 5496; x_wconf 85' lang='lat' dir='ltr'>innom.</span> <span class='ocrx_word' id='word_1_795' title='bbox 981 5447 1003 5481; x_wconf 80' lang='grc'>⁸</span> <span class='ocrx_word' id='word_1_796' title='bbox 1024 5449 1144 5498; x_wconf 88' lang='lat' dir='ltr'>Jam</span> <span class='ocrx_word' id='word_1_797' title='bbox 1171 5448 1300 5498; x_wconf 91' lang='lat' dir='ltr'>olim</span> <span class='ocrx_word' id='word_1_798' title='bbox 1330 5449 1532 5498; x_wconf 82' lang='lat' dir='ltr'>Erasm.</span> 
     </span>
    </p>
   </div>
   <div class='ocr_carea' id='block_1_108' title="bbox 1762 5234 3042 5295">
    <p class='ocr_par' dir='ltr' id='par_1_108' title="bbox 1762 5234 3042 5295">
     <span class='ocr_line' id='line_1_110' title="bbox 1762 5234 3042 5295; baseline -0.004 -8"><span class='ocrx_word' id='word_1_799' title='bbox 1762 5239 1804 5268; x_wconf 75' lang='lat'>99</span> <span class='ocrx_word' id='word_1_800' title='bbox 1832 5239 1893 5287; x_wconf 91' lang='lat' dir='ltr'>In</span> <span class='ocrx_word' id='word_1_801' title='bbox 1923 5240 2191 5287; x_wconf 89' lang='lat' dir='ltr'>tormenta</span> <span class='ocrx_word' id='word_1_802' title='bbox 2236 5241 2524 5295; x_wconf 86' lang='lat' dir='ltr'>venerunt,</span> <span class='ocrx_word' id='word_1_803' title='bbox 2577 5239 2846 5286; x_wconf 89' lang='lat' dir='ltr'>tormenta</span> <span class='ocrx_word' id='word_1_804' title='bbox 2895 5234 3042 5285; x_wconf 82' lang='lat' dir='ltr'>Corb.</span> 
     </span>
    </p>
   </div>
   <div class='ocr_carea' id='block_1_109' title="bbox 1787 5308 2801 5372">
    <p class='ocr_par' dir='ltr' id='par_1_109' title="bbox 1787 5308 2801 5372">
     <span class='ocr_line' id='line_1_111' title="bbox 1787 5308 2801 5372; baseline -0.004 -15"><span class='ocrx_word' id='word_1_805' title='bbox 1787 5311 1806 5340; x_wconf 82' lang='grc'><strong>⁴</strong></span> <span class='ocrx_word' id='word_1_806' title='bbox 1835 5308 2206 5372; x_wconf 85' lang='lat' dir='ltr'>Impetrabitis</span> <span class='ocrx_word' id='word_1_807' title='bbox 2231 5309 2349 5357; x_wconf 77' lang='grc' dir='ltr'>Βυίί.</span> <span class='ocrx_word' id='word_1_808' title='bbox 2386 5311 2404 5356; x_wconf 83' lang='grc'>1</span> <span class='ocrx_word' id='word_1_809' title='bbox 2471 5309 2576 5357; x_wconf 80' lang='lat' dir='ltr'>Vet.</span> <span class='ocrx_word' id='word_1_810' title='bbox 2615 5309 2801 5356; x_wconf 83' lang='lat' dir='ltr'>innom.</span> 
     </span>
    </p>
   </div>
   <div class='ocr_carea' id='block_1_110' title="bbox 751 5377 2846 5440">
    <p class='ocr_par' dir='ltr' id='par_1_110' title="bbox 751 5377 2846 5440">
     <span class='ocr_line' id='line_1_112' title="bbox 751 5377 2846 5440; baseline -0.002 -12"><span class='ocrx_word' id='word_1_811' title='bbox 751 5379 772 5413; x_wconf 76' lang='grc'><em>⁸</em></span> <span class='ocrx_word' id='word_1_812' title='bbox 795 5379 918 5428; x_wconf 93' lang='lat' dir='ltr'>Duo</span> <span class='ocrx_word' id='word_1_813' title='bbox 947 5392 1015 5429; x_wconf 88' lang='lat' dir='ltr'>ex</span> <span class='ocrx_word' id='word_1_814' title='bbox 1046 5379 1203 5429; x_wconf 88' lang='lat' dir='ltr'>vobis</span> <span class='ocrx_word' id='word_1_815' title='bbox 1237 5378 1600 5429; x_wconf 87' lang='lat' dir='ltr'>convenerint</span> <span class='ocrx_word' id='word_1_816' title='bbox 1628 5378 1748 5427; x_wconf 85' lang='lat' dir='ltr'>Bod.</span> <span class='ocrx_word' id='word_1_817' title='bbox 1785 5380 1830 5440; x_wconf 93' lang='lat'>1,</span> <span class='ocrx_word' id='word_1_818' title='bbox 1866 5381 1913 5430; x_wconf 90' lang='grc'>3.</span> <span class='ocrx_word' id='word_1_819' title='bbox 1967 5380 2102 5430; x_wconf 80' lang='lat' dir='ltr'>Voss.</span> <span class='ocrx_word' id='word_1_820' title='bbox 2145 5381 2191 5440; x_wconf 92' lang='lat'>1,</span> <span class='ocrx_word' id='word_1_821' title='bbox 2227 5377 2274 5427; x_wconf 76' lang='grc'>2.</span> <span class='ocrx_word' id='word_1_822' title='bbox 2322 5378 2692 5429; x_wconf 86' lang='lat' dir='ltr'>conveneritis</span> <span class='ocrx_word' id='word_1_823' title='bbox 2739 5378 2846 5440; x_wconf 84' lang='lat' dir='ltr'>Rig.</span> 
     </span>
    </p>
   </div>
   <div class='ocr_carea' id='block_1_111' title="bbox 3136 5234 3909 5286">
    <p class='ocr_par' dir='ltr' id='par_1_111' title="bbox 3136 5234 3909 5286">
     <span class='ocr_line' id='line_1_113' title="bbox 3136 5234 3909 5286; baseline 0.003 -2"><span class='ocrx_word' id='word_1_824' title='bbox 3136 5238 3148 5266; x_wconf 92' lang='grc'>¹</span> <span class='ocrx_word' id='word_1_825' title='bbox 3179 5235 3452 5285; x_wconf 87' lang='lat' dir='ltr'>Defecerit</span> <span class='ocrx_word' id='word_1_826' title='bbox 3482 5235 3636 5284; x_wconf 76' lang='lat' dir='ltr'>Oxon.</span> <span class='ocrx_word' id='word_1_827' title='bbox 3728 5234 3751 5268; x_wconf 77' lang='grc'>³</span> <span class='ocrx_word' id='word_1_828' title='bbox 3780 5235 3909 5286; x_wconf 80' lang='lat' dir='ltr'>Viis</span> 
     </span>
    </p>
   </div>
   <div class='ocr_carea' id='block_1_112' title="bbox 2891 5306 3908 5370">
    <p class='ocr_par' dir='ltr' id='par_1_112' title="bbox 2891 5306 3908 5370">
     <span class='ocr_line' id='line_1_114' title="bbox 2891 5306 3908 5370; baseline 0.001 -14"><span class='ocrx_word' id='word_1_829' title='bbox 2891 5309 2907 5339; x_wconf 80' lang='grc'><strong><em>⁵</em></strong></span> <span class='ocrx_word' id='word_1_830' title='bbox 2928 5307 3290 5356; x_wconf 85' lang='lat' dir='ltr'>Dissonanles</span> <span class='ocrx_word' id='word_1_831' title='bbox 3329 5320 3491 5356; x_wconf 88' lang='lat' dir='ltr'>voces</span> <span class='ocrx_word' id='word_1_832' title='bbox 3530 5311 3582 5356; x_wconf 87' lang='lat' dir='ltr'>et</span> <span class='ocrx_word' id='word_1_833' title='bbox 3608 5306 3908 5370; x_wconf 83' lang='lat' dir='ltr'>dissipatas</span> 
     </span>
    </p>
   </div>
   <div class='ocr_carea' id='block_1_113' title="bbox 2935 5376 3909 5441">
    <p class='ocr_par' dir='ltr' id='par_1_113' title="bbox 2935 5376 3909 5441">
     <span class='ocr_line' id='line_1_115' title="bbox 2935 5376 3909 5441; baseline 0.002 -14"><span class='ocrx_word' id='word_1_834' title='bbox 2935 5376 3316 5441; x_wconf 81' lang='lat' dir='ltr'>7Operaretur</span> <span class='ocrx_word' id='word_1_835' title='bbox 3365 5377 3476 5426; x_wconf 81' lang='lat' dir='ltr'>Lin.</span> <span class='ocrx_word' id='word_1_836' title='bbox 3526 5376 3594 5426; x_wconf 85' lang='lat' dir='ltr'>Et</span> <span class='ocrx_word' id='word_1_837' title='bbox 3640 5377 3909 5429; x_wconf 80' lang='lat' dir='ltr'>videmus</span> 
     </span>
    </p>
   </div>
   <div class='ocr_carea' id='block_1_114' title="bbox 1842 5511 2594 5592">
    <p class='ocr_par' dir='ltr' id='par_1_114' title="bbox 1842 5511 2594 5592">
     <span class='ocr_line' id='line_1_116' title="bbox 1842 5511 2594 5592; baseline -0.003 -18"><span class='ocrx_word' id='word_1_838' title='bbox 1842 5511 2064 5592; x_wconf 90' lang='lat' dir='ltr'>Steph.</span> <span class='ocrx_word' id='word_1_839' title='bbox 2114 5511 2355 5574; x_wconf 88' lang='lat' dir='ltr'>Baluzii</span> <span class='ocrx_word' id='word_1_840' title='bbox 2402 5515 2594 5574; x_wconf 73' lang='lat' dir='ltr'>notae.</span> 
     </span>
    </p>
   </div>
   <div class='ocr_carea' id='block_1_115' title="bbox 611 5617 2172 5682">
    <p class='ocr_par' dir='ltr' id='par_1_115' title="bbox 611 5617 2172 5682">
     <span class='ocr_line' id='line_1_117' title="bbox 611 5617 2172 5682; baseline 0.002 -15"><span class='ocrx_word' id='word_1_841' title='bbox 611 5618 709 5680; x_wconf 88' lang='lat'>(68)</span> <span class='ocrx_word' id='word_1_842' title='bbox 739 5617 1002 5669; x_wconf 80' lang='lat' dir='ltr'>Oriretur.</span> <span class='ocrx_word' id='word_1_843' title='bbox 1033 5620 1093 5669; x_wconf 92' lang='lat' dir='ltr'>In</span> <span class='ocrx_word' id='word_1_844' title='bbox 1138 5633 1249 5670; x_wconf 92' lang='lat' dir='ltr'>uno</span> <span class='ocrx_word' id='word_1_845' title='bbox 1280 5620 1473 5670; x_wconf 90' lang='lat' dir='ltr'>codice</span> <span class='ocrx_word' id='word_1_846' title='bbox 1510 5620 1657 5682; x_wconf 87' lang='lat' dir='ltr'>regio</span> <span class='ocrx_word' id='word_1_847' title='bbox 1688 5620 1907 5682; x_wconf 84' lang='lat' dir='ltr'>legitur,</span> <span class='ocrx_word' id='word_1_848' title='bbox 1941 5635 1970 5668; x_wconf 84' lang='lat'>«</span> <span class='ocrx_word' id='word_1_849' title='bbox 1992 5619 2172 5670; x_wconf 87' lang='lat' dir='ltr'>Vasti-</span> 
     </span>
    </p>
   </div>
   <div class='ocr_carea' id='block_1_116' title="bbox 542 5689 2169 5754">
    <p class='ocr_par' dir='ltr' id='par_1_116' title="bbox 542 5689 2169 5754">
     <span class='ocr_line' id='line_1_118' title="bbox 542 5689 2169 5754; baseline -0.001 -14"><span class='ocrx_word' id='word_1_850' title='bbox 542 5689 674 5740; x_wconf 85' lang='lat' dir='ltr'>tatis</span> <span class='ocrx_word' id='word_1_851' title='bbox 698 5689 869 5752; x_wconf 87' lang='lat' dir='ltr'>hujus</span> <span class='ocrx_word' id='word_1_852' title='bbox 899 5691 1188 5742; x_wconf 89' lang='lat' dir='ltr'>accederet</span> <span class='ocrx_word' id='word_1_853' title='bbox 1216 5697 1266 5741; x_wconf 88' lang='lat' dir='ltr'>et</span> <span class='ocrx_word' id='word_1_854' title='bbox 1291 5693 1528 5754; x_wconf 86' lang='lat' dir='ltr'>impetus</span> <span class='ocrx_word' id='word_1_855' title='bbox 1559 5692 1785 5741; x_wconf 71' lang='lat' dir='ltr'>malitiae</span> <span class='ocrx_word' id='word_1_856' title='bbox 1816 5695 2016 5740; x_wconf 57' lang='lat' dir='ltr'>nostra;</span> <span class='ocrx_word' id='word_1_857' title='bbox 2043 5703 2169 5753; x_wconf 85' lang='lat' dir='ltr'>erga</span> 
     </span>
    </p>
   </div>
   <div class='ocr_carea' id='block_1_117' title="bbox 544 5762 2168 5825">
    <p class='ocr_par' dir='ltr' id='par_1_117' title="bbox 544 5762 2168 5825">
     <span class='ocr_line' id='line_1_119' title="bbox 544 5762 2168 5825; baseline 0.002 -17"><span class='ocrx_word' id='word_1_858' title='bbox 544 5775 646 5811; x_wconf 90' lang='lat' dir='ltr'>nos</span> <span class='ocrx_word' id='word_1_859' title='bbox 673 5763 967 5824; x_wconf 85' lang='lat' dir='ltr'>ingrueret.</span> <span class='ocrx_word' id='word_1_860' title='bbox 996 5778 1024 5808; x_wconf 90' lang='lat'>»</span> <span class='ocrx_word' id='word_1_861' title='bbox 1055 5763 1162 5813; x_wconf 83' lang='lat' dir='ltr'>Sed</span> <span class='ocrx_word' id='word_1_862' title='bbox 1191 5765 1281 5812; x_wconf 89' lang='lat' dir='ltr'>alii</span> <span class='ocrx_word' id='word_1_863' title='bbox 1310 5762 1530 5813; x_wconf 87' lang='lat' dir='ltr'>codices</span> <span class='ocrx_word' id='word_1_864' title='bbox 1558 5767 1866 5825; x_wconf 85' lang='lat' dir='ltr'>repugnant</span> <span class='ocrx_word' id='word_1_865' title='bbox 1893 5766 1948 5812; x_wconf 90' lang='lat' dir='ltr'>et</span> <span class='ocrx_word' id='word_1_866' title='bbox 1973 5775 2168 5812; x_wconf 86' lang='lat' dir='ltr'>omnes</span> 
     </span>
    </p>
   </div>
   <div class='ocr_carea' id='block_1_118' title="bbox 541 5830 2166 5897">
    <p class='ocr_par' dir='ltr' id='par_1_118' title="bbox 541 5830 2166 5897">
     <span class='ocr_line' id='line_1_120' title="bbox 541 5830 2166 5897; baseline 0 -17"><span class='ocrx_word' id='word_1_867' title='bbox 541 5830 828 5886; x_wconf 86' lang='lat' dir='ltr'>editiones.</span> <span class='ocrx_word' id='word_1_868' title='bbox 864 5835 926 5884; x_wconf 84' lang='lat' dir='ltr'>In</span> <span class='ocrx_word' id='word_1_869' title='bbox 969 5835 1346 5885; x_wconf 83' lang='lat' dir='ltr'>vetustissimo</span> <span class='ocrx_word' id='word_1_870' title='bbox 1390 5833 1582 5885; x_wconf 89' lang='lat' dir='ltr'>codice</span> <span class='ocrx_word' id='word_1_871' title='bbox 1628 5833 1950 5896; x_wconf 79' lang='lat' dir='ltr'>Remigiano</span> <span class='ocrx_word' id='word_1_872' title='bbox 1994 5832 2166 5897; x_wconf 89' lang='lat' dir='ltr'>scrip-</span> 
     </span>
    </p>
   </div>
   <div class='ocr_carea' id='block_1_119' title="bbox 2272 5617 3906 5682">
    <p class='ocr_par' dir='ltr' id='par_1_119' title="bbox 2272 5617 3906 5682">
     <span class='ocr_line' id='line_1_121' title="bbox 2272 5617 3906 5682; baseline 0.001 -14"><span class='ocrx_word' id='word_1_873' title='bbox 2272 5622 2390 5668; x_wconf 86' lang='lat' dir='ltr'>tum</span> <span class='ocrx_word' id='word_1_874' title='bbox 2429 5623 2514 5670; x_wconf 90' lang='lat' dir='ltr'>est</span> <span class='ocrx_word' id='word_1_875' title='bbox 2551 5633 2561 5666; x_wconf 95' lang='lat'><strong>:</strong></span> <span class='ocrx_word' id='word_1_876' title='bbox 2615 5634 2641 5666; x_wconf 85' lang='lat'><strong>«</strong></span> <span class='ocrx_word' id='word_1_877' title='bbox 2668 5619 2993 5682; x_wconf 87' lang='lat' dir='ltr'>Tempestas</span> <span class='ocrx_word' id='word_1_878' title='bbox 3028 5617 3353 5668; x_wconf 86' lang='lat' dir='ltr'>vastationis</span> <span class='ocrx_word' id='word_1_879' title='bbox 3378 5617 3551 5681; x_wconf 89' lang='lat' dir='ltr'>hujus</span> <span class='ocrx_word' id='word_1_880' title='bbox 3579 5619 3833 5669; x_wconf 82' lang='lat' dir='ltr'>oriretur.</span> <span class='ocrx_word' id='word_1_881' title='bbox 3870 5635 3906 5669; x_wconf 63' lang='grc' dir='ltr'><strong>ι</strong></span> 
     </span>
    </p>
   </div>
   <div class='ocr_carea' id='block_1_120' title="bbox 2268 5689 3908 5811">
    <p class='ocr_par' dir='ltr' id='par_1_120' title="bbox 2268 5689 3908 5811">
     <span class='ocr_line' id='line_1_122' title="bbox 2270 5689 3908 5754; baseline 0.002 -16"><span class='ocrx_word' id='word_1_882' title='bbox 2270 5691 2329 5738; x_wconf 90' lang='lat' dir='ltr'>In</span> <span class='ocrx_word' id='word_1_883' title='bbox 2381 5689 2719 5740; x_wconf 88' lang='lat' dir='ltr'>Lamoniano</span> <span class='ocrx_word' id='word_1_884' title='bbox 2765 5705 2774 5738; x_wconf 93' lang='lat'><strong>:</strong></span> <span class='ocrx_word' id='word_1_885' title='bbox 2828 5705 2858 5737; x_wconf 69' lang='grc' dir='ltr'>(ς</span> <span class='ocrx_word' id='word_1_886' title='bbox 2895 5690 3219 5754; x_wconf 87' lang='lat' dir='ltr'>Tempestas</span> <span class='ocrx_word' id='word_1_887' title='bbox 3274 5690 3442 5741; x_wconf 85' lang='lat' dir='ltr'>vastis</span> <span class='ocrx_word' id='word_1_888' title='bbox 3488 5689 3653 5754; x_wconf 82' lang='lat' dir='ltr'>hujus</span> <span class='ocrx_word' id='word_1_889' title='bbox 3702 5702 3908 5753; x_wconf 81' lang='lat' dir='ltr'>opera-</span> 
     </span>
     <span class='ocr_line' id='line_1_123' title="bbox 2268 5763 2493 5811; baseline -0.013 -2"><span class='ocrx_word' id='word_1_890' title='bbox 2268 5763 2436 5811; x_wconf 89' lang='lat' dir='ltr'>retur.</span> <span class='ocrx_word' id='word_1_891' title='bbox 2465 5778 2493 5806; x_wconf 85' lang='lat'><strong>»</strong></span> 
     </span>
    </p>
   </div>
  </div>
