  <div class='ocr_page' id='page_1' title='image "/cluster/home/n/w/nwhite01/storage/ocr_20150623/4/hvd.32044073549446/130.png"; bbox 0 0 4160 6216; ppageno 0'>
   <div class='ocr_carea' id='block_1_1' title="bbox 282 215 2127 273">
    <p class='ocr_par' dir='ltr' id='par_1_1' title="bbox 282 215 2127 273">
     <span class='ocr_line' id='line_1_1' title="bbox 282 215 2127 273; baseline 0.002 -6"><span class='ocrx_word' id='word_1_1' title='bbox 282 215 355 267; x_wconf 72' lang='grc'>249</span> <span class='ocrx_word' id='word_1_2' title='bbox 1660 216 1979 273; x_wconf 77' lang='lat' dir='ltr'><strong>EPISTOLA</strong></span> <span class='ocrx_word' id='word_1_3' title='bbox 2018 219 2127 273; x_wconf 76' lang='grc' dir='ltr'><strong>νη.</strong></span> 
     </span>
    </p>
   </div>
   <div class='ocr_carea' id='block_1_2' title="bbox 3476 219 3577 274">
    <p class='ocr_par' dir='ltr' id='par_1_2' title="bbox 3476 219 3577 274">
     <span class='ocr_line' id='line_1_2' title="bbox 3476 219 3577 274; baseline 0.01 -1"><span class='ocrx_word' id='word_1_4' title='bbox 3476 219 3577 274; x_wconf 78' lang='lat'>250</span> 
     </span>
    </p>
   </div>
   <div class='ocr_carea' id='block_1_3' title="bbox 276 338 3570 426">
    <p class='ocr_par' dir='ltr' id='par_1_3' title="bbox 276 338 3570 426">
     <span class='ocr_line' id='line_1_3' title="bbox 276 338 3570 426; baseline 0.001 -33"><span class='ocrx_word' id='word_1_5' title='bbox 276 342 422 393; x_wconf 76' lang='lat' dir='ltr'>laeter</span> <span class='ocrx_word' id='word_1_6' title='bbox 450 338 636 404; x_wconf 89' lang='lat' dir='ltr'>oravit,</span> <span class='ocrx_word' id='word_1_7' title='bbox 676 338 818 393; x_wconf 99' lang='lat' dir='ltr'>sicut</span> <span class='ocrx_word' id='word_1_8' title='bbox 845 338 899 393; x_wconf 91' lang='lat' dir='ltr'>in</span> <span class='ocrx_word' id='word_1_9' title='bbox 932 339 1236 410; x_wconf 81' lang='lat' dir='ltr'>Evangelia</span> <span class='ocrx_word' id='word_1_10' title='bbox 1272 340 1518 411; x_wconf 84' lang='lat' dir='ltr'>legimus</span> <span class='ocrx_word' id='word_1_11' title='bbox 1550 357 1563 393; x_wconf 90' lang='lat'><strong>:</strong></span> <span class='ocrx_word' id='word_1_12' title='bbox 1598 344 1747 397; x_wconf 71' lang='lat' dir='ltr'>Emiit</span> <span class='ocrx_word' id='word_1_13' title='bbox 1779 344 1838 395; x_wconf 86' lang='lat' dir='ltr'>in</span> <span class='ocrx_word' id='word_1_14' title='bbox 1862 342 2056 426; x_wconf 77' lang='lat' dir='ltr'>Ajam</span> <span class='ocrx_word' id='word_1_15' title='bbox 2094 344 2288 411; x_wconf 88' lang='lat' dir='ltr'>pectus</span> <span class='ocrx_word' id='word_1_16' title='bbox 2320 340 2584 395; x_wconf 90' lang='lat' dir='ltr'>illecebra</span> <span class='ocrx_word' id='word_1_17' title='bbox 2615 341 2896 396; x_wconf 69' lang='lat' dir='ltr'>saecularis</span> <span class='ocrx_word' id='word_1_18' title='bbox 2928 344 3175 409; x_wconf 89' lang='lat' dir='ltr'>enervet,</span> <span class='ocrx_word' id='word_1_19' title='bbox 3206 344 3291 397; x_wconf 89' lang='lat' dir='ltr'>vel</span> <span class='ocrx_word' id='word_1_20' title='bbox 3336 359 3409 397; x_wconf 90' lang='lat' dir='ltr'>ne</span> <span class='ocrx_word' id='word_1_21' title='bbox 3452 344 3570 397; x_wconf 88' lang='lat' dir='ltr'>lar-</span> 
     </span>
    </p>
   </div>
   <div class='ocr_carea' id='block_1_4' title="bbox 272 436 1835 503">
    <p class='ocr_par' dir='ltr' id='par_1_4' title="bbox 272 436 1835 503">
     <span class='ocr_line' id='line_1_4' title="bbox 272 436 1835 503; baseline 0.001 -16"><span class='ocrx_word' id='word_1_22' title='bbox 272 440 460 487; x_wconf 81' lang='lat' dir='ltr'>montem</span> <span class='ocrx_word' id='word_1_23' title='bbox 476 449 641 497; x_wconf 83' lang='lat' dir='ltr'>orare,</span> <span class='ocrx_word' id='word_1_24' title='bbox 666 440 717 487; x_wconf 84' lang='lat' dir='ltr'>et</span> <span class='ocrx_word' id='word_1_25' title='bbox 734 436 845 500; x_wconf 85' lang='lat' dir='ltr'>fuit</span> <span class='ocrx_word' id='word_1_26' title='bbox 862 441 1181 503; x_wconf 80' lang='lat' dir='ltr'>pernoctans</span> <span class='ocrx_word' id='word_1_27' title='bbox 1206 438 1262 489; x_wconf 86' lang='lat' dir='ltr'>in</span> <span class='ocrx_word' id='word_1_28' title='bbox 1289 438 1531 490; x_wconf 87' lang='lat' dir='ltr'>oratione</span> <span class='ocrx_word' id='word_1_29' title='bbox 1552 438 1648 490; x_wconf 85' lang='lat' dir='ltr'>Dei</span> <span class='ocrx_word' id='word_1_30' title='bbox 1667 437 1835 503; x_wconf 67' lang='lat' dir='ltr'>(Lua,</span> 
     </span>
    </p>
   </div>
   <div class='ocr_carea' id='block_1_5' title="bbox 272 528 1836 600">
    <p class='ocr_par' dir='ltr' id='par_1_5' title="bbox 272 528 1836 600">
     <span class='ocr_line' id='line_1_5' title="bbox 272 528 1836 600; baseline 0.003 -22"><span class='ocrx_word' id='word_1_31' title='bbox 272 544 326 592; x_wconf 70' lang='grc' dir='ltr'>υ,</span> <span class='ocrx_word' id='word_1_32' title='bbox 351 530 434 592; x_wconf 74' lang='lat' dir='ltr'>l2).</span> <span class='ocrx_word' id='word_1_33' title='bbox 459 528 517 581; x_wconf 87' lang='lat' dir='ltr'>Et</span> <span class='ocrx_word' id='word_1_34' title='bbox 543 528 762 599; x_wconf 89' lang='lat' dir='ltr'>utique,</span> <span class='ocrx_word' id='word_1_35' title='bbox 785 530 937 600; x_wconf 88' lang='lat' dir='ltr'>quod</span> <span class='ocrx_word' id='word_1_36' title='bbox 967 530 1165 584; x_wconf 88' lang='lat' dir='ltr'>orabat</span> <span class='ocrx_word' id='word_1_37' title='bbox 1192 529 1390 583; x_wconf 86' lang='lat' dir='ltr'>orabat</span> <span class='ocrx_word' id='word_1_38' title='bbox 1412 530 1505 582; x_wconf 89' lang='lat' dir='ltr'>ille</span> <span class='ocrx_word' id='word_1_39' title='bbox 1535 547 1635 599; x_wconf 86' lang='lat' dir='ltr'>pro</span> <span class='ocrx_word' id='word_1_40' title='bbox 1660 529 1836 595; x_wconf 86' lang='lat' dir='ltr'>nobis,</span> 
     </span>
    </p>
   </div>
   <div class='ocr_carea' id='block_1_6' title="bbox 268 623 1837 694">
    <p class='ocr_par' dir='ltr' id='par_1_6' title="bbox 268 623 1837 694">
     <span class='ocr_line' id='line_1_6' title="bbox 268 623 1837 694; baseline 0.003 -21"><span class='ocrx_word' id='word_1_41' title='bbox 268 637 366 673; x_wconf 63' lang='lat' dir='ltr'>tum</span> <span class='ocrx_word' id='word_1_42' title='bbox 404 624 646 690; x_wconf 76' lang='lat' dir='ltr'>peccator</span> <span class='ocrx_word' id='word_1_43' title='bbox 687 623 805 694; x_wconf 91' lang='lat' dir='ltr'>ipse</span> <span class='ocrx_word' id='word_1_44' title='bbox 848 640 962 678; x_wconf 92' lang='lat' dir='ltr'>non</span> <span class='ocrx_word' id='word_1_45' title='bbox 1001 627 1164 689; x_wconf 83' lang='lat' dir='ltr'>esset,</span> <span class='ocrx_word' id='word_1_46' title='bbox 1210 623 1305 677; x_wconf 91' lang='lat' dir='ltr'>sed</span> <span class='ocrx_word' id='word_1_47' title='bbox 1344 623 1527 677; x_wconf 89' lang='lat' dir='ltr'>aliena</span> <span class='ocrx_word' id='word_1_48' title='bbox 1568 624 1837 692; x_wconf 74' lang='lat' dir='ltr'>peccata9</span> 
     </span>
    </p>
   </div>
   <div class='ocr_carea' id='block_1_7' title="bbox 265 716 1841 788">
    <p class='ocr_par' dir='ltr' id='par_1_7' title="bbox 265 716 1841 788">
     <span class='ocr_line' id='line_1_7' title="bbox 265 716 1841 788; baseline 0.001 -21"><span class='ocrx_word' id='word_1_49' title='bbox 265 717 491 785; x_wconf 81' lang='lat' dir='ltr'>portaret.</span> <span class='ocrx_word' id='word_1_50' title='bbox 514 716 661 769; x_wconf 81' lang='lat' dir='ltr'>Adeo</span> <span class='ocrx_word' id='word_1_51' title='bbox 687 722 878 771; x_wconf 89' lang='lat' dir='ltr'>autem</span> <span class='ocrx_word' id='word_1_52' title='bbox 910 734 1011 788; x_wconf 91' lang='lat' dir='ltr'>pro</span> <span class='ocrx_word' id='word_1_53' title='bbox 1040 717 1200 771; x_wconf 91' lang='lat' dir='ltr'>nobis</span> <span class='ocrx_word' id='word_1_54' title='bbox 1228 718 1318 771; x_wconf 94' lang='lat' dir='ltr'>ille</span> <span class='ocrx_word' id='word_1_55' title='bbox 1345 717 1753 787; x_wconf 81' lang='lat' dir='ltr'>deprecabatur</span> <span class='ocrx_word' id='word_1_56' title='bbox 1781 720 1841 770; x_wconf 90' lang='lat' dir='ltr'>ut</span> 
     </span>
    </p>
   </div>
   <div class='ocr_carea' id='block_1_8' title="bbox 264 809 1834 877">
    <p class='ocr_par' dir='ltr' id='par_1_8' title="bbox 264 809 1834 877">
     <span class='ocr_line' id='line_1_8' title="bbox 264 809 1834 877; baseline 0.003 -17"><span class='ocrx_word' id='word_1_57' title='bbox 264 809 480 877; x_wconf 80' lang='lat' dir='ltr'>legamus</span> <span class='ocrx_word' id='word_1_58' title='bbox 504 810 613 863; x_wconf 85' lang='lat' dir='ltr'>alio</span> <span class='ocrx_word' id='word_1_59' title='bbox 638 809 764 864; x_wconf 93' lang='lat' dir='ltr'>loco</span> <span class='ocrx_word' id='word_1_60' title='bbox 788 827 800 863; x_wconf 91' lang='lat'>:</span> <span class='ocrx_word' id='word_1_61' title='bbox 828 814 978 865; x_wconf 70' lang='lat' dir='ltr'>Diurit</span> <span class='ocrx_word' id='word_1_62' title='bbox 1002 817 1183 865; x_wconf 86' lang='lat' dir='ltr'>autem</span> <span class='ocrx_word' id='word_1_63' title='bbox 1204 812 1461 865; x_wconf 79' lang='lat' dir='ltr'>Dominus</span> <span class='ocrx_word' id='word_1_64' title='bbox 1490 812 1563 865; x_wconf 87' lang='lat' dir='ltr'>ad</span> <span class='ocrx_word' id='word_1_65' title='bbox 1580 813 1834 866; x_wconf 83' lang='lat' dir='ltr'>Petrum:</span> 
     </span>
    </p>
   </div>
   <div class='ocr_carea' id='block_1_9' title="bbox 260 903 1834 973">
    <p class='ocr_par' dir='ltr' id='par_1_9' title="bbox 260 903 1834 973">
     <span class='ocr_line' id='line_1_9' title="bbox 260 903 1834 973; baseline 0.001 -16"><span class='ocrx_word' id='word_1_66' title='bbox 260 905 362 957; x_wconf 80' lang='lat' dir='ltr'>Ecce</span> <span class='ocrx_word' id='word_1_67' title='bbox 392 903 616 958; x_wconf 82' lang='lat' dir='ltr'>Satanas</span> <span class='ocrx_word' id='word_1_68' title='bbox 650 905 945 972; x_wconf 75' lang='lat' dir='ltr'>postulavit</span> <span class='ocrx_word' id='word_1_69' title='bbox 972 910 1033 959; x_wconf 89' lang='lat' dir='ltr'>ut</span> <span class='ocrx_word' id='word_1_70' title='bbox 1066 921 1157 959; x_wconf 85' lang='lat' dir='ltr'>vos</span> <span class='ocrx_word' id='word_1_71' title='bbox 1192 909 1411 959; x_wconf 66' lang='lat' dir='ltr'>vexaret</span> <span class='ocrx_word' id='word_1_72' title='bbox 1446 905 1704 973; x_wconf 84' lang='lat' dir='ltr'>quomodo</span> <span class='ocrx_word' id='word_1_73' title='bbox 1738 907 1834 958; x_wconf 85' lang='lat' dir='ltr'>tri-</span> 
     </span>
    </p>
   </div>
   <div class='ocr_carea' id='block_1_10' title="bbox 261 999 1837 1067">
    <p class='ocr_par' dir='ltr' id='par_1_10' title="bbox 261 999 1837 1067">
     <span class='ocr_line' id='line_1_10' title="bbox 261 999 1837 1067; baseline 0.005 -22"><span class='ocrx_word' id='word_1_74' title='bbox 261 999 404 1049; x_wconf 82' lang='lat' dir='ltr'>ticum.</span> <span class='ocrx_word' id='word_1_75' title='bbox 440 999 547 1063; x_wconf 83' lang='lat' dir='ltr'>Ego</span> <span class='ocrx_word' id='word_1_76' title='bbox 587 1002 763 1051; x_wconf 86' lang='lat' dir='ltr'>autem</span> <span class='ocrx_word' id='word_1_77' title='bbox 800 1000 993 1066; x_wconf 81' lang='lat' dir='ltr'>rogavi</span> <span class='ocrx_word' id='word_1_78' title='bbox 1020 1014 1120 1067; x_wconf 85' lang='lat' dir='ltr'>pro</span> <span class='ocrx_word' id='word_1_79' title='bbox 1165 1005 1213 1053; x_wconf 90' lang='lat' dir='ltr'>te</span> <span class='ocrx_word' id='word_1_80' title='bbox 1240 1015 1304 1052; x_wconf 91' lang='lat' dir='ltr'>ne</span> <span class='ocrx_word' id='word_1_81' title='bbox 1332 1000 1543 1067; x_wconf 71' lang='lat' dir='ltr'>deﬁciat</span> <span class='ocrx_word' id='word_1_82' title='bbox 1571 999 1700 1066; x_wconf 82' lang='lat' dir='ltr'>ﬁdes</span> <span class='ocrx_word' id='word_1_83' title='bbox 1743 1005 1837 1053; x_wconf 83' lang='lat' dir='ltr'>tua</span> 
     </span>
    </p>
   </div>
   <div class='ocr_carea' id='block_1_11' title="bbox 260 1090 1837 1161">
    <p class='ocr_par' dir='ltr' id='par_1_11' title="bbox 260 1090 1837 1161">
     <span class='ocr_line' id='line_1_11' title="bbox 260 1090 1837 1161; baseline 0.001 -18"><span class='ocrx_word' id='word_1_84' title='bbox 260 1090 397 1155; x_wconf 64' lang='lat' dir='ltr'>(Luc,</span> <span class='ocrx_word' id='word_1_85' title='bbox 433 1105 557 1154; x_wconf 84' lang='lat' dir='ltr'>xm,</span> <span class='ocrx_word' id='word_1_86' title='bbox 596 1092 705 1159; x_wconf 90' lang='grc'>31).</span> <span class='ocrx_word' id='word_1_87' title='bbox 740 1090 900 1154; x_wconf 88' lang='lat' dir='ltr'>Quod</span> <span class='ocrx_word' id='word_1_88' title='bbox 940 1092 987 1144; x_wconf 88' lang='lat' dir='ltr'>si</span> <span class='ocrx_word' id='word_1_89' title='bbox 1030 1109 1130 1161; x_wconf 89' lang='lat' dir='ltr'>pro</span> <span class='ocrx_word' id='word_1_90' title='bbox 1173 1092 1336 1146; x_wconf 90' lang='lat' dir='ltr'>nobis</span> <span class='ocrx_word' id='word_1_91' title='bbox 1374 1108 1435 1145; x_wconf 91' lang='lat' dir='ltr'>ac</span> <span class='ocrx_word' id='word_1_92' title='bbox 1476 1108 1577 1161; x_wconf 92' lang='lat' dir='ltr'>pro</span> <span class='ocrx_word' id='word_1_93' title='bbox 1617 1092 1837 1146; x_wconf 77' lang='lat' dir='ltr'>delictis</span> 
     </span>
    </p>
   </div>
   <div class='ocr_carea' id='block_1_12' title="bbox 257 1182 1834 1256">
    <p class='ocr_par' dir='ltr' id='par_1_12' title="bbox 257 1182 1834 1256">
     <span class='ocr_line' id='line_1_12' title="bbox 257 1182 1834 1256; baseline 0.003 -22"><span class='ocrx_word' id='word_1_94' title='bbox 257 1183 424 1235; x_wconf 86' lang='lat' dir='ltr'>nostris</span> <span class='ocrx_word' id='word_1_95' title='bbox 465 1182 559 1237; x_wconf 91' lang='lat' dir='ltr'>illc</span> <span class='ocrx_word' id='word_1_96' title='bbox 610 1187 668 1237; x_wconf 92' lang='lat' dir='ltr'>et</span> <span class='ocrx_word' id='word_1_97' title='bbox 711 1184 1007 1239; x_wconf 80' lang='lat' dir='ltr'>laborabat</span> <span class='ocrx_word' id='word_1_98' title='bbox 1053 1192 1110 1239; x_wconf 89' lang='lat' dir='ltr'>et</span> <span class='ocrx_word' id='word_1_99' title='bbox 1152 1185 1425 1256; x_wconf 75' lang='lat' dir='ltr'>vigilabat</span> <span class='ocrx_word' id='word_1_100' title='bbox 1470 1189 1527 1240; x_wconf 89' lang='lat' dir='ltr'>et</span> <span class='ocrx_word' id='word_1_101' title='bbox 1568 1185 1834 1256; x_wconf 89' lang='lat' dir='ltr'>precaba-</span> 
     </span>
    </p>
   </div>
   <div class='ocr_carea' id='block_1_13' title="bbox 257 1278 1834 1349">
    <p class='ocr_par' dir='ltr' id='par_1_13' title="bbox 257 1278 1834 1349">
     <span class='ocr_line' id='line_1_13' title="bbox 257 1278 1834 1349; baseline 0.003 -21"><span class='ocrx_word' id='word_1_102' title='bbox 257 1278 342 1342; x_wconf 95' lang='lat' dir='ltr'>tur,</span> <span class='ocrx_word' id='word_1_103' title='bbox 378 1282 581 1346; x_wconf 86' lang='lat' dir='ltr'>quanto</span> <span class='ocrx_word' id='word_1_104' title='bbox 608 1293 709 1331; x_wconf 90' lang='lat' dir='ltr'>nos</span> <span class='ocrx_word' id='word_1_105' title='bbox 739 1279 919 1348; x_wconf 88' lang='lat' dir='ltr'>magis</span> <span class='ocrx_word' id='word_1_106' title='bbox 958 1279 1215 1333; x_wconf 84' lang='lat' dir='ltr'>insistere</span> <span class='ocrx_word' id='word_1_107' title='bbox 1252 1280 1515 1349; x_wconf 85' lang='lat' dir='ltr'>precibus</span> <span class='ocrx_word' id='word_1_108' title='bbox 1554 1287 1608 1333; x_wconf 88' lang='lat' dir='ltr'>et</span> <span class='ocrx_word' id='word_1_109' title='bbox 1649 1295 1834 1346; x_wconf 90' lang='lat' dir='ltr'>orare,</span> 
     </span>
    </p>
   </div>
   <div class='ocr_carea' id='block_1_14' title="bbox 257 1370 1839 1443">
    <p class='ocr_par' dir='ltr' id='par_1_14' title="bbox 257 1370 1839 1443">
     <span class='ocr_line' id='line_1_14' title="bbox 257 1370 1839 1443; baseline 0.003 -21"><span class='ocrx_word' id='word_1_110' title='bbox 257 1376 296 1422; x_wconf 88' lang='lat' dir='ltr'>et</span> <span class='ocrx_word' id='word_1_111' title='bbox 321 1370 487 1439; x_wconf 89' lang='lat' dir='ltr'>primo</span> <span class='ocrx_word' id='word_1_112' title='bbox 524 1371 711 1441; x_wconf 90' lang='lat' dir='ltr'>ipsum</span> <span class='ocrx_word' id='word_1_113' title='bbox 750 1372 1056 1426; x_wconf 87' lang='lat' dir='ltr'>Dominum</span> <span class='ocrx_word' id='word_1_114' title='bbox 1092 1389 1315 1443; x_wconf 90' lang='lat' dir='ltr'>rogare,</span> <span class='ocrx_word' id='word_1_115' title='bbox 1346 1377 1469 1427; x_wconf 89' lang='lat' dir='ltr'>tum</span> <span class='ocrx_word' id='word_1_116' title='bbox 1504 1374 1705 1427; x_wconf 89' lang='lat' dir='ltr'>deinde</span> <span class='ocrx_word' id='word_1_117' title='bbox 1736 1390 1839 1443; x_wconf 86' lang='lat' dir='ltr'>per</span> 
     </span>
    </p>
   </div>
   <div class='ocr_carea' id='block_1_15' title="bbox 256 1464 1838 1532">
    <p class='ocr_par' dir='ltr' id='par_1_15' title="bbox 256 1464 1838 1532">
     <span class='ocr_line' id='line_1_15' title="bbox 256 1464 1838 1532; baseline 0.004 -18"><span class='ocrx_word' id='word_1_118' title='bbox 256 1464 404 1532; x_wconf 84' lang='lat' dir='ltr'>ipsum</span> <span class='ocrx_word' id='word_1_119' title='bbox 453 1465 570 1518; x_wconf 90' lang='lat' dir='ltr'>Deo</span> <span class='ocrx_word' id='word_1_120' title='bbox 624 1466 771 1520; x_wconf 86' lang='lat' dir='ltr'>Patri</span> <span class='ocrx_word' id='word_1_121' title='bbox 825 1467 1142 1521; x_wconf 83' lang='lat' dir='ltr'>satisfacere</span> <span class='ocrx_word' id='word_1_122' title='bbox 1201 1467 1508 1522; x_wconf 85' lang='lat' dir='ltr'>debemus?</span> <span class='ocrx_word' id='word_1_123' title='bbox 1561 1467 1838 1521; x_wconf 87' lang='lat' dir='ltr'>Habemus</span> 
     </span>
    </p>
   </div>
   <div class='ocr_carea' id='block_1_16' title="bbox 255 1557 1839 1632">
    <p class='ocr_par' dir='ltr' id='par_1_16' title="bbox 255 1557 1839 1632">
     <span class='ocr_line' id='line_1_16' title="bbox 255 1557 1839 1632; baseline 0.003 -22"><span class='ocrx_word' id='word_1_124' title='bbox 255 1557 552 1613; x_wconf 79' lang='lat' dir='ltr'>advocatum</span> <span class='ocrx_word' id='word_1_125' title='bbox 603 1563 658 1613; x_wconf 90' lang='lat' dir='ltr'>et</span> <span class='ocrx_word' id='word_1_126' title='bbox 707 1560 1138 1630; x_wconf 85' lang='lat' dir='ltr'>deprecatorem</span> <span class='ocrx_word' id='word_1_127' title='bbox 1189 1578 1290 1632; x_wconf 91' lang='lat' dir='ltr'>pro</span> <span class='ocrx_word' id='word_1_128' title='bbox 1340 1562 1585 1631; x_wconf 85' lang='lat' dir='ltr'>peccatis</span> <span class='ocrx_word' id='word_1_129' title='bbox 1634 1561 1839 1615; x_wconf 88' lang='lat' dir='ltr'>nostris</span> 
     </span>
    </p>
   </div>
   <div class='ocr_carea' id='block_1_17' title="bbox 253 1652 1835 1721">
    <p class='ocr_par' dir='ltr' id='par_1_17' title="bbox 253 1652 1835 1721">
     <span class='ocr_line' id='line_1_17' title="bbox 253 1652 1835 1721; baseline 0.003 -17"><span class='ocrx_word' id='word_1_130' title='bbox 253 1652 406 1705; x_wconf 85' lang='lat' dir='ltr'>lesum</span> <span class='ocrx_word' id='word_1_131' title='bbox 447 1652 737 1708; x_wconf 86' lang='lat' dir='ltr'>Christum</span> <span class='ocrx_word' id='word_1_132' title='bbox 780 1655 1092 1709; x_wconf 90' lang='lat' dir='ltr'>Dominum</span> <span class='ocrx_word' id='word_1_133' title='bbox 1143 1658 1200 1710; x_wconf 89' lang='lat' dir='ltr'>et</span> <span class='ocrx_word' id='word_1_134' title='bbox 1243 1657 1421 1711; x_wconf 90' lang='lat' dir='ltr'>Deum</span> <span class='ocrx_word' id='word_1_135' title='bbox 1469 1660 1742 1721; x_wconf 89' lang='lat' dir='ltr'>nostrum,</span> <span class='ocrx_word' id='word_1_136' title='bbox 1790 1656 1835 1709; x_wconf 89' lang='lat' dir='ltr'>si</span> 
     </span>
    </p>
   </div>
   <div class='ocr_carea' id='block_1_18' title="bbox 1942 435 3565 507">
    <p class='ocr_par' dir='ltr' id='par_1_18' title="bbox 1942 435 3565 507">
     <span class='ocr_line' id='line_1_18' title="bbox 1942 435 3565 507; baseline 0.002 -19"><span class='ocrx_word' id='word_1_137' title='bbox 1942 435 2195 505; x_wconf 89' lang='lat' dir='ltr'>gioribus</span> <span class='ocrx_word' id='word_1_138' title='bbox 2253 435 2435 505; x_wconf 90' lang='lat' dir='ltr'>epulis</span> <span class='ocrx_word' id='word_1_139' title='bbox 2489 451 2650 489; x_wconf 90' lang='lat' dir='ltr'>mens</span> <span class='ocrx_word' id='word_1_140' title='bbox 2704 440 2935 504; x_wconf 86' lang='lat' dir='ltr'>gravata</span> <span class='ocrx_word' id='word_1_141' title='bbox 2992 435 3178 489; x_wconf 90' lang='lat' dir='ltr'>minus</span> <span class='ocrx_word' id='word_1_142' title='bbox 3235 436 3307 489; x_wconf 89' lang='lat' dir='ltr'>ad</span> <span class='ocrx_word' id='word_1_143' title='bbox 3366 453 3565 507; x_wconf 89' lang='lat' dir='ltr'>preces</span> 
     </span>
    </p>
   </div>
   <div class='ocr_carea' id='block_1_19' title="bbox 1942 528 2511 598">
    <p class='ocr_par' dir='ltr' id='par_1_19' title="bbox 1942 528 2511 598">
     <span class='ocr_line' id='line_1_19' title="bbox 1942 528 2511 598; baseline -0.002 -17"><span class='ocrx_word' id='word_1_144' title='bbox 1942 528 2216 583; x_wconf 91' lang='lat' dir='ltr'>orationis</span> <span class='ocrx_word' id='word_1_145' title='bbox 2258 528 2511 598; x_wconf 89' lang='lat' dir='ltr'>evigilet.</span> 
     </span>
    </p>
   </div>
   <div class='ocr_carea' id='block_1_20' title="bbox 2009 622 3567 693">
    <p class='ocr_par' dir='ltr' id='par_1_20' title="bbox 2009 622 3567 693">
     <span class='ocr_line' id='line_1_20' title="bbox 2009 622 3567 693; baseline 0.003 -18"><span class='ocrx_word' id='word_1_146' title='bbox 2009 624 2116 675; x_wconf 87' lang='lat' dir='ltr'>Vll.</span> <span class='ocrx_word' id='word_1_147' title='bbox 2152 622 2512 677; x_wconf 84' lang='lat' dir='ltr'>Dissimulare</span> <span class='ocrx_word' id='word_1_148' title='bbox 2553 622 2675 676; x_wconf 67' lang='lat' dir='ltr'>haec</span> <span class='ocrx_word' id='word_1_149' title='bbox 2716 622 2937 693; x_wconf 79' lang='lat' dir='ltr'>singula</span> <span class='ocrx_word' id='word_1_150' title='bbox 2982 626 3041 677; x_wconf 91' lang='lat' dir='ltr'>et</span> <span class='ocrx_word' id='word_1_151' title='bbox 3079 625 3229 693; x_wconf 91' lang='lat' dir='ltr'>apud</span> <span class='ocrx_word' id='word_1_152' title='bbox 3271 624 3567 679; x_wconf 83' lang='lat' dir='ltr'>conscien-</span> 
     </span>
    </p>
   </div>
   <div class='ocr_carea' id='block_1_21' title="bbox 1938 712 3568 787">
    <p class='ocr_par' dir='ltr' id='par_1_21' title="bbox 1938 712 3568 787">
     <span class='ocr_line' id='line_1_21' title="bbox 1938 712 3568 787; baseline 0.002 -17"><span class='ocrx_word' id='word_1_153' title='bbox 1938 716 2076 770; x_wconf 87' lang='lat' dir='ltr'>tiam</span> <span class='ocrx_word' id='word_1_154' title='bbox 2136 712 2323 769; x_wconf 84' lang='lat' dir='ltr'>meam</span> <span class='ocrx_word' id='word_1_155' title='bbox 2378 717 2527 770; x_wconf 88' lang='lat' dir='ltr'>solus</span> <span class='ocrx_word' id='word_1_156' title='bbox 2580 716 2857 769; x_wconf 89' lang='lat' dir='ltr'>occultare</span> <span class='ocrx_word' id='word_1_157' title='bbox 2921 733 3033 769; x_wconf 91' lang='lat' dir='ltr'>non</span> <span class='ocrx_word' id='word_1_158' title='bbox 3098 717 3300 786; x_wconf 81' lang='lat' dir='ltr'>debui,</span> <span class='ocrx_word' id='word_1_159' title='bbox 3360 719 3568 787; x_wconf 88' lang='lat' dir='ltr'>quibus</span> 
     </span>
    </p>
   </div>
   <div class='ocr_carea' id='block_1_22' title="bbox 1938 808 3566 881">
    <p class='ocr_par' dir='ltr' id='par_1_22' title="bbox 1938 808 3566 881">
     <span class='ocr_line' id='line_1_22' title="bbox 1938 808 3566 881; baseline 0.002 -17"><span class='ocrx_word' id='word_1_160' title='bbox 1938 810 2327 881; x_wconf 86' lang='lat' dir='ltr'>unusquisque</span> <span class='ocrx_word' id='word_1_161' title='bbox 2359 813 2613 863; x_wconf 91' lang='lat' dir='ltr'>nostrum</span> <span class='ocrx_word' id='word_1_162' title='bbox 2652 812 2709 864; x_wconf 92' lang='lat' dir='ltr'>et</span> <span class='ocrx_word' id='word_1_163' title='bbox 2749 808 2949 863; x_wconf 86' lang='lat' dir='ltr'>instrui</span> <span class='ocrx_word' id='word_1_164' title='bbox 2991 815 3049 864; x_wconf 88' lang='lat' dir='ltr'>et</span> <span class='ocrx_word' id='word_1_165' title='bbox 3085 810 3202 880; x_wconf 88' lang='lat' dir='ltr'>regi</span> <span class='ocrx_word' id='word_1_166' title='bbox 3235 810 3424 880; x_wconf 86' lang='lat' dir='ltr'>possit.</span> <span class='ocrx_word' id='word_1_167' title='bbox 3454 813 3566 867; x_wconf 89' lang='lat' dir='ltr'>Nec</span> 
     </span>
    </p>
   </div>
   <div class='ocr_carea' id='block_1_23' title="bbox 1940 903 3563 974">
    <p class='ocr_par' dir='ltr' id='par_1_23' title="bbox 1940 903 3563 974">
     <span class='ocr_line' id='line_1_23' title="bbox 1940 903 3563 974; baseline 0.002 -17"><span class='ocrx_word' id='word_1_168' title='bbox 1940 903 2045 974; x_wconf 90' lang='lat' dir='ltr'>ipsi</span> <span class='ocrx_word' id='word_1_169' title='bbox 2066 903 2373 974; x_wconf 79' lang='lat' dir='ltr'>deniquem</span> <span class='ocrx_word' id='word_1_170' title='bbox 2397 904 2506 973; x_wconf 79' lang='lat'>(70)</span> <span class='ocrx_word' id='word_1_171' title='bbox 2530 904 2678 973; x_wconf 90' lang='lat' dir='ltr'>apud</span> <span class='ocrx_word' id='word_1_172' title='bbox 2706 919 2800 957; x_wconf 90' lang='lat' dir='ltr'>vos</span> <span class='ocrx_word' id='word_1_173' title='bbox 2827 904 2971 957; x_wconf 89' lang='lat' dir='ltr'>hanc</span> <span class='ocrx_word' id='word_1_174' title='bbox 2996 903 3295 973; x_wconf 86' lang='lat' dir='ltr'>epistolam</span> <span class='ocrx_word' id='word_1_175' title='bbox 3325 906 3563 961; x_wconf 88' lang='lat' dir='ltr'>teneatis</span> 
     </span>
    </p>
   </div>
   <div class='ocr_carea' id='block_1_24' title="bbox 1939 997 3572 1067">
    <p class='ocr_par' dir='ltr' id='par_1_24' title="bbox 1939 997 3572 1067">
     <span class='ocr_line' id='line_1_24' title="bbox 1939 997 3572 1067; baseline 0.001 -16"><span class='ocrx_word' id='word_1_176' title='bbox 1939 998 2241 1064; x_wconf 88' lang='lat' dir='ltr'>occultam,</span> <span class='ocrx_word' id='word_1_177' title='bbox 2273 998 2368 1051; x_wconf 91' lang='lat' dir='ltr'>sed</span> <span class='ocrx_word' id='word_1_178' title='bbox 2395 997 2700 1067; x_wconf 82' lang='lat' dir='ltr'>legendam</span> <span class='ocrx_word' id='word_1_179' title='bbox 2734 997 2997 1050; x_wconf 84' lang='lat' dir='ltr'>fratribus</span> <span class='ocrx_word' id='word_1_180' title='bbox 3026 997 3363 1067; x_wconf 89' lang='lat' dir='ltr'>suggeratis.</span> <span class='ocrx_word' id='word_1_181' title='bbox 3396 1000 3572 1053; x_wconf 90' lang='lat' dir='ltr'>Inter-</span> 
     </span>
    </p>
   </div>
   <div class='ocr_carea' id='block_1_25' title="bbox 1936 1090 3565 1161">
    <p class='ocr_par' dir='ltr' id='par_1_25' title="bbox 1936 1090 3565 1161">
     <span class='ocr_line' id='line_1_25' title="bbox 1936 1090 3565 1161; baseline 0.001 -17"><span class='ocrx_word' id='word_1_182' title='bbox 1936 1091 2121 1161; x_wconf 86' lang='lat' dir='ltr'>cipere</span> <span class='ocrx_word' id='word_1_183' title='bbox 2150 1092 2257 1161; x_wconf 83' lang='lat' dir='ltr'>(7i)</span> <span class='ocrx_word' id='word_1_184' title='bbox 2291 1090 2443 1144; x_wconf 88' lang='lat' dir='ltr'>enim</span> <span class='ocrx_word' id='word_1_185' title='bbox 2481 1090 2685 1161; x_wconf 89' lang='lat' dir='ltr'>quibus</span> <span class='ocrx_word' id='word_1_186' title='bbox 2718 1108 2816 1144; x_wconf 91' lang='lat' dir='ltr'>nos</span> <span class='ocrx_word' id='word_1_187' title='bbox 2850 1090 3121 1144; x_wconf 88' lang='lat' dir='ltr'>Dominus</span> <span class='ocrx_word' id='word_1_188' title='bbox 3152 1090 3459 1146; x_wconf 86' lang='lat' dir='ltr'>admonere</span> <span class='ocrx_word' id='word_1_189' title='bbox 3507 1098 3565 1145; x_wconf 88' lang='lat' dir='ltr'>et</span> 
     </span>
    </p>
   </div>
   <div class='ocr_carea' id='block_1_26' title="bbox 1940 1184 3563 1255">
    <p class='ocr_par' dir='ltr' id='par_1_26' title="bbox 1940 1184 3563 1255">
     <span class='ocr_line' id='line_1_26' title="bbox 1940 1184 3563 1255; baseline 0.001 -18"><span class='ocrx_word' id='word_1_190' title='bbox 1940 1185 2216 1239; x_wconf 90' lang='lat' dir='ltr'>instruere</span> <span class='ocrx_word' id='word_1_191' title='bbox 2260 1184 2548 1254; x_wconf 86' lang='lat' dir='ltr'>dignatur,</span> <span class='ocrx_word' id='word_1_192' title='bbox 2590 1185 2710 1254; x_wconf 89' lang='lat' dir='ltr'>ejus</span> <span class='ocrx_word' id='word_1_193' title='bbox 2754 1189 2856 1249; x_wconf 86' lang='lat' dir='ltr'>est,</span> <span class='ocrx_word' id='word_1_194' title='bbox 2897 1184 2995 1255; x_wconf 88' lang='lat' dir='ltr'>qui</span> <span class='ocrx_word' id='word_1_195' title='bbox 3041 1184 3339 1238; x_wconf 90' lang='lat' dir='ltr'>admoneri</span> <span class='ocrx_word' id='word_1_196' title='bbox 3381 1188 3438 1239; x_wconf 90' lang='lat' dir='ltr'>et</span> <span class='ocrx_word' id='word_1_197' title='bbox 3479 1186 3563 1239; x_wconf 90' lang='lat' dir='ltr'>in-</span> 
     </span>
    </p>
   </div>
   <div class='ocr_carea' id='block_1_27' title="bbox 1938 1276 3568 1333">
    <p class='ocr_par' dir='ltr' id='par_1_27' title="bbox 1938 1276 3568 1333">
     <span class='ocr_line' id='line_1_27' title="bbox 1938 1276 3568 1333; baseline 0.001 -2"><span class='ocrx_word' id='word_1_198' title='bbox 1938 1276 2077 1331; x_wconf 91' lang='lat' dir='ltr'>strui</span> <span class='ocrx_word' id='word_1_199' title='bbox 2118 1278 2353 1332; x_wconf 89' lang='lat' dir='ltr'>fratrem</span> <span class='ocrx_word' id='word_1_200' title='bbox 2397 1294 2563 1332; x_wconf 89' lang='lat' dir='ltr'>suum</span> <span class='ocrx_word' id='word_1_201' title='bbox 2614 1278 2779 1332; x_wconf 91' lang='lat' dir='ltr'>nolit.</span> <span class='ocrx_word' id='word_1_202' title='bbox 2825 1278 3059 1331; x_wconf 89' lang='lat' dir='ltr'>Probari</span> <span class='ocrx_word' id='word_1_203' title='bbox 3108 1295 3208 1331; x_wconf 90' lang='lat' dir='ltr'>nos</span> <span class='ocrx_word' id='word_1_204' title='bbox 3249 1296 3282 1332; x_wconf 91' lang='lat' dir='ltr'>a</span> <span class='ocrx_word' id='word_1_205' title='bbox 3330 1278 3568 1333; x_wconf 91' lang='lat' dir='ltr'>Domino</span> 
     </span>
    </p>
   </div>
   <div class='ocr_carea' id='block_1_28' title="bbox 1941 1372 3572 1442">
    <p class='ocr_par' dir='ltr' id='par_1_28' title="bbox 1941 1372 3572 1442">
     <span class='ocr_line' id='line_1_28' title="bbox 1941 1372 3572 1442; baseline -0.001 -15"><span class='ocrx_word' id='word_1_206' title='bbox 1941 1375 2132 1429; x_wconf 90' lang='lat' dir='ltr'>nostro</span> <span class='ocrx_word' id='word_1_207' title='bbox 2162 1372 2357 1438; x_wconf 89' lang='lat' dir='ltr'>sciant,</span> <span class='ocrx_word' id='word_1_208' title='bbox 2389 1389 2490 1426; x_wconf 90' lang='lat' dir='ltr'>nec</span> <span class='ocrx_word' id='word_1_209' title='bbox 2524 1388 2777 1442; x_wconf 90' lang='lat' dir='ltr'>unquam</span> <span class='ocrx_word' id='word_1_210' title='bbox 2806 1390 2838 1425; x_wconf 90' lang='lat' dir='ltr'>a</span> <span class='ocrx_word' id='word_1_211' title='bbox 2866 1372 2975 1426; x_wconf 87' lang='lat' dir='ltr'>tide</span> <span class='ocrx_word' id='word_1_212' title='bbox 3001 1388 3111 1442; x_wconf 88' lang='lat' dir='ltr'>qua</span> <span class='ocrx_word' id='word_1_213' title='bbox 3137 1372 3196 1426; x_wconf 92' lang='lat' dir='ltr'>in</span> <span class='ocrx_word' id='word_1_214' title='bbox 3228 1388 3361 1427; x_wconf 89' lang='lat' dir='ltr'>eum</span> <span class='ocrx_word' id='word_1_215' title='bbox 3391 1373 3572 1427; x_wconf 90' lang='lat' dir='ltr'>semel</span> 
     </span>
    </p>
   </div>
   <div class='ocr_carea' id='block_1_29' title="bbox 1939 1466 3571 1537">
    <p class='ocr_par' dir='ltr' id='par_1_29' title="bbox 1939 1466 3571 1537">
     <span class='ocr_line' id='line_1_29' title="bbox 1939 1466 3571 1537; baseline 0 -16"><span class='ocrx_word' id='word_1_216' title='bbox 1939 1466 2303 1533; x_wconf 88' lang='lat' dir='ltr'>credidimus,</span> <span class='ocrx_word' id='word_1_217' title='bbox 2349 1466 2638 1537; x_wconf 71' lang='lat' dir='ltr'>prtesentis</span> <span class='ocrx_word' id='word_1_218' title='bbox 2680 1483 2959 1536; x_wconf 72' lang='lat' dir='ltr'>pressurae</span> <span class='ocrx_word' id='word_1_219' title='bbox 3004 1466 3417 1521; x_wconf 83' lang='lat' dir='ltr'>conﬂictatione</span> <span class='ocrx_word' id='word_1_220' title='bbox 3466 1467 3571 1521; x_wconf 89' lang='lat' dir='ltr'>de-</span> 
     </span>
    </p>
   </div>
   <div class='ocr_carea' id='block_1_30' title="bbox 1938 1560 3567 1630">
    <p class='ocr_par' dir='ltr' id='par_1_30' title="bbox 1938 1560 3567 1630">
     <span class='ocr_line' id='line_1_30' title="bbox 1938 1560 3567 1630; baseline -0.001 -16"><span class='ocrx_word' id='word_1_221' title='bbox 1938 1561 2149 1616; x_wconf 84' lang='lat' dir='ltr'>ﬁciant.</span> <span class='ocrx_word' id='word_1_222' title='bbox 2210 1561 2421 1614; x_wconf 85' lang='lat' dir='ltr'>Delicta</span> <span class='ocrx_word' id='word_1_223' title='bbox 2481 1578 2579 1614; x_wconf 90' lang='lat' dir='ltr'>sua</span> <span class='ocrx_word' id='word_1_224' title='bbox 2638 1560 2845 1630; x_wconf 85' lang='lat' dir='ltr'>singuli</span> <span class='ocrx_word' id='word_1_225' title='bbox 2914 1566 3418 1630; x_wconf 83' lang='lat' dir='ltr'>recognoscentes,</span> <span class='ocrx_word' id='word_1_226' title='bbox 3478 1561 3567 1614; x_wconf 90' lang='lat' dir='ltr'>vel</span> 
     </span>
    </p>
   </div>
   <div class='ocr_carea' id='block_1_31' title="bbox 1940 1653 3563 1724">
    <p class='ocr_par' dir='ltr' id='par_1_31' title="bbox 1940 1653 3563 1724">
     <span class='ocr_line' id='line_1_31' title="bbox 1940 1653 3563 1724; baseline -0.001 -14"><span class='ocrx_word' id='word_1_227' title='bbox 1940 1654 2110 1710; x_wconf 89' lang='lat' dir='ltr'>modo</span> <span class='ocrx_word' id='word_1_228' title='bbox 2158 1654 2644 1708; x_wconf 89' lang='lat' dir='ltr'>conversationem</span> <span class='ocrx_word' id='word_1_229' title='bbox 2693 1654 2897 1707; x_wconf 85' lang='lat' dir='ltr'>veteris</span> <span class='ocrx_word' id='word_1_230' title='bbox 2950 1653 3198 1708; x_wconf 90' lang='lat' dir='ltr'>hominis</span> <span class='ocrx_word' id='word_1_231' title='bbox 3251 1658 3563 1724; x_wconf 85' lang='lat' dir='ltr'>exponant.</span> 
     </span>
    </p>
   </div>
   <div class='ocr_carea' id='block_1_32' title="bbox 254 1723 3565 1821">
    <p class='ocr_par' dir='ltr' id='par_1_32' title="bbox 254 1723 3565 1821">
     <span class='ocr_line' id='line_1_32' title="bbox 254 1723 3565 1821; baseline 0.001 -23"><span class='ocrx_word' id='word_1_232' title='bbox 254 1746 390 1799; x_wconf 88' lang='lat' dir='ltr'>modo</span> <span class='ocrx_word' id='word_1_233' title='bbox 417 1763 513 1800; x_wconf 92' lang='lat' dir='ltr'>nos</span> <span class='ocrx_word' id='word_1_234' title='bbox 546 1747 605 1800; x_wconf 91' lang='lat' dir='ltr'>in</span> <span class='ocrx_word' id='word_1_235' title='bbox 637 1750 987 1819; x_wconf 58' lang='lat' dir='ltr'>praeteritum</span> <span class='ocrx_word' id='word_1_236' title='bbox 1021 1765 1279 1821; x_wconf 91' lang='lat' dir='ltr'>peccasse</span> <span class='ocrx_word' id='word_1_237' title='bbox 1305 1750 1593 1820; x_wconf 66' lang='lat' dir='ltr'>paeniteat,</span> <span class='ocrx_word' id='word_1_238' title='bbox 1623 1755 1680 1804; x_wconf 89' lang='lat' dir='ltr'>et</span> <span class='ocrx_word' id='word_1_239' title='bbox 1705 1766 1835 1804; x_wconf 90' lang='lat' dir='ltr'>con-</span> <span class='ocrx_word' id='word_1_240' title='bbox 1861 1723 1914 1793; x_wconf 81' lang='grc' dir='ltr'><strong>Β</strong></span> <span class='ocrx_word' id='word_1_241' title='bbox 1939 1749 2117 1803; x_wconf 89' lang='lat' dir='ltr'>Nemo</span> <span class='ocrx_word' id='word_1_242' title='bbox 2143 1749 2297 1804; x_wconf 90' lang='lat' dir='ltr'>enim</span> <span class='ocrx_word' id='word_1_243' title='bbox 2321 1753 2473 1802; x_wconf 88' lang='lat' dir='ltr'>retro</span> <span class='ocrx_word' id='word_1_244' title='bbox 2501 1748 2802 1802; x_wconf 90' lang='lat' dir='ltr'>attendens</span> <span class='ocrx_word' id='word_1_245' title='bbox 2826 1751 2882 1801; x_wconf 92' lang='lat' dir='ltr'>et</span> <span class='ocrx_word' id='word_1_246' title='bbox 2909 1764 3303 1818; x_wconf 86' lang='lat' dir='ltr'>superponens</span> <span class='ocrx_word' id='word_1_247' title='bbox 3330 1764 3565 1801; x_wconf 89' lang='lat' dir='ltr'>manum</span> 
     </span>
    </p>
   </div>
   <div class='ocr_carea' id='block_1_33' title="bbox 251 1838 1838 1915">
    <p class='ocr_par' dir='ltr' id='par_1_33' title="bbox 251 1838 1838 1915">
     <span class='ocr_line' id='line_1_33' title="bbox 251 1838 1838 1915; baseline 0.004 -24"><span class='ocrx_word' id='word_1_248' title='bbox 251 1838 439 1893; x_wconf 82' lang='lat' dir='ltr'>ﬁtentes</span> <span class='ocrx_word' id='word_1_249' title='bbox 479 1844 651 1912; x_wconf 90' lang='lat' dir='ltr'>atque</span> <span class='ocrx_word' id='word_1_250' title='bbox 689 1842 1076 1913; x_wconf 89' lang='lat' dir='ltr'>intelligentes</span> <span class='ocrx_word' id='word_1_251' title='bbox 1114 1843 1321 1898; x_wconf 90' lang='lat' dir='ltr'>delicta</span> <span class='ocrx_word' id='word_1_252' title='bbox 1368 1847 1582 1906; x_wconf 92' lang='lat' dir='ltr'>nostra,</span> <span class='ocrx_word' id='word_1_253' title='bbox 1630 1843 1838 1915; x_wconf 89' lang='lat' dir='ltr'>quibus</span> 
     </span>
    </p>
   </div>
   <div class='ocr_carea' id='block_1_34' title="bbox 250 1934 1836 2003">
    <p class='ocr_par' dir='ltr' id='par_1_34' title="bbox 250 1934 1836 2003">
     <span class='ocr_line' id='line_1_34' title="bbox 250 1934 1836 2003; baseline 0.004 -17"><span class='ocrx_word' id='word_1_254' title='bbox 250 1949 369 1987; x_wconf 87' lang='lat' dir='ltr'>nunc</span> <span class='ocrx_word' id='word_1_255' title='bbox 393 1934 701 1989; x_wconf 90' lang='lat' dir='ltr'>Dominum</span> <span class='ocrx_word' id='word_1_256' title='bbox 738 1936 1102 2003; x_wconf 69' lang='lat' dir='ltr'>offendimus,</span> <span class='ocrx_word' id='word_1_257' title='bbox 1133 1938 1216 1992; x_wconf 89' lang='lat' dir='ltr'>vel</span> <span class='ocrx_word' id='word_1_258' title='bbox 1249 1938 1319 1991; x_wconf 89' lang='lat' dir='ltr'>de</span> <span class='ocrx_word' id='word_1_259' title='bbox 1348 1942 1552 1993; x_wconf 62' lang='lat' dir='ltr'>caetero</span> <span class='ocrx_word' id='word_1_260' title='bbox 1583 1953 1688 1994; x_wconf 90' lang='lat' dir='ltr'>nos</span> <span class='ocrx_word' id='word_1_261' title='bbox 1716 1954 1836 1992; x_wconf 88' lang='lat' dir='ltr'>am-</span> 
     </span>
    </p>
   </div>
   <div class='ocr_carea' id='block_1_35' title="bbox 248 2026 1837 2103">
    <p class='ocr_par' dir='ltr' id='par_1_35' title="bbox 248 2026 1837 2103">
     <span class='ocr_line' id='line_1_35' title="bbox 248 2026 1837 2103; baseline 0.004 -23"><span class='ocrx_word' id='word_1_262' title='bbox 248 2026 411 2082; x_wconf 86' lang='lat' dir='ltr'>bulare</span> <span class='ocrx_word' id='word_1_263' title='bbox 434 2029 491 2083; x_wconf 89' lang='lat' dir='ltr'>in</span> <span class='ocrx_word' id='word_1_264' title='bbox 517 2028 622 2083; x_wconf 90' lang='lat' dir='ltr'>viis</span> <span class='ocrx_word' id='word_1_265' title='bbox 652 2030 775 2100; x_wconf 84' lang='lat' dir='ltr'>ejus</span> <span class='ocrx_word' id='word_1_266' title='bbox 815 2036 873 2084; x_wconf 88' lang='lat' dir='ltr'>et</span> <span class='ocrx_word' id='word_1_267' title='bbox 907 2037 1191 2102; x_wconf 66' lang='lat' dir='ltr'>praecepta</span> <span class='ocrx_word' id='word_1_268' title='bbox 1220 2031 1341 2101; x_wconf 91' lang='lat' dir='ltr'>ejus</span> <span class='ocrx_word' id='word_1_269' title='bbox 1374 2035 1628 2087; x_wconf 88' lang='lat' dir='ltr'>metuere</span> <span class='ocrx_word' id='word_1_270' title='bbox 1663 2049 1837 2103; x_wconf 90' lang='lat' dir='ltr'>spon-</span> 
     </span>
    </p>
   </div>
   <div class='ocr_carea' id='block_1_36' title="bbox 250 2120 1842 2195">
    <p class='ocr_par' dir='ltr' id='par_1_36' title="bbox 250 2120 1842 2195">
     <span class='ocr_line' id='line_1_36' title="bbox 250 2120 1842 2195; baseline 0.004 -22"><span class='ocrx_word' id='word_1_271' title='bbox 250 2120 470 2189; x_wconf 89' lang='lat' dir='ltr'>deamus,</span> <span class='ocrx_word' id='word_1_272' title='bbox 498 2125 665 2177; x_wconf 85' lang='lat' dir='ltr'>Pater</span> <span class='ocrx_word' id='word_1_273' title='bbox 694 2140 799 2179; x_wconf 90' lang='lat' dir='ltr'>nos</span> <span class='ocrx_word' id='word_1_274' title='bbox 836 2124 1068 2195; x_wconf 85' lang='lat' dir='ltr'>corrigit</span> <span class='ocrx_word' id='word_1_275' title='bbox 1094 2130 1152 2180; x_wconf 93' lang='lat' dir='ltr'>et</span> <span class='ocrx_word' id='word_1_276' title='bbox 1175 2130 1381 2193; x_wconf 85' lang='lat' dir='ltr'>tuetur,</span> <span class='ocrx_word' id='word_1_277' title='bbox 1410 2130 1625 2180; x_wconf 88' lang='lat' dir='ltr'>stantes</span> <span class='ocrx_word' id='word_1_278' title='bbox 1648 2129 1842 2180; x_wconf 90' lang='lat' dir='ltr'>tamen</span> 
     </span>
    </p>
   </div>
   <div class='ocr_carea' id='block_1_37' title="bbox 249 2213 1839 2289">
    <p class='ocr_par' dir='ltr' id='par_1_37' title="bbox 249 2213 1839 2289">
     <span class='ocr_line' id='line_1_37' title="bbox 249 2213 1839 2289; baseline 0.005 -24"><span class='ocrx_word' id='word_1_279' title='bbox 249 2213 294 2266; x_wconf 90' lang='lat' dir='ltr'>in</span> <span class='ocrx_word' id='word_1_280' title='bbox 321 2214 421 2269; x_wconf 87' lang='lat' dir='ltr'>tlde</span> <span class='ocrx_word' id='word_1_281' title='bbox 456 2222 512 2271; x_wconf 91' lang='lat' dir='ltr'>et</span> <span class='ocrx_word' id='word_1_282' title='bbox 540 2218 824 2287; x_wconf 80' lang='lat' dir='ltr'>pressaris</span> <span class='ocrx_word' id='word_1_283' title='bbox 857 2222 1027 2289; x_wconf 90' lang='lat' dir='ltr'>atque</span> <span class='ocrx_word' id='word_1_284' title='bbox 1057 2219 1355 2289; x_wconf 87' lang='lat' dir='ltr'>angustiis,</span> <span class='ocrx_word' id='word_1_285' title='bbox 1384 2218 1595 2273; x_wconf 89' lang='lat' dir='ltr'>scilicet</span> <span class='ocrx_word' id='word_1_286' title='bbox 1616 2219 1839 2274; x_wconf 85' lang='lat' dir='ltr'>Christo</span> 
     </span>
    </p>
   </div>
   <div class='ocr_carea' id='block_1_38' title="bbox 247 2310 1843 2384">
    <p class='ocr_par' dir='ltr' id='par_1_38' title="bbox 247 2310 1843 2384">
     <span class='ocr_line' id='line_1_38' title="bbox 247 2310 1843 2384; baseline 0.005 -23"><span class='ocrx_word' id='word_1_287' title='bbox 247 2310 346 2378; x_wconf 84' lang='lat' dir='ltr'>ejus</span> <span class='ocrx_word' id='word_1_288' title='bbox 384 2310 623 2365; x_wconf 85' lang='lat' dir='ltr'>ﬁrmiter</span> <span class='ocrx_word' id='word_1_289' title='bbox 659 2311 1036 2379; x_wconf 66' lang='lat' dir='ltr'>adhaerentes,</span> <span class='ocrx_word' id='word_1_290' title='bbox 1077 2313 1219 2367; x_wconf 87' lang='lat' dir='ltr'>sicut</span> <span class='ocrx_word' id='word_1_291' title='bbox 1260 2314 1530 2384; x_wconf 90' lang='lat' dir='ltr'>scriptum</span> <span class='ocrx_word' id='word_1_292' title='bbox 1560 2318 1643 2367; x_wconf 89' lang='lat' dir='ltr'>est</span> <span class='ocrx_word' id='word_1_293' title='bbox 1672 2330 1683 2367; x_wconf 90' lang='lat'><strong>:</strong></span> <span class='ocrx_word' id='word_1_294' title='bbox 1715 2314 1843 2380; x_wconf 81' lang='lat' dir='ltr'>Quis</span> 
     </span>
    </p>
   </div>
   <div class='ocr_carea' id='block_1_39' title="bbox 248 2405 1838 2476">
    <p class='ocr_par' dir='ltr' id='par_1_39' title="bbox 248 2405 1838 2476">
     <span class='ocr_line' id='line_1_39' title="bbox 248 2405 1838 2476; baseline 0.003 -19"><span class='ocrx_word' id='word_1_295' title='bbox 248 2419 322 2456; x_wconf 85' lang='lat' dir='ltr'>nos</span> <span class='ocrx_word' id='word_1_296' title='bbox 355 2405 627 2473; x_wconf 72' lang='lat' dir='ltr'>separabit</span> <span class='ocrx_word' id='word_1_297' title='bbox 666 2421 701 2458; x_wconf 90' lang='lat' dir='ltr'>a</span> <span class='ocrx_word' id='word_1_298' title='bbox 737 2405 1018 2461; x_wconf 76' lang='lat' dir='ltr'>dilectione</span> <span class='ocrx_word' id='word_1_299' title='bbox 1056 2406 1295 2462; x_wconf 79' lang='lat' dir='ltr'>Christi?</span> <span class='ocrx_word' id='word_1_300' title='bbox 1318 2423 1593 2476; x_wconf 83' lang='lat' dir='ltr'>pressura,</span> <span class='ocrx_word' id='word_1_301' title='bbox 1630 2424 1704 2461; x_wconf 84' lang='lat' dir='ltr'>an</span> <span class='ocrx_word' id='word_1_302' title='bbox 1738 2424 1838 2462; x_wconf 91' lang='lat' dir='ltr'>an-</span> 
     </span>
    </p>
   </div>
   <div class='ocr_carea' id='block_1_40' title="bbox 244 2500 1840 2571">
    <p class='ocr_par' dir='ltr' id='par_1_40' title="bbox 244 2500 1840 2571">
     <span class='ocr_line' id='line_1_40' title="bbox 244 2500 1840 2571; baseline 0.004 -21"><span class='ocrx_word' id='word_1_303' title='bbox 244 2500 419 2563; x_wconf 82' lang='lat' dir='ltr'>gustia,</span> <span class='ocrx_word' id='word_1_304' title='bbox 448 2516 520 2552; x_wconf 88' lang='lat' dir='ltr'>an</span> <span class='ocrx_word' id='word_1_305' title='bbox 541 2502 863 2569; x_wconf 83' lang='lat' dir='ltr'>persecutio,</span> <span class='ocrx_word' id='word_1_306' title='bbox 894 2516 968 2554; x_wconf 89' lang='lat' dir='ltr'>an</span> <span class='ocrx_word' id='word_1_307' title='bbox 994 2503 1189 2567; x_wconf 82' lang='lat' dir='ltr'>fames,</span> <span class='ocrx_word' id='word_1_308' title='bbox 1223 2518 1293 2555; x_wconf 91' lang='lat' dir='ltr'>an</span> <span class='ocrx_word' id='word_1_309' title='bbox 1320 2502 1560 2563; x_wconf 85' lang='lat' dir='ltr'>nuditas,</span> <span class='ocrx_word' id='word_1_310' title='bbox 1594 2518 1666 2556; x_wconf 89' lang='lat' dir='ltr'>an</span> <span class='ocrx_word' id='word_1_311' title='bbox 1694 2505 1840 2571; x_wconf 87' lang='lat' dir='ltr'>peri-</span> 
     </span>
    </p>
   </div>
   <div class='ocr_carea' id='block_1_41' title="bbox 246 2591 1841 2665">
    <p class='ocr_par' dir='ltr' id='par_1_41' title="bbox 246 2591 1841 2665">
     <span class='ocr_line' id='line_1_41' title="bbox 246 2591 1841 2665; baseline 0.004 -22"><span class='ocrx_word' id='word_1_312' title='bbox 246 2591 412 2653; x_wconf 81' lang='lat' dir='ltr'>culum,</span> <span class='ocrx_word' id='word_1_313' title='bbox 454 2609 526 2645; x_wconf 89' lang='lat' dir='ltr'>an</span> <span class='ocrx_word' id='word_1_314' title='bbox 572 2593 833 2661; x_wconf 84' lang='lat' dir='ltr'>gladius?</span> <span class='ocrx_word' id='word_1_315' title='bbox 876 2596 1072 2663; x_wconf 76' lang='lat' dir='ltr'>(Rom,</span> <span class='ocrx_word' id='word_1_316' title='bbox 1116 2611 1233 2660; x_wconf 82' lang='lat' dir='ltr'>Vlll,</span> <span class='ocrx_word' id='word_1_317' title='bbox 1282 2594 1395 2665; x_wconf 84' lang='lat'>35.)</span> <span class='ocrx_word' id='word_1_318' title='bbox 1439 2595 1587 2649; x_wconf 88' lang='lat' dir='ltr'>Nihil</span> <span class='ocrx_word' id='word_1_319' title='bbox 1630 2596 1841 2650; x_wconf 90' lang='lat' dir='ltr'>horum</span> 
     </span>
    </p>
   </div>
   <div class='ocr_carea' id='block_1_42' title="bbox 242 2687 1845 2759">
    <p class='ocr_par' dir='ltr' id='par_1_42' title="bbox 242 2687 1845 2759">
     <span class='ocr_line' id='line_1_42' title="bbox 242 2687 1845 2759; baseline 0.004 -22"><span class='ocrx_word' id='word_1_320' title='bbox 242 2688 401 2752; x_wconf 84' lang='lat' dir='ltr'>potest</span> <span class='ocrx_word' id='word_1_321' title='bbox 428 2701 695 2756; x_wconf 88' lang='lat' dir='ltr'>separare</span> <span class='ocrx_word' id='word_1_322' title='bbox 727 2687 1047 2753; x_wconf 89' lang='lat' dir='ltr'>credentes,</span> <span class='ocrx_word' id='word_1_323' title='bbox 1078 2688 1219 2742; x_wconf 90' lang='lat' dir='ltr'>nihil</span> <span class='ocrx_word' id='word_1_324' title='bbox 1248 2692 1431 2759; x_wconf 88' lang='lat' dir='ltr'>potest</span> <span class='ocrx_word' id='word_1_325' title='bbox 1455 2689 1697 2744; x_wconf 89' lang='lat' dir='ltr'>avellere</span> <span class='ocrx_word' id='word_1_326' title='bbox 1725 2706 1845 2744; x_wconf 90' lang='lat' dir='ltr'>cor-</span> 
     </span>
    </p>
   </div>
   <div class='ocr_carea' id='block_1_43' title="bbox 244 2778 1845 2851">
    <p class='ocr_par' dir='ltr' id='par_1_43' title="bbox 244 2778 1845 2851">
     <span class='ocr_line' id='line_1_43' title="bbox 244 2778 1845 2851; baseline 0.005 -21"><span class='ocrx_word' id='word_1_327' title='bbox 244 2778 344 2845; x_wconf 89' lang='lat' dir='ltr'>pori</span> <span class='ocrx_word' id='word_1_328' title='bbox 383 2779 502 2848; x_wconf 87' lang='lat' dir='ltr'>ejus</span> <span class='ocrx_word' id='word_1_329' title='bbox 549 2786 604 2834; x_wconf 91' lang='lat' dir='ltr'>et</span> <span class='ocrx_word' id='word_1_330' title='bbox 650 2780 913 2851; x_wconf 88' lang='lat' dir='ltr'>sanguini</span> <span class='ocrx_word' id='word_1_331' title='bbox 964 2782 1328 2837; x_wconf 54' lang='lat' dir='ltr'>cohaerentes.</span> <span class='ocrx_word' id='word_1_332' title='bbox 1374 2783 1695 2837; x_wconf 89' lang='lat' dir='ltr'>Persecutio</span> <span class='ocrx_word' id='word_1_333' title='bbox 1738 2783 1845 2838; x_wconf 89' lang='lat' dir='ltr'>ista</span> 
     </span>
    </p>
   </div>
   <div class='ocr_carea' id='block_1_44' title="bbox 242 2871 1847 2947">
    <p class='ocr_par' dir='ltr' id='par_1_44' title="bbox 242 2871 1847 2947">
     <span class='ocr_line' id='line_1_44' title="bbox 242 2871 1847 2947; baseline 0.004 -24"><span class='ocrx_word' id='word_1_334' title='bbox 242 2871 560 2926; x_wconf 76' lang='lat' dir='ltr'>examinatio</span> <span class='ocrx_word' id='word_1_335' title='bbox 616 2878 702 2927; x_wconf 90' lang='lat' dir='ltr'>est</span> <span class='ocrx_word' id='word_1_336' title='bbox 762 2877 932 2945; x_wconf 90' lang='lat' dir='ltr'>atque</span> <span class='ocrx_word' id='word_1_337' title='bbox 996 2875 1305 2945; x_wconf 87' lang='lat' dir='ltr'>exploratio</span> <span class='ocrx_word' id='word_1_338' title='bbox 1358 2874 1550 2947; x_wconf 85' lang='grc'>244</span> <span class='ocrx_word' id='word_1_339' title='bbox 1603 2878 1847 2947; x_wconf 89' lang='lat' dir='ltr'>pectoris</span> 
     </span>
    </p>
   </div>
   <div class='ocr_carea' id='block_1_45' title="bbox 244 2965 1847 3040">
    <p class='ocr_par' dir='ltr' id='par_1_45' title="bbox 244 2965 1847 3040">
     <span class='ocr_line' id='line_1_45' title="bbox 244 2965 1847 3040; baseline 0.006 -25"><span class='ocrx_word' id='word_1_340' title='bbox 244 2965 395 3017; x_wconf 85' lang='lat' dir='ltr'>nostri</span> <span class='ocrx_word' id='word_1_341' title='bbox 420 2966 550 3036; x_wconf 87' lang='lat'>(69).</span> <span class='ocrx_word' id='word_1_342' title='bbox 582 2967 781 3022; x_wconf 83' lang='lat' dir='ltr'>Excuti</span> <span class='ocrx_word' id='word_1_343' title='bbox 811 2984 913 3021; x_wconf 90' lang='lat' dir='ltr'>nos</span> <span class='ocrx_word' id='word_1_344' title='bbox 944 2968 1088 3022; x_wconf 90' lang='lat' dir='ltr'>Deus</span> <span class='ocrx_word' id='word_1_345' title='bbox 1119 2968 1295 3022; x_wconf 92' lang='lat' dir='ltr'>voluit</span> <span class='ocrx_word' id='word_1_346' title='bbox 1334 2975 1392 3023; x_wconf 90' lang='lat' dir='ltr'>et</span> <span class='ocrx_word' id='word_1_347' title='bbox 1432 2970 1673 3040; x_wconf 88' lang='lat' dir='ltr'>probari,</span> <span class='ocrx_word' id='word_1_348' title='bbox 1704 2970 1847 3025; x_wconf 91' lang='lat' dir='ltr'>sicut</span> 
     </span>
    </p>
   </div>
   <div class='ocr_carea' id='block_1_46' title="bbox 1940 1841 3566 1912">
    <p class='ocr_par' dir='ltr' id='par_1_46' title="bbox 1940 1841 3566 1912">
     <span class='ocr_line' id='line_1_46' title="bbox 1940 1841 3566 1912; baseline -0.002 -15"><span class='ocrx_word' id='word_1_349' title='bbox 1940 1859 2099 1897; x_wconf 88' lang='lat' dir='ltr'>suam</span> <span class='ocrx_word' id='word_1_350' title='bbox 2130 1858 2299 1912; x_wconf 90' lang='lat' dir='ltr'>super</span> <span class='ocrx_word' id='word_1_351' title='bbox 2336 1846 2587 1896; x_wconf 87' lang='lat' dir='ltr'>aratrum</span> <span class='ocrx_word' id='word_1_352' title='bbox 2620 1848 2785 1911; x_wconf 87' lang='lat' dir='ltr'>aptus</span> <span class='ocrx_word' id='word_1_353' title='bbox 2818 1846 2901 1895; x_wconf 90' lang='lat' dir='ltr'>est</span> <span class='ocrx_word' id='word_1_354' title='bbox 2938 1857 3116 1911; x_wconf 88' lang='lat' dir='ltr'>regno</span> <span class='ocrx_word' id='word_1_355' title='bbox 3156 1841 3274 1895; x_wconf 91' lang='lat' dir='ltr'>Dei.</span> <span class='ocrx_word' id='word_1_356' title='bbox 3310 1841 3566 1911; x_wconf 91' lang='lat' dir='ltr'>Denique</span> 
     </span>
    </p>
   </div>
   <div class='ocr_carea' id='block_1_47' title="bbox 1937 1935 3563 2006">
    <p class='ocr_par' dir='ltr' id='par_1_47' title="bbox 1937 1935 3563 2006">
     <span class='ocr_line' id='line_1_47' title="bbox 1937 1935 3563 2006; baseline -0.002 -15"><span class='ocrx_word' id='word_1_357' title='bbox 1937 1940 1992 1992; x_wconf 91' lang='lat' dir='ltr'>et</span> <span class='ocrx_word' id='word_1_358' title='bbox 2022 1952 2160 1990; x_wconf 86' lang='lat' dir='ltr'>uxor</span> <span class='ocrx_word' id='word_1_359' title='bbox 2185 1938 2301 2000; x_wconf 88' lang='lat' dir='ltr'>Lot,</span> <span class='ocrx_word' id='word_1_360' title='bbox 2330 1951 2458 2006; x_wconf 67' lang='lat' dir='ltr'>quae</span> <span class='ocrx_word' id='word_1_361' title='bbox 2487 1935 2739 2001; x_wconf 88' lang='lat' dir='ltr'>liberata,</span> <span class='ocrx_word' id='word_1_362' title='bbox 2768 1939 2965 1989; x_wconf 89' lang='lat' dir='ltr'>contra</span> <span class='ocrx_word' id='word_1_363' title='bbox 2995 1939 3368 2005; x_wconf 67' lang='lat' dir='ltr'>praeceptum,</span> <span class='ocrx_word' id='word_1_364' title='bbox 3402 1941 3563 1988; x_wconf 89' lang='lat' dir='ltr'>retro</span> 
     </span>
    </p>
   </div>
   <div class='ocr_carea' id='block_1_48' title="bbox 1936 2026 3560 2101">
    <p class='ocr_par' dir='ltr' id='par_1_48' title="bbox 1936 2026 3560 2101">
     <span class='ocr_line' id='line_1_48' title="bbox 1936 2026 3560 2101; baseline -0.002 -16"><span class='ocrx_word' id='word_1_365' title='bbox 1936 2030 2200 2101; x_wconf 85' lang='lat' dir='ltr'>respexit,</span> <span class='ocrx_word' id='word_1_366' title='bbox 2237 2029 2387 2101; x_wconf 92' lang='lat' dir='ltr'>quod</span> <span class='ocrx_word' id='word_1_367' title='bbox 2428 2030 2687 2083; x_wconf 87' lang='lat' dir='ltr'>evaserat</span> <span class='ocrx_word' id='word_1_368' title='bbox 2717 2027 2964 2099; x_wconf 88' lang='lat' dir='ltr'>perdidit</span> <span class='ocrx_word' id='word_1_369' title='bbox 3004 2028 3139 2097; x_wconf 79' lang='lat'>(72).</span> <span class='ocrx_word' id='word_1_370' title='bbox 3188 2026 3560 2082; x_wconf 77' lang='lat' dir='ltr'>Attendamus</span> 
     </span>
    </p>
   </div>
   <div class='ocr_carea' id='block_1_49' title="bbox 1939 2120 3563 2193">
    <p class='ocr_par' dir='ltr' id='par_1_49' title="bbox 1939 2120 3563 2193">
     <span class='ocr_line' id='line_1_49' title="bbox 1939 2120 3563 2193; baseline -0.003 -15"><span class='ocrx_word' id='word_1_371' title='bbox 1939 2140 2054 2179; x_wconf 89' lang='lat' dir='ltr'>non</span> <span class='ocrx_word' id='word_1_372' title='bbox 2098 2122 2424 2193; x_wconf 86' lang='lat' dir='ltr'>posteriora,</span> <span class='ocrx_word' id='word_1_373' title='bbox 2466 2138 2579 2192; x_wconf 91' lang='lat' dir='ltr'>quo</span> <span class='ocrx_word' id='word_1_374' title='bbox 2626 2121 2877 2176; x_wconf 85' lang='lat' dir='ltr'>diabolus</span> <span class='ocrx_word' id='word_1_375' title='bbox 2922 2126 3164 2189; x_wconf 89' lang='lat' dir='ltr'>revocat,</span> <span class='ocrx_word' id='word_1_376' title='bbox 3208 2121 3303 2175; x_wconf 91' lang='lat' dir='ltr'>sed</span> <span class='ocrx_word' id='word_1_377' title='bbox 3352 2120 3563 2190; x_wconf 91' lang='lat' dir='ltr'>priora,</span> 
     </span>
    </p>
   </div>
   <div class='ocr_carea' id='block_1_50' title="bbox 1943 2214 3567 2289">
    <p class='ocr_par' dir='ltr' id='par_1_50' title="bbox 1943 2214 3567 2289">
     <span class='ocr_line' id='line_1_50' title="bbox 1943 2214 3567 2289; baseline -0.003 -18"><span class='ocrx_word' id='word_1_378' title='bbox 1943 2234 2055 2289; x_wconf 92' lang='lat' dir='ltr'>quo</span> <span class='ocrx_word' id='word_1_379' title='bbox 2092 2216 2345 2271; x_wconf 87' lang='lat' dir='ltr'>Christus</span> <span class='ocrx_word' id='word_1_380' title='bbox 2377 2222 2556 2270; x_wconf 89' lang='lat' dir='ltr'>vocat.</span> <span class='ocrx_word' id='word_1_381' title='bbox 2590 2214 2791 2269; x_wconf 90' lang='lat' dir='ltr'>Oculos</span> <span class='ocrx_word' id='word_1_382' title='bbox 2821 2215 3109 2285; x_wconf 88' lang='lat' dir='ltr'>erigamus</span> <span class='ocrx_word' id='word_1_383' title='bbox 3138 2214 3205 2268; x_wconf 88' lang='lat' dir='ltr'>ad</span> <span class='ocrx_word' id='word_1_384' title='bbox 3239 2215 3462 2281; x_wconf 71' lang='lat' dir='ltr'>cmlum,</span> <span class='ocrx_word' id='word_1_385' title='bbox 3494 2229 3567 2267; x_wconf 91' lang='lat' dir='ltr'>ne</span> 
     </span>
    </p>
   </div>
   <div class='ocr_carea' id='block_1_51' title="bbox 1941 2306 3567 2378">
    <p class='ocr_par' dir='ltr' id='par_1_51' title="bbox 1941 2306 3567 2378">
     <span class='ocr_line' id='line_1_51' title="bbox 1941 2306 3567 2378; baseline -0.002 -13"><span class='ocrx_word' id='word_1_386' title='bbox 1941 2309 2371 2365; x_wconf 86' lang='lat' dir='ltr'>oblectamentis</span> <span class='ocrx_word' id='word_1_387' title='bbox 2404 2312 2462 2363; x_wconf 89' lang='lat' dir='ltr'>et</span> <span class='ocrx_word' id='word_1_388' title='bbox 2497 2309 2776 2364; x_wconf 88' lang='lat' dir='ltr'>illecebris</span> <span class='ocrx_word' id='word_1_389' title='bbox 2810 2325 2915 2363; x_wconf 91' lang='lat' dir='ltr'>nos</span> <span class='ocrx_word' id='word_1_390' title='bbox 2955 2309 3070 2362; x_wconf 90' lang='lat' dir='ltr'>suis</span> <span class='ocrx_word' id='word_1_391' title='bbox 3110 2312 3259 2362; x_wconf 87' lang='lat' dir='ltr'>terra</span> <span class='ocrx_word' id='word_1_392' title='bbox 3300 2306 3567 2378; x_wconf 90' lang='lat' dir='ltr'>decipiat.</span> 
     </span>
    </p>
   </div>
   <div class='ocr_carea' id='block_1_52' title="bbox 1944 2400 3570 2475">
    <p class='ocr_par' dir='ltr' id='par_1_52' title="bbox 1944 2400 3570 2475">
     <span class='ocr_line' id='line_1_52' title="bbox 1944 2400 3570 2475; baseline -0.004 -15"><span class='ocrx_word' id='word_1_393' title='bbox 1944 2405 2341 2475; x_wconf 90' lang='lat' dir='ltr'>Unusquisque</span> <span class='ocrx_word' id='word_1_394' title='bbox 2381 2409 2507 2458; x_wconf 91' lang='lat' dir='ltr'>orat</span> <span class='ocrx_word' id='word_1_395' title='bbox 2551 2404 2751 2469; x_wconf 91' lang='lat' dir='ltr'>Deum,</span> <span class='ocrx_word' id='word_1_396' title='bbox 2786 2418 2901 2457; x_wconf 92' lang='lat' dir='ltr'>non</span> <span class='ocrx_word' id='word_1_397' title='bbox 2944 2419 3046 2472; x_wconf 89' lang='lat' dir='ltr'>pro</span> <span class='ocrx_word' id='word_1_398' title='bbox 3092 2419 3149 2456; x_wconf 94' lang='lat' dir='ltr'>se</span> <span class='ocrx_word' id='word_1_399' title='bbox 3190 2404 3433 2469; x_wconf 88' lang='lat' dir='ltr'>tantum,</span> <span class='ocrx_word' id='word_1_400' title='bbox 3470 2400 3570 2454; x_wconf 92' lang='lat' dir='ltr'>sed</span> 
     </span>
    </p>
   </div>
   <div class='ocr_carea' id='block_1_53' title="bbox 1942 2496 3569 2570">
    <p class='ocr_par' dir='ltr' id='par_1_53' title="bbox 1942 2496 3569 2570">
     <span class='ocr_line' id='line_1_53' title="bbox 1942 2496 3569 2570; baseline -0.004 -15"><span class='ocrx_word' id='word_1_401' title='bbox 1942 2516 2047 2570; x_wconf 91' lang='lat' dir='ltr'>pro</span> <span class='ocrx_word' id='word_1_402' title='bbox 2096 2498 2363 2553; x_wconf 90' lang='lat' dir='ltr'>omnibus</span> <span class='ocrx_word' id='word_1_403' title='bbox 2414 2496 2699 2562; x_wconf 84' lang='lat' dir='ltr'>fratribus,</span> <span class='ocrx_word' id='word_1_404' title='bbox 2750 2496 2891 2550; x_wconf 90' lang='lat' dir='ltr'>sicut</span> <span class='ocrx_word' id='word_1_405' title='bbox 2938 2496 3213 2551; x_wconf 90' lang='lat' dir='ltr'>Dominus</span> <span class='ocrx_word' id='word_1_406' title='bbox 3258 2511 3422 2549; x_wconf 91' lang='lat' dir='ltr'>orare</span> <span class='ocrx_word' id='word_1_407' title='bbox 3467 2510 3569 2548; x_wconf 91' lang='lat' dir='ltr'>nos</span> 
     </span>
    </p>
   </div>
   <div class='ocr_carea' id='block_1_54' title="bbox 1943 2588 3566 2661">
    <p class='ocr_par' dir='ltr' id='par_1_54' title="bbox 1943 2588 3566 2661">
     <span class='ocr_line' id='line_1_54' title="bbox 1943 2588 3566 2661; baseline -0.004 -14"><span class='ocrx_word' id='word_1_408' title='bbox 1943 2594 2163 2660; x_wconf 83' lang='lat' dir='ltr'>docuit;</span> <span class='ocrx_word' id='word_1_409' title='bbox 2194 2591 2291 2645; x_wconf 91' lang='lat' dir='ltr'>ubi</span> <span class='ocrx_word' id='word_1_410' title='bbox 2329 2608 2441 2645; x_wconf 92' lang='lat' dir='ltr'>non</span> <span class='ocrx_word' id='word_1_411' title='bbox 2470 2590 2705 2659; x_wconf 89' lang='lat' dir='ltr'>singulis</span> <span class='ocrx_word' id='word_1_412' title='bbox 2738 2590 3013 2660; x_wconf 89' lang='lat' dir='ltr'>privatam</span> <span class='ocrx_word' id='word_1_413' title='bbox 3057 2605 3280 2661; x_wconf 89' lang='lat' dir='ltr'>precem</span> <span class='ocrx_word' id='word_1_414' title='bbox 3314 2588 3566 2655; x_wconf 85' lang='lat' dir='ltr'>mandat,</span> 
     </span>
    </p>
   </div>
   <div class='ocr_carea' id='block_1_55' title="bbox 1943 2684 3657 2754">
    <p class='ocr_par' dir='ltr' id='par_1_55' title="bbox 1943 2684 3657 2754">
     <span class='ocr_line' id='line_1_55' title="bbox 1943 2684 3657 2754; baseline -0.003 -14"><span class='ocrx_word' id='word_1_415' title='bbox 1943 2687 2037 2741; x_wconf 90' lang='lat' dir='ltr'>sed</span> <span class='ocrx_word' id='word_1_416' title='bbox 2066 2686 2319 2740; x_wconf 90' lang='lat' dir='ltr'>oratione</span> <span class='ocrx_word' id='word_1_417' title='bbox 2341 2684 2633 2739; x_wconf 89' lang='lat' dir='ltr'>communi</span> <span class='ocrx_word' id='word_1_418' title='bbox 2660 2688 2716 2739; x_wconf 89' lang='lat' dir='ltr'>et</span> <span class='ocrx_word' id='word_1_419' title='bbox 2736 2684 3001 2739; x_wconf 91' lang='lat' dir='ltr'>concordi</span> <span class='ocrx_word' id='word_1_420' title='bbox 3030 2700 3193 2754; x_wconf 91' lang='lat' dir='ltr'>prece</span> <span class='ocrx_word' id='word_1_421' title='bbox 3216 2690 3439 2737; x_wconf 87' lang='lat' dir='ltr'>orantes</span> <span class='ocrx_word' id='word_1_422' title='bbox 3466 2698 3568 2752; x_wconf 93' lang='lat' dir='ltr'>pro</span> <span class='ocrx_word' id='word_1_423' title='bbox 3588 2694 3657 2720; x_wconf 63' lang='grc' dir='ltr'><em>κ</em></span> 
     </span>
    </p>
   </div>
   <div class='ocr_carea' id='block_1_56' title="bbox 1944 2776 3570 2850">
    <p class='ocr_par' dir='ltr' id='par_1_56' title="bbox 1944 2776 3570 2850">
     <span class='ocr_line' id='line_1_56' title="bbox 1944 2776 3570 2850; baseline -0.004 -15"><span class='ocrx_word' id='word_1_424' title='bbox 1944 2781 2209 2835; x_wconf 88' lang='lat' dir='ltr'>omnibus</span> <span class='ocrx_word' id='word_1_425' title='bbox 2244 2780 2414 2850; x_wconf 90' lang='lat' dir='ltr'>jussit</span> <span class='ocrx_word' id='word_1_426' title='bbox 2450 2796 2632 2833; x_wconf 87' lang='lat' dir='ltr'>orare.</span> <span class='ocrx_word' id='word_1_427' title='bbox 2666 2779 2724 2834; x_wconf 90' lang='lat' dir='ltr'>Si</span> <span class='ocrx_word' id='word_1_428' title='bbox 2768 2796 2871 2833; x_wconf 91' lang='lat' dir='ltr'>nos</span> <span class='ocrx_word' id='word_1_429' title='bbox 2912 2778 3182 2831; x_wconf 84' lang='lat' dir='ltr'>Dominus</span> <span class='ocrx_word' id='word_1_430' title='bbox 3218 2776 3468 2831; x_wconf 90' lang='lat' dir='ltr'>humiles</span> <span class='ocrx_word' id='word_1_431' title='bbox 3510 2778 3570 2829; x_wconf 93' lang='lat' dir='ltr'>et</span> 
     </span>
    </p>
   </div>
   <div class='ocr_carea' id='block_1_57' title="bbox 1945 2870 3568 2946">
    <p class='ocr_par' dir='ltr' id='par_1_57' title="bbox 1945 2870 3568 2946">
     <span class='ocr_line' id='line_1_57' title="bbox 1945 2870 3568 2946; baseline -0.004 -17"><span class='ocrx_word' id='word_1_432' title='bbox 1945 2874 2185 2946; x_wconf 90' lang='lat' dir='ltr'>quietos,</span> <span class='ocrx_word' id='word_1_433' title='bbox 2230 2874 2277 2927; x_wconf 90' lang='lat' dir='ltr'>si</span> <span class='ocrx_word' id='word_1_434' title='bbox 2318 2872 2482 2928; x_wconf 90' lang='lat' dir='ltr'>nobis</span> <span class='ocrx_word' id='word_1_435' title='bbox 2520 2872 2761 2927; x_wconf 81' lang='lat' dir='ltr'>invicem</span> <span class='ocrx_word' id='word_1_436' title='bbox 2805 2872 3114 2943; x_wconf 89' lang='lat' dir='ltr'>copulatos,</span> <span class='ocrx_word' id='word_1_437' title='bbox 3158 2870 3205 2924; x_wconf 89' lang='lat' dir='ltr'>si</span> <span class='ocrx_word' id='word_1_438' title='bbox 3244 2871 3387 2925; x_wconf 88' lang='lat' dir='ltr'>circa</span> <span class='ocrx_word' id='word_1_439' title='bbox 3428 2870 3568 2923; x_wconf 90' lang='lat' dir='ltr'>iram</span> 
     </span>
    </p>
   </div>
   <div class='ocr_carea' id='block_1_58' title="bbox 1946 2965 3569 3036">
    <p class='ocr_par' dir='ltr' id='par_1_58' title="bbox 1946 2965 3569 3036">
     <span class='ocr_line' id='line_1_58' title="bbox 1946 2965 3569 3036; baseline -0.003 -14"><span class='ocrx_word' id='word_1_440' title='bbox 1946 2986 2107 3022; x_wconf 89' lang='lat' dir='ltr'>suam</span> <span class='ocrx_word' id='word_1_441' title='bbox 2160 2967 2412 3035; x_wconf 90' lang='lat' dir='ltr'>timidos,</span> <span class='ocrx_word' id='word_1_442' title='bbox 2460 2968 2505 3021; x_wconf 91' lang='lat' dir='ltr'>si</span> <span class='ocrx_word' id='word_1_443' title='bbox 2556 2967 2822 3036; x_wconf 68' lang='lat' dir='ltr'>prassenti</span> <span class='ocrx_word' id='word_1_444' title='bbox 2872 2965 3237 3020; x_wconf 87' lang='lat' dir='ltr'>tribulatione</span> <span class='ocrx_word' id='word_1_445' title='bbox 3287 2968 3569 3018; x_wconf 89' lang='lat' dir='ltr'>correctos</span> 
     </span>
    </p>
   </div>
   <div class='ocr_carea' id='block_1_59' title="bbox 243 3057 3569 3163">
    <p class='ocr_par' dir='ltr' id='par_1_59' title="bbox 243 3057 3569 3163">
     <span class='ocr_line' id='line_1_59' title="bbox 243 3057 3569 3163; baseline 0 -53"><span class='ocrx_word' id='word_1_446' title='bbox 243 3072 350 3111; x_wconf 89' lang='lat' dir='ltr'>suos</span> <span class='ocrx_word' id='word_1_447' title='bbox 372 3075 598 3130; x_wconf 88' lang='lat' dir='ltr'>semper</span> <span class='ocrx_word' id='word_1_448' title='bbox 626 3061 926 3131; x_wconf 85' lang='lat' dir='ltr'>probavit;</span> <span class='ocrx_word' id='word_1_449' title='bbox 960 3078 1065 3116; x_wconf 91' lang='lat' dir='ltr'>nec</span> <span class='ocrx_word' id='word_1_450' title='bbox 1095 3064 1281 3117; x_wconf 88' lang='lat' dir='ltr'>tamen</span> <span class='ocrx_word' id='word_1_451' title='bbox 1321 3063 1381 3117; x_wconf 90' lang='lat' dir='ltr'>in</span> <span class='ocrx_word' id='word_1_452' title='bbox 1418 3064 1844 3134; x_wconf 87' lang='lat' dir='ltr'>probationibus</span> <span class='ocrx_word' id='word_1_453' title='bbox 1864 3091 1918 3163; x_wconf 67' lang='grc' dir='ltr'><strong>Ο</strong></span> <span class='ocrx_word' id='word_1_454' title='bbox 1947 3062 2397 3131; x_wconf 89' lang='lat' dir='ltr'>emendatosque</span> <span class='ocrx_word' id='word_1_455' title='bbox 2424 3061 2781 3131; x_wconf 85' lang='lat' dir='ltr'>conspexerit</span> <span class='ocrx_word' id='word_1_456' title='bbox 2811 3083 2820 3113; x_wconf 93' lang='lat'><strong>:</strong></span> <span class='ocrx_word' id='word_1_457' title='bbox 2858 3066 3006 3115; x_wconf 89' lang='lat' dir='ltr'>tutos</span> <span class='ocrx_word' id='word_1_458' title='bbox 3040 3060 3110 3114; x_wconf 92' lang='lat' dir='ltr'>ab</span> <span class='ocrx_word' id='word_1_459' title='bbox 3146 3057 3361 3112; x_wconf 90' lang='lat' dir='ltr'>inimici</span> <span class='ocrx_word' id='word_1_460' title='bbox 3393 3057 3569 3112; x_wconf 89' lang='lat' dir='ltr'>infes-</span> 
     </span>
    </p>
   </div>
   <div class='ocr_carea' id='block_1_60' title="bbox 243 3150 1598 3222">
    <p class='ocr_par' dir='ltr' id='par_1_60' title="bbox 243 3150 1598 3222">
     <span class='ocr_line' id='line_1_60' title="bbox 243 3150 1598 3222; baseline 0.007 -20"><span class='ocrx_word' id='word_1_461' title='bbox 243 3150 341 3218; x_wconf 85' lang='lat' dir='ltr'>ejus</span> <span class='ocrx_word' id='word_1_462' title='bbox 365 3151 672 3222; x_wconf 86' lang='lat' dir='ltr'>aliquando</span> <span class='ocrx_word' id='word_1_463' title='bbox 706 3153 984 3208; x_wconf 84' lang='lat' dir='ltr'>auxilium</span> <span class='ocrx_word' id='word_1_464' title='bbox 1016 3156 1373 3211; x_wconf 90' lang='lat' dir='ltr'>credentibus</span> <span class='ocrx_word' id='word_1_465' title='bbox 1401 3156 1598 3212; x_wconf 86' lang='lat' dir='ltr'>defuit.</span> 
     </span>
    </p>
   </div>
   <div class='ocr_carea' id='block_1_61' title="bbox 300 3244 1842 3316">
    <p class='ocr_par' dir='ltr' id='par_1_61' title="bbox 300 3244 1842 3316">
     <span class='ocr_line' id='line_1_61' title="bbox 300 3244 1842 3316; baseline 0.006 -19"><span class='ocrx_word' id='word_1_466' title='bbox 300 3244 373 3298; x_wconf 81' lang='lat' dir='ltr'>Vl.</span> <span class='ocrx_word' id='word_1_467' title='bbox 402 3245 661 3316; x_wconf 82' lang='lat' dir='ltr'>Denique</span> <span class='ocrx_word' id='word_1_468' title='bbox 702 3247 770 3301; x_wconf 91' lang='lat' dir='ltr'>ad</span> <span class='ocrx_word' id='word_1_469' title='bbox 812 3248 1114 3303; x_wconf 90' lang='lat' dir='ltr'>minimum</span> <span class='ocrx_word' id='word_1_470' title='bbox 1150 3251 1433 3305; x_wconf 86' lang='lat' dir='ltr'>famulum</span> <span class='ocrx_word' id='word_1_471' title='bbox 1476 3268 1641 3305; x_wconf 91' lang='lat' dir='ltr'>suum</span> <span class='ocrx_word' id='word_1_472' title='bbox 1686 3254 1743 3306; x_wconf 90' lang='lat' dir='ltr'>et</span> <span class='ocrx_word' id='word_1_473' title='bbox 1784 3252 1842 3306; x_wconf 90' lang='lat' dir='ltr'>in</span> 
     </span>
    </p>
   </div>
   <div class='ocr_carea' id='block_1_62' title="bbox 244 3335 1842 3415">
    <p class='ocr_par' dir='ltr' id='par_1_62' title="bbox 244 3335 1842 3415">
     <span class='ocr_line' id='line_1_62' title="bbox 244 3335 1842 3415; baseline 0.007 -27"><span class='ocrx_word' id='word_1_474' title='bbox 244 3335 426 3391; x_wconf 86' lang='lat' dir='ltr'>delictis</span> <span class='ocrx_word' id='word_1_475' title='bbox 452 3339 583 3394; x_wconf 91' lang='lat' dir='ltr'>licet</span> <span class='ocrx_word' id='word_1_476' title='bbox 607 3340 872 3409; x_wconf 89' lang='lat' dir='ltr'>plurimis</span> <span class='ocrx_word' id='word_1_477' title='bbox 895 3342 1263 3398; x_wconf 90' lang='lat' dir='ltr'>constitutum</span> <span class='ocrx_word' id='word_1_478' title='bbox 1287 3348 1345 3399; x_wconf 89' lang='lat' dir='ltr'>et</span> <span class='ocrx_word' id='word_1_479' title='bbox 1363 3344 1695 3415; x_wconf 88' lang='lat' dir='ltr'>dignatione</span> <span class='ocrx_word' id='word_1_480' title='bbox 1718 3345 1842 3415; x_wconf 86' lang='lat' dir='ltr'>ejus</span> 
     </span>
    </p>
   </div>
   <div class='ocr_carea' id='block_1_63' title="bbox 240 3428 1841 3506">
    <p class='ocr_par' dir='ltr' id='par_1_63' title="bbox 240 3428 1841 3506">
     <span class='ocr_line' id='line_1_63' title="bbox 240 3428 1841 3506; baseline 0.007 -26"><span class='ocrx_word' id='word_1_481' title='bbox 240 3428 542 3501; x_wconf 84' lang='lat' dir='ltr'>indignum,</span> <span class='ocrx_word' id='word_1_482' title='bbox 586 3438 785 3487; x_wconf 89' lang='lat' dir='ltr'>tamen</span> <span class='ocrx_word' id='word_1_483' title='bbox 830 3434 925 3489; x_wconf 90' lang='lat' dir='ltr'>ille</span> <span class='ocrx_word' id='word_1_484' title='bbox 965 3452 1069 3506; x_wconf 90' lang='lat' dir='ltr'>pro</span> <span class='ocrx_word' id='word_1_485' title='bbox 1115 3453 1211 3490; x_wconf 91' lang='lat' dir='ltr'>sua</span> <span class='ocrx_word' id='word_1_486' title='bbox 1252 3438 1398 3491; x_wconf 86' lang='lat' dir='ltr'>circa</span> <span class='ocrx_word' id='word_1_487' title='bbox 1441 3454 1543 3492; x_wconf 90' lang='lat' dir='ltr'>nos</span> <span class='ocrx_word' id='word_1_488' title='bbox 1586 3438 1841 3492; x_wconf 92' lang='lat' dir='ltr'>bonitate</span> 
     </span>
    </p>
   </div>
   <div class='ocr_carea' id='block_1_64' title="bbox 243 3526 1843 3601">
    <p class='ocr_par' dir='ltr' id='par_1_64' title="bbox 243 3526 1843 3601">
     <span class='ocr_line' id='line_1_64' title="bbox 243 3526 1843 3601; baseline 0.007 -27"><span class='ocrx_word' id='word_1_489' title='bbox 243 3526 482 3581; x_wconf 81' lang='lat' dir='ltr'>mandare</span> <span class='ocrx_word' id='word_1_490' title='bbox 530 3528 802 3597; x_wconf 88' lang='lat' dir='ltr'>dignatus</span> <span class='ocrx_word' id='word_1_491' title='bbox 849 3533 953 3582; x_wconf 89' lang='lat' dir='ltr'>est.</span> <span class='ocrx_word' id='word_1_492' title='bbox 998 3550 1026 3577; x_wconf 86' lang='grc'>‹‹</span> <span class='ocrx_word' id='word_1_493' title='bbox 1074 3529 1170 3584; x_wconf 92' lang='lat' dir='ltr'>Dic</span> <span class='ocrx_word' id='word_1_494' title='bbox 1215 3531 1317 3597; x_wconf 89' lang='lat' dir='ltr'>illi,</span> <span class='ocrx_word' id='word_1_495' title='bbox 1362 3532 1569 3601; x_wconf 89' lang='lat' dir='ltr'>inquit,</span> <span class='ocrx_word' id='word_1_496' title='bbox 1612 3548 1843 3585; x_wconf 91' lang='lat' dir='ltr'>securus</span> 
     </span>
    </p>
   </div>
   <div class='ocr_carea' id='block_1_65' title="bbox 240 3616 1841 3694">
    <p class='ocr_par' dir='ltr' id='par_1_65' title="bbox 240 3616 1841 3694">
     <span class='ocr_line' id='line_1_65' title="bbox 240 3616 1841 3694; baseline 0.007 -27"><span class='ocrx_word' id='word_1_497' title='bbox 240 3616 311 3681; x_wconf 85' lang='lat' dir='ltr'>sit,</span> <span class='ocrx_word' id='word_1_498' title='bbox 339 3620 465 3688; x_wconf 87' lang='lat' dir='ltr'>quia</span> <span class='ocrx_word' id='word_1_499' title='bbox 496 3636 607 3689; x_wconf 80' lang='lat' dir='ltr'>pax</span> <span class='ocrx_word' id='word_1_500' title='bbox 644 3627 882 3675; x_wconf 90' lang='lat' dir='ltr'>ventura</span> <span class='ocrx_word' id='word_1_501' title='bbox 907 3628 1024 3688; x_wconf 90' lang='lat' dir='ltr'>est;</span> <span class='ocrx_word' id='word_1_502' title='bbox 1053 3624 1145 3677; x_wconf 91' lang='lat' dir='ltr'>sed</span> <span class='ocrx_word' id='word_1_503' title='bbox 1184 3624 1337 3694; x_wconf 91' lang='lat' dir='ltr'>quod</span> <span class='ocrx_word' id='word_1_504' title='bbox 1366 3623 1595 3679; x_wconf 90' lang='lat' dir='ltr'>interim</span> <span class='ocrx_word' id='word_1_505' title='bbox 1626 3626 1841 3678; x_wconf 90' lang='lat' dir='ltr'>morula</span> 
     </span>
    </p>
   </div>
   <div class='ocr_carea' id='block_1_66' title="bbox 241 3714 1843 3786">
    <p class='ocr_par' dir='ltr' id='par_1_66' title="bbox 241 3714 1843 3786">
     <span class='ocr_line' id='line_1_66' title="bbox 241 3714 1843 3786; baseline 0.006 -23"><span class='ocrx_word' id='word_1_506' title='bbox 241 3714 327 3774; x_wconf 83' lang='lat' dir='ltr'>est,</span> <span class='ocrx_word' id='word_1_507' title='bbox 362 3716 674 3781; x_wconf 90' lang='lat' dir='ltr'>supersunt</span> <span class='ocrx_word' id='word_1_508' title='bbox 712 3714 897 3768; x_wconf 90' lang='lat' dir='ltr'>adhuc</span> <span class='ocrx_word' id='word_1_509' title='bbox 941 3715 1115 3785; x_wconf 89' lang='lat' dir='ltr'>aliqui</span> <span class='ocrx_word' id='word_1_510' title='bbox 1156 3717 1254 3785; x_wconf 90' lang='lat' dir='ltr'>qui</span> <span class='ocrx_word' id='word_1_511' title='bbox 1296 3716 1629 3786; x_wconf 87' lang='lat' dir='ltr'>probentur.</span> <span class='ocrx_word' id='word_1_512' title='bbox 1669 3740 1695 3766; x_wconf 83' lang='lat'>»</span> <span class='ocrx_word' id='word_1_513' title='bbox 1732 3718 1843 3773; x_wconf 91' lang='lat' dir='ltr'>Sed</span> 
     </span>
    </p>
   </div>
   <div class='ocr_carea' id='block_1_67' title="bbox 241 3803 1842 3881">
    <p class='ocr_par' dir='ltr' id='par_1_67' title="bbox 241 3803 1842 3881">
     <span class='ocr_line' id='line_1_67' title="bbox 241 3803 1842 3881; baseline 0.007 -27"><span class='ocrx_word' id='word_1_514' title='bbox 241 3806 283 3854; x_wconf 85' lang='lat' dir='ltr'>et</span> <span class='ocrx_word' id='word_1_515' title='bbox 308 3803 368 3858; x_wconf 91' lang='lat' dir='ltr'>de</span> <span class='ocrx_word' id='word_1_516' title='bbox 396 3806 546 3859; x_wconf 86' lang='lat' dir='ltr'>victu</span> <span class='ocrx_word' id='word_1_517' title='bbox 574 3823 748 3877; x_wconf 89' lang='lat' dir='ltr'>parco</span> <span class='ocrx_word' id='word_1_518' title='bbox 785 3814 839 3862; x_wconf 89' lang='lat' dir='ltr'>et</span> <span class='ocrx_word' id='word_1_519' title='bbox 864 3809 1051 3862; x_wconf 87' lang='lat' dir='ltr'>sobrio</span> <span class='ocrx_word' id='word_1_520' title='bbox 1088 3812 1219 3879; x_wconf 91' lang='lat' dir='ltr'>potu</span> <span class='ocrx_word' id='word_1_521' title='bbox 1258 3810 1457 3863; x_wconf 89' lang='lat' dir='ltr'>divinis</span> <span class='ocrx_word' id='word_1_522' title='bbox 1494 3811 1842 3881; x_wconf 85' lang='lat' dir='ltr'>dignationi-</span> 
     </span>
    </p>
   </div>
   <div class='ocr_carea' id='block_1_68' title="bbox 241 3893 1843 3974">
    <p class='ocr_par' dir='ltr' id='par_1_68' title="bbox 241 3893 1843 3974">
     <span class='ocr_line' id='line_1_68' title="bbox 241 3893 1843 3974; baseline 0.007 -27"><span class='ocrx_word' id='word_1_523' title='bbox 241 3893 326 3949; x_wconf 80' lang='lat' dir='ltr'>bus</span> <span class='ocrx_word' id='word_1_524' title='bbox 348 3898 763 3968; x_wconf 87' lang='lat' dir='ltr'>admonemur;</span> <span class='ocrx_word' id='word_1_525' title='bbox 793 3902 1004 3956; x_wconf 88' lang='lat' dir='ltr'>scilicet</span> <span class='ocrx_word' id='word_1_526' title='bbox 1029 3918 1099 3957; x_wconf 91' lang='lat' dir='ltr'>ne</span> <span class='ocrx_word' id='word_1_527' title='bbox 1132 3902 1325 3974; x_wconf 90' lang='lat' dir='ltr'>vigore</span> <span class='ocrx_word' id='word_1_528' title='bbox 1360 3904 1569 3959; x_wconf 84' lang='lat' dir='ltr'>caelesti</span> <span class='ocrx_word' id='word_1_529' title='bbox 1597 3905 1843 3959; x_wconf 90' lang='lat' dir='ltr'>sublime</span> 
     </span>
    </p>
   </div>
   <div class='ocr_carea' id='block_1_69' title="bbox 1943 3151 3565 3227">
    <p class='ocr_par' dir='ltr' id='par_1_69' title="bbox 1943 3151 3565 3227">
     <span class='ocr_line' id='line_1_69' title="bbox 1943 3151 3565 3227; baseline -0.004 -16"><span class='ocrx_word' id='word_1_530' title='bbox 1943 3155 2256 3212; x_wconf 87' lang='lat' dir='ltr'>tationibus</span> <span class='ocrx_word' id='word_1_531' title='bbox 2308 3154 2501 3227; x_wconf 83' lang='grc'>245</span> <span class='ocrx_word' id='word_1_532' title='bbox 2556 3154 2864 3211; x_wconf 79' lang='lat' dir='ltr'>exhibebit.</span> <span class='ocrx_word' id='word_1_533' title='bbox 2910 3154 3197 3209; x_wconf 56' lang='lat' dir='ltr'>Praecessit</span> <span class='ocrx_word' id='word_1_534' title='bbox 3245 3151 3565 3222; x_wconf 89' lang='lat' dir='ltr'>disciplina,</span> 
     </span>
    </p>
   </div>
   <div class='ocr_carea' id='block_1_70' title="bbox 1942 3249 2516 3320">
    <p class='ocr_par' dir='ltr' id='par_1_70' title="bbox 1942 3249 2516 3320">
     <span class='ocr_line' id='line_1_70' title="bbox 1942 3249 2516 3320; baseline -0.003 -16"><span class='ocrx_word' id='word_1_535' title='bbox 1942 3253 2215 3320; x_wconf 89' lang='lat' dir='ltr'>sequetur</span> <span class='ocrx_word' id='word_1_536' title='bbox 2244 3256 2301 3303; x_wconf 87' lang='lat' dir='ltr'>et</span> <span class='ocrx_word' id='word_1_537' title='bbox 2330 3249 2516 3303; x_wconf 88' lang='lat' dir='ltr'>venia.</span> 
     </span>
    </p>
   </div>
   <div class='ocr_carea' id='block_1_71' title="bbox 2014 3341 3570 3413">
    <p class='ocr_par' dir='ltr' id='par_1_71' title="bbox 2014 3341 3570 3413">
     <span class='ocr_line' id='line_1_71' title="bbox 2014 3341 3570 3413; baseline -0.003 -16"><span class='ocrx_word' id='word_1_538' title='bbox 2014 3345 2155 3399; x_wconf 87' lang='lat' dir='ltr'>VIIt.</span> <span class='ocrx_word' id='word_1_539' title='bbox 2185 3344 2291 3397; x_wconf 86' lang='lat' dir='ltr'>Nos</span> <span class='ocrx_word' id='word_1_540' title='bbox 2318 3347 2561 3409; x_wconf 89' lang='lat' dir='ltr'>tantum,</span> <span class='ocrx_word' id='word_1_541' title='bbox 2585 3343 2704 3397; x_wconf 89' lang='lat' dir='ltr'>sine</span> <span class='ocrx_word' id='word_1_542' title='bbox 2731 3342 3040 3398; x_wconf 88' lang='lat' dir='ltr'>cessatione</span> <span class='ocrx_word' id='word_1_543' title='bbox 3066 3341 3332 3413; x_wconf 90' lang='lat' dir='ltr'>poscendi</span> <span class='ocrx_word' id='word_1_544' title='bbox 3358 3346 3414 3395; x_wconf 91' lang='lat' dir='ltr'>et</span> <span class='ocrx_word' id='word_1_545' title='bbox 3439 3356 3570 3394; x_wconf 90' lang='lat' dir='ltr'>cum</span> 
     </span>
    </p>
   </div>
   <div class='ocr_carea' id='block_1_72' title="bbox 1942 3434 3570 3509">
    <p class='ocr_par' dir='ltr' id='par_1_72' title="bbox 1942 3434 3570 3509">
     <span class='ocr_line' id='line_1_72' title="bbox 1942 3434 3570 3509; baseline -0.002 -17"><span class='ocrx_word' id='word_1_546' title='bbox 1942 3437 2055 3493; x_wconf 83' lang='lat' dir='ltr'>fide</span> <span class='ocrx_word' id='word_1_547' title='bbox 2104 3437 2435 3509; x_wconf 89' lang='lat' dir='ltr'>accipiendi,</span> <span class='ocrx_word' id='word_1_548' title='bbox 2480 3438 2763 3509; x_wconf 90' lang='lat' dir='ltr'>simplices</span> <span class='ocrx_word' id='word_1_549' title='bbox 2811 3440 2869 3491; x_wconf 92' lang='lat' dir='ltr'>et</span> <span class='ocrx_word' id='word_1_550' title='bbox 2908 3436 3212 3491; x_wconf 89' lang='lat' dir='ltr'>unanimes</span> <span class='ocrx_word' id='word_1_551' title='bbox 3261 3434 3570 3489; x_wconf 89' lang='lat' dir='ltr'>Dominum</span> 
     </span>
    </p>
   </div>
   <div class='ocr_carea' id='block_1_73' title="bbox 1943 3529 3568 3603">
    <p class='ocr_par' dir='ltr' id='par_1_73' title="bbox 1943 3529 3568 3603">
     <span class='ocr_line' id='line_1_73' title="bbox 1943 3529 3568 3603; baseline -0.003 -17"><span class='ocrx_word' id='word_1_552' title='bbox 1943 3533 2333 3602; x_wconf 88' lang='lat' dir='ltr'>deprecemur,</span> <span class='ocrx_word' id='word_1_553' title='bbox 2364 3548 2492 3587; x_wconf 89' lang='lat' dir='ltr'>cum</span> <span class='ocrx_word' id='word_1_554' title='bbox 2526 3532 2740 3603; x_wconf 87' lang='lat' dir='ltr'>gemitu</span> <span class='ocrx_word' id='word_1_555' title='bbox 2769 3532 2984 3603; x_wconf 89' lang='lat' dir='ltr'>pariter</span> <span class='ocrx_word' id='word_1_556' title='bbox 3012 3534 3068 3586; x_wconf 89' lang='lat' dir='ltr'>et</span> <span class='ocrx_word' id='word_1_557' title='bbox 3092 3530 3226 3585; x_wconf 88' lang='lat' dir='ltr'>tletu</span> <span class='ocrx_word' id='word_1_558' title='bbox 3258 3529 3568 3599; x_wconf 87' lang='lat' dir='ltr'>deprecan-</span> 
     </span>
    </p>
   </div>
   <div class='ocr_carea' id='block_1_74' title="bbox 1942 3623 3571 3697">
    <p class='ocr_par' dir='ltr' id='par_1_74' title="bbox 1942 3623 3571 3697">
     <span class='ocr_line' id='line_1_74' title="bbox 1942 3623 3571 3697; baseline -0.003 -17"><span class='ocrx_word' id='word_1_559' title='bbox 1942 3630 2048 3693; x_wconf 86' lang='lat' dir='ltr'>tes,</span> <span class='ocrx_word' id='word_1_560' title='bbox 2080 3627 2223 3680; x_wconf 90' lang='lat' dir='ltr'>sicut</span> <span class='ocrx_word' id='word_1_561' title='bbox 2252 3626 2539 3696; x_wconf 89' lang='lat' dir='ltr'>deprecari</span> <span class='ocrx_word' id='word_1_562' title='bbox 2571 3630 2796 3697; x_wconf 89' lang='lat' dir='ltr'>oportet</span> <span class='ocrx_word' id='word_1_563' title='bbox 2824 3642 2919 3680; x_wconf 91' lang='lat' dir='ltr'>eos</span> <span class='ocrx_word' id='word_1_564' title='bbox 2955 3626 3054 3696; x_wconf 90' lang='lat' dir='ltr'>qui</span> <span class='ocrx_word' id='word_1_565' title='bbox 3083 3625 3193 3679; x_wconf 91' lang='lat' dir='ltr'>sint</span> <span class='ocrx_word' id='word_1_566' title='bbox 3222 3623 3390 3694; x_wconf 89' lang='lat' dir='ltr'>positi</span> <span class='ocrx_word' id='word_1_567' title='bbox 3419 3623 3571 3677; x_wconf 89' lang='lat' dir='ltr'>inter</span> 
     </span>
    </p>
   </div>
   <div class='ocr_carea' id='block_1_75' title="bbox 1943 3716 3573 3789">
    <p class='ocr_par' dir='ltr' id='par_1_75' title="bbox 1943 3716 3573 3789">
     <span class='ocr_line' id='line_1_75' title="bbox 1943 3716 3573 3789; baseline -0.002 -16"><span class='ocrx_word' id='word_1_568' title='bbox 1943 3720 2335 3789; x_wconf 89' lang='lat' dir='ltr'>plangentium</span> <span class='ocrx_word' id='word_1_569' title='bbox 2379 3721 2574 3774; x_wconf 88' lang='lat' dir='ltr'>ruinas</span> <span class='ocrx_word' id='word_1_570' title='bbox 2620 3727 2675 3773; x_wconf 89' lang='lat' dir='ltr'>et</span> <span class='ocrx_word' id='word_1_571' title='bbox 2726 3719 3051 3775; x_wconf 87' lang='lat' dir='ltr'>timentium</span> <span class='ocrx_word' id='word_1_572' title='bbox 3098 3717 3382 3789; x_wconf 88' lang='lat' dir='ltr'>reliquias,</span> <span class='ocrx_word' id='word_1_573' title='bbox 3420 3716 3573 3770; x_wconf 91' lang='lat' dir='ltr'>inter</span> 
     </span>
    </p>
   </div>
   <div class='ocr_carea' id='block_1_76' title="bbox 1944 3811 3571 3884">
    <p class='ocr_par' dir='ltr' id='par_1_76' title="bbox 1944 3811 3571 3884">
     <span class='ocr_line' id='line_1_76' title="bbox 1944 3811 3571 3884; baseline -0.003 -18"><span class='ocrx_word' id='word_1_574' title='bbox 1944 3830 2309 3867; x_wconf 88' lang='lat' dir='ltr'>numerosam</span> <span class='ocrx_word' id='word_1_575' title='bbox 2363 3813 2762 3884; x_wconf 87' lang='lat' dir='ltr'>languentium</span> <span class='ocrx_word' id='word_1_576' title='bbox 2790 3816 2831 3847; x_wconf 81' lang='grc'>¹¹</span> <span class='ocrx_word' id='word_1_577' title='bbox 2888 3819 3133 3883; x_wconf 87' lang='lat' dir='ltr'>stragem</span> <span class='ocrx_word' id='word_1_578' title='bbox 3190 3814 3247 3866; x_wconf 90' lang='lat' dir='ltr'>et</span> <span class='ocrx_word' id='word_1_579' title='bbox 3306 3811 3571 3881; x_wconf 84' lang='lat' dir='ltr'>exiguam</span> 
     </span>
    </p>
   </div>
   <div class='ocr_carea' id='block_1_77' title="bbox 1946 3902 3571 3978">
    <p class='ocr_par' dir='ltr' id='par_1_77' title="bbox 1946 3902 3571 3978">
     <span class='ocr_line' id='line_1_77' title="bbox 1946 3902 3571 3978; baseline -0.002 -19"><span class='ocrx_word' id='word_1_580' title='bbox 1946 3907 2219 3960; x_wconf 91' lang='lat' dir='ltr'>stantium</span> <span class='ocrx_word' id='word_1_581' title='bbox 2262 3906 2610 3962; x_wconf 86' lang='lat' dir='ltr'>ﬁrmitatem.</span> <span class='ocrx_word' id='word_1_582' title='bbox 2660 3909 2946 3976; x_wconf 81' lang='lat' dir='ltr'>Rogemus</span> <span class='ocrx_word' id='word_1_583' title='bbox 2992 3906 3253 3978; x_wconf 73' lang='lat' dir='ltr'>pacem”</span> <span class='ocrx_word' id='word_1_584' title='bbox 3295 3902 3571 3959; x_wconf 88' lang='lat' dir='ltr'>maturius</span> 
     </span>
    </p>
   </div>
   <div class='ocr_carea' id='block_1_78' title="bbox 1584 4056 2186 4121">
    <p class='ocr_par' dir='ltr' id='par_1_78' title="bbox 1584 4056 2186 4121">
     <span class='ocr_line' id='line_1_78' title="bbox 1584 4056 2186 4121; baseline 0 -2"><span class='ocrx_word' id='word_1_585' title='bbox 1584 4056 1793 4119; x_wconf 51' lang='lat' dir='ltr'>Varia),</span> <span class='ocrx_word' id='word_1_586' title='bbox 1848 4058 2186 4121; x_wconf 89' lang='lat' dir='ltr'>lectiones.</span> 
     </span>
    </p>
   </div>
   <div class='ocr_carea' id='block_1_79' title="bbox 290 4183 1629 4251">
    <p class='ocr_par' dir='ltr' id='par_1_79' title="bbox 290 4183 1629 4251">
     <span class='ocr_line' id='line_1_79' title="bbox 290 4183 1629 4251; baseline 0.004 -18"><span class='ocrx_word' id='word_1_587' title='bbox 290 4183 307 4215; x_wconf 83' lang='lat'><strong>’</strong></span> <span class='ocrx_word' id='word_1_588' title='bbox 334 4186 520 4237; x_wconf 72' lang='lat' dir='ltr'>Nostra</span> <span class='ocrx_word' id='word_1_589' title='bbox 549 4192 781 4251; x_wconf 87' lang='lat' dir='ltr'>peccata</span> <span class='ocrx_word' id='word_1_590' title='bbox 806 4191 913 4237; x_wconf 87' lang='lat' dir='ltr'>Lin.</span> <span class='ocrx_word' id='word_1_591' title='bbox 951 4190 1085 4238; x_wconf 85' lang='lat' dir='ltr'>Voss.</span> <span class='ocrx_word' id='word_1_592' title='bbox 1116 4190 1162 4248; x_wconf 84' lang='grc'><strong>1,</strong></span> <span class='ocrx_word' id='word_1_593' title='bbox 1193 4191 1237 4239; x_wconf 74' lang='lat'>2.</span> <span class='ocrx_word' id='word_1_594' title='bbox 1273 4190 1394 4239; x_wconf 87' lang='lat' dir='ltr'>Bod.</span> <span class='ocrx_word' id='word_1_595' title='bbox 1424 4193 1469 4239; x_wconf 92' lang='grc'><strong>1.</strong></span> <span class='ocrx_word' id='word_1_596' title='bbox 1498 4192 1629 4240; x_wconf 87' lang='lat' dir='ltr'>Pem.</span> 
     </span>
    </p>
   </div>
   <div class='ocr_carea' id='block_1_80' title="bbox 243 4257 1642 4320">
    <p class='ocr_par' dir='ltr' id='par_1_80' title="bbox 243 4257 1642 4320">
     <span class='ocr_line' id='line_1_80' title="bbox 243 4257 1642 4320; baseline 0.006 -18"><span class='ocrx_word' id='word_1_597' title='bbox 243 4257 436 4307; x_wconf 77' lang='lat' dir='ltr'>citatam</span> <span class='ocrx_word' id='word_1_598' title='bbox 467 4260 584 4308; x_wconf 82' lang='lat' dir='ltr'>Lin.</span> <span class='ocrx_word' id='word_1_599' title='bbox 618 4260 756 4308; x_wconf 86' lang='lat' dir='ltr'>Pem.</span> <span class='ocrx_word' id='word_1_600' title='bbox 790 4260 911 4309; x_wconf 88' lang='lat' dir='ltr'>Bod.</span> <span class='ocrx_word' id='word_1_601' title='bbox 948 4261 993 4320; x_wconf 87' lang='lat' dir='ltr'>l,</span> <span class='ocrx_word' id='word_1_602' title='bbox 1022 4260 1068 4309; x_wconf 89' lang='lat'>3.</span> <span class='ocrx_word' id='word_1_603' title='bbox 1110 4262 1239 4310; x_wconf 86' lang='lat' dir='ltr'>Voss.</span> <span class='ocrx_word' id='word_1_604' title='bbox 1263 4260 1306 4309; x_wconf 79' lang='lat'>2.</span> <span class='ocrx_word' id='word_1_605' title='bbox 1348 4262 1470 4311; x_wconf 85' lang='lat' dir='ltr'>Thu.</span> <span class='ocrx_word' id='word_1_606' title='bbox 1505 4264 1642 4311; x_wconf 82' lang='lat' dir='ltr'>Foss.</span> 
     </span>
    </p>
   </div>
   <div class='ocr_carea' id='block_1_81' title="bbox 1734 4193 2325 4257">
    <p class='ocr_par' dir='ltr' id='par_1_81' title="bbox 1734 4193 2325 4257">
     <span class='ocr_line' id='line_1_81' title="bbox 1734 4193 2325 4257; baseline 0.005 -17"><span class='ocrx_word' id='word_1_607' title='bbox 1734 4194 1772 4224; x_wconf 71' lang='grc' dir='ltr'>ὀ</span> <span class='ocrx_word' id='word_1_608' title='bbox 1802 4193 1912 4255; x_wconf 88' lang='lat' dir='ltr'>Ipsi</span> <span class='ocrx_word' id='word_1_609' title='bbox 1940 4194 2133 4257; x_wconf 89' lang='lat' dir='ltr'>utique</span> <span class='ocrx_word' id='word_1_610' title='bbox 2170 4194 2325 4243; x_wconf 70' lang='lat' dir='ltr'>Oxon.</span> 
     </span>
    </p>
   </div>
   <div class='ocr_carea' id='block_1_82' title="bbox 1736 4264 2900 4316">
    <p class='ocr_par' dir='ltr' id='par_1_82' title="bbox 1736 4264 2900 4316">
     <span class='ocr_line' id='line_1_82' title="bbox 1736 4264 2900 4316; baseline -0.001 -2"><span class='ocrx_word' id='word_1_611' title='bbox 1736 4266 1772 4295; x_wconf 77' lang='lat'><strong>&quot;</strong></span> <span class='ocrx_word' id='word_1_612' title='bbox 1802 4265 1997 4314; x_wconf 86' lang='lat' dir='ltr'>Pacem</span> <span class='ocrx_word' id='word_1_613' title='bbox 2026 4264 2288 4316; x_wconf 65' lang='lat' dir='ltr'>Ecclesia:</span> <span class='ocrx_word' id='word_1_614' title='bbox 2315 4278 2431 4316; x_wconf 66' lang='lat' dir='ltr'>suae</span> <span class='ocrx_word' id='word_1_615' title='bbox 2466 4267 2601 4315; x_wconf 78' lang='lat' dir='ltr'>Voss.</span> <span class='ocrx_word' id='word_1_616' title='bbox 2632 4267 2672 4315; x_wconf 90' lang='grc'>1.</span> <span class='ocrx_word' id='word_1_617' title='bbox 2702 4264 2828 4315; x_wconf 87' lang='lat' dir='ltr'>Bod.</span> <span class='ocrx_word' id='word_1_618' title='bbox 2855 4266 2900 4315; x_wconf 93' lang='lat'>3.</span> 
     </span>
    </p>
   </div>
   <div class='ocr_carea' id='block_1_83' title="bbox 2438 4194 3572 4257">
    <p class='ocr_par' dir='ltr' id='par_1_83' title="bbox 2438 4194 3572 4257">
     <span class='ocr_line' id='line_1_83' title="bbox 2438 4194 3572 4257; baseline -0.002 -12"><span class='ocrx_word' id='word_1_619' title='bbox 2438 4194 2811 4245; x_wconf 83' lang='lat' dir='ltr'>&quot;Jacentium</span> <span class='ocrx_word' id='word_1_620' title='bbox 2863 4194 2983 4243; x_wconf 81' lang='lat' dir='ltr'>Bod.</span> <span class='ocrx_word' id='word_1_621' title='bbox 3028 4195 3071 4244; x_wconf 85' lang='lat' dir='ltr'>l.</span> <span class='ocrx_word' id='word_1_622' title='bbox 3114 4194 3391 4244; x_wconf 88' lang='lat' dir='ltr'>Stantium</span> <span class='ocrx_word' id='word_1_623' title='bbox 3430 4207 3572 4257; x_wconf 86' lang='lat' dir='ltr'>pau-</span> 
     </span>
    </p>
   </div>
   <div class='ocr_carea' id='block_1_84' title="bbox 1510 4398 2265 4480">
    <p class='ocr_par' dir='ltr' id='par_1_84' title="bbox 1510 4398 2265 4480">
     <span class='ocr_line' id='line_1_84' title="bbox 1510 4398 2265 4480; baseline 0.007 -19"><span class='ocrx_word' id='word_1_624' title='bbox 1510 4398 1733 4480; x_wconf 89' lang='lat' dir='ltr'>Steph.</span> <span class='ocrx_word' id='word_1_625' title='bbox 1786 4400 2028 4464; x_wconf 90' lang='lat' dir='ltr'>Baluzii</span> <span class='ocrx_word' id='word_1_626' title='bbox 2072 4409 2265 4466; x_wconf 66' lang='lat' dir='ltr'>notae.</span> 
     </span>
    </p>
   </div>
   <div class='ocr_carea' id='block_1_85' title="bbox 288 4528 1841 4596">
    <p class='ocr_par' dir='ltr' id='par_1_85' title="bbox 288 4528 1841 4596">
     <span class='ocr_line' id='line_1_85' title="bbox 288 4528 1841 4596; baseline 0.003 -18"><span class='ocrx_word' id='word_1_627' title='bbox 288 4528 369 4585; x_wconf 71' lang='lat'>(69‘:</span> <span class='ocrx_word' id='word_1_628' title='bbox 397 4530 626 4579; x_wconf 84' lang='lat' dir='ltr'>Pectoris</span> <span class='ocrx_word' id='word_1_629' title='bbox 686 4530 872 4579; x_wconf 82' lang='lat' dir='ltr'>nostri.</span> <span class='ocrx_word' id='word_1_630' title='bbox 926 4532 1064 4581; x_wconf 66' lang='lat' dir='ltr'>Duae</span> <span class='ocrx_word' id='word_1_631' title='bbox 1106 4537 1238 4582; x_wconf 89' lang='lat' dir='ltr'>sunt</span> <span class='ocrx_word' id='word_1_632' title='bbox 1286 4533 1451 4596; x_wconf 88' lang='lat' dir='ltr'>hujus</span> <span class='ocrx_word' id='word_1_633' title='bbox 1501 4534 1604 4583; x_wconf 89' lang='lat' dir='ltr'>loci</span> <span class='ocrx_word' id='word_1_634' title='bbox 1659 4535 1841 4583; x_wconf 82' lang='lat' dir='ltr'>lectio-</span> 
     </span>
    </p>
   </div>
   <div class='ocr_carea' id='block_1_86' title="bbox 239 4602 1840 4667">
    <p class='ocr_par' dir='ltr' id='par_1_86' title="bbox 239 4602 1840 4667">
     <span class='ocr_line' id='line_1_86' title="bbox 239 4602 1840 4667; baseline 0.006 -22"><span class='ocrx_word' id='word_1_635' title='bbox 239 4612 318 4647; x_wconf 84' lang='lat' dir='ltr'>nes</span> <span class='ocrx_word' id='word_1_636' title='bbox 350 4602 397 4648; x_wconf 89' lang='lat' dir='ltr'>in</span> <span class='ocrx_word' id='word_1_637' title='bbox 427 4602 677 4663; x_wconf 84' lang='lat' dir='ltr'>antiquis</span> <span class='ocrx_word' id='word_1_638' title='bbox 704 4602 1006 4652; x_wconf 88' lang='lat' dir='ltr'>codicibus.</span> <span class='ocrx_word' id='word_1_639' title='bbox 1035 4604 1172 4653; x_wconf 86' lang='lat' dir='ltr'>Eam</span> <span class='ocrx_word' id='word_1_640' title='bbox 1204 4618 1367 4667; x_wconf 90' lang='lat' dir='ltr'>quam</span> <span class='ocrx_word' id='word_1_641' title='bbox 1412 4618 1513 4655; x_wconf 93' lang='lat' dir='ltr'>nos</span> <span class='ocrx_word' id='word_1_642' title='bbox 1541 4607 1840 4655; x_wconf 87' lang='lat' dir='ltr'>retinemus</span> 
     </span>
    </p>
   </div>
   <div class='ocr_carea' id='block_1_87' title="bbox 238 4671 1843 4738">
    <p class='ocr_par' dir='ltr' id='par_1_87' title="bbox 238 4671 1843 4738">
     <span class='ocr_line' id='line_1_87' title="bbox 238 4671 1843 4738; baseline 0.007 -23"><span class='ocrx_word' id='word_1_643' title='bbox 238 4671 527 4721; x_wconf 78' lang='lat' dir='ltr'>invenimus</span> <span class='ocrx_word' id='word_1_644' title='bbox 583 4676 640 4722; x_wconf 88' lang='lat' dir='ltr'>in</span> <span class='ocrx_word' id='word_1_645' title='bbox 693 4677 819 4722; x_wconf 90' lang='lat' dir='ltr'>octo</span> <span class='ocrx_word' id='word_1_646' title='bbox 869 4674 1171 4723; x_wconf 85' lang='lat' dir='ltr'>codicibus.</span> <span class='ocrx_word' id='word_1_647' title='bbox 1230 4675 1431 4733; x_wconf 87' lang='lat' dir='ltr'>Aliam,</span> <span class='ocrx_word' id='word_1_648' title='bbox 1483 4689 1608 4738; x_wconf 63' lang='lat' dir='ltr'>quae</span> <span class='ocrx_word' id='word_1_649' title='bbox 1672 4676 1843 4727; x_wconf 86' lang='lat' dir='ltr'>habet</span> 
     </span>
    </p>
   </div>
   <div class='ocr_carea' id='block_1_88' title="bbox 237 4744 1841 4810">
    <p class='ocr_par' dir='ltr' id='par_1_88' title="bbox 237 4744 1841 4810">
     <span class='ocr_line' id='line_1_88' title="bbox 237 4744 1841 4810; baseline 0.007 -23"><span class='ocrx_word' id='word_1_650' title='bbox 237 4745 410 4798; x_wconf 73' lang='lat' dir='ltr'>peccati</span> <span class='ocrx_word' id='word_1_651' title='bbox 437 4744 628 4803; x_wconf 80' lang='lat' dir='ltr'>nostri,</span> <span class='ocrx_word' id='word_1_652' title='bbox 657 4744 923 4793; x_wconf 79' lang='lat' dir='ltr'>exhibent</span> <span class='ocrx_word' id='word_1_653' title='bbox 966 4759 1157 4795; x_wconf 89' lang='lat' dir='ltr'>omnes</span> <span class='ocrx_word' id='word_1_654' title='bbox 1197 4746 1467 4796; x_wconf 87' lang='lat' dir='ltr'>editiones</span> <span class='ocrx_word' id='word_1_655' title='bbox 1496 4760 1621 4810; x_wconf 70' lang='lat' dir='ltr'>quae</span> <span class='ocrx_word' id='word_1_656' title='bbox 1653 4747 1841 4799; x_wconf 81' lang='lat' dir='ltr'>Pame-</span> 
     </span>
    </p>
   </div>
   <div class='ocr_carea' id='block_1_89' title="bbox 234 4810 1840 4879">
    <p class='ocr_par' dir='ltr' id='par_1_89' title="bbox 234 4810 1840 4879">
     <span class='ocr_line' id='line_1_89' title="bbox 234 4810 1840 4879; baseline 0.007 -22"><span class='ocrx_word' id='word_1_657' title='bbox 234 4810 414 4862; x_wconf 85' lang='lat' dir='ltr'>lianam</span> <span class='ocrx_word' id='word_1_658' title='bbox 464 4818 905 4875; x_wconf 89' lang='lat' dir='ltr'>antecesserunt,</span> <span class='ocrx_word' id='word_1_659' title='bbox 966 4830 1086 4865; x_wconf 90' lang='lat' dir='ltr'>eam</span> <span class='ocrx_word' id='word_1_660' title='bbox 1135 4830 1266 4867; x_wconf 86' lang='lat' dir='ltr'>vero</span> <span class='ocrx_word' id='word_1_661' title='bbox 1319 4818 1620 4879; x_wconf 64' lang='lat' dir='ltr'>praeferunt</span> <span class='ocrx_word' id='word_1_662' title='bbox 1673 4820 1840 4869; x_wconf 86' lang='lat' dir='ltr'>etiam</span> 
     </span>
    </p>
   </div>
   <div class='ocr_carea' id='block_1_90' title="bbox 234 4884 1840 4951">
    <p class='ocr_par' dir='ltr' id='par_1_90' title="bbox 234 4884 1840 4951">
     <span class='ocr_line' id='line_1_90' title="bbox 234 4884 1840 4951; baseline 0.007 -22"><span class='ocrx_word' id='word_1_663' title='bbox 234 4884 468 4935; x_wconf 88' lang='lat' dir='ltr'>undecim</span> <span class='ocrx_word' id='word_1_664' title='bbox 513 4887 646 4936; x_wconf 88' lang='lat' dir='ltr'>libri</span> <span class='ocrx_word' id='word_1_665' title='bbox 693 4890 946 4945; x_wconf 83' lang='lat' dir='ltr'>veteres;</span> <span class='ocrx_word' id='word_1_666' title='bbox 1011 4902 1187 4951; x_wconf 88' lang='lat' dir='ltr'>eaque</span> <span class='ocrx_word' id='word_1_667' title='bbox 1232 4888 1479 4951; x_wconf 87' lang='lat' dir='ltr'>adjuvari</span> <span class='ocrx_word' id='word_1_668' title='bbox 1540 4894 1719 4951; x_wconf 90' lang='lat' dir='ltr'>potest</span> <span class='ocrx_word' id='word_1_669' title='bbox 1771 4904 1840 4940; x_wconf 85' lang='lat' dir='ltr'>ex</span> 
     </span>
    </p>
   </div>
   <div class='ocr_carea' id='block_1_91' title="bbox 237 4957 1840 5023">
    <p class='ocr_par' dir='ltr' id='par_1_91' title="bbox 237 4957 1840 5023">
     <span class='ocr_line' id='line_1_91' title="bbox 237 4957 1840 5023; baseline 0.005 -20"><span class='ocrx_word' id='word_1_670' title='bbox 237 4966 290 5003; x_wconf 82' lang='lat' dir='ltr'>eo</span> <span class='ocrx_word' id='word_1_671' title='bbox 316 4957 454 5019; x_wconf 89' lang='lat' dir='ltr'>quod</span> <span class='ocrx_word' id='word_1_672' title='bbox 500 4958 561 5007; x_wconf 89' lang='lat' dir='ltr'>in</span> <span class='ocrx_word' id='word_1_673' title='bbox 609 4959 769 5007; x_wconf 89' lang='lat' dir='ltr'>initio</span> <span class='ocrx_word' id='word_1_674' title='bbox 821 4958 945 5008; x_wconf 89' lang='lat' dir='ltr'>libri</span> <span class='ocrx_word' id='word_1_675' title='bbox 984 4959 1092 5008; x_wconf 90' lang='lat' dir='ltr'>Job</span> <span class='ocrx_word' id='word_1_676' title='bbox 1139 4961 1405 5023; x_wconf 89' lang='lat' dir='ltr'>reperitur</span> <span class='ocrx_word' id='word_1_677' title='bbox 1437 4974 1447 5007; x_wconf 88' lang='lat'>:</span> <span class='ocrx_word' id='word_1_678' title='bbox 1478 4977 1503 5007; x_wconf 78' lang='grc' dir='ltr'><strong>α</strong></span> <span class='ocrx_word' id='word_1_679' title='bbox 1545 4962 1604 5009; x_wconf 90' lang='lat' dir='ltr'>Ut</span> <span class='ocrx_word' id='word_1_680' title='bbox 1632 4974 1840 5023; x_wconf 63' lang='lat' dir='ltr'>quaeras</span> 
     </span>
    </p>
   </div>
   <div class='ocr_carea' id='block_1_92' title="bbox 238 5028 1841 5093">
    <p class='ocr_par' dir='ltr' id='par_1_92' title="bbox 238 5028 1841 5093">
     <span class='ocr_line' id='line_1_92' title="bbox 238 5028 1841 5093; baseline 0.006 -20"><span class='ocrx_word' id='word_1_681' title='bbox 238 5028 537 5089; x_wconf 71' lang='lat' dir='ltr'>iniquitatem</span> <span class='ocrx_word' id='word_1_682' title='bbox 575 5042 745 5077; x_wconf 81' lang='lat' dir='ltr'>meam</span> <span class='ocrx_word' id='word_1_683' title='bbox 796 5033 843 5077; x_wconf 84' lang='lat' dir='ltr'>et</span> <span class='ocrx_word' id='word_1_684' title='bbox 888 5036 1150 5093; x_wconf 80' lang='lat' dir='ltr'>peccatum</span> <span class='ocrx_word' id='word_1_685' title='bbox 1203 5044 1371 5078; x_wconf 84' lang='lat' dir='ltr'>meum</span> <span class='ocrx_word' id='word_1_686' title='bbox 1409 5032 1671 5081; x_wconf 81' lang='lat' dir='ltr'>srruteris.</span> <span class='ocrx_word' id='word_1_687' title='bbox 1706 5033 1841 5082; x_wconf 87' lang='lat' dir='ltr'>Nos-</span> 
     </span>
    </p>
   </div>
   <div class='ocr_carea' id='block_1_93' title="bbox 236 5099 1839 5166">
    <p class='ocr_par' dir='ltr' id='par_1_93' title="bbox 236 5099 1839 5166">
     <span class='ocr_line' id='line_1_93' title="bbox 236 5099 1839 5166; baseline 0.007 -25"><span class='ocrx_word' id='word_1_688' title='bbox 236 5099 351 5166; x_wconf 81' lang='lat' dir='ltr'>tram</span> <span class='ocrx_word' id='word_1_689' title='bbox 380 5112 509 5149; x_wconf 89' lang='lat' dir='ltr'>vero</span> <span class='ocrx_word' id='word_1_690' title='bbox 540 5100 877 5150; x_wconf 84' lang='lat' dir='ltr'>confirmant</span> <span class='ocrx_word' id='word_1_691' title='bbox 904 5100 1140 5163; x_wconf 90' lang='lat' dir='ltr'>plurima</span> <span class='ocrx_word' id='word_1_692' title='bbox 1171 5114 1341 5151; x_wconf 62' lang='lat' dir='ltr'>sacras</span> <span class='ocrx_word' id='word_1_693' title='bbox 1389 5100 1680 5166; x_wconf 70' lang='lat' dir='ltr'>Scripturaa</span> <span class='ocrx_word' id='word_1_694' title='bbox 1719 5104 1839 5153; x_wconf 91' lang='lat' dir='ltr'>loca</span> 
     </span>
    </p>
   </div>
   <div class='ocr_carea' id='block_1_94' title="bbox 237 5164 1841 5234">
    <p class='ocr_par' dir='ltr' id='par_1_94' title="bbox 237 5164 1841 5234">
     <span class='ocr_line' id='line_1_94' title="bbox 237 5164 1841 5234; baseline 0.006 -21"><span class='ocrx_word' id='word_1_695' title='bbox 237 5164 278 5213; x_wconf 81' lang='lat' dir='ltr'>in</span> <span class='ocrx_word' id='word_1_696' title='bbox 304 5169 499 5231; x_wconf 87' lang='lat' dir='ltr'>quibus</span> <span class='ocrx_word' id='word_1_697' title='bbox 529 5170 686 5219; x_wconf 88' lang='lat' dir='ltr'>Deus</span> <span class='ocrx_word' id='word_1_698' title='bbox 716 5173 943 5220; x_wconf 89' lang='lat' dir='ltr'>vocatur</span> <span class='ocrx_word' id='word_1_699' title='bbox 968 5175 1242 5221; x_wconf 88' lang='lat' dir='ltr'>scrutator</span> <span class='ocrx_word' id='word_1_700' title='bbox 1287 5170 1469 5221; x_wconf 87' lang='lat' dir='ltr'>cordis</span> <span class='ocrx_word' id='word_1_701' title='bbox 1499 5164 1553 5221; x_wconf 84' lang='lat' dir='ltr'>et</span> <span class='ocrx_word' id='word_1_702' title='bbox 1580 5173 1745 5234; x_wconf 91' lang='lat' dir='ltr'>renis,</span> <span class='ocrx_word' id='word_1_703' title='bbox 1778 5178 1841 5223; x_wconf 89' lang='lat' dir='ltr'>ut.</span> 
     </span>
    </p>
   </div>
   <div class='ocr_carea' id='block_1_95' title="bbox 236 5242 1840 5308">
    <p class='ocr_par' dir='ltr' id='par_1_95' title="bbox 236 5242 1840 5308">
     <span class='ocr_line' id='line_1_95' title="bbox 236 5242 1840 5308; baseline 0.01 -25"><span class='ocrx_word' id='word_1_704' title='bbox 236 5242 372 5292; x_wconf 71' lang='lat' dir='ltr'>etiam</span> <span class='ocrx_word' id='word_1_705' title='bbox 409 5244 709 5293; x_wconf 83' lang='lat' dir='ltr'>adnotatur</span> <span class='ocrx_word' id='word_1_706' title='bbox 735 5245 789 5293; x_wconf 90' lang='lat' dir='ltr'>in</span> <span class='ocrx_word' id='word_1_707' title='bbox 820 5244 973 5295; x_wconf 88' lang='lat' dir='ltr'>calce</span> <span class='ocrx_word' id='word_1_708' title='bbox 1011 5244 1257 5308; x_wconf 68' lang='lat' dir='ltr'>epistolas</span> <span class='ocrx_word' id='word_1_709' title='bbox 1301 5249 1527 5296; x_wconf 62' lang='lat' dir='ltr'>octavas.</span> <span class='ocrx_word' id='word_1_710' title='bbox 1559 5246 1615 5295; x_wconf 90' lang='lat' dir='ltr'>In</span> <span class='ocrx_word' id='word_1_711' title='bbox 1648 5247 1840 5299; x_wconf 86' lang='lat' dir='ltr'>codice</span> 
     </span>
    </p>
   </div>
   <div class='ocr_carea' id='block_1_96' title="bbox 238 5308 1221 5378">
    <p class='ocr_par' dir='ltr' id='par_1_96' title="bbox 238 5308 1221 5378">
     <span class='ocr_line' id='line_1_96' title="bbox 238 5308 1221 5378; baseline 0.007 -23"><span class='ocrx_word' id='word_1_712' title='bbox 238 5308 353 5361; x_wconf 74' lang='lat' dir='ltr'>Fieri</span> <span class='ocrx_word' id='word_1_713' title='bbox 379 5316 649 5378; x_wconf 87' lang='lat' dir='ltr'>scriptum</span> <span class='ocrx_word' id='word_1_714' title='bbox 675 5319 792 5365; x_wconf 87' lang='lat' dir='ltr'>erat</span> <span class='ocrx_word' id='word_1_715' title='bbox 815 5316 1012 5378; x_wconf 80' lang='lat' dir='ltr'>peccati</span> <span class='ocrx_word' id='word_1_716' title='bbox 1036 5317 1221 5365; x_wconf 80' lang='lat' dir='ltr'>nostri.</span> 
     </span>
    </p>
   </div>
   <div class='ocr_carea' id='block_1_97' title="bbox 284 5387 1838 5455">
    <p class='ocr_par' dir='ltr' id='par_1_97' title="bbox 284 5387 1838 5455">
     <span class='ocr_line' id='line_1_97' title="bbox 284 5387 1838 5455; baseline 0.006 -23"><span class='ocrx_word' id='word_1_717' title='bbox 284 5387 368 5443; x_wconf 78' lang='lat'>(70)</span> <span class='ocrx_word' id='word_1_718' title='bbox 399 5391 497 5438; x_wconf 81' lang='lat' dir='ltr'>Nec</span> <span class='ocrx_word' id='word_1_719' title='bbox 536 5389 639 5451; x_wconf 82' lang='lat' dir='ltr'>ipsi</span> <span class='ocrx_word' id='word_1_720' title='bbox 672 5389 910 5453; x_wconf 84' lang='lat' dir='ltr'>denique.</span> <span class='ocrx_word' id='word_1_721' title='bbox 944 5389 1293 5453; x_wconf 82' lang='lat' dir='ltr'>Quamquam</span> <span class='ocrx_word' id='word_1_722' title='bbox 1326 5390 1470 5452; x_wconf 87' lang='lat' dir='ltr'>prior</span> <span class='ocrx_word' id='word_1_723' title='bbox 1500 5391 1681 5451; x_wconf 89' lang='lat' dir='ltr'>lectio,</span> <span class='ocrx_word' id='word_1_724' title='bbox 1712 5404 1838 5455; x_wconf 65' lang='lat' dir='ltr'>quas</span> 
     </span>
    </p>
   </div>
   <div class='ocr_carea' id='block_1_98' title="bbox 239 5453 1840 5525">
    <p class='ocr_par' dir='ltr' id='par_1_98' title="bbox 239 5453 1840 5525">
     <span class='ocr_line' id='line_1_98' title="bbox 239 5453 1840 5525; baseline 0.007 -26"><span class='ocrx_word' id='word_1_725' title='bbox 239 5453 377 5506; x_wconf 79' lang='lat' dir='ltr'>habet</span> <span class='ocrx_word' id='word_1_726' title='bbox 432 5460 635 5522; x_wconf 79' lang='lat' dir='ltr'>utique,</span> <span class='ocrx_word' id='word_1_727' title='bbox 680 5460 822 5509; x_wconf 86' lang='lat' dir='ltr'>bona</span> <span class='ocrx_word' id='word_1_728' title='bbox 867 5461 958 5518; x_wconf 87' lang='lat' dir='ltr'>sit,</span> <span class='ocrx_word' id='word_1_729' title='bbox 1009 5474 1129 5509; x_wconf 88' lang='lat' dir='ltr'>eam</span> <span class='ocrx_word' id='word_1_730' title='bbox 1184 5456 1399 5523; x_wconf 59' lang='lat' dir='ltr'>praetuli</span> <span class='ocrx_word' id='word_1_731' title='bbox 1455 5476 1579 5525; x_wconf 71' lang='lat' dir='ltr'>qua:</span> <span class='ocrx_word' id='word_1_732' title='bbox 1645 5453 1840 5511; x_wconf 82' lang='lat' dir='ltr'>nititur</span> 
     </span>
    </p>
   </div>
   <div class='ocr_carea' id='block_1_99' title="bbox 238 5530 1670 5595">
    <p class='ocr_par' dir='ltr' id='par_1_99' title="bbox 238 5530 1670 5595">
     <span class='ocr_line' id='line_1_99' title="bbox 238 5530 1670 5595; baseline 0.007 -24"><span class='ocrx_word' id='word_1_733' title='bbox 238 5530 533 5578; x_wconf 84' lang='lat' dir='ltr'>auctoritate</span> <span class='ocrx_word' id='word_1_734' title='bbox 563 5531 806 5579; x_wconf 89' lang='lat' dir='ltr'>omnium</span> <span class='ocrx_word' id='word_1_735' title='bbox 837 5532 949 5581; x_wconf 86' lang='lat' dir='ltr'>fere</span> <span class='ocrx_word' id='word_1_736' title='bbox 982 5535 1226 5582; x_wconf 86' lang='lat' dir='ltr'>veterum</span> <span class='ocrx_word' id='word_1_737' title='bbox 1255 5533 1670 5595; x_wconf 80' lang='lat' dir='ltr'>exemplarium.</span> 
     </span>
    </p>
   </div>
   <div class='ocr_carea' id='block_1_100' title="bbox 286 5605 1839 5671">
    <p class='ocr_par' dir='ltr' id='par_1_100' title="bbox 286 5605 1839 5671">
     <span class='ocr_line' id='line_1_100' title="bbox 286 5605 1839 5671; baseline 0.004 -20"><span class='ocrx_word' id='word_1_738' title='bbox 286 5605 371 5661; x_wconf 69' lang='grc' dir='ltr'><strong>(Ἠ)</strong></span> <span class='ocrx_word' id='word_1_739' title='bbox 430 5605 767 5667; x_wconf 69' lang='grc' dir='ltr'>Ιηιενεὶρενε,</span> <span class='ocrx_word' id='word_1_740' title='bbox 817 5606 872 5654; x_wconf 91' lang='lat' dir='ltr'>id</span> <span class='ocrx_word' id='word_1_741' title='bbox 939 5610 1017 5657; x_wconf 86' lang='lat' dir='ltr'>est</span> <span class='ocrx_word' id='word_1_742' title='bbox 1078 5608 1440 5671; x_wconf 84' lang='lat' dir='ltr'>supprimere,</span> <span class='ocrx_word' id='word_1_743' title='bbox 1518 5606 1683 5657; x_wconf 92' lang='lat' dir='ltr'>modo</span> <span class='ocrx_word' id='word_1_744' title='bbox 1757 5609 1839 5657; x_wconf 90' lang='lat' dir='ltr'>lo-</span> 
     </span>
    </p>
   </div>
   <div class='ocr_carea' id='block_1_101' title="bbox 240 5674 1839 5742">
    <p class='ocr_par' dir='ltr' id='par_1_101' title="bbox 240 5674 1839 5742">
     <span class='ocr_line' id='line_1_101' title="bbox 240 5674 1839 5742; baseline 0.006 -23"><span class='ocrx_word' id='word_1_745' title='bbox 240 5674 419 5731; x_wconf 81' lang='lat' dir='ltr'>quendi</span> <span class='ocrx_word' id='word_1_746' title='bbox 462 5675 706 5725; x_wconf 86' lang='lat' dir='ltr'>multum</span> <span class='ocrx_word' id='word_1_747' title='bbox 745 5679 952 5726; x_wconf 90' lang='lat' dir='ltr'>remoto</span> <span class='ocrx_word' id='word_1_748' title='bbox 985 5682 1024 5726; x_wconf 84' lang='lat' dir='ltr'>&#39;a</span> <span class='ocrx_word' id='word_1_749' title='bbox 1071 5691 1199 5728; x_wconf 89' lang='lat' dir='ltr'>vera</span> <span class='ocrx_word' id='word_1_750' title='bbox 1240 5678 1642 5741; x_wconf 84' lang='lat' dir='ltr'>significatione</span> <span class='ocrx_word' id='word_1_751' title='bbox 1672 5679 1839 5742; x_wconf 88' lang='lat' dir='ltr'>hujus</span> 
     </span>
    </p>
   </div>
   <div class='ocr_carea' id='block_1_102' title="bbox 239 5744 1838 5814">
    <p class='ocr_par' dir='ltr' id='par_1_102' title="bbox 239 5744 1838 5814">
     <span class='ocr_line' id='line_1_102' title="bbox 239 5744 1838 5814; baseline 0.005 -19"><span class='ocrx_word' id='word_1_752' title='bbox 239 5744 485 5797; x_wconf 50' lang='lat' dir='ltr'>iocabuli.</span> <span class='ocrx_word' id='word_1_753' title='bbox 518 5746 587 5799; x_wconf 86' lang='lat' dir='ltr'>Et</span> <span class='ocrx_word' id='word_1_754' title='bbox 642 5750 818 5799; x_wconf 83' lang='lat' dir='ltr'>tamen</span> <span class='ocrx_word' id='word_1_755' title='bbox 864 5747 1084 5799; x_wconf 73' lang='lat' dir='ltr'>Tacitus</span> <span class='ocrx_word' id='word_1_756' title='bbox 1133 5749 1187 5799; x_wconf 88' lang='lat' dir='ltr'>in</span> <span class='ocrx_word' id='word_1_757' title='bbox 1226 5750 1341 5799; x_wconf 87' lang='lat' dir='ltr'>Vita</span> <span class='ocrx_word' id='word_1_758' title='bbox 1393 5750 1647 5814; x_wconf 71' lang='lat' dir='ltr'>Agricola:</span> <span class='ocrx_word' id='word_1_759' title='bbox 1680 5750 1838 5803; x_wconf 83' lang='lat' dir='ltr'>vide-</span> 
     </span>
    </p>
   </div>
   <div class='ocr_carea' id='block_1_103' title="bbox 1942 4536 3566 4599">
    <p class='ocr_par' dir='ltr' id='par_1_103' title="bbox 1942 4536 3566 4599">
     <span class='ocr_line' id='line_1_103' title="bbox 1942 4536 3566 4599; baseline 0.001 -14"><span class='ocrx_word' id='word_1_760' title='bbox 1942 4541 2028 4587; x_wconf 92' lang='lat' dir='ltr'>tur</span> <span class='ocrx_word' id='word_1_761' title='bbox 2054 4551 2119 4588; x_wconf 92' lang='lat' dir='ltr'>eo</span> <span class='ocrx_word' id='word_1_762' title='bbox 2146 4540 2419 4590; x_wconf 88' lang='lat' dir='ltr'>vocabulo</span> <span class='ocrx_word' id='word_1_763' title='bbox 2445 4554 2579 4589; x_wconf 90' lang='lat' dir='ltr'>usus</span> <span class='ocrx_word' id='word_1_764' title='bbox 2610 4554 2729 4591; x_wconf 88' lang='lat' dir='ltr'>esse</span> <span class='ocrx_word' id='word_1_765' title='bbox 2783 4541 2836 4588; x_wconf 90' lang='lat' dir='ltr'>in</span> <span class='ocrx_word' id='word_1_766' title='bbox 2888 4539 3083 4589; x_wconf 91' lang='lat' dir='ltr'>eodem</span> <span class='ocrx_word' id='word_1_767' title='bbox 3112 4551 3279 4585; x_wconf 89' lang='lat' dir='ltr'>sensu</span> <span class='ocrx_word' id='word_1_768' title='bbox 3310 4550 3419 4599; x_wconf 88' lang='lat' dir='ltr'>quo</span> <span class='ocrx_word' id='word_1_769' title='bbox 3447 4536 3566 4597; x_wconf 74' lang='lat' dir='ltr'>Cy—</span> 
     </span>
    </p>
   </div>
   <div class='ocr_carea' id='block_1_104' title="bbox 1941 4609 3569 4672">
    <p class='ocr_par' dir='ltr' id='par_1_104' title="bbox 1941 4609 3569 4672">
     <span class='ocr_line' id='line_1_104' title="bbox 1941 4609 3569 4672; baseline -0.001 -16"><span class='ocrx_word' id='word_1_770' title='bbox 1941 4609 2184 4671; x_wconf 90' lang='lat' dir='ltr'>prianus.</span> <span class='ocrx_word' id='word_1_771' title='bbox 2241 4613 2331 4660; x_wconf 86' lang='lat' dir='ltr'>Ait</span> <span class='ocrx_word' id='word_1_772' title='bbox 2376 4612 2524 4661; x_wconf 90' lang='lat' dir='ltr'>enim</span> <span class='ocrx_word' id='word_1_773' title='bbox 2574 4627 2584 4659; x_wconf 90' lang='lat'><strong>:</strong></span> <span class='ocrx_word' id='word_1_774' title='bbox 2638 4631 2663 4655; x_wconf 89' lang='lat'>«</span> <span class='ocrx_word' id='word_1_775' title='bbox 2702 4612 2813 4661; x_wconf 82' lang='lat' dir='ltr'>Nec</span> <span class='ocrx_word' id='word_1_776' title='bbox 2866 4609 3121 4672; x_wconf 87' lang='lat' dir='ltr'>Agricola</span> <span class='ocrx_word' id='word_1_777' title='bbox 3176 4620 3420 4669; x_wconf 86' lang='lat' dir='ltr'>unquam</span> <span class='ocrx_word' id='word_1_778' title='bbox 3472 4620 3569 4667; x_wconf 89' lang='lat' dir='ltr'>per</span> 
     </span>
    </p>
   </div>
   <div class='ocr_carea' id='block_1_105' title="bbox 1939 4678 3563 4744">
    <p class='ocr_par' dir='ltr' id='par_1_105' title="bbox 1939 4678 3563 4744">
     <span class='ocr_line' id='line_1_105' title="bbox 1939 4678 3563 4744; baseline -0.002 -16"><span class='ocrx_word' id='word_1_779' title='bbox 1939 4679 2076 4729; x_wconf 84' lang='lat' dir='ltr'>alios</span> <span class='ocrx_word' id='word_1_780' title='bbox 2132 4686 2282 4744; x_wconf 87' lang='lat' dir='ltr'>gesta</span> <span class='ocrx_word' id='word_1_781' title='bbox 2346 4681 2539 4730; x_wconf 88' lang='lat' dir='ltr'>avidus</span> <span class='ocrx_word' id='word_1_782' title='bbox 2608 4682 2924 4743; x_wconf 87' lang='lat' dir='ltr'>intercepit,</span> <span class='ocrx_word' id='word_1_783' title='bbox 2998 4678 3093 4728; x_wconf 91' lang='lat' dir='ltr'>sed</span> <span class='ocrx_word' id='word_1_784' title='bbox 3153 4678 3407 4726; x_wconf 90' lang='lat' dir='ltr'>centurio</span> <span class='ocrx_word' id='word_1_785' title='bbox 3462 4689 3563 4724; x_wconf 88' lang='lat' dir='ltr'>seu</span> 
     </span>
    </p>
   </div>
   <div class='ocr_carea' id='block_1_106' title="bbox 1938 4746 3561 4814">
    <p class='ocr_par' dir='ltr' id='par_1_106' title="bbox 1938 4746 3561 4814">
     <span class='ocr_line' id='line_1_106' title="bbox 1938 4746 3561 4814; baseline -0.001 -17"><span class='ocrx_word' id='word_1_786' title='bbox 1938 4751 2233 4813; x_wconf 58' lang='lat' dir='ltr'>praefectus</span> <span class='ocrx_word' id='word_1_787' title='bbox 2264 4752 2639 4814; x_wconf 89' lang='lat' dir='ltr'>incorruptum</span> <span class='ocrx_word' id='word_1_788' title='bbox 2672 4752 2797 4800; x_wconf 80' lang='lat' dir='ltr'>facti</span> <span class='ocrx_word' id='word_1_789' title='bbox 2840 4755 3035 4801; x_wconf 86' lang='lat' dir='ltr'>testem</span> <span class='ocrx_word' id='word_1_790' title='bbox 3071 4747 3329 4796; x_wconf 85' lang='lat' dir='ltr'>habebat.</span> <span class='ocrx_word' id='word_1_791' title='bbox 3364 4766 3389 4791; x_wconf 83' lang='lat'><strong>»</strong></span> <span class='ocrx_word' id='word_1_792' title='bbox 3422 4746 3561 4795; x_wconf 87' lang='lat' dir='ltr'>Item</span> 
     </span>
    </p>
   </div>
   <div class='ocr_carea' id='block_1_107' title="bbox 1940 4818 3567 4885">
    <p class='ocr_par' dir='ltr' id='par_1_107' title="bbox 1940 4818 3567 4885">
     <span class='ocr_line' id='line_1_107' title="bbox 1940 4818 3567 4885; baseline -0.003 -14"><span class='ocrx_word' id='word_1_793' title='bbox 1940 4820 2172 4883; x_wconf 89' lang='lat' dir='ltr'>Seneca,</span> <span class='ocrx_word' id='word_1_794' title='bbox 2221 4822 2315 4874; x_wconf 89' lang='lat' dir='ltr'>lib.</span> <span class='ocrx_word' id='word_1_795' title='bbox 2369 4824 2431 4872; x_wconf 84' lang='lat' dir='ltr'>de</span> <span class='ocrx_word' id='word_1_796' title='bbox 2486 4822 2768 4885; x_wconf 74' lang='lat' dir='ltr'>Beneficiis,</span> <span class='ocrx_word' id='word_1_797' title='bbox 2806 4837 2840 4885; x_wconf 90' lang='lat' dir='ltr'>p</span> <span class='ocrx_word' id='word_1_798' title='bbox 2912 4822 2969 4870; x_wconf 89' lang='grc'><strong>17</strong></span> <span class='ocrx_word' id='word_1_799' title='bbox 3012 4836 3022 4868; x_wconf 93' lang='lat'><strong>:</strong></span> <span class='ocrx_word' id='word_1_800' title='bbox 3072 4848 3087 4853; x_wconf 58' lang='grc' dir='ltr'>ην</span> <span class='ocrx_word' id='word_1_801' title='bbox 3123 4819 3241 4869; x_wconf 88' lang='lat' dir='ltr'>Urit</span> <span class='ocrx_word' id='word_1_802' title='bbox 3299 4818 3454 4867; x_wconf 90' lang='lat' dir='ltr'>illum</span> <span class='ocrx_word' id='word_1_803' title='bbox 3512 4821 3567 4867; x_wconf 89' lang='lat' dir='ltr'>et</span> 
     </span>
    </p>
   </div>
   <div class='ocr_carea' id='block_1_108' title="bbox 1939 4889 3564 4957">
    <p class='ocr_par' dir='ltr' id='par_1_108' title="bbox 1939 4889 3564 4957">
     <span class='ocr_line' id='line_1_108' title="bbox 1939 4889 3564 4957; baseline -0.002 -15"><span class='ocrx_word' id='word_1_804' title='bbox 1939 4894 2090 4957; x_wconf 88' lang='lat' dir='ltr'>angit</span> <span class='ocrx_word' id='word_1_805' title='bbox 2122 4894 2405 4957; x_wconf 88' lang='lat' dir='ltr'>intercepti</span> <span class='ocrx_word' id='word_1_806' title='bbox 2450 4894 2706 4944; x_wconf 81' lang='lat' dir='ltr'>beneﬁcii</span> <span class='ocrx_word' id='word_1_807' title='bbox 2752 4892 3111 4943; x_wconf 86' lang='lat' dir='ltr'>conscientia.</span> <span class='ocrx_word' id='word_1_808' title='bbox 3139 4910 3166 4933; x_wconf 88' lang='lat'><strong>»</strong></span> <span class='ocrx_word' id='word_1_809' title='bbox 3212 4889 3276 4952; x_wconf 90' lang='lat' dir='ltr'>Q.</span> <span class='ocrx_word' id='word_1_810' title='bbox 3320 4889 3564 4949; x_wconf 89' lang='lat' dir='ltr'>Curtius,</span> 
     </span>
    </p>
   </div>
   <div class='ocr_carea' id='block_1_109' title="bbox 1938 4961 3565 5027">
    <p class='ocr_par' dir='ltr' id='par_1_109' title="bbox 1938 4961 3565 5027">
     <span class='ocr_line' id='line_1_109' title="bbox 1938 4961 3565 5027; baseline -0.001 -15"><span class='ocrx_word' id='word_1_811' title='bbox 1938 4963 2032 5013; x_wconf 91' lang='lat' dir='ltr'>lib.</span> <span class='ocrx_word' id='word_1_812' title='bbox 2075 4977 2155 5013; x_wconf 87' lang='lat' dir='ltr'>xv</span> <span class='ocrx_word' id='word_1_813' title='bbox 2194 4980 2203 5012; x_wconf 92' lang='lat'>:</span> <span class='ocrx_word' id='word_1_814' title='bbox 2253 4981 2281 5012; x_wconf 84' lang='lat'>&lt;&lt;</span> <span class='ocrx_word' id='word_1_815' title='bbox 2325 4965 2521 5014; x_wconf 83' lang='lat' dir='ltr'>Alieno</span> <span class='ocrx_word' id='word_1_816' title='bbox 2563 4966 2711 5015; x_wconf 91' lang='lat' dir='ltr'>enim</span> <span class='ocrx_word' id='word_1_817' title='bbox 2757 4964 3026 5027; x_wconf 88' lang='lat' dir='ltr'>sanguine</span> <span class='ocrx_word' id='word_1_818' title='bbox 3076 4966 3286 5025; x_wconf 82' lang='lat' dir='ltr'>partem</span> <span class='ocrx_word' id='word_1_819' title='bbox 3335 4961 3565 5024; x_wconf 85' lang='lat' dir='ltr'>gloriam</span> 
     </span>
    </p>
   </div>
   <div class='ocr_carea' id='block_1_110' title="bbox 1937 5032 3567 5098">
    <p class='ocr_par' dir='ltr' id='par_1_110' title="bbox 1937 5032 3567 5098">
     <span class='ocr_line' id='line_1_110' title="bbox 1937 5032 3567 5098; baseline -0.001 -15"><span class='ocrx_word' id='word_1_820' title='bbox 1937 5034 2207 5098; x_wconf 87' lang='lat' dir='ltr'>intercipi.</span> <span class='ocrx_word' id='word_1_821' title='bbox 2250 5054 2275 5079; x_wconf 87' lang='lat'><strong>»</strong></span> <span class='ocrx_word' id='word_1_822' title='bbox 2330 5036 2629 5096; x_wconf 86' lang='lat' dir='ltr'>Arnobius,</span> <span class='ocrx_word' id='word_1_823' title='bbox 2677 5035 2771 5085; x_wconf 93' lang='lat' dir='ltr'>lib.</span> <span class='ocrx_word' id='word_1_824' title='bbox 2817 5046 2873 5084; x_wconf 77' lang='grc' dir='ltr'>ιιι</span> <span class='ocrx_word' id='word_1_825' title='bbox 2925 5049 2935 5082; x_wconf 88' lang='grc'>;</span> <span class='ocrx_word' id='word_1_826' title='bbox 2980 5052 3007 5078; x_wconf 91' lang='grc'>‹‹</span> <span class='ocrx_word' id='word_1_827' title='bbox 3052 5034 3189 5083; x_wconf 89' lang='lat' dir='ltr'>Nam</span> <span class='ocrx_word' id='word_1_828' title='bbox 3236 5032 3567 5095; x_wconf 90' lang='lat' dir='ltr'>intercipere</span> 
     </span>
    </p>
   </div>
   <div class='ocr_carea' id='block_1_111' title="bbox 1938 5104 3565 5169">
    <p class='ocr_par' dir='ltr' id='par_1_111' title="bbox 1938 5104 3565 5169">
     <span class='ocr_line' id='line_1_111' title="bbox 1938 5104 3565 5169; baseline -0.001 -15"><span class='ocrx_word' id='word_1_829' title='bbox 1938 5106 2139 5169; x_wconf 87' lang='lat' dir='ltr'>scripta</span> <span class='ocrx_word' id='word_1_830' title='bbox 2188 5110 2239 5154; x_wconf 90' lang='lat' dir='ltr'>et</span> <span class='ocrx_word' id='word_1_831' title='bbox 2283 5106 2619 5169; x_wconf 85' lang='lat' dir='ltr'>publicatam</span> <span class='ocrx_word' id='word_1_832' title='bbox 2669 5108 2810 5156; x_wconf 87' lang='lat' dir='ltr'>velle</span> <span class='ocrx_word' id='word_1_833' title='bbox 2858 5105 3214 5167; x_wconf 86' lang='lat' dir='ltr'>submergere</span> <span class='ocrx_word' id='word_1_834' title='bbox 3267 5104 3565 5155; x_wconf 89' lang='lat' dir='ltr'>lectionem</span> 
     </span>
    </p>
   </div>
   <div class='ocr_carea' id='block_1_112' title="bbox 1939 5175 3570 5237">
    <p class='ocr_par' dir='ltr' id='par_1_112' title="bbox 1939 5175 3570 5237">
     <span class='ocr_line' id='line_1_112' title="bbox 1939 5175 3570 5237; baseline -0.001 -13"><span class='ocrx_word' id='word_1_835' title='bbox 1939 5190 2049 5225; x_wconf 89' lang='lat' dir='ltr'>non</span> <span class='ocrx_word' id='word_1_836' title='bbox 2090 5180 2173 5227; x_wconf 90' lang='lat' dir='ltr'>est</span> <span class='ocrx_word' id='word_1_837' title='bbox 2222 5176 2355 5227; x_wconf 90' lang='lat' dir='ltr'>deos</span> <span class='ocrx_word' id='word_1_838' title='bbox 2403 5178 2716 5237; x_wconf 78' lang='lat' dir='ltr'>defendere,</span> <span class='ocrx_word' id='word_1_839' title='bbox 2767 5176 2863 5227; x_wconf 91' lang='lat' dir='ltr'>sed</span> <span class='ocrx_word' id='word_1_840' title='bbox 2916 5176 3166 5227; x_wconf 89' lang='lat' dir='ltr'>veritatis</span> <span class='ocrx_word' id='word_1_841' title='bbox 3228 5175 3570 5226; x_wconf 84' lang='lat' dir='ltr'>testiﬁcatio-</span> 
     </span>
    </p>
   </div>
   <div class='ocr_carea' id='block_1_113' title="bbox 1938 5247 3566 5309">
    <p class='ocr_par' dir='ltr' id='par_1_113' title="bbox 1938 5247 3566 5309">
     <span class='ocr_line' id='line_1_113' title="bbox 1938 5247 3566 5309; baseline -0.001 -13"><span class='ocrx_word' id='word_1_842' title='bbox 1938 5261 2066 5297; x_wconf 87' lang='lat' dir='ltr'>nem</span> <span class='ocrx_word' id='word_1_843' title='bbox 2090 5250 2302 5300; x_wconf 87' lang='lat' dir='ltr'>timere.</span> <span class='ocrx_word' id='word_1_844' title='bbox 2335 5267 2362 5295; x_wconf 89' lang='lat'>»</span> <span class='ocrx_word' id='word_1_845' title='bbox 2394 5249 2711 5309; x_wconf 88' lang='lat' dir='ltr'>Cassianus,</span> <span class='ocrx_word' id='word_1_846' title='bbox 2744 5249 2779 5297; x_wconf 92' lang='lat' dir='ltr'>l.</span> <span class='ocrx_word' id='word_1_847' title='bbox 2811 5260 2890 5306; x_wconf 84' lang='lat' dir='ltr'>Ix,</span> <span class='ocrx_word' id='word_1_848' title='bbox 2919 5262 2965 5297; x_wconf 91' lang='lat' dir='ltr'>c.</span> <span class='ocrx_word' id='word_1_849' title='bbox 3002 5248 3054 5296; x_wconf 93' lang='grc'>11</span> <span class='ocrx_word' id='word_1_850' title='bbox 3090 5261 3100 5293; x_wconf 91' lang='lat'>:</span> <span class='ocrx_word' id='word_1_851' title='bbox 3136 5264 3161 5290; x_wconf 88' lang='lat'><strong><em>«</em></strong></span> <span class='ocrx_word' id='word_1_852' title='bbox 3202 5247 3566 5309; x_wconf 88' lang='lat' dir='ltr'>Intercipiens</span> 
     </span>
    </p>
   </div>
   <div class='ocr_carea' id='block_1_114' title="bbox 1936 5318 3564 5381">
    <p class='ocr_par' dir='ltr' id='par_1_114' title="bbox 1936 5318 3564 5381">
     <span class='ocr_line' id='line_1_114' title="bbox 1936 5318 3564 5381; baseline -0.003 -12"><span class='ocrx_word' id='word_1_853' title='bbox 1936 5318 2240 5369; x_wconf 79' lang='lat' dir='ltr'>efﬁcaciam</span> <span class='ocrx_word' id='word_1_854' title='bbox 2288 5321 2637 5379; x_wconf 79' lang='lat' dir='ltr'>orationum;</span> <span class='ocrx_word' id='word_1_855' title='bbox 2673 5335 2701 5366; x_wconf 85' lang='lat'><strong>»</strong></span> <span class='ocrx_word' id='word_1_856' title='bbox 2745 5324 2799 5369; x_wconf 90' lang='lat' dir='ltr'>et</span> <span class='ocrx_word' id='word_1_857' title='bbox 2846 5318 3031 5368; x_wconf 82' lang='lat' dir='ltr'>Coitat.</span> <span class='ocrx_word' id='word_1_858' title='bbox 3074 5318 3170 5367; x_wconf 90' lang='lat' dir='ltr'>lib.</span> <span class='ocrx_word' id='word_1_859' title='bbox 3225 5332 3260 5379; x_wconf 87' lang='grc' dir='ltr'>ι,</span> <span class='ocrx_word' id='word_1_860' title='bbox 3308 5332 3426 5381; x_wconf 87' lang='lat' dir='ltr'>cap.</span> <span class='ocrx_word' id='word_1_861' title='bbox 3462 5318 3514 5366; x_wconf 91' lang='grc'>11</span> <span class='ocrx_word' id='word_1_862' title='bbox 3554 5331 3564 5363; x_wconf 94' lang='lat'><strong>:</strong></span> 
     </span>
    </p>
   </div>
   <div class='ocr_carea' id='block_1_115' title="bbox 1940 5388 3180 5454">
    <p class='ocr_par' dir='ltr' id='par_1_115' title="bbox 1940 5388 3180 5454">
     <span class='ocr_line' id='line_1_115' title="bbox 1940 5388 3180 5454; baseline -0.006 -14"><span class='ocrx_word' id='word_1_863' title='bbox 1940 5408 1966 5434; x_wconf 83' lang='lat'><strong>«</strong></span> <span class='ocrx_word' id='word_1_864' title='bbox 1994 5388 2246 5440; x_wconf 86' lang='lat' dir='ltr'>Charitas</span> <span class='ocrx_word' id='word_1_865' title='bbox 2272 5390 2425 5439; x_wconf 93' lang='lat' dir='ltr'>nullo</span> <span class='ocrx_word' id='word_1_866' title='bbox 2450 5391 2831 5454; x_wconf 83' lang='lat' dir='ltr'>intercipiatur</span> <span class='ocrx_word' id='word_1_867' title='bbox 2858 5392 3119 5451; x_wconf 87' lang='lat' dir='ltr'>tempore.</span> <span class='ocrx_word' id='word_1_868' title='bbox 3154 5406 3180 5433; x_wconf 88' lang='lat'><strong>»</strong></span> 
     </span>
    </p>
   </div>
   <div class='ocr_carea' id='block_1_116' title="bbox 2001 5462 3567 5525">
    <p class='ocr_par' dir='ltr' id='par_1_116' title="bbox 2001 5462 3567 5525">
     <span class='ocr_line' id='line_1_116' title="bbox 2001 5462 3567 5525; baseline -0.001 -13"><span class='ocrx_word' id='word_1_869' title='bbox 2001 5466 2095 5525; x_wconf 72' lang='lat'><strong>(72)</strong></span> <span class='ocrx_word' id='word_1_870' title='bbox 2124 5466 2373 5514; x_wconf 77' lang='lat' dir='ltr'>Perdidit.</span> <span class='ocrx_word' id='word_1_871' title='bbox 2430 5467 2507 5515; x_wconf 84' lang='lat' dir='ltr'>Ita</span> <span class='ocrx_word' id='word_1_872' title='bbox 2555 5470 2766 5516; x_wconf 88' lang='lat' dir='ltr'>veteres</span> <span class='ocrx_word' id='word_1_873' title='bbox 2798 5465 3070 5514; x_wconf 81' lang='lat' dir='ltr'>editiones</span> <span class='ocrx_word' id='word_1_874' title='bbox 3116 5467 3170 5513; x_wconf 90' lang='lat' dir='ltr'>et</span> <span class='ocrx_word' id='word_1_875' title='bbox 3217 5475 3412 5513; x_wconf 90' lang='lat' dir='ltr'>omnes</span> <span class='ocrx_word' id='word_1_876' title='bbox 3456 5462 3567 5511; x_wconf 81' lang='lat' dir='ltr'>fere</span> 
     </span>
    </p>
   </div>
   <div class='ocr_carea' id='block_1_117' title="bbox 1937 5534 3568 5599">
    <p class='ocr_par' dir='ltr' id='par_1_117' title="bbox 1937 5534 3568 5599">
     <span class='ocr_line' id='line_1_117' title="bbox 1937 5534 3568 5599; baseline -0.002 -14"><span class='ocrx_word' id='word_1_877' title='bbox 1937 5536 2061 5585; x_wconf 89' lang='lat' dir='ltr'>libri</span> <span class='ocrx_word' id='word_1_878' title='bbox 2093 5541 2323 5588; x_wconf 86' lang='lat' dir='ltr'>veteres.</span> <span class='ocrx_word' id='word_1_879' title='bbox 2353 5539 2412 5587; x_wconf 87' lang='lat' dir='ltr'>In</span> <span class='ocrx_word' id='word_1_880' title='bbox 2442 5553 2553 5587; x_wconf 89' lang='lat' dir='ltr'>uno</span> <span class='ocrx_word' id='word_1_881' title='bbox 2585 5543 2767 5587; x_wconf 86' lang='lat' dir='ltr'>tamen</span> <span class='ocrx_word' id='word_1_882' title='bbox 2798 5552 2920 5587; x_wconf 90' lang='lat' dir='ltr'>meo</span> <span class='ocrx_word' id='word_1_883' title='bbox 2947 5538 3217 5599; x_wconf 89' lang='lat' dir='ltr'>scriptum</span> <span class='ocrx_word' id='word_1_884' title='bbox 3250 5540 3333 5585; x_wconf 90' lang='lat' dir='ltr'>est</span> <span class='ocrx_word' id='word_1_885' title='bbox 3366 5534 3568 5583; x_wconf 76' lang='lat' dir='ltr'>indicit.</span> 
     </span>
    </p>
   </div>
   <div class='ocr_carea' id='block_1_118' title="bbox 1939 5605 3572 5670">
    <p class='ocr_par' dir='ltr' id='par_1_118' title="bbox 1939 5605 3572 5670">
     <span class='ocr_line' id='line_1_118' title="bbox 1939 5605 3572 5670; baseline -0.002 -13"><span class='ocrx_word' id='word_1_886' title='bbox 1939 5607 2102 5670; x_wconf 89' lang='lat' dir='ltr'>Quod</span> <span class='ocrx_word' id='word_1_887' title='bbox 2126 5608 2347 5661; x_wconf 83' lang='lat' dir='ltr'>videtur</span> <span class='ocrx_word' id='word_1_888' title='bbox 2378 5624 2500 5663; x_wconf 89' lang='lat' dir='ltr'>esse</span> <span class='ocrx_word' id='word_1_889' title='bbox 2522 5611 2739 5662; x_wconf 88' lang='lat' dir='ltr'>melius.</span> <span class='ocrx_word' id='word_1_890' title='bbox 2770 5610 2829 5658; x_wconf 90' lang='lat' dir='ltr'>In</span> <span class='ocrx_word' id='word_1_891' title='bbox 2847 5608 3221 5660; x_wconf 86' lang='lat' dir='ltr'>vetustissimo</span> <span class='ocrx_word' id='word_1_892' title='bbox 3250 5605 3572 5669; x_wconf 80' lang='lat' dir='ltr'>Remigiano</span> 
     </span>
    </p>
   </div>
   <div class='ocr_carea' id='block_1_119' title="bbox 1935 5678 2175 5743">
    <p class='ocr_par' dir='ltr' id='par_1_119' title="bbox 1935 5678 2175 5743">
     <span class='ocr_line' id='line_1_119' title="bbox 1935 5678 2175 5743; baseline 0 -14"><span class='ocrx_word' id='word_1_893' title='bbox 1935 5678 2175 5743; x_wconf 83' lang='lat' dir='ltr'>percidit.</span> 
     </span>
    </p>
   </div>
  </div>
