2080 3108
330 156 376 185 251

330 219 423 252 reddi,
444 218 498 246 cito
520 218 636 246 latebris
658 220 760 248 nostris
782 224 810 248 et
831 221 964 256 periculis
986 223 1140 257 subveniri,
1154 231 1181 267 Α

329 265 444 300 impleri
455 273 518 301 qua:
529 266 551 283 ¹³
562 266 675 293 famulis
689 267 746 294 suis
757 268 893 295 Dominus
904 269 1039 304 dignatur
1051 273 1142 297 osten~

331 312 407 344 dere,
423 311 693 347 redintegrationem
709 314 846 348 Ecclesim,
862 316 1042 343 securitatem
1064 316 1140 343 salu-

328 358 364 386 tis
381 360 496 392 nostras,
511 361 575 394 post
593 360 702 395 pluvias
719 361 908 394 serenitatem,
926 364 990 397 post
1008 363 1142 390 tenebras

328 405 433 439 lucem,
449 409 512 440 post
530 406 667 441 procellas
687 410 717 435 et
735 408 862 435 turbines
877 409 1018 444 placidam
1039 410 1141 437 lenita-

329 454 398 486 tem,
414 452 460 487 pia
477 454 602 488 paternas
618 453 776 481 dilectionis
788 455 903 488 auxilia,
921 455 1022 483 divinae
1035 457 1141 492 majes-

328 498 394 526 tatis
408 499 488 526 solita
501 500 654 535 magnalia,
665 501 768 536 quibus
781 503 810 529 et
824 503 1057 538 persequentium
1074 504 1143 531 blas-

328 545 445 580 phemia
465 547 643 581 retundatur,
659 550 688 575 et
701 548 846 583 lapsorum
866 549 1032 584 paenitentia
1050 550 1141 578 refor-

327 594 431 626 metur,
452 595 480 620 et
502 593 582 621 fortis
604 596 633 621 et
651 595 757 622 stabilis
778 597 1020 630 perseverantium
1041 597 1142 624 ﬁducia

328 639 474 674 glorietur.
487 640 560 675 Opto
576 648 632 674 vos,
646 641 748 668 fratres
761 641 928 676 charissimi,
942 651 1055 679 semper
1067 644 1142 671 bene

328 685 420 713 valere
433 687 462 714 et
474 687 561 714 nostri
580 688 753 716 meminisse.
776 689 990 717 Fratemitatem
1006 698 1069 717 meo
1088 698 1141 718 no-

326 732 403 759 mine
422 732 552 767 salutate,
573 737 600 761 et
618 736 651 762 ut
664 736 753 762 nostri
774 736 960 764 meminerint
977 737 1142 765 admonete.

328 778 432 806 Valete.

612 829 772 857 EPISTOLA
791 831 860 858 VIII.

327 869 448 901 (Erasm.,
469 877 497 902 u,
518 874 548 903 6;
568 873 677 903 Pamel.,
699 880 742 905 Ix;
763 874 828 905 Rig.,
849 875 948 905 Baluz.,
971 875 1062 905 Paris,
1085 881 1145 906 Vill;

623 908 705 933 Oxon.
720 909 798 941 Lips.,
811 910 847 941 ι.)

1155 913 1183 948 Β

503 965 538 984 ΔΙ)
559 966 697 986 IARTYRES
717 967 748 986 ΕΤ
767 968 962 988 εοΝΡεεδοηδ.

328 1013 526 1040 Ancuusmuu.
550 1028 583 1034 —
604 1015 739 1048 Martyres
761 1016 865 1049 Africa:
890 1017 1043 1051 Cyprianus
1068 1019 1146 1045 miris

362 1059 448 1086 modis
467 1066 483 1085 a
499 1062 651 1088 constantia
666 1062 865 1093 commendans,
881 1064 981 1090 invitat
999 1064 1037 1091 ad
1052 1072 1144 1099 perse-

362 1105 524 1138 verantiam,
538 1106 659 1140 exemplo
673 1107 823 1141 Μαρμαιίσί
837 1115 929 1135 eorum
942 1109 1059 1143 collegae.

362 1160 517 1195 Cyprianus
531 1162 705 1197 martyribus
722 1166 750 1190 et
764 1164 976 1191 confessoribus
991 1164 1020 1191 in
1034 1165 1145 1193 Christo

328 1206 446 1233 Domino
462 1209 558 1235 nostro
571 1210 599 1235 et
613 1208 642 1235 in
658 1210 713 1236 Deo
728 1210 810 1237 Patre
827 1213 997 1246 perpetuam
1012 1212 1143 1239 salutem.

328 1252 430 1280 Exulto
451 1253 531 1281 latus
555 1258 583 1282 et
602 1256 739 1290 gratulor,
764 1256 909 1284 fortissimi
933 1265 965 1284 ac
987 1257 1145 1286 beatissimi

326 1299 439 1332 fratres,
462 1301 577 1336 cognita
600 1302 655 1329 fide
678 1310 711 1329 ac
737 1302 838 1330 virtute
862 1307 965 1338 vestra,
989 1305 1018 1331 in
1043 1305 1145 1340 quibus

326 1347 419 1373 mater
439 1347 558 1374 Ecclesia
576 1349 713 1383 gloriatur
727 1350 791 1385 (73).
805 1350 930 1378 Gloriata
944 1353 988 1378 est
1010 1354 1038 1378 et
1054 1360 1146 1387 nuper

326 1393 441 1428 quidem
461 1402 524 1421 cum
546 1395 719 1422 confessione
740 1399 882 1431 perstante
905 1401 1037 1433 suscepta
1061 1407 1146 1433 poena

326 1441 369 1466 est
384 1448 448 1475 quin
461 1442 638 1469 contessores
650 1443 751 1471 Christi
766 1443 834 1471 fecit
847 1446 984 1472 extorres.
1002 1445 1144 1472 Confessio

327 1489 424 1514 tamen
445 1487 541 1524 246
561 1497 686 1524 praesens
708 1493 816 1525 quanto
838 1490 866 1518 in
887 1492 1015 1526 passione
1034 1492 1143 1526 fortior,

327 1534 407 1560 tanto
424 1534 523 1562 clarior
539 1538 567 1562 et
582 1536 673 1571 major
685 1536 715 1563 in
730 1537 839 1565 honore
855 1540 907 1565 est.
924 1538 1016 1565 Crevit
1035 1547 1142 1574 pugna,

329 1580 416 1607 crevit
430 1583 458 1608 et
478 1582 667 1617 pugnantium
684 1583 783 1618 gloria.
800 1585 856 1611 Nec
872 1585 1007 1612 retardati
1025 1585 1092 1612 estis
1108 1586 1143 1612 ab
1155 1595 1182 1632 Ο

327 1627 387 1654 acie
403 1629 615 1656 tormentorum
631 1632 719 1664 metu,
737 1631 784 1657 sed
804 1631 871 1666 ipsis
886 1632 1036 1658 tormentis
1052 1632 1144 1667 magis

327 1681 359 1700 ac
372 1674 465 1708 magis
480 1674 546 1701 estis
560 1675 596 1702 ad
612 1676 702 1703 aciem
716 1677 871 1711 provocati,
885 1677 972 1704 fortes
989 1679 1018 1705 et
1033 1678 1144 1705 stabiles

329 1719 363 1745 ad
378 1720 496 1747 maximi
507 1721 668 1749 certaminis
679 1723 809 1758 prelium
818 1724 840 1741 ¹⁴
852 1727 984 1760 prompta
993 1724 1142 1752 devotione

328 1765 440 1794 redistis
453 1767 517 1802 (74).
533 1769 570 1795 Ex
584 1769 686 1804 quibus
700 1770 838 1806 quosdam
848 1771 909 1806 jam
923 1772 1052 1807 comperi
1068 1780 1144 1799 coro-

790 159 816 186 S.
838 159 994 188 CYPRIANI
1013 161 1150 188 OPERUM
1170 162 1254 189 PARS
1273 161 1292 189 I.
1313 176 1347 182 —
1365 163 1544 192 EPISTOL/E.

1942 170 1988 197 252

1193 226 1282 258 natos,
1309 225 1444 260 quosdam
1473 234 1539 253 vero
1565 226 1601 254 ad
1629 234 1765 254 coronam
1794 228 1913 256 victorias
1934 231 1988 266 jam

1191 271 1306 306 jamque
1326 272 1512 307 proximos”,
1528 273 1672 300 universos
1690 276 1785 301 autem
1800 283 1869 310 quos
1886 278 1989 311 agmine

1194 318 1315 353 glorioso
1334 326 1429 346 carcer
1446 319 1568 354 inclusit,
1586 320 1645 355 pari
1660 328 1692 347 ac
1709 320 1792 348 simili
1809 322 1897 350 calore
1910 324 1990 352 virtu-

1192 365 1227 391 tis
1255 365 1291 392 ad
1317 366 1475 400 gerendum
1501 368 1645 394 certamen
1672 367 1822 401 animatos,
1847 369 1914 397 sicut
1937 379 1992 399 esse

1192 414 1306 447 oportet
1323 413 1351 439 in
1367 413 1469 440 divinis
1488 414 1588 440 castris
1607 414 1712 442 milites
1731 415 1842 450 Christi,
1859 419 1889 443 ut
1907 417 1992 445 incor-

1192 462 1304 494 ruptam
1326 459 1391 486 tidei
1413 460 1579 488 ﬁrmitatem
1603 469 1660 488 non
1680 461 1828 489 blanditia:
1852 462 1993 499 decipiant,

1192 514 1250 533 non
1277 507 1364 533 mina:
1390 508 1526 541 terreant,
1552 515 1610 534 non
1636 508 1776 535 cruciatus
1802 517 1834 536 ac
1860 511 1994 539 tormenta

1192 553 1350 588 devincant,
1369 554 1436 589 quia
1457 554 1547 589 major
1567 557 1610 582 est
1632 555 1681 590 qui
1703 555 1732 582 in
1754 555 1836 583 nobis
1857 559 1898 584 est
1915 566 1994 593 quam

1193 600 1242 635 qui
1261 602 1305 627 est
1322 601 1351 627 in
1371 601 1424 628 hoc
1443 601 1551 628 mundo
1566 602 1586 636 (l
1600 603 1692 634 Joan.,
1710 610 1745 636 1v,
1760 602 1797 637 4),
1815 611 1866 630 nec
1885 604 1945 639 plus
1963 605 1995 632 ad

1193 646 1384 681 dejiciendum
1405 649 1499 682 potest
1516 650 1630 675 terrena
1643 657 1728 684 pcena
1741 657 1827 685 quam
1841 650 1875 677 ad
1888 651 1995 686 erigen-

1194 693 1263 720 dum
1281 694 1370 721 tutela
1386 694 1488 721 divina.
1508 694 1628 722 Probata
1648 703 1692 722 res
1710 697 1754 722 est
1772 697 1924 724 certamine
1944 698 1995 725 fra-

1194 741 1270 767 trum
1293 740 1425 775 glorioso,
1444 742 1503 776 qui,
1518 742 1553 769 ad
1574 744 1718 769 tormenta
1739 743 1877 770 vincenda
1899 745 1999 772 castoris

1195 787 1279 814 duces
1294 787 1370 821 facti,
1385 788 1548 823 exemplum
1561 788 1672 816 virtutis
1686 797 1717 816 ac
1731 789 1798 816 fidei
1814 790 1997 825 praebuerunt,

1195 834 1338 869 congressi
1349 834 1378 861 in
1390 834 1449 862 acie
1461 835 1552 862 donec
1563 835 1637 862 acies
1647 836 1847 863 succumberet
1857 837 1934 864 victa.
1945 838 2004 869 Oui-

1194 881 1247 908 bus
1262 889 1315 916 ego
1335 889 1384 908 vos
1402 882 1532 909 laudibus
1546 882 1710 918 praadicem,
1727 883 1874 911 fortissimi
1892 885 2004 912 fratres?

1197 927 1293 955 Robur
1308 929 1430 963 pectoris
1447 929 1531 956 vestri
1553 932 1579 956 et
1601 930 1842 965 perseverantiam
1862 931 1936 964 ﬁdei,
1953 940 2004 967 quo

1197 975 1342 1009 prmconio
1355 975 1430 1002 vocis
1441 976 1588 1003 exornem?
1601 977 1750 1004 Tolerastis
1760 978 1782 994 ’⁵
1797 985 1887 1012 usque
1897 978 1931 1004 ad
1946 986 2004 1006 con-

1196 1022 1417 1049 summationem
1434 1023 1531 1057 glorim
1547 1023 1726 1051 durissimam
1742 1025 1942 1059 quaestionem,
1959 1034 2007 1052 nec

1196 1068 1328 1101 cessistis,
1340 1069 1388 1096 sed
1402 1069 1481 1096 vobis
1491 1070 1586 1104 potius
1597 1071 1734 1105 supplicia
1744 1073 1901 1098 cesserunt.
1915 1072 2004 1099 Finem

1197 1114 1342 1142 doloribus
1355 1116 1387 1149 ¹“¹,
1410 1123 1496 1151 quem
1516 1119 1656 1144 tormenta
1679 1125 1734 1144 non
1758 1117 1879 1151 dabant,
1900 1126 2008 1146 corome

1196 1161 1346 1189 dederunt.
1366 1162 1489 1194 Quaestio
1502 1163 1555 1197 (75)
1571 1163 1713 1198 gravior”
1726 1164 1761 1191 ad
1777 1164 1832 1191 hoc
1848 1165 1898 1192 diu
1918 1173 2006 1200 perse-

1196 1209 1311 1242 veravit,
1338 1216 1394 1236 non
1423 1212 1454 1237 ut
1479 1211 1601 1236 stantem
1628 1210 1713 1237 fidem
1736 1211 1885 1246 dejiceret,
1910 1212 1957 1238 sed
1983 1214 2011 1238 ut

1197 1255 1332 1282 homines
1353 1255 1399 1282 Dei
1420 1256 1454 1283 ad
1478 1257 1630 1284 Dominum
1645 1257 1769 1284 velocius
1789 1258 1927 1285 mitteret.
1943 1258 2011 1285 Vidit

1196 1302 1341 1329 admirans
1355 1303 1538 1338 prmsentium
1557 1304 1711 1332 multitudo
1731 1304 1846 1331 cmleste
1862 1308 2011 1338 certamen,

1196 1350 1345 1376 certamen
1358 1349 1417 1383 Dei,
1427 1353 1570 1377 certamen
1580 1351 1715 1386 spiritale,
1726 1351 1861 1386 praelium
1871 1352 1971 1379 Christi
1981 1353 2011 1384 η,

1195 1395 1308 1422 stetisse
1329 1404 1424 1423 servos
1440 1397 1502 1432 ejus
1520 1405 1586 1424 voce
1604 1397 1704 1431 libera,
1720 1400 1820 1425 mente
1838 1398 2012 1433 incorrupta,

1196 1442 1299 1469 virtute
1316 1443 1420 1476 divina,
1437 1444 1499 1470 telis
1515 1444 1629 1478 quidem
1646 1445 1831 1472 saecularibus
1848 1445 1951 1479 nudos,
1968 1445 2013 1472 sed

1195 1489 1283 1516 armis
1311 1490 1381 1516 ﬁdei
1413 1490 1561 1517 credentes
1590 1491 1644 1525 (76)
1672 1493 1797 1518 armatos
1808 1492 1845 1518 '0.
1875 1493 2015 1519 Steterunt

1197 1536 1262 1563 torti
1289 1537 1487 1572 torquentibus
1513 1538 1644 1564 fortiores
1669 1538 1733 1573 (77),
1757 1541 1786 1565 et
1811 1539 1961 1573 pulsantes
1984 1546 2014 1565 ac

1197 1583 1339 1610 laniantes
1354 1584 1476 1619 ungulas
1497 1585 1608 1619 pulsata
1626 1592 1658 1611 ac
1672 1584 1780 1612 laniata
1796 1585 1932 1612 membra
1943 1585 2013 1612 vice-

1195 1633 1272 1657 runt.
1297 1630 1554 1666 Inexpugnabilem
1579 1631 1666 1658 ﬁdem
1685 1640 1824 1666 superare
1847 1640 1906 1659 non
1929 1632 2016 1667 potuit

1195 1676 1313 1703 saeviens
1324 1677 1373 1704 diu
1387 1678 1471 1712 plaga
1482 1678 1612 1712 repetita,
1623 1678 1765 1713 quamvis,
1777 1680 1868 1714 rupta
1880 1686 2015 1714 compage

1194 1723 1347 1757 viscerum,
1359 1724 1454 1760 247
1467 1727 1672 1760 torquerentur
1682 1725 1710 1751 in
1721 1725 1813 1752 servis
1828 1725 1880 1752 Dei
1893 1726 1953 1760 jam
1963 1732 2015 1751 non

1196 1770 1325 1798 membra
1351 1771 1418 1806 (78),
1444 1771 1495 1798 sed
1522 1771 1649 1798 vulnera.
1675 1771 1796 1799 Fluebat
1822 1771 1945 1807 sanguis
1971 1771 2016 1806 qui

1022 1845 1126 1877 Variae
1154 1845 1321 1877 lectiones.

363 1910 381 1925 ”
396 1909 426 1934 In
441 1910 580 1943 plerisque
605 1912 672 1936 Foss.
698 1912 772 1937 Corb.

333 1944 352 1960 ⁸⁸
365 1945 525 1971 Tolerantes
546 1947 614 1971 Pem.
641 1947 742 1979 Utique
760 1947 823 1973 Bod.
842 1949 862 1974 t.

326 1986 402 2005 mora
418 1981 478 2005 Ball.
490 1981 575 2007 Lunio
587 1983 694 2014 gravior
710 1984 767 2008 Ben.
784 1984 906 2015 Quaestio
924 1985 982 2009 Thu.

331 2015 399 2039 Voss.
413 2015 436 2039 2.
449 2016 510 2040 Bod.
527 2017 550 2048 t,
563 2017 587 2042 3.
603 2018 669 2042 Pem.
713 2019 733 2034 ι’
747 2018 824 2044 Fidei
840 2019 962 2044 ardentis
976 2015 1095 2044 armatos
1111 2020 1178 2045 Pam.

822 1913 841 1929 ¹⁴
869 1913 1034 1938 Certaminis
1054 1913 1198 1945 prwmium
1217 1914 1283 1937 Pem.
1307 1913 1429 1938 Pretium
1452 1912 1525 1938 σον-ὁ.

915 1949 933 1966 '7
959 1949 1056 1974 Finem
1079 1949 1207 1974 dolorum
1226 1949 1303 1973 Oxon.

1572 1914 1591 1929 ’⁸
1611 1913 1741 1939 Victorias
1767 1915 1918 1946 proximos
1943 1915 2015 1939 Oxon.

1350 1948 1370 1965 ’⁸
1385 1948 1506 1973 Laniena
1527 1949 1605 1973 Oxon.
1626 1949 1763 1974 Laniatito
1787 1950 1862 1974 Pem.
1886 1949 2017 1974 Laniendi

1033 1985 1052 2000 ¹⁹
1067 1984 1195 2017 Spiritale
1210 1986 1361 2013 certamen,
1374 1984 1502 2016 praelium
1514 1984 1592 2008 Oxon.
1609 1983 1739 2016 Spiritale
1753 1984 1893 2015 praelium
1908 1984 2017 2010 Christi.

974 2088 1087 2128 Steph.
1112 2088 1235 2120 Baluzii
1257 2090 1357 2120 notae.

357 2154 403 2184 (73)
422 2153 536 2179 Ecclesia
553 2153 694 2185 gloriatur.
714 2155 745 2179 In
770 2155 867 2181 codice
891 2157 980 2181 sancti
1004 2157 1142 2189 Arnulphi

326 2189 457 2214 Metensis
482 2189 581 2221 legitur
609 2197 614 2214 :
636 2198 649 2212 «
668 2190 794 2216 Ecclesia
810 2191 973 2222 gratulatur.
996 2191 1032 2216 Et.
1054 2198 1143 2223 nuper

325 2224 449 2255 quidem.
464 2233 477 2248 »
491 2225 521 2249 1n
535 2224 697 2250 Carnotensi
714 2233 719 2249 :
734 2234 747 2248 «
765 2226 926 2251 Gratulatur
939 2227 982 2251 vel
999 2227 1141 2258 gloriatur.

326 2260 361 2285 Et
374 2267 470 2285 nuner.
485 2270 499 2283 υ

358 2268 558 2327 (ὓΐῗϊέοῖἱοηε
573 2296 688 2322 νθάίετίε.
705 2297 792 2322 Iidem
815 2297 926 2323 codices
950 2298 1055 2323 habent
1079 2286 1181 2329 pro-D

323 2332 406 2357 disits.

357 2369 403 2399 (75)
420 2368 540 2399 Quaestio.
559 2369 698 2394 Revocavi
711 2369 784 2394 hanc
799 2369 956 2399 lectionem,
974 2376 1057 2401 quam
1078 2368 1141 2394 libri

326 2405 433 2429 veteres
446 2407 473 2429 et
490 2404 627 2429 editiones
639 2406 762 2436 antiqua:
782 2406 940 2436 praeterunt.
968 2405 998 2429 In
1021 2404 1141 2429 editione

326 2440 485 2464 Manutiaua
501 2440 635 2472 scriptum
648 2443 689 2465 est
701 2441 818 2465 laniena.
829 2441 967 2465 Painelius
982 2441 1019 2465 ita
1030 2447 1141 2472 quoque

325 2476 426 2507 posuit.
443 2476 498 2501 Sed
520 2478 614 2501 nostra
639 2477 729 2507 lectio,
756 2483 819 2508 quas
847 2477 944 2501 nititur
968 2477 1140 2505 auctoritate,

325 2514 399 2536 recte
414 2512 542 2542 congruit
557 2518 622 2536 cum
636 2512 679 2536 his
693 2519 755 2544 quas
770 2512 853 2543 paulo
875 2514 938 2536 aute
953 2512 1027 2536 dicta
1053 2513 1119 2536 sunt
1134 2518 1139 2535 :

324 2555 338 2568 «
361 2547 510 2572 Tolerastis
533 2547 709 2571 durissimam
735 2548 929 2579 quaestionem,
952 2549 979 2572 et
1004 2547 1084 2575 intra,
1113 2547 1140 2570 in

325 2583 480 2614 quaestione
506 2583 659 2608 victores.»
687 2583 770 2614 Angli
799 2583 974 2614 protulerunt
1005 2582 1140 2614 quasdam

324 2619 413 2643 varias
426 2619 561 2643 lectiones
576 2626 639 2650 quas
661 2619 775 2650 probare
797 2620 912 2650 possunt
934 2618 1016 2642 aliam
1038 2618 1140 2642 lectio—

325 2661 389 2679 nem
406 2661 486 2686 posse
499 2661 559 2679 esse
578 2654 688 2679 bonam.

356 2690 403 2719 (76)
420 2689 565 2714 Credentcs.
585 2690 664 2714 Hanc
687 2689 836 2715 lectionem
861 2689 1009 2721 praeferunt
1032 2690 1140 2713 vcteres

323 2724 386 2748 libri
400 2727 426 2749 et
439 2725 585 2756 editiones,
605 2725 659 2749 nisi
684 2725 758 2757 quod
779 2725 917 2749 interdum
935 2724 989 2749 vidi
1005 2725 1139 2756 scriptum

324 2760 462 2784 credentis.
475 2760 506 2784 In
521 2760 591 2785 libro
606 2763 699 2786 tamen
712 2761 873 2786 Divionensi
885 2763 912 2785 et
936 2760 963 2784 in
988 2760 1140 2785 recentiore

325 2794 488 2827 Remigiano
519 2796 618 2828 legitur
646 2799 804 2821 constanter.
833 2795 914 2827 Quod
935 2795 1004 2819 mihi
1030 2795 1140 2820 videtur

324 2837 385 2855 esse
406 2831 515 2856 melius.
539 2831 593 2857 Sed
620 2834 728 2857 mutare
756 2838 812 2856 non
832 2838 893 2856 sum
921 2837 1006 2855 ausus
1031 2832 1141 2863 propter

323 2867 534 2897 repugnantiam
548 2867 665 2892 aliorum
682 2867 890 2898 exemplarium.

356 2902 404 2931 (77)
437 2902 569 2928 Torti...
611 2902 741 2933 fortiores.
778 2902 912 2933 Sulpitius
949 2900 1070 2926 Severus
1112 2900 1140 2925 in

322 2937 443 2971 Epistula
471 2938 504 2964 ad
527 2938 664 2964 Eusebium
693 2947 697 2962 :
726 2937 780 2964 Sed
815 2937 858 2963 liis
883 2937 1031 2963 tolerandis
1056 2938 1139 2970 atque

1192 2157 1338 2183 vincendis
1358 2157 1528 2189 praecipuam
1551 2163 1659 2188 semper
1684 2157 1833 2188 justorum
1858 2158 1949 2183 fuisse
1971 2157 2020 2182 vir-

1193 2195 1290 2222 tutem,
1303 2193 1370 2218 dum
1385 2200 1434 2225 per
1459 2193 1552 2217 omnia
1578 2194 1747 2217 tentamenta
1774 2194 1931 2224 patientes,
1955 2200 2021 2218 sem-

1192 2235 1241 2260 per
1262 2229 1368 2259 invicti,
1395 2230 1471 2253 tanto
1493 2228 1592 2253 fortius
1614 2228 1760 2252 vincerent
1782 2231 1897 2260 quanto
1914 2229 2021 2261 gravius

1192 2264 1379 2295 pertulissent.
1404 2271 1418 2287 ››
1445 2263 1526 2294 Apud
1549 2263 1690 2292 Ruﬁnum,
1713 2262 1766 2287 lib.
1795 2270 1828 2294 v,
1859 2271 1923 2296 cap.
1949 2265 1972 2294 1,
1995 2264 2021 2288 in

1194 2300 1311 2324 Historia
1328 2301 1478 2330 martyrum
1499 2298 1720 2330 Lugdunensium.
1735 2308 1751 2321 α
1766 2299 1814 2324 Ex
1837 2300 1902 2331 ipsa
1924 2300 2021 2331 quippe

1191 2337 1351 2360 sanctorum
1376 2335 1509 2366 patientia
1532 2334 1631 2359 savior
1653 2334 1694 2359 eis
1715 2335 1921 2360 contentionis
1936 2335 2023 2360 rabies

1191 2369 1407 2400 accendebatur,
1424 2372 1450 2394 et
1463 2369 1538 2394 velut.
1561 2369 1666 2400 pudore
1679 2370 1809 2401 quodam
1827 2371 2022 2403 fatigabantur,

1192 2406 1256 2437 quia
1272 2406 1360 2437 major
1374 2406 1477 2429 inesset
1491 2404 1622 2430 cruciatis
1636 2411 1721 2436 quam
1746 2406 1956 2431 cruciantibus
1972 2406 2022 2429 vir-

1193 2443 1245 2466 tus.
1261 2450 1274 2463 λι

1223 2476 1271 2506 (78)
1286 2477 1345 2499 Jum
1369 2482 1420 2500 non
1446 2475 1570 2499 membra.
1589 2475 1636 2500 Sic
1659 2482 1755 2507 supra,
1787 2476 1817 2500 in
1848 2477 1967 2509 epistola
1991 2476 2023 2500 ad

1193 2512 1332 2541 Donatum,
1345 2518 1370 2543 p.
1383 2512 1399 2536 5
1416 2518 1421 2534 :
1440 2520 1454 2534 α
1466 2511 1527 2535 Jam
1550 2517 1606 2535 non
1627 2511 1767 2542 membra,
1791 2512 1846 2537 sed
1871 2513 1995 2537 vulnera.
2011 2521 2022 2532 υ

1192 2547 1356 2572 Ammianus
1385 2546 1571 2576 Marcellinus,
1594 2546 1640 2570 lib.
1660 2553 1747 2576 xxxx,
1777 2554 1921 2572 enarrans
1944 2548 2025 2572 lanie-

1191 2590 1255 2607 nam
1279 2583 1428 2607 exercitam
1459 2582 1487 2606 in
1515 2582 1667 2613 Diogenem
1693 2583 1860 2613 quemdam
1884 2586 1917 2607 ut
1944 2582 2024 2607 verba

1190 2619 1327 2649 placentia
1341 2617 1457 2649 principi
1478 2617 1645 2648 loqueretur,
1663 2617 1702 2641 ait
1724 2617 1815 2642 illum
1829 2625 1835 2642 :
1851 2627 1865 2641 «
1881 2618 1954 2643 Cum
1970 2624 2023 2650 pcn-

1190 2654 1234 2678 nis
1253 2661 1308 2678 non
1330 2653 1490 2678 sufﬁcerent
1509 2652 1642 2681 membra,
1659 2660 1673 2675 ν
1698 2652 1723 2676 vi
1737 2660 1802 2678 'um
1835 2654 2023 2679 combustum.

1191 2689 1265 2714 Idem
1281 2688 1328 2713 lib.
1346 2695 1405 2719 xxv,
1421 2688 1539 2719 loquens
1562 2687 1596 2712 de
1619 2686 1741 2712 Eusebic
1776 2689 1908 2720 quodam
1929 2689 2023 2713 misere

1191 2725 1313 2750 cruciato
1338 2724 1374 2749 ait
1402 2723 1480 2748 illum
1505 2723 1541 2747 ita
1573 2723 1766 2748 evisceratum
1804 2727 1837 2749 ut
1865 2723 2024 2749 cruciatibus

1191 2760 1304 2784 membra
1326 2760 1448 2784 deessent.
1469 2758 1586 2783 Sanctus
1606 2757 1779 2782 Ambrosius
1803 2759 1835 2783 in
1865 2759 1939 2784 libro
1966 2766 1974 2783 1
1998 2759 2027 2783 de

1194 2794 1354 2826 Virginibus,
1382 2795 1500 2826 loquens
1527 2793 1562 2818 de
1582 2793 1716 2824 martyrio
1746 2796 1862 2819 sanctas
1890 2794 2003 2826 Agnetis

1190 2838 1205 2854 «
1219 2830 1319 2855 Fuitne
1335 2830 1362 2854 in
1381 2829 1428 2854 illo
1452 2829 1618 2861 corpusculo
1640 2828 1757 2853 vulneri
1782 2829 1869 2855 locus
1883 2831 1896 2855 ει
1908 2838 1923 2854 ι)
1937 2830 1968 2856 Τ.
1981 2829 2024 2855 Li-

1191 2866 1261 2894 vius,
1277 2865 1322 2889 lib.
1338 2871 1375 2895 IV,
1394 2873 1406 2887 (ι
1422 2864 1494 2895 Quid
1507 2865 1562 2896 jam
1576 2864 1674 2896 integri
1696 2870 1766 2889 esse
1782 2866 1815 2890 in
1835 2872 1955 2898 corpore
1975 2865 2030 2889 loci

1191 2900 1224 2925 ad
1236 2907 1306 2925 nova
1317 2900 1431 2925 vuiuera
1442 2899 1619 2931 recipienda?
1632 2907 1646 2922 »
1663 2899 1806 2924 Justinus
1817 2900 1860 2926 lib
1892 2908 1910 2926 ιι
1931 2909 1935 2925 ;
1951 2910 1964 2923 ‹‹
1977 2900 2025 2924 Ve—

1191 2936 1229 2962 lut
1260 2943 1273 2961 a
1301 2936 1418 2968 singulis
1448 2934 1580 2962 membris
1602 2942 1691 2968 poenas
1713 2936 1943 2968 exigerentur.»
1966 2936 2024 2963 Εὶθη
