4160 6216
286 244 365 296 233
1679 239 1997 295 EPISTOLA
2038 240 2169 292 Vlll.
3500 234 3602 293 254

284 366 580 422 incendium
609 366 1019 437 persecutionis
1046 365 1455 436 exstingueret,
1488 365 1582 437 qui
1612 366 1869 420 ﬂammas
1894 370 2118 451 Avirgo
2162 370 2219 421 in
2263 366 2538 421 uterum"
2584 368 2806 436 accipiet
2850 366 2962 436 (83)
3004 371 3055 420 et
3092 368 3275 436 pariet
3316 366 3511 433 ﬁlium,
3557 368 3607 419 et

282 468 325 515 et
356 462 498 530 ignes
536 460 813 531 gehennae
844 461 1092 530 glorioso
1129 476 1329 514 cruore
1357 460 1592 531 sopiret.
1626 460 1669 513 Ο
1702 460 1869 530 quale

278 556 389 629 illud
414 554 515 607 fuit
547 554 928 624 spectaculum
971 554 1205 607 Domino
1232 553 1363 623 (79),
1396 570 1567 623 quam
1603 552 1867 619 sublime,

278 665 422 719 quam
468 663 764 718 magnum,
813 664 985 717 quam
1035 647 1131 700 Dei
1180 647 1356 700 oculis
1405 652 1763 700 sacramento
1809 662 1872 699 ac

274 742 539 794 devotione
571 741 762 794 militis
793 742 915 810 ejus
952 744 1272 810 acceptum,
1306 740 1448 793 sicut
1475 740 1747 810 scriptum
1782 745 1868 793 est

274 836 318 888 in
345 834 586 898 Psalmis,
625 833 836 904 Spiritu
878 838 1069 889 sancto
1110 834 1375 903 loquente
1409 833 1481 887 ad
1516 850 1617 886 nos
1662 832 1874 903 pariter

270 932 316 980 et
349 931 606 981 monente
640 943 653 981 :
683 929 921 981 Pretiosa
960 932 1035 981 est
1074 929 1134 980 in
1172 932 1450 996 conspectu
1477 928 1693 980 Domini
1730 940 1872 979 mors

261 1022 504 1088 jastorum
560 1021 671 1089 ejus
714 1022 883 1090 (Psal.
930 1037 1050 1087 cxv,
1101 1021 1209 1090 t5).
1258 1020 1509 1074 Pretiosa
1552 1035 1703 1073 mors
1751 1019 1872 1071 haec

269 1122 338 1168 est
359 1130 481 1184 qua:
505 1116 645 1169 emit
666 1114 1156 1168 immortalitatem
1186 1114 1365 1183 pretio
1386 1113 1471 1166 sui
1492 1113 1781 1183 sanguinis
1798 1113 1869 1179 9‘,

268 1224 373 1277 quae
401 1207 615 1277 accepit
640 1224 907 1261 coronam
936 1208 1005 1262 de
1024 1208 1072 1241 ²²
1101 1205 1597 1261 consummatione
1626 1206 1871 1259 virtutis.

267 1302 415 1364 Quam
454 1301 617 1354 laetus
648 1301 760 1354 illic
791 1304 899 1371 (80)
930 1301 1185 1356 Christus
1214 1300 1352 1354 fuit!
1385 1316 1554 1370 quam
1593 1298 1778 1352 libens
1812 1298 1867 1351 in

266 1394 445 1447 talibus
486 1395 662 1447 servis
712 1394 828 1448 suis
874 1400 929 1448 et
978 1394 1251 1465 pugnavit
1298 1397 1354 1447 et
1402 1393 1535 1446 vicit
1582 1396 1876 1462 protector

1970 462 2227 514 vocabitis
2268 476 2456 514 nomen
2497 460 2613 528 ejus
2652 461 2971 514 Emmanuel
3008 460 3194 530 (Ibid,
3238 460 3339 528 14).
3382 458 3476 512 Hic
3521 462 3605 513 est

1971 569 2121 624 agon
2159 554 2289 607 ﬁdei
2321 557 2525 607 nostra:
2564 569 2677 623 qua
2707 553 3128 622 congredimur,
3159 568 3269 623 qua
3300 550 3602 619 vincimus,

1972 663 2086 717 qua
2116 663 2471 700 coronamur.
2509 647 2603 699 Hic
2646 649 2729 699 est
2766 662 2915 715 agon
2954 662 3127 716 quem
3160 644 3321 699 nobis
3353 644 3605 699 ostendit

1972 739 2172 794 beatus
2193 741 2401 794 Paulus
2431 740 2734 810 apostolus,
2758 739 2815 792 in
2845 755 2959 809 quo
2989 743 3217 809 oportet
3242 755 3343 791 nos
3373 753 3603 792 currere

1974 839 2028 887 et
2078 834 2146 888 ad
2189 850 2459 888 coronam
2500 833 2700 903 gloriae
2739 832 2846 902 (84)
2878 832 3170 902 pervenire
3201 848 3213 885 :
3248 834 3488 897 Nescitis,
3516 831 3603 884 ἰηι-

1973 928 2120 997 quit,
2151 930 2282 997 quia
2319 930 2413 997 qui
2448 930 2507 980 in
2536 928 2712 981 stadio
2743 930 2985 987 currunt,
3026 940 3203 979 omnes
3234 924 3450 993 quidem
3479 940 3602 978 cur-

1972 1028 2118 1082 runt,
2166 1037 2310 1075 unus
2364 1028 2543 1075 tamen
2590 1023 2787 1090 accipit
2837 1020 3116 1089 palmam?
3159 1020 3247 1073 Sic
3299 1020 3497 1071 currite
3546 1021 3607 1070 ut

1976 1118 2238 1185 occupetis
2279 1116 2408 1184 (85).
2440 1117 2510 1167 Et
2549 1116 2636 1167 illi
2670 1115 2882 1183 quidem
2923 1118 2983 1166 ut
3014 1111 3414 1181 corruptibilem
3454 1125 3604 1163 coro-

1975 1225 2103 1263 nam
2147 1210 2438 1279 accipiant,
2472 1224 2567 1262 nos
2605 1214 2785 1262 autem
2822 1210 3193 1275 incorruptam
3209 1206 3256 1239 ²⁵
3286 1206 3327 1274 (l
3361 1206 3504 1265 Cor.,
3531 1218 3605 1271 1x,

1976 1301 2062 1370 24,
2097 1304 2204 1370 25).
2242 1303 2379 1355 Item
2402 1317 2564 1355 suum
2592 1304 2885 1354 certamen
2914 1298 3239 1364 ostendens,
3271 1302 3329 1350 et
3360 1295 3606 1350 hostiam

1977 1411 2035 1448 se
2077 1394 2305 1448 Domini
2345 1395 2455 1448 cito
2492 1395 2749 1449 futurum
2789 1409 2905 1446 esse
2944 1391 3304 1463 promittens,
3337 1390 3417 1443 ait
3454 1392 3608 1456 :Ego

265 1486 393 1554 ﬁdei,
425 1491 479 1541 et
504 1488 647 1541 dans
674 1488 1033 1542 credentibus
1061 1493 1280 1542 tantum
1308 1492 1583 1559 quantum
1613 1502 1669 1540 se
1696 1484 1877 1539 credit
1965 1489 2085 1557 jam
2116 1489 2252 1542 liber
2272 1488 2339 1553 2⁸,
2373 1494 2423 1541 et
2461 1493 2662 1557 tempus
2701 1490 2876 1541 instat
2913 1486 3295 1554 assumptionis
3328 1498 3474 1538 mea.
3505 1486 3606 1537 Bo-

266 1598 441 1651 capere
482 1583 580 1653 qui
618 1582 822 1635 sumit!
857 1581 1165 1639 Certamini
1207 1598 1307 1635 suo
1345 1580 1545 1649 adfuit,
1592 1578 1873 1649 prmliato-

266 1690 341 1727 res
366 1680 528 1746 atque
554 1680 866 1730 assertores
900 1676 985 1729 sui
1024 1675 1272 1730 nominis
1301 1673 1505 1741 erexit,
1539 1673 1872 1727 corrobora-

1975 1597 2106 1635 num
2146 1596 2369 1649 agonem
2407 1583 2628 1643 certavi,
2668 1595 2883 1634 cursum
2920 1581 3142 1649 perfeci,
3179 1578 3337 1647 ﬁdem
3377 1577 3605 1630 servavi.

1976 1676 2098 1727 Jam
2128 1680 2369 1743 superest
2403 1674 2535 1727 mihi
2567 1689 2760 1728 corona
2788 1673 3045 1742 justitiae,
3070 1686 3233 1741 quam
3261 1671 3395 1723 mihi
3422 1668 3611 1723 reddet

262 1770 340 1833 vit,
366 1742 659 1823 animavit.
686 1771 753 1822 Et
782 1768 878 1839 qui
910 1786 1012 1840 pro
1042 1768 1207 1823 nobis
1238 1771 1484 1822 mortem
1517 1765 1692 1821 semel
1720 1764 1871 1829 vicit,
1896 1742 1952 1813 B
1976 1742 2236 1821 Dominus
2282 1768 2339 1820 in
2384 1767 2485 1820 illa
2530 1767 2637 1829 die,
2684 1767 2776 1820 ille
2814 1767 3003 1833 justus
3040 1765 3234 1833 judem,
3288 1778 3389 1816 non
3437 1762 3611 1815 solum

262 1878 465 1933 semper
493 1862 667 1917 vincit
693 1862 751 1916 in
780 1862 963 1917 nobis.
988 1862 1122 1919 Cum
1148 1877 1258 1924 vos,
1284 1861 1488 1932 inquit,
1515 1859 1867 1926 tradiderint,

255 1958 398 2010 nolite
435 1958 678 2025 cogitare
714 1957 850 2026 quid
889 1958 1197 2026 loquamini
1236 1976 1251 2010 :
1286 1955 1512 2010 dabitur
1546 1954 1689 2009 enim
1725 1952 1875 2006 vobis

259 2052 306 2102 in
340 2050 434 2103 illa
469 2051 607 2104 liora
639 2051 777 2119 quid
807 2051 1127 2120 loquamini.
1160 2053 1280 2109 Non
1312 2051 1455 2103 enim
1490 2061 1582 2101 vos
1620 2048 1747 2100 estis
1778 2047 1881 2113 qui

257 2143 541 2211 loquimini,
580 2144 675 2198 sed
710 2145 951 2214 Spiritus
983 2145 1166 2198 Patris
1201 2144 1365 2198 vestri
1405 2144 1503 2211 qui
1540 2141 1783 2209 loquitur
1818 2141 1877 2192 in

256 2236 383 2290 vobis
408 2237 656 2305 (Μαηήυ
690 2254 746 2303 x,
783 2240 869 2305 19,
900 2237 1015 2305 20).
1055 2238 1468 2291 Documentum
1507 2233 1593 2288 rei
1626 2247 1875 2303 praesens

256 2330 499 2399 przelium
529 2329 795 2401 praebuit.
825 2332 941 2385 Vox
968 2331 1137 2402 plena
1164 2329 1377 2401 Spiritu
1405 2334 1602 2382 sancto
1630 2327 1698 2381 de
1730 2341 1875 2379 mar-

256 2423 380 2492 tyris
407 2440 502 2478 ore
533 2425 817 2496 prorupit,
845 2440 976 2479 cum
1007 2424 1350 2495 Mappalicus
1382 2422 1493 2494 (81)
1524 2419 1881 2476 beatissimus

253 2516 385 2571 inter
425 2518 713 2572 cruciatus
754 2535 887 2573 suos
924 2517 1246 2590 proconsuli
1284 2518 1500 2571 diceret
1538 2531 1550 2569 :
1592 2536 1618 2563 «
1649 2512 1876 2566 Videbis

257 2626 363 2663 cras
400 2627 678 2681 agonem.
710 2635 739 2662 ››
778 2613 846 2665 Et
883 2612 1035 2683 quod
1078 2612 1169 2666 ille
1211 2627 1341 2665 cum
1383 2609 1606 2664 virtutis
1649 2623 1714 2661 ac
1742 2604 1875 2660 ﬁdei

255 2704 569 2759 testimonio
618 2705 779 2773 dixit,
813 2706 1089 2759 Dominus
1124 2705 1399 2775 implevit.
1438 2707 1595 2774 Agon
1637 2699 1880 2755 caelestis

257 2798 527 2852 exhibitas
546 2800 618 2865 ³³,
653 2802 712 2853 et
740 2800 843 2853 Dei
878 2815 1070 2853 servus
1106 2799 1166 2852 in
1206 2798 1405 2869 agonis
1442 2798 1708 2869 promissi
1750 2816 1875 2854 cer-

252 2891 449 2946 tamine
498 2898 804 2947 coronatus
847 2898 949 2947 est.
999 2891 1192 2964 248
1238 2893 1332 2946 Hic
1378 2897 1462 2945 est
1508 2908 1659 2963 agon
1702 2909 1877 2963 quem

257 2986 519 3054 propheta
562 2986 730 3040 Isaias
769 2992 903 3040 ante
934 2986 1193 3057 praedixit
1222 2986 1332 3055 (82)
1359 2986 1550 3040 dicens
1581 3003 1592 3039 :
1621 2990 1743 3043 Non
1768 3004 1875 3056 pu-

1976 1865 2156 1915 autem
2200 1859 2355 1926 mihi,
2397 1860 2491 1914 sed
2533 1866 2581 1914 et
2625 1860 2867 1914 omnibus
2904 1861 3000 1927 qui
3043 1858 3278 1926 diligunt
3316 1856 3611 1909 adventum

1976 1954 2089 2023 ejus
2120 1953 2187 2025 (ll
2225 1956 2481 2017 Tim.,1v,
2513 1953 2644 2021 ϐοὸ).
2680 1954 2836 2006 Hunc
2862 1952 3039 2023 igitur
3065 1964 3313 2021 agonem
3341 1964 3447 2019 per
3472 1963 3605 2017 pro-

1978 2047 2176 2118 phetas
2205 2052 2337 2101 ante
2367 2046 2725 2116 praedictum,
2752 2062 2855 2116 per
2882 2044 3187 2099 Dominum
3217 2041 3605 2107 commissum,

1977 2157 2083 2212 per
2106 2141 2389 2211 apostolos
2416 2145 2660 2211 gestum,
2683 2138 3017 2210 Mappalicus
3044 2153 3144 2191 suo
3174 2141 3231 2191 et
3256 2135 3611 2205 collegarum

1979 2250 2211 2288 suorum
2246 2234 2485 2289 nomine
2526 2232 2852 2304 proconsuli
2889 2229 3231 2303 repromisit.
3262 2230 3377 2283 Nec
3411 2226 3612 2282 fefellit

1978 2328 2036 2382 in
2080 2326 2355 2399 promisso
2403 2344 2503 2381 suo
2543 2342 2648 2381 vox
2691 2326 2871 2380 ﬁdelis
2912 2341 2925 2379 :
2971 2339 3226 2395 pugnam
3270 2337 3439 2393 quam
3479 2336 3607 2390 spo-

1980 2422 2181 2493 pondit
2215 2421 2487 2487 exhibuit,
2526 2426 2581 2474 et
2623 2420 2874 2491 palmam
2915 2435 3087 2490 quam
3127 2416 3336 2471 meruit
3375 2412 3607 2485 accepit.

1980 2517 2155 2569 Istum
2188 2531 2340 2569 nunc
2376 2513 2764 2569 beatissimum
2803 2517 3137 2583 martyrem,
3169 2513 3225 2564 et
3258 2508 3398 2563 alios
3435 2506 3609 2578 parti-

1980 2609 2134 2679 cipes
2159 2608 2415 2678 ejusdem
2442 2606 2857 2678 congressionis
2884 2605 3017 2677 (86),
3049 2604 3261 2658 milites
3288 2606 3346 2656 et
3375 2600 3612 2655 comites

1979 2704 2036 2758 in
2065 2703 2174 2758 ﬁde
2205 2702 2448 2768 stabiles,
2477 2703 2535 2755 in
2564 2702 2755 2755 dolore
2786 2698 2978 2772 249
3006 2698 3299 2769 patientes,
3334 2696 3392 2749 in
3422 2710 3608 2766 quaes-

1980 2798 2132 2851 tione
2168 2797 2404 2850 victores
2444 2802 2507 2849 ut
2543 2794 2738 2848 caeteri
2777 2809 3004 2864 quoque
3045 2788 3339 2845 sectemini
3382 2795 3440 2843 et
3478 2790 3612 2858 opto

1980 2892 2198 2962 pariter
2234 2894 2292 2944 et
2330 2889 2623 2955 exhortor;
2654 2894 2716 2942 ut
2744 2904 2888 2959 quos
2917 2885 3204 2939 vinculum
3240 2880 3612 2937 confessionis

1981 2989 2037 3039 et
2079 2983 2389 3054 hospitium
2439 2982 2679 3036 carceris
2722 2981 2886 3035 simul
2928 2980 3141 3050 junxit,
3181 2978 3389 3049 jungat
3433 2975 3609 3029 etiam

253 3079 421 3133 silium
452 3081 610 3135 vobis
648 3086 915 3135 certamen
952 3096 1069 3134 cum
1106 3079 1424 3142 hominibus,
1456 3082 1712 3149 quoniam
1742 3084 1882 3136 Deus
1903 3109 1957 3183 Ο
1983 3076 2394 3133 consummatio
2425 3076 2649 3131 virtutis
2668 3079 2725 3129 et
2746 3090 2951 3129 corona
2971 3071 3227 3138 cmlestis,
3252 3075 3315 3123 ut
3336 3071 3612 3139 lacrymas

390 3180 455 3183 ν.
800 3177 842 3183 .-
1147 3174 1219 3183 ,1.
1302 3176 1357 3183 η
1485 3180 1490 3183 .
1620 3178 1629 3183 .
1734 3174 1747 3183 .
1866 3180 1872 3183 _
2086 3172 2149 3183 ..
2212 3172 2249 3183 ,η
2321 3171 2332 3183 .
2408 3170 2417 3180 .
2734 3169 2747 3183 .
2877 3168 2908 3183 .,
3018 3168 3027 3177 .
3182 3164 3574 3183 ...μη-λη,

250 3180 457 3238 prastat
511 3189 739 3241 agonem
792 3177 948 3244 (Isa.,
999 3190 1089 3242 m,
1140 3174 1245 3241 13).
1300 3176 1386 3239 Et,
1440 3180 1500 3226 ut
1552 3174 1882 3229 ostenderet
1906 3164 1957 3183 υ
1983 3172 2182 3227 matris
2212 3170 2495 3236 Ecclesia»,
2534 3186 2663 3241 quae
2697 3168 2917 3239 plangit
2943 3168 3140 3221 ruinas
3170 3170 3225 3220 et
3251 3164 3454 3220 funera
3484 3164 3609 3233 plu-

255 3266 364 3333 quis
402 3267 496 3321 hic
538 3283 696 3337 agon
739 3267 967 3321 futurus
1011 3271 1175 3331 esset,
1217 3267 1435 3321 addidit
1477 3268 1670 3322 dicens
1703 3284 1716 3321 :
1749 3270 1884 3323 Ecce
1984 3268 2283 3334 rimorum,
2314 3281 2411 3318 vos
2440 3270 2622 3317 vestra
2655 3262 2847 3317 laatitia
2878 3260 3164 3332 tergeatis,
3195 3262 3251 3313 et
3277 3262 3612 3313 casterorum

1636 3423 1847 3486 Variae
1900 3422 2237 3486 lectiones.

2363 3559 2403 3588 ³³
2437 3558 2632 3619 Agone
2674 3554 2919 3604 caelestis
2974 3551 3333 3602 exhibitionis
3391 3551 3527 3599 Voss.
3562 3550 3608 3601 2.

307 3557 341 3585 ⁸⁸
371 3558 621 3607 Pretiosa
664 3559 750 3608 vis
791 3560 1079 3622 sanguinis
1119 3558 1266 3608 Carb.
1358 3561 1397 3591 ²²
1429 3558 1703 3609 Coronam
1741 3559 1845 3608 Dei
1882 3558 2003 3607 Bod.
2041 3558 2091 3607 3.
2132 3558 2266 3606 Pem.
2363 3559 2403 3588 ³³
2437 3558 2632 3619 Agone
2674 3557 2919 3604 caelestis
2974 3557 3333 3602 exhibitionis
3392 3557 3527 3599 Voss.
3562 3557 3608 3601 2.

307 3626 534 3678 rhibitus
562 3633 647 3678 est
674 3630 796 3678 Bod.
825 3632 869 3679 1.
962 3632 1003 3661 ²⁴
1028 3630 1193 3680 Utero
1228 3631 1347 3679 Thu.
1381 3632 1516 3679 Fors.
1545 3630 1667 3679 Bod.
1698 3631 1743 3689 1,
1772 3631 1819 3679 ‘2.
1849 3633 1898 3678 et
1924 3628 2052 3679 Adv.
2080 3629 2201 3677 Jud.
2299 3625 2340 3659 ’5
2363 3624 2850 3689 lncorruptibilem
2890 3623 3022 3671 Voss.
3049 3622 3096 3672 ‘3.
3128 3622 3252 3671 Bod.
3281 3623 3323 3671 1.
3426 3619 3466 3651 ’⁸
3495 3619 3613 3684 Ego

254 3625 534 3678 Exhibitus
562 3633 647 3678 est
674 3630 796 3678 Bod.
825 3632 869 3679 1.
962 3632 1003 3661 ²⁴
1028 3630 1193 3680 Utero
1228 3631 1347 3679 Thu.
1381 3632 1516 3679 Foss.
1545 3630 1667 3679 Bod.
1698 3631 1743 3690 1,
1772 3631 1819 3679 ‘2.
1849 3633 1898 3678 et
1924 3628 2052 3679 Adv.
2080 3629 2201 3677 Iud.

246 3696 343 3757 jam
373 3698 663 3748 immobor
692 3699 816 3748 Boil.
843 3700 890 3748 3.
920 3699 1147 3750 Delibor
1171 3700 1307 3748 Foss.
1341 3698 1487 3748 Coro.

1551 3799 1776 3880 Steph.
1826 3798 2071 3862 Baluzii
2115 3802 2310 3860 notae.

1978 3945 2315 4008 Percipietis
2353 3941 2835 3993 immarcescibilem
2899 3942 3082 4004 gloria:
3159 3954 3424 3991 coronam.
3504 3940 3613 3991 Hic

1979 4016 2243 4079 Cypriani
2276 4015 2433 4064 locus
2482 4015 2634 4063 varie
2662 4013 2861 4077 legitur
2912 4015 2969 4062 in
3018 4012 3260 4075 antiquis
3304 4011 3611 4062 codicibus.

255 3949 428 4005 ganter
448 3947 603 3996 varia
630 3946 727 3995 illa
756 3950 1148 3998 tormentorum
1187 3952 1241 3999 et
1280 3949 1627 3998 cruciatuum
1678 3960 1876 4009 genera

255 4013 639 4067 describuntur
669 4018 724 4066 in
760 4017 898 4067 libro
926 4030 941 4066 ι
972 4018 1093 4068 Silii
1120 4019 1289 4069 Italici
1325 4034 1336 4065 :

334 4129 441 4176 Non
466 4129 644 4192 ignes,
673 4128 1001 4192 candensque
1030 4129 1225 4193 calybs,
1252 4143 1358 4178 non
1388 4130 1607 4178 verbera
1623 4128 1815 4191 passim

335 4198 527 4246 Ictibus
558 4198 845 4247 innumeris
870 4200 1097 4247 lacerum
1124 4199 1415 4248 scindentia
1453 4213 1661 4262 corpus,

334 4270 688 4317 Camiﬁcesve
719 4284 921 4330 manus,
953 4270 1257 4334 penitusque
1283 4271 1452 4320 infusa
1485 4270 1725 4320 medullis

336 4340 512 4400 Pestis,
544 4344 599 4389 et
628 4340 683 4388 in
709 4340 883 4389 medio
915 4342 1146 4391 lucentes
1176 4343 1389 4391 vulnere
1418 4342 1641 4391 flamma:

336 4412 639 4460 Cessavere.

306 4513 396 4573 (ἴε)
422 4513 795 4577 Spectaculum
831 4514 1065 4562 Domino.
1107 4513 1343 4564 Codices
1390 4513 1571 4563 sancti
1599 4512 1875 4576 Arnulphi

254 4586 300 4629 et
332 4581 699 4633 Carnotensis
723 4584 932 4633 habent
960 4586 1181 4633 Domini.

262 4655 396 4770 “('80)
428 4657 605 4715 Quam
640 4655 782 4704 Ianus
834 4656 958 4705 illic.
1004 4655 1175 4705 Iidem
1216 4655 1435 4706 codices
1474 4656 1776 4718 praeferunt
1823 4654 1877 4702 in

262 4738 267 4769 Ι
311 4739 367 4770 l8.

254 4738 367 4773 “HS.

308 4799 397 4859 (81)
480 4799 841 4863 Mappalicus.
930 4799 1321 4850 Kalendarium
1419 4798 1877 4861 Carthaginiense

253 4866 451 4916 editum
503 4883 536 4917 a
568 4869 868 4918 Mabilonio
922 4883 933 4915 :
978 4882 1078 4919 xm
1123 4870 1346 4919 Kalend.
1390 4870 1567 4918 Maias
1619 4868 1879 4930 martyris

250 4941 553 5005 Μαρριτιιὶσί.
592 4946 663 4991 At
692 4944 747 4991 in
775 4943 1160 5005 Martyrologio
1194 4943 1512 4992 monasterii
1562 4941 1875 4991 Einsidlen-

252 5014 318 5059 sis
362 5013 515 5063 edito
574 5014 644 5063 ab
698 5013 895 5063 eodem
946 5014 1264 5064 Mabillonio
1312 5018 1391 5062 est
1446 5026 1524 5063 xv
1576 5012 1693 5061 Kal.
1728 5012 1873 5072 Maii,

253 5084 323 5130 uti
351 5086 524 5133 etiam
571 5085 627 5132 in
659 5087 901 5149 antiquis
948 5085 1462 5149 martyrologiorum
1498 5083 1875 5146 scriptoribus.

254 5152 514 5205 Sanctum
568 5154 906 5219 Cyprianum
952 5156 1122 5206 fuisse
1164 5156 1443 5219 sepultum
1489 5154 1546 5203 in
1606 5154 1729 5203 loco
1780 5156 1876 5218 qui

254 5223 519 5287 Mappalia
569 5230 800 5276 vocatur
858 5226 1049 5275 scribit
1116 5226 1303 5276 Victor
1383 5225 1625 5275 Vitensls
1680 5222 1774 5273 lib.
1838 5238 1874 5285 ι,

254 5308 357 5358 cap.
385 5299 435 5345 5.

306 5369 395 5431 (82)
450 5370 730 5418 Przdixit.
776 5368 1001 5419 Veteres
1043 5368 1313 5418 editiones
1360 5368 1677 5417 Manutiana
1735 5367 1877 5415 anti-

254 5442 462 5501 quiores
513 5445 574 5488 et
626 5439 880 5504 quasdam
948 5444 1129 5489 vetera
1188 5439 1522 5502 exemplaria
1581 5439 1877 5501 praeferunt

253 5512 499 5569 promisit.

312 5584 396 5642 βό)
457 5581 704 5644 Accipiet.
776 5582 835 5629 In
887 5581 1219 5645 quibusdam
1276 5580 1565 5631 codicibus
1636 5580 1878 5643 antiquis

258 5656 517 5715 scriptum
575 5658 654 5701 est
703 5654 973 5715 concipiet.
1030 5654 1123 5704 Sic
1174 5654 1342 5704 etiam
1408 5652 1678 5703 editiones
1753 5664 1879 5713 qua:

261 5731 651 5785 praecesserunt
679 5724 1029 5773 Erasmicam.

314 5795 403 5858 (84)
434 5794 699 5845 Coronam
743 5795 941 5861 gloriae.
987 5795 1085 5849 Ex.
1138 5795 1157 5844 Ι
1221 5794 1465 5860 Epistola
1526 5793 1670 5844 beati
1716 5791 1877 5853 Petri,

1979 4086 2221 4148 Quidam
2248 4086 2399 4136 enim
2443 4084 2650 4133 habent
2699 4097 2946 4134 coronam
2994 4083 3195 4147 gloriae,
3237 4082 3331 4132 alii
3385 4082 3614 4147 gloriam

1980 4170 2197 4207 coronae.
2246 4156 2404 4205 Hanc
2449 4156 2877 4218 discrepantiam
2924 4156 3133 4205 invexit
3180 4153 3411 4204 audacia
3446 4154 3615 4203 libra-

1979 4228 2205 4277 riorum.
2234 4228 2443 4276 Bonam
2474 4227 2770 4276 lectionem
2800 4226 3039 4277 habebat
3069 4227 3235 4276 etiam
3275 4225 3415 4276 liber
3448 4225 3613 4274 Flori.

1980 4298 2143 4361 Apud
2169 4299 2498 4349 Cassianum
2528 4297 2623 4346 lib.
2658 4310 2734 4356 VI,
2762 4311 2880 4361 cap.
2908 4299 2954 4357 3,
2984 4299 3106 4361 lego
3149 4310 3355 4347 coronae
3389 4295 3614 4359 gloriam

1980 4383 2077 4431 pro
2133 4383 2245 4432 quo
2288 4369 2539 4417 fortassis
2592 4368 2973 4431 reponendum
3022 4372 3166 4419 esset
3218 4380 3468 4419 coronam
3502 4365 3616 4429 glo-

1897 4449 1956 4520 D
1979 4442 2089 4520 riae“.

2046 4513 2143 4575 85)
2184 4514 2243 4561 Ut
2274 4513 2547 4574 occupetis.
2585 4513 2784 4561 Postea
2815 4511 3153 4575 sequebatur
3187 4513 3241 4561 iu
3282 4509 3613 4574 quibusdam

1977 4584 2204 4632 vetustis
2234 4583 2521 4633 codicibus
2570 4588 2625 4632 et
2673 4583 3013 4631 editionibus
3051 4583 3269 4631 :Omnis
3311 4586 3480 4629 autem
3521 4580 3615 4642 qui

1977 4656 2228 4718 agonizat
2254 4656 2309 4703 in
2340 4654 2578 4704 omnibus
2613 4656 2887 4703 catilincns
2914 4659 3001 4703 est.
3046 4654 3155 4702 Sed
3200 4666 3327 4702 cum
3359 4664 3612 4712 segmen-

1978 4732 2093 4776 tum
2133 4726 2269 4775 illud
2295 4739 2404 4774 non
2450 4726 2763 4774 inveniatur
2796 4726 2851 4772 in
2908 4724 3096 4771 multis
3143 4722 3447 4781 codicibus,
3473 4721 3616 4771 desit

1978 4802 2163 4846 autem
2210 4798 2265 4845 in
2305 4796 2642 4845 editionibus
2684 4795 2913 4844 Manutii
2961 4800 3015 4843 et
3055 4794 3308 4855 Morellii,
3353 4806 3481 4843 cum
3522 4793 3613 4841 vi-

1978 4866 2137 4916 deam
2170 4866 2320 4916 hunc
2350 4867 2532 4928 ipsum
2567 4866 2720 4914 Pauli
2749 4867 2932 4915 locum
2979 4865 3314 4929 descriptum
3363 4865 3420 4914 in
3468 4864 3611 4913 libro

1979 4940 2139 4987 tertio
2170 4937 2656 4995 Testimonorium,
2685 4951 2804 4999 cap.
2834 4938 2912 4994 26,
2941 4937 3150 5000 absque
3183 4936 3276 4986 illo
3308 4941 3612 4999 segmento,

1978 5022 2197 5056 rursum
2228 5021 2338 5056 non
2387 5006 2576 5056 haberi
2622 5010 2677 5057 in
2718 5008 2960 5071 Epistula
3010 5009 3081 5056 ad
3123 5010 3493 5067 Fortunatam,
3547 5008 3617 5058 de

1978 5079 2364 5128 exhortatione
2417 5081 2663 5142 martyrii
2718 5082 2773 5128 in
2828 5080 3050 5142 optimis
3098 5084 3152 5128 et
3220 5080 3611 5129 vetustissimis

1978 5148 2405 5211 exemplaribus,
2448 5150 2695 5211 expunxi
2736 5149 2961 5211 ubique,
3008 5150 3138 5212 quia
3205 5151 3461 5199 existimo
3514 5150 3617 5199 ad—

1978 5219 2153 5268 ditum
2183 5220 2354 5270 fuisse
2385 5234 2415 5269 a
2452 5219 2693 5283 quodam
2730 5220 2981 5269 studioso
3030 5234 3098 5270 ex
3145 5221 3391 5284 Epistola
3436 5222 3613 5279 Pauli,

1979 5290 2075 5339 ubi
2122 5294 2315 5339 exstat.
2375 5290 2470 5341 Sic
2516 5292 2570 5339 in
2624 5291 2876 5353 pluribus
2927 5290 3190 5353 Cypriani
3241 5291 3381 5341 locis
3434 5291 3617 5341 addita

1977 5366 2105 5410 sunt
2133 5365 2417 5425 segmenta
2452 5375 2520 5412 ex
2551 5361 2708 5411 libris
2744 5374 2915 5411 sacras
2963 5362 3265 5423 Scripturaa
3300 5376 3426 5425 quae
3457 5363 3620 5412 omis-

1978 5446 2038 5481 sa
2097 5432 2367 5495 putabant
2418 5434 2453 5480 ii
2512 5433 2608 5495 qui
2658 5432 2750 5481 illa
2794 5432 3141 5483 addiderunt.
3212 5433 3354 5482 Vide
3396 5433 3621 5481 adnota-

1980 5504 2158 5553 tiones
2187 5503 2402 5552 Erasmi
2430 5504 2483 5551 in
2514 5504 2664 5551 hunc
2696 5504 2849 5552 Pauli
2878 5505 3083 5552 locum.

2041 5577 2135 5636 (86)
2164 5576 2412 5638 Ejusdem
2455 5575 2859 5636 congressionis.
2890 5574 3080 5623 Codex
3126 5574 3303 5621 sancti
3347 5572 3623 5633 Arnulphi

1978 5646 2145 5695 habet
2179 5646 2556 5705 consensionis,
2596 5644 2955 5695 Car-nutensis
2980 5646 3337 5696 consensionis
3382 5643 3461 5691 vel
3496 5656 3627 5691 cou—

1978 5729 2271 5780 gressionis.
