  <div class='ocr_page' id='page_1' title='image "/cluster/home/n/w/nwhite01/storage/ocr_20150623/4/hvd.32044073549446/133.png"; bbox 0 0 2080 3108; ppageno 0'>
   <div class='ocr_carea' id='block_1_1' title="bbox 270 140 351 171">
    <p class='ocr_par' dir='ltr' id='par_1_1' title="bbox 270 140 351 171">
     <span class='ocr_line' id='line_1_1' title="bbox 270 140 351 171; baseline 0 -1"><span class='ocrx_word' id='word_1_1' title='bbox 270 142 321 171; x_wconf 73' lang='grc'><strong>255</strong></span> <span class='ocrx_word' id='word_1_2' title='bbox 348 140 351 143; x_wconf 84' lang='grc'><em>’</em></span> 
     </span>
    </p>
   </div>
   <div class='ocr_carea' id='block_1_2' title="bbox 731 139 1486 183">
    <p class='ocr_par' dir='ltr' id='par_1_2' title="bbox 731 139 1486 183">
     <span class='ocr_line' id='line_1_2' title="bbox 731 139 1486 183; baseline -0.003 -15"><span class='ocrx_word' id='word_1_3' title='bbox 731 141 758 168; x_wconf 92' lang='lat' dir='ltr'><strong>S.</strong></span> <span class='ocrx_word' id='word_1_4' title='bbox 779 141 935 183; x_wconf 51' lang='lat' dir='ltr'><strong>CXPRIANI</strong></span> <span class='ocrx_word' id='word_1_5' title='bbox 954 142 1091 170; x_wconf 86' lang='lat' dir='ltr'><strong>OPERUM</strong></span> <span class='ocrx_word' id='word_1_6' title='bbox 1111 142 1196 170; x_wconf 82' lang='lat' dir='ltr'><strong>PARS</strong></span> <span class='ocrx_word' id='word_1_7' title='bbox 1214 142 1235 169; x_wconf 87' lang='lat' dir='ltr'><strong>l.</strong></span> <span class='ocrx_word' id='word_1_8' title='bbox 1252 156 1286 161; x_wconf 98' lang='lat'><strong>—</strong></span> <span class='ocrx_word' id='word_1_9' title='bbox 1306 139 1486 169; x_wconf 64' lang='lat' dir='ltr'><strong>EPISTOLJE.</strong></span> 
     </span>
    </p>
   </div>
   <div class='ocr_carea' id='block_1_3' title="bbox 1887 138 1931 166">
    <p class='ocr_par' dir='ltr' id='par_1_3' title="bbox 1887 138 1931 166">
     <span class='ocr_line' id='line_1_3' title="bbox 1887 138 1931 166; baseline 0.023 -1"><span class='ocrx_word' id='word_1_10' title='bbox 1887 138 1931 166; x_wconf 77' lang='lat'><strong>256</strong></span> 
     </span>
    </p>
   </div>
   <div class='ocr_carea' id='block_1_4' title="bbox 273 199 1932 248">
    <p class='ocr_par' dir='ltr' id='par_1_4' title="bbox 273 199 1932 248">
     <span class='ocr_line' id='line_1_4' title="bbox 273 199 1932 248; baseline -0.002 -15"><span class='ocrx_word' id='word_1_11' title='bbox 273 214 384 242; x_wconf 82' lang='lat' dir='ltr'><strong>quoque</strong></span> <span class='ocrx_word' id='word_1_12' title='bbox 402 205 537 233; x_wconf 82' lang='lat' dir='ltr'><strong>stantium</strong></span> <span class='ocrx_word' id='word_1_13' title='bbox 556 204 720 232; x_wconf 82' lang='lat' dir='ltr'><strong>ﬁrmitatem</strong></span> <span class='ocrx_word' id='word_1_14' title='bbox 741 204 825 231; x_wconf 82' lang='lat' dir='ltr'><strong>vestri</strong></span> <span class='ocrx_word' id='word_1_15' title='bbox 845 205 967 240; x_wconf 88' lang='lat' dir='ltr'><strong>exempli</strong></span> <span class='ocrx_word' id='word_1_16' title='bbox 983 213 1083 241; x_wconf 89' lang='lat' dir='ltr'><strong>provo-</strong></span> <span class='ocrx_word' id='word_1_17' title='bbox 1096 205 1278 248; x_wconf 74' lang='lat' dir='ltr'><strong>Afortissimi</strong></span> <span class='ocrx_word' id='word_1_18' title='bbox 1298 213 1330 232; x_wconf 88' lang='lat' dir='ltr'><strong>ac</strong></span> <span class='ocrx_word' id='word_1_19' title='bbox 1349 202 1505 232; x_wconf 80' lang='lat' dir='ltr'><strong>beatissimi</strong></span> <span class='ocrx_word' id='word_1_20' title='bbox 1524 202 1636 235; x_wconf 75' lang='lat' dir='ltr'><strong>fratres,</strong></span> <span class='ocrx_word' id='word_1_21' title='bbox 1651 207 1763 235; x_wconf 78' lang='lat' dir='ltr'><strong>semper</strong></span> <span class='ocrx_word' id='word_1_22' title='bbox 1783 199 1811 227; x_wconf 94' lang='lat' dir='ltr'><strong>in</strong></span> <span class='ocrx_word' id='word_1_23' title='bbox 1825 199 1932 229; x_wconf 88' lang='lat' dir='ltr'><strong>Domino</strong></span> 
     </span>
    </p>
   </div>
   <div class='ocr_carea' id='block_1_5' title="bbox 273 251 1084 286">
    <p class='ocr_par' dir='ltr' id='par_1_5' title="bbox 273 251 1084 286">
     <span class='ocr_line' id='line_1_5' title="bbox 273 251 1084 286; baseline 0 -6"><span class='ocrx_word' id='word_1_24' title='bbox 273 254 384 281; x_wconf 84' lang='lat' dir='ltr'><strong>catione</strong></span> <span class='ocrx_word' id='word_1_25' title='bbox 407 251 541 279; x_wconf 86' lang='lat' dir='ltr'><strong>solidetis.</strong></span> <span class='ocrx_word' id='word_1_26' title='bbox 561 252 590 278; x_wconf 92' lang='lat' dir='ltr'><strong>Si</strong></span> <span class='ocrx_word' id='word_1_27' title='bbox 612 259 660 278; x_wconf 86' lang='lat' dir='ltr'><strong>vos</strong></span> <span class='ocrx_word' id='word_1_28' title='bbox 681 251 754 278; x_wconf 83' lang='lat' dir='ltr'><strong>acies</strong></span> <span class='ocrx_word' id='word_1_29' title='bbox 776 252 959 286; x_wconf 83' lang='lat' dir='ltr'><strong>vocaverit&quot;,</strong></span> <span class='ocrx_word' id='word_1_30' title='bbox 977 253 1001 279; x_wconf 87' lang='lat' dir='ltr'><strong>si</strong></span> <span class='ocrx_word' id='word_1_31' title='bbox 1022 261 1084 280; x_wconf 87' lang='lat' dir='ltr'><strong>cer-</strong></span> 
     </span>
    </p>
   </div>
   <div class='ocr_carea' id='block_1_6' title="bbox 273 297 1085 334">
    <p class='ocr_par' dir='ltr' id='par_1_6' title="bbox 273 297 1085 334">
     <span class='ocr_line' id='line_1_6' title="bbox 273 297 1085 334; baseline 0 -7"><span class='ocrx_word' id='word_1_32' title='bbox 273 299 387 327; x_wconf 88' lang='lat' dir='ltr'><strong>taminis</strong></span> <span class='ocrx_word' id='word_1_33' title='bbox 407 298 489 325; x_wconf 82' lang='lat' dir='ltr'><strong>vestri</strong></span> <span class='ocrx_word' id='word_1_34' title='bbox 509 298 571 325; x_wconf 87' lang='lat' dir='ltr'><strong>dies</strong></span> <span class='ocrx_word' id='word_1_35' title='bbox 591 297 711 331; x_wconf 82' lang='lat' dir='ltr'><strong>venerit,</strong></span> <span class='ocrx_word' id='word_1_36' title='bbox 726 297 847 325; x_wconf 76' lang='lat' dir='ltr'><strong>militate</strong></span> <span class='ocrx_word' id='word_1_37' title='bbox 865 298 986 334; x_wconf 83' lang='lat' dir='ltr'><strong>fortiter,</strong></span> <span class='ocrx_word' id='word_1_38' title='bbox 1001 299 1085 327; x_wconf 88' lang='lat' dir='ltr'><strong>dimi-</strong></span> 
     </span>
    </p>
   </div>
   <div class='ocr_carea' id='block_1_7' title="bbox 273 344 1087 381">
    <p class='ocr_par' dir='ltr' id='par_1_7' title="bbox 273 344 1087 381">
     <span class='ocr_line' id='line_1_7' title="bbox 273 344 1087 381; baseline 0.001 -8"><span class='ocrx_word' id='word_1_39' title='bbox 273 348 332 373; x_wconf 77' lang='lat' dir='ltr'><strong>cate</strong></span> <span class='ocrx_word' id='word_1_40' title='bbox 352 347 521 378; x_wconf 77' lang='lat' dir='ltr'><strong>constanter,</strong></span> <span class='ocrx_word' id='word_1_41' title='bbox 541 344 664 372; x_wconf 77' lang='lat' dir='ltr'><strong>scientes</strong></span> <span class='ocrx_word' id='word_1_42' title='bbox 684 352 733 371; x_wconf 90' lang='lat' dir='ltr'><strong>vos</strong></span> <span class='ocrx_word' id='word_1_43' title='bbox 752 344 804 372; x_wconf 85' lang='lat' dir='ltr'><strong>sub</strong></span> <span class='ocrx_word' id='word_1_44' title='bbox 827 345 916 372; x_wconf 90' lang='lat' dir='ltr'><strong>oculis</strong></span> <span class='ocrx_word' id='word_1_45' title='bbox 937 346 1087 381; x_wconf 65' lang='lat' dir='ltr'><strong>prazsentis</strong></span> 
     </span>
    </p>
   </div>
   <div class='ocr_carea' id='block_1_8' title="bbox 273 391 1087 429">
    <p class='ocr_par' dir='ltr' id='par_1_8' title="bbox 273 391 1087 429">
     <span class='ocr_line' id='line_1_8' title="bbox 273 391 1087 429; baseline 0.001 -10"><span class='ocrx_word' id='word_1_46' title='bbox 273 391 389 420; x_wconf 87' lang='lat' dir='ltr'><strong>Domini</strong></span> <span class='ocrx_word' id='word_1_47' title='bbox 399 391 546 426; x_wconf 84' lang='lat' dir='ltr'><strong>dimicare,</strong></span> <span class='ocrx_word' id='word_1_48' title='bbox 557 391 736 419; x_wconf 80' lang='lat' dir='ltr'><strong>confessione</strong></span> <span class='ocrx_word' id='word_1_49' title='bbox 748 391 874 419; x_wconf 84' lang='lat' dir='ltr'><strong>nominis</strong></span> <span class='ocrx_word' id='word_1_50' title='bbox 885 392 945 427; x_wconf 87' lang='lat' dir='ltr'><strong>ejus</strong></span> <span class='ocrx_word' id='word_1_51' title='bbox 955 392 990 419; x_wconf 87' lang='lat' dir='ltr'><strong>ad</strong></span> <span class='ocrx_word' id='word_1_52' title='bbox 1000 392 1087 429; x_wconf 84' lang='lat' dir='ltr'><strong>ipsius</strong></span> 
     </span>
    </p>
   </div>
   <div class='ocr_carea' id='block_1_9' title="bbox 273 438 1088 474">
    <p class='ocr_par' dir='ltr' id='par_1_9' title="bbox 273 438 1088 474">
     <span class='ocr_line' id='line_1_9' title="bbox 273 438 1088 474; baseline 0.002 -9"><span class='ocrx_word' id='word_1_53' title='bbox 273 438 395 474; x_wconf 80' lang='lat' dir='ltr'><strong>gloriam</strong></span> <span class='ocrx_word' id='word_1_54' title='bbox 410 438 574 474; x_wconf 84' lang='lat' dir='ltr'><strong>pervenire;</strong></span> <span class='ocrx_word' id='word_1_55' title='bbox 588 438 636 474; x_wconf 87' lang='lat' dir='ltr'><strong>qui</strong></span> <span class='ocrx_word' id='word_1_56' title='bbox 657 446 714 465; x_wconf 89' lang='lat' dir='ltr'><strong>non</strong></span> <span class='ocrx_word' id='word_1_57' title='bbox 733 438 774 465; x_wconf 89' lang='lat' dir='ltr'><strong>sic</strong></span> <span class='ocrx_word' id='word_1_58' title='bbox 794 439 837 465; x_wconf 92' lang='lat' dir='ltr'><strong>est</strong></span> <span class='ocrx_word' id='word_1_59' title='bbox 856 441 888 465; x_wconf 91' lang='lat' dir='ltr'><strong>ut</strong></span> <span class='ocrx_word' id='word_1_60' title='bbox 907 447 1003 466; x_wconf 87' lang='lat' dir='ltr'><strong>servos</strong></span> <span class='ocrx_word' id='word_1_61' title='bbox 1021 448 1088 467; x_wconf 84' lang='lat' dir='ltr'><strong>suos</strong></span> 
     </span>
    </p>
   </div>
   <div class='ocr_carea' id='block_1_10' title="bbox 275 484 1088 523">
    <p class='ocr_par' dir='ltr' id='par_1_10' title="bbox 275 484 1088 523">
     <span class='ocr_line' id='line_1_10' title="bbox 275 484 1088 523; baseline 0.002 -11"><span class='ocrx_word' id='word_1_62' title='bbox 275 487 386 512; x_wconf 86' lang='lat' dir='ltr'><strong>tantum</strong></span> <span class='ocrx_word' id='word_1_63' title='bbox 405 488 522 521; x_wconf 88' lang='lat' dir='ltr'><strong>spectet,</strong></span> <span class='ocrx_word' id='word_1_64' title='bbox 536 484 585 512; x_wconf 90' lang='lat' dir='ltr'><strong>sed</strong></span> <span class='ocrx_word' id='word_1_65' title='bbox 604 487 633 512; x_wconf 90' lang='lat' dir='ltr'><strong>et</strong></span> <span class='ocrx_word' id='word_1_66' title='bbox 650 485 710 520; x_wconf 89' lang='lat' dir='ltr'><strong>ipse</strong></span> <span class='ocrx_word' id='word_1_67' title='bbox 732 484 856 512; x_wconf 87' lang='lat' dir='ltr'><strong>luctatur</strong></span> <span class='ocrx_word' id='word_1_68' title='bbox 875 485 905 513; x_wconf 90' lang='lat' dir='ltr'><strong>in</strong></span> <span class='ocrx_word' id='word_1_69' title='bbox 919 486 1012 520; x_wconf 87' lang='lat' dir='ltr'><strong>nobis,</strong></span> <span class='ocrx_word' id='word_1_70' title='bbox 1027 487 1088 523; x_wconf 89' lang='lat' dir='ltr'><strong>ipse</strong></span> 
     </span>
    </p>
   </div>
   <div class='ocr_carea' id='block_1_11' title="bbox 276 532 1089 568">
    <p class='ocr_par' dir='ltr' id='par_1_11' title="bbox 276 532 1089 568">
     <span class='ocr_line' id='line_1_11' title="bbox 276 532 1089 568; baseline 0.002 -9"><span class='ocrx_word' id='word_1_71' title='bbox 276 532 476 567; x_wconf 81' lang='lat' dir='ltr'><strong>congreditur,</strong></span> <span class='ocrx_word' id='word_1_72' title='bbox 502 532 562 568; x_wconf 90' lang='lat' dir='ltr'><strong>ipse</strong></span> <span class='ocrx_word' id='word_1_73' title='bbox 586 532 615 559; x_wconf 91' lang='lat' dir='ltr'><strong>in</strong></span> <span class='ocrx_word' id='word_1_74' title='bbox 641 532 795 559; x_wconf 84' lang='lat' dir='ltr'><strong>certamine</strong></span> <span class='ocrx_word' id='word_1_75' title='bbox 820 532 921 568; x_wconf 88' lang='lat' dir='ltr'><strong>agonis</strong></span> <span class='ocrx_word' id='word_1_76' title='bbox 945 533 1036 561; x_wconf 88' lang='lat' dir='ltr'><strong>nostri</strong></span> <span class='ocrx_word' id='word_1_77' title='bbox 1060 536 1089 561; x_wconf 90' lang='lat' dir='ltr'><strong>et</strong></span> 
     </span>
    </p>
   </div>
   <div class='ocr_carea' id='block_1_12' title="bbox 277 579 1089 614">
    <p class='ocr_par' dir='ltr' id='par_1_12' title="bbox 277 579 1089 614">
     <span class='ocr_line' id='line_1_12' title="bbox 277 579 1089 614; baseline 0.002 -8"><span class='ocrx_word' id='word_1_78' title='bbox 277 582 396 607; x_wconf 84' lang='lat' dir='ltr'><strong>coronat</strong></span> <span class='ocrx_word' id='word_1_79' title='bbox 415 579 521 614; x_wconf 83' lang='lat' dir='ltr'><strong>pariter</strong></span> <span class='ocrx_word' id='word_1_80' title='bbox 542 581 570 607; x_wconf 88' lang='lat' dir='ltr'><strong>et</strong></span> <span class='ocrx_word' id='word_1_81' title='bbox 591 580 753 606; x_wconf 82' lang='lat' dir='ltr'><strong>coronatur.</strong></span> <span class='ocrx_word' id='word_1_82' title='bbox 776 579 855 612; x_wconf 88' lang='lat' dir='ltr'><strong>Quod</strong></span> <span class='ocrx_word' id='word_1_83' title='bbox 879 580 902 607; x_wconf 89' lang='lat' dir='ltr'><strong>si</strong></span> <span class='ocrx_word' id='word_1_84' title='bbox 926 583 991 608; x_wconf 87' lang='lat' dir='ltr'><strong>ante</strong></span> <span class='ocrx_word' id='word_1_85' title='bbox 1010 580 1089 608; x_wconf 90' lang='lat' dir='ltr'><strong>diem</strong></span> 
     </span>
    </p>
   </div>
   <div class='ocr_carea' id='block_1_13' title="bbox 277 625 1089 663">
    <p class='ocr_par' dir='ltr' id='par_1_13' title="bbox 277 625 1089 663">
     <span class='ocr_line' id='line_1_13' title="bbox 277 625 1089 663; baseline 0.002 -10"><span class='ocrx_word' id='word_1_86' title='bbox 277 625 442 653; x_wconf 84' lang='lat' dir='ltr'><strong>certaminis</strong></span> <span class='ocrx_word' id='word_1_87' title='bbox 452 626 548 661; x_wconf 84' lang='lat' dir='ltr'><strong>vestri,</strong></span> <span class='ocrx_word' id='word_1_88' title='bbox 559 626 593 653; x_wconf 88' lang='lat' dir='ltr'><strong>de</strong></span> <span class='ocrx_word' id='word_1_89' title='bbox 606 626 786 662; x_wconf 80' lang='lat' dir='ltr'><strong>indulgentia</strong></span> <span class='ocrx_word' id='word_1_90' title='bbox 795 626 917 661; x_wconf 89' lang='lat' dir='ltr'><strong>Domini,</strong></span> <span class='ocrx_word' id='word_1_91' title='bbox 929 636 981 662; x_wconf 86' lang='lat' dir='ltr'><strong>pax</strong></span> <span class='ocrx_word' id='word_1_92' title='bbox 993 636 1089 663; x_wconf 85' lang='lat' dir='ltr'><strong>super-</strong></span> 
     </span>
    </p>
   </div>
   <div class='ocr_carea' id='block_1_14' title="bbox 277 672 1087 710">
    <p class='ocr_par' dir='ltr' id='par_1_14' title="bbox 277 672 1087 710">
     <span class='ocr_line' id='line_1_14' title="bbox 277 672 1087 710; baseline 0.002 -11"><span class='ocrx_word' id='word_1_93' title='bbox 277 673 396 706; x_wconf 87' lang='lat' dir='ltr'><strong>venerit,</strong></span> <span class='ocrx_word' id='word_1_94' title='bbox 412 672 489 699; x_wconf 87' lang='lat' dir='ltr'><strong>vobis</strong></span> <span class='ocrx_word' id='word_1_95' title='bbox 509 674 603 700; x_wconf 86' lang='lat' dir='ltr'><strong>tamen</strong></span> <span class='ocrx_word' id='word_1_96' title='bbox 624 675 738 700; x_wconf 82' lang='lat' dir='ltr'><strong>maneat</strong></span> <span class='ocrx_word' id='word_1_97' title='bbox 758 673 888 701; x_wconf 74' lang='lat' dir='ltr'><strong>voluntas</strong></span> <span class='ocrx_word' id='word_1_98' title='bbox 908 674 1019 710; x_wconf 80' lang='lat' dir='ltr'><strong>integra</strong></span> <span class='ocrx_word' id='word_1_99' title='bbox 1036 675 1087 710; x_wconf 92' lang='grc'><strong>(87)</strong></span> 
     </span>
    </p>
   </div>
   <div class='ocr_carea' id='block_1_15' title="bbox 278 719 1088 757">
    <p class='ocr_par' dir='ltr' id='par_1_15' title="bbox 278 719 1088 757">
     <span class='ocr_line' id='line_1_15' title="bbox 278 719 1088 757; baseline 0.002 -11"><span class='ocrx_word' id='word_1_100' title='bbox 278 722 305 747; x_wconf 89' lang='lat' dir='ltr'><strong>et</strong></span> <span class='ocrx_word' id='word_1_101' title='bbox 331 719 501 747; x_wconf 81' lang='lat' dir='ltr'><strong>conscientia</strong></span> <span class='ocrx_word' id='word_1_102' title='bbox 532 720 664 755; x_wconf 81' lang='lat' dir='ltr'><strong>gloriosa.</strong></span> <span class='ocrx_word' id='word_1_103' title='bbox 694 721 749 747; x_wconf 83' lang='lat' dir='ltr'><strong>Nec</strong></span> <span class='ocrx_word' id='word_1_104' title='bbox 778 720 959 748; x_wconf 82' lang='lat' dir='ltr'><strong>contristetur</strong></span> <span class='ocrx_word' id='word_1_105' title='bbox 986 722 1088 757; x_wconf 82' lang='lat' dir='ltr'><strong>aliquis</strong></span> 
     </span>
    </p>
   </div>
   <div class='ocr_carea' id='block_1_16' title="bbox 278 766 1087 803">
    <p class='ocr_par' dir='ltr' id='par_1_16' title="bbox 278 766 1087 803">
     <span class='ocr_line' id='line_1_16' title="bbox 278 766 1087 803; baseline 0.002 -10"><span class='ocrx_word' id='word_1_106' title='bbox 278 775 310 793; x_wconf 85' lang='lat' dir='ltr'><strong>ex</strong></span> <span class='ocrx_word' id='word_1_107' title='bbox 335 766 414 793; x_wconf 88' lang='lat' dir='ltr'><strong>vobis</strong></span> <span class='ocrx_word' id='word_1_108' title='bbox 435 766 514 802; x_wconf 87' lang='lat' dir='ltr'><strong>quasi</strong></span> <span class='ocrx_word' id='word_1_109' title='bbox 538 766 593 793; x_wconf 87' lang='lat' dir='ltr'><strong>illis</strong></span> <span class='ocrx_word' id='word_1_110' title='bbox 620 768 716 793; x_wconf 90' lang='lat' dir='ltr'><strong>minor</strong></span> <span class='ocrx_word' id='word_1_111' title='bbox 738 767 773 794; x_wconf 91' lang='lat' dir='ltr'><strong>sit</strong></span> <span class='ocrx_word' id='word_1_112' title='bbox 794 768 841 803; x_wconf 87' lang='lat' dir='ltr'><strong>qui</strong></span> <span class='ocrx_word' id='word_1_113' title='bbox 868 770 934 795; x_wconf 84' lang='lat' dir='ltr'><strong>ante</strong></span> <span class='ocrx_word' id='word_1_114' title='bbox 958 777 1006 795; x_wconf 91' lang='lat' dir='ltr'><strong>vos</strong></span> <span class='ocrx_word' id='word_1_115' title='bbox 1030 771 1087 795; x_wconf 83' lang='lat' dir='ltr'><strong>tor-</strong></span> 
     </span>
    </p>
   </div>
   <div class='ocr_carea' id='block_1_17' title="bbox 277 813 1087 848">
    <p class='ocr_par' dir='ltr' id='par_1_17' title="bbox 277 813 1087 848">
     <span class='ocr_line' id='line_1_17' title="bbox 277 813 1087 848; baseline 0.002 -8"><span class='ocrx_word' id='word_1_116' title='bbox 277 815 373 841; x_wconf 89' lang='lat' dir='ltr'><strong>menta</strong></span> <span class='ocrx_word' id='word_1_117' title='bbox 389 813 524 848; x_wconf 86' lang='lat' dir='ltr'><strong>perpessi,</strong></span> <span class='ocrx_word' id='word_1_118' title='bbox 544 813 616 840; x_wconf 89' lang='lat' dir='ltr'><strong>victo</strong></span> <span class='ocrx_word' id='word_1_119' title='bbox 636 816 663 840; x_wconf 88' lang='lat' dir='ltr'><strong>et</strong></span> <span class='ocrx_word' id='word_1_120' title='bbox 680 814 783 841; x_wconf 81' lang='lat' dir='ltr'><strong>calcato</strong></span> <span class='ocrx_word' id='word_1_121' title='bbox 802 815 914 847; x_wconf 64' lang='lat' dir='ltr'><strong>smculo,</strong></span> <span class='ocrx_word' id='word_1_122' title='bbox 936 815 971 841; x_wconf 88' lang='lat' dir='ltr'><strong>ad</strong></span> <span class='ocrx_word' id='word_1_123' title='bbox 992 816 1087 842; x_wconf 89' lang='lat' dir='ltr'><strong>Domi-</strong></span> 
     </span>
    </p>
   </div>
   <div class='ocr_carea' id='block_1_18' title="bbox 276 860 1089 895">
    <p class='ocr_par' dir='ltr' id='par_1_18' title="bbox 276 860 1089 895">
     <span class='ocr_line' id='line_1_18' title="bbox 276 860 1089 895; baseline 0.004 -9"><span class='ocrx_word' id='word_1_124' title='bbox 276 868 346 887; x_wconf 89' lang='lat' dir='ltr'><strong>num</strong></span> <span class='ocrx_word' id='word_1_125' title='bbox 365 860 488 895; x_wconf 85' lang='lat' dir='ltr'><strong>glorioso</strong></span> <span class='ocrx_word' id='word_1_126' title='bbox 506 860 607 887; x_wconf 84' lang='lat' dir='ltr'><strong>itinere</strong></span> <span class='ocrx_word' id='word_1_127' title='bbox 626 864 773 887; x_wconf 81' lang='lat' dir='ltr'><strong>venerunt.</strong></span> <span class='ocrx_word' id='word_1_128' title='bbox 796 861 929 888; x_wconf 88' lang='lat' dir='ltr'><strong>Dominus</strong></span> <span class='ocrx_word' id='word_1_129' title='bbox 948 864 1089 889; x_wconf 81' lang='lat' dir='ltr'><strong>scrutator</strong></span> 
     </span>
    </p>
   </div>
   <div class='ocr_carea' id='block_1_19' title="bbox 1136 247 1771 280">
    <p class='ocr_par' dir='ltr' id='par_1_19' title="bbox 1136 247 1771 280">
     <span class='ocr_line' id='line_1_19' title="bbox 1136 247 1771 280; baseline -0.009 -1"><span class='ocrx_word' id='word_1_130' title='bbox 1136 252 1208 280; x_wconf 87' lang='lat' dir='ltr'><strong>bene</strong></span> <span class='ocrx_word' id='word_1_131' title='bbox 1221 252 1317 279; x_wconf 88' lang='lat' dir='ltr'><strong>valere</strong></span> <span class='ocrx_word' id='word_1_132' title='bbox 1332 254 1361 279; x_wconf 90' lang='lat' dir='ltr'><strong>et</strong></span> <span class='ocrx_word' id='word_1_133' title='bbox 1373 250 1462 278; x_wconf 88' lang='lat' dir='ltr'><strong>nostri</strong></span> <span class='ocrx_word' id='word_1_134' title='bbox 1477 248 1649 277; x_wconf 86' lang='lat' dir='ltr'><strong>meminisse.</strong></span> <span class='ocrx_word' id='word_1_135' title='bbox 1665 247 1771 274; x_wconf 90' lang='lat' dir='ltr'><strong>Valete.</strong></span> 
     </span>
    </p>
   </div>
   <div class='ocr_carea' id='block_1_20' title="bbox 1396 306 1688 341">
    <p class='ocr_par' dir='ltr' id='par_1_20' title="bbox 1396 306 1688 341">
     <span class='ocr_line' id='line_1_20' title="bbox 1396 306 1688 341; baseline -0.014 -5"><span class='ocrx_word' id='word_1_136' title='bbox 1396 307 1556 336; x_wconf 83' lang='lat' dir='ltr'><strong>EPISTOLA</strong></span> <span class='ocrx_word' id='word_1_137' title='bbox 1578 307 1609 333; x_wconf 78' lang='lat' dir='ltr'><strong>lx</strong></span> <span class='ocrx_word' id='word_1_138' title='bbox 1623 306 1688 341; x_wconf 87' lang='lat'><strong>(93).</strong></span> 
     </span>
    </p>
   </div>
   <div class='ocr_carea' id='block_1_21' title="bbox 1168 360 1910 397">
    <p class='ocr_par' dir='ltr' id='par_1_21' title="bbox 1168 360 1910 397">
     <span class='ocr_line' id='line_1_21' title="bbox 1168 360 1910 397; baseline -0.005 -7"><span class='ocrx_word' id='word_1_139' title='bbox 1168 365 1288 397; x_wconf 82' lang='lat' dir='ltr'><strong>(Erasm.,</strong></span> <span class='ocrx_word' id='word_1_140' title='bbox 1303 371 1341 396; x_wconf 83' lang='lat' dir='ltr'><strong>in,</strong></span> <span class='ocrx_word' id='word_1_141' title='bbox 1355 366 1400 396; x_wconf 67' lang='lat' dir='ltr'><strong>lli;</strong></span> <span class='ocrx_word' id='word_1_142' title='bbox 1415 364 1521 395; x_wconf 87' lang='lat' dir='ltr'><strong>Pamel.,</strong></span> <span class='ocrx_word' id='word_1_143' title='bbox 1536 369 1568 394; x_wconf 84' lang='lat' dir='ltr'><strong>x;</strong></span> <span class='ocrx_word' id='word_1_144' title='bbox 1581 362 1649 393; x_wconf 78' lang='lat' dir='ltr'><strong>Rig.,</strong></span> <span class='ocrx_word' id='word_1_145' title='bbox 1663 361 1758 391; x_wconf 84' lang='lat' dir='ltr'><strong>Baluz.,</strong></span> <span class='ocrx_word' id='word_1_146' title='bbox 1773 360 1858 392; x_wconf 62' lang='lat' dir='ltr'><strong>Paria,</strong></span> <span class='ocrx_word' id='word_1_147' title='bbox 1870 367 1910 393; x_wconf 83' lang='lat' dir='ltr'><strong>1x;</strong></span> 
     </span>
    </p>
   </div>
   <div class='ocr_carea' id='block_1_22' title="bbox 1408 398 1679 430">
    <p class='ocr_par' dir='ltr' id='par_1_22' title="bbox 1408 398 1679 430">
     <span class='ocr_line' id='line_1_22' title="bbox 1408 398 1679 430; baseline -0.011 -6"><span class='ocrx_word' id='word_1_148' title='bbox 1408 400 1502 429; x_wconf 87' lang='lat' dir='ltr'><strong>Oxon.,</strong></span> <span class='ocrx_word' id='word_1_149' title='bbox 1518 399 1598 430; x_wconf 84' lang='lat' dir='ltr'><strong>Lips.,</strong></span> <span class='ocrx_word' id='word_1_150' title='bbox 1613 398 1679 428; x_wconf 79' lang='lat' dir='ltr'><strong>xxi.)</strong></span> 
     </span>
    </p>
   </div>
   <div class='ocr_carea' id='block_1_23' title="bbox 1138 452 1939 481">
    <p class='ocr_par' dir='ltr' id='par_1_23' title="bbox 1138 452 1939 481">
     <span class='ocr_line' id='line_1_23' title="bbox 1138 452 1939 481; baseline -0.006 -5"><span class='ocrx_word' id='word_1_151' title='bbox 1138 457 1171 476; x_wconf 84' lang='lat' dir='ltr'><strong>AD</strong></span> <span class='ocrx_word' id='word_1_152' title='bbox 1199 456 1314 481; x_wconf 70' lang='lat' dir='ltr'><strong>CLERUK,</strong></span> <span class='ocrx_word' id='word_1_153' title='bbox 1343 456 1377 474; x_wconf 82' lang='lat' dir='ltr'><strong>DE</strong></span> <span class='ocrx_word' id='word_1_154' title='bbox 1402 454 1555 478; x_wconf 72' lang='lat' dir='ltr'><strong>QUIBUSDAM</strong></span> <span class='ocrx_word' id='word_1_155' title='bbox 1579 452 1753 473; x_wconf 72' lang='lat' dir='ltr'><strong>PRESBYTERIS</strong></span> <span class='ocrx_word' id='word_1_156' title='bbox 1778 452 1822 474; x_wconf 84' lang='lat' dir='ltr'><strong>QUI</strong></span> <span class='ocrx_word' id='word_1_157' title='bbox 1846 452 1939 473; x_wconf 75' lang='lat' dir='ltr'><strong>TEIERE</strong></span> 
     </span>
    </p>
   </div>
   <div class='ocr_carea' id='block_1_24' title="bbox 1174 492 1938 519">
    <p class='ocr_par' dir='ltr' id='par_1_24' title="bbox 1174 492 1938 519">
     <span class='ocr_line' id='line_1_24' title="bbox 1174 492 1938 519; baseline -0.005 -3"><span class='ocrx_word' id='word_1_158' title='bbox 1174 496 1259 516; x_wconf 69' lang='lat' dir='ltr'><strong>PACEM</strong></span> <span class='ocrx_word' id='word_1_159' title='bbox 1284 495 1376 515; x_wconf 79' lang='lat' dir='ltr'><strong>LAPSIS</strong></span> <span class='ocrx_word' id='word_1_160' title='bbox 1398 494 1548 519; x_wconf 72' lang='lat' dir='ltr'><strong>DEDERUNT,</strong></span> <span class='ocrx_word' id='word_1_161' title='bbox 1569 493 1679 513; x_wconf 74' lang='lat' dir='ltr'><strong>NECDUI</strong></span> <span class='ocrx_word' id='word_1_162' title='bbox 1702 492 1802 512; x_wconf 70' lang='lat' dir='ltr'><strong>SEDATA</strong></span> <span class='ocrx_word' id='word_1_163' title='bbox 1823 492 1938 513; x_wconf 70' lang='grc' dir='ltr'><strong>ΡΕΒΒΕΕΗ-</strong></span> 
     </span>
    </p>
   </div>
   <div class='ocr_carea' id='block_1_25' title="bbox 1173 532 1810 556">
    <p class='ocr_par' dir='ltr' id='par_1_25' title="bbox 1173 532 1810 556">
     <span class='ocr_line' id='line_1_25' title="bbox 1173 532 1810 556; baseline -0.008 0"><span class='ocrx_word' id='word_1_164' title='bbox 1173 536 1253 556; x_wconf 78' lang='grc' dir='ltr'><strong>ΪΙΟΝΕ</strong></span> <span class='ocrx_word' id='word_1_165' title='bbox 1268 536 1299 556; x_wconf 79' lang='grc' dir='ltr'><strong>ΕΤ</strong></span> <span class='ocrx_word' id='word_1_166' title='bbox 1318 535 1395 556; x_wconf 73' lang='lat' dir='ltr'><strong>CITRA</strong></span> <span class='ocrx_word' id='word_1_167' title='bbox 1410 534 1601 554; x_wconf 71' lang='lat' dir='ltr'><strong>CONSCIENTIAI</strong></span> <span class='ocrx_word' id='word_1_168' title='bbox 1620 532 1810 552; x_wconf 70' lang='lat' dir='ltr'><strong>EPISCOPORUK.</strong></span> 
     </span>
    </p>
   </div>
   <div class='ocr_carea' id='block_1_26' title="bbox 1138 581 1941 618">
    <p class='ocr_par' dir='ltr' id='par_1_26' title="bbox 1138 581 1941 618">
     <span class='ocr_line' id='line_1_26' title="bbox 1138 581 1941 618; baseline -0.006 -6"><span class='ocrx_word' id='word_1_169' title='bbox 1138 585 1329 612; x_wconf 71' lang='lat' dir='ltr'><strong>Ancona-run</strong></span> <span class='ocrx_word' id='word_1_170' title='bbox 1344 584 1424 617; x_wconf 82' lang='lat' dir='ltr'><strong>hujus</strong></span> <span class='ocrx_word' id='word_1_171' title='bbox 1437 583 1554 618; x_wconf 74' lang='lat' dir='ltr'><strong>epistle</strong></span> <span class='ocrx_word' id='word_1_172' title='bbox 1567 582 1647 609; x_wconf 80' lang='lat' dir='ltr'><strong>habes</strong></span> <span class='ocrx_word' id='word_1_173' title='bbox 1658 581 1737 614; x_wconf 78' lang='lat' dir='ltr'><strong>infra</strong></span> <span class='ocrx_word' id='word_1_174' title='bbox 1752 581 1783 607; x_wconf 76' lang='lat' dir='ltr'><strong>in</strong></span> <span class='ocrx_word' id='word_1_175' title='bbox 1796 581 1847 608; x_wconf 63' lang='lat' dir='ltr'><strong>haec</strong></span> <span class='ocrx_word' id='word_1_176' title='bbox 1858 581 1941 613; x_wconf 73' lang='lat' dir='ltr'><strong>verba,</strong></span> 
     </span>
    </p>
   </div>
   <div class='ocr_carea' id='block_1_27' title="bbox 1174 625 1942 664">
    <p class='ocr_par' dir='ltr' id='par_1_27' title="bbox 1174 625 1942 664">
     <span class='ocr_line' id='line_1_27' title="bbox 1174 625 1942 664; baseline -0.005 -8"><span class='ocrx_word' id='word_1_177' title='bbox 1174 629 1290 664; x_wconf 73' lang='lat' dir='ltr'><strong>epistola</strong></span> <span class='ocrx_word' id='word_1_178' title='bbox 1314 629 1345 655; x_wconf 79' lang='grc'><strong>14</strong></span> <span class='ocrx_word' id='word_1_179' title='bbox 1367 636 1373 655; x_wconf 88' lang='lat'>:</span> <span class='ocrx_word' id='word_1_180' title='bbox 1400 637 1414 652; x_wconf 87' lang='lat'><strong>«</strong></span> <span class='ocrx_word' id='word_1_181' title='bbox 1434 627 1609 661; x_wconf 76' lang='lat' dir='ltr'><strong>Presbyteris,</strong></span> <span class='ocrx_word' id='word_1_182' title='bbox 1632 627 1733 660; x_wconf 79' lang='lat' dir='ltr'><strong>inquit.</strong></span> <span class='ocrx_word' id='word_1_183' title='bbox 1754 627 1780 652; x_wconf 80' lang='lat' dir='ltr'><strong>et</strong></span> <span class='ocrx_word' id='word_1_184' title='bbox 1799 625 1942 653; x_wconf 75' lang='lat' dir='ltr'><strong>diaconibus</strong></span> 
     </span>
    </p>
   </div>
   <div class='ocr_carea' id='block_1_28' title="bbox 1173 671 1943 707">
    <p class='ocr_par' dir='ltr' id='par_1_28' title="bbox 1173 671 1943 707">
     <span class='ocr_line' id='line_1_28' title="bbox 1173 671 1943 707; baseline -0.004 -7"><span class='ocrx_word' id='word_1_185' title='bbox 1173 682 1225 701; x_wconf 87' lang='lat' dir='ltr'><strong>non</strong></span> <span class='ocrx_word' id='word_1_186' title='bbox 1240 674 1327 707; x_wconf 70' lang='lat' dir='ltr'><strong>defuit</strong></span> <span class='ocrx_word' id='word_1_187' title='bbox 1341 673 1484 700; x_wconf 79' lang='lat' dir='ltr'><strong>sacerdotii</strong></span> <span class='ocrx_word' id='word_1_188' title='bbox 1496 673 1582 706; x_wconf 71' lang='lat' dir='ltr'><strong>rigor,</strong></span> <span class='ocrx_word' id='word_1_189' title='bbox 1597 674 1627 698; x_wconf 83' lang='lat' dir='ltr'><strong>ut</strong></span> <span class='ocrx_word' id='word_1_190' title='bbox 1641 671 1764 705; x_wconf 84' lang='lat' dir='ltr'><strong>quidam,</strong></span> <span class='ocrx_word' id='word_1_191' title='bbox 1777 671 1863 697; x_wconf 76' lang='lat' dir='ltr'><strong>minus</strong></span> <span class='ocrx_word' id='word_1_192' title='bbox 1874 671 1943 698; x_wconf 73' lang='lat' dir='ltr'><strong>disci-</strong></span> 
     </span>
    </p>
   </div>
   <div class='ocr_carea' id='block_1_29' title="bbox 1174 716 1942 753">
    <p class='ocr_par' dir='ltr' id='par_1_29' title="bbox 1174 716 1942 753">
     <span class='ocr_line' id='line_1_29' title="bbox 1174 716 1942 753; baseline -0.005 -7"><span class='ocrx_word' id='word_1_193' title='bbox 1174 719 1258 753; x_wconf 76' lang='lat' dir='ltr'><strong>plinae</strong></span> <span class='ocrx_word' id='word_1_194' title='bbox 1270 726 1394 745; x_wconf 77' lang='lat' dir='ltr'><strong>memores</strong></span> <span class='ocrx_word' id='word_1_195' title='bbox 1407 720 1431 744; x_wconf 90' lang='lat' dir='ltr'><strong>et</strong></span> <span class='ocrx_word' id='word_1_196' title='bbox 1448 718 1591 744; x_wconf 77' lang='lat' dir='ltr'><strong>temeraria</strong></span> <span class='ocrx_word' id='word_1_197' title='bbox 1604 716 1781 749; x_wconf 74' lang='lat' dir='ltr'><strong>festinatione</strong></span> <span class='ocrx_word' id='word_1_198' title='bbox 1794 716 1942 749; x_wconf 59' lang='lat' dir='ltr'><strong>precipites,</strong></span> 
     </span>
    </p>
   </div>
   <div class='ocr_carea' id='block_1_30' title="bbox 1174 761 1941 798">
    <p class='ocr_par' dir='ltr' id='par_1_30' title="bbox 1174 761 1941 798">
     <span class='ocr_line' id='line_1_30' title="bbox 1174 761 1941 798; baseline -0.005 -8"><span class='ocrx_word' id='word_1_199' title='bbox 1174 765 1221 798; x_wconf 80' lang='lat' dir='ltr'><strong>qui</strong></span> <span class='ocrx_word' id='word_1_200' title='bbox 1243 771 1303 790; x_wconf 84' lang='lat' dir='ltr'><strong>cum</strong></span> <span class='ocrx_word' id='word_1_201' title='bbox 1325 763 1407 797; x_wconf 78' lang='lat' dir='ltr'><strong>lapsis</strong></span> <span class='ocrx_word' id='word_1_202' title='bbox 1428 762 1623 788; x_wconf 81' lang='lat' dir='ltr'><strong>communicare</strong></span> <span class='ocrx_word' id='word_1_203' title='bbox 1647 761 1701 787; x_wconf 66' lang='lat' dir='ltr'><strong>&quot;am</strong></span> <span class='ocrx_word' id='word_1_204' title='bbox 1721 761 1863 794; x_wconf 58' lang='lat' dir='ltr'><strong>eruperant,</strong></span> <span class='ocrx_word' id='word_1_205' title='bbox 1881 767 1941 787; x_wconf 84' lang='lat' dir='ltr'><strong>com-</strong></span> 
     </span>
    </p>
   </div>
   <div class='ocr_carea' id='block_1_31' title="bbox 1172 809 1396 842">
    <p class='ocr_par' dir='ltr' id='par_1_31' title="bbox 1172 809 1396 842">
     <span class='ocr_line' id='line_1_31' title="bbox 1172 809 1396 842; baseline -0.013 -8"><span class='ocrx_word' id='word_1_206' title='bbox 1172 809 1364 842; x_wconf 75' lang='lat' dir='ltr'><strong>primercnlur.</strong></span> <span class='ocrx_word' id='word_1_207' title='bbox 1383 817 1396 831; x_wconf 83' lang='grc'><strong>››</strong></span> 
     </span>
    </p>
   </div>
   <div class='ocr_carea' id='block_1_32' title="bbox 1174 860 1944 898">
    <p class='ocr_par' dir='ltr' id='par_1_32' title="bbox 1174 860 1944 898">
     <span class='ocr_line' id='line_1_32' title="bbox 1174 860 1944 898; baseline -0.004 -8"><span class='ocrx_word' id='word_1_208' title='bbox 1174 864 1193 890; x_wconf 95' lang='lat' dir='ltr'><strong>l.</strong></span> <span class='ocrx_word' id='word_1_209' title='bbox 1217 863 1371 898; x_wconf 82' lang='lat' dir='ltr'><strong>Cyprianus</strong></span> <span class='ocrx_word' id='word_1_210' title='bbox 1393 862 1567 897; x_wconf 84' lang='lat' dir='ltr'><strong>presbyteris</strong></span> <span class='ocrx_word' id='word_1_211' title='bbox 1590 864 1617 888; x_wconf 88' lang='lat' dir='ltr'><strong>et</strong></span> <span class='ocrx_word' id='word_1_212' title='bbox 1638 860 1802 887; x_wconf 87' lang='lat' dir='ltr'><strong>diaeonihus</strong></span> <span class='ocrx_word' id='word_1_213' title='bbox 1824 860 1944 887; x_wconf 82' lang='lat' dir='ltr'><strong>fratribus</strong></span> 
     </span>
    </p>
   </div>
   <div class='ocr_carea' id='block_1_33' title="bbox 277 905 1946 943">
    <p class='ocr_par' dir='ltr' id='par_1_33' title="bbox 277 905 1946 943">
     <span class='ocr_line' id='line_1_33' title="bbox 277 905 1946 943; baseline 0 -10"><span class='ocrx_word' id='word_1_214' title='bbox 277 909 320 933; x_wconf 87' lang='lat' dir='ltr'><strong>est</strong></span> <span class='ocrx_word' id='word_1_215' title='bbox 342 906 417 933; x_wconf 88' lang='lat' dir='ltr'><strong>renis</strong></span> <span class='ocrx_word' id='word_1_216' title='bbox 441 908 467 933; x_wconf 89' lang='lat' dir='ltr'><strong>et</strong></span> <span class='ocrx_word' id='word_1_217' title='bbox 494 907 596 939; x_wconf 89' lang='lat' dir='ltr'><strong>cordis,</strong></span> <span class='ocrx_word' id='word_1_218' title='bbox 620 915 724 934; x_wconf 85' lang='lat' dir='ltr'><strong>arcana</strong></span> <span class='ocrx_word' id='word_1_219' title='bbox 751 908 885 942; x_wconf 83' lang='lat' dir='ltr'><strong>perspicit</strong></span> <span class='ocrx_word' id='word_1_220' title='bbox 912 912 937 935; x_wconf 80' lang='lat' dir='ltr'><strong>et</strong></span> <span class='ocrx_word' id='word_1_221' title='bbox 964 905 1273 940; x_wconf 82' lang='lat' dir='ltr'><strong>intueturBsaluteui.</strong></span> <span class='ocrx_word' id='word_1_222' title='bbox 1298 909 1349 936; x_wconf 87' lang='lat' dir='ltr'><strong>Diu</strong></span> <span class='ocrx_word' id='word_1_223' title='bbox 1374 909 1542 943; x_wconf 82' lang='lat' dir='ltr'><strong>patientiam</strong></span> <span class='ocrx_word' id='word_1_224' title='bbox 1565 916 1657 934; x_wconf 85' lang='lat' dir='ltr'><strong>meam</strong></span> <span class='ocrx_word' id='word_1_225' title='bbox 1677 907 1757 934; x_wconf 87' lang='lat' dir='ltr'><strong>tenui</strong></span> <span class='ocrx_word' id='word_1_226' title='bbox 1774 907 1838 941; x_wconf 78' lang='grc'><strong>(94),</strong></span> <span class='ocrx_word' id='word_1_227' title='bbox 1855 906 1946 933; x_wconf 83' lang='lat' dir='ltr'><strong>fratres</strong></span> 
     </span>
    </p>
   </div>
   <div class='ocr_carea' id='block_1_34' title="bbox 277 953 1093 990">
    <p class='ocr_par' dir='ltr' id='par_1_34' title="bbox 277 953 1093 990">
     <span class='ocr_line' id='line_1_34' title="bbox 277 953 1093 990; baseline 0.004 -11"><span class='ocrx_word' id='word_1_228' title='bbox 277 953 396 980; x_wconf 88' lang='lat' dir='ltr'><strong>occulta.</strong></span> <span class='ocrx_word' id='word_1_229' title='bbox 420 953 460 980; x_wconf 82' lang='lat' dir='ltr'><strong>Ad</strong></span> <span class='ocrx_word' id='word_1_230' title='bbox 484 961 617 980; x_wconf 87' lang='lat' dir='ltr'><strong>coronam</strong></span> <span class='ocrx_word' id='word_1_231' title='bbox 643 954 677 980; x_wconf 91' lang='lat' dir='ltr'><strong>de</strong></span> <span class='ocrx_word' id='word_1_232' title='bbox 703 954 768 980; x_wconf 68' lang='lat' dir='ltr'><strong>eo“</strong></span> <span class='ocrx_word' id='word_1_233' title='bbox 792 954 847 989; x_wconf 88' lang='lat'><strong>(88)</strong></span> <span class='ocrx_word' id='word_1_234' title='bbox 871 955 1093 990; x_wconf 83' lang='lat' dir='ltr'><strong>promerendam</strong></span> 
     </span>
    </p>
   </div>
   <div class='ocr_carea' id='block_1_35' title="bbox 276 1000 1093 1036">
    <p class='ocr_par' dir='ltr' id='par_1_35' title="bbox 276 1000 1093 1036">
     <span class='ocr_line' id='line_1_35' title="bbox 276 1000 1093 1036; baseline 0.002 -10"><span class='ocrx_word' id='word_1_235' title='bbox 276 1000 379 1026; x_wconf 81' lang='lat' dir='ltr'><strong>sufﬁcit</strong></span> <span class='ocrx_word' id='word_1_236' title='bbox 400 1000 486 1035; x_wconf 88' lang='lat' dir='ltr'><strong>ipsius</strong></span> <span class='ocrx_word' id='word_1_237' title='bbox 509 1000 704 1027; x_wconf 87' lang='lat' dir='ltr'><strong>testimonium</strong></span> <span class='ocrx_word' id='word_1_238' title='bbox 728 1001 818 1027; x_wconf 87' lang='lat' dir='ltr'><strong>solum</strong></span> <span class='ocrx_word' id='word_1_239' title='bbox 844 1001 892 1036; x_wconf 86' lang='lat' dir='ltr'><strong>qui</strong></span> <span class='ocrx_word' id='word_1_240' title='bbox 913 1001 1093 1035; x_wconf 85' lang='lat' dir='ltr'><strong>judicaturus</strong></span> 
     </span>
    </p>
   </div>
   <div class='ocr_carea' id='block_1_36' title="bbox 277 1047 1091 1083">
    <p class='ocr_par' dir='ltr' id='par_1_36' title="bbox 277 1047 1091 1083">
     <span class='ocr_line' id='line_1_36' title="bbox 277 1047 1091 1083; baseline 0.002 -10"><span class='ocrx_word' id='word_1_241' title='bbox 277 1050 327 1073; x_wconf 87' lang='lat' dir='ltr'><strong>est.</strong></span> <span class='ocrx_word' id='word_1_242' title='bbox 348 1048 421 1081; x_wconf 84' lang='lat' dir='ltr'><strong>Ergo</strong></span> <span class='ocrx_word' id='word_1_243' title='bbox 443 1049 562 1082; x_wconf 87' lang='lat' dir='ltr'><strong>utraque</strong></span> <span class='ocrx_word' id='word_1_244' title='bbox 584 1055 639 1079; x_wconf 86' lang='lat' dir='ltr'><strong>res,</strong></span> <span class='ocrx_word' id='word_1_245' title='bbox 659 1047 762 1074; x_wconf 85' lang='lat' dir='ltr'><strong>fratres</strong></span> <span class='ocrx_word' id='word_1_246' title='bbox 781 1048 939 1074; x_wconf 86' lang='lat' dir='ltr'><strong>charissimi</strong></span> <span class='ocrx_word' id='word_1_247' title='bbox 961 1048 1027 1083; x_wconf 88' lang='lat'><strong>(89),</strong></span> <span class='ocrx_word' id='word_1_248' title='bbox 1045 1057 1091 1075; x_wconf 90' lang='lat' dir='ltr'><strong>sn-</strong></span> 
     </span>
    </p>
   </div>
   <div class='ocr_carea' id='block_1_37' title="bbox 276 1093 1091 1129">
    <p class='ocr_par' dir='ltr' id='par_1_37' title="bbox 276 1093 1091 1129">
     <span class='ocr_line' id='line_1_37' title="bbox 276 1093 1091 1129; baseline 0.002 -9"><span class='ocrx_word' id='word_1_249' title='bbox 276 1093 369 1120; x_wconf 88' lang='lat' dir='ltr'><strong>blimis</strong></span> <span class='ocrx_word' id='word_1_250' title='bbox 390 1094 496 1129; x_wconf 87' lang='lat' dir='ltr'><strong>pariter</strong></span> <span class='ocrx_word' id='word_1_251' title='bbox 516 1096 545 1120; x_wconf 89' lang='lat' dir='ltr'><strong>et</strong></span> <span class='ocrx_word' id='word_1_252' title='bbox 566 1094 681 1120; x_wconf 87' lang='lat' dir='ltr'><strong>illustris</strong></span> <span class='ocrx_word' id='word_1_253' title='bbox 696 1102 702 1121; x_wconf 73' lang='grc' dir='ltr'>ε</span> <span class='ocrx_word' id='word_1_254' title='bbox 718 1095 765 1121; x_wconf 86' lang='lat' dir='ltr'><strong>illa</strong></span> <span class='ocrx_word' id='word_1_255' title='bbox 786 1095 920 1127; x_wconf 80' lang='lat' dir='ltr'><strong>securior,</strong></span> <span class='ocrx_word' id='word_1_256' title='bbox 941 1095 975 1121; x_wconf 88' lang='lat' dir='ltr'><strong>ad</strong></span> <span class='ocrx_word' id='word_1_257' title='bbox 996 1096 1091 1122; x_wconf 89' lang='lat' dir='ltr'><strong>Domi-</strong></span> 
     </span>
    </p>
   </div>
   <div class='ocr_carea' id='block_1_38' title="bbox 278 1140 1092 1176">
    <p class='ocr_par' dir='ltr' id='par_1_38' title="bbox 278 1140 1092 1176">
     <span class='ocr_line' id='line_1_38' title="bbox 278 1140 1092 1176; baseline 0.002 -10"><span class='ocrx_word' id='word_1_258' title='bbox 278 1149 346 1167; x_wconf 88' lang='lat' dir='ltr'><strong>num</strong></span> <span class='ocrx_word' id='word_1_259' title='bbox 367 1140 490 1167; x_wconf 72' lang='lat' dir='ltr'><strong>victoria:</strong></span> <span class='ocrx_word' id='word_1_260' title='bbox 513 1141 762 1167; x_wconf 83' lang='lat' dir='ltr'><strong>consummatione</strong></span> <span class='ocrx_word' id='word_1_261' title='bbox 782 1150 950 1176; x_wconf 83' lang='lat' dir='ltr'><strong>properare;</strong></span> <span class='ocrx_word' id='word_1_262' title='bbox 967 1142 1024 1168; x_wconf 68' lang='lat' dir='ltr'><strong>iure</strong></span> <span class='ocrx_word' id='word_1_263' title='bbox 1043 1143 1092 1169; x_wconf 69' lang='lat' dir='ltr'><strong>lac.-</strong></span> 
     </span>
    </p>
   </div>
   <div class='ocr_carea' id='block_1_39' title="bbox 278 1188 1092 1223">
    <p class='ocr_par' dir='ltr' id='par_1_39' title="bbox 278 1188 1092 1223">
     <span class='ocr_line' id='line_1_39' title="bbox 278 1188 1092 1223; baseline 0.001 -9"><span class='ocrx_word' id='word_1_264' title='bbox 278 1188 342 1221; x_wconf 88' lang='lat' dir='ltr'><strong>tior,</strong></span> <span class='ocrx_word' id='word_1_265' title='bbox 361 1190 477 1223; x_wconf 86' lang='lat' dir='ltr'><strong>accepto</strong></span> <span class='ocrx_word' id='word_1_266' title='bbox 496 1191 556 1223; x_wconf 85' lang='lat' dir='ltr'><strong>post</strong></span> <span class='ocrx_word' id='word_1_267' title='bbox 573 1188 693 1223; x_wconf 83' lang='lat' dir='ltr'><strong>gloriam</strong></span> <span class='ocrx_word' id='word_1_268' title='bbox 708 1190 869 1215; x_wconf 82' lang='lat' dir='ltr'><strong>commeatu</strong></span> <span class='ocrx_word' id='word_1_269' title='bbox 884 1188 936 1223; x_wconf 86' lang='lat'><strong>(90)</strong></span> <span class='ocrx_word' id='word_1_270' title='bbox 952 1189 979 1215; x_wconf 92' lang='lat' dir='ltr'><strong>in</strong></span> <span class='ocrx_word' id='word_1_271' title='bbox 999 1189 1092 1216; x_wconf 85' lang='lat' dir='ltr'><strong>Eccle—</strong></span> 
     </span>
    </p>
   </div>
   <div class='ocr_carea' id='block_1_40' title="bbox 276 1234 1092 1270">
    <p class='ocr_par' dir='ltr' id='par_1_40' title="bbox 276 1234 1092 1270">
     <span class='ocr_line' id='line_1_40' title="bbox 276 1234 1092 1270; baseline 0.001 -9"><span class='ocrx_word' id='word_1_272' title='bbox 276 1234 324 1261; x_wconf 74' lang='lat' dir='ltr'><strong>siae</strong></span> <span class='ocrx_word' id='word_1_273' title='bbox 350 1234 432 1261; x_wconf 87' lang='lat' dir='ltr'><strong>laude</strong></span> <span class='ocrx_word' id='word_1_274' title='bbox 457 1235 568 1261; x_wconf 80' lang='lat' dir='ltr'><strong>florere.</strong></span> <span class='ocrx_word' id='word_1_275' title='bbox 593 1235 614 1261; x_wconf 91' lang='lat'>0</span> <span class='ocrx_word' id='word_1_276' title='bbox 640 1235 753 1261; x_wconf 82' lang='lat' dir='ltr'><strong>beatam</strong></span> <span class='ocrx_word' id='word_1_277' title='bbox 776 1235 932 1262; x_wconf 82' lang='lat' dir='ltr'><strong>Ecclesiam</strong></span> <span class='ocrx_word' id='word_1_278' title='bbox 954 1239 1092 1270; x_wconf 87' lang='lat' dir='ltr'><strong>nostram,</strong></span> 
     </span>
    </p>
   </div>
   <div class='ocr_carea' id='block_1_41' title="bbox 276 1281 1092 1318">
    <p class='ocr_par' dir='ltr' id='par_1_41' title="bbox 276 1281 1092 1318">
     <span class='ocr_line' id='line_1_41' title="bbox 276 1281 1092 1318; baseline 0.001 -10"><span class='ocrx_word' id='word_1_279' title='bbox 276 1289 361 1316; x_wconf 85' lang='lat' dir='ltr'><strong>quam</strong></span> <span class='ocrx_word' id='word_1_280' title='bbox 377 1281 415 1308; x_wconf 89' lang='lat' dir='ltr'><strong>sic</strong></span> <span class='ocrx_word' id='word_1_281' title='bbox 428 1282 521 1308; x_wconf 88' lang='lat' dir='ltr'><strong>honor</strong></span> <span class='ocrx_word' id='word_1_282' title='bbox 536 1282 638 1308; x_wconf 69' lang='lat' dir='ltr'><strong>divinae</strong></span> <span class='ocrx_word' id='word_1_283' title='bbox 654 1282 826 1316; x_wconf 83' lang='lat' dir='ltr'><strong>dignationis</strong></span> <span class='ocrx_word' id='word_1_284' title='bbox 839 1282 993 1315; x_wconf 82' lang='lat' dir='ltr'><strong>illuminat,</strong></span> <span class='ocrx_word' id='word_1_285' title='bbox 1006 1291 1092 1318; x_wconf 85' lang='lat' dir='ltr'><strong>quam</strong></span> 
     </span>
    </p>
   </div>
   <div class='ocr_carea' id='block_1_42' title="bbox 275 1328 1093 1364">
    <p class='ocr_par' dir='ltr' id='par_1_42' title="bbox 275 1328 1093 1364">
     <span class='ocr_line' id='line_1_42' title="bbox 275 1328 1093 1364; baseline 0.001 -9"><span class='ocrx_word' id='word_1_286' title='bbox 275 1328 450 1363; x_wconf 86' lang='lat' dir='ltr'><strong>temporibus</strong></span> <span class='ocrx_word' id='word_1_287' title='bbox 483 1329 585 1355; x_wconf 88' lang='lat' dir='ltr'><strong>nostris</strong></span> <span class='ocrx_word' id='word_1_288' title='bbox 612 1328 751 1363; x_wconf 79' lang='lat' dir='ltr'><strong>gloriosus</strong></span> <span class='ocrx_word' id='word_1_289' title='bbox 780 1331 941 1364; x_wconf 76' lang='lat' dir='ltr'><strong>martyrum</strong></span> <span class='ocrx_word' id='word_1_290' title='bbox 976 1330 1093 1364; x_wconf 74' lang='lat' dir='ltr'><strong>salignis</strong></span> 
     </span>
    </p>
   </div>
   <div class='ocr_carea' id='block_1_43' title="bbox 277 1375 1092 1410">
    <p class='ocr_par' dir='ltr' id='par_1_43' title="bbox 277 1375 1092 1410">
     <span class='ocr_line' id='line_1_43' title="bbox 277 1375 1092 1410; baseline 0.001 -8"><span class='ocrx_word' id='word_1_291' title='bbox 277 1375 409 1402; x_wconf 82' lang='lat' dir='ltr'><strong>illustrat!</strong></span> <span class='ocrx_word' id='word_1_292' title='bbox 434 1376 497 1402; x_wconf 83' lang='lat' dir='ltr'><strong>Erat</strong></span> <span class='ocrx_word' id='word_1_293' title='bbox 517 1377 582 1402; x_wconf 86' lang='lat' dir='ltr'><strong>ante</strong></span> <span class='ocrx_word' id='word_1_294' title='bbox 606 1376 634 1401; x_wconf 89' lang='lat' dir='ltr'><strong>in</strong></span> <span class='ocrx_word' id='word_1_295' title='bbox 659 1375 793 1410; x_wconf 84' lang='lat' dir='ltr'><strong>operibus</strong></span> <span class='ocrx_word' id='word_1_296' title='bbox 816 1376 936 1403; x_wconf 87' lang='lat' dir='ltr'><strong>fratrum</strong></span> <span class='ocrx_word' id='word_1_297' title='bbox 961 1376 1092 1409; x_wconf 86' lang='lat' dir='ltr'><strong>candida,</strong></span> 
     </span>
    </p>
   </div>
   <div class='ocr_carea' id='block_1_44' title="bbox 277 1422 1091 1458">
    <p class='ocr_par' dir='ltr' id='par_1_44' title="bbox 277 1422 1091 1458">
     <span class='ocr_line' id='line_1_44' title="bbox 277 1422 1091 1458; baseline 0.002 -10"><span class='ocrx_word' id='word_1_298' title='bbox 277 1430 353 1449; x_wconf 90' lang='lat' dir='ltr'><strong>nunc</strong></span> <span class='ocrx_word' id='word_1_299' title='bbox 368 1422 439 1449; x_wconf 81' lang='lat' dir='ltr'><strong>facta</strong></span> <span class='ocrx_word' id='word_1_300' title='bbox 454 1424 495 1449; x_wconf 86' lang='lat' dir='ltr'><strong>est</strong></span> <span class='ocrx_word' id='word_1_301' title='bbox 512 1422 541 1449; x_wconf 92' lang='lat' dir='ltr'><strong>in</strong></span> <span class='ocrx_word' id='word_1_302' title='bbox 561 1425 721 1457; x_wconf 85' lang='lat' dir='ltr'><strong>martyrum</strong></span> <span class='ocrx_word' id='word_1_303' title='bbox 739 1431 839 1450; x_wconf 87' lang='lat' dir='ltr'><strong>cruore</strong></span> <span class='ocrx_word' id='word_1_304' title='bbox 860 1431 1003 1458; x_wconf 86' lang='lat' dir='ltr'><strong>purpurea</strong></span> <span class='ocrx_word' id='word_1_305' title='bbox 1018 1433 1024 1449; x_wconf 89' lang='lat'><strong>:</strong></span> <span class='ocrx_word' id='word_1_306' title='bbox 1039 1424 1091 1450; x_wconf 91' lang='lat' dir='ltr'><strong>llo-</strong></span> 
     </span>
    </p>
   </div>
   <div class='ocr_carea' id='block_1_45' title="bbox 278 1469 1094 1503">
    <p class='ocr_par' dir='ltr' id='par_1_45' title="bbox 278 1469 1094 1503">
     <span class='ocr_line' id='line_1_45' title="bbox 278 1469 1094 1503; baseline 0.001 -8"><span class='ocrx_word' id='word_1_307' title='bbox 278 1469 355 1495; x_wconf 87' lang='lat' dir='ltr'><strong>ribus</strong></span> <span class='ocrx_word' id='word_1_308' title='bbox 376 1469 436 1503; x_wconf 82' lang='lat' dir='ltr'><strong>ejus</strong></span> <span class='ocrx_word' id='word_1_309' title='bbox 457 1478 509 1496; x_wconf 88' lang='lat' dir='ltr'><strong>nec</strong></span> <span class='ocrx_word' id='word_1_310' title='bbox 524 1469 582 1496; x_wconf 87' lang='lat' dir='ltr'><strong>lilia</strong></span> <span class='ocrx_word' id='word_1_311' title='bbox 603 1478 654 1496; x_wconf 88' lang='lat' dir='ltr'><strong>nec</strong></span> <span class='ocrx_word' id='word_1_312' title='bbox 671 1477 742 1496; x_wconf 74' lang='lat' dir='ltr'><strong>rosm</strong></span> <span class='ocrx_word' id='word_1_313' title='bbox 759 1469 870 1497; x_wconf 83' lang='lat' dir='ltr'><strong>desunt.</strong></span> <span class='ocrx_word' id='word_1_314' title='bbox 887 1470 1001 1497; x_wconf 84' lang='lat' dir='ltr'><strong>Certent</strong></span> <span class='ocrx_word' id='word_1_315' title='bbox 1019 1479 1094 1497; x_wconf 90' lang='lat' dir='ltr'><strong>nunc</strong></span> 
     </span>
    </p>
   </div>
   <div class='ocr_carea' id='block_1_46' title="bbox 278 1516 1092 1551">
    <p class='ocr_par' dir='ltr' id='par_1_46' title="bbox 278 1516 1092 1551">
     <span class='ocr_line' id='line_1_46' title="bbox 278 1516 1092 1551; baseline 0.001 -9"><span class='ocrx_word' id='word_1_316' title='bbox 278 1516 383 1551; x_wconf 79' lang='lat' dir='ltr'><strong>singuli</strong></span> <span class='ocrx_word' id='word_1_317' title='bbox 402 1516 435 1543; x_wconf 83' lang='lat' dir='ltr'><strong>ad</strong></span> <span class='ocrx_word' id='word_1_318' title='bbox 455 1516 604 1551; x_wconf 84' lang='lat' dir='ltr'><strong>utriusque</strong></span> <span class='ocrx_word' id='word_1_319' title='bbox 620 1516 735 1543; x_wconf 86' lang='lat' dir='ltr'><strong>honoris</strong></span> <span class='ocrx_word' id='word_1_320' title='bbox 751 1517 954 1551; x_wconf 84' lang='lat' dir='ltr'><strong>amplissimam</strong></span> <span class='ocrx_word' id='word_1_321' title='bbox 969 1517 1092 1551; x_wconf 78' lang='lat' dir='ltr'><strong>dignita—</strong></span> 
     </span>
    </p>
   </div>
   <div class='ocr_carea' id='block_1_47' title="bbox 277 1563 1092 1599">
    <p class='ocr_par' dir='ltr' id='par_1_47' title="bbox 277 1563 1092 1599">
     <span class='ocr_line' id='line_1_47' title="bbox 277 1563 1092 1599; baseline 0.002 -10"><span class='ocrx_word' id='word_1_322' title='bbox 277 1564 346 1589; x_wconf 89' lang='lat' dir='ltr'><strong>tem.</strong></span> <span class='ocrx_word' id='word_1_323' title='bbox 364 1563 511 1598; x_wconf 74' lang='lat' dir='ltr'><strong>Accipient</strong></span> <span class='ocrx_word' id='word_1_324' title='bbox 532 1571 648 1590; x_wconf 84' lang='lat' dir='ltr'><strong>coronas</strong></span> <span class='ocrx_word' id='word_1_325' title='bbox 662 1563 706 1590; x_wconf 88' lang='lat' dir='ltr'><strong>vel</strong></span> <span class='ocrx_word' id='word_1_326' title='bbox 728 1564 762 1590; x_wconf 92' lang='lat' dir='ltr'><strong>de</strong></span> <span class='ocrx_word' id='word_1_327' title='bbox 783 1572 870 1599; x_wconf 89' lang='lat' dir='ltr'><strong>opere</strong></span> <span class='ocrx_word' id='word_1_328' title='bbox 890 1564 1033 1598; x_wconf 84' lang='lat' dir='ltr'><strong>candidas,</strong></span> <span class='ocrx_word' id='word_1_329' title='bbox 1051 1565 1092 1591; x_wconf 93' lang='lat' dir='ltr'><strong>vcl</strong></span> 
     </span>
    </p>
   </div>
   <div class='ocr_carea' id='block_1_48' title="bbox 280 1609 1091 1645">
    <p class='ocr_par' dir='ltr' id='par_1_48' title="bbox 280 1609 1091 1645">
     <span class='ocr_line' id='line_1_48' title="bbox 280 1609 1091 1645; baseline 0.002 -10"><span class='ocrx_word' id='word_1_330' title='bbox 280 1609 314 1636; x_wconf 88' lang='lat' dir='ltr'><strong>de</strong></span> <span class='ocrx_word' id='word_1_331' title='bbox 331 1609 459 1644; x_wconf 82' lang='lat' dir='ltr'><strong>passione</strong></span> <span class='ocrx_word' id='word_1_332' title='bbox 474 1618 643 1645; x_wconf 88' lang='lat' dir='ltr'><strong>purpureas.</strong></span> <span class='ocrx_word' id='word_1_333' title='bbox 658 1609 753 1645; x_wconf 82' lang='lat'><strong>250</strong></span> <span class='ocrx_word' id='word_1_334' title='bbox 771 1611 798 1637; x_wconf 89' lang='lat' dir='ltr'><strong>In</strong></span> <span class='ocrx_word' id='word_1_335' title='bbox 818 1611 977 1637; x_wconf 80' lang='lat' dir='ltr'><strong>coelestibus</strong></span> <span class='ocrx_word' id='word_1_336' title='bbox 996 1612 1091 1637; x_wconf 82' lang='lat' dir='ltr'><strong>castris</strong></span> 
     </span>
    </p>
   </div>
   <div class='ocr_carea' id='block_1_49' title="bbox 277 1657 1092 1692">
    <p class='ocr_par' dir='ltr' id='par_1_49' title="bbox 277 1657 1092 1692">
     <span class='ocr_line' id='line_1_49' title="bbox 277 1657 1092 1692; baseline 0.001 -10"><span class='ocrx_word' id='word_1_337' title='bbox 277 1658 305 1682; x_wconf 86' lang='lat' dir='ltr'><strong>et</strong></span> <span class='ocrx_word' id='word_1_338' title='bbox 331 1664 384 1690; x_wconf 84' lang='lat' dir='ltr'><strong>pax</strong></span> <span class='ocrx_word' id='word_1_339' title='bbox 409 1660 436 1683; x_wconf 90' lang='lat' dir='ltr'><strong>et</strong></span> <span class='ocrx_word' id='word_1_340' title='bbox 462 1657 537 1683; x_wconf 87' lang='lat' dir='ltr'><strong>acies</strong></span> <span class='ocrx_word' id='word_1_341' title='bbox 565 1657 617 1691; x_wconf 86' lang='grc'><strong>(91)</strong></span> <span class='ocrx_word' id='word_1_342' title='bbox 643 1657 749 1683; x_wconf 84' lang='lat' dir='ltr'><strong>habent</strong></span> <span class='ocrx_word' id='word_1_343' title='bbox 774 1657 857 1683; x_wconf 83' lang='lat' dir='ltr'><strong>ilores</strong></span> <span class='ocrx_word' id='word_1_344' title='bbox 887 1666 960 1691; x_wconf 89' lang='lat' dir='ltr'><strong>suos,</strong></span> <span class='ocrx_word' id='word_1_345' title='bbox 990 1658 1092 1692; x_wconf 84' lang='lat' dir='ltr'><strong>quibus</strong></span> 
     </span>
    </p>
   </div>
   <div class='ocr_carea' id='block_1_50' title="bbox 280 1702 1091 1739">
    <p class='ocr_par' dir='ltr' id='par_1_50' title="bbox 280 1702 1091 1739">
     <span class='ocr_line' id='line_1_50' title="bbox 280 1702 1091 1739; baseline 0.004 -11"><span class='ocrx_word' id='word_1_346' title='bbox 280 1702 362 1729; x_wconf 87' lang='lat' dir='ltr'><strong>miles</strong></span> <span class='ocrx_word' id='word_1_347' title='bbox 377 1702 477 1729; x_wconf 87' lang='lat' dir='ltr'><strong>Christi</strong></span> <span class='ocrx_word' id='word_1_348' title='bbox 493 1703 528 1730; x_wconf 86' lang='lat' dir='ltr'><strong>ob</strong></span> <span class='ocrx_word' id='word_1_349' title='bbox 549 1703 670 1738; x_wconf 81' lang='lat' dir='ltr'><strong>gloriam</strong></span> <span class='ocrx_word' id='word_1_350' title='bbox 690 1706 850 1731; x_wconf 86' lang='lat' dir='ltr'><strong>coronetur.</strong></span> <span class='ocrx_word' id='word_1_351' title='bbox 868 1704 939 1739; x_wconf 87' lang='lat' dir='ltr'><strong>Opto</strong></span> <span class='ocrx_word' id='word_1_352' title='bbox 959 1712 1007 1731; x_wconf 88' lang='lat' dir='ltr'><strong>vos</strong></span> <span class='ocrx_word' id='word_1_353' title='bbox 1024 1704 1091 1739; x_wconf 83' lang='grc'><strong>(92),</strong></span> 
     </span>
    </p>
   </div>
   <div class='ocr_carea' id='block_1_51' title="bbox 1144 953 1946 990">
    <p class='ocr_par' dir='ltr' id='par_1_51' title="bbox 1144 953 1946 990">
     <span class='ocr_line' id='line_1_51' title="bbox 1144 953 1946 990; baseline -0.005 -7"><span class='ocrx_word' id='word_1_354' title='bbox 1144 956 1311 987; x_wconf 82' lang='lat' dir='ltr'><strong>cliarissimi,</strong></span> <span class='ocrx_word' id='word_1_355' title='bbox 1338 956 1419 990; x_wconf 85' lang='lat' dir='ltr'><strong>quasi</strong></span> <span class='ocrx_word' id='word_1_356' title='bbox 1443 955 1634 982; x_wconf 74' lang='lat' dir='ltr'><strong>verecundum</strong></span> <span class='ocrx_word' id='word_1_357' title='bbox 1659 953 1804 981; x_wconf 88' lang='lat' dir='ltr'><strong>silentium</strong></span> <span class='ocrx_word' id='word_1_358' title='bbox 1829 957 1946 980; x_wconf 89' lang='lat' dir='ltr'><strong>nostrum</strong></span> 
     </span>
    </p>
   </div>
   <div class='ocr_carea' id='block_1_52' title="bbox 1144 999 1946 1038">
    <p class='ocr_par' dir='ltr' id='par_1_52' title="bbox 1144 999 1946 1038">
     <span class='ocr_line' id='line_1_52' title="bbox 1144 999 1946 1038; baseline -0.004 -9"><span class='ocrx_word' id='word_1_359' title='bbox 1144 1004 1297 1038; x_wconf 83' lang='lat' dir='ltr'><strong>proliceret</strong></span> <span class='ocrx_word' id='word_1_360' title='bbox 1317 1003 1351 1029; x_wconf 89' lang='lat' dir='ltr'><strong>ad</strong></span> <span class='ocrx_word' id='word_1_361' title='bbox 1366 1003 1493 1037; x_wconf 78' lang='lat' dir='ltr'><strong>quietem</strong></span> <span class='ocrx_word' id='word_1_362' title='bbox 1511 1010 1517 1028; x_wconf 86' lang='lat'>:</span> <span class='ocrx_word' id='word_1_363' title='bbox 1535 1002 1594 1034; x_wconf 86' lang='lat' dir='ltr'><strong>sed,</strong></span> <span class='ocrx_word' id='word_1_364' title='bbox 1609 1010 1674 1028; x_wconf 89' lang='lat' dir='ltr'><strong>cum</strong></span> <span class='ocrx_word' id='word_1_365' title='bbox 1693 1000 1880 1037; x_wconf 87' lang='lat' dir='ltr'><strong>quorumdam</strong></span> <span class='ocrx_word' id='word_1_366' title='bbox 1899 999 1946 1027; x_wconf 86' lang='lat' dir='ltr'><strong>im-</strong></span> 
     </span>
    </p>
   </div>
   <div class='ocr_carea' id='block_1_53' title="bbox 1145 1048 1948 1084">
    <p class='ocr_par' dir='ltr' id='par_1_53' title="bbox 1145 1048 1948 1084">
     <span class='ocr_line' id='line_1_53' title="bbox 1145 1048 1948 1084; baseline -0.004 -8"><span class='ocrx_word' id='word_1_367' title='bbox 1145 1050 1287 1076; x_wconf 85' lang='lat' dir='ltr'><strong>moderata</strong></span> <span class='ocrx_word' id='word_1_368' title='bbox 1308 1051 1336 1076; x_wconf 86' lang='lat' dir='ltr'><strong>et</strong></span> <span class='ocrx_word' id='word_1_369' title='bbox 1354 1049 1472 1084; x_wconf 85' lang='lat' dir='ltr'><strong>abrupta</strong></span> <span class='ocrx_word' id='word_1_370' title='bbox 1488 1048 1673 1084; x_wconf 80' lang='lat' dir='ltr'><strong>praesumptio</strong></span> <span class='ocrx_word' id='word_1_371' title='bbox 1688 1048 1848 1075; x_wconf 86' lang='lat' dir='ltr'><strong>temeritate</strong></span> <span class='ocrx_word' id='word_1_372' title='bbox 1865 1055 1910 1073; x_wconf 86' lang='lat' dir='ltr'><strong>sua</strong></span> <span class='ocrx_word' id='word_1_373' title='bbox 1923 1048 1948 1073; x_wconf 88' lang='lat' dir='ltr'><strong>et</strong></span> 
     </span>
    </p>
   </div>
   <div class='ocr_carea' id='block_1_54' title="bbox 1145 1093 1949 1130">
    <p class='ocr_par' dir='ltr' id='par_1_54' title="bbox 1145 1093 1949 1130">
     <span class='ocr_line' id='line_1_54' title="bbox 1145 1093 1949 1130; baseline -0.005 -7"><span class='ocrx_word' id='word_1_374' title='bbox 1145 1097 1284 1123; x_wconf 84' lang='lat' dir='ltr'><strong>honorem</strong></span> <span class='ocrx_word' id='word_1_375' title='bbox 1308 1099 1467 1130; x_wconf 81' lang='lat' dir='ltr'><strong>martyrum</strong></span> <span class='ocrx_word' id='word_1_376' title='bbox 1493 1097 1521 1122; x_wconf 88' lang='lat' dir='ltr'><strong>et</strong></span> <span class='ocrx_word' id='word_1_377' title='bbox 1544 1096 1735 1122; x_wconf 81' lang='lat' dir='ltr'><strong>confcssorum</strong></span> <span class='ocrx_word' id='word_1_378' title='bbox 1763 1093 1900 1129; x_wconf 88' lang='lat' dir='ltr'><strong>pudorem</strong></span> <span class='ocrx_word' id='word_1_379' title='bbox 1924 1094 1949 1120; x_wconf 85' lang='lat' dir='ltr'><strong>et</strong></span> 
     </span>
    </p>
   </div>
   <div class='ocr_carea' id='block_1_55' title="bbox 1145 1141 1947 1178">
    <p class='ocr_par' dir='ltr' id='par_1_55' title="bbox 1145 1141 1947 1178">
     <span class='ocr_line' id='line_1_55' title="bbox 1145 1141 1947 1178; baseline -0.005 -9"><span class='ocrx_word' id='word_1_380' title='bbox 1145 1143 1234 1178; x_wconf 87' lang='lat' dir='ltr'><strong>plebis</strong></span> <span class='ocrx_word' id='word_1_381' title='bbox 1261 1143 1399 1169; x_wconf 65' lang='lat' dir='ltr'><strong>universae</strong></span> <span class='ocrx_word' id='word_1_382' title='bbox 1426 1141 1663 1177; x_wconf 83' lang='lat' dir='ltr'><strong>tranquillitatem</strong></span> <span class='ocrx_word' id='word_1_383' title='bbox 1688 1141 1804 1168; x_wconf 83' lang='lat' dir='ltr'><strong>turbare</strong></span> <span class='ocrx_word' id='word_1_384' title='bbox 1829 1141 1947 1169; x_wconf 83' lang='lat' dir='ltr'><strong>conetur,</strong></span> 
     </span>
    </p>
   </div>
   <div class='ocr_carea' id='block_1_56' title="bbox 1146 1186 1949 1224">
    <p class='ocr_par' dir='ltr' id='par_1_56' title="bbox 1146 1186 1949 1224">
     <span class='ocr_line' id='line_1_56' title="bbox 1146 1186 1949 1224; baseline -0.005 -8"><span class='ocrx_word' id='word_1_385' title='bbox 1146 1193 1236 1217; x_wconf 85' lang='lat' dir='ltr'><strong>tacere</strong></span> <span class='ocrx_word' id='word_1_386' title='bbox 1250 1190 1321 1216; x_wconf 89' lang='lat' dir='ltr'><strong>ultra</strong></span> <span class='ocrx_word' id='word_1_387' title='bbox 1334 1198 1392 1216; x_wconf 85' lang='lat' dir='ltr'><strong>non</strong></span> <span class='ocrx_word' id='word_1_388' title='bbox 1413 1192 1535 1224; x_wconf 84' lang='lat' dir='ltr'><strong>oportet,</strong></span> <span class='ocrx_word' id='word_1_389' title='bbox 1553 1196 1587 1215; x_wconf 89' lang='lat' dir='ltr'><strong>ne</strong></span> <span class='ocrx_word' id='word_1_390' title='bbox 1605 1188 1641 1215; x_wconf 86' lang='lat' dir='ltr'><strong>ad</strong></span> <span class='ocrx_word' id='word_1_391' title='bbox 1656 1187 1813 1223; x_wconf 85' lang='lat' dir='ltr'><strong>periculum</strong></span> <span class='ocrx_word' id='word_1_392' title='bbox 1827 1188 1854 1214; x_wconf 87' lang='lat' dir='ltr'><strong>et</strong></span> <span class='ocrx_word' id='word_1_393' title='bbox 1868 1186 1949 1221; x_wconf 88' lang='lat' dir='ltr'><strong>plebis</strong></span> 
     </span>
    </p>
   </div>
   <div class='ocr_carea' id='block_1_57' title="bbox 1145 1231 1948 1271">
    <p class='ocr_par' dir='ltr' id='par_1_57' title="bbox 1145 1231 1948 1271">
     <span class='ocr_line' id='line_1_57' title="bbox 1145 1231 1948 1271; baseline -0.004 -9"><span class='ocrx_word' id='word_1_394' title='bbox 1145 1236 1250 1271; x_wconf 88' lang='lat' dir='ltr'><strong>pariter</strong></span> <span class='ocrx_word' id='word_1_395' title='bbox 1277 1238 1305 1262; x_wconf 89' lang='lat' dir='ltr'><strong>et</strong></span> <span class='ocrx_word' id='word_1_396' title='bbox 1334 1237 1461 1262; x_wconf 86' lang='lat' dir='ltr'><strong>nostrum</strong></span> <span class='ocrx_word' id='word_1_397' title='bbox 1487 1234 1662 1261; x_wconf 85' lang='lat' dir='ltr'><strong>taciturnitas</strong></span> <span class='ocrx_word' id='word_1_398' title='bbox 1694 1233 1788 1261; x_wconf 84' lang='lat' dir='ltr'><strong>nimia</strong></span> <span class='ocrx_word' id='word_1_399' title='bbox 1812 1231 1948 1268; x_wconf 84' lang='lat' dir='ltr'><strong>procedat.</strong></span> 
     </span>
    </p>
   </div>
   <div class='ocr_carea' id='block_1_58' title="bbox 1145 1278 1950 1317">
    <p class='ocr_par' dir='ltr' id='par_1_58' title="bbox 1145 1278 1950 1317">
     <span class='ocr_line' id='line_1_58' title="bbox 1145 1278 1950 1317; baseline -0.005 -7"><span class='ocrx_word' id='word_1_400' title='bbox 1145 1284 1225 1314; x_wconf 82' lang='lat' dir='ltr'><strong>Quod</strong></span> <span class='ocrx_word' id='word_1_401' title='bbox 1249 1283 1324 1309; x_wconf 84' lang='lat' dir='ltr'><strong>enim</strong></span> <span class='ocrx_word' id='word_1_402' title='bbox 1351 1291 1408 1309; x_wconf 90' lang='lat' dir='ltr'><strong>non</strong></span> <span class='ocrx_word' id='word_1_403' title='bbox 1433 1282 1589 1317; x_wconf 83' lang='lat' dir='ltr'><strong>periculum</strong></span> <span class='ocrx_word' id='word_1_404' title='bbox 1616 1283 1742 1308; x_wconf 86' lang='lat' dir='ltr'><strong>metuere</strong></span> <span class='ocrx_word' id='word_1_405' title='bbox 1768 1279 1900 1307; x_wconf 85' lang='lat' dir='ltr'><strong>debemus</strong></span> <span class='ocrx_word' id='word_1_406' title='bbox 1919 1278 1950 1306; x_wconf 85' lang='lat' dir='ltr'><strong>de</strong></span> 
     </span>
    </p>
   </div>
   <div class='ocr_carea' id='block_1_59' title="bbox 1145 1325 1949 1364">
    <p class='ocr_par' dir='ltr' id='par_1_59' title="bbox 1145 1325 1949 1364">
     <span class='ocr_line' id='line_1_59' title="bbox 1145 1325 1949 1364; baseline -0.005 -8"><span class='ocrx_word' id='word_1_407' title='bbox 1145 1330 1252 1357; x_wconf 78' lang='lat' dir='ltr'><strong>otl&#39;cnsa</strong></span> <span class='ocrx_word' id='word_1_408' title='bbox 1274 1329 1386 1356; x_wconf 90' lang='lat' dir='ltr'><strong>Domini</strong></span> <span class='ocrx_word' id='word_1_409' title='bbox 1408 1329 1521 1364; x_wconf 87' lang='lat' dir='ltr'><strong>quando</strong></span> <span class='ocrx_word' id='word_1_410' title='bbox 1543 1328 1628 1363; x_wconf 88' lang='lat' dir='ltr'><strong>aliqui</strong></span> <span class='ocrx_word' id='word_1_411' title='bbox 1646 1328 1681 1354; x_wconf 89' lang='lat' dir='ltr'><strong>de</strong></span> <span class='ocrx_word' id='word_1_412' title='bbox 1701 1326 1873 1363; x_wconf 84' lang='lat' dir='ltr'><strong>presbyteris</strong></span> <span class='ocrx_word' id='word_1_413' title='bbox 1892 1325 1949 1359; x_wconf 88' lang='lat'><strong>(95),</strong></span> 
     </span>
    </p>
   </div>
   <div class='ocr_carea' id='block_1_60' title="bbox 1146 1373 1951 1411">
    <p class='ocr_par' dir='ltr' id='par_1_60' title="bbox 1146 1373 1951 1411">
     <span class='ocr_line' id='line_1_60' title="bbox 1146 1373 1951 1411; baseline -0.005 -8"><span class='ocrx_word' id='word_1_414' title='bbox 1146 1385 1197 1403; x_wconf 83' lang='lat' dir='ltr'><strong>nec</strong></span> <span class='ocrx_word' id='word_1_415' title='bbox 1223 1376 1367 1411; x_wconf 79' lang='lat' dir='ltr'><strong>Evangelii</strong></span> <span class='ocrx_word' id='word_1_416' title='bbox 1393 1384 1444 1402; x_wconf 90' lang='lat' dir='ltr'><strong>nec</strong></span> <span class='ocrx_word' id='word_1_417' title='bbox 1469 1375 1524 1402; x_wconf 88' lang='lat' dir='ltr'><strong>loci</strong></span> <span class='ocrx_word' id='word_1_418' title='bbox 1550 1375 1592 1402; x_wconf 88' lang='lat' dir='ltr'><strong>sui</strong></span> <span class='ocrx_word' id='word_1_419' title='bbox 1619 1382 1773 1407; x_wconf 84' lang='lat' dir='ltr'><strong>memores,</strong></span> <span class='ocrx_word' id='word_1_420' title='bbox 1796 1373 1845 1400; x_wconf 87' lang='lat' dir='ltr'><strong>sed</strong></span> <span class='ocrx_word' id='word_1_421' title='bbox 1868 1379 1951 1407; x_wconf 84' lang='lat' dir='ltr'><strong>neque</strong></span> 
     </span>
    </p>
   </div>
   <div class='ocr_carea' id='block_1_61' title="bbox 1144 1419 1950 1457">
    <p class='ocr_par' dir='ltr' id='par_1_61' title="bbox 1144 1419 1950 1457">
     <span class='ocr_line' id='line_1_61' title="bbox 1144 1419 1950 1457; baseline -0.006 -7"><span class='ocrx_word' id='word_1_422' title='bbox 1144 1424 1273 1450; x_wconf 85' lang='lat' dir='ltr'><strong>futurum</strong></span> <span class='ocrx_word' id='word_1_423' title='bbox 1291 1422 1399 1449; x_wconf 87' lang='lat' dir='ltr'><strong>Domini</strong></span> <span class='ocrx_word' id='word_1_424' title='bbox 1412 1421 1551 1457; x_wconf 84' lang='lat' dir='ltr'><strong>judicium</strong></span> <span class='ocrx_word' id='word_1_425' title='bbox 1571 1429 1663 1456; x_wconf 84' lang='lat' dir='ltr'><strong>neque</strong></span> <span class='ocrx_word' id='word_1_426' title='bbox 1682 1429 1761 1448; x_wconf 89' lang='lat' dir='ltr'><strong>nunc</strong></span> <span class='ocrx_word' id='word_1_427' title='bbox 1778 1419 1831 1447; x_wconf 87' lang='lat' dir='ltr'><strong>sibi</strong></span> <span class='ocrx_word' id='word_1_428' title='bbox 1848 1426 1950 1455; x_wconf 63' lang='lat' dir='ltr'><strong>praepo-</strong></span> 
     </span>
    </p>
   </div>
   <div class='ocr_carea' id='block_1_62' title="bbox 1145 1465 1952 1505">
    <p class='ocr_par' dir='ltr' id='par_1_62' title="bbox 1145 1465 1952 1505">
     <span class='ocr_line' id='line_1_62' title="bbox 1145 1465 1952 1505; baseline -0.006 -8"><span class='ocrx_word' id='word_1_429' title='bbox 1145 1471 1230 1497; x_wconf 86' lang='lat' dir='ltr'><strong>situm</strong></span> <span class='ocrx_word' id='word_1_430' title='bbox 1247 1470 1413 1505; x_wconf 84' lang='lat' dir='ltr'><strong>episcopum</strong></span> <span class='ocrx_word' id='word_1_431' title='bbox 1424 1469 1589 1503; x_wconf 76' lang='lat' dir='ltr'><strong>cogitantes,</strong></span> <span class='ocrx_word' id='word_1_432' title='bbox 1601 1467 1675 1503; x_wconf 86' lang='lat' dir='ltr'><strong>quod</strong></span> <span class='ocrx_word' id='word_1_433' title='bbox 1687 1474 1836 1502; x_wconf 86' lang='lat' dir='ltr'><strong>nunquam</strong></span> <span class='ocrx_word' id='word_1_434' title='bbox 1846 1465 1952 1493; x_wconf 89' lang='lat' dir='ltr'><strong>omnino</strong></span> 
     </span>
    </p>
   </div>
   <div class='ocr_carea' id='block_1_63' title="bbox 1145 1511 1951 1551">
    <p class='ocr_par' dir='ltr' id='par_1_63' title="bbox 1145 1511 1951 1551">
     <span class='ocr_line' id='line_1_63' title="bbox 1145 1511 1951 1551; baseline -0.007 -7"><span class='ocrx_word' id='word_1_435' title='bbox 1145 1517 1195 1544; x_wconf 90' lang='lat' dir='ltr'><strong>sub</strong></span> <span class='ocrx_word' id='word_1_436' title='bbox 1209 1516 1434 1543; x_wconf 75' lang='lat' dir='ltr'><strong>antecessoribus</strong></span> <span class='ocrx_word' id='word_1_437' title='bbox 1450 1516 1503 1551; x_wconf 90' lang='grc'><strong>(96)</strong></span> <span class='ocrx_word' id='word_1_438' title='bbox 1518 1515 1622 1542; x_wconf 82' lang='lat' dir='ltr'><strong>factum</strong></span> <span class='ocrx_word' id='word_1_439' title='bbox 1637 1518 1688 1548; x_wconf 86' lang='lat' dir='ltr'><strong>est,</strong></span> <span class='ocrx_word' id='word_1_440' title='bbox 1705 1521 1774 1541; x_wconf 89' lang='lat' dir='ltr'><strong>cum</strong></span> <span class='ocrx_word' id='word_1_441' title='bbox 1790 1511 1951 1541; x_wconf 87' lang='lat' dir='ltr'><strong>contumelia</strong></span> 
     </span>
    </p>
   </div>
   <div class='ocr_carea' id='block_1_64' title="bbox 1146 1559 1871 1599">
    <p class='ocr_par' dir='ltr' id='par_1_64' title="bbox 1146 1559 1871 1599">
     <span class='ocr_line' id='line_1_64' title="bbox 1146 1559 1871 1599; baseline -0.006 -8"><span class='ocrx_word' id='word_1_442' title='bbox 1146 1571 1173 1591; x_wconf 82' lang='lat' dir='ltr'><strong>et</strong></span> <span class='ocrx_word' id='word_1_443' title='bbox 1188 1566 1353 1599; x_wconf 86' lang='lat' dir='ltr'><strong>contemptu</strong></span> <span class='ocrx_word' id='word_1_444' title='bbox 1367 1562 1509 1598; x_wconf 63' lang='lat' dir='ltr'><strong>praepositi</strong></span> <span class='ocrx_word' id='word_1_445' title='bbox 1528 1564 1619 1589; x_wconf 90' lang='lat' dir='ltr'><strong>totum</strong></span> <span class='ocrx_word' id='word_1_446' title='bbox 1635 1561 1686 1588; x_wconf 87' lang='lat' dir='ltr'><strong>sibi</strong></span> <span class='ocrx_word' id='word_1_447' title='bbox 1705 1559 1871 1588; x_wconf 81' lang='lat' dir='ltr'><strong>vindicent?</strong></span> 
     </span>
    </p>
   </div>
   <div class='ocr_carea' id='block_1_65' title="bbox 1180 1607 1950 1646">
    <p class='ocr_par' dir='ltr' id='par_1_65' title="bbox 1180 1607 1950 1646">
     <span class='ocr_line' id='line_1_65' title="bbox 1180 1607 1950 1646; baseline -0.008 -8"><span class='ocrx_word' id='word_1_448' title='bbox 1180 1612 1212 1638; x_wconf 89' lang='lat' dir='ltr'><strong>l1.</strong></span> <span class='ocrx_word' id='word_1_449' title='bbox 1232 1612 1324 1646; x_wconf 85' lang='lat' dir='ltr'><strong>Atque</strong></span> <span class='ocrx_word' id='word_1_450' title='bbox 1346 1611 1456 1637; x_wconf 89' lang='lat' dir='ltr'><strong>utinam</strong></span> <span class='ocrx_word' id='word_1_451' title='bbox 1477 1618 1534 1636; x_wconf 90' lang='lat' dir='ltr'><strong>non</strong></span> <span class='ocrx_word' id='word_1_452' title='bbox 1557 1611 1697 1644; x_wconf 77' lang='lat' dir='ltr'><strong>prostrata</strong></span> <span class='ocrx_word' id='word_1_453' title='bbox 1713 1608 1835 1635; x_wconf 80' lang='lat' dir='ltr'><strong>fratrum</strong></span> <span class='ocrx_word' id='word_1_454' title='bbox 1849 1607 1950 1633; x_wconf 81' lang='lat' dir='ltr'><strong>nostro-</strong></span> 
     </span>
    </p>
   </div>
   <div class='ocr_carea' id='block_1_66' title="bbox 1144 1654 1951 1691">
    <p class='ocr_par' dir='ltr' id='par_1_66' title="bbox 1144 1654 1951 1691">
     <span class='ocr_line' id='line_1_66' title="bbox 1144 1654 1951 1691; baseline -0.006 -7"><span class='ocrx_word' id='word_1_455' title='bbox 1144 1666 1206 1684; x_wconf 91' lang='lat' dir='ltr'><strong>rum</strong></span> <span class='ocrx_word' id='word_1_456' title='bbox 1223 1658 1314 1684; x_wconf 88' lang='lat' dir='ltr'><strong>salute</strong></span> <span class='ocrx_word' id='word_1_457' title='bbox 1330 1658 1383 1691; x_wconf 82' lang='lat'><strong>(97)</strong></span> <span class='ocrx_word' id='word_1_458' title='bbox 1404 1656 1454 1683; x_wconf 90' lang='lat' dir='ltr'><strong>sibi</strong></span> <span class='ocrx_word' id='word_1_459' title='bbox 1476 1656 1574 1683; x_wconf 87' lang='lat' dir='ltr'><strong>omnia</strong></span> <span class='ocrx_word' id='word_1_460' title='bbox 1595 1654 1788 1682; x_wconf 76' lang='lat' dir='ltr'><strong>vindicarent!</strong></span> <span class='ocrx_word' id='word_1_461' title='bbox 1806 1654 1951 1681; x_wconf 85' lang='lat' dir='ltr'><strong>Contume-</strong></span> 
     </span>
    </p>
   </div>
   <div class='ocr_carea' id='block_1_67' title="bbox 1144 1699 1952 1740">
    <p class='ocr_par' dir='ltr' id='par_1_67' title="bbox 1144 1699 1952 1740">
     <span class='ocr_line' id='line_1_67' title="bbox 1144 1699 1952 1740; baseline -0.007 -9"><span class='ocrx_word' id='word_1_462' title='bbox 1144 1705 1212 1731; x_wconf 89' lang='lat' dir='ltr'><strong>liam</strong></span> <span class='ocrx_word' id='word_1_463' title='bbox 1229 1705 1409 1740; x_wconf 84' lang='lat' dir='ltr'><strong>episcopatus</strong></span> <span class='ocrx_word' id='word_1_464' title='bbox 1424 1703 1515 1739; x_wconf 78' lang='grc'><strong>251</strong></span> <span class='ocrx_word' id='word_1_465' title='bbox 1538 1702 1628 1729; x_wconf 86' lang='lat' dir='ltr'><strong>nostri</strong></span> <span class='ocrx_word' id='word_1_466' title='bbox 1644 1701 1824 1729; x_wconf 82' lang='lat' dir='ltr'><strong>dissimulare</strong></span> <span class='ocrx_word' id='word_1_467' title='bbox 1842 1702 1870 1727; x_wconf 89' lang='lat' dir='ltr'><strong>et</strong></span> <span class='ocrx_word' id='word_1_468' title='bbox 1883 1699 1952 1726; x_wconf 84' lang='lat' dir='ltr'><strong>ferre</strong></span> 
     </span>
    </p>
   </div>
   <div class='ocr_carea' id='block_1_68' title="bbox 967 1759 1267 1792">
    <p class='ocr_par' dir='ltr' id='par_1_68' title="bbox 967 1759 1267 1792">
     <span class='ocr_line' id='line_1_68' title="bbox 967 1759 1267 1792; baseline 0 -2"><span class='ocrx_word' id='word_1_469' title='bbox 967 1759 1071 1791; x_wconf 65' lang='lat' dir='ltr'><strong>Varia:</strong></span> <span class='ocrx_word' id='word_1_470' title='bbox 1099 1760 1267 1792; x_wconf 85' lang='lat' dir='ltr'><strong>lectiones.</strong></span> 
     </span>
    </p>
   </div>
   <div class='ocr_carea' id='block_1_69' title="bbox 309 1812 857 1839">
    <p class='ocr_par' dir='ltr' id='par_1_69' title="bbox 309 1812 857 1839">
     <span class='ocr_line' id='line_1_69' title="bbox 309 1812 857 1839; baseline -0.002 -1"><span class='ocrx_word' id='word_1_471' title='bbox 309 1812 328 1828; x_wconf 83' lang='lat'><strong>‘7</strong></span> <span class='ocrx_word' id='word_1_472' title='bbox 341 1813 533 1839; x_wconf 82' lang='lat' dir='ltr'><strong>Provocaverit</strong></span> <span class='ocrx_word' id='word_1_473' title='bbox 548 1813 628 1838; x_wconf 72' lang='lat' dir='ltr'><strong>Oxon.</strong></span> <span class='ocrx_word' id='word_1_474' title='bbox 673 1813 694 1830; x_wconf 79' lang='grc'><strong>³³</strong></span> <span class='ocrx_word' id='word_1_475' title='bbox 708 1813 760 1838; x_wconf 90' lang='lat' dir='ltr'><strong>Dei</strong></span> <span class='ocrx_word' id='word_1_476' title='bbox 777 1814 857 1837; x_wconf 69' lang='lat'><strong>01:0».</strong></span> 
     </span>
    </p>
   </div>
   <div class='ocr_carea' id='block_1_70' title="bbox 922 1858 1301 1899">
    <p class='ocr_par' dir='ltr' id='par_1_70' title="bbox 922 1858 1301 1899">
     <span class='ocr_line' id='line_1_70' title="bbox 922 1858 1301 1899; baseline -0.003 -9"><span class='ocrx_word' id='word_1_477' title='bbox 922 1859 1033 1899; x_wconf 87' lang='lat' dir='ltr'><strong>Steph.</strong></span> <span class='ocrx_word' id='word_1_478' title='bbox 1059 1858 1181 1890; x_wconf 83' lang='lat' dir='ltr'><strong>Baluzii</strong></span> <span class='ocrx_word' id='word_1_479' title='bbox 1203 1861 1301 1889; x_wconf 64' lang='lat' dir='ltr'><strong>notae.</strong></span> 
     </span>
    </p>
   </div>
   <div class='ocr_carea' id='block_1_71' title="bbox 308 1920 1094 1951">
    <p class='ocr_par' dir='ltr' id='par_1_71' title="bbox 308 1920 1094 1951">
     <span class='ocr_line' id='line_1_71' title="bbox 308 1920 1094 1951; baseline 0.001 -7"><span class='ocrx_word' id='word_1_480' title='bbox 308 1920 356 1950; x_wconf 87' lang='lat'><strong>(87)</strong></span> <span class='ocrx_word' id='word_1_481' title='bbox 376 1920 500 1944; x_wconf 80' lang='lat' dir='ltr'><strong>Voluntas</strong></span> <span class='ocrx_word' id='word_1_482' title='bbox 519 1920 629 1950; x_wconf 76' lang='lat' dir='ltr'><strong>integra.</strong></span> <span class='ocrx_word' id='word_1_483' title='bbox 644 1920 841 1951; x_wconf 86' lang='lat' dir='ltr'><strong>Hieronymus,</strong></span> <span class='ocrx_word' id='word_1_484' title='bbox 860 1920 907 1945; x_wconf 87' lang='lat' dir='ltr'><strong>lib.</strong></span> <span class='ocrx_word' id='word_1_485' title='bbox 926 1927 953 1950; x_wconf 87' lang='lat' dir='ltr'><strong>ll,</strong></span> <span class='ocrx_word' id='word_1_486' title='bbox 969 1920 1094 1945; x_wconf 77' lang='lat' dir='ltr'><strong>adversus</strong></span> 
     </span>
    </p>
   </div>
   <div class='ocr_carea' id='block_1_72' title="bbox 275 1956 1093 1987">
    <p class='ocr_par' dir='ltr' id='par_1_72' title="bbox 275 1956 1093 1987">
     <span class='ocr_line' id='line_1_72' title="bbox 275 1956 1093 1987; baseline 0.001 -8"><span class='ocrx_word' id='word_1_487' title='bbox 275 1956 443 1980; x_wconf 72' lang='lat' dir='ltr'><strong>Iovinianum</strong></span> <span class='ocrx_word' id='word_1_488' title='bbox 458 1964 494 1979; x_wconf 79' lang='grc'><strong>.·«</strong></span> <span class='ocrx_word' id='word_1_489' title='bbox 515 1956 544 1979; x_wconf 92' lang='lat' dir='ltr'><strong>In</strong></span> <span class='ocrx_word' id='word_1_490' title='bbox 571 1958 690 1986; x_wconf 83' lang='lat' dir='ltr'><strong>martyre</strong></span> <span class='ocrx_word' id='word_1_491' title='bbox 717 1957 790 1980; x_wconf 88' lang='lat' dir='ltr'><strong>enim</strong></span> <span class='ocrx_word' id='word_1_492' title='bbox 812 1956 948 1985; x_wconf 84' lang='lat' dir='ltr'><strong>voluntas,</strong></span> <span class='ocrx_word' id='word_1_493' title='bbox 976 1962 1010 1980; x_wconf 79' lang='lat' dir='ltr'><strong>ex</strong></span> <span class='ocrx_word' id='word_1_494' title='bbox 1039 1962 1093 1987; x_wconf 84' lang='lat' dir='ltr'><strong>qua</strong></span> 
     </span>
    </p>
   </div>
   <div class='ocr_carea' id='block_1_73' title="bbox 278 1992 1093 2023">
    <p class='ocr_par' dir='ltr' id='par_1_73' title="bbox 278 1992 1093 2023">
     <span class='ocr_line' id='line_1_73' title="bbox 278 1992 1093 2023; baseline 0 -7"><span class='ocrx_word' id='word_1_495' title='bbox 278 1992 335 2023; x_wconf 87' lang='lat' dir='ltr'><strong>ipsa</strong></span> <span class='ocrx_word' id='word_1_496' title='bbox 351 1998 425 2016; x_wconf 87' lang='lat' dir='ltr'><strong>mors</strong></span> <span class='ocrx_word' id='word_1_497' title='bbox 440 1992 570 2022; x_wconf 81' lang='lat' dir='ltr'><strong>nascitur,</strong></span> <span class='ocrx_word' id='word_1_498' title='bbox 595 1994 751 2016; x_wconf 80' lang='lat' dir='ltr'><strong>coronatur.</strong></span> <span class='ocrx_word' id='word_1_499' title='bbox 766 2000 780 2016; x_wconf 86' lang='lat'>»</span> <span class='ocrx_word' id='word_1_500' title='bbox 800 1992 869 2017; x_wconf 84' lang='lat' dir='ltr'><strong>Vide</strong></span> <span class='ocrx_word' id='word_1_501' title='bbox 884 1994 963 2017; x_wconf 84' lang='lat' dir='ltr'><strong>notas</strong></span> <span class='ocrx_word' id='word_1_502' title='bbox 980 1992 1014 2016; x_wconf 82' lang='lat' dir='ltr'><strong>ad</strong></span> <span class='ocrx_word' id='word_1_503' title='bbox 1035 1992 1093 2023; x_wconf 85' lang='lat' dir='ltr'><strong>epi—</strong></span> 
     </span>
    </p>
   </div>
   <div class='ocr_carea' id='block_1_74' title="bbox 277 2026 729 2058">
    <p class='ocr_par' dir='ltr' id='par_1_74' title="bbox 277 2026 729 2058">
     <span class='ocr_line' id='line_1_74' title="bbox 277 2026 729 2058; baseline -0.002 -6"><span class='ocrx_word' id='word_1_504' title='bbox 277 2028 375 2052; x_wconf 87' lang='lat' dir='ltr'><strong>stolam</strong></span> <span class='ocrx_word' id='word_1_505' title='bbox 390 2026 430 2057; x_wconf 78' lang='lat'><strong>52,</strong></span> <span class='ocrx_word' id='word_1_506' title='bbox 444 2028 471 2051; x_wconf 93' lang='lat' dir='ltr'><strong>in</strong></span> <span class='ocrx_word' id='word_1_507' title='bbox 485 2027 568 2052; x_wconf 89' lang='lat' dir='ltr'><strong>verbo</strong></span> <span class='ocrx_word' id='word_1_508' title='bbox 582 2033 673 2058; x_wconf 73' lang='lat' dir='ltr'><strong>passus</strong></span> <span class='ocrx_word' id='word_1_509' title='bbox 685 2030 729 2051; x_wconf 84' lang='lat' dir='ltr'><strong>est.</strong></span> 
     </span>
    </p>
   </div>
   <div class='ocr_carea' id='block_1_75' title="bbox 309 2062 1093 2094">
    <p class='ocr_par' dir='ltr' id='par_1_75' title="bbox 309 2062 1093 2094">
     <span class='ocr_line' id='line_1_75' title="bbox 309 2062 1093 2094; baseline -0.001 -7"><span class='ocrx_word' id='word_1_510' title='bbox 309 2063 410 2094; x_wconf 80' lang='lat' dir='ltr'><strong>(88)Ad</strong></span> <span class='ocrx_word' id='word_1_511' title='bbox 423 2069 547 2087; x_wconf 81' lang='lat' dir='ltr'><strong>corouum</strong></span> <span class='ocrx_word' id='word_1_512' title='bbox 570 2063 601 2087; x_wconf 80' lang='lat' dir='ltr'><strong>de</strong></span> <span class='ocrx_word' id='word_1_513' title='bbox 621 2069 656 2086; x_wconf 87' lang='lat' dir='ltr'><strong>eo.</strong></span> <span class='ocrx_word' id='word_1_514' title='bbox 686 2062 772 2087; x_wconf 82' lang='lat' dir='ltr'><strong>tidem</strong></span> <span class='ocrx_word' id='word_1_515' title='bbox 796 2062 908 2087; x_wconf 86' lang='lat' dir='ltr'><strong>codices</strong></span> <span class='ocrx_word' id='word_1_516' title='bbox 931 2062 1034 2087; x_wconf 86' lang='lat' dir='ltr'><strong>habent</strong></span> <span class='ocrx_word' id='word_1_517' title='bbox 1057 2062 1093 2086; x_wconf 87' lang='lat' dir='ltr'><strong>ad</strong></span> 
     </span>
    </p>
   </div>
   <div class='ocr_carea' id='block_1_76' title="bbox 276 2098 919 2129">
    <p class='ocr_par' dir='ltr' id='par_1_76' title="bbox 276 2098 919 2129">
     <span class='ocr_line' id='line_1_76' title="bbox 276 2098 919 2129; baseline -0.002 -6"><span class='ocrx_word' id='word_1_518' title='bbox 276 2105 400 2123; x_wconf 81' lang='lat' dir='ltr'><strong>coronam</strong></span> <span class='ocrx_word' id='word_1_519' title='bbox 413 2099 467 2123; x_wconf 83' lang='lat' dir='ltr'><strong>Dei.</strong></span> <span class='ocrx_word' id='word_1_520' title='bbox 481 2098 527 2123; x_wconf 86' lang='lat' dir='ltr'><strong>Sic</strong></span> <span class='ocrx_word' id='word_1_521' title='bbox 540 2099 622 2123; x_wconf 84' lang='lat' dir='ltr'><strong>etiam</strong></span> <span class='ocrx_word' id='word_1_522' title='bbox 638 2098 765 2129; x_wconf 65' lang='lat' dir='ltr'><strong>quasdam</strong></span> <span class='ocrx_word' id='word_1_523' title='bbox 776 2098 919 2123; x_wconf 83' lang='lat' dir='ltr'><strong>editiones.</strong></span> 
     </span>
    </p>
   </div>
   <div class='ocr_carea' id='block_1_77' title="bbox 309 2133 1091 2165">
    <p class='ocr_par' dir='ltr' id='par_1_77' title="bbox 309 2133 1091 2165">
     <span class='ocr_line' id='line_1_77' title="bbox 309 2133 1091 2165; baseline -0.001 -7"><span class='ocrx_word' id='word_1_524' title='bbox 309 2135 357 2165; x_wconf 85' lang='lat'><strong>(89)</strong></span> <span class='ocrx_word' id='word_1_525' title='bbox 386 2135 494 2159; x_wconf 78' lang='lat' dir='ltr'><strong>Fratres</strong></span> <span class='ocrx_word' id='word_1_526' title='bbox 518 2134 675 2158; x_wconf 74' lang='lat' dir='ltr'><strong>charissimi.</strong></span> <span class='ocrx_word' id='word_1_527' title='bbox 703 2133 797 2159; x_wconf 86' lang='lat' dir='ltr'><strong>Codex</strong></span> <span class='ocrx_word' id='word_1_528' title='bbox 824 2134 912 2159; x_wconf 87' lang='lat' dir='ltr'><strong>sancti</strong></span> <span class='ocrx_word' id='word_1_529' title='bbox 943 2133 1091 2165; x_wconf 82' lang='lat' dir='ltr'><strong>Amulplii,</strong></span> 
     </span>
    </p>
   </div>
   <div class='ocr_carea' id='block_1_78' title="bbox 276 2170 562 2200">
    <p class='ocr_par' dir='ltr' id='par_1_78' title="bbox 276 2170 562 2200">
     <span class='ocr_line' id='line_1_78' title="bbox 276 2170 562 2200; baseline -0.003 -6"><span class='ocrx_word' id='word_1_530' title='bbox 276 2171 379 2200; x_wconf 77' lang='lat' dir='ltr'><strong>fratres</strong></span> <span class='ocrx_word' id='word_1_531' title='bbox 391 2170 562 2194; x_wconf 71' lang='lat' dir='ltr'><strong>dilectissimi.</strong></span> 
     </span>
    </p>
   </div>
   <div class='ocr_carea' id='block_1_79' title="bbox 309 2204 1092 2236">
    <p class='ocr_par' dir='ltr' id='par_1_79' title="bbox 309 2204 1092 2236">
     <span class='ocr_line' id='line_1_79' title="bbox 309 2204 1092 2236; baseline -0.003 -6"><span class='ocrx_word' id='word_1_532' title='bbox 309 2206 358 2236; x_wconf 89' lang='lat'><strong>(90)</strong></span> <span class='ocrx_word' id='word_1_533' title='bbox 374 2206 482 2236; x_wconf 79' lang='lat' dir='ltr'><strong>Accepto</strong></span> <span class='ocrx_word' id='word_1_534' title='bbox 502 2206 657 2230; x_wconf 80' lang='lat' dir='ltr'><strong>commeatu.</strong></span> <span class='ocrx_word' id='word_1_535' title='bbox 673 2205 702 2229; x_wconf 85' lang='lat' dir='ltr'><strong>Id</strong></span> <span class='ocrx_word' id='word_1_536' title='bbox 723 2206 763 2230; x_wconf 88' lang='lat' dir='ltr'><strong>est</strong></span> <span class='ocrx_word' id='word_1_537' title='bbox 786 2204 958 2236; x_wconf 78' lang='lat' dir='ltr'><strong>indulgentia</strong></span> <span class='ocrx_word' id='word_1_538' title='bbox 980 2210 1092 2235; x_wconf 81' lang='lat' dir='ltr'><strong>perma—</strong></span> 
     </span>
    </p>
   </div>
   <div class='ocr_carea' id='block_1_80' title="bbox 277 2240 1091 2271">
    <p class='ocr_par' dir='ltr' id='par_1_80' title="bbox 277 2240 1091 2271">
     <span class='ocr_line' id='line_1_80' title="bbox 277 2240 1091 2271; baseline -0.001 -6"><span class='ocrx_word' id='word_1_539' title='bbox 277 2241 362 2265; x_wconf 87' lang='lat' dir='ltr'><strong>nendi</strong></span> <span class='ocrx_word' id='word_1_540' title='bbox 386 2240 414 2264; x_wconf 89' lang='lat' dir='ltr'><strong>in</strong></span> <span class='ocrx_word' id='word_1_541' title='bbox 438 2240 490 2264; x_wconf 80' lang='lat' dir='ltr'><strong>hac</strong></span> <span class='ocrx_word' id='word_1_542' title='bbox 508 2240 571 2270; x_wconf 85' lang='lat' dir='ltr'><strong>vita,</strong></span> <span class='ocrx_word' id='word_1_543' title='bbox 596 2240 636 2264; x_wconf 87' lang='lat' dir='ltr'><strong>uti</strong></span> <span class='ocrx_word' id='word_1_544' title='bbox 660 2243 734 2265; x_wconf 89' lang='lat' dir='ltr'><strong>recte</strong></span> <span class='ocrx_word' id='word_1_545' title='bbox 758 2240 877 2271; x_wconf 80' lang='lat' dir='ltr'><strong>explicat</strong></span> <span class='ocrx_word' id='word_1_546' title='bbox 899 2240 1035 2271; x_wconf 77' lang='lat' dir='ltr'><strong>Rigaitius</strong></span> <span class='ocrx_word' id='word_1_547' title='bbox 1063 2240 1091 2264; x_wconf 89' lang='lat' dir='ltr'><strong>in</strong></span> 
     </span>
    </p>
   </div>
   <div class='ocr_carea' id='block_1_81' title="bbox 277 2275 920 2308">
    <p class='ocr_par' dir='ltr' id='par_1_81' title="bbox 277 2275 920 2308">
     <span class='ocr_line' id='line_1_81' title="bbox 277 2275 920 2308; baseline 0 -9"><span class='ocrx_word' id='word_1_548' title='bbox 277 2275 379 2300; x_wconf 88' lang='lat' dir='ltr'><strong>librum</strong></span> <span class='ocrx_word' id='word_1_549' title='bbox 393 2275 556 2301; x_wconf 82' lang='lat' dir='ltr'><strong>Tertulliani</strong></span> <span class='ocrx_word' id='word_1_550' title='bbox 567 2275 598 2300; x_wconf 81' lang='lat' dir='ltr'><strong>de</strong></span> <span class='ocrx_word' id='word_1_551' title='bbox 610 2277 685 2307; x_wconf 84' lang='lat' dir='ltr'><strong>Fuga</strong></span> <span class='ocrx_word' id='word_1_552' title='bbox 700 2277 728 2300; x_wconf 78' lang='lat' dir='ltr'><strong>in</strong></span> <span class='ocrx_word' id='word_1_553' title='bbox 738 2278 920 2308; x_wconf 80' lang='lat' dir='ltr'><strong>persecutione.</strong></span> 
     </span>
    </p>
   </div>
   <div class='ocr_carea' id='block_1_82' title="bbox 308 2311 1089 2343">
    <p class='ocr_par' dir='ltr' id='par_1_82' title="bbox 308 2311 1089 2343">
     <span class='ocr_line' id='line_1_82' title="bbox 308 2311 1089 2343; baseline -0.001 -7"><span class='ocrx_word' id='word_1_554' title='bbox 308 2313 356 2343; x_wconf 86' lang='grc'><strong>(91)</strong></span> <span class='ocrx_word' id='word_1_555' title='bbox 372 2313 431 2336; x_wconf 71' lang='lat' dir='ltr'><strong>Pam</strong></span> <span class='ocrx_word' id='word_1_556' title='bbox 446 2313 470 2335; x_wconf 85' lang='lat' dir='ltr'><strong>et</strong></span> <span class='ocrx_word' id='word_1_557' title='bbox 485 2313 561 2336; x_wconf 80' lang='lat' dir='ltr'><strong>acies.</strong></span> <span class='ocrx_word' id='word_1_558' title='bbox 582 2312 611 2336; x_wconf 90' lang='lat' dir='ltr'><strong>In</strong></span> <span class='ocrx_word' id='word_1_559' title='bbox 624 2311 693 2336; x_wconf 90' lang='lat' dir='ltr'><strong>libro</strong></span> <span class='ocrx_word' id='word_1_560' title='bbox 708 2312 739 2336; x_wconf 83' lang='lat' dir='ltr'><strong>de</strong></span> <span class='ocrx_word' id='word_1_561' title='bbox 756 2311 813 2336; x_wconf 79' lang='lat' dir='ltr'><strong>Zeto</strong></span> <span class='ocrx_word' id='word_1_562' title='bbox 834 2314 856 2336; x_wconf 83' lang='lat' dir='ltr'><strong>et</strong></span> <span class='ocrx_word' id='word_1_563' title='bbox 879 2312 965 2341; x_wconf 73' lang='lat' dir='ltr'><strong>livore,</strong></span> <span class='ocrx_word' id='word_1_564' title='bbox 982 2319 1007 2342; x_wconf 90' lang='lat' dir='ltr'><strong>p.</strong></span> <span class='ocrx_word' id='word_1_565' title='bbox 1024 2311 1070 2335; x_wconf 71' lang='grc'><strong>260</strong></span> <span class='ocrx_word' id='word_1_566' title='bbox 1085 2319 1089 2335; x_wconf 88' lang='lat'><strong>:</strong></span> 
     </span>
    </p>
   </div>
   <div class='ocr_carea' id='block_1_83' title="bbox 276 2347 1092 2378">
    <p class='ocr_par' dir='ltr' id='par_1_83' title="bbox 276 2347 1092 2378">
     <span class='ocr_line' id='line_1_83' title="bbox 276 2347 1092 2378; baseline -0.001 -7"><span class='ocrx_word' id='word_1_567' title='bbox 276 2356 291 2371; x_wconf 69' lang='grc' dir='ltr'><strong>ς</strong></span> <span class='ocrx_word' id='word_1_568' title='bbox 306 2347 397 2372; x_wconf 82' lang='lat' dir='ltr'><strong>Habet</strong></span> <span class='ocrx_word' id='word_1_569' title='bbox 411 2350 436 2372; x_wconf 88' lang='lat' dir='ltr'><strong>et</strong></span> <span class='ocrx_word' id='word_1_570' title='bbox 451 2354 505 2378; x_wconf 86' lang='lat' dir='ltr'><strong>pax</strong></span> <span class='ocrx_word' id='word_1_571' title='bbox 520 2354 636 2372; x_wconf 85' lang='lat' dir='ltr'><strong>coronas</strong></span> <span class='ocrx_word' id='word_1_572' title='bbox 657 2354 729 2372; x_wconf 82' lang='lat' dir='ltr'><strong>suas.</strong></span> <span class='ocrx_word' id='word_1_573' title='bbox 747 2357 760 2370; x_wconf 82' lang='lat'><strong><em>»</em></strong></span> <span class='ocrx_word' id='word_1_574' title='bbox 780 2347 813 2371; x_wconf 87' lang='lat' dir='ltr'><strong>Et</strong></span> <span class='ocrx_word' id='word_1_575' title='bbox 833 2348 859 2371; x_wconf 90' lang='lat' dir='ltr'><strong>in</strong></span> <span class='ocrx_word' id='word_1_576' title='bbox 880 2347 950 2371; x_wconf 90' lang='lat' dir='ltr'><strong>libro</strong></span> <span class='ocrx_word' id='word_1_577' title='bbox 967 2347 998 2371; x_wconf 86' lang='lat' dir='ltr'><strong>de</strong></span> <span class='ocrx_word' id='word_1_578' title='bbox 1011 2349 1092 2378; x_wconf 76' lang='lat' dir='ltr'><strong>Opere</strong></span> 
     </span>
    </p>
   </div>
   <div class='ocr_carea' id='block_1_84' title="bbox 274 2382 1092 2414">
    <p class='ocr_par' dir='ltr' id='par_1_84' title="bbox 274 2382 1092 2414">
     <span class='ocr_line' id='line_1_84' title="bbox 274 2382 1092 2414; baseline -0.002 -6"><span class='ocrx_word' id='word_1_579' title='bbox 274 2383 485 2414; x_wconf 77' lang='lat' dir='ltr'><strong>eteleamosynis,</strong></span> <span class='ocrx_word' id='word_1_580' title='bbox 500 2389 525 2414; x_wconf 90' lang='lat' dir='ltr'><strong>p.</strong></span> <span class='ocrx_word' id='word_1_581' title='bbox 546 2383 611 2407; x_wconf 70' lang='lat'><strong>246:</strong></span> <span class='ocrx_word' id='word_1_582' title='bbox 636 2392 649 2405; x_wconf 90' lang='lat'>«</span> <span class='ocrx_word' id='word_1_583' title='bbox 671 2383 701 2407; x_wconf 82' lang='lat' dir='ltr'><strong>in</strong></span> <span class='ocrx_word' id='word_1_584' title='bbox 724 2390 792 2414; x_wconf 85' lang='lat' dir='ltr'><strong>pace</strong></span> <span class='ocrx_word' id='word_1_585' title='bbox 816 2382 990 2408; x_wconf 88' lang='lat' dir='ltr'><strong>vincentibus</strong></span> <span class='ocrx_word' id='word_1_586' title='bbox 1016 2389 1092 2407; x_wconf 88' lang='lat' dir='ltr'><strong>coro-</strong></span> 
     </span>
    </p>
   </div>
   <div class='ocr_carea' id='block_1_85' title="bbox 277 2418 1091 2450">
    <p class='ocr_par' dir='ltr' id='par_1_85' title="bbox 277 2418 1091 2450">
     <span class='ocr_line' id='line_1_85' title="bbox 277 2418 1091 2450; baseline -0.002 -6"><span class='ocrx_word' id='word_1_587' title='bbox 277 2427 340 2444; x_wconf 90' lang='lat' dir='ltr'><strong>nam</strong></span> <span class='ocrx_word' id='word_1_588' title='bbox 356 2419 503 2444; x_wconf 84' lang='lat' dir='ltr'><strong>candidam</strong></span> <span class='ocrx_word' id='word_1_589' title='bbox 527 2425 576 2450; x_wconf 89' lang='lat' dir='ltr'><strong>pro</strong></span> <span class='ocrx_word' id='word_1_590' title='bbox 600 2419 729 2450; x_wconf 88' lang='lat' dir='ltr'><strong>operibus</strong></span> <span class='ocrx_word' id='word_1_591' title='bbox 750 2419 835 2449; x_wconf 88' lang='lat' dir='ltr'><strong>dabit,</strong></span> <span class='ocrx_word' id='word_1_592' title='bbox 850 2420 877 2443; x_wconf 89' lang='lat' dir='ltr'><strong>in</strong></span> <span class='ocrx_word' id='word_1_593' title='bbox 899 2418 1091 2450; x_wconf 88' lang='lat' dir='ltr'><strong>persecutione</strong></span> 
     </span>
    </p>
   </div>
   <div class='ocr_carea' id='block_1_86' title="bbox 276 2454 1092 2488">
    <p class='ocr_par' dir='ltr' id='par_1_86' title="bbox 276 2454 1092 2488">
     <span class='ocr_line' id='line_1_86' title="bbox 276 2454 1092 2488; baseline -0.004 -8"><span class='ocrx_word' id='word_1_594' title='bbox 276 2462 444 2488; x_wconf 86' lang='lat' dir='ltr'><strong>purpuream</strong></span> <span class='ocrx_word' id='word_1_595' title='bbox 473 2462 521 2486; x_wconf 89' lang='lat' dir='ltr'><strong>pro</strong></span> <span class='ocrx_word' id='word_1_596' title='bbox 542 2455 668 2486; x_wconf 87' lang='lat' dir='ltr'><strong>passione</strong></span> <span class='ocrx_word' id='word_1_597' title='bbox 693 2455 880 2486; x_wconf 78' lang='lat' dir='ltr'><strong>geminabit.»</strong></span> <span class='ocrx_word' id='word_1_598' title='bbox 912 2455 942 2478; x_wconf 83' lang='lat' dir='ltr'><strong>In</strong></span> <span class='ocrx_word' id='word_1_599' title='bbox 969 2454 1040 2479; x_wconf 86' lang='lat' dir='ltr'><strong>libro</strong></span> <span class='ocrx_word' id='word_1_600' title='bbox 1060 2454 1092 2478; x_wconf 82' lang='lat' dir='ltr'><strong>de</strong></span> 
     </span>
    </p>
   </div>
   <div class='ocr_carea' id='block_1_87' title="bbox 276 2489 1091 2521">
    <p class='ocr_par' dir='ltr' id='par_1_87' title="bbox 276 2489 1091 2521">
     <span class='ocr_line' id='line_1_87' title="bbox 276 2489 1091 2521; baseline -0.004 -5"><span class='ocrx_word' id='word_1_601' title='bbox 276 2491 470 2516; x_wconf 72' lang='lat' dir='ltr'><strong>Exhortationc</strong></span> <span class='ocrx_word' id='word_1_602' title='bbox 490 2490 622 2521; x_wconf 76' lang='lat' dir='ltr'><strong>marlyrii,</strong></span> <span class='ocrx_word' id='word_1_603' title='bbox 641 2490 675 2514; x_wconf 88' lang='lat' dir='ltr'><strong>ad</strong></span> <span class='ocrx_word' id='word_1_604' title='bbox 697 2490 906 2517; x_wconf 84' lang='lat' dir='ltr'><strong>Fortunantum,</strong></span> <span class='ocrx_word' id='word_1_605' title='bbox 929 2496 954 2520; x_wconf 91' lang='lat' dir='ltr'><strong>p.</strong></span> <span class='ocrx_word' id='word_1_606' title='bbox 979 2489 1043 2513; x_wconf 72' lang='lat' dir='ltr'><strong>3H:</strong></span> <span class='ocrx_word' id='word_1_607' title='bbox 1064 2490 1091 2513; x_wconf 83' lang='lat' dir='ltr'><strong>In</strong></span> 
     </span>
    </p>
   </div>
   <div class='ocr_carea' id='block_1_88' title="bbox 277 2524 1090 2557">
    <p class='ocr_par' dir='ltr' id='par_1_88' title="bbox 277 2524 1090 2557">
     <span class='ocr_line' id='line_1_88' title="bbox 277 2524 1090 2557; baseline -0.004 -7"><span class='ocrx_word' id='word_1_608' title='bbox 277 2526 382 2552; x_wconf 76' lang='lat' dir='ltr'><strong>militia.</strong></span> <span class='ocrx_word' id='word_1_609' title='bbox 402 2527 429 2550; x_wconf 74' lang='lat' dir='ltr'><strong>in</strong></span> <span class='ocrx_word' id='word_1_610' title='bbox 443 2532 508 2557; x_wconf 78' lang='lat' dir='ltr'><strong>pace</strong></span> <span class='ocrx_word' id='word_1_611' title='bbox 522 2526 679 2550; x_wconf 67' lang='lat' dir='ltr'><strong>conscientia</strong></span> <span class='ocrx_word' id='word_1_612' title='bbox 697 2526 873 2550; x_wconf 69' lang='lat' dir='ltr'><strong>coronalntur.</strong></span> <span class='ocrx_word' id='word_1_613' title='bbox 893 2524 1090 2555; x_wconf 81' lang='lat' dir='ltr'><strong>Hieronymus,</strong></span> 
     </span>
    </p>
   </div>
   <div class='ocr_carea' id='block_1_89' title="bbox 278 2559 1092 2591">
    <p class='ocr_par' dir='ltr' id='par_1_89' title="bbox 278 2559 1092 2591">
     <span class='ocr_line' id='line_1_89' title="bbox 278 2559 1092 2591; baseline -0.006 -4"><span class='ocrx_word' id='word_1_614' title='bbox 278 2563 307 2587; x_wconf 90' lang='lat' dir='ltr'><strong>in</strong></span> <span class='ocrx_word' id='word_1_615' title='bbox 332 2561 447 2591; x_wconf 79' lang='lat' dir='ltr'><strong>Epistula</strong></span> <span class='ocrx_word' id='word_1_616' title='bbox 469 2561 502 2585; x_wconf 83' lang='lat' dir='ltr'><strong>ad</strong></span> <span class='ocrx_word' id='word_1_617' title='bbox 528 2561 645 2588; x_wconf 72' lang='lat' dir='ltr'><strong>Furiam.</strong></span> <span class='ocrx_word' id='word_1_618' title='bbox 669 2561 703 2585; x_wconf 90' lang='lat' dir='ltr'><strong>de</strong></span> <span class='ocrx_word' id='word_1_619' title='bbox 728 2561 868 2585; x_wconf 86' lang='lat' dir='ltr'><strong>Viduitate</strong></span> <span class='ocrx_word' id='word_1_620' title='bbox 893 2559 1041 2589; x_wconf 75' lang='lat' dir='ltr'><strong>servanda;</strong></span> <span class='ocrx_word' id='word_1_621' title='bbox 1065 2560 1092 2583; x_wconf 83' lang='lat' dir='ltr'><strong>et</strong></span> 
     </span>
    </p>
   </div>
   <div class='ocr_carea' id='block_1_90' title="bbox 276 2595 1089 2627">
    <p class='ocr_par' dir='ltr' id='par_1_90' title="bbox 276 2595 1089 2627">
     <span class='ocr_line' id='line_1_90' title="bbox 276 2595 1089 2627; baseline -0.005 -5"><span class='ocrx_word' id='word_1_622' title='bbox 276 2598 306 2622; x_wconf 86' lang='lat' dir='ltr'><strong>in</strong></span> <span class='ocrx_word' id='word_1_623' title='bbox 319 2596 437 2626; x_wconf 79' lang='lat' dir='ltr'><strong>pr&#39;slola</strong></span> <span class='ocrx_word' id='word_1_624' title='bbox 451 2596 487 2620; x_wconf 85' lang='lat' dir='ltr'><strong>ad</strong></span> <span class='ocrx_word' id='word_1_625' title='bbox 506 2595 687 2627; x_wconf 81' lang='lat' dir='ltr'><strong>Heliodorum,</strong></span> <span class='ocrx_word' id='word_1_626' title='bbox 704 2597 737 2621; x_wconf 85' lang='lat' dir='ltr'><strong>de</strong></span> <span class='ocrx_word' id='word_1_627' title='bbox 755 2596 836 2620; x_wconf 87' lang='lat' dir='ltr'><strong>laude</strong></span> <span class='ocrx_word' id='word_1_628' title='bbox 856 2596 927 2620; x_wconf 60' lang='lat' dir='ltr'><strong>Vitas</strong></span> <span class='ocrx_word' id='word_1_629' title='bbox 942 2595 1069 2620; x_wconf 59' lang='lat' dir='ltr'><strong>solitaria;</strong></span> <span class='ocrx_word' id='word_1_630' title='bbox 1084 2601 1089 2617; x_wconf 89' lang='lat'><strong><em>:</em></strong></span> 
     </span>
    </p>
   </div>
   <div class='ocr_carea' id='block_1_91' title="bbox 277 2630 1092 2664">
    <p class='ocr_par' dir='ltr' id='par_1_91' title="bbox 277 2630 1092 2664">
     <span class='ocr_line' id='line_1_91' title="bbox 277 2630 1092 2664; baseline -0.001 -9"><span class='ocrx_word' id='word_1_631' title='bbox 277 2642 292 2655; x_wconf 88' lang='lat'><strong>«</strong></span> <span class='ocrx_word' id='word_1_632' title='bbox 306 2632 450 2664; x_wconf 78' lang='lat' dir='ltr'><strong>Virginum</strong></span> <span class='ocrx_word' id='word_1_633' title='bbox 464 2632 520 2656; x_wconf 89' lang='lat' dir='ltr'><strong>lilia</strong></span> <span class='ocrx_word' id='word_1_634' title='bbox 540 2634 566 2657; x_wconf 89' lang='lat' dir='ltr'><strong>et</strong></span> <span class='ocrx_word' id='word_1_635' title='bbox 588 2634 739 2664; x_wconf 83' lang='lat' dir='ltr'><strong>martyrum</strong></span> <span class='ocrx_word' id='word_1_636' title='bbox 761 2638 869 2657; x_wconf 88' lang='lat' dir='ltr'><strong>rosas».</strong></span> <span class='ocrx_word' id='word_1_637' title='bbox 884 2631 959 2655; x_wconf 86' lang='lat' dir='ltr'><strong>Idem</strong></span> <span class='ocrx_word' id='word_1_638' title='bbox 980 2631 1008 2655; x_wconf 92' lang='lat' dir='ltr'><strong>in</strong></span> <span class='ocrx_word' id='word_1_639' title='bbox 1029 2630 1092 2654; x_wconf 85' lang='lat' dir='ltr'><strong>Vita</strong></span> 
     </span>
    </p>
   </div>
   <div class='ocr_carea' id='block_1_92' title="bbox 278 2666 1091 2699">
    <p class='ocr_par' dir='ltr' id='par_1_92' title="bbox 278 2666 1091 2699">
     <span class='ocr_line' id='line_1_92' title="bbox 278 2666 1091 2699; baseline -0.001 -8"><span class='ocrx_word' id='word_1_640' title='bbox 278 2667 380 2692; x_wconf 85' lang='lat' dir='ltr'><strong>Malchi</strong></span> <span class='ocrx_word' id='word_1_641' title='bbox 394 2668 523 2692; x_wconf 86' lang='lat' dir='ltr'><strong>monachi</strong></span> <span class='ocrx_word' id='word_1_642' title='bbox 541 2675 546 2691; x_wconf 89' lang='lat'><strong>:</strong></span> <span class='ocrx_word' id='word_1_643' title='bbox 563 2677 575 2689; x_wconf 84' lang='lat'><em>«</em></span> <span class='ocrx_word' id='word_1_644' title='bbox 590 2667 680 2692; x_wconf 85' lang='lat' dir='ltr'><strong>Habet</strong></span> <span class='ocrx_word' id='word_1_645' title='bbox 693 2670 719 2692; x_wconf 89' lang='lat' dir='ltr'><strong>et</strong></span> <span class='ocrx_word' id='word_1_646' title='bbox 735 2670 842 2693; x_wconf 87' lang='lat' dir='ltr'><strong>servata</strong></span> <span class='ocrx_word' id='word_1_647' title='bbox 864 2666 997 2699; x_wconf 83' lang='lat' dir='ltr'><strong>pudicitia</strong></span> <span class='ocrx_word' id='word_1_648' title='bbox 1019 2673 1091 2690; x_wconf 85' lang='lat' dir='ltr'><strong>mar—</strong></span> 
     </span>
    </p>
   </div>
   <div class='ocr_carea' id='block_1_93' title="bbox 278 2701 1091 2734">
    <p class='ocr_par' dir='ltr' id='par_1_93' title="bbox 278 2701 1091 2734">
     <span class='ocr_line' id='line_1_93' title="bbox 278 2701 1091 2734; baseline -0.001 -8"><span class='ocrx_word' id='word_1_649' title='bbox 278 2702 380 2734; x_wconf 85' lang='lat' dir='ltr'><strong>tyrium</strong></span> <span class='ocrx_word' id='word_1_650' title='bbox 401 2709 492 2727; x_wconf 89' lang='lat' dir='ltr'><strong>suum.</strong></span> <span class='ocrx_word' id='word_1_651' title='bbox 516 2710 530 2726; x_wconf 81' lang='grc'><em>›</em></span> <span class='ocrx_word' id='word_1_652' title='bbox 547 2702 666 2728; x_wconf 88' lang='lat' dir='ltr'><strong>Sanctus</strong></span> <span class='ocrx_word' id='word_1_653' title='bbox 691 2703 854 2728; x_wconf 82' lang='lat' dir='ltr'><strong>Ambrosius</strong></span> <span class='ocrx_word' id='word_1_654' title='bbox 873 2704 900 2726; x_wconf 90' lang='lat' dir='ltr'><strong>in</strong></span> <span class='ocrx_word' id='word_1_655' title='bbox 923 2701 1041 2733; x_wconf 74' lang='lat' dir='ltr'><strong>Epistola</strong></span> <span class='ocrx_word' id='word_1_656' title='bbox 1057 2701 1091 2725; x_wconf 83' lang='lat' dir='ltr'><strong>ad</strong></span> 
     </span>
    </p>
   </div>
   <div class='ocr_carea' id='block_1_94' title="bbox 277 2737 1092 2770">
    <p class='ocr_par' dir='ltr' id='par_1_94' title="bbox 277 2737 1092 2770">
     <span class='ocr_line' id='line_1_94' title="bbox 277 2737 1092 2770; baseline 0 -8"><span class='ocrx_word' id='word_1_657' title='bbox 277 2737 479 2770; x_wconf 72' lang='lat' dir='ltr'><strong>Simplicianum</strong></span> <span class='ocrx_word' id='word_1_658' title='bbox 504 2747 508 2763; x_wconf 97' lang='lat'>:</span> <span class='ocrx_word' id='word_1_659' title='bbox 532 2747 545 2761; x_wconf 89' lang='lat'><strong><em>«</em></strong></span> <span class='ocrx_word' id='word_1_660' title='bbox 567 2738 638 2763; x_wconf 89' lang='lat' dir='ltr'><strong>Sunt</strong></span> <span class='ocrx_word' id='word_1_661' title='bbox 659 2739 739 2763; x_wconf 90' lang='lat' dir='ltr'><strong>nobis</strong></span> <span class='ocrx_word' id='word_1_662' title='bbox 759 2738 887 2770; x_wconf 62' lang='lat' dir='ltr'><strong>quaedam</strong></span> <span class='ocrx_word' id='word_1_663' title='bbox 919 2740 945 2762; x_wconf 89' lang='lat' dir='ltr'><strong>et</strong></span> <span class='ocrx_word' id='word_1_664' title='bbox 973 2737 1001 2761; x_wconf 88' lang='lat' dir='ltr'><strong>in</strong></span> <span class='ocrx_word' id='word_1_665' title='bbox 1024 2743 1092 2768; x_wconf 83' lang='lat' dir='ltr'><strong>pace</strong></span> 
     </span>
    </p>
   </div>
   <div class='ocr_carea' id='block_1_95' title="bbox 275 2773 646 2805">
    <p class='ocr_par' dir='ltr' id='par_1_95' title="bbox 275 2773 646 2805">
     <span class='ocr_line' id='line_1_95' title="bbox 275 2773 646 2805; baseline -0.003 -8"><span class='ocrx_word' id='word_1_666' title='bbox 275 2773 371 2805; x_wconf 68' lang='lat' dir='ltr'><strong>praelia</strong></span> <span class='ocrx_word' id='word_1_667' title='bbox 383 2775 411 2798; x_wconf 88' lang='lat' dir='ltr'><strong>et</strong></span> <span class='ocrx_word' id='word_1_668' title='bbox 426 2774 453 2797; x_wconf 93' lang='lat' dir='ltr'><strong>in</strong></span> <span class='ocrx_word' id='word_1_669' title='bbox 468 2773 541 2798; x_wconf 89' lang='lat' dir='ltr'><strong>bello</strong></span> <span class='ocrx_word' id='word_1_670' title='bbox 556 2780 617 2805; x_wconf 81' lang='lat' dir='ltr'><strong>pax.</strong></span> <span class='ocrx_word' id='word_1_671' title='bbox 632 2782 646 2796; x_wconf 82' lang='lat'><strong><em>»</em></strong></span> 
     </span>
    </p>
   </div>
   <div class='ocr_carea' id='block_1_96' title="bbox 309 2808 1013 2839">
    <p class='ocr_par' dir='ltr' id='par_1_96' title="bbox 309 2808 1013 2839">
     <span class='ocr_line' id='line_1_96' title="bbox 309 2808 1013 2839; baseline 0 -7"><span class='ocrx_word' id='word_1_672' title='bbox 309 2808 360 2839; x_wconf 73' lang='lat'><strong>(92)</strong></span> <span class='ocrx_word' id='word_1_673' title='bbox 376 2809 439 2839; x_wconf 85' lang='lat' dir='ltr'><strong>Opto</strong></span> <span class='ocrx_word' id='word_1_674' title='bbox 454 2816 505 2833; x_wconf 71' lang='lat' dir='ltr'><strong>vos.</strong></span> <span class='ocrx_word' id='word_1_675' title='bbox 523 2809 591 2834; x_wconf 77' lang='lat' dir='ltr'><strong>Haec</strong></span> <span class='ocrx_word' id='word_1_676' title='bbox 603 2809 704 2833; x_wconf 84' lang='lat' dir='ltr'><strong>desunt</strong></span> <span class='ocrx_word' id='word_1_677' title='bbox 716 2809 743 2832; x_wconf 90' lang='lat' dir='ltr'><strong>in</strong></span> <span class='ocrx_word' id='word_1_678' title='bbox 760 2808 830 2833; x_wconf 91' lang='lat' dir='ltr'><strong>libro</strong></span> <span class='ocrx_word' id='word_1_679' title='bbox 843 2808 1013 2833; x_wconf 86' lang='lat' dir='ltr'><strong>Carnotensi.</strong></span> 
     </span>
    </p>
   </div>
   <div class='ocr_carea' id='block_1_97' title="bbox 308 2843 1093 2876">
    <p class='ocr_par' dir='ltr' id='par_1_97' title="bbox 308 2843 1093 2876">
     <span class='ocr_line' id='line_1_97' title="bbox 308 2843 1093 2876; baseline -0.001 -8"><span class='ocrx_word' id='word_1_680' title='bbox 308 2844 356 2875; x_wconf 65' lang='lat'><strong>(9:1)</strong></span> <span class='ocrx_word' id='word_1_681' title='bbox 385 2844 528 2876; x_wconf 85' lang='lat' dir='ltr'><strong>Inscriptio</strong></span> <span class='ocrx_word' id='word_1_682' title='bbox 562 2844 650 2875; x_wconf 89' lang='lat' dir='ltr'><strong>ipsius</strong></span> <span class='ocrx_word' id='word_1_683' title='bbox 679 2844 810 2876; x_wconf 61' lang='lat' dir='ltr'><strong>epistolae,</strong></span> <span class='ocrx_word' id='word_1_684' title='bbox 847 2843 1002 2875; x_wconf 88' lang='lat' dir='ltr'><strong>cujusmodi</strong></span> <span class='ocrx_word' id='word_1_685' title='bbox 1033 2843 1093 2868; x_wconf 87' lang='lat' dir='ltr'><strong>istic</strong></span> 
     </span>
    </p>
   </div>
   <div class='ocr_carea' id='block_1_98' title="bbox 277 2878 1092 2912">
    <p class='ocr_par' dir='ltr' id='par_1_98' title="bbox 277 2878 1092 2912">
     <span class='ocr_line' id='line_1_98' title="bbox 277 2878 1092 2912; baseline -0.004 -7"><span class='ocrx_word' id='word_1_686' title='bbox 277 2880 396 2911; x_wconf 88' lang='lat' dir='ltr'><strong>ponitur,</strong></span> <span class='ocrx_word' id='word_1_687' title='bbox 411 2879 548 2912; x_wconf 82' lang='lat' dir='ltr'><strong>descripta</strong></span> <span class='ocrx_word' id='word_1_688' title='bbox 571 2882 612 2905; x_wconf 85' lang='lat' dir='ltr'><strong>est</strong></span> <span class='ocrx_word' id='word_1_689' title='bbox 632 2887 665 2905; x_wconf 85' lang='lat' dir='ltr'><strong>ex</strong></span> <span class='ocrx_word' id='word_1_690' title='bbox 688 2879 784 2905; x_wconf 82' lang='lat' dir='ltr'><strong>codice</strong></span> <span class='ocrx_word' id='word_1_691' title='bbox 808 2881 901 2905; x_wconf 89' lang='lat' dir='ltr'><strong>nostro</strong></span> <span class='ocrx_word' id='word_1_692' title='bbox 925 2878 1092 2908; x_wconf 83' lang='lat' dir='ltr'><strong>Fossatensi,</strong></span> 
     </span>
    </p>
   </div>
   <div class='ocr_carea' id='block_1_99' title="bbox 276 2914 1093 2947">
    <p class='ocr_par' dir='ltr' id='par_1_99' title="bbox 276 2914 1093 2947">
     <span class='ocr_line' id='line_1_99' title="bbox 276 2914 1093 2947; baseline -0.001 -7"><span class='ocrx_word' id='word_1_693' title='bbox 276 2921 309 2941; x_wconf 84' lang='lat' dir='ltr'><strong>ex</strong></span> <span class='ocrx_word' id='word_1_694' title='bbox 323 2917 415 2942; x_wconf 80' lang='lat' dir='ltr'><strong>vetere</strong></span> <span class='ocrx_word' id='word_1_695' title='bbox 436 2916 587 2947; x_wconf 87' lang='lat' dir='ltr'><strong>Victorino,</strong></span> <span class='ocrx_word' id='word_1_696' title='bbox 611 2923 645 2941; x_wconf 78' lang='lat' dir='ltr'><strong>ex</strong></span> <span class='ocrx_word' id='word_1_697' title='bbox 669 2915 844 2946; x_wconf 81' lang='lat' dir='ltr'><strong>Michaelino,</strong></span> <span class='ocrx_word' id='word_1_698' title='bbox 864 2917 888 2941; x_wconf 87' lang='lat' dir='ltr'><strong>et</strong></span> <span class='ocrx_word' id='word_1_699' title='bbox 915 2921 948 2940; x_wconf 83' lang='lat' dir='ltr'><strong>ex</strong></span> <span class='ocrx_word' id='word_1_700' title='bbox 974 2914 1093 2940; x_wconf 79' lang='lat' dir='ltr'><strong>editione</strong></span> 
     </span>
    </p>
   </div>
   <div class='ocr_carea' id='block_1_100' title="bbox 1146 1914 1953 1950">
    <p class='ocr_par' dir='ltr' id='par_1_100' title="bbox 1146 1914 1953 1950">
     <span class='ocr_line' id='line_1_100' title="bbox 1146 1914 1953 1950; baseline -0.006 -7"><span class='ocrx_word' id='word_1_701' title='bbox 1146 1918 1279 1950; x_wconf 81' lang='lat' dir='ltr'><strong>Spirensi,</strong></span> <span class='ocrx_word' id='word_1_702' title='bbox 1305 1920 1364 1942; x_wconf 92' lang='lat' dir='ltr'><strong>tum</strong></span> <span class='ocrx_word' id='word_1_703' title='bbox 1387 1917 1469 1942; x_wconf 84' lang='lat' dir='ltr'><strong>etiam</strong></span> <span class='ocrx_word' id='word_1_704' title='bbox 1489 1923 1523 1941; x_wconf 85' lang='lat' dir='ltr'><strong>ex</strong></span> <span class='ocrx_word' id='word_1_705' title='bbox 1548 1918 1641 1942; x_wconf 85' lang='lat' dir='ltr'><strong>vetere</strong></span> <span class='ocrx_word' id='word_1_706' title='bbox 1665 1915 1782 1941; x_wconf 88' lang='lat' dir='ltr'><strong>Veneta.</strong></span> <span class='ocrx_word' id='word_1_707' title='bbox 1809 1914 1953 1940; x_wconf 83' lang='lat' dir='ltr'><strong>Pessimum</strong></span> 
     </span>
    </p>
   </div>
   <div class='ocr_carea' id='block_1_101' title="bbox 1142 1951 1867 1984">
    <p class='ocr_par' dir='ltr' id='par_1_101' title="bbox 1142 1951 1867 1984">
     <span class='ocr_line' id='line_1_101' title="bbox 1142 1951 1867 1984; baseline -0.004 -6"><span class='ocrx_word' id='word_1_708' title='bbox 1142 1954 1217 1978; x_wconf 89' lang='lat' dir='ltr'><strong>illius</strong></span> <span class='ocrx_word' id='word_1_709' title='bbox 1230 1954 1412 1978; x_wconf 86' lang='lat' dir='ltr'><strong>summarium</strong></span> <span class='ocrx_word' id='word_1_710' title='bbox 1427 1954 1581 1984; x_wconf 89' lang='lat' dir='ltr'><strong>posuerunt</strong></span> <span class='ocrx_word' id='word_1_711' title='bbox 1593 1951 1675 1983; x_wconf 81' lang='lat' dir='ltr'><strong>Angli</strong></span> <span class='ocrx_word' id='word_1_712' title='bbox 1689 1951 1718 1976; x_wconf 90' lang='lat' dir='ltr'><strong>in</strong></span> <span class='ocrx_word' id='word_1_713' title='bbox 1734 1951 1867 1982; x_wconf 84' lang='lat' dir='ltr'><strong>margine.</strong></span> 
     </span>
    </p>
   </div>
   <div class='ocr_carea' id='block_1_102' title="bbox 1174 1985 1953 2019">
    <p class='ocr_par' dir='ltr' id='par_1_102' title="bbox 1174 1985 1953 2019">
     <span class='ocr_line' id='line_1_102' title="bbox 1174 1985 1953 2019; baseline -0.005 -5"><span class='ocrx_word' id='word_1_714' title='bbox 1174 1990 1222 2019; x_wconf 78' lang='grc'><strong>(94)</strong></span> <span class='ocrx_word' id='word_1_715' title='bbox 1247 1989 1403 2013; x_wconf 70' lang='lat' dir='ltr'><strong>Patientia&quot;!</strong></span> <span class='ocrx_word' id='word_1_716' title='bbox 1420 1988 1499 2012; x_wconf 79' lang='lat' dir='ltr'><strong>tenui.</strong></span> <span class='ocrx_word' id='word_1_717' title='bbox 1513 1987 1649 2012; x_wconf 84' lang='lat' dir='ltr'><strong>Arcadius</strong></span> <span class='ocrx_word' id='word_1_718' title='bbox 1665 1988 1692 2011; x_wconf 89' lang='lat' dir='ltr'><strong>et</strong></span> <span class='ocrx_word' id='word_1_719' title='bbox 1711 1986 1856 2011; x_wconf 85' lang='lat' dir='ltr'><strong>Honorius</strong></span> <span class='ocrx_word' id='word_1_720' title='bbox 1870 1985 1953 2016; x_wconf 77' lang='lat' dir='ltr'><strong>impe-</strong></span> 
     </span>
    </p>
   </div>
   <div class='ocr_carea' id='block_1_103' title="bbox 1143 2019 1954 2054">
    <p class='ocr_par' dir='ltr' id='par_1_103' title="bbox 1143 2019 1954 2054">
     <span class='ocr_line' id='line_1_103' title="bbox 1143 2019 1954 2054; baseline -0.006 -5"><span class='ocrx_word' id='word_1_721' title='bbox 1143 2028 1247 2049; x_wconf 87' lang='lat' dir='ltr'><strong>ratores</strong></span> <span class='ocrx_word' id='word_1_722' title='bbox 1261 2025 1307 2049; x_wconf 91' lang='lat' dir='ltr'><strong>lib.</strong></span> <span class='ocrx_word' id='word_1_723' title='bbox 1325 2031 1375 2049; x_wconf 75' lang='lat' dir='ltr'><strong>xni</strong></span> <span class='ocrx_word' id='word_1_724' title='bbox 1393 2024 1454 2049; x_wconf 82' lang='lat' dir='ltr'><strong>Cod.</strong></span> <span class='ocrx_word' id='word_1_725' title='bbox 1474 2023 1606 2054; x_wconf 82' lang='lat' dir='ltr'><strong>Theodos.,</strong></span> <span class='ocrx_word' id='word_1_726' title='bbox 1620 2022 1654 2048; x_wconf 84' lang='lat' dir='ltr'><strong>de</strong></span> <span class='ocrx_word' id='word_1_727' title='bbox 1674 2021 1882 2048; x_wconf 84' lang='lat' dir='ltr'><strong>desertoribus:</strong></span> <span class='ocrx_word' id='word_1_728' title='bbox 1898 2029 1911 2043; x_wconf 72' lang='grc' dir='ltr'>α</span> <span class='ocrx_word' id='word_1_729' title='bbox 1923 2019 1954 2045; x_wconf 87' lang='lat' dir='ltr'><strong>Ut</strong></span> 
     </span>
    </p>
   </div>
   <div class='ocr_carea' id='block_1_104' title="bbox 1143 2061 1578 2092">
    <p class='ocr_par' dir='ltr' id='par_1_104' title="bbox 1143 2061 1578 2092">
     <span class='ocr_line' id='line_1_104' title="bbox 1143 2061 1578 2092; baseline -0.014 -6"><span class='ocrx_word' id='word_1_730' title='bbox 1143 2063 1171 2086; x_wconf 88' lang='lat' dir='ltr'><strong>in</strong></span> <span class='ocrx_word' id='word_1_731' title='bbox 1186 2062 1229 2086; x_wconf 88' lang='lat' dir='ltr'><strong>bis</strong></span> <span class='ocrx_word' id='word_1_732' title='bbox 1242 2061 1401 2092; x_wconf 86' lang='lat' dir='ltr'><strong>patientiam</strong></span> <span class='ocrx_word' id='word_1_733' title='bbox 1417 2062 1551 2083; x_wconf 84' lang='lat' dir='ltr'><strong>tenemus.</strong></span> <span class='ocrx_word' id='word_1_734' title='bbox 1565 2067 1578 2080; x_wconf 87' lang='lat'><em>»</em></span> 
     </span>
    </p>
   </div>
   <div class='ocr_carea' id='block_1_105' title="bbox 1173 2089 1954 2127">
    <p class='ocr_par' dir='ltr' id='par_1_105' title="bbox 1173 2089 1954 2127">
     <span class='ocr_line' id='line_1_105' title="bbox 1173 2089 1954 2127; baseline -0.006 -6"><span class='ocrx_word' id='word_1_735' title='bbox 1173 2089 1325 2127; x_wconf 72' lang='grc' dir='ltr'><strong>(95)Ᾱ1ιί]υι’</strong></span> <span class='ocrx_word' id='word_1_736' title='bbox 1343 2095 1374 2119; x_wconf 83' lang='lat' dir='ltr'><strong>de</strong></span> <span class='ocrx_word' id='word_1_737' title='bbox 1388 2094 1555 2126; x_wconf 78' lang='lat' dir='ltr'><strong>presbyteris.</strong></span> <span class='ocrx_word' id='word_1_738' title='bbox 1575 2093 1656 2124; x_wconf 83' lang='lat' dir='ltr'><strong>Angli</strong></span> <span class='ocrx_word' id='word_1_739' title='bbox 1675 2094 1775 2124; x_wconf 87' lang='lat' dir='ltr'><strong>putant</strong></span> <span class='ocrx_word' id='word_1_740' title='bbox 1796 2092 1844 2117; x_wconf 84' lang='lat' dir='ltr'><strong>hic</strong></span> <span class='ocrx_word' id='word_1_741' title='bbox 1856 2090 1903 2127; x_wconf 71' lang='lat' dir='ltr'><strong>agi</strong></span> <span class='ocrx_word' id='word_1_742' title='bbox 1923 2089 1954 2127; x_wconf 66' lang='lat' dir='ltr'><strong>fle</strong></span> 
     </span>
    </p>
   </div>
   <div class='ocr_carea' id='block_1_106' title="bbox 1142 2124 1954 2164">
    <p class='ocr_par' dir='ltr' id='par_1_106' title="bbox 1142 2124 1954 2164">
     <span class='ocr_line' id='line_1_106' title="bbox 1142 2124 1954 2164; baseline -0.007 -8"><span class='ocrx_word' id='word_1_743' title='bbox 1142 2124 1267 2164; x_wconf 74' lang='lat' dir='ltr'><strong>quinque</strong></span> <span class='ocrx_word' id='word_1_744' title='bbox 1282 2124 1456 2162; x_wconf 71' lang='lat' dir='ltr'><strong>presbyteris</strong></span> <span class='ocrx_word' id='word_1_745' title='bbox 1475 2128 1632 2157; x_wconf 81' lang='lat' dir='ltr'><strong>seditiosis;</strong></span> <span class='ocrx_word' id='word_1_746' title='bbox 1651 2128 1686 2152; x_wconf 85' lang='lat' dir='ltr'><strong>de</strong></span> <span class='ocrx_word' id='word_1_747' title='bbox 1704 2127 1812 2160; x_wconf 82' lang='lat' dir='ltr'><strong>quibus</strong></span> <span class='ocrx_word' id='word_1_748' title='bbox 1834 2124 1954 2151; x_wconf 71' lang='lat' dir='ltr'><strong>videnda)</strong></span> 
     </span>
    </p>
   </div>
   <div class='ocr_carea' id='block_1_107' title="bbox 1143 2164 1584 2196">
    <p class='ocr_par' dir='ltr' id='par_1_107' title="bbox 1143 2164 1584 2196">
     <span class='ocr_line' id='line_1_107' title="bbox 1143 2164 1584 2196; baseline -0.011 -4"><span class='ocrx_word' id='word_1_749' title='bbox 1143 2170 1214 2191; x_wconf 73' lang='lat' dir='ltr'><strong>uotae</strong></span> <span class='ocrx_word' id='word_1_750' title='bbox 1224 2169 1327 2191; x_wconf 78' lang='lat' dir='ltr'><strong>nostras</strong></span> <span class='ocrx_word' id='word_1_751' title='bbox 1340 2165 1373 2189; x_wconf 84' lang='lat' dir='ltr'><strong>ad</strong></span> <span class='ocrx_word' id='word_1_752' title='bbox 1387 2164 1531 2196; x_wconf 87' lang='lat' dir='ltr'><strong>epistolam</strong></span> <span class='ocrx_word' id='word_1_753' title='bbox 1546 2164 1584 2188; x_wconf 79' lang='lat'><strong>38.</strong></span> 
     </span>
    </p>
   </div>
   <div class='ocr_carea' id='block_1_108' title="bbox 1174 2195 1956 2232">
    <p class='ocr_par' dir='ltr' id='par_1_108' title="bbox 1174 2195 1956 2232">
     <span class='ocr_line' id='line_1_108' title="bbox 1174 2195 1956 2232; baseline -0.012 -5"><span class='ocrx_word' id='word_1_754' title='bbox 1174 2203 1222 2232; x_wconf 81' lang='grc'><strong>(96)</strong></span> <span class='ocrx_word' id='word_1_755' title='bbox 1236 2195 1447 2226; x_wconf 74' lang='lat' dir='ltr'><strong>Antecessoribus</strong></span> <span class='ocrx_word' id='word_1_756' title='bbox 1470 2200 1574 2224; x_wconf 77' lang='lat' dir='ltr'><strong>nostris.</strong></span> <span class='ocrx_word' id='word_1_757' title='bbox 1601 2198 1682 2228; x_wconf 85' lang='lat' dir='ltr'><strong>Infra,</strong></span> <span class='ocrx_word' id='word_1_758' title='bbox 1698 2198 1781 2230; x_wconf 81' lang='lat' dir='ltr'><strong>epist.</strong></span> <span class='ocrx_word' id='word_1_759' title='bbox 1796 2197 1837 2227; x_wconf 85' lang='lat'><strong>70,</strong></span> <span class='ocrx_word' id='word_1_760' title='bbox 1851 2196 1884 2222; x_wconf 83' lang='lat' dir='ltr'><strong>ad</strong></span> <span class='ocrx_word' id='word_1_761' title='bbox 1903 2195 1956 2227; x_wconf 86' lang='lat' dir='ltr'><strong>epi-</strong></span> 
     </span>
    </p>
   </div>
   <div class='ocr_carea' id='block_1_109' title="bbox 1142 2234 1954 2269">
    <p class='ocr_par' dir='ltr' id='par_1_109' title="bbox 1142 2234 1954 2269">
     <span class='ocr_line' id='line_1_109' title="bbox 1142 2234 1954 2269; baseline -0.01 -6"><span class='ocrx_word' id='word_1_762' title='bbox 1142 2244 1240 2269; x_wconf 88' lang='lat' dir='ltr'><strong>scopos</strong></span> <span class='ocrx_word' id='word_1_763' title='bbox 1254 2236 1386 2262; x_wconf 86' lang='lat' dir='ltr'><strong>Numidas</strong></span> <span class='ocrx_word' id='word_1_764' title='bbox 1405 2244 1409 2259; x_wconf 90' lang='lat'>:</span> <span class='ocrx_word' id='word_1_765' title='bbox 1425 2243 1438 2257; x_wconf 86' lang='grc'><strong>‹‹</strong></span> <span class='ocrx_word' id='word_1_766' title='bbox 1453 2234 1625 2259; x_wconf 87' lang='lat' dir='ltr'><strong>Sententiam</strong></span> <span class='ocrx_word' id='word_1_767' title='bbox 1644 2235 1771 2259; x_wconf 83' lang='lat' dir='ltr'><strong>nostram</strong></span> <span class='ocrx_word' id='word_1_768' title='bbox 1791 2239 1848 2269; x_wconf 82' lang='lat' dir='ltr'><strong>non</strong></span> <span class='ocrx_word' id='word_1_769' title='bbox 1862 2236 1954 2269; x_wconf 79' lang='lat' dir='ltr'><strong>novam</strong></span> 
     </span>
    </p>
   </div>
   <div class='ocr_carea' id='block_1_110' title="bbox 1101 2266 1955 2305">
    <p class='ocr_par' dir='ltr' id='par_1_110' title="bbox 1101 2266 1955 2305">
     <span class='ocr_line' id='line_1_110' title="bbox 1101 2266 1955 2305; baseline -0.011 -7"><span class='ocrx_word' id='word_1_770' title='bbox 1101 2270 1130 2305; x_wconf 88' lang='lat' dir='ltr'><strong>D</strong></span> <span class='ocrx_word' id='word_1_771' title='bbox 1142 2266 1304 2305; x_wconf 78' lang='lat' dir='ltr'><strong>promimus,</strong></span> <span class='ocrx_word' id='word_1_772' title='bbox 1320 2271 1368 2296; x_wconf 89' lang='lat' dir='ltr'><strong>sed</strong></span> <span class='ocrx_word' id='word_1_773' title='bbox 1379 2272 1434 2302; x_wconf 84' lang='lat' dir='ltr'><strong>jam</strong></span> <span class='ocrx_word' id='word_1_774' title='bbox 1450 2269 1556 2301; x_wconf 86' lang='lat' dir='ltr'><strong>pridem</strong></span> <span class='ocrx_word' id='word_1_775' title='bbox 1568 2269 1603 2293; x_wconf 85' lang='lat' dir='ltr'><strong>ab</strong></span> <span class='ocrx_word' id='word_1_776' title='bbox 1617 2266 1955 2305; x_wconf 80' lang='lat' dir='ltr'><strong>antecessoribus_nos_tris</strong></span> 
     </span>
    </p>
   </div>
   <div class='ocr_carea' id='block_1_111' title="bbox 1142 2301 1955 2337">
    <p class='ocr_par' dir='ltr' id='par_1_111' title="bbox 1142 2301 1955 2337">
     <span class='ocr_line' id='line_1_111' title="bbox 1142 2301 1955 2337; baseline -0.009 -4"><span class='ocrx_word' id='word_1_777' title='bbox 1142 2301 1282 2333; x_wconf 78' lang='lat' dir='ltr'><strong>statutam.</strong></span> <span class='ocrx_word' id='word_1_778' title='bbox 1305 2316 1318 2330; x_wconf 88' lang='grc'><strong>››</strong></span> <span class='ocrx_word' id='word_1_779' title='bbox 1345 2301 1404 2330; x_wconf 85' lang='lat' dir='ltr'><strong>Non</strong></span> <span class='ocrx_word' id='word_1_780' title='bbox 1426 2306 1515 2337; x_wconf 76' lang='lat' dir='ltr'><strong>agitur</strong></span> <span class='ocrx_word' id='word_1_781' title='bbox 1535 2305 1598 2329; x_wconf 88' lang='lat' dir='ltr'><strong>istic</strong></span> <span class='ocrx_word' id='word_1_782' title='bbox 1622 2304 1656 2329; x_wconf 87' lang='lat' dir='ltr'><strong>de</strong></span> <span class='ocrx_word' id='word_1_783' title='bbox 1677 2304 1818 2336; x_wconf 88' lang='lat' dir='ltr'><strong>episcopis</strong></span> <span class='ocrx_word' id='word_1_784' title='bbox 1844 2301 1955 2331; x_wconf 52' lang='lat' dir='ltr'><strong>Cartha,—</strong></span> 
     </span>
    </p>
   </div>
   <div class='ocr_carea' id='block_1_112' title="bbox 1142 2338 1955 2377">
    <p class='ocr_par' dir='ltr' id='par_1_112' title="bbox 1142 2338 1955 2377">
     <span class='ocr_line' id='line_1_112' title="bbox 1142 2338 1955 2377; baseline -0.011 -7"><span class='ocrx_word' id='word_1_785' title='bbox 1142 2344 1304 2377; x_wconf 80' lang='lat' dir='ltr'><strong>ginensibus</strong></span> <span class='ocrx_word' id='word_1_786' title='bbox 1323 2341 1546 2377; x_wconf 59' lang='lat' dir='ltr'><strong>antecessoribps</strong></span> <span class='ocrx_word' id='word_1_787' title='bbox 1563 2339 1781 2377; x_wconf 73' lang='lat' dir='ltr'><strong>Cypriani,_sed</strong></span> <span class='ocrx_word' id='word_1_788' title='bbox 1804 2339 1834 2363; x_wconf 90' lang='lat' dir='ltr'><strong>in</strong></span> <span class='ocrx_word' id='word_1_789' title='bbox 1851 2338 1955 2377; x_wconf 52' lang='lat' dir='ltr'><strong>uuifer-</strong></span> 
     </span>
    </p>
   </div>
   <div class='ocr_carea' id='block_1_113' title="bbox 1142 2372 1956 2410">
    <p class='ocr_par' dir='ltr' id='par_1_113' title="bbox 1142 2372 1956 2410">
     <span class='ocr_line' id='line_1_113' title="bbox 1142 2372 1956 2410; baseline -0.009 -6"><span class='ocrx_word' id='word_1_790' title='bbox 1142 2372 1203 2404; x_wconf 67' lang='lat' dir='ltr'><strong>sum</strong></span> <span class='ocrx_word' id='word_1_791' title='bbox 1218 2380 1252 2404; x_wconf 87' lang='lat' dir='ltr'><strong>de</strong></span> <span class='ocrx_word' id='word_1_792' title='bbox 1271 2378 1411 2410; x_wconf 88' lang='lat' dir='ltr'><strong>episcopis</strong></span> <span class='ocrx_word' id='word_1_793' title='bbox 1432 2377 1480 2408; x_wconf 87' lang='lat' dir='ltr'><strong>qui</strong></span> <span class='ocrx_word' id='word_1_794' title='bbox 1506 2375 1660 2400; x_wconf 88' lang='lat' dir='ltr'><strong>Ecclesiam</strong></span> <span class='ocrx_word' id='word_1_795' title='bbox 1682 2372 1956 2410; x_wconf 19' lang='lat' dir='ltr'><strong>Africanamrgnber-</strong></span> 
     </span>
    </p>
   </div>
   <div class='ocr_carea' id='block_1_114' title="bbox 1141 2408 1954 2444">
    <p class='ocr_par' dir='ltr' id='par_1_114' title="bbox 1141 2408 1954 2444">
     <span class='ocr_line' id='line_1_114' title="bbox 1141 2408 1954 2444; baseline -0.009 -4"><span class='ocrx_word' id='word_1_796' title='bbox 1141 2417 1278 2440; x_wconf 86' lang='lat' dir='ltr'><strong>naverunt</strong></span> <span class='ocrx_word' id='word_1_797' title='bbox 1289 2408 1356 2438; x_wconf 73' lang='lat' dir='ltr'><strong>ante</strong></span> <span class='ocrx_word' id='word_1_798' title='bbox 1376 2413 1555 2444; x_wconf 78' lang='lat' dir='ltr'><strong>Cyprianum,</strong></span> <span class='ocrx_word' id='word_1_799' title='bbox 1575 2410 1609 2435; x_wconf 84' lang='lat' dir='ltr'><strong>de</strong></span> <span class='ocrx_word' id='word_1_800' title='bbox 1631 2410 1813 2442; x_wconf 75' lang='lat' dir='ltr'><strong>septuaginta</strong></span> <span class='ocrx_word' id='word_1_801' title='bbox 1831 2408 1954 2444; x_wconf 66' lang='lat' dir='ltr'><strong>nimirun}</strong></span> 
     </span>
    </p>
   </div>
   <div class='ocr_carea' id='block_1_115' title="bbox 1142 2442 1956 2483">
    <p class='ocr_par' dir='ltr' id='par_1_115' title="bbox 1142 2442 1956 2483">
     <span class='ocr_line' id='line_1_115' title="bbox 1142 2442 1956 2483; baseline -0.011 -7"><span class='ocrx_word' id='word_1_802' title='bbox 1142 2451 1279 2483; x_wconf 87' lang='lat' dir='ltr'><strong>episcopis</strong></span> <span class='ocrx_word' id='word_1_803' title='bbox 1312 2442 1574 2481; x_wconf 40' lang='lat' dir='ltr'><strong>quos-interfuisse</strong></span> <span class='ocrx_word' id='word_1_804' title='bbox 1614 2446 1736 2483; x_wconf 81' lang='lat' dir='ltr'><strong>concilio</strong></span> <span class='ocrx_word' id='word_1_805' title='bbox 1767 2445 1872 2483; x_wconf 57' lang='lat' dir='ltr'><strong>habito</strong></span> <span class='ocrx_word' id='word_1_806' title='bbox 1908 2442 1956 2481; x_wconf 80' lang='lat' dir='ltr'><strong>sub</strong></span> 
     </span>
    </p>
   </div>
   <div class='ocr_carea' id='block_1_116' title="bbox 1141 2479 1956 2518">
    <p class='ocr_par' dir='ltr' id='par_1_116' title="bbox 1141 2479 1956 2518">
     <span class='ocr_line' id='line_1_116' title="bbox 1141 2479 1956 2518; baseline -0.01 -7"><span class='ocrx_word' id='word_1_807' title='bbox 1141 2479 1294 2518; x_wconf 44' lang='lat' dir='ltr'><strong>A-grippino</strong></span> <span class='ocrx_word' id='word_1_808' title='bbox 1306 2479 1386 2509; x_wconf 73' lang='lat' dir='ltr'><strong>docet</strong></span> <span class='ocrx_word' id='word_1_809' title='bbox 1400 2485 1513 2508; x_wconf 88' lang='lat' dir='ltr'><strong>sanctus</strong></span> <span class='ocrx_word' id='word_1_810' title='bbox 1527 2482 1710 2518; x_wconf 82' lang='lat' dir='ltr'><strong>Augustinus,</strong></span> <span class='ocrx_word' id='word_1_811' title='bbox 1720 2481 1750 2506; x_wconf 90' lang='lat' dir='ltr'><strong>in</strong></span> <span class='ocrx_word' id='word_1_812' title='bbox 1765 2479 1956 2518; x_wconf 59' lang='lat' dir='ltr'><strong>librqdaanico</strong></span> 
     </span>
    </p>
   </div>
   <div class='ocr_carea' id='block_1_117' title="bbox 1142 2515 1955 2554">
    <p class='ocr_par' dir='ltr' id='par_1_117' title="bbox 1142 2515 1955 2554">
     <span class='ocr_line' id='line_1_117' title="bbox 1142 2515 1955 2554; baseline -0.012 -7"><span class='ocrx_word' id='word_1_813' title='bbox 1142 2515 1286 2554; x_wconf 52' lang='lat' dir='ltr'><strong>Raptis-mo,</strong></span> <span class='ocrx_word' id='word_1_814' title='bbox 1300 2522 1394 2545; x_wconf 83' lang='lat' dir='ltr'><strong>contra</strong></span> <span class='ocrx_word' id='word_1_815' title='bbox 1411 2519 1586 2548; x_wconf 84' lang='lat' dir='ltr'><strong>Petilianum,</strong></span> <span class='ocrx_word' id='word_1_816' title='bbox 1603 2519 1629 2542; x_wconf 88' lang='lat' dir='ltr'><strong>et</strong></span> <span class='ocrx_word' id='word_1_817' title='bbox 1646 2517 1692 2542; x_wconf 86' lang='lat' dir='ltr'><strong>lib.</strong></span> <span class='ocrx_word' id='word_1_818' title='bbox 1711 2522 1742 2541; x_wconf 84' lang='lat' dir='ltr'><strong>in</strong></span> <span class='ocrx_word' id='word_1_819' title='bbox 1765 2515 1798 2540; x_wconf 80' lang='lat' dir='ltr'><strong>de</strong></span> <span class='ocrx_word' id='word_1_820' title='bbox 1823 2515 1955 2545; x_wconf 81' lang='lat' dir='ltr'><strong>Baptimo,</strong></span> 
     </span>
    </p>
   </div>
   <div class='ocr_carea' id='block_1_118' title="bbox 1141 2554 1546 2586">
    <p class='ocr_par' dir='ltr' id='par_1_118' title="bbox 1141 2554 1546 2586">
     <span class='ocr_line' id='line_1_118' title="bbox 1141 2554 1546 2586; baseline -0.012 -3"><span class='ocrx_word' id='word_1_821' title='bbox 1141 2560 1236 2583; x_wconf 84' lang='lat' dir='ltr'><strong>contra</strong></span> <span class='ocrx_word' id='word_1_822' title='bbox 1250 2556 1415 2585; x_wconf 85' lang='lat' dir='ltr'><strong>Donatistas,</strong></span> <span class='ocrx_word' id='word_1_823' title='bbox 1432 2561 1492 2586; x_wconf 80' lang='lat' dir='ltr'><strong>cap.</strong></span> <span class='ocrx_word' id='word_1_824' title='bbox 1507 2554 1546 2578; x_wconf 75' lang='grc'><strong>12.</strong></span> 
     </span>
    </p>
   </div>
   <div class='ocr_carea' id='block_1_119' title="bbox 1174 2588 1956 2624">
    <p class='ocr_par' dir='ltr' id='par_1_119' title="bbox 1174 2588 1956 2624">
     <span class='ocr_line' id='line_1_119' title="bbox 1174 2588 1956 2624; baseline -0.012 -7"><span class='ocrx_word' id='word_1_825' title='bbox 1174 2594 1222 2624; x_wconf 84' lang='grc'><strong>(97)</strong></span> <span class='ocrx_word' id='word_1_826' title='bbox 1236 2593 1370 2616; x_wconf 74' lang='grc' dir='ltr'><strong>Ρνοειναιιι</strong></span> <span class='ocrx_word' id='word_1_827' title='bbox 1390 2590 1479 2615; x_wconf 78' lang='lat' dir='ltr'><strong>salute.</strong></span> <span class='ocrx_word' id='word_1_828' title='bbox 1505 2589 1545 2614; x_wconf 83' lang='lat' dir='ltr'><strong>ita</strong></span> <span class='ocrx_word' id='word_1_829' title='bbox 1563 2588 1655 2613; x_wconf 84' lang='lat' dir='ltr'><strong>omnia</strong></span> <span class='ocrx_word' id='word_1_830' title='bbox 1665 2588 1727 2624; x_wconf 65' lang='lat' dir='ltr'><strong>fere</strong></span> <span class='ocrx_word' id='word_1_831' title='bbox 1747 2588 1844 2624; x_wconf 84' lang='lat' dir='ltr'><strong>vetera</strong></span> <span class='ocrx_word' id='word_1_832' title='bbox 1867 2590 1956 2624; x_wconf 81' lang='lat' dir='ltr'><strong>exem—</strong></span> 
     </span>
    </p>
   </div>
   <div class='ocr_carea' id='block_1_120' title="bbox 1142 2621 1958 2660">
    <p class='ocr_par' dir='ltr' id='par_1_120' title="bbox 1142 2621 1958 2660">
     <span class='ocr_line' id='line_1_120' title="bbox 1142 2621 1958 2660; baseline -0.012 -7"><span class='ocrx_word' id='word_1_833' title='bbox 1142 2621 1228 2660; x_wconf 78' lang='lat' dir='ltr'><strong>plaria</strong></span> <span class='ocrx_word' id='word_1_834' title='bbox 1243 2630 1269 2652; x_wconf 86' lang='lat' dir='ltr'><strong>et</strong></span> <span class='ocrx_word' id='word_1_835' title='bbox 1288 2627 1424 2652; x_wconf 83' lang='lat' dir='ltr'><strong>editiones</strong></span> <span class='ocrx_word' id='word_1_836' title='bbox 1443 2631 1540 2650; x_wconf 86' lang='lat' dir='ltr'><strong>omnes</strong></span> <span class='ocrx_word' id='word_1_837' title='bbox 1561 2626 1624 2649; x_wconf 86' lang='lat' dir='ltr'><strong>ante</strong></span> <span class='ocrx_word' id='word_1_838' title='bbox 1645 2623 1848 2652; x_wconf 82' lang='lat' dir='ltr'><strong>Manutianam,</strong></span> <span class='ocrx_word' id='word_1_839' title='bbox 1865 2621 1892 2645; x_wconf 89' lang='lat' dir='ltr'><strong>in</strong></span> <span class='ocrx_word' id='word_1_840' title='bbox 1909 2624 1958 2660; x_wconf 76' lang='lat' dir='ltr'><strong>qua</strong></span> 
     </span>
    </p>
   </div>
   <div class='ocr_carea' id='block_1_121' title="bbox 1142 2655 1957 2695">
    <p class='ocr_par' dir='ltr' id='par_1_121' title="bbox 1142 2655 1957 2695">
     <span class='ocr_line' id='line_1_121' title="bbox 1142 2655 1957 2695; baseline -0.011 -6"><span class='ocrx_word' id='word_1_841' title='bbox 1142 2655 1274 2695; x_wconf 76' lang='lat' dir='ltr'><strong>scriptum</strong></span> <span class='ocrx_word' id='word_1_842' title='bbox 1300 2665 1390 2687; x_wconf 77' lang='lat' dir='ltr'><strong>est:«</strong></span> <span class='ocrx_word' id='word_1_843' title='bbox 1419 2661 1521 2686; x_wconf 85' lang='lat' dir='ltr'><strong>Contra</strong></span> <span class='ocrx_word' id='word_1_844' title='bbox 1547 2661 1662 2684; x_wconf 83' lang='lat' dir='ltr'><strong>fratrum</strong></span> <span class='ocrx_word' id='word_1_845' title='bbox 1695 2660 1860 2683; x_wconf 86' lang='lat' dir='ltr'><strong>nostrorum</strong></span> <span class='ocrx_word' id='word_1_846' title='bbox 1880 2655 1957 2695; x_wconf 47' lang='lat' dir='ltr'><strong>satu:</strong></span> 
     </span>
    </p>
   </div>
   <div class='ocr_carea' id='block_1_122' title="bbox 1143 2692 1957 2726">
    <p class='ocr_par' dir='ltr' id='par_1_122' title="bbox 1143 2692 1957 2726">
     <span class='ocr_line' id='line_1_122' title="bbox 1143 2692 1957 2726; baseline -0.012 -2"><span class='ocrx_word' id='word_1_847' title='bbox 1143 2692 1206 2724; x_wconf 49' lang='lat' dir='ltr'><strong>tem:</strong></span> <span class='ocrx_word' id='word_1_848' title='bbox 1228 2708 1240 2721; x_wconf 70' lang='grc' dir='ltr'><strong>υ</strong></span> <span class='ocrx_word' id='word_1_849' title='bbox 1270 2698 1325 2723; x_wconf 90' lang='lat' dir='ltr'><strong>Sed</strong></span> <span class='ocrx_word' id='word_1_850' title='bbox 1356 2697 1428 2722; x_wconf 87' lang='lat' dir='ltr'><strong>hanc</strong></span> <span class='ocrx_word' id='word_1_851' title='bbox 1452 2696 1601 2721; x_wconf 86' lang='lat' dir='ltr'><strong>lectionem</strong></span> <span class='ocrx_word' id='word_1_852' title='bbox 1632 2700 1682 2726; x_wconf 87' lang='lat' dir='ltr'><strong>ego</strong></span> <span class='ocrx_word' id='word_1_853' title='bbox 1712 2700 1772 2719; x_wconf 90' lang='lat' dir='ltr'><strong>non</strong></span> <span class='ocrx_word' id='word_1_854' title='bbox 1799 2692 1886 2724; x_wconf 87' lang='lat' dir='ltr'><strong>reperi</strong></span> <span class='ocrx_word' id='word_1_855' title='bbox 1909 2692 1957 2714; x_wconf 71' lang='lat' dir='ltr'><strong>nisx</strong></span> 
     </span>
    </p>
   </div>
   <div class='ocr_carea' id='block_1_123' title="bbox 1143 2729 1957 2764">
    <p class='ocr_par' dir='ltr' id='par_1_123' title="bbox 1143 2729 1957 2764">
     <span class='ocr_line' id='line_1_123' title="bbox 1143 2729 1957 2764; baseline -0.011 -4"><span class='ocrx_word' id='word_1_856' title='bbox 1143 2736 1170 2759; x_wconf 90' lang='lat' dir='ltr'><strong>in</strong></span> <span class='ocrx_word' id='word_1_857' title='bbox 1202 2734 1312 2760; x_wconf 87' lang='lat' dir='ltr'><strong>duobus</strong></span> <span class='ocrx_word' id='word_1_858' title='bbox 1346 2732 1476 2764; x_wconf 83' lang='lat' dir='ltr'><strong>antiquis.</strong></span> <span class='ocrx_word' id='word_1_859' title='bbox 1503 2731 1669 2757; x_wconf 74' lang='lat' dir='ltr'><strong>Reinhartus</strong></span> <span class='ocrx_word' id='word_1_860' title='bbox 1706 2729 1811 2754; x_wconf 82' lang='lat' dir='ltr'><strong>maluit</strong></span> <span class='ocrx_word' id='word_1_861' title='bbox 1844 2730 1957 2764; x_wconf 77' lang='lat' dir='ltr'><strong>veterem</strong></span> 
     </span>
    </p>
   </div>
   <div class='ocr_carea' id='block_1_124' title="bbox 1142 2762 1957 2800">
    <p class='ocr_par' dir='ltr' id='par_1_124' title="bbox 1142 2762 1957 2800">
     <span class='ocr_line' id='line_1_124' title="bbox 1142 2762 1957 2800; baseline -0.011 -5"><span class='ocrx_word' id='word_1_862' title='bbox 1142 2771 1301 2796; x_wconf 86' lang='lat' dir='ltr'><strong>lectionem.</strong></span> <span class='ocrx_word' id='word_1_863' title='bbox 1321 2769 1389 2794; x_wconf 88' lang='lat' dir='ltr'><strong>Eam</strong></span> <span class='ocrx_word' id='word_1_864' title='bbox 1412 2762 1492 2800; x_wconf 76' lang='lat' dir='ltr'><strong>porro</strong></span> <span class='ocrx_word' id='word_1_865' title='bbox 1513 2767 1646 2798; x_wconf 87' lang='lat' dir='ltr'><strong>adjuvant</strong></span> <span class='ocrx_word' id='word_1_866' title='bbox 1665 2765 1731 2790; x_wconf 64' lang='lat' dir='ltr'><strong>hac</strong></span> <span class='ocrx_word' id='word_1_867' title='bbox 1750 2764 1836 2790; x_wconf 86' lang='lat' dir='ltr'><strong>verba</strong></span> <span class='ocrx_word' id='word_1_868' title='bbox 1858 2764 1884 2788; x_wconf 93' lang='lat' dir='ltr'><strong>in</strong></span> <span class='ocrx_word' id='word_1_869' title='bbox 1905 2762 1957 2793; x_wconf 87' lang='lat' dir='ltr'><strong>epi-</strong></span> 
     </span>
    </p>
   </div>
   <div class='ocr_carea' id='block_1_125' title="bbox 1143 2800 1958 2836">
    <p class='ocr_par' dir='ltr' id='par_1_125' title="bbox 1143 2800 1958 2836">
     <span class='ocr_line' id='line_1_125' title="bbox 1143 2800 1958 2836; baseline -0.009 -6"><span class='ocrx_word' id='word_1_870' title='bbox 1143 2806 1211 2830; x_wconf 86' lang='lat' dir='ltr'><strong>stola</strong></span> <span class='ocrx_word' id='word_1_871' title='bbox 1229 2806 1266 2835; x_wconf 88' lang='grc'><strong>11,</strong></span> <span class='ocrx_word' id='word_1_872' title='bbox 1293 2812 1354 2836; x_wconf 88' lang='lat' dir='ltr'><strong>pag.</strong></span> <span class='ocrx_word' id='word_1_873' title='bbox 1373 2804 1387 2828; x_wconf 73' lang='lat'><strong>2</strong></span> <span class='ocrx_word' id='word_1_874' title='bbox 1413 2812 1418 2827; x_wconf 88' lang='lat'>:</span> <span class='ocrx_word' id='word_1_875' title='bbox 1438 2812 1452 2827; x_wconf 64' lang='grc' dir='ltr'><strong>α</strong></span> <span class='ocrx_word' id='word_1_876' title='bbox 1475 2801 1679 2828; x_wconf 86' lang='lat' dir='ltr'><strong>Persecutionis</strong></span> <span class='ocrx_word' id='word_1_877' title='bbox 1701 2800 1958 2836; x_wconf 17' lang='lat' dir='ltr'><strong>infestationerprc&#39;</strong></span> 
     </span>
    </p>
   </div>
   <div class='ocr_carea' id='block_1_126' title="bbox 1144 2833 1957 2871">
    <p class='ocr_par' dir='ltr' id='par_1_126' title="bbox 1144 2833 1957 2871">
     <span class='ocr_line' id='line_1_126' title="bbox 1144 2833 1957 2871; baseline -0.01 -5"><span class='ocrx_word' id='word_1_878' title='bbox 1144 2842 1238 2870; x_wconf 86' lang='lat' dir='ltr'><strong>strati;</strong></span> <span class='ocrx_word' id='word_1_879' title='bbox 1256 2833 1269 2863; x_wconf 53' lang='grc' dir='ltr'><strong>»ᾇ</strong></span> <span class='ocrx_word' id='word_1_880' title='bbox 1291 2833 1318 2865; x_wconf 63' lang='lat' dir='ltr'><strong>et</strong></span> <span class='ocrx_word' id='word_1_881' title='bbox 1329 2833 1457 2871; x_wconf 47' lang='lat' dir='ltr'><strong>&#39;cpistola</strong></span> <span class='ocrx_word' id='word_1_882' title='bbox 1483 2839 1524 2869; x_wconf 85' lang='lat'><strong>37,</strong></span> <span class='ocrx_word' id='word_1_883' title='bbox 1546 2845 1606 2869; x_wconf 77' lang='lat' dir='ltr'><strong>pag.</strong></span> <span class='ocrx_word' id='word_1_884' title='bbox 1629 2838 1659 2862; x_wconf 82' lang='grc'>50</span> <span class='ocrx_word' id='word_1_885' title='bbox 1685 2844 1691 2861; x_wconf 88' lang='lat'><strong>:</strong></span> <span class='ocrx_word' id='word_1_886' title='bbox 1719 2846 1734 2860; x_wconf 68' lang='grc' dir='ltr'><strong><em>α</em></strong></span> <span class='ocrx_word' id='word_1_887' title='bbox 1762 2833 1957 2871; x_wconf 77' lang='lat' dir='ltr'><strong>Persecutionis</strong></span> 
     </span>
    </p>
   </div>
   <div class='ocr_carea' id='block_1_127' title="bbox 1144 2870 1954 2908">
    <p class='ocr_par' dir='ltr' id='par_1_127' title="bbox 1144 2870 1954 2908">
     <span class='ocr_line' id='line_1_127' title="bbox 1144 2870 1954 2908; baseline -0.01 -7"><span class='ocrx_word' id='word_1_888' title='bbox 1144 2879 1308 2908; x_wconf 84' lang='lat' dir='ltr'><strong>tempestate</strong></span> <span class='ocrx_word' id='word_1_889' title='bbox 1325 2870 1460 2907; x_wconf 80' lang='lat' dir='ltr'><strong>prostrati.</strong></span> <span class='ocrx_word' id='word_1_890' title='bbox 1475 2884 1489 2897; x_wconf 80' lang='grc'><em>»</em></span> <span class='ocrx_word' id='word_1_891' title='bbox 1515 2875 1632 2906; x_wconf 85' lang='lat' dir='ltr'><strong>Optatus</strong></span> <span class='ocrx_word' id='word_1_892' title='bbox 1649 2872 1840 2902; x_wconf 77' lang='lat' dir='ltr'><strong>Milevitanus,</strong></span> <span class='ocrx_word' id='word_1_893' title='bbox 1859 2870 1904 2895; x_wconf 86' lang='lat' dir='ltr'><strong>lib.</strong></span> <span class='ocrx_word' id='word_1_894' title='bbox 1922 2875 1930 2893; x_wconf 76' lang='grc' dir='ltr'><strong><em>ι</em></strong></span> <span class='ocrx_word' id='word_1_895' title='bbox 1950 2875 1954 2890; x_wconf 87' lang='lat'>:</span> 
     </span>
    </p>
   </div>
   <div class='ocr_carea' id='block_1_128' title="bbox 1144 2908 1956 2943">
    <p class='ocr_par' dir='ltr' id='par_1_128' title="bbox 1144 2908 1956 2943">
     <span class='ocr_line' id='line_1_128' title="bbox 1144 2908 1956 2943; baseline -0.01 -5"><span class='ocrx_word' id='word_1_896' title='bbox 1144 2922 1158 2938; x_wconf 90' lang='lat'>«</span> <span class='ocrx_word' id='word_1_897' title='bbox 1174 2913 1332 2939; x_wconf 83' lang='lat' dir='ltr'><strong>Persecutio</strong></span> <span class='ocrx_word' id='word_1_898' title='bbox 1348 2911 1497 2937; x_wconf 87' lang='lat' dir='ltr'><strong>nonnullos</strong></span> <span class='ocrx_word' id='word_1_899' title='bbox 1515 2911 1654 2937; x_wconf 80' lang='lat' dir='ltr'><strong>funestam</strong></span> <span class='ocrx_word' id='word_1_900' title='bbox 1672 2909 1827 2943; x_wconf 82' lang='lat' dir='ltr'><strong>prostravit</strong></span> <span class='ocrx_word' id='word_1_901' title='bbox 1845 2908 1872 2933; x_wconf 88' lang='lat' dir='ltr'><strong>in</strong></span> <span class='ocrx_word' id='word_1_902' title='bbox 1886 2912 1956 2932; x_wconf 85' lang='lat' dir='ltr'><strong>mor—</strong></span> 
     </span>
    </p>
   </div>
  </div>
