4160 6216
265 218 345 273 257
1686 204 2011 267 EPISTULA
2050 202 2112 264 IX
2125 250 2136 263 .

3492 208 3593 267 258

264 357 463 413 possem
493 341 561 407 ’9,
593 340 735 393 sicut
764 337 1106 393 dissimulavi
1137 351 1365 406 semper
1392 341 1447 389 et
1486 333 1715 405 pertuli.
1744 334 1852 388 Sed
1880 349 1935 420 Α
1956 332 2380 403 impositionem
2404 333 2652 403 episcopi
2682 337 2736 387 et
2764 332 2901 387 cleri
2934 330 3127 405 252
3148 334 3245 404 jus
3278 334 3593 388 communi-

264 434 627 489 dissimulandi
654 450 805 487 nunc
834 434 986 486 locus
1023 448 1137 485 nou
1178 436 1261 484 est
1303 428 1532 499 quando
1575 427 1857 497 decipitur

261 528 551 581 fraternitas
597 532 790 580 nostra
826 544 855 579 a
898 524 1237 595 quibusdam
1277 525 1549 588 vestrum,
1580 521 1695 591 qui,
1729 521 1862 573 dum

259 622 356 675 sine
381 622 597 674 ratione
635 618 1003 673 restituenda:
1028 617 1218 671 salutis
1272 614 1592 687 plausibiles
1614 630 1734 668 esse
1763 630 1863 667 cu-

260 715 417 784 piunt,
448 714 629 784 magis
650 713 823 783 lapsis
849 712 1083 767 obeunt.
1101 711 1404 765 Summum
1425 708 1579 763 enim
1598 708 1865 762 delictum

260 824 361 861 esse
398 807 549 879 quod
600 807 914 877 persecutio
965 804 1243 859 committi
1274 804 1476 873 coegit,
1528 802 1713 855 sciunt
1758 799 1865 871 ipsi

260 904 405 955 etiam
459 901 556 971 qui
596 900 1021 967 commiserunt,
1068 914 1198 952 cum
1240 897 1448 951 dixerit
1497 895 1769 957 Dominus
1814 898 1869 946 et

251 995 405 1064 judex
433 1000 626 1048 noster
658 1010 670 1046 :
706 994 811 1060 Qui
848 1009 929 1046 me
967 994 1238 1058 confessus
1276 992 1447 1056 fuerit
1480 1004 1657 1043 coram
1698 988 1863 1041 homi-

256 1091 412 1153 nibus,
444 1094 497 1141 et
532 1103 624 1154 ego
664 1088 820 1140 illum
866 1086 1149 1154 conﬁtebor
1188 1100 1367 1138 coram
1417 1086 1575 1136 Patre
1618 1096 1731 1135 meo
1773 1083 1871 1149 qui

256 1184 303 1233 in
336 1182 473 1235 caelis
512 1186 607 1233 est.
654 1181 757 1245 Qui
804 1185 987 1232 autem
1024 1194 1103 1231 me
1152 1178 1450 1245 negaverit,
1473 1179 1523 1229 et
1568 1190 1659 1241 ego
1711 1174 1869 1227 illum

255 1274 435 1341 negabo
468 1273 709 1343 (Matth.,
740 1288 794 1338 x,
824 1274 911 1337 3'2,
933 1270 1022 1341 33)
1051 1289 1065 1337 ;
1094 1270 1381 1324 etiterum
1404 1268 1610 1323 dixerit
1636 1285 1646 1320 :
1676 1267 1870 1321 Omnia

250 1373 446 1437 peccata
476 1368 815 1421 remittentur
844 1367 973 1432 ﬁliis
1019 1365 1293 1418 hominum
1335 1368 1385 1417 et
1427 1362 1769 1431 blasphemiae
1798 1360 1864 1413 ³ο.

256 1462 344 1526 Qui
379 1465 557 1514 autem
604 1459 1051 1529 blasphemaverit
1096 1459 1154 1510 in
1199 1457 1463 1526 Spiritum
1506 1456 1549 1489 ³1
1596 1460 1864 1515 sanctum,

256 1571 347 1608 non
396 1554 610 1607 habebit
652 1552 699 1586 ³³
748 1554 1048 1613 remissam,
1088 1551 1180 1605 sed
1224 1565 1346 1605 reus
1396 1554 1474 1604 est
1526 1550 1635 1618 (98)
1683 1549 1870 1603 aeterni

246 1651 438 1719 peccati
487 1649 696 1713 (Marc,
745 1662 819 1712 III,
856 1647 945 1712 28,
993 1646 1114 1714 29);
1158 1644 1294 1698 item
1333 1644 1529 1698 beatus
1572 1642 1868 1712 Apostolus

1967 426 2206 480 cationis
2252 426 2549 496 accipiant,
2582 443 2733 479 nunc
2783 426 2959 481 crudo
3006 432 3279 498 tempore,
3324 444 3592 497 persecu-

1967 521 2122 574 tione
2151 520 2338 573 adhuc
2366 522 2793 590 perseverante,
2822 521 3075 574 nondum
3116 522 3370 575 restituta
3409 524 3595 576 Eccle-

1969 614 2064 668 sim
2095 614 2268 682 ipsius
2300 629 2460 684 pace,
2492 613 2563 666 ad
2605 613 3181 668 communicationem
3219 614 3598 670 admittuntur

1969 710 2026 760 et
2051 706 2284 760 offertur
2310 722 2522 760 nomen
2550 722 2746 760 eorum
2777 706 2871 775 (2),
2911 709 2986 773 et,
3018 707 3272 761 nondum
3316 709 3591 778 poeniten-

1969 800 2045 854 tia
2073 803 2220 865 acta,
2253 799 2511 853 nondum
2535 799 2912 870 exomologesi
2939 800 3100 866 facta,
3130 801 3387 855 nondum
3423 819 3597 856 manu

1970 894 2049 947 eis
2082 893 2152 948 ab
2195 894 2456 964 episcopo
2496 898 2549 948 et
2595 894 2744 947 clero
2790 893 3072 963 imposita,
3102 894 3453 949 Eucharistia
3490 896 3597 950 illis

1970 987 2158 1055 datur,
2187 1004 2316 1042 cum
2345 988 2615 1057 scriptum
2644 987 2714 1040 sit
2744 1004 2755 1040 :
2810 986 2915 1051 Qui
2951 987 3118 1041 ederit
3148 1004 3348 1057 panem
3384 995 3479 1043 aut
3516 992 3596 1044 bi-

1971 1083 2106 1135 berit
2139 1082 2355 1135 calicem
2398 1083 2613 1134 Domini
2654 1080 2879 1147 indigne
2901 1121 2918 1149 ,
2960 1096 3084 1134 reus
3133 1084 3235 1135 erit
3274 1086 3509 1151 corporis
3549 1090 3599 1138 et

1967 1177 2248 1244 sanguinis
2274 1177 2490 1228 Domini
2516 1174 2555 1241 (l
2586 1174 2731 1239 Cor.,
2761 1189 2833 1241 χι,
2868 1173 2976 1244 27).

2047 1270 2139 1321 III.
2171 1267 2277 1323 Sed
2311 1284 2458 1321 nunc
2486 1267 2565 1319 illi
2610 1266 2694 1320 rei
2733 1282 2846 1320 non
2882 1271 3013 1320 sunt
3052 1267 3147 1337 qui
3190 1268 3376 1322 minus
3414 1269 3600 1341 Scrip-

1970 1364 2115 1414 turae
2144 1362 2329 1431 legem
2362 1364 2585 1414 tenent.
2618 1360 2799 1413 Erunt
2823 1365 3016 1413 autem
3046 1360 3123 1414 rei
3153 1362 3249 1431 qui
3278 1372 3531 1431 prmsunt
3552 1366 3598 1399 ³⁵

1971 1460 2028 1509 et
2057 1455 2179 1508 haec
2207 1454 2469 1508 fratribus
2498 1470 2609 1507 non
2641 1460 2976 1524 suggerunt,
3009 1460 3087 1521 ut,
3120 1455 3377 1509 instructi
3403 1475 3433 1510 a
3463 1475 3602 1527 prce-

1968 1548 2181 1619 positis,
2216 1548 2423 1602 faciant
2455 1548 2650 1601 omnia
2683 1564 2812 1601 cum
2844 1548 2942 1601 Dei
2974 1548 3183 1602 timore
3224 1553 3281 1602 et
3309 1567 3435 1604 cum
3468 1553 3599 1605 data

1971 1642 2040 1695 ab
2069 1658 2135 1696 eo
2164 1644 2222 1695 et
2253 1641 2581 1712 praescripta
2610 1641 3022 1696 observatione.
3052 1643 3353 1713 Exponunt
3394 1645 3598 1699 deinde

252 1716 446 1795 dixerit
474 1757 487 1794 :
512 1744 631 1797 Non
678 1741 897 1810 potestis
940 1739 1157 1793 calicem
1198 1738 1413 1793 Domini
1459 1737 1633 1790 bibere
1677 1741 1727 1789 et
1774 1751 1865 1788 ca-
1889 1716 1944 1786 Β
1971 1735 2198 1789 invidiae
2231 1736 2277 1769 ³⁸
2304 1734 2494 1789 beatos
2535 1738 2832 1804 martyres,
2861 1738 2918 1788 et
2959 1735 3237 1804 gloriosos
3277 1753 3466 1791 servos
3501 1740 3599 1793 Dei

249 1836 387 1889 licem
449 1834 853 1888 dmoniomm.
927 1834 1050 1888 Non
1109 1833 1337 1899 potestis
1394 1844 1587 1885 mensa
1653 1830 1867 1882 Domini

250 1930 631 1983 communicare
670 1932 720 1980 et
767 1940 959 1980 mensas
1000 1925 1387 1979 dmoniorum
1416 1924 1458 1993 (l
1502 1922 1645 1984 Cor.,
1674 1938 1731 1987 x,
1781 1924 1868 1989 20,

250 2024 351 2091 2t).
384 2022 511 2075 Haec
541 2020 640 2090 qui
664 2018 944 2073 subtrahit
968 2017 1236 2072 fratribus
1264 2015 1490 2083 nostris,
1522 2014 1735 2085 decipit
1759 2014 1870 2068 mi-

250 2130 396 2167 seros
429 2113 577 2183 (99);
613 2115 675 2166 ut
699 2112 795 2183 qui
823 2115 1078 2182 possunt,
1105 2114 1340 2181 agentes
1376 2108 1771 2180 pmnitentiam
1801 2107 1872 2177 (1)

248 2224 459 2274 veram,
517 2208 745 2277 Deoque
793 2206 946 2259 Patri
993 2205 1040 2239 ³³
1093 2206 1151 2257 et
1201 2201 1556 2257 misericordi
1611 2201 1874 2273 precibus

248 2306 300 2355 et
346 2300 619 2372 Operibus
662 2300 776 2354 suis
814 2298 1158 2366 satisfacere,
1208 2297 1551 2351 seducantur
1591 2301 1652 2349 ut
1695 2294 1877 2365 magis

246 2399 502 2466 pereant,
525 2399 583 2448 et
599 2393 695 2464 qui
718 2393 941 2463 erigere
964 2408 1023 2446 se
1049 2394 1296 2463 possent,
1326 2391 1451 2461 plus
1472 2389 1693 2443 cadant.
1710 2389 1873 2455 Nam,

245 2506 371 2541 cum
402 2489 463 2541 in
504 2487 820 2540 minoribus
856 2486 1097 2556 peccatis
1129 2490 1301 2556 agant
1340 2489 1666 2553 peccatores
1692 2482 1874 2553 pinni-

249 2580 487 2636 tentiam
533 2581 690 2650 justo
741 2584 1022 2650 tempore,
1073 2582 1147 2643 et,
1201 2577 1511 2632 secundum
1564 2575 1877 2646 disciplina

246 2675 530 2742 ordinem,
560 2672 633 2727 ad
672 2672 1117 2743 exomologesim
1161 2670 1413 2738 veniant,
1447 2674 1505 2724 et
1545 2685 1649 2739 per
1676 2685 1879 2722 manus

1974 1845 2107 1883 cum
2135 1828 2239 1882 Dei
2268 1827 2558 1882 sacerdote
2588 1828 2973 1895 committunt,
3008 1832 3087 1893 ut,
3118 1846 3245 1883 cum
3271 1830 3351 1883 illi
3380 1846 3598 1886 memo-

1973 1938 2064 1976 res
2102 1922 2207 1975 loci
2257 1922 2331 1992 (3)
2376 1921 2552 1974 nostri
2587 1921 2634 1955 ³⁸
2675 1920 2747 1974 ad
2785 1936 2880 1975 me
2926 1922 3140 1976 litteras
3188 1922 3516 1991 direxerint,
3546 1931 3603 1981 et

1972 2015 2244 2087 petierint
2285 2020 2417 2069 tunc
2468 2013 2752 2069 desideria
2798 2031 2901 2069 sua
2938 2015 3253 2070 examinari
3310 2020 3365 2071 et
3401 2033 3598 2088 pacem

1976 2108 2208 2179 quando
2240 2108 2360 2179 ipsa
2398 2114 2527 2163 ante
2572 2114 2761 2163 mater
2803 2113 2997 2163 nostra
3026 2111 3269 2166 Ecclesia
3297 2129 3496 2184 pacem
3530 2115 3600 2168 de

1980 2201 2370 2257 misericordia
2401 2201 2625 2256 Domini
2660 2203 2815 2273 prior
2840 2203 3161 2273 sumpserit,
3189 2209 3243 2259 et
3281 2222 3381 2260 nos
3415 2208 3603 2263 divina

1975 2296 2253 2366 protectio
2303 2295 2539 2350 reduces
2591 2296 2662 2349 ad
2706 2296 3001 2351 ecclesiam
3052 2314 3214 2352 suam
3265 2300 3478 2369 fecerit,
3522 2302 3601 2373 hi,

1978 2389 2200 2443 sublato
2250 2390 2470 2444 honore
2513 2406 2686 2461 quem
2733 2390 2895 2444 nobis
2944 2390 3091 2445 beati
3144 2397 3417 2463 martyres
3466 2411 3599 2449 cum

1977 2483 2395 2537 coufessoribus
2439 2488 2684 2553 servant,
2726 2486 3054 2554 contempta
3093 2485 3319 2541 Domini
3362 2489 3487 2558 lege
3525 2490 3599 2558 (4)

1978 2580 2035 2630 et
2062 2576 2473 2643 observatione,
2494 2593 2666 2647 quam
2694 2576 2868 2631 iidem
2885 2582 3163 2649 martyres
3184 2586 3238 2633 et
3254 2581 3604 2636 confessores

1978 2670 2287 2725 tenendam
2318 2670 2614 2741 mandant,
2642 2674 2775 2724 ante
2817 2669 3155 2725 exstinctum
3197 2675 3602 2742 persecutionis

1610 2795 1821 2860 Variae
1878 2798 2214 2864 lectiones.

304 2919 346 2951 τ)
382 2919 861 2971 Contumeliam...
899 2932 1125 2983 possum
1174 2920 1329 2969 Omen.

249 2996 287 3029 ³³
317 2993 436 3042 Non
470 2992 637 3041 habet
662 2994 749 3040 Ar.
786 2991 940 3039 Ebor.
987 2992 1126 3040 Lam.
1175 2990 1282 3040 ΝΟ.
1315 2992 1358 3039 1.

247 3062 355 3111 ΝΟ.
386 3065 432 3110 1.
542 3065 582 3093 ³⁴
610 3062 807 3125 Legem
835 3062 1129 3121 tenuerint,
1165 3062 1244 3111 rei
1273 3064 1456 3111 autem
1484 3062 1580 3124 qui

250 3130 402 3179 Ebor.
429 3130 541 3181 ΝΟ.
572 3132 617 3179 1.

1420 2916 1461 2951 ³ο
1502 2917 1826 2968 Hominum.
1866 2918 1975 2981 Qui
2017 2925 2203 2971 autem
2251 2921 2377 2971 Bod.
2405 2922 2454 2971 2.

1449 2989 1491 3023 ³³
1515 2990 1753 3039 Possant
1801 3002 1960 3051 agere
2004 2992 2409 3053 paenitentiam,
2438 2994 2669 3057 Deoque
2709 2994 2855 3044 Patri
2893 3002 2977 3044 Ar.
3019 2996 3155 3043 Lam.
3202 2992 3354 3043 Ebor.
3404 2995 3524 3043 Bor.
3553 2998 3599 3044 2.

1620 3066 1865 3129 praesunt
1907 3062 1997 3110 Ar.
2031 3063 2148 3110 Bor.
2173 3064 2221 3112 2.
2249 3064 2388 3113 Lam.
2413 3064 2522 3114 ΝΟ.
2552 3068 2597 3114 1.

713 3130 753 3164 ³⁸
782 3130 1055 3181 Memores
1088 3130 1227 3193 legis
1250 3134 1451 3181 nostrai
1484 3132 1624 3181 Lam.
1648 3133 1801 3184 Ebor.
1829 3131 1938 3181 ΝΟ.
1966 3134 2010 3181 1.
2047 3133 2173 3182 Bod.
2200 3133 2247 3183 2.

2548 2924 2590 2955 ³⁸
2627 2923 3098 2986 Blasphemaverit
3132 2923 3396 2987 Spiritum
3442 2924 3601 2974 Oxon.

2695 3067 2734 3098 ³⁵
2761 3066 3067 3128 Exponunt
3105 3064 3173 3117 de
3208 3064 3419 3115 invidia
3457 3067 3603 3115 Lam.

1551 3234 1772 3317 Steph.
1820 3233 2064 3297 Baluzii
2108 3240 2301 3297 notae.

249 3356 373 3434 tem.
405 3367 436 3398 δ
476 3350 782 3441 Lambinus
825 3352 985 3441 ptha‘t
1032 3349 1178 3413 apud
1218 3349 1541 3441 Ciceronem
1586 3353 1641 3401 in
1682 3353 1878 3403 Catili-
1902 3368 1956 3441 Ο
1980 3352 2496 3441 veteresjeditiolnes
2516 3359 2646 3441 ante
2678 3356 3058 3441 hianntianam
3086 3356 3351 3441 .praiferre
3394 3356 3464 3406 ad
3508 3358 3617 3441 mi-

244 3426 399 3473 naria
444 3420 695 3472 secunda
737 3423 847 3485 legi
883 3421 1084 3471 debere
1117 3435 1127 3469 :
1161 3437 1188 3466 «
1216 3423 1378 3473 Jacet
1431 3424 1525 3474 ille
1564 3438 1715 3475 nunc
1762 3437 1883 3487 pro-

246 3500 567 3557 stratusque
600 3497 696 3543 est.
730 3510 758 3538 »
787 3494 858 3542 Et
896 3506 1027 3542 mox
1059 3493 1135 3541 ait
1170 3507 1181 3538 :
1220 3509 1248 3540 ‹‹
1276 3494 1405 3542 Plus
1439 3496 1589 3545 enim
1635 3500 1720 3545 est
1748 3509 1882 3558 pro-

240 3572 485 3617 stratum
526 3579 649 3616 esse
697 3579 864 3629 quam
907 3567 1167 3627 jacere.»
1211 3563 1352 3625 Quin
1402 3568 1677 3617 sententia
1727 3568 1888 3617 Lam-

240 3640 359 3688 bini
410 3637 682 3688 convenit
715 3649 841 3685 cum
882 3636 969 3685 his
1007 3635 1193 3685 verbis
1242 3635 1505 3699 Cypriani
1539 3651 1607 3689 ex
1655 3638 1886 3703 epistola

237 3713 318 3771 40,
357 3726 414 3776 p.
463 3713 531 3761 54
588 3725 601 3758 :
643 3726 673 3757 ‹‹
722 3711 894 3760 Nemo
940 3712 1190 3773 jacentes
1249 3714 1559 3774 prosternat
1607 3717 1661 3762 et
1708 3712 1887 3777 depri-

236 3790 373 3835 mat.
408 3804 440 3829 υ

300 3857 401 3919 (98)
432 3854 539 3903 Sed
567 3866 691 3904 reus
715 3857 804 3902 est.
832 3853 936 3903 Pro
961 3852 1049 3901 his
1089 3853 1145 3902 in
1188 3854 1491 3905 vetustiore
1524 3855 1666 3905 libro
1706 3856 1887 3906 Remi-

231 3932 407 3994 giano
442 3928 719 3992 scriptum
745 3931 861 3977 est:
894 3946 919 3973 «
946 3927 1138 3990 Neque
1166 3926 1258 3978 hic
1288 3942 1471 3993 neque
1490 3931 1546 3979 in
1577 3934 1829 3991 venturo,
1858 3945 1886 3977 ιδ

231 4004 389 4069 quod
418 4006 718 4066 sumptum
742 4005 827 4051 est
854 4014 921 4052 ex
948 4002 1130 4065 capite
1158 4015 1239 4052 xu
1266 4002 1556 4067 Evangelii
1576 4004 1887 4055 secundum

232 4076 597 4126 Matthmum.
642 4073 1020 4136 Hieronymus
1061 4074 1118 4122 in
1176 4074 1418 4138 Epistola
1462 4076 1533 4125 ad
1581 4074 1888 4125 Marcellam

233 4147 304 4198 de
331 4146 700 4209 blasphemia
730 4144 785 4192 in
813 4143 1078 4207 Spiritum
1109 4148 1362 4194 sanctum
1392 4161 1404 4194 :
1431 4162 1460 4195 α
1483 4146 1680 4197 Probet
1704 4147 1890 4210 itaque

234 4219 599 4269 Novatianus
622 4215 865 4278 aliquem
901 4214 969 4265 de
996 4214 1084 4263 his
1124 4216 1219 4277 qui
1256 4217 1570 4267 sacriﬁcare
1616 4216 1889 4280 compulsi

235 4294 368 4339 ante
426 4287 678 4337 tribunal
738 4285 941 4347 judicis
1012 4286 1363 4349 respondisse
1422 4288 1607 4338 omnia
1656 4300 1781 4350 quas
1832 4288 1889 4335 in

238 4360 558 4422 Evangelio
586 4358 792 4421 scripta
819 4362 949 4407 sunt
973 4371 1083 4407 non
1114 4372 1144 4407 a
1172 4358 1313 4407 Filio
1341 4359 1462 4414 Dei.
1488 4358 1584 4408 sed
1610 4372 1640 4407 a
1670 4358 1890 4408 Beelze-

238 4430 357 4480 bud
407 4429 668 4493 principe
720 4428 1123 4478 daemoniorum
1182 4442 1303 4478 esse
1341 4430 1600 4491 profecta,
1652 4434 1705 4479 et
1760 4432 1893 4478 tunc

240 4504 457 4564 poterit
482 4498 791 4563 approbare
814 4499 1245 4549 irremissibilem
1269 4500 1323 4548 in
1347 4500 1609 4563 Spiritum
1635 4504 1890 4549 sanctum

243 4587 368 4623 esse
394 4572 828 4636 blasphemiam.
860 4591 887 4618 υ

312 4646 413 4707 {99)
454 4645 693 4694 Miseros.
732 4642 921 4694 Codex
958 4643 1250 4705 Fuxensrs,
1290 4645 1602 4693 innocentes.
1636 4640 1696 4690 Id
1744 4639 1892 4704 quod

246 4714 509 4764 dicturus
562 4728 687 4763 sum
735 4728 844 4763 non
900 4716 1133 4777 pertinet
1180 4715 1249 4764 ad
1297 4715 1721 4778 explicationem
1786 4711 1891 4761 loci

248 4787 414 4836 istius
456 4786 777 4850 Cyprianici
822 4800 831 4833 :
884 4785 1062 4835 dicam
1106 4791 1292 4835 tamen
1340 4791 1562 4849 propter
1601 4784 1747 4833 hanc
1787 4796 1893 4832 vo-

248 4870 393 4918 cem,
424 4871 537 4920 qua
582 4857 968 4919 signiﬁcantur
1016 4857 1185 4907 etiam
1224 4858 1411 4907 miseri
1453 4856 1599 4919 apud
1643 4854 1888 4904 Ammia-

246 4941 385 4978 num
416 4927 824 4978 Marcellinum.
868 4928 1073 4978 Scribit
1113 4929 1205 4979 ille
1242 4929 1299 4977 in
1349 4927 1490 4977 libro
1528 4939 1733 4987 xxvm,
1782 4926 1891 4975 Va-

248 5001 645 5056 lentinianum,
727 4998 1011 5048 hominem
1072 4999 1354 5063 propalam
1411 4998 1682 5060 ferocem,
1752 4999 1895 5047 inter

248 5070 568 5134 imperandi
613 5068 902 5119 exordium
943 5069 1085 5119 duos
1124 5071 1377 5119 homines
1416 5070 1645 5119 minime
1697 5068 1892 5129 malos,

249 5142 511 5191 Dioclem
558 5139 820 5191 videlicet
878 5154 944 5190 ex
994 5141 1206 5191 Comite
1262 5142 1613 5205 largitionum
1665 5141 1891 5204 Illyrici,

249 5216 305 5261 et
359 5211 675 5261 Diodorum
722 5223 791 5259 ex
827 5215 1020 5274 agente
1064 5214 1119 5261 in
1168 5212 1352 5271 rebus,
1389 5214 1622 5275 jussisse
1669 5212 1890 5263 occidi:

249 5302 281 5326 ς
322 5282 587 5344 Quorum
647 5283 1005 5341 memoriam,
1065 5284 1245 5347 inquit
1301 5284 1687 5345 Marcellinus,
1749 5281 1895 5347 apud

250 5354 639 5402 Mediolanum
684 5352 931 5401 colentes
967 5366 1121 5403 nunc
1165 5367 1387 5417 quoque
1437 5355 1753 5414 Christiani,
1811 5354 1893 5403 lo—

250 5437 387 5473 cum
414 5424 515 5473 ubi
541 5422 747 5486 sepulti
773 5426 903 5472 sunt
932 5422 1033 5472 Ad.
1076 5425 1403 5475 innocentes
1442 5428 1735 5489 appellant.
1769 5444 1795 5470 »
1826 5425 1896 5474 Et

250 5507 386 5543 mox
416 5508 513 5544 eos
542 5497 608 5542 ut
632 5499 905 5557 martyres
938 5496 1011 5544 ait
1046 5496 1226 5546 cultos
1266 5497 1434 5545 fuisse
1473 5512 1501 5545 a
1542 5496 1893 5547 Christianis.

318 5568 387 5626 tt)
433 5567 654 5627 Agentes
701 5566 1084 5627 paenitentiam.
1150 5567 1379 5615 Multum
1426 5570 1639 5616 variant
1684 5568 1737 5616 in
1786 5567 1896 5616 hoc

254 5634 381 5683 loco
416 5641 605 5685 vetera
646 5636 1000 5698 exemplaria.
1042 5637 1158 5699 Ego
1202 5637 1493 5699 amplexus
1539 5651 1661 5686 sum
1694 5637 1897 5686 lectio—

252 5718 387 5754 nem
442 5720 569 5770 quae
602 5706 737 5755 mihi
782 5708 897 5755 visa
952 5710 1035 5757 est
1081 5708 1291 5757 melior.
1332 5708 1475 5758 Illud
1530 5708 1747 5757 interim
1792 5706 1897 5755 ad-

252 5788 484 5841 moneo,
514 5790 612 5844 pro
641 5790 707 5829 eo
746 5777 895 5845 quod
936 5778 1063 5831 istic
1107 5779 1377 5846 scriptum
1416 5782 1517 5847 est,
1546 5777 1895 5840 misericordi,

1984 3423 2343 3474 sericordiam.
2380 3424 2559 3486 Quam
2586 3426 2882 3477 lectionem
2922 3428 3098 3491 reperi
3135 3429 3300 3477 etiam
3336 3428 3392 3476 in
3419 3429 3615 3478 codice

1983 3495 2317 3556 Fossatensi,
2351 3496 2406 3544 in
2434 3496 2862 3560 Compendiensi
2888 3504 3091 3557 vetere,
3123 3502 3177 3548 et
3210 3500 3265 3548 in
3306 3500 3611 3550 recentiore

1985 3565 2328 3629 Remigiano.
2374 3566 2550 3617 Vetus
2591 3568 2911 3619 Victorinus
2949 3569 3115 3619 habet
3150 3573 3445 3633 utramque
3490 3571 3613 3620 lec-

1986 3636 2212 3686 tionem.
2246 3636 2466 3687 Etenim
2491 3651 2620 3688 cum
2650 3640 2707 3687 in
2738 3640 2833 3689 illo
2881 3641 3149 3703 scriptum
3192 3641 3369 3703 primo
3419 3641 3614 3691 fuisset

1986 3708 2328 3768 misericordi,
2364 3706 2612 3758 additum
2642 3712 2728 3759 est
2746 3722 2911 3773 supra
2947 3711 3146 3760 lineam
3186 3710 3268 3760 vel
3303 3711 3372 3760 ad
3410 3712 3614 3761 miseri-

1986 3776 2237 3826 cardiam.

2054 3847 2116 3908 (2)
2170 3846 2398 3911 O/fertur
2442 3862 2623 3898 nomen
2663 3863 2856 3898 eorum.
2901 3851 3061 3901 Hanc
3114 3851 3434 3915 lectionem,
3487 3866 3613 3917 quas

1988 3920 2071 3966 est
2099 3918 2339 3980 vulgata,
2372 3918 2578 3970 habent
2604 3921 2851 3984 quinque
2878 3920 2999 3971 libri
3042 3925 3272 3973 veteres.
3305 3924 3365 3972 In
3397 3923 3616 3975 duobus

1988 3987 2109 4037 aliis
2166 3988 2365 4051 legitur
2419 4005 2429 4038 :
2485 4008 2513 4035 «
2554 3990 2875 4041 Oﬁcruntur
2913 3993 3142 4041 nomina
3197 4005 3432 4054 eorum;
3472 4010 3501 4042 in
3556 3997 3614 4045 in

1989 4058 2251 4119 Fuxensi,
2278 4078 2306 4105 «
2337 4060 2439 4111 Pro
2470 4062 2694 4112 nomine
2724 4075 2932 4112 eorum.
2982 4077 3011 4109 »
3033 4063 3141 4112 Alii
3164 4068 3401 4127 quatuor
3422 4070 3476 4115 et
3504 4066 3617 4116 edi-

1991 4131 2067 4179 tio
2107 4129 2340 4180 Mauutii
2394 4146 2405 4178 :
2449 4148 2479 4180 at
2522 4130 2762 4183 Oﬂ‘ertur
2812 4133 3039 4183 nomine
3078 4146 3285 4184 eorum.
3318 4150 3346 4180 »
3382 4136 3620 4199 Insignis

1991 4205 2075 4252 est
2116 4200 2276 4250 locus
2320 4202 2667 4264 Tertulliani,
2717 4205 2773 4252 in
2808 4204 2949 4255 libro
3000 4204 3065 4253 de
3119 4207 3470 4267 Monogamz'a,
3521 4208 3619 4257 ubi

1992 4284 2162 4336 agens
2192 4271 2261 4321 de
2300 4273 2532 4323 muliere
2563 4276 2753 4337 juncta
2796 4276 2931 4336 viro,
2965 4287 3132 4339 quem
3183 4275 3473 4339 repudiare
3507 4291 3619 4329 non

1992 4347 2190 4407 potest,
2218 4345 2291 4393 ait
2327 4359 2337 4391 :
2379 4362 2406 4390 «
2446 4344 2747 4395 Enimvero
2798 4350 2853 4395 et
2892 4359 2988 4408 pro
3025 4348 3206 4396 anima
3245 4349 3364 4410 ejus
3407 4352 3539 4408 orat,
3567 4354 3621 4399 et

1995 4415 2333 4476 refrigerium
2360 4415 2581 4465 interim
2611 4416 2928 4479 adpostulat
2950 4417 3020 4477 ei,
3040 4422 3095 4467 et
3123 4417 3182 4465 in
3231 4419 3404 4480 prima
3438 4432 3620 4469 resur-

1992 4486 2238 4534 rectione
2269 4486 2630 4545 consortium,
2660 4493 2714 4537 et
2739 4486 2899 4536 offert
2930 4488 3129 4536 annuis
3176 4487 3372 4537 diebus
3413 4489 3619 4539 dormi-

1994 4558 2157 4605 tionis
2187 4558 2322 4620 ejus.
2356 4576 2384 4603 »
2428 4556 2564 4608 Vide
2599 4558 2811 4609 scholia
2851 4558 3047 4609 Jacobi
3080 4559 3245 4608 Biblii
3279 4559 3349 4608 ad
3396 4559 3619 4610 Oratio-

1992 4640 2120 4677 nem
2176 4626 2427 4690 Gregorii
2470 4628 2799 4679 Nazianzeni
2843 4629 2895 4677 in
2933 4628 3141 4678 Iaudem
3192 4629 3408 4678 Cazsarii
3439 4629 3623 4681 fratris

1994 4702 2048 4747 et
2082 4698 2489 4747 dissertationem
2543 4713 2581 4749 v
2628 4700 2997 4763 Cyprianicam
3043 4700 3269 4749 Henrici
3332 4700 3617 4752 Dodwelli.

1912 4738 1971 4809 D
1994 4738 2489 4818 Vitié'éi'iélﬁ'iéiﬁi:
2520 4738 2568 4818 1i
2599 4738 3011 4833 οἷτὲἵὲιὶῖιὶῖἔιῖῆἱ,
3041 4738 3337 4834 ᾖξέῗίἲὲθζ

2056 4840 2124 4901 (3)
2173 4842 2423 4889 Memora:
2472 4842 2591 4890 loci.
2648 4843 2730 4891 Ita
2782 4842 2964 4893 codex
3022 4843 3296 4891 Fuxensis
3344 4847 3399 4893 et
3450 4842 3618 4894 editio

1995 4911 2331 4961 Manutiana.
2378 4912 2700 4975 Superiores
2742 4914 3017 4965 editiones
3053 4918 3106 4964 et
3143 4915 3329 4977 plures
3357 4915 3481 4965 libri
3516 4928 3622 4965 ve-

1992 4985 2136 5032 teres
2164 4983 2219 5031 in
2247 4981 2485 5033 editione
2525 4986 2830 5049 Anglicana
2860 4986 3065 5036 laudati
3113 4985 3321 5035 habent
3351 4987 3483 5050 legis
3506 5000 3623 5035 uasa

1997 5057 2106 5102 iras.
2139 5055 2323 5117 Atque
2348 5055 2493 5105 hanc
2522 5056 2815 5107 lectionem
2863 5059 3040 5122 magis
3078 5058 3272 5122 probat
3310 5057 3623 5109 Gronovius

1995 5126 2049 5174 in
2090 5127 2270 5189 capite
2304 5128 2364 5177 14
2406 5127 2855 5179 Observationum
2900 5141 3126 5178 suarum
3180 5130 3230 5177 in
3272 5128 3625 5191 Scriptoribus

1993 5197 2364 5257 ecclesiasticis,
2398 5203 2451 5247 et
2481 5200 2555 5247 ait
2593 5199 2934 5263 Cyprianum
2976 5200 3071 5250 hic
3116 5200 3421 5264 intelligere
3449 5214 3625 5249 evan-

1995 5268 2229 5332 gelicam
2264 5268 2462 5333 legem,
2494 5283 2523 5318 a
2554 5282 2662 5332 qua
2697 5272 2921 5321 arcessit
2947 5270 3300 5335 disciplinam
3330 5272 3622 5320 ecclesias-

1996 5340 2190 5397 ticam;
2239 5343 2291 5388 et
2363 5343 2423 5388 ut
2469 5341 2724 5390 ostendat
2776 5343 3094 5405 Opinionem
3137 5355 3296 5391 suam
3342 5353 3462 5390 esse
3525 5341 3624 5390 bo-

1996 5423 2145 5471 nam,
2172 5409 2329 5460 affert
2356 5412 2508 5462 hunc
2535 5413 2718 5463 locum
2743 5426 2809 5463 ex
2838 5413 3082 5476 Epistola
3123 5413 3399 5475 sequenti,
3428 5413 3483 5459 in
3516 5425 3625 5474 qua

1996 5484 2075 5531 sic
2116 5483 2315 5545 legitur
2366 5499 2376 5531 :
2421 5499 2449 5530 α
2485 5485 2568 5533 1111
2614 5489 2805 5535 contra
2848 5483 3226 5547 evangelicum
3272 5482 3469 5546 legem,
3501 5497 3531 5527 »
3575 5485 3628 5530 et

1996 5566 2124 5602 mox
2168 5554 2272 5602 alia
2317 5556 2574 5619 quasdam
2613 5557 2731 5606 loca
2776 5556 2976 5605 similia
3026 5568 3093 5603 ex
3131 5552 3462 5616 quibusdam
3507 5552 3630 5601 aliis

1996 5627 2280 5690 Epistolis.

2062 5703 2125 5761 (1)
2170 5702 2384 5751 Domini
2425 5702 2545 5767 lege.
2589 5702 2647 5749 In
2698 5700 2839 5750 libro
2886 5695 3152 5750 Beccensi
3190 5697 3454 5758 scriptum
3504 5697 3584 5742 est
3621 5706 3633 5742 '.

1995 5786 2026 5819 ‹‹
2055 5771 2386 5841 Contempla
2410 5773 2718 5828 Dominicw
2748 5769 2886 5835 legis
2912 5767 3325 5822 observatione.
3360 5778 3388 5815 ›>
