2080 3108
105 287 126 451 ξ

111 453 126 539 t

102 601 124 716 vt

102 723 126 807 ξ

103 809 122 865 t

107 1057 118 1246 ξ

97 1639 125 1727 t

104 1841 112 1885 ὲ

99 1889 113 1967 λὲ

98 30 135 397 ᾖ

98 453 135 539 ξξς

98 556 135 594 lg.

98 594 135 663 lli:

98 669 130 734 ἒξ

98 809 135 865 tt

98 861 126 904 Et-

135 74 142 88 _-
156 71 164 81 ,1

129 98 165 111 \‘a

129 121 152 148 ἶ.

148 152 156 162 ι

133 188 137 195 ,
151 184 158 193 ι

147 227 153 234 ι

153 565 164 578 .-,

155 638 158 645 ι

133 650 153 673 ’.Ι

167 26 192 73 ἑξ

151 1047 158 1055 v

99 1487 138 1534 ιτίξ

95 1639 122 1727 i

95 1727 115 1780 {.t

95 1781 126 1807 η,

95 1968 126 2005 ἵν’

95 2026 126 2089 ﬁt}

123 2061 131 2069 α

120 2126 126 2136 ι

122 2181 126 2188 ν

138 1771 146 1778 ε

149 2374 175 2394 ,ιν

110 2516 161 2529 λλ,

89 2678 195 2722 Eb"

89 2733 124 2767 [η
142 2743 146 2763 :

89 2767 144 2789 LL:

64 2848 254 2874 ilichaeissdai
272 2869 273 2873 η

21 2849 43 2874 ti
56 2848 273 2874 Michaelssdam

20 2884 80 2916 ipsa
97 2883 241 2915 Epislaiqﬁ
258 2891 278 2908 nt

20 2919 81 2945 simi
92 2921 116 2944 et
130 2918 208 2944 elicita
222 2921 246 2944 ts
257 2919 277 2944 'u

61 2955 86 2985 8)
112 2953 152 2979 Δό
186 2953 226 2979 6L
252 2955 277 2985 (8

77 2989 152 3021 ΦἿΨ
186 2995 226 3021 φν
252 2989 265 3018 (¹

20 3029 81 3055 te»!
92 3030 116 3053 ει
130 3030 208 3056 κλωνία
222 3030 253 3053 τες

20 3056 266 3108 reseis?

132 2819 185 2844 ΥΞ)ίῖ

356 122 458 179 ω’

814 116 1021 178 suum
1040 143 1181 178 omne
1198 142 1287 178 PARS
1305 117 1325 177 ιῖ
1341 163 1377 170 -
1395 116 1578 179 spisrotn.
1597 190 1599 194 λ
1638 141 1641 143 ‘
1671 134 1674 139 ’

1279 46 1330 69 ⁵·“’ῑ
1341 46 1378 76 ,ντ
1387 46 1608 76 '~€1'r;t(v-"'=;€".~'.
1615 46 1796 76 592%!

1688 120 1693 124 ‘
1792 122 1797 125 ‘
1907 138 1921 143 ιη
1954 116 2070 150 ῖ“-·‹’νξνῗ”π

356 213 482 246 metum,
503 213 569 239 ante
588 211 712 239 reditum
732 212 877 245 nostrum,
898 211 964 238 ante
984 211 1079 246 ipsum
1098 218 1171 246 pene
1183 217 1211 252 Α
1257 211 1277 238 Ι.
1308 211 1464 247 Cyprianus
1490 211 1662 247 martyribus
1690 213 1719 240 et
1741 212 1941 250 confessor-ibus
1961 217 2017 246 cha—
2067 203 2073 205 ³

359 262 518 294 martyrum
528 258 905 292 excessum,communicent
913 266 979 285 cum
987 257 1174 295 lapsi5253

360 308 389 333 et
403 306 525 333 offerant
533 307 561 332 et
574 301 780 332 Eucharistiam
792 305 914 339 tradant,
927 305 1051 339 quando,
1063 305 1174 332 etiamsi

360 353 500 387 martyres
530 360 582 387 per
608 352 730 379 calorem
756 351 853 387 gloriae
880 351 1051 386 Scripturam
1080 352 1174 379 minus

360 398 586 434 contemplantes
597 399 632 432 ³⁷,
648 399 710 434 plus
727 398 832 433 aliquid
853 401 999 433 cuperent,
1021 406 1036 424 a
1056 398 1172 434 presby-

358 445 427 472 teris
443 447 471 473 et
485 445 615 473 diaconis
627 444 848 480 suggerentibus
863 444 1012 471 admoneri
1028 444 1172 479 deberent,

360 492 432 519 sicut
445 500 561 527 semper
574 491 603 518 in
619 492 794 527 prmteritum
808 492 914 518 factum
929 493 980 518 est.

393 539 438 566 IV.
471 539 614 574 Castigare
641 547 693 566 nos
722 538 816 574 itaque
847 538 940 565 divina
973 546 1090 565 censura
1121 546 1174 566 nec

358 585 486 613 noctibus
518 585 620 613 desinit
651 594 702 612 nec
733 585 841 612 diebus.
876 586 981 612 Prester
1014 587 1172 612 nocturnas

358 632 435 660 enim
450 632 581 665 visiones,
595 639 646 667 per
662 632 723 659 dies
744 640 859 667 quoque
879 632 1013 666 impletur
1032 632 1107 667 apud
1123 640 1175 659 nos

357 679 463 714 Spiritu
486 682 582 706 sancto
604 686 759 714 puerorum
784 678 919 705 innocens
946 681 1025 712 mtas,
1051 687 1114 713 quas
1144 678 1173 705 in

358 726 463 753 exstasi
484 726 558 754 videt
572 725 660 752 oculis
681 727 710 752 et
724 724 805 752 audit
823 727 849 751 et
872 725 997 760 loquitur
1019 733 1053 752 ea
1072 725 1173 761 quibus

356 781 408 800 nos
439 773 576 799 Dominus
598 780 715 799 monere
740 773 768 798 et
794 771 934 798 instruere
964 772 1108 807 dignatur.
1140 773 1174 799 Et

356 819 475 846 audietis
489 819 584 846 omnia
599 818 713 854 quando
734 819 768 845 ad
788 827 835 845 vos
855 818 989 845 reducem
1011 827 1057 845 me
1077 819 1171 846 Domi-

356 874 410 893 nus
424 865 531 899 fecerit,
546 865 594 901 qui
611 867 644 892 ut
656 865 819 892 secederem
834 865 927 900 jussit.
944 865 1063 892 Interim
1084 868 1171 892 teme-

1224 256 1343 284 rissimis
1368 258 1502 286 fratribus
1525 259 1659 286 salutem.
1682 259 1846 287 Sollicitudo
1867 260 1919 288 loci
1941 265 2019 292 nostri

1225 307 1254 331 et
1270 304 1354 331 timor
1369 305 1480 332 Domini
1494 305 1591 342 254
1603 306 1757 341 compellit,
1771 307 1914 334 fortissimi
1923 316 1952 336 ac
1964 310 2020 338 bea-

1224 350 1324 378 tissimi
1352 351 1452 379 fratres
1481 352 1528 387 (7),
1553 353 1706 380 admonere
1731 361 1779 380 vos
1805 353 1904 381 litteris
1929 357 2021 384 nostris

1225 399 1255 424 ut
1276 406 1292 424 a
1317 398 1420 433 quibus
1443 402 1499 426 tam
1523 399 1624 427 devote
1647 401 1674 426 et
1695 400 1808 427 fortiter
1822 403 1944 428 servatur
1960 403 2020 431 ﬁdes

1224 444 1335 471 Domini
1365 445 1399 477 ‘0,
1423 445 1456 472 ab
1483 446 1585 473 iisdem
1614 446 1656 473 lex
1681 454 1796 482 quoque
1825 449 1854 474 et
1886 447 2022 484 disciplina

1224 491 1335 518 Domini
1357 495 1527 519 reservetur.
1553 493 1634 525 Nam,
1662 501 1726 520 cum
1756 501 1856 520 omnes
1882 494 1977 523 milites
2001 497 2020 514 ⁸¹

1224 537 1327 564 Christi
1358 538 1501 566 custodire
1531 541 1661 574 oporteat
1690 543 1833 574 praecepta
1861 539 2024 576 imperatoris

1224 584 1278 618 sui,
1307 588 1367 612 tum
1392 593 1440 612 vos
1460 585 1551 620 magis
1574 586 1724 620 praceptis
1748 587 1809 622 ejus
1836 586 2023 623 obtemperare

1223 631 1286 666 plus
1299 632 1443 665 convenit,
1457 632 1506 667 qui
1521 633 1685 667 exemplum
1709 633 1819 660 caeteris
1840 633 1904 661 facti
1923 635 1984 662 estis
2002 639 2027 664 et

1223 677 1334 705 virtutis
1350 681 1378 705 et
1393 678 1503 706 timoris
1517 679 1574 706 Dei.
1592 680 1624 706 Et
1639 679 1813 706 credideram
1826 679 1939 715 quidem
1954 690 2024 717 pres-

1223 724 1338 760 byteros
1360 727 1389 752 et
1412 725 1543 752 diaconos
1564 726 1613 761 qui
1634 726 1690 753 illic
1711 728 1866 762 prmsentes
1888 731 1951 755 sunt
1969 737 2026 756 πιθα

1224 779 1291 798 uere
1313 779 1362 798 vos
1387 774 1416 798 et
1440 772 1578 799 instruere
1601 773 1764 808 plenissime
1792 773 1868 800 circa
1892 774 2026 810 Evangelii

1223 818 1327 852 legem,
1342 818 1414 845 sicut
1428 818 1458 845 in
1478 819 1653 853 praeteritum
1669 827 1786 854 semper
1803 819 1855 846 sub
1876 823 2025 849 antecesso-

1223 864 1301 891 ribus
1316 865 1421 892 nostris
1443 865 1549 892 factum
1571 868 1623 899 est,
1643 867 1675 893 ut
1696 866 1818 899 diaconi,
1833 866 1870 893 ad
1892 875 2028 895 carcerem

355 912 424 940 rarii
439 912 462 929 ³⁸
478 914 506 939 et
528 912 631 939 incauti
653 915 681 939 et
703 911 807 938 tumidi
825 911 941 947 quidam
963 912 1035 938 inter
1048 920 1107 945 vos,
1123 899 1210 947 quiB
1223 913 1429 945 commeantes,
1451 914 1610 947 martyrum
1625 912 1648 929 ⁴²
1673 912 1814 940 desideria
1838 913 1960 940 consiliis
1976 914 2030 942 suis

356 959 507 986 hominem
522 967 579 986 non
593 958 780 993 cogitant,vel
796 958 883 985 Deum
896 957 1026 991 timeant,
1039 958 1169 991 scientes,

357 1005 492 1041 quoniam
505 1006 528 1032 si
543 1005 619 1032 ultra
635 1005 663 1031 in
677 1005 776 1032 iisdem
788 1005 1039 1039 perseveraverint,
1055 1007 1120 1032 utar
1133 1014 1169 1032 ea

357 1052 552 1080 admonitione
567 1052 590 1068 ³⁸
606 1053 643 1086 (5)
661 1060 718 1087 qua
742 1060 787 1078 me
814 1052 854 1078 uti
875 1051 1013 1079 Dominus
1032 1051 1123 1086 jubet,
1139 1055 1171 1079 ut

356 1099 471 1126 interim
496 1098 700 1134 prohibeantur
721 1098 835 1131 otl‘erre,
860 1098 951 1125 acturi
971 1101 1000 1125 et
1022 1098 1097 1133 apud
1118 1107 1171 1126 nos

357 1149 386 1173 et
402 1146 478 1181 apud
493 1145 664 1173 confessores
687 1145 760 1180 ipsos
778 1146 806 1172 et
826 1145 900 1181 apud
918 1144 1031 1180 plebem
1055 1145 1169 1172 univer-

356 1201 415 1220 sam
437 1201 549 1220 causam
571 1201 662 1225 suam,
687 1200 762 1225 cum,
786 1193 903 1219 Domino
930 1192 1122 1227 permittente,
1141 1193 1170 1219 in

356 1240 451 1266 sinum
467 1239 566 1266 matris
582 1239 711 1266 Ecclesiae
725 1239 852 1274 recolligi
866 1238 1045 1274 coeperimus.
1064 1239 1102 1266 De
1117 1239 1170 1266 hoc

355 1286 391 1313 ad
411 1289 552 1322 martyres
576 1289 604 1313 et
626 1286 800 1313 confessores
824 1288 851 1313 et
871 1286 904 1312 ad
928 1285 1041 1321 plebem
1062 1286 1170 1313 litteras

353 1332 418 1367 feci,
440 1341 509 1368 quas
524 1335 647 1368 utraque
667 1332 748 1359 vobis
774 1332 828 1368 legi
851 1332 993 1359 mandavi.
1017 1331 1090 1367 Opto
1109 1341 1168 1367 vos,

352 1379 455 1406 fratres
477 1379 638 1406 charissimi
659 1388 692 1406 ac
713 1379 977 1412 desiderantissimi,
996 1379 1024 1405 in
1048 1379 1169 1406 Domino

353 1434 466 1461 semper
485 1426 559 1453 bene
581 1426 674 1453 valere
700 1428 728 1453 et
753 1426 839 1453 nostri
865 1425 1038 1453 meminisse.
1062 1426 1168 1453 Valete.

627 1490 790 1518 EPlSTO[.A
809 1491 829 1517 X
849 1491 896 1526 (6).

383 1547 504 1579 (Erum,
517 1553 555 1578 ω,
568 1549 597 1572 is
608 1555 616 1579 ;
629 1548 735 1578 Pamel.,
751 1554 796 1578 x1;
807 1547 876 1579 Εἰς..
889 1548 983 1578 Baluz.,
999 1548 1090 1579 Paris.,
1106 1554 1138 1580 x;

632 1584 726 1613 Oxon.,
742 1584 821 1615 Lips.,
835 1583 889 1614 xv.)

351 1637 385 1657 Αι)
406 1637 543 1657 MARTYRES
564 1637 594 1656 ΕΤ
613 1636 802 1656 CONFESSORES
826 1637 872 1659 QUI
897 1637 987 1657 LAPSIS
1015 1637 1168 1658 PETIERUNT

672 1676 758 1696 PACEI
773 1676 843 1695 DARI.

351 1724 543 1752 Aacuusnruu
557 1724 636 1759 hujus
651 1725 771 1760 epistola;
785 1725 865 1752 habes
878 1726 955 1759 infra
969 1727 999 1752 in
1010 1726 1064 1753 hac
1075 1727 1166 1760 verba,

386 1770 501 1804 epistola
516 1770 548 1796 16
562 1778 570 1796 :
588 1779 602 1793 «
617 1769 684 1796 Cum
705 1770 888 1804 comperissem
902 1778 944 1797 eos
964 1771 1012 1805 qui
1029 1771 1168 1804 sacrilegis

386 1813 554 1840 contactibus
576 1820 675 1840 manus
698 1821 760 1840 suas
773 1815 854 1848 atque
868 1822 916 1841 ora
928 1815 1116 1846 maculassent,
1126 1815 1168 1842 vel

387 1858 516 1891 nefandis
530 1857 627 1885 libellis
644 1858 821 1885 nihilominus
842 1860 1033 1886 conscientisz
1054 1860 1166 1894 polluis-

385 1905 455 1933 scnt,
468 1902 603 1929 exambire
613 1902 649 1929 ad
660 1905 794 1937 martyres
805 1904 917 1938 passim,
933 1905 1090 1937 confessores
1103 1911 1167 1938 quo-

383 1954 435 1981 que
447 1947 604 1981 importuna
619 1949 643 1973 et
656 1948 776 1980 gratiosa
790 1947 975 1982 deprecatione
987 1955 1164 1982 corrumpere,

385 1993 416 2018 ut
431 1992 486 2018 sine
499 1991 654 2018 discrimine
666 1994 692 2018 et
706 1993 829 2019 examine
846 1992 1014 2025 singulorum
1035 1992 1166 2020 durentur

386 2037 537 2064 libellorum
556 2037 653 2068 millia,
674 2039 768 2063 contra
789 2037 932 2070 Evangelii
952 2037 1044 2070 legem,
1062 2038 1166 2064 litteras

383 2082 436 2114 feci
461 2081 557 2115 quibus
585 2083 719 2115 martyres
743 2083 768 2107 et
792 2081 954 2114 confessores
979 2081 1086 2108 consilio
1109 2090 1165 2109 meo

383 2129 517 2160 quantum
543 2133 647 2160 possem
675 2125 712 2152 ad
739 2125 879 2151 Dommica
901 2128 1037 2160 praecepta
1059 2133 1165 2153 revoca-

383 2178 449 2197 rem.
461 2181 474 2194 ιι

1223 960 1251 985 et
1265 958 1477 993 Scripturarum
1498 959 1647 994 praeceptis
1667 959 1873 994 gubernarent.
1887 960 1941 988 Sed
1962 968 2032 988 nunc

1222 1013 1286 1031 cum
1309 1005 1434 1032 maximo
1456 1005 1545 1032 animi
1567 1006 1664 1033 dolore
1682 1014 1823 1041 cognosco
1847 1014 1906 1034 non
1927 1009 2033 1035 tantum

1221 1051 1276 1078 illic
1290 1051 1367 1078 vobis
1384 1060 1440 1079 non
1464 1052 1578 1087 suggeri
1601 1052 1695 1079 divina
1710 1055 1864 1088 precepts,
1878 1054 1929 1081 sed
1945 1054 2034 1082 adhuc

1223 1098 1316 1134 potius
1331 1098 1465 1133 impediri
1480 1099 1514 1133 ⁸³,
1530 1100 1607 1126 utea
1620 1107 1684 1134 quas
1705 1107 1721 1126 a
1735 1099 1815 1126 vobis
1834 1099 1904 1134 ipsis
1919 1102 1948 1127 et
1965 1100 2033 1128 circa

1222 1146 1311 1172 Deum
1337 1147 1420 1172 caute
1448 1147 1476 1172 et
1502 1145 1575 1172 circa
1605 1145 1781 1173 sacerdotem
1808 1145 1858 1173 Dei
1886 1147 2035 1175 honoriﬁce

1221 1192 1302 1223 tiuut,
1328 1201 1345 1219 a
1370 1192 1541 1227 quibusdam
1565 1192 1739 1228 presbyteris
1768 1193 1960 1227 resolvantur,
1986 1194 2033 1229 qui

1222 1247 1273 1266 nec
1288 1239 1420 1266 timorem
1442 1239 1488 1266 Dei
1510 1247 1561 1266 nec
1579 1239 1703 1274 episcopi
1722 1240 1865 1267 honorem
1882 1240 2037 1275 cogitantes

1222 1287 1294 1319 (cum
1309 1294 1355 1312 vos
1370 1286 1404 1313 ad
1420 1294 1464 1313 me
1483 1286 1592 1313 litteras
1612 1286 1781 1320 direxeritis,
1797 1286 1906 1322 quibus
1928 1287 2031 1314 exami-

1220 1332 1282 1359 nari
1308 1332 1448 1359 desideria
1469 1335 1559 1359 vestra
1581 1336 1608 1359 et
1629 1333 1799 1368 quibusdam
1827 1333 1916 1369 lapsis
1941 1342 2036 1368 pacem

1221 1378 1282 1405 dari
1297 1379 1442 1413 postulatis
1461 1387 1538 1413 cum,
1555 1379 1750 1414 persecutione
1769 1379 1864 1413 ﬁnita,
1882 1380 2036 1407 convenire

1219 1425 1248 1451 in
1272 1433 1364 1452 unum
1387 1433 1452 1452 cum
1480 1426 1555 1452 clero
1578 1427 1605 1452 et
1632 1426 1758 1461 recolligi
1780 1427 1977 1461 casperimus),
2002 1426 2041 1454 illi

1218 1474 1318 1498 contra
1347 1471 1488 1506 Evangelii
1514 1472 1618 1507 legem,
1647 1474 1746 1499 contra
1771 1474 1902 1499 vestram
1928 1480 2039 1508 quoque

1219 1518 1405 1545 honoriﬁcam
1426 1518 1602 1553 petitionem,
1622 1521 1688 1545 ante
1713 1519 1807 1546 actam
1830 1519 2041 1554 penitentiam,

1180 1579 1207 1615 Ο
1220 1568 1284 1592 ante
1301 1565 1533 1600 exomologesim,
1551 1565 1711 1600 gravissimi
1727 1567 1817 1601 atque
1846 1566 1972 1593 extremi
1993 1566 2039 1594 de-

1220 1612 1278 1639 licli
1299 1612 1412 1646 factum,
1427 1616 1492 1640 ante
1515 1621 1631 1640 manum
1648 1613 1683 1640 ab
1700 1613 1841 1649 episcopo
1863 1617 1894 1642 et
1917 1615 1994 1642 clero
2006 1613 2043 1650 (8)

1218 1659 1248 1686 in
1273 1659 1471 1694 paenitentiam
1493 1659 1667 1695 impositam,
1681 1659 1785 1688 oﬁ'erre
1809 1669 1866 1696 pro
1888 1661 1946 1688 illis
1964 1661 2003 1697 (9)
2017 1663 2045 1688 et

1218 1706 1423 1733 Eucharistiam
1441 1706 1513 1740 dari,
1530 1706 1557 1733 id
1578 1709 1630 1740 est,
1645 1709 1777 1734 sanctum
1800 1707 1923 1735 Domini
1946 1715 2047 1743 corpus

1217 1752 1368 1787 profanare
1390 1752 1524 1787 audeant,
1538 1761 1602 1780 cum
1628 1753 1765 1788 scriptum
1790 1754 1854 1781 sit:
1881 1755 1937 1788 Qui
1958 1754 2042 1782 ederit

1214 1806 1314 1833 panem
1326 1802 1375 1826 aut
1390 1799 1485 1826 biberit
1499 1800 1607 1827 calicem
1628 1801 1737 1827 Domini
1755 1801 1890 1835 indigne,
1908 1809 1971 1829 reus
1994 1801 2044 1829 erit

1217 1847 1335 1880 corporis
1347 1848 1373 1873 et
1385 1847 1526 1881 sanguinis
1536 1847 1641 1874 Domini
1653 1847 1674 1881 (Ι
1690 1847 1761 1878 σοιν..
1778 1855 1818 1880 x1,
1835 1848 1896 1883 27).

1253 1892 1284 1918 ll.
1302 1892 1335 1919 Et
1349 1892 1434 1927 lapsis
1447 1892 1562 1928 quidem
1578 1894 1672 1929 potest
1683 1893 1712 1920 iu
1729 1893 1786 1920 hoc
1806 1894 1898 1922 venia
1920 1891 2047 1923 concedi.

1215 1938 1282 1970 Quis
1298 1939 1374 1965 enim
1389 1947 1445 1965 non
1463 1942 1592 1966 mortuus
1610 1939 1741 1966 viviﬁcari
1758 1943 1910 1976 properet
1924 1942 1948 1959 “
1963 1941 1977 1968 ‘l
1989 1940 2049 1977 quis

1215 1993 1273 2011 non
1287 1985 1321 2012 ad
1337 1986 1457 2012 salutem
1476 1994 1554 2012 suam
1579 1986 1673 2013 venire
1688 1986 1837 2014 festinet?
1857 1987 1917 2016 Sed
1935 1995 2049 2024 praepo-

1216 2031 1335 2058 sitorum
1358 2034 1400 2059 est
1420 2034 1595 2067 praeceptum
1616 2035 1727 2066 tenere,
1742 2034 1773 2060 et
1791 2033 1841 2061 vel
1861 2037 2052 2070 properantes

1215 2078 1269 2112 (10)
1284 2078 1328 2105 vel
1351 2078 1518 2113 ignorantes
1537 2079 1689 2113 instruere,
1706 2087 1741 2107 ne
1760 2080 1816 2115 qui
1839 2081 1945 2109 ovium
1963 2081 2052 2117 pasto-

1215 2132 1260 2151 res
1280 2132 1339 2151 esse
1355 2125 1459 2152 debent
1471 2125 1540 2152 lanii
1555 2126 1635 2153 ﬁant.
1645 2126 1684 2152 Ea
1700 2126 1783 2153 enim
1799 2127 1976 2155 concedere
1989 2134 2052 2164 quas

1215 2170 1244 2197 in
1272 2171 1429 2206 perniciem
1455 2173 1575 2205 vertant,
1600 2172 1730 2207 decipere
1752 2174 1823 2207 est;
1848 2181 1909 2202 nec
1933 2173 2054 2210 erigitur

1035 2224 1140 2256 Varias
1170 2225 1342 2258 lectiones.

379 2279 640 2313 "Contemplantes
667 2282 762 2306 contra
788 2281 879 2312 legem
905 2281 957 2306 Dei
982 2281 1060 2305 Oxon.
1083 2281 1184 2313 Legem
1209 2282 1321 2306 Domini
1349 2282 1409 2313 Lips.
1458 2281 1605 2308 l"Interim
1631 2283 1730 2307 morari
1758 2282 1839 2309 Fors.
1875 2285 1948 2310 Vict.
1977 2282 2054 2311 liti.

347 2315 368 2335 ³³
380 2318 586 2344 Perseverarint
600 2317 687 2342 vitare
711 2317 928 2342 admonitionem
950 2318 1009 2341 Mss,
1032 2318 1058 2341 lt.

1105 2317 1127 2333 ¹⁰
1137 2318 1256 2343 Domino
1280 2318 1356 2342 Oxon.

1404 2317 1426 2333 ⁴⁴
1450 2317 1588 2342 Honestos
1614 2317 1717 2342 milites
1742 2318 1846 2344 Veron.
1898 2321 1923 2336 ⁸·
1949 2318 2056 2346 Conve-

345 2352 456 2378 nleutes
468 2354 604 2383 martyres
620 2352 668 2376 Ver
722 2352 744 2367 “
759 2352 879 2376 luveniri
890 2351 964 2377 Corb.
977 2353 1057 2384 Impr.
1100 2354 1121 2369 “
1137 2353 1278 2379 Viviﬁcari
1293 2354 1368 2384 optet
1383 2352 1455 2377 Corb.

992 2403 1105 2445 Steph.
1136 2405 1259 2437 Baluzii
1288 2407 1384 2436 notae.

377 2467 411 2498 (5)
427 2466 620 2508 Αάνηοηίιῖρμε.
648 2464 677 2506 id
698 2465 739 2508 est
760 2464 951 2508 suspensionis
973 2471 1101 2508 censura,
1122 2468 1199 2508 ﬁutD
1211 2465 1478 2508 animadversionem
1493 2465 1528 2490 ad
1544 2465 1721 2497 Epiphaniam
1748 2465 1782 2491 in
1801 2465 1916 2494 hami
1933 2467 1977 2500 ne.

345 2502 540 2533 interpretatur
562 2500 697 2525 Baronius
715 2500 792 2525 hunc
813 2500 945 2532 Cypriani
973 2500 1065 2525 locum
1090 2501 1160 2526 refe-

344 2543 418 2562 rens.

377 2572 408 2603 (ϐ)
435 2571 647 2603 luscriptionem
669 2570 751 2602 hujus
768 2571 892 2602 epistolas
911 2571 994 2596 talem
1017 2572 1161 2603 posuimus

345 2607 457 2639 qualem
480 2606 635 2638 reperimus
655 2606 683 2630 in
707 2606 834 2638 plurimis
852 2607 975 2638 antiquis
995 2607 1160 2639 exemplari-

344 2642 398 2667 bus
412 2644 439 2667 et
453 2642 482 2666 in
498 2641 695 2666 vetustioribus
707 2641 884 2666 editionibus.

377 2678 408 2708 (7)
435 2678 553 2702 Fratres.
571 2677 658 2702 Antea
680 2676 824 2708 legebatur
839 2679 981 2709 martyres,
1006 2677 1080 2710 quod
1104 2684 1160 2703 non

344 2713 415 2738 solet
432 2712 599 2744 Cyprianus.
613 2712 671 2743 Ego
686 2711 830 2737 emendavi
843 2718 877 2736 ex
892 2713 976 2737 veteri
993 2712 1063 2738 libro
1080 2719 1160 2738 sanc-

345 2749 366 2774 ti
379 2747 524 2774 Michaelis
547 2748 575 2772 in
602 2747 725 2779 periculo
744 2748 837 2772 maris.
861 2748 928 2773 Nam
955 2749 1037 2773 etiam
1062 2750 1088 2773 in
1107 2749 1161 2775 hac

343 2784 403 2816 ipsa
420 2783 545 2815 Epistola
565 2782 721 2815 Cyprianus
741 2783 774 2808 ad
791 2790 837 2808 eos
858 2783 983 2809 scribens
1004 2784 1051 2815 ait,
1068 2785 1160 2815 fortia-

343 2819 404 2845 simi
415 2821 439 2844 et
453 2818 602 2844 charissimi
615 2818 725 2849 fratres.

376 2855 409 2887 (8)
435 2853 475 2879 Ab
498 2854 617 2886 episcopo
645 2856 669 2879 et
690 2854 762 2879 clero
798 2853 844 2879 Sic
869 2855 952 2880 etiam
981 2855 1009 2879 in
1037 2855 1160 2887 Epistola

341 2890 480 2923 sequenti.
519 2889 592 2920 Ergo
617 2896 672 2914 non
711 2889 788 2914 solus
818 2890 966 2921 episcopus
1000 2889 1163 2922 imponebat

340 2933 457 2957 manum
468 2925 553 2960 lapsis
565 2925 600 2951 ad
608 2925 764 2951 Ecclesium
777 2925 1045 2951 redeuntibus.Vide
1057 2925 1162 2951 Petavii

1213 2503 1254 2526 est
1270 2501 1495 2536 Novgtianorum.
1587 2535 1594 2536 ί
2045 2523 2058 2536 ,ε

1245 2536 1275 2566 (9)
1298 2535 1396 2568 O/ferre
1419 2543 1468 2568 pro
1490 2535 1555 2560 illis.
1585 2535 1626 2560 Ita
1650 2537 1764 2561 veteres
1790 2536 1867 2562 libri
1893 2539 1925 2563 et
1949 2533 2071 2566 velati:

1210 2571 1431 2608 editionestQuo
1446 2572 1529 2596 etiam
1546 2571 1628 2596 modo
1650 2571 1796 2608 scriptum
1814 2575 1864 2599 est
1879 2574 1912 2599 in

1209 2607 1345 2639 sequenti.
1360 2607 1499 2632 Manutius
1513 2607 1603 2639 posuit
1620 2615 1625 2631 :
1640 2616 1655 2631 «
1669 2606 1786 2634 Oﬁ‘erre
1802 2609 1902 2642 lapsis
1917 2603 2065 2642 ’ρι’δαιςέη

1210 2642 1361 2674 Morellius,
1387 2649 1418 2667 ea
1439 2644 1591 2668 mutatione
1624 2643 1742 2675 insuper
1780 2640 1905 2676 habita,
1926 2640 2063 2676 mem

1210 2680 1332 2704 veterem
1359 2678 1516 2703 lectionem.
1537 2677 1673 2711 Rigaltius
1703 2680 1797 2712 sequi
1827 2681 1941 2707 maluit
1957 2676 2043 2712 οωω

1210 2721 1273 2739 nem
1289 2714 1413 2739 Manutii.
1423 2713 1505 2746 Angli
1520 2715 1704 2746 reposuerunt
1713 2717 1870 2742 veterem.
1885 2713 2048 2746 nam

1210 2732 1394 2788 statuis:
1398 2732 1704 2788 ξ’ἑῖιῖἐῖξὶηὶὶᾟέιῖἰιῑίῗ
1714 2732 1754 2776 si"
1758 2732 2072 2788 "agema

1211 2784 1316 2809 habent
1330 2784 1477 2809 hominum
1489 2785 1609 2817 ingenia.

1913 2729 1989 2762 ³³³³³έῖ

1931 2811 2080 2944 Ἠ

1307 2806 1717 2852 ἓτῖοῇἓιῖγῖιᾶ.ἷιῗὸρίειοιι
1731 2823 1885 2854 sequenti
1905 2829 1913 2848 :
1927 2832 1945 2848 α

1211 2854 1326 2880 randum
1342 2857 1429 2892 tamen
1444 2862 1496 2881 non
1509 2858 1583 2892 pluo,
1597 2855 1769 2892 nscimus“
1790 2857 1915 2892 aliquid
1937 2861 1967 2887 ll

1210 2891 1307 2926 naviter
1328 2890 1469 2922 agendum.
1485 2899 1500 2915 ι
1522 2891 1609 2924 Epist.
1628 2890 1660 2917 12
1682 2898 1689 2916 :
1709 2899 1728 2915 α
1753 2887 1931 2926 Tuus-aria

1210 2925 1278 2952 tione
1290 2925 1417 2959 deposita.
1437 2934 1451 2951 η
