4028 6200
254 246 353 297 261

1720 228 2037 289 EPISTOLA
2075 226 2160 287 XI.

3518 226 3622 285 262

254 368 341 419 sic
378 367 593 436 lapsus,
627 365 721 418 sed
769 380 872 435 per
910 362 1008 417 Dei
1049 360 1321 416 offensam
1362 360 1549 430 magis
1586 358 1981 441 impelliturA
2072 357 2160 410 IV.
2207 355 2281 409 De
2327 354 2431 407 hoc
2472 357 2528 407 et
2572 355 2639 409 ad
2685 356 2899 412 clerum
2933 359 2989 407 et
3033 354 3104 408 ad
3150 352 3373 424 plebem
3411 354 3624 409 litteras

254 459 332 513 ad
367 460 624 513 ruinam.
658 460 752 512 Vel
785 474 852 511 ex
880 456 1037 510 vobis
1058 456 1246 525 itaque
1270 454 1485 507 discant
1510 452 1661 523 quod
1695 452 1901 505 docere

256 553 619 607 debuerant.
673 552 975 605 Petitiones
1018 553 1074 602 et
1109 547 1392 601 desideria
1418 550 1602 600 vestra
1641 544 1903 615 episcopo

252 650 527 711 servent,
562 651 615 699 et
645 645 716 697 ad
746 660 941 714 pacem
967 641 1122 695 vobis
1164 640 1487 710 petentibus
1514 638 1757 692 dandam
1784 654 1902 690 ma-

254 744 406 793 turu
421 756 477 792 m
500 744 558 793 et
578 742 844 808 pacatum
865 741 1089 805 tempus
1106 733 1520 803 exspectent“.
1550 729 1741 802 255
1763 732 1907 784 Ante

254 839 348 886 est
385 834 498 899 (11)
526 838 645 885 uta
688 830 933 884 Domino
973 844 1164 898 pacem
1199 828 1245 860 ὀδ
1283 832 1460 880 mater
1502 824 1657 895 prior
1697 826 1903 889 sumat,

248 932 410 979 tunc
469 925 787 979 secundum
824 928 1010 977 vestra
1059 919 1343 974 desideria
1386 921 1491 989 (12)
1541 918 1609 973 de
1653 916 1906 971 filiorum

250 1036 407 1088 pace
440 1023 710 1073 tractetur
735 1018 801 1069 ³⁷.

337 1115 449 1166 IIl.
498 1113 561 1165 Et
604 1110 870 1181 quoniam
916 1108 1106 1175 audio,
1152 1104 1447 1161 fortissimi
1493 1109 1550 1158 et
1587 1101 1907 1159 charissimi

256 1208 512 1272 fratres,
543 1203 905 1274 impudentia
934 1204 1043 1269 (13)
1071 1216 1171 1254 vos
1203 1197 1587 1270 quorumdam
1629 1196 1814 1267 premi
1854 1199 1910 1250 et

252 1298 687 1354 verecundiam
736 1301 984 1351 vestram
1041 1293 1156 1348 vim
1212 1292 1352 1363 pati,
1409 1307 1508 1346 oro
1560 1306 1656 1344 vos
1702 1289 1908 1360 quibus

257 1409 517 1463 possum
569 1390 829 1462 precibus
874 1396 953 1453 ut,
987 1386 1271 1457 Evangelii
1310 1400 1598 1439 memores
1633 1388 1689 1437 et
1724 1382 1909 1437 consi-

260 1487 547 1541 derantes
573 1502 700 1555 quae
726 1489 782 1538 et
818 1483 1010 1554 qualia
1048 1481 1107 1535 in
1144 1479 1499 1551 praeteritum
1529 1480 1910 1531 antecessores

263 1580 463 1633 vestri
508 1585 790 1648 martyres
838 1573 1219 1630 concesserint
1249 1574 1316 1641 ³⁸,
1360 1587 1531 1641 quam
1581 1569 1804 1625 solliciti
1852 1569 1911 1622 in

263 1673 557 1727 omnibus
622 1670 853 1736 fuerint,
910 1686 1005 1723 vos
1056 1683 1281 1739 quoque
1342 1666 1576 1719 sollicite
1637 1669 1693 1718 et
1751 1668 1911 1716 caute

2003 450 2135 514 feci,
2192 464 2331 518 quas
2387 451 2655 518 utrasque
2705 450 2863 504 vobis
2916 450 3029 519 legi
3084 448 3364 501 mandavi.
3420 450 3527 503 Sed
3576 456 3631 505 et

2007 542 2142 595 illud
2173 542 2244 595 ad
2273 541 2627 611 diligentiam
2660 546 2901 595 vestram
2940 543 3195 611 redigere
3228 546 3283 596 et
3327 544 3631 597 emendare

2004 635 2244 701 debetis,
2274 641 2335 689 ut
2366 635 2706 689 nominatim
2737 636 3043 705 designetis
3070 652 3164 689 eos
3196 635 3401 705 quibus
3429 654 3627 707 pacem

2007 728 2128 782 dari
2160 728 2514 782 desideratis.
2538 728 2720 781 Audio
2748 728 2900 781 enim
2933 728 3267 798 quibusdam
3296 728 3372 782 sic
3412 730 3631 784 libellos

2008 821 2132 875 fieri
2162 826 2227 875 ut
2244 822 2493 875 dicatur:
2525 843 2550 871 ι(
2580 821 3269 891 Οοωωυοὶοθ11]]ε(1ὅ)...
3301 838 3427 875 cum
3446 823 3581 889 suis,
3600 846 3626 873 ››

2008 915 2156 985 quod
2199 931 2493 985 nunquam
2533 915 2768 969 omnino
2817 932 2850 968 a
2885 914 3226 984 martyribus
3273 915 3479 969 factum
3524 923 3626 984 est,

2010 1012 2073 1063 ut
2101 1008 2319 1063 incerta
2351 1011 2411 1061 et
2436 1024 2582 1062 caeca
2603 1010 2707 1078 (16)
2738 1007 2930 1080 256
2958 1007 3154 1079 petitio
3181 1008 3444 1063 invidiam
3472 1009 3636 1063 nobis

2008 1102 2369 1173 postmodum
2412 1102 2684 1156 cumulet.
2714 1102 2843 1156 Late
2875 1102 3028 1156 enim
3068 1106 3225 1171 patet
3263 1104 3489 1172 quando
3544 1104 3629 1157 di-

2008 1195 2174 1262 citur,
2210 1214 2235 1245 α
2268 1195 2361 1248 ille
2407 1211 2533 1248 cum
2565 1195 2699 1263 suis,
2732 1215 2759 1245 ιι
2800 1199 2857 1249 et
2884 1201 3120 1265 possunt
3162 1196 3320 1249 nobis
3360 1196 3536 1250 viceni
3581 1203 3635 1251 et

2006 1288 2207 1347 .triceni
2238 1294 2293 1341 et
2331 1289 2576 1358 amplius
2617 1288 2808 1343 offerri
2854 1289 2950 1359 qui
2995 1289 3300 1359 prOpinqui
3339 1293 3393 1343 et
3434 1290 3633 1345 affines

2010 1385 2066 1435 et
2092 1381 2277 1435 liberti
2312 1398 2375 1435 ac
2425 1381 2725 1436 domestici
2766 1398 2891 1436 esse
2934 1386 3331 1436 asseverentur
3370 1384 3491 1453 ejus
3537 1385 3637 1454 qui

2009 1474 2278 1544 accipit51
2322 1474 2594 1528 libellum.
2630 1476 2695 1528 Et
2732 1475 2859 1529 ideo
2911 1481 3039 1545 peto
3088 1482 3147 1529 ut
3196 1492 3294 1530 eos
3338 1493 3481 1547 quos
3527 1477 3634 1546 ipsi

2011 1566 2231 1632 videtis,
2262 1584 2403 1637 quos
2430 1567 2626 1634 nostis,
2659 1584 2903 1638 quorum
2946 1569 3343 1638 paenitentiam
3394 1570 3638 1624 satisfac-

2014 1659 2149 1713 tioni
2176 1661 2495 1730 proximam
2523 1661 2839 1730 conspicitis
2866 1661 3000 1731 (17),
3036 1662 3347 1732 designetis
3376 1664 3637 1717 nomina-

266 1766 603 1838 petentium
668 1764 952 1819 desideria
1006 1763 1052 1797 ‘9
1100 1759 1441 1832 ponderetis,
1497 1760 1693 1829 utpote
1741 1751 1985 1821 amiciB
2013 1753 2114 1807 tim
2142 1753 2351 1821 libello,
2389 1757 2445 1808 et
2490 1754 2568 1807 sic
2608 1754 2680 1808 ad
2734 1771 2838 1809 nos
2875 1754 3007 1809 ﬁdei
3050 1771 3113 1808 ac
3146 1755 3458 1826 disciplinas
3501 1774 3636 1810 con-

265 1859 516 1915 Domini
557 1864 611 1912 et
653 1874 782 1911 cum
822 1856 916 1910 illo
954 1853 1323 1926 postmodum
1366 1850 1693 1921 judicaturi,
1735 1849 1909 1919 inspi-

262 1954 454 2007 ciatis
501 1958 558 2006 et
613 1957 803 2004 actum
859 1952 916 2002 et
968 1964 1139 2017 opera
1187 1952 1243 2001 et
1287 1946 1487 1999 merita
1531 1943 1910 2013 singulorum,

256 2047 543 2117 ipsorum
589 2059 812 2113 quoque
867 2041 1206 2095 delictorum
1251 2053 1462 2108 genera
1512 2039 1568 2090 et
1614 2035 1914 2106 qualitates

263 2137 572 2209 cogitetis,
602 2152 691 2202 ne,
721 2135 764 2188 si
793 2134 928 2205 quid
972 2133 1211 2202 abrupte
1247 2137 1302 2185 et
1337 2130 1571 2200 indigne
1606 2129 1693 2182 vel
1738 2144 1769 2181 a
1812 2143 1910 2181 no-

264 2232 363 2285 bis
434 2231 770 2301 promissum
826 2228 913 2280 vel
964 2243 997 2279 a
1048 2224 1211 2279 nobis
1260 2224 1473 2278 factum
1527 2222 1717 2289 fuerit,
1766 2220 1915 2290 apud

270 2325 539 2397 gentiles
583 2338 811 2395 quoque
855 2322 1007 2391 ipsos
1054 2319 1288 2374 ecclesia
1336 2320 1531 2371 nostra
1580 2315 1914 2370 erubescere

268 2418 551 2489 incipiat.
588 2416 887 2469 Visitamur
918 2414 1071 2467 enim
1102 2416 1159 2467 et
1185 2411 1533 2481 castigamur
1558 2410 1915 2480 frequenter,

269 2521 332 2567 et
358 2516 439 2566 ut
472 2510 693 2565 Domini
736 2508 1001 2563 mandata
1044 2508 1378 2575 incorrupta
1404 2508 1461 2558 et
1498 2504 1765 2558 inviolata
1810 2503 1916 2571 (14)

271 2609 692 2677 permaneant,
736 2603 1134 2657 admonemur.
1183 2599 1342 2663 Quod
1381 2598 1611 2669 quidem
1653 2612 1754 2650 nec
1806 2596 1920 2649 illic

270 2699 453 2771 apud
509 2715 603 2752 vos
653 2712 872 2751 cessare
935 2709 1211 2765 cognosco
1274 2692 1581 2762 quominus
1643 2690 1919 2760 plurimos

270 2808 518 2865 quoque
565 2807 632 2845 ex
674 2790 830 2843 vobis
869 2789 1111 2843 instruat
1150 2787 1220 2840 ad
1263 2785 1525 2839 Ecclesia:
1564 2783 1920 2854 disciplinam

272 2888 495 2941 divina
539 2899 806 2938 censura.
856 2884 970 2937 Hoc
1014 2886 1205 2936 autem
1244 2883 1424 2934 totum
1470 2883 1650 2949 potest
1691 2876 1838 2943 fieri,
1872 2876 1919 2929 si

271 2996 344 3033 ea
382 2994 525 3049 quae
556 2994 591 3030 a
632 2976 788 3030 vobis
833 2979 1104 3045 petuntur
1146 2973 1407 3043 religiosa
1446 2970 1921 3040 contemplatione

276 3071 433 3127 mod
444 3070 709 3137 eremini,
728 3068 1109 3138 intelligentes
1138 3070 1196 3121 et
1220 3065 1663 3136 comprimentes
1685 3080 1782 3117 eos
1802 3065 1919 3134 qui,

2014 1850 2280 1918 gruentes
2326 1847 2538 1901 litteras
2581 1847 2861 1918 dirigatis.
2909 1847 3055 1917 Opto
3098 1865 3213 1914 vos,
3242 1849 3528 1902 fortissimi
3574 1866 3639 1903 ac

2014 1940 2364 1994 dilectissimi
2414 1940 2461 1974 59
2517 1941 2740 2008 fratres,
2797 1940 2855 1994 in
2906 1941 3147 1995 Domino
3203 1958 3429 2012 semper
3494 1942 3639 1996 bene

2016 2036 2200 2088 valere
2226 2036 2285 2087 et
2314 2034 2493 2089 nostri
2520 2034 2868 2087 meminisse.
2898 2034 3112 2089 Valete.

2540 2186 2857 2242 EPISTOLA
2888 2188 2951 2240 x1
2984 2190 3118 2258 (ιε).

2017 2297 2260 2358 (Erasm.,
2286 2308 2363 2358 IlI,
2392 2301 2447 2346 16
2467 2310 2483 2358 ;
2506 2297 2723 2358 Pamel.,
2754 2309 2862 2358 x11;
2896 2297 3102 2359 Rigalt,
3129 2299 3319 2361 Baluz.,
3348 2300 3528 2363 Paris,
3559 2312 3645 2363 x1;

2621 2370 2805 2429 Oxon.,
2833 2369 2993 2432 Lips,
3024 2372 3171 2434 xvii.)

2661 2489 2729 2525 AD
2772 2488 2995 2527 PLEBEH.

2016 2594 2393 2645 ARGUMENTUM
2420 2588 2579 2657 hujus
2605 2604 2814 2658 quoque
2842 2590 3080 2658 epistola
3120 2590 3276 2645 habet
3317 2606 3456 2660 saepe
3499 2593 3647 2647 dicta

2088 2680 2244 2747 epist.
2280 2694 2410 2732 xxv:
2449 2698 2477 2726 «
2506 2677 2657 2732 Plebi
2702 2693 2930 2747 quoque,
2977 2680 3178 2747 inquit,
3214 2681 3339 2748 ipsi,
3382 2687 3647 2748 quantum

2084 2769 2380 2837 potuimus,
2403 2768 2640 2820 animum
2661 2768 3045 2835 composuimus
3067 2772 3117 2820 et
3136 2772 3196 2821 ut
3215 2770 3271 2821 in
3292 2771 3647 2825 ecclesiastica

2090 2856 2383 2926 disciplina
2410 2860 2756 2910 servarentur
2778 2857 3157 2919 instruximus.
3191 2877 3220 2907 ››

2093 2977 2135 3030 Ι.
2189 2975 2503 3046 Cyprianus
2552 2975 2818 3029 fratribus
2871 2976 2929 3029 in
2991 2975 3152 3045 plebe
3209 2976 3648 3033 consistentibus

2022 3068 2281 3123 salutem.
2330 3068 2706 3138 lngemiscere
2760 3085 2855 3122 vos
2916 3074 2974 3124 et
3026 3069 3217 3124 dolere
3278 3070 3472 3124 ruinas
3536 3072 3643 3143 (19)

268 3180 579 3239 personas
640 3162 979 3233 accipientes
1008 3203 1021 3229 ,
1089 3162 1149 3214 in
1212 3158 1499 3214 beneficiis
1564 3159 1762 3213 vestris
1824 3132 1997 3212 autc
2024 3163 2265 3217 fratrum
2297 3164 2621 3216 nostrorum
2649 3178 2720 3217 ex
2754 3178 2846 3216 me
2887 3162 3025 3225 scio,
3068 3162 3273 3217 fratres
3314 3164 3648 3233 charissimi,

268 3258 695 3331 gratiﬁcantur
724 3257 794 3323 ⁵ο,
824 3260 924 3309 aut
950 3253 1162 3308 illicitae
1203 3252 1607 3324 negotiationis
1640 3252 1923 3307 nundinas

264 3353 675 3421 aucupentur.

2024 3255 2118 3326 qui
2150 3259 2208 3309 et
2233 3255 2353 3326 ipse
2393 3255 2683 3310 vobiscum
2728 3272 2832 3326 pro
2882 3254 3123 3326 singulis
3170 3255 3490 3327 ingemisco
3536 3259 3648 3329 (20)

2021 3349 2238 3420 pariter
2269 3352 2328 3403 et
2366 3349 2555 3411 doleo,
2598 3354 2655 3404 et
2696 3348 2885 3419 patior
2925 3364 2989 3403 ac
3029 3349 3215 3405 sentio
3252 3351 3405 3421 quod
3450 3350 3654 3406 beatus

1681 3444 1891 3509 Variae
1944 3445 2288 3510 lectiones.

342 3551 395 3581 σε
434 3546 693 3605 Servent,
723 3543 793 3594 ad
822 3555 1077 3607 pacem...
1110 3546 1496 3607 exspectantes
1523 3546 1615 3595 Ar.
1643 3544 1781 3593 Lam.
1816 3543 1966 3593 Ebor.
1993 3546 2117 3594 Bod.
2148 3545 2195 3594 2.
2262 3545 2305 3579 ⁴⁶
2333 3546 2381 3595 Α
2419 3546 2659 3595 Domino
2688 3558 2881 3609 pacem
2914 3546 3069 3594 Oxon.
3099 3560 3162 3594 ea:
3187 3546 3295 3595 cod.
3327 3546 3468 3597 Lam.
3502 3543 3655 3597 Ebor.

267 3618 392 3669 ΝΟ.
444 3616 492 3663 1.
520 3628 638 3661 mss.
665 3615 719 3660 Β.
747 3613 873 3661 Bod.
908 3614 947 3661 l.
977 3613 1112 3662 Foss.
1149 3612 1295 3662 Corb.
1323 3614 1467 3663 Ante
1502 3614 1727 3664 Domini
1758 3626 1950 3675 pacem
1974 3614 2129 3677 Impr.

270 3684 419 3737 Bod.
454 3684 500 3733 Ξ.
592 3683 634 3712 ⁴³
665 3680 914 3731 Sollicite
946 3683 1249 3743 petentium
1292 3681 1579 3732 desideria.

272 3756 460 3807 Ebor.
488 3752 599 3802 ΝΟ.
636 3753 677 3800 1.
770 3750 811 3784 ⁸³
838 3749 1169 3800 Fidelissimi
1216 3750 1325 3799 Ver.

1681 3684 1721 3716 ⁸ο
1781 3683 1851 3733 Ut
1879 3688 1977 3734 aut
2031 3685 2342 3747 gratiﬁcent
2384 3689 2473 3736 Ar.
2514 3686 2670 3738 Ebor.
2723 3688 2859 3737 Lam.
2893 3688 3000 3738 ΝΟ.
3036 3691 3078 3738 1.

2218 3614 2260 3647 ⁴⁷
2304 3616 2656 3666 Tractabitur
2690 3618 2800 3665 Ver.
2887 3616 2932 3649 ⁴⁸
2963 3616 3365 3668 Consenserint
3389 3620 3478 3668 Ar.
3513 3621 3650 3669 Lam.

3169 3692 3209 3721 5'
3243 3689 3476 3753 Accepit
3510 3690 3653 3739 Lam.

1584 3814 1805 3896 Steph.
1877 3815 2123 3880 Baluzii
2180 3824 2377 3882 notae.

341 3928 463 3991 (11)
514 3925 640 3973 Ante
678 3928 765 3972 est.
818 3923 895 3971 Ita
926 3925 1139 3972 veteres
1177 3923 1444 3973 editiones
1488 3926 1615 3973 ante
1660 3924 1925 3974 Manutia-

275 4012 445 4051 nam.
482 3994 647 4057 Angli
673 4007 876 4043 novam
901 3994 1217 4053 lectionem,
1238 4007 1405 4056 quam
1430 4007 1542 4043 non
1575 3993 1705 4043 alibi
1728 3996 1925 4058 reperi,

277 4068 651 4119 invexerunt.
706 4063 1013 4112 Ediderunt
1054 4064 1202 4112 enim
1240 4077 1251 4110 :
1292 4080 1320 4111 (ς
1355 4065 1401 4112 Α
1433 4064 1672 4113 Domino
1730 4078 1925 4127 pacem

277 4146 492 4195 mater,
523 4156 555 4181 »
581 4135 782 4185 omissa
807 4146 948 4183 voce
977 4139 1116 4182 ante.

344 4211 458 4271 (Β.)
516 4208 701 4256 Vestra
754 4205 1033 4254 desideria.
1085 4204 1276 4255 Codex
1321 4205 1621 4266 Fuxensis,

275 4282 620 4346 petitionem.

352 4351 459 4413 (13)
503 4346 858 4409 Impudentia.
915 4345 1067 4396 Idem
1114 4345 1287 4396 codex
1330 4349 1383 4396 et
1428 4346 1780 4397 Veronensis.
1839 4348 1926 4397 Ab

1698 4207 1927 4256 Vestram

2024 3928 2225 3977 omissa
2253 3933 2385 3978 sunt
2417 3930 2582 3979 etiam
2626 3931 2682 3978 in
2731 3927 2993 3979 Fuxensi.
3025 3929 3102 3979 Ea
3148 3940 3279 3978 vero
3318 3926 3559 3981 defuisse
3598 3929 3657 3980 in

2026 3999 2329 4049 Veronensi
2382 4000 2704 4049 adnotatum
2762 4006 2844 4050 est
2900 4002 2956 4049 in
3017 4000 3263 4063 margine
3328 4002 3659 4063 exemplaris

2026 4072 2135 4119 mei
2188 4070 2444 4120 editionis
2504 4071 2853 4122 Manutianm.
2914 4071 2985 4120 Ut
3038 4070 3168 4120 inde
3240 4071 3422 4133 colligi
3490 4074 3661 4134 possit

2026 4141 2344 4203 Rigaltium,
2388 4142 2482 4205 qui
2530 4156 2665 4192 usus
2706 4147 2789 4192 est
2826 4141 3127 4205 exemplari
3168 4140 3417 4203 ejusdem
3457 4142 3663 4191 editio-

2026 4213 2113 4261 nis
2148 4213 2205 4260 in
2245 4225 2357 4276 quo
2398 4213 2695 4263 exstabant
2742 4213 2952 4264 eadem
3005 4212 3173 4262 varias
3216 4212 3485 4262 lectiones
3534 4226 3661 4275 quas

2026 4282 2304 4334 habentur
2363 4285 2417 4333 in
2485 4298 2627 4345 meo,
2702 4286 2849 4335 illius
2914 4284 3248 4347 exemplaris
3334 4285 3661 4334 auctoritate

2027 4354 2298 4406 delevisse
2328 4355 2428 4405 has
2458 4368 2623 4406 voces
2650 4357 2705 4405 in
2746 4370 2847 4405 sua
2884 4356 3146 4406 editione.
3189 4355 3354 4417 Angli
3391 4368 3661 4418 reposue-

277 4417 719 4508 imp_qden't\i.bus
747 4416 1102 4508 quibusdam.
1136 4435 1163 4463 »
1195 4417 1287 4468 Sic
1310 4418 1477 4467 etiam
1504 4418 1773 4480 scriptum
1817 4418 1928 4467 vidi
1949 4436 2008 4508 D
2032 4430 2179 4474 runt,

282 4494 343 4543 in
374 4492 525 4542 libro
552 4490 802 4551 Dionysii
834 4488 1142 4539 Remensis.

348 4563 463 4626 (14)
495 4559 771 4609 Inuiolata.
818 4557 969 4607 Idem
1006 4558 1181 4608 codex
1233 4559 1518 4619 Fuxensis,
1565 4560 1927 4609 immaculata.

352 4635 459 4695 (15)
509 4630 861 4680 Communicct
910 4629 1018 4678 ille.
1065 4629 1238 4692 Cujus
1289 4643 1493 4681 nomen
1544 4631 1633 4680 hic
1691 4631 1931 4693 positum

288 4711 433 4755 erat.
491 4702 660 4763 Olim,
714 4705 776 4751 ut
828 4703 974 4764 patet
1026 4713 1095 4750 ex
1148 4702 1286 4751 libro
1351 4704 1549 4752 diurno
1606 4701 1930 4765 pontiﬁcum

290 4778 703 4835 Romanorum,
751 4787 818 4823 ex
863 4774 1231 4835 Hieronymo,
1299 4773 1645 4832 Cassiodoro,
1708 4779 1763 4822 et
1811 4774 1933 4822 aliis

290 4851 456 4905 locis,
496 4848 585 4895 sic
622 4845 940 4894 indicabant
986 4847 1209 4894 nomina
1247 4858 1438 4895 eorum
1482 4858 1607 4909 quae
1642 4844 1934 4894 scribenda

293 4923 477 4969 erant.
509 4916 767 4979 Sequens
792 4920 925 4965 astas
948 4917 1133 4979 posuit
1156 4916 1396 4966 litteram
1423 4917 1486 4975 N,
1521 4917 1726 4967 omissa
1764 4918 1934 4967 veteri

293 4988 563 5040 formula.

358 5062 458 5122 (16)
483 5064 698 5110 Incerta
725 5066 771 5109 at
801 5073 948 5109 mea.
991 5059 1071 5109 Ea
1108 5060 1272 5111 lectio
1306 5065 1450 5111 certa
1497 5067 1597 5112 est.
1646 5062 1715 5111 Et
1751 5066 1936 5112 tamen

299 5135 557 5197 quinque
586 5131 715 5180 libri
744 5136 957 5181 veteres
982 5137 1037 5180 et
1060 5136 1387 5183 vetustiores
1420 5134 1692 5185 editiones
1729 5134 1938 5184 habent

300 5207 507 5253 incerta
555 5208 604 5251 et
643 5207 805 5251 certa.
863 5202 955 5252 Sic
1002 5202 1233 5253 audacia
1294 5204 1640 5255 librariorum
1721 5206 1940 5256 induxit

302 5275 508 5323 multos
552 5284 766 5322 errores
816 5273 869 5320 in
917 5272 1330 5325 lucubrationes
1374 5277 1667 5327 meliorum
1709 5279 1939 5340 scripto-

302 5358 446 5394 rum.

363 5416 464 5477 (17)
503 5414 882 5477 Satisfactiom’
938 5418 1241 5479 proximam
1286 5420 1595 5482 conspicitis.
1655 5420 1733 5468 Ita
1787 5423 1937 5470 vete-

306 5500 389 5536 res
439 5486 568 5535 libri
625 5490 681 5535 et
729 5491 943 5536 veteres
993 5488 1281 5539 editiones.
1354 5490 1626 5553 Rigaltius
1685 5493 1939 5556 scripsit:

308 5576 335 5603 ς
386 5558 641 5619 Quorum
699 5560 1081 5618 pcenitentiam
1129 5561 1299 5611 scitis.
1361 5578 1389 5607 »
1444 5562 1605 5623 Quod
1658 5576 1759 5627 ego
1808 5568 1941 5627 puto

310 5632 463 5680 illum
493 5634 779 5695 accepisse
822 5646 891 5682 ex
922 5633 1116 5683 codice
1157 5634 1480 5696 Veronensi,
1525 5636 1579 5684 in
1619 5650 1750 5700 quo,
1792 5636 1941 5686 haud

313 5702 475 5752 dubie
531 5717 631 5767 per
670 5704 1089 5767 incOgitantiam
1148 5707 1453 5769 scriptoris,
1516 5709 1721 5757 omissa
1790 5712 1942 5758 erant

317 5788 433 5841 hac
488 5790 605 5843 duo
657 5786 950 5850 vocabula,
1002 5785 1360 5853 satisfactioni
1408 5786 1743 5852 proximam,
1817 5797 1944 5851 quas

2094 4498 2192 4558 (18)
2244 4496 2326 4545 Ex
2376 4495 2482 4546 hac
2524 4497 2756 4559 epistola
2802 4496 3027 4559 collegit
3072 4494 3348 4559 Rigaltius
3389 4507 3501 4544 non
3532 4500 3663 4545 tan-

2032 4572 2149 4617 tum
2181 4568 2429 4627 clericos,
2473 4569 2571 4618 sed
2610 4570 2777 4618 etiam
2816 4570 2990 4618 laicos
3044 4571 3163 4616 tum
3205 4567 3485 4629 iudicasse
3534 4579 3663 4618 cum

2031 4639 2291 4702 episcopo
2327 4642 2378 4688 et
2424 4639 2639 4689 clericis
2678 4638 2745 4688 de
2799 4637 2966 4689 rebus
3004 4637 3313 4700 gravissimi
3371 4638 3660 4698 momenti,

2031 4724 2231 4773 nempe
2260 4710 2326 4759 de
2382 4711 2704 4773 pmnitentia
2758 4710 3058 4773 lapsorum,
3100 4708 3169 4758 de
3220 4708 3551 4771 recipiendis
3603 4708 3657 4760 in

2032 4783 2339 4832 Ecclesiam
2400 4782 2584 4844 lapsis,
2643 4781 2711 4829 de
2766 4781 2968 4831 libellis
3031 4794 3172 4844 quos
3238 4779 3341 4841 ipsi
3406 4779 3665 4841 impetra~

2032 4858 2277 4903 veranta
2321 4854 2672 4916 martyribus,
2727 4853 2795 4903 de
2853 4865 2990 4916 pace
3031 4852 3198 4915 lapsis
3246 4864 3276 4900 a
3329 4850 3665 4914 martyribus

2035 4926 2176 4975 data.
2216 4926 2527 4976 Concilium
2569 4925 3004 4989 Carthaginense
3048 4937 3125 4981 iv,
3175 4936 3295 4973 can.
3352 4923 3414 4973 23
3467 4938 3476 4970 :
3527 4939 3555 4966 ‹‹
3601 4922 3670 4973 Ut

2034 4999 2326 5062 episc0pus
2372 4998 2581 5047 nullius
2624 5010 2848 5047 causam
2889 4996 3082 5046 audiat
3124 4996 3335 5059 absque
3377 4996 3670 5058 praesentia

2037 5069 2367 5119 clericorum
2391 5069 2766 5133 plebiumque.
2801 5087 2828 5114 »
2856 5068 2947 5119 Sic
2985 5068 3132 5118 enim
3178 5067 3378 5129 legitur
3404 5067 3460 5114 in
3488 5069 3672 5116 vetus-

2038 5141 2251 5190 tissimo
2301 5140 2492 5191 codice
2529 5154 2631 5190 ms.
2660 5140 2911 5191 ecclesias
2950 5138 3307 5204 Urgellensis.
3337 5136 3478 5186 Vide
3513 5138 3674 5200 epist.

2039 5212 2121 5270 13,
2150 5212 2229 5272 26,
2260 5212 2323 5261 28
2351 5216 2407 5261 et
2439 5212 2516 5261 31.

2102 5284 2197 5342 (19)
2227 5284 2437 5332 Ruinas.
2483 5284 2754 5347 Rigaltius
2804 5287 2856 5332 et
2902 5281 3069 5332 editio
3122 5280 3424 5343 Anglicana
3462 5278 3675 5329 habent

2038 5355 2272 5402 ruinam.
2319 5354 2428 5403 Sed
2457 5355 2589 5404 huic
2620 5355 2848 5405 lectioni
2896 5355 3207 5416 repugnant
3250 5352 3438 5400 omnia
3493 5353 3677 5400 vetera

2041 5426 2373 5489 exemplaria
2410 5431 2463 5476 et
2495 5438 2687 5476 omnes
2715 5424 3001 5475 editiones.
3032 5422 3126 5473 Sic
3144 5422 3310 5471 etiam
3339 5420 3505 5485 vulgo
3538 5421 3679 5471 solet

2041 5497 2285 5547 scribere
2318 5497 2649 5561 Cyprianus.

2103 5568 2198 5631 (20)
2259 5569 2356 5629 Qui
2401 5574 2446 5618 et
2494 5571 2601 5631 ipse
2630 5607 2659 5617 ..
2704 5568 2991 5630 ingemisco.
3046 5566 3181 5616 Hmc
3226 5564 3427 5614 desunt
3477 5564 3533 5612 in
3586 5575 3683 5612 sex

2044 5642 2285 5702 antiquis
2314 5640 2605 5691 codicibus
2631 5644 2685 5690 et
2720 5642 2776 5688 in
2804 5637 3147 5688 editionibus
3196 5650 3321 5699 qum
3359 5639 3648 5685 antecesse
3676 5661 3683 5667 -

2043 5716 2174 5761 runt
2229 5711 2621 5762 Manutianam.
2673 5711 2907 5761 Exstant
2956 5714 3138 5760 tamen
3188 5708 3241 5757 in
3296 5707 3487 5755 multis
3528 5703 3683 5754 libris

2052 5785 2350 5838 veteribus.
