  <div class='ocr_page' id='page_1' title='image "/cluster/home/n/w/nwhite01/storage/ocr_20150623/4/hvd.32044073549446/137.png"; bbox 0 0 4160 6216; ppageno 0'>
   <div class='ocr_carea' id='block_1_1' title="bbox 553 308 658 366">
    <p class='ocr_par' dir='ltr' id='par_1_1' title="bbox 553 308 658 366">
     <span class='ocr_line' id='line_1_1' title="bbox 553 308 658 366; baseline 0 -1"><span class='ocrx_word' id='word_1_1' title='bbox 553 308 658 366; x_wconf 80' lang='lat'><strong>263</strong></span> 
     </span>
    </p>
   </div>
   <div class='ocr_carea' id='block_1_2' title="bbox 1467 296 2986 362">
    <p class='ocr_par' dir='ltr' id='par_1_2' title="bbox 1467 296 2986 362">
     <span class='ocr_line' id='line_1_2' title="bbox 1467 296 2986 362; baseline -0.003 0"><span class='ocrx_word' id='word_1_2' title='bbox 1467 301 1524 362; x_wconf 86' lang='lat' dir='ltr'><strong>S.</strong></span> <span class='ocrx_word' id='word_1_3' title='bbox 1566 299 1882 362; x_wconf 79' lang='lat' dir='ltr'><strong>CYPRIANI</strong></span> <span class='ocrx_word' id='word_1_4' title='bbox 1919 300 2195 361; x_wconf 80' lang='lat' dir='ltr'><strong>OPERUM</strong></span> <span class='ocrx_word' id='word_1_5' title='bbox 2233 304 2405 360; x_wconf 82' lang='lat' dir='ltr'><strong>PARS</strong></span> <span class='ocrx_word' id='word_1_6' title='bbox 2444 298 2482 358; x_wconf 87' lang='lat' dir='ltr'><strong>l.</strong></span> <span class='ocrx_word' id='word_1_7' title='bbox 2516 333 2585 344; x_wconf 97' lang='lat'>—</span> <span class='ocrx_word' id='word_1_8' title='bbox 2621 296 2986 361; x_wconf 63' lang='lat' dir='ltr'><strong>EPISTOLIE.</strong></span> 
     </span>
    </p>
   </div>
   <div class='ocr_carea' id='block_1_3' title="bbox 3781 307 3872 367">
    <p class='ocr_par' dir='ltr' id='par_1_3' title="bbox 3781 307 3872 367">
     <span class='ocr_line' id='line_1_3' title="bbox 3781 307 3872 367; baseline 0.044 -3"><span class='ocrx_word' id='word_1_9' title='bbox 3781 307 3872 367; x_wconf 75' lang='grc'>264</span> 
     </span>
    </p>
   </div>
   <div class='ocr_carea' id='block_1_4' title="bbox 554 425 3875 512">
    <p class='ocr_par' dir='ltr' id='par_1_4' title="bbox 554 425 3875 512">
     <span class='ocr_line' id='line_1_4' title="bbox 554 425 3875 512; baseline -0.001 -23"><span class='ocrx_word' id='word_1_10' title='bbox 554 432 854 504; x_wconf 74' lang='lat' dir='ltr'><strong>Apostolus</strong></span> <span class='ocrx_word' id='word_1_11' title='bbox 895 430 1033 485; x_wconf 85' lang='lat' dir='ltr'><strong>dixit</strong></span> <span class='ocrx_word' id='word_1_12' title='bbox 1062 447 1074 484; x_wconf 93' lang='lat'><strong>:</strong></span> <span class='ocrx_word' id='word_1_13' title='bbox 1101 429 1230 497; x_wconf 85' lang='lat' dir='ltr'><strong>Quis</strong></span> <span class='ocrx_word' id='word_1_14' title='bbox 1274 433 1607 500; x_wconf 77' lang='lat' dir='ltr'><strong>inﬁrmatur,</strong></span> <span class='ocrx_word' id='word_1_15' title='bbox 1635 429 1838 501; x_wconf 81' lang='lat' dir='ltr'><strong>inquit,</strong></span> <span class='ocrx_word' id='word_1_16' title='bbox 1869 436 1919 484; x_wconf 89' lang='lat' dir='ltr'><strong>et</strong></span> <span class='ocrx_word' id='word_1_17' title='bbox 1944 446 2036 497; x_wconf 85' lang='lat' dir='ltr'><strong>ego</strong></span> <span class='ocrx_word' id='word_1_18' title='bbox 2076 445 2182 484; x_wconf 87' lang='lat' dir='ltr'><strong>non</strong></span> <span class='ocrx_word' id='word_1_19' title='bbox 2205 440 2264 512; x_wconf 82' lang='grc' dir='ltr'><strong>Α</strong></span> <span class='ocrx_word' id='word_1_20' title='bbox 2285 427 2404 481; x_wconf 90' lang='lat' dir='ltr'><strong>vari</strong></span> <span class='ocrx_word' id='word_1_21' title='bbox 2434 427 2702 497; x_wconf 80' lang='lat' dir='ltr'><strong>Oportet?</strong></span> <span class='ocrx_word' id='word_1_22' title='bbox 2731 427 2889 490; x_wconf 90' lang='lat' dir='ltr'><strong>Quod</strong></span> <span class='ocrx_word' id='word_1_23' title='bbox 2921 425 3155 497; x_wconf 84' lang='lat' dir='ltr'>quidem</span> <span class='ocrx_word' id='word_1_24' title='bbox 3191 426 3368 480; x_wconf 89' lang='lat' dir='ltr'><strong>nostri</strong></span> <span class='ocrx_word' id='word_1_25' title='bbox 3404 427 3449 460; x_wconf 74' lang='grc'>⁸⁷</span> <span class='ocrx_word' id='word_1_26' title='bbox 3496 429 3792 500; x_wconf 82' lang='lat' dir='ltr'><strong>presbyteri</strong></span> <span class='ocrx_word' id='word_1_27' title='bbox 3824 440 3875 489; x_wconf 89' lang='lat' dir='ltr'><strong>et</strong></span> 
     </span>
    </p>
   </div>
   <div class='ocr_carea' id='block_1_5' title="bbox 552 523 2186 596">
    <p class='ocr_par' dir='ltr' id='par_1_5' title="bbox 552 523 2186 596">
     <span class='ocr_line' id='line_1_5' title="bbox 552 523 2186 596; baseline -0.002 -15"><span class='ocrx_word' id='word_1_28' title='bbox 552 528 845 596; x_wconf 80' lang='lat' dir='ltr'><strong>inﬁrmor?</strong></span> <span class='ocrx_word' id='word_1_29' title='bbox 887 527 1008 593; x_wconf 88' lang='lat' dir='ltr'><strong>quis</strong></span> <span class='ocrx_word' id='word_1_30' title='bbox 1050 525 1475 586; x_wconf 79' lang='lat' dir='ltr'><strong>scandalizatur,</strong></span> <span class='ocrx_word' id='word_1_31' title='bbox 1523 529 1574 578; x_wconf 86' lang='lat' dir='ltr'><strong>et</strong></span> <span class='ocrx_word' id='word_1_32' title='bbox 1617 539 1709 593; x_wconf 89' lang='lat' dir='ltr'><strong>ego</strong></span> <span class='ocrx_word' id='word_1_33' title='bbox 1753 539 1858 577; x_wconf 90' lang='lat' dir='ltr'><strong>non</strong></span> <span class='ocrx_word' id='word_1_34' title='bbox 1903 526 2080 578; x_wconf 88' lang='lat' dir='ltr'><strong>uror?</strong></span> <span class='ocrx_word' id='word_1_35' title='bbox 2119 523 2186 595; x_wconf 89' lang='lat' dir='ltr'><strong>(ll</strong></span> 
     </span>
    </p>
   </div>
   <div class='ocr_carea' id='block_1_6' title="bbox 555 617 2188 687">
    <p class='ocr_par' dir='ltr' id='par_1_6' title="bbox 555 617 2188 687">
     <span class='ocr_line' id='line_1_6' title="bbox 555 617 2188 687; baseline -0.003 -12"><span class='ocrx_word' id='word_1_36' title='bbox 555 621 701 682; x_wconf 87' lang='lat' dir='ltr'><strong>Cor.,</strong></span> <span class='ocrx_word' id='word_1_37' title='bbox 753 635 825 685; x_wconf 81' lang='lat' dir='ltr'><strong>x1,</strong></span> <span class='ocrx_word' id='word_1_38' title='bbox 884 619 994 684; x_wconf 85' lang='grc'>29).</span> <span class='ocrx_word' id='word_1_39' title='bbox 1056 620 1120 673; x_wconf 83' lang='lat' dir='ltr'><strong>Et</strong></span> <span class='ocrx_word' id='word_1_40' title='bbox 1174 618 1380 672; x_wconf 84' lang='lat' dir='ltr'><strong>iterum</strong></span> <span class='ocrx_word' id='word_1_41' title='bbox 1445 617 1638 687; x_wconf 84' lang='lat' dir='ltr'><strong>posuit</strong></span> <span class='ocrx_word' id='word_1_42' title='bbox 1681 617 1738 670; x_wconf 92' lang='lat' dir='ltr'><strong>in</strong></span> <span class='ocrx_word' id='word_1_43' title='bbox 1785 617 2036 687; x_wconf 84' lang='lat' dir='ltr'><strong>Epistola</strong></span> <span class='ocrx_word' id='word_1_44' title='bbox 2087 632 2188 670; x_wconf 90' lang='lat' dir='ltr'><strong>sua</strong></span> 
     </span>
    </p>
   </div>
   <div class='ocr_carea' id='block_1_7' title="bbox 557 711 2191 781">
    <p class='ocr_par' dir='ltr' id='par_1_7' title="bbox 557 711 2191 781">
     <span class='ocr_line' id='line_1_7' title="bbox 557 711 2191 781; baseline -0.002 -14"><span class='ocrx_word' id='word_1_45' title='bbox 557 713 794 767; x_wconf 86' lang='lat' dir='ltr'><strong>dicens:</strong></span> <span class='ocrx_word' id='word_1_46' title='bbox 848 713 908 768; x_wconf 91' lang='lat' dir='ltr'><strong>Si</strong></span> <span class='ocrx_word' id='word_1_47' title='bbox 955 714 1166 781; x_wconf 84' lang='lat' dir='ltr'><strong>patitur</strong></span> <span class='ocrx_word' id='word_1_48' title='bbox 1205 711 1500 766; x_wconf 86' lang='lat' dir='ltr'><strong>membrum</strong></span> <span class='ocrx_word' id='word_1_49' title='bbox 1543 726 1730 774; x_wconf 87' lang='lat' dir='ltr'><strong>unum,</strong></span> <span class='ocrx_word' id='word_1_50' title='bbox 1781 712 2191 778; x_wconf 76' lang='lat' dir='ltr'><strong>compatiuntur</strong></span> 
     </span>
    </p>
   </div>
   <div class='ocr_carea' id='block_1_8' title="bbox 558 803 2187 870">
    <p class='ocr_par' dir='ltr' id='par_1_8' title="bbox 558 803 2187 870">
     <span class='ocr_line' id='line_1_8' title="bbox 558 803 2187 870; baseline -0.001 -10"><span class='ocrx_word' id='word_1_51' title='bbox 558 813 609 860; x_wconf 86' lang='lat' dir='ltr'><strong>et</strong></span> <span class='ocrx_word' id='word_1_52' title='bbox 657 810 845 860; x_wconf 78' lang='lat' dir='ltr'><strong>catera</strong></span> <span class='ocrx_word' id='word_1_53' title='bbox 891 805 1166 869; x_wconf 82' lang='lat' dir='ltr'><strong>membra;</strong></span> <span class='ocrx_word' id='word_1_54' title='bbox 1213 809 1265 858; x_wconf 90' lang='lat' dir='ltr'><strong>et</strong></span> <span class='ocrx_word' id='word_1_55' title='bbox 1305 807 1354 858; x_wconf 89' lang='lat' dir='ltr'><strong>si</strong></span> <span class='ocrx_word' id='word_1_56' title='bbox 1397 805 1617 857; x_wconf 74' lang='lat' dir='ltr'><strong>laetatur</strong></span> <span class='ocrx_word' id='word_1_57' title='bbox 1661 803 1953 858; x_wconf 87' lang='lat' dir='ltr'><strong><em>membrum</em></strong></span> <span class='ocrx_word' id='word_1_58' title='bbox 2000 819 2187 870; x_wconf 86' lang='lat' dir='ltr'><strong>unum,</strong></span> 
     </span>
    </p>
   </div>
   <div class='ocr_carea' id='block_1_9' title="bbox 555 895 2186 965">
    <p class='ocr_par' dir='ltr' id='par_1_9' title="bbox 555 895 2186 965">
     <span class='ocr_line' id='line_1_9' title="bbox 555 895 2186 965; baseline -0.002 -11"><span class='ocrx_word' id='word_1_59' title='bbox 555 899 896 954; x_wconf 72' lang='lat' dir='ltr'><strong>cotlatantur</strong></span> <span class='ocrx_word' id='word_1_60' title='bbox 942 903 992 952; x_wconf 85' lang='lat' dir='ltr'><strong>et</strong></span> <span class='ocrx_word' id='word_1_61' title='bbox 1048 903 1240 952; x_wconf 74' lang='lat' dir='ltr'><strong>caetera</strong></span> <span class='ocrx_word' id='word_1_62' title='bbox 1299 897 1537 951; x_wconf 84' lang='lat' dir='ltr'><strong>membra</strong></span> <span class='ocrx_word' id='word_1_63' title='bbox 1593 897 1632 965; x_wconf 90' lang='grc' dir='ltr'><strong>(Ι</strong></span> <span class='ocrx_word' id='word_1_64' title='bbox 1701 895 1844 962; x_wconf 64' lang='grc' dir='ltr'><strong>σωκ,</strong></span> <span class='ocrx_word' id='word_1_65' title='bbox 1910 913 2004 961; x_wconf 84' lang='lat' dir='ltr'><strong>xu,</strong></span> <span class='ocrx_word' id='word_1_66' title='bbox 2076 896 2186 964; x_wconf 82' lang='lat'><strong>26).</strong></span> 
     </span>
    </p>
   </div>
   <div class='ocr_carea' id='block_1_10' title="bbox 554 988 2187 1062">
    <p class='ocr_par' dir='ltr' id='par_1_10' title="bbox 554 988 2187 1062">
     <span class='ocr_line' id='line_1_10' title="bbox 554 988 2187 1062; baseline -0.002 -16"><span class='ocrx_word' id='word_1_67' title='bbox 554 991 886 1062; x_wconf 88' lang='lat' dir='ltr'><strong>Compatior</strong></span> <span class='ocrx_word' id='word_1_68' title='bbox 913 1005 1052 1060; x_wconf 88' lang='lat' dir='ltr'><strong>ergo</strong></span> <span class='ocrx_word' id='word_1_69' title='bbox 1081 995 1137 1043; x_wconf 86' lang='lat' dir='ltr'><strong>et</strong></span> <span class='ocrx_word' id='word_1_70' title='bbox 1168 989 1440 1044; x_wconf 89' lang='lat' dir='ltr'><strong>condoleo</strong></span> <span class='ocrx_word' id='word_1_71' title='bbox 1457 989 1524 1044; x_wconf 92' lang='lat' dir='ltr'><strong>de</strong></span> <span class='ocrx_word' id='word_1_72' title='bbox 1550 988 1816 1042; x_wconf 78' lang='lat' dir='ltr'><strong>fratribus</strong></span> <span class='ocrx_word' id='word_1_73' title='bbox 1845 988 2052 1042; x_wconf 79' lang='lat' dir='ltr'><strong>nostris</strong></span> <span class='ocrx_word' id='word_1_74' title='bbox 2069 988 2187 1058; x_wconf 90' lang='lat' dir='ltr'><strong>qui,</strong></span> 
     </span>
    </p>
   </div>
   <div class='ocr_carea' id='block_1_11' title="bbox 558 1081 2189 1154">
    <p class='ocr_par' dir='ltr' id='par_1_11' title="bbox 558 1081 2189 1154">
     <span class='ocr_line' id='line_1_11' title="bbox 558 1081 2189 1154; baseline -0.002 -16"><span class='ocrx_word' id='word_1_75' title='bbox 558 1084 706 1154; x_wconf 85' lang='lat' dir='ltr'><strong>lapsi</strong></span> <span class='ocrx_word' id='word_1_76' title='bbox 735 1089 789 1138; x_wconf 92' lang='lat' dir='ltr'><strong>et</strong></span> <span class='ocrx_word' id='word_1_77' title='bbox 811 1082 1218 1154; x_wconf 88' lang='lat' dir='ltr'><strong>persecutionis</strong></span> <span class='ocrx_word' id='word_1_78' title='bbox 1247 1081 1609 1136; x_wconf 85' lang='lat' dir='ltr'><strong>infestatione</strong></span> <span class='ocrx_word' id='word_1_79' title='bbox 1649 1082 1935 1152; x_wconf 87' lang='lat' dir='ltr'><strong>prostrati,</strong></span> <span class='ocrx_word' id='word_1_80' title='bbox 1968 1085 2189 1152; x_wconf 88' lang='lat' dir='ltr'><strong>partem</strong></span> 
     </span>
    </p>
   </div>
   <div class='ocr_carea' id='block_1_12' title="bbox 558 1173 2190 1244">
    <p class='ocr_par' dir='ltr' id='par_1_12' title="bbox 558 1173 2190 1244">
     <span class='ocr_line' id='line_1_12' title="bbox 558 1173 2190 1244; baseline -0.002 -13"><span class='ocrx_word' id='word_1_81' title='bbox 558 1181 882 1231; x_wconf 90' lang='lat' dir='ltr'><strong>nostrorum</strong></span> <span class='ocrx_word' id='word_1_82' title='bbox 896 1175 1172 1230; x_wconf 90' lang='lat' dir='ltr'><strong>viscerum</strong></span> <span class='ocrx_word' id='word_1_83' title='bbox 1188 1191 1375 1230; x_wconf 88' lang='lat' dir='ltr'><strong>secum</strong></span> <span class='ocrx_word' id='word_1_84' title='bbox 1387 1175 1700 1242; x_wconf 81' lang='lat' dir='ltr'><strong>trahentes,</strong></span> <span class='ocrx_word' id='word_1_85' title='bbox 1717 1190 1913 1244; x_wconf 88' lang='lat' dir='ltr'><strong>parem</strong></span> <span class='ocrx_word' id='word_1_86' title='bbox 1931 1173 2190 1229; x_wconf 88' lang='lat' dir='ltr'><strong>dolorem</strong></span> 
     </span>
    </p>
   </div>
   <div class='ocr_carea' id='block_1_13' title="bbox 561 1267 2192 1343">
    <p class='ocr_par' dir='ltr' id='par_1_13' title="bbox 561 1267 2192 1343">
     <span class='ocr_line' id='line_1_13' title="bbox 561 1267 2192 1343; baseline -0.002 -18"><span class='ocrx_word' id='word_1_87' title='bbox 561 1269 748 1343; x_wconf 84' lang='grc'><strong>257</strong></span> <span class='ocrx_word' id='word_1_88' title='bbox 812 1269 972 1324; x_wconf 91' lang='lat' dir='ltr'><strong>nobis</strong></span> <span class='ocrx_word' id='word_1_89' title='bbox 1029 1270 1143 1322; x_wconf 89' lang='lat' dir='ltr'><strong>suis</strong></span> <span class='ocrx_word' id='word_1_90' title='bbox 1190 1267 1521 1322; x_wconf 81' lang='lat' dir='ltr'><strong>vulneribus</strong></span> <span class='ocrx_word' id='word_1_91' title='bbox 1571 1268 1920 1334; x_wconf 90' lang='lat' dir='ltr'><strong>intulerunt;</strong></span> <span class='ocrx_word' id='word_1_92' title='bbox 1981 1267 2192 1338; x_wconf 87' lang='lat' dir='ltr'><strong>quibus</strong></span> 
     </span>
    </p>
   </div>
   <div class='ocr_carea' id='block_1_14' title="bbox 556 1360 2189 1436">
    <p class='ocr_par' dir='ltr' id='par_1_14' title="bbox 556 1360 2189 1436">
     <span class='ocr_line' id='line_1_14' title="bbox 556 1360 2189 1436; baseline -0.001 -19"><span class='ocrx_word' id='word_1_93' title='bbox 556 1368 768 1436; x_wconf 90' lang='lat' dir='ltr'><strong>potens</strong></span> <span class='ocrx_word' id='word_1_94' title='bbox 824 1365 908 1417; x_wconf 92' lang='lat' dir='ltr'><strong>est</strong></span> <span class='ocrx_word' id='word_1_95' title='bbox 971 1361 1164 1416; x_wconf 89' lang='lat' dir='ltr'><strong>divina</strong></span> <span class='ocrx_word' id='word_1_96' title='bbox 1230 1360 1620 1415; x_wconf 86' lang='lat' dir='ltr'><strong>misericordia</strong></span> <span class='ocrx_word' id='word_1_97' title='bbox 1680 1360 1969 1415; x_wconf 85' lang='lat' dir='ltr'><strong>medelam</strong></span> <span class='ocrx_word' id='word_1_98' title='bbox 2035 1361 2189 1415; x_wconf 91' lang='lat' dir='ltr'><strong>dare.</strong></span> 
     </span>
    </p>
   </div>
   <div class='ocr_carea' id='block_1_15' title="bbox 558 1455 2191 1527">
    <p class='ocr_par' dir='ltr' id='par_1_15' title="bbox 558 1455 2191 1527">
     <span class='ocr_line' id='line_1_15' title="bbox 558 1455 2191 1527; baseline -0.003 -16"><span class='ocrx_word' id='word_1_99' title='bbox 558 1456 998 1527; x_wconf 87' lang='lat' dir='ltr'><strong>Properandum</strong></span> <span class='ocrx_word' id='word_1_100' title='bbox 1069 1460 1263 1508; x_wconf 89' lang='lat' dir='ltr'><strong>tamen</strong></span> <span class='ocrx_word' id='word_1_101' title='bbox 1316 1471 1431 1508; x_wconf 90' lang='lat' dir='ltr'><strong>non</strong></span> <span class='ocrx_word' id='word_1_102' title='bbox 1500 1459 1636 1523; x_wconf 91' lang='lat' dir='ltr'><strong>puto</strong></span> <span class='ocrx_word' id='word_1_103' title='bbox 1693 1455 1760 1520; x_wconf 79' lang='grc'><strong>⁵³,</strong></span> <span class='ocrx_word' id='word_1_104' title='bbox 1812 1470 1915 1508; x_wconf 91' lang='lat' dir='ltr'><strong>nec</strong></span> <span class='ocrx_word' id='word_1_105' title='bbox 1971 1455 2191 1508; x_wconf 88' lang='lat' dir='ltr'><strong>incaute</strong></span> 
     </span>
    </p>
   </div>
   <div class='ocr_carea' id='block_1_16' title="bbox 557 1547 2192 1620">
    <p class='ocr_par' dir='ltr' id='par_1_16' title="bbox 557 1547 2192 1620">
     <span class='ocr_line' id='line_1_16' title="bbox 557 1547 2192 1620; baseline -0.001 -16"><span class='ocrx_word' id='word_1_106' title='bbox 557 1549 772 1620; x_wconf 88' lang='lat' dir='ltr'><strong>aliquid</strong></span> <span class='ocrx_word' id='word_1_107' title='bbox 806 1553 864 1603; x_wconf 90' lang='lat' dir='ltr'><strong>et</strong></span> <span class='ocrx_word' id='word_1_108' title='bbox 902 1549 1236 1603; x_wconf 86' lang='lat' dir='ltr'><strong>festinanter</strong></span> <span class='ocrx_word' id='word_1_109' title='bbox 1276 1547 1615 1618; x_wconf 88' lang='lat' dir='ltr'><strong>gerendum,</strong></span> <span class='ocrx_word' id='word_1_110' title='bbox 1662 1564 1754 1613; x_wconf 89' lang='lat' dir='ltr'><strong>ne,</strong></span> <span class='ocrx_word' id='word_1_111' title='bbox 1798 1547 1933 1601; x_wconf 89' lang='lat' dir='ltr'><strong>dum</strong></span> <span class='ocrx_word' id='word_1_112' title='bbox 1974 1552 2192 1602; x_wconf 86' lang='lat' dir='ltr'><strong>temere</strong></span> 
     </span>
    </p>
   </div>
   <div class='ocr_carea' id='block_1_17' title="bbox 563 1640 2192 1714">
    <p class='ocr_par' dir='ltr' id='par_1_17' title="bbox 563 1640 2192 1714">
     <span class='ocr_line' id='line_1_17' title="bbox 563 1640 2192 1714; baseline -0.002 -17"><span class='ocrx_word' id='word_1_113' title='bbox 563 1659 674 1714; x_wconf 78' lang='lat' dir='ltr'><strong>pax</strong></span> <span class='ocrx_word' id='word_1_114' title='bbox 738 1647 1040 1712; x_wconf 88' lang='lat' dir='ltr'><strong>usurpatur</strong></span> <span class='ocrx_word' id='word_1_115' title='bbox 1101 1643 1169 1706; x_wconf 70' lang='grc'><strong>⁵⁵,</strong></span> <span class='ocrx_word' id='word_1_116' title='bbox 1237 1641 1444 1694; x_wconf 82' lang='lat' dir='ltr'><strong>divina</strong></span> <span class='ocrx_word' id='word_1_117' title='bbox 1508 1640 1923 1710; x_wconf 84' lang='lat' dir='ltr'><strong>indignationis</strong></span> <span class='ocrx_word' id='word_1_118' title='bbox 1984 1641 2192 1694; x_wconf 71' lang='lat' dir='ltr'><strong>offensa</strong></span> 
     </span>
    </p>
   </div>
   <div class='ocr_carea' id='block_1_18' title="bbox 560 1734 2188 1807">
    <p class='ocr_par' dir='ltr' id='par_1_18' title="bbox 560 1734 2188 1807">
     <span class='ocr_line' id='line_1_18' title="bbox 560 1734 2188 1807; baseline -0.002 -16"><span class='ocrx_word' id='word_1_119' title='bbox 560 1735 790 1807; x_wconf 80' lang='lat' dir='ltr'><strong>gravius</strong></span> <span class='ocrx_word' id='word_1_120' title='bbox 836 1740 1193 1805; x_wconf 87' lang='lat' dir='ltr'><strong>provocetur.</strong></span> <span class='ocrx_word' id='word_1_121' title='bbox 1246 1735 1522 1788; x_wconf 84' lang='lat' dir='ltr'><strong>Fecerunt</strong></span> <span class='ocrx_word' id='word_1_122' title='bbox 1573 1734 1644 1787; x_wconf 88' lang='lat' dir='ltr'><strong>ad</strong></span> <span class='ocrx_word' id='word_1_123' title='bbox 1701 1751 1802 1788; x_wconf 91' lang='lat' dir='ltr'><strong>nos</strong></span> <span class='ocrx_word' id='word_1_124' title='bbox 1849 1735 2188 1804; x_wconf 88' lang='lat' dir='ltr'><strong>quibusdam</strong></span> 
     </span>
    </p>
   </div>
   <div class='ocr_carea' id='block_1_19' title="bbox 2288 519 3877 587">
    <p class='ocr_par' dir='ltr' id='par_1_19' title="bbox 2288 519 3877 587">
     <span class='ocr_line' id='line_1_19' title="bbox 2288 519 3877 587; baseline 0.005 -13"><span class='ocrx_word' id='word_1_125' title='bbox 2288 521 2509 574; x_wconf 89' lang='lat' dir='ltr'><strong>diaconi</strong></span> <span class='ocrx_word' id='word_1_126' title='bbox 2560 536 2794 574; x_wconf 90' lang='lat' dir='ltr'><strong>monere</strong></span> <span class='ocrx_word' id='word_1_127' title='bbox 2840 519 3175 587; x_wconf 88' lang='lat' dir='ltr'><strong>debuerant,</strong></span> <span class='ocrx_word' id='word_1_128' title='bbox 3222 523 3288 574; x_wconf 92' lang='lat' dir='ltr'><strong>ut</strong></span> <span class='ocrx_word' id='word_1_129' title='bbox 3329 522 3742 578; x_wconf 88' lang='lat' dir='ltr'><strong>commendatas</strong></span> <span class='ocrx_word' id='word_1_130' title='bbox 3782 528 3877 582; x_wconf 87' lang='lat' dir='ltr'><strong>sibi</strong></span> 
     </span>
    </p>
   </div>
   <div class='ocr_carea' id='block_1_20' title="bbox 2274 611 3875 689">
    <p class='ocr_par' dir='ltr' id='par_1_20' title="bbox 2274 611 3875 689">
     <span class='ocr_line' id='line_1_20' title="bbox 2274 611 3875 689; baseline 0.003 -21"><span class='ocrx_word' id='word_1_131' title='bbox 2274 617 2422 668; x_wconf 85' lang='lat' dir='ltr'><strong>&#39;oves</strong></span> <span class='ocrx_word' id='word_1_132' title='bbox 2461 614 2718 668; x_wconf 85' lang='lat' dir='ltr'><strong>foverent</strong></span> <span class='ocrx_word' id='word_1_133' title='bbox 2762 619 2818 667; x_wconf 91' lang='lat' dir='ltr'><strong>et</strong></span> <span class='ocrx_word' id='word_1_134' title='bbox 2847 611 3036 666; x_wconf 88' lang='lat' dir='ltr'><strong>divino</strong></span> <span class='ocrx_word' id='word_1_135' title='bbox 3068 612 3396 682; x_wconf 88' lang='lat' dir='ltr'><strong>magisterio</strong></span> <span class='ocrx_word' id='word_1_136' title='bbox 3423 613 3494 667; x_wconf 88' lang='lat' dir='ltr'><strong>ad</strong></span> <span class='ocrx_word' id='word_1_137' title='bbox 3523 614 3659 669; x_wconf 85' lang='lat' dir='ltr'><strong>viam</strong></span> <span class='ocrx_word' id='word_1_138' title='bbox 3695 617 3875 689; x_wconf 88' lang='lat' dir='ltr'><strong>depre-</strong></span> 
     </span>
    </p>
   </div>
   <div class='ocr_carea' id='block_1_21' title="bbox 2293 705 3881 776">
    <p class='ocr_par' dir='ltr' id='par_1_21' title="bbox 2293 705 3881 776">
     <span class='ocr_line' id='line_1_21' title="bbox 2293 705 3881 776; baseline 0.006 -16"><span class='ocrx_word' id='word_1_139' title='bbox 2293 706 2494 760; x_wconf 73' lang='lat' dir='ltr'><strong>canda.</strong></span> <span class='ocrx_word' id='word_1_140' title='bbox 2549 707 2742 760; x_wconf 82' lang='lat' dir='ltr'><strong>salutis</strong></span> <span class='ocrx_word' id='word_1_141' title='bbox 2791 706 3162 762; x_wconf 87' lang='lat' dir='ltr'><strong>instruerent.</strong></span> <span class='ocrx_word' id='word_1_142' title='bbox 3206 707 3323 776; x_wconf 87' lang='lat' dir='ltr'><strong>Ego</strong></span> <span class='ocrx_word' id='word_1_143' title='bbox 3378 705 3555 776; x_wconf 89' lang='lat' dir='ltr'><strong>plebis</strong></span> <span class='ocrx_word' id='word_1_144' title='bbox 3599 712 3788 765; x_wconf 84' lang='lat' dir='ltr'><strong>nostra</strong></span> <span class='ocrx_word' id='word_1_145' title='bbox 3831 717 3881 768; x_wconf 89' lang='lat' dir='ltr'><strong>et</strong></span> 
     </span>
    </p>
   </div>
   <div class='ocr_carea' id='block_1_22' title="bbox 2291 803 3878 874">
    <p class='ocr_par' dir='ltr' id='par_1_22' title="bbox 2291 803 3878 874">
     <span class='ocr_line' id='line_1_22' title="bbox 2291 803 3878 874; baseline 0.003 -17"><span class='ocrx_word' id='word_1_146' title='bbox 2291 804 2547 874; x_wconf 85' lang='lat' dir='ltr'><strong>quietem</strong></span> <span class='ocrx_word' id='word_1_147' title='bbox 2580 803 2706 857; x_wconf 91' lang='lat' dir='ltr'><strong>novi</strong></span> <span class='ocrx_word' id='word_1_148' title='bbox 2739 803 2950 874; x_wconf 89' lang='lat' dir='ltr'><strong>pariter</strong></span> <span class='ocrx_word' id='word_1_149' title='bbox 2965 809 3021 858; x_wconf 91' lang='lat' dir='ltr'><strong>et</strong></span> <span class='ocrx_word' id='word_1_150' title='bbox 3043 803 3326 864; x_wconf 87' lang='lat' dir='ltr'><strong>timorem,</strong></span> <span class='ocrx_word' id='word_1_151' title='bbox 3349 803 3449 873; x_wconf 91' lang='lat' dir='ltr'><strong>qui</strong></span> <span class='ocrx_word' id='word_1_152' title='bbox 3469 804 3822 862; x_wconf 79' lang='lat' dir='ltr'><strong>satisfactione</strong></span> <span class='ocrx_word' id='word_1_153' title='bbox 3838 810 3878 844; x_wconf 78' lang='grc'><strong>⁸⁸</strong></span> 
     </span>
    </p>
   </div>
   <div class='ocr_carea' id='block_1_23' title="bbox 2291 896 3881 968">
    <p class='ocr_par' dir='ltr' id='par_1_23' title="bbox 2291 896 3881 968">
     <span class='ocr_line' id='line_1_23' title="bbox 2291 896 3881 968; baseline 0.004 -18"><span class='ocrx_word' id='word_1_154' title='bbox 2291 896 2388 950; x_wconf 90' lang='lat' dir='ltr'><strong>Dei</strong></span> <span class='ocrx_word' id='word_1_155' title='bbox 2417 899 2471 951; x_wconf 92' lang='lat' dir='ltr'><strong>et</strong></span> <span class='ocrx_word' id='word_1_156' title='bbox 2499 896 2892 966; x_wconf 86' lang='lat' dir='ltr'><strong>deprecatione</strong></span> <span class='ocrx_word' id='word_1_157' title='bbox 2919 896 3238 967; x_wconf 80' lang='lat' dir='ltr'><strong>vigilarent,</strong></span> <span class='ocrx_word' id='word_1_158' title='bbox 3270 897 3377 950; x_wconf 91' lang='lat' dir='ltr'><strong>nisi</strong></span> <span class='ocrx_word' id='word_1_159' title='bbox 3405 896 3532 950; x_wconf 90' lang='lat' dir='ltr'><strong>illos</strong></span> <span class='ocrx_word' id='word_1_160' title='bbox 3570 899 3784 968; x_wconf 89' lang='lat' dir='ltr'><strong>quidam</strong></span> <span class='ocrx_word' id='word_1_161' title='bbox 3819 902 3881 956; x_wconf 91' lang='lat' dir='ltr'><strong>de</strong></span> 
     </span>
    </p>
   </div>
   <div class='ocr_carea' id='block_1_24' title="bbox 2291 988 3453 1060">
    <p class='ocr_par' dir='ltr' id='par_1_24' title="bbox 2291 988 3453 1060">
     <span class='ocr_line' id='line_1_24' title="bbox 2291 988 3453 1060; baseline 0.001 -18"><span class='ocrx_word' id='word_1_162' title='bbox 2291 989 2634 1060; x_wconf 86' lang='lat' dir='ltr'><strong>presbyteris</strong></span> <span class='ocrx_word' id='word_1_163' title='bbox 2667 988 3051 1060; x_wconf 85' lang='lat' dir='ltr'><strong>gratiﬁcantes</strong></span> <span class='ocrx_word' id='word_1_164' title='bbox 3077 989 3453 1060; x_wconf 88' lang='lat' dir='ltr'><strong>decepissent.</strong></span> 
     </span>
    </p>
   </div>
   <div class='ocr_carea' id='block_1_25' title="bbox 2364 1081 3886 1153">
    <p class='ocr_par' dir='ltr' id='par_1_25' title="bbox 2364 1081 3886 1153">
     <span class='ocr_line' id='line_1_25' title="bbox 2364 1081 3886 1153; baseline 0.003 -17"><span class='ocrx_word' id='word_1_165' title='bbox 2364 1085 2458 1136; x_wconf 87' lang='grc' dir='ltr'>ΙΙΙ.</span> <span class='ocrx_word' id='word_1_166' title='bbox 2496 1082 2590 1136; x_wconf 84' lang='lat' dir='ltr'><strong>Vel</strong></span> <span class='ocrx_word' id='word_1_167' title='bbox 2617 1098 2716 1136; x_wconf 90' lang='lat' dir='ltr'><strong>vos</strong></span> <span class='ocrx_word' id='word_1_168' title='bbox 2746 1081 2939 1153; x_wconf 89' lang='lat' dir='ltr'><strong>itaque</strong></span> <span class='ocrx_word' id='word_1_169' title='bbox 2971 1081 3223 1152; x_wconf 89' lang='lat' dir='ltr'><strong>singulos</strong></span> <span class='ocrx_word' id='word_1_170' title='bbox 3251 1083 3453 1153; x_wconf 86' lang='lat' dir='ltr'><strong>regite,</strong></span> <span class='ocrx_word' id='word_1_171' title='bbox 3488 1087 3542 1136; x_wconf 86' lang='lat' dir='ltr'><strong>et</strong></span> <span class='ocrx_word' id='word_1_172' title='bbox 3580 1086 3798 1139; x_wconf 83' lang='lat' dir='ltr'><strong>consilio</strong></span> <span class='ocrx_word' id='word_1_173' title='bbox 3832 1104 3886 1142; x_wconf 91' lang='lat' dir='ltr'><strong>ac</strong></span> 
     </span>
    </p>
   </div>
   <div class='ocr_carea' id='block_1_26' title="bbox 2291 1175 3884 1250">
    <p class='ocr_par' dir='ltr' id='par_1_26' title="bbox 2291 1175 3884 1250">
     <span class='ocr_line' id='line_1_26' title="bbox 2291 1175 3884 1250; baseline 0.003 -20"><span class='ocrx_word' id='word_1_174' title='bbox 2291 1175 2686 1230; x_wconf 90' lang='lat' dir='ltr'><strong>moderatione</strong></span> <span class='ocrx_word' id='word_1_175' title='bbox 2740 1180 2950 1241; x_wconf 87' lang='lat' dir='ltr'><strong>vestra,</strong></span> <span class='ocrx_word' id='word_1_176' title='bbox 3010 1175 3320 1229; x_wconf 91' lang='lat' dir='ltr'><strong>secundum</strong></span> <span class='ocrx_word' id='word_1_177' title='bbox 3375 1175 3566 1229; x_wconf 88' lang='lat' dir='ltr'><strong>divina</strong></span> <span class='ocrx_word' id='word_1_178' title='bbox 3613 1186 3884 1250; x_wconf 84' lang='lat' dir='ltr'><strong>pracepta,</strong></span> 
     </span>
    </p>
   </div>
   <div class='ocr_carea' id='block_1_27' title="bbox 2292 1268 3890 1342">
    <p class='ocr_par' dir='ltr' id='par_1_27' title="bbox 2292 1268 3890 1342">
     <span class='ocr_line' id='line_1_27' title="bbox 2292 1268 3890 1342; baseline 0.002 -19"><span class='ocrx_word' id='word_1_179' title='bbox 2292 1270 2575 1340; x_wconf 87' lang='lat' dir='ltr'><strong>lapsorum</strong></span> <span class='ocrx_word' id='word_1_180' title='bbox 2625 1268 2846 1322; x_wconf 89' lang='lat' dir='ltr'><strong>animos</strong></span> <span class='ocrx_word' id='word_1_181' title='bbox 2895 1273 3226 1338; x_wconf 84' lang='lat' dir='ltr'><strong>temperate.</strong></span> <span class='ocrx_word' id='word_1_182' title='bbox 3259 1269 3436 1322; x_wconf 85' lang='lat' dir='ltr'><strong>Nemo</strong></span> <span class='ocrx_word' id='word_1_183' title='bbox 3481 1268 3662 1323; x_wconf 90' lang='lat' dir='ltr'><strong>adhuc</strong></span> <span class='ocrx_word' id='word_1_184' title='bbox 3707 1271 3890 1342; x_wconf 89' lang='lat' dir='ltr'><strong>impor-</strong></span> 
     </span>
    </p>
   </div>
   <div class='ocr_carea' id='block_1_28' title="bbox 2291 1361 3889 1432">
    <p class='ocr_par' dir='ltr' id='par_1_28' title="bbox 2291 1361 3889 1432">
     <span class='ocr_line' id='line_1_28' title="bbox 2291 1361 3889 1432; baseline 0.003 -17"><span class='ocrx_word' id='word_1_185' title='bbox 2291 1367 2430 1416; x_wconf 88' lang='lat' dir='ltr'><strong>tuno</strong></span> <span class='ocrx_word' id='word_1_186' title='bbox 2457 1366 2718 1431; x_wconf 90' lang='lat' dir='ltr'><strong>tempore</strong></span> <span class='ocrx_word' id='word_1_187' title='bbox 2751 1361 2953 1416; x_wconf 87' lang='lat' dir='ltr'><strong>acerba</strong></span> <span class='ocrx_word' id='word_1_188' title='bbox 2979 1377 3150 1431; x_wconf 89' lang='lat' dir='ltr'><strong>poma</strong></span> <span class='ocrx_word' id='word_1_189' title='bbox 3186 1362 3467 1432; x_wconf 89' lang='lat' dir='ltr'><strong>decerpat.</strong></span> <span class='ocrx_word' id='word_1_190' title='bbox 3495 1363 3666 1418; x_wconf 90' lang='lat' dir='ltr'><strong>Nemo</strong></span> <span class='ocrx_word' id='word_1_191' title='bbox 3709 1379 3889 1420; x_wconf 85' lang='lat' dir='ltr'><strong>navem</strong></span> 
     </span>
    </p>
   </div>
   <div class='ocr_carea' id='block_1_29' title="bbox 2293 1455 3894 1529">
    <p class='ocr_par' dir='ltr' id='par_1_29' title="bbox 2293 1455 3894 1529">
     <span class='ocr_line' id='line_1_29' title="bbox 2293 1455 3894 1529; baseline 0.002 -21"><span class='ocrx_word' id='word_1_192' title='bbox 2293 1472 2450 1509; x_wconf 88' lang='lat' dir='ltr'><strong>suam</strong></span> <span class='ocrx_word' id='word_1_193' title='bbox 2481 1458 2801 1524; x_wconf 86' lang='lat' dir='ltr'><strong>quassatam</strong></span> <span class='ocrx_word' id='word_1_194' title='bbox 2827 1460 2882 1508; x_wconf 88' lang='lat' dir='ltr'><strong>et</strong></span> <span class='ocrx_word' id='word_1_195' title='bbox 2909 1455 3250 1524; x_wconf 85' lang='lat' dir='ltr'><strong>perforatam</strong></span> <span class='ocrx_word' id='word_1_196' title='bbox 3277 1455 3557 1521; x_wconf 87' lang='lat' dir='ltr'><strong>ﬂuctibus,</strong></span> <span class='ocrx_word' id='word_1_197' title='bbox 3587 1456 3894 1529; x_wconf 83' lang='lat' dir='ltr'><strong>priusquam</strong></span> 
     </span>
    </p>
   </div>
   <div class='ocr_carea' id='block_1_30' title="bbox 2293 1546 3894 1619">
    <p class='ocr_par' dir='ltr' id='par_1_30' title="bbox 2293 1546 3894 1619">
     <span class='ocr_line' id='line_1_30' title="bbox 2293 1546 3894 1619; baseline 0.002 -17"><span class='ocrx_word' id='word_1_198' title='bbox 2293 1548 2600 1618; x_wconf 89' lang='lat' dir='ltr'><strong>diligenter</strong></span> <span class='ocrx_word' id='word_1_199' title='bbox 2630 1546 2823 1619; x_wconf 82' lang='grc'><strong>258</strong></span> <span class='ocrx_word' id='word_1_200' title='bbox 2851 1548 3205 1615; x_wconf 85' lang='lat' dir='ltr'><strong>refecerit,in</strong></span> <span class='ocrx_word' id='word_1_201' title='bbox 3237 1549 3414 1602; x_wconf 90' lang='lat' dir='ltr'><strong>altum</strong></span> <span class='ocrx_word' id='word_1_202' title='bbox 3445 1549 3633 1603; x_wconf 90' lang='lat' dir='ltr'><strong>denuo</strong></span> <span class='ocrx_word' id='word_1_203' title='bbox 3659 1552 3894 1606; x_wconf 86' lang='lat' dir='ltr'><strong>commit-</strong></span> 
     </span>
    </p>
   </div>
   <div class='ocr_carea' id='block_1_31' title="bbox 2292 1641 3898 1712">
    <p class='ocr_par' dir='ltr' id='par_1_31' title="bbox 2292 1641 3898 1712">
     <span class='ocr_line' id='line_1_31' title="bbox 2292 1641 3898 1712; baseline 0.003 -18"><span class='ocrx_word' id='word_1_204' title='bbox 2292 1645 2396 1695; x_wconf 88' lang='lat' dir='ltr'><strong>tat.</strong></span> <span class='ocrx_word' id='word_1_205' title='bbox 2456 1642 2629 1695; x_wconf 88' lang='lat' dir='ltr'><strong>Nemo</strong></span> <span class='ocrx_word' id='word_1_206' title='bbox 2679 1641 2928 1695; x_wconf 87' lang='lat' dir='ltr'><strong>tunicam</strong></span> <span class='ocrx_word' id='word_1_207' title='bbox 2979 1642 3205 1695; x_wconf 90' lang='lat' dir='ltr'><strong>scissam</strong></span> <span class='ocrx_word' id='word_1_208' title='bbox 3257 1642 3516 1712; x_wconf 88' lang='lat' dir='ltr'><strong>accipere</strong></span> <span class='ocrx_word' id='word_1_209' title='bbox 3566 1647 3622 1697; x_wconf 89' lang='lat' dir='ltr'><strong>et</strong></span> <span class='ocrx_word' id='word_1_210' title='bbox 3679 1644 3898 1701; x_wconf 89' lang='lat' dir='ltr'><strong>induere</strong></span> 
     </span>
    </p>
   </div>
   <div class='ocr_carea' id='block_1_32' title="bbox 2291 1733 3897 1806">
    <p class='ocr_par' dir='ltr' id='par_1_32' title="bbox 2291 1733 3897 1806">
     <span class='ocr_line' id='line_1_32' title="bbox 2291 1733 3897 1806; baseline 0.002 -18"><span class='ocrx_word' id='word_1_211' title='bbox 2291 1739 2564 1806; x_wconf 88' lang='lat' dir='ltr'><strong>properet</strong></span> <span class='ocrx_word' id='word_1_212' title='bbox 2612 1735 2743 1805; x_wconf 80' lang='grc'>(21),</span> <span class='ocrx_word' id='word_1_213' title='bbox 2796 1733 2904 1788; x_wconf 90' lang='lat' dir='ltr'><strong>nisi</strong></span> <span class='ocrx_word' id='word_1_214' title='bbox 2944 1750 3065 1789; x_wconf 90' lang='lat' dir='ltr'><strong>eam</strong></span> <span class='ocrx_word' id='word_1_215' title='bbox 3110 1735 3180 1789; x_wconf 91' lang='lat' dir='ltr'><strong>ab</strong></span> <span class='ocrx_word' id='word_1_216' title='bbox 3227 1735 3443 1789; x_wconf 87' lang='lat' dir='ltr'><strong>artiﬁce</strong></span> <span class='ocrx_word' id='word_1_217' title='bbox 3474 1737 3660 1806; x_wconf 87' lang='lat' dir='ltr'><strong>perito</strong></span> <span class='ocrx_word' id='word_1_218' title='bbox 3702 1741 3897 1792; x_wconf 86' lang='lat' dir='ltr'><strong>sartam</strong></span> 
     </span>
    </p>
   </div>
   <div class='ocr_carea' id='block_1_33' title="bbox 560 1805 3902 1899">
    <p class='ocr_par' dir='ltr' id='par_1_33' title="bbox 560 1805 3902 1899">
     <span class='ocr_line' id='line_1_33' title="bbox 560 1805 3902 1899; baseline 0 -16"><span class='ocrx_word' id='word_1_219' title='bbox 560 1805 715 1884; x_wconf 83' lang='lat' dir='ltr'><strong>beati</strong></span> <span class='ocrx_word' id='word_1_220' title='bbox 745 1834 1022 1899; x_wconf 85' lang='lat' dir='ltr'><strong>martyres</strong></span> <span class='ocrx_word' id='word_1_221' title='bbox 1048 1828 1284 1894; x_wconf 80' lang='lat' dir='ltr'><strong>litteras,</strong></span> <span class='ocrx_word' id='word_1_222' title='bbox 1314 1830 1577 1898; x_wconf 88' lang='lat' dir='ltr'><strong>petentes</strong></span> <span class='ocrx_word' id='word_1_223' title='bbox 1615 1828 1928 1882; x_wconf 84' lang='lat' dir='ltr'><strong>examinari</strong></span> <span class='ocrx_word' id='word_1_224' title='bbox 1973 1805 2494 1883; x_wconf 80' lang='lat' dir='ltr'><strong>deside-Bviderit</strong></span> <span class='ocrx_word' id='word_1_225' title='bbox 2549 1832 2606 1882; x_wconf 90' lang='lat' dir='ltr'><strong>et</strong></span> <span class='ocrx_word' id='word_1_226' title='bbox 2662 1845 2696 1882; x_wconf 89' lang='lat' dir='ltr'><strong>a</strong></span> <span class='ocrx_word' id='word_1_227' title='bbox 2737 1827 2951 1882; x_wconf 87' lang='lat' dir='ltr'><strong>fullone</strong></span> <span class='ocrx_word' id='word_1_228' title='bbox 3005 1832 3257 1882; x_wconf 89' lang='lat' dir='ltr'><strong>curatam</strong></span> <span class='ocrx_word' id='word_1_229' title='bbox 3306 1805 3603 1899; x_wconf 84' lang='lat' dir='ltr'><strong>receperit.</strong></span> <span class='ocrx_word' id='word_1_230' title='bbox 3657 1831 3902 1898; x_wconf 77' lang='lat' dir='ltr'><strong>Audiant,</strong></span> 
     </span>
    </p>
   </div>
   <div class='ocr_carea' id='block_1_34' title="bbox 558 1921 2189 1991">
    <p class='ocr_par' dir='ltr' id='par_1_34' title="bbox 558 1921 2189 1991">
     <span class='ocr_line' id='line_1_34' title="bbox 558 1921 2189 1991; baseline -0.001 -14"><span class='ocrx_word' id='word_1_231' title='bbox 558 1923 648 1978; x_wconf 89' lang='lat' dir='ltr'><strong>ria</strong></span> <span class='ocrx_word' id='word_1_232' title='bbox 691 1939 812 1976; x_wconf 88' lang='lat' dir='ltr'><strong>sua.</strong></span> <span class='ocrx_word' id='word_1_233' title='bbox 845 1922 1008 1988; x_wconf 89' lang='lat' dir='ltr'><strong>Cum,</strong></span> <span class='ocrx_word' id='word_1_234' title='bbox 1040 1937 1180 1991; x_wconf 86' lang='lat' dir='ltr'><strong>pace</strong></span> <span class='ocrx_word' id='word_1_235' title='bbox 1214 1921 1376 1974; x_wconf 89' lang='lat' dir='ltr'><strong>nobis</strong></span> <span class='ocrx_word' id='word_1_236' title='bbox 1403 1921 1670 1975; x_wconf 91' lang='lat' dir='ltr'><strong>omnibus</strong></span> <span class='ocrx_word' id='word_1_237' title='bbox 1696 1937 1729 1974; x_wconf 91' lang='lat' dir='ltr'><strong>a</strong></span> <span class='ocrx_word' id='word_1_238' title='bbox 1761 1921 2000 1976; x_wconf 89' lang='lat' dir='ltr'><strong>Domino</strong></span> <span class='ocrx_word' id='word_1_239' title='bbox 2034 1921 2189 1991; x_wconf 90' lang='lat' dir='ltr'><strong>prius</strong></span> 
     </span>
    </p>
   </div>
   <div class='ocr_carea' id='block_1_35' title="bbox 560 2014 2183 2085">
    <p class='ocr_par' dir='ltr' id='par_1_35' title="bbox 560 2014 2183 2085">
     <span class='ocr_line' id='line_1_35' title="bbox 560 2014 2183 2085; baseline -0.001 -15"><span class='ocrx_word' id='word_1_240' title='bbox 560 2016 711 2083; x_wconf 86' lang='lat' dir='ltr'><strong>data,</strong></span> <span class='ocrx_word' id='word_1_241' title='bbox 769 2015 844 2069; x_wconf 89' lang='lat' dir='ltr'><strong>ad</strong></span> <span class='ocrx_word' id='word_1_242' title='bbox 897 2015 1206 2068; x_wconf 87' lang='lat' dir='ltr'><strong>Ecclesiam</strong></span> <span class='ocrx_word' id='word_1_243' title='bbox 1260 2014 1484 2085; x_wconf 86' lang='lat' dir='ltr'><strong>regredi</strong></span> <span class='ocrx_word' id='word_1_244' title='bbox 1543 2016 1895 2084; x_wconf 66' lang='lat' dir='ltr'><strong>coeperimus,</strong></span> <span class='ocrx_word' id='word_1_245' title='bbox 1951 2021 2084 2069; x_wconf 90' lang='lat' dir='ltr'><strong>tunc</strong></span> <span class='ocrx_word' id='word_1_246' title='bbox 2137 2016 2183 2050; x_wconf 77' lang='grc'><strong>⁵⁵</strong></span> 
     </span>
    </p>
   </div>
   <div class='ocr_carea' id='block_1_36' title="bbox 568 2108 2189 2178">
    <p class='ocr_par' dir='ltr' id='par_1_36' title="bbox 568 2108 2189 2178">
     <span class='ocr_line' id='line_1_36' title="bbox 568 2108 2189 2178; baseline -0.001 -15"><span class='ocrx_word' id='word_1_247' title='bbox 568 2108 1050 2164; x_wconf 84' lang='lat' dir='ltr'><strong>examinabuntur</strong></span> <span class='ocrx_word' id='word_1_248' title='bbox 1092 2108 1314 2178; x_wconf 89' lang='lat' dir='ltr'><strong>singula</strong></span> <span class='ocrx_word' id='word_1_249' title='bbox 1371 2108 1739 2178; x_wconf 82' lang='lat' dir='ltr'><strong>prasentibus</strong></span> <span class='ocrx_word' id='word_1_250' title='bbox 1789 2113 1846 2162; x_wconf 91' lang='lat' dir='ltr'><strong>et</strong></span> <span class='ocrx_word' id='word_1_251' title='bbox 1884 2108 2189 2178; x_wconf 78' lang='lat' dir='ltr'><strong>iudicanti-</strong></span> 
     </span>
    </p>
   </div>
   <div class='ocr_carea' id='block_1_37' title="bbox 559 2202 866 2257">
    <p class='ocr_par' dir='ltr' id='par_1_37' title="bbox 559 2202 866 2257">
     <span class='ocr_line' id='line_1_37' title="bbox 559 2202 866 2257; baseline 0 -1"><span class='ocrx_word' id='word_1_252' title='bbox 559 2202 665 2256; x_wconf 88' lang='lat' dir='ltr'><strong>bus</strong></span> <span class='ocrx_word' id='word_1_253' title='bbox 693 2202 866 2257; x_wconf 86' lang='lat' dir='ltr'><strong>vobis.</strong></span> 
     </span>
    </p>
   </div>
   <div class='ocr_carea' id='block_1_38' title="bbox 635 2295 2195 2366">
    <p class='ocr_par' dir='ltr' id='par_1_38' title="bbox 635 2295 2195 2366">
     <span class='ocr_line' id='line_1_38' title="bbox 635 2295 2195 2366; baseline -0.001 -15"><span class='ocrx_word' id='word_1_254' title='bbox 635 2297 698 2351; x_wconf 86' lang='grc' dir='ltr'><strong>ΙΙ.</strong></span> <span class='ocrx_word' id='word_1_255' title='bbox 746 2295 925 2352; x_wconf 83' lang='lat' dir='ltr'><strong>Audio</strong></span> <span class='ocrx_word' id='word_1_256' title='bbox 979 2297 1170 2350; x_wconf 88' lang='lat' dir='ltr'><strong>tamen</strong></span> <span class='ocrx_word' id='word_1_257' title='bbox 1225 2295 1503 2366; x_wconf 90' lang='lat' dir='ltr'><strong>quosdam</strong></span> <span class='ocrx_word' id='word_1_258' title='bbox 1561 2295 1628 2349; x_wconf 92' lang='lat' dir='ltr'><strong>de</strong></span> <span class='ocrx_word' id='word_1_259' title='bbox 1680 2295 2036 2366; x_wconf 88' lang='lat' dir='ltr'><strong>presbyteris,</strong></span> <span class='ocrx_word' id='word_1_260' title='bbox 2089 2311 2195 2350; x_wconf 90' lang='lat' dir='ltr'><strong>nec</strong></span> 
     </span>
    </p>
   </div>
   <div class='ocr_carea' id='block_1_39' title="bbox 567 2388 2196 2461">
    <p class='ocr_par' dir='ltr' id='par_1_39' title="bbox 567 2388 2196 2461">
     <span class='ocr_line' id='line_1_39' title="bbox 567 2388 2196 2461; baseline -0.001 -16"><span class='ocrx_word' id='word_1_261' title='bbox 567 2389 860 2461; x_wconf 87' lang='lat' dir='ltr'><strong>Evangelii</strong></span> <span class='ocrx_word' id='word_1_262' title='bbox 918 2405 1224 2454; x_wconf 89' lang='lat' dir='ltr'><strong>memores,</strong></span> <span class='ocrx_word' id='word_1_263' title='bbox 1277 2405 1384 2443; x_wconf 90' lang='lat' dir='ltr'><strong>nec</strong></span> <span class='ocrx_word' id='word_1_264' title='bbox 1439 2389 1572 2459; x_wconf 90' lang='lat' dir='ltr'><strong>quid</strong></span> <span class='ocrx_word' id='word_1_265' title='bbox 1623 2388 1696 2442; x_wconf 91' lang='lat' dir='ltr'><strong>ad</strong></span> <span class='ocrx_word' id='word_1_266' title='bbox 1759 2405 1858 2442; x_wconf 91' lang='lat' dir='ltr'><strong>nos</strong></span> <span class='ocrx_word' id='word_1_267' title='bbox 1921 2394 2196 2460; x_wconf 83' lang='lat' dir='ltr'><strong>martyres</strong></span> 
     </span>
    </p>
   </div>
   <div class='ocr_carea' id='block_1_40' title="bbox 565 2482 2198 2554">
    <p class='ocr_par' dir='ltr' id='par_1_40' title="bbox 565 2482 2198 2554">
     <span class='ocr_line' id='line_1_40' title="bbox 565 2482 2198 2554; baseline -0.001 -16"><span class='ocrx_word' id='word_1_268' title='bbox 565 2483 898 2554; x_wconf 86' lang='lat' dir='ltr'><strong>scripserint</strong></span> <span class='ocrx_word' id='word_1_269' title='bbox 921 2483 1256 2554; x_wconf 88' lang='lat' dir='ltr'><strong>cogitantes,</strong></span> <span class='ocrx_word' id='word_1_270' title='bbox 1286 2499 1390 2537; x_wconf 91' lang='lat' dir='ltr'><strong>nec</strong></span> <span class='ocrx_word' id='word_1_271' title='bbox 1415 2482 1675 2552; x_wconf 88' lang='lat' dir='ltr'><strong>episcopo</strong></span> <span class='ocrx_word' id='word_1_272' title='bbox 1707 2483 1987 2537; x_wconf 87' lang='lat' dir='ltr'><strong>honorem</strong></span> <span class='ocrx_word' id='word_1_273' title='bbox 2016 2499 2198 2537; x_wconf 90' lang='lat' dir='ltr'><strong>sacer-</strong></span> 
     </span>
    </p>
   </div>
   <div class='ocr_carea' id='block_1_41' title="bbox 568 2576 2198 2647">
    <p class='ocr_par' dir='ltr' id='par_1_41' title="bbox 568 2576 2198 2647">
     <span class='ocr_line' id='line_1_41' title="bbox 568 2576 2198 2647; baseline -0.001 -16"><span class='ocrx_word' id='word_1_274' title='bbox 568 2577 708 2632; x_wconf 88' lang='lat' dir='ltr'><strong>dotii</strong></span> <span class='ocrx_word' id='word_1_275' title='bbox 736 2577 820 2630; x_wconf 91' lang='lat' dir='ltr'><strong>sui</strong></span> <span class='ocrx_word' id='word_1_276' title='bbox 874 2582 929 2631; x_wconf 87' lang='lat' dir='ltr'><strong>et</strong></span> <span class='ocrx_word' id='word_1_277' title='bbox 967 2576 1253 2631; x_wconf 84' lang='lat' dir='ltr'><strong>cathedra</strong></span> <span class='ocrx_word' id='word_1_278' title='bbox 1297 2581 1673 2644; x_wconf 87' lang='lat' dir='ltr'><strong>reservantes,</strong></span> <span class='ocrx_word' id='word_1_279' title='bbox 1699 2577 1821 2645; x_wconf 82' lang='lat' dir='ltr'><strong>jam</strong></span> <span class='ocrx_word' id='word_1_280' title='bbox 1861 2593 1989 2630; x_wconf 91' lang='lat' dir='ltr'><strong>cum</strong></span> <span class='ocrx_word' id='word_1_281' title='bbox 2033 2576 2198 2647; x_wconf 90' lang='lat' dir='ltr'><strong>lapsis</strong></span> 
     </span>
    </p>
   </div>
   <div class='ocr_carea' id='block_1_42' title="bbox 569 2669 2201 2740">
    <p class='ocr_par' dir='ltr' id='par_1_42' title="bbox 569 2669 2201 2740">
     <span class='ocr_line' id='line_1_42' title="bbox 569 2669 2201 2740; baseline -0.001 -15"><span class='ocrx_word' id='word_1_282' title='bbox 569 2670 995 2725; x_wconf 89' lang='lat' dir='ltr'><strong>communicare</strong></span> <span class='ocrx_word' id='word_1_283' title='bbox 1035 2670 1267 2740; x_wconf 78' lang='lat' dir='ltr'><strong>capisse</strong></span> <span class='ocrx_word' id='word_1_284' title='bbox 1296 2673 1353 2724; x_wconf 91' lang='lat' dir='ltr'><strong>et</strong></span> <span class='ocrx_word' id='word_1_285' title='bbox 1384 2670 1588 2724; x_wconf 77' lang='lat' dir='ltr'><strong>offerre</strong></span> <span class='ocrx_word' id='word_1_286' title='bbox 1620 2685 1722 2740; x_wconf 90' lang='lat' dir='ltr'><strong>pro</strong></span> <span class='ocrx_word' id='word_1_287' title='bbox 1751 2669 1861 2722; x_wconf 90' lang='lat' dir='ltr'><strong>illis</strong></span> <span class='ocrx_word' id='word_1_288' title='bbox 1901 2675 1957 2724; x_wconf 92' lang='lat' dir='ltr'><strong>et</strong></span> <span class='ocrx_word' id='word_1_289' title='bbox 1991 2670 2201 2724; x_wconf 84' lang='lat' dir='ltr'><strong>Eucha-</strong></span> 
     </span>
    </p>
   </div>
   <div class='ocr_carea' id='block_1_43' title="bbox 565 2762 2199 2834">
    <p class='ocr_par' dir='ltr' id='par_1_43' title="bbox 565 2762 2199 2834">
     <span class='ocr_line' id='line_1_43' title="bbox 565 2762 2199 2834; baseline -0.001 -16"><span class='ocrx_word' id='word_1_290' title='bbox 565 2763 790 2818; x_wconf 85' lang='lat' dir='ltr'><strong>ristiam</strong></span> <span class='ocrx_word' id='word_1_291' title='bbox 819 2764 976 2832; x_wconf 88' lang='lat' dir='ltr'><strong>dare,</strong></span> <span class='ocrx_word' id='word_1_292' title='bbox 1009 2763 1238 2834; x_wconf 88' lang='lat' dir='ltr'><strong>quando</strong></span> <span class='ocrx_word' id='word_1_293' title='bbox 1265 2765 1526 2833; x_wconf 89' lang='lat' dir='ltr'><strong>oporteat</strong></span> <span class='ocrx_word' id='word_1_294' title='bbox 1564 2762 1636 2816; x_wconf 92' lang='lat' dir='ltr'><strong>ad</strong></span> <span class='ocrx_word' id='word_1_295' title='bbox 1662 2763 1781 2817; x_wconf 83' lang='lat' dir='ltr'><strong>hac</strong></span> <span class='ocrx_word' id='word_1_296' title='bbox 1808 2780 1912 2834; x_wconf 92' lang='lat' dir='ltr'><strong>per</strong></span> <span class='ocrx_word' id='word_1_297' title='bbox 1939 2763 2199 2818; x_wconf 91' lang='lat' dir='ltr'><strong>ordinem</strong></span> 
     </span>
    </p>
   </div>
   <div class='ocr_carea' id='block_1_44' title="bbox 565 2856 2202 2929">
    <p class='ocr_par' dir='ltr' id='par_1_44' title="bbox 565 2856 2202 2929">
     <span class='ocr_line' id='line_1_44' title="bbox 565 2856 2202 2929; baseline 0.001 -18"><span class='ocrx_word' id='word_1_298' title='bbox 565 2856 880 2929; x_wconf 88' lang='lat' dir='ltr'><strong>perveniri.</strong></span> <span class='ocrx_word' id='word_1_299' title='bbox 940 2857 1100 2924; x_wconf 88' lang='lat' dir='ltr'><strong>Nam,</strong></span> <span class='ocrx_word' id='word_1_300' title='bbox 1150 2872 1279 2910; x_wconf 92' lang='lat' dir='ltr'><strong>cum</strong></span> <span class='ocrx_word' id='word_1_301' title='bbox 1338 2856 1398 2909; x_wconf 92' lang='lat' dir='ltr'><strong>in</strong></span> <span class='ocrx_word' id='word_1_302' title='bbox 1447 2857 1767 2911; x_wconf 89' lang='lat' dir='ltr'><strong>minoribus</strong></span> <span class='ocrx_word' id='word_1_303' title='bbox 1813 2856 2030 2912; x_wconf 86' lang='lat' dir='ltr'><strong>delictis</strong></span> <span class='ocrx_word' id='word_1_304' title='bbox 2072 2873 2202 2928; x_wconf 85' lang='lat' dir='ltr'><strong>qua</strong></span> 
     </span>
    </p>
   </div>
   <div class='ocr_carea' id='block_1_45' title="bbox 564 2948 2205 3021">
    <p class='ocr_par' dir='ltr' id='par_1_45' title="bbox 564 2948 2205 3021">
     <span class='ocr_line' id='line_1_45' title="bbox 564 2948 2205 3021; baseline -0.001 -15"><span class='ocrx_word' id='word_1_305' title='bbox 564 2965 682 3006; x_wconf 90' lang='lat' dir='ltr'><strong>non</strong></span> <span class='ocrx_word' id='word_1_306' title='bbox 737 2949 795 3004; x_wconf 92' lang='lat' dir='ltr'><strong>in</strong></span> <span class='ocrx_word' id='word_1_307' title='bbox 850 2951 1028 3005; x_wconf 92' lang='lat' dir='ltr'><strong>Deum</strong></span> <span class='ocrx_word' id='word_1_308' title='bbox 1079 2948 1519 3004; x_wconf 89' lang='lat' dir='ltr'><strong>committuntur</strong></span> <span class='ocrx_word' id='word_1_309' title='bbox 1547 2992 1562 3017; x_wconf 89' lang='lat'><strong>,</strong></span> <span class='ocrx_word' id='word_1_310' title='bbox 1618 2949 1951 3020; x_wconf 79' lang='lat' dir='ltr'><strong>pauitantia</strong></span> <span class='ocrx_word' id='word_1_311' title='bbox 2002 2955 2205 3021; x_wconf 87' lang='lat' dir='ltr'><strong>agatur</strong></span> 
     </span>
    </p>
   </div>
   <div class='ocr_carea' id='block_1_46' title="bbox 557 3043 2206 3115">
    <p class='ocr_par' dir='ltr' id='par_1_46' title="bbox 557 3043 2206 3115">
     <span class='ocr_line' id='line_1_46' title="bbox 557 3043 2206 3115; baseline -0.001 -16"><span class='ocrx_word' id='word_1_312' title='bbox 557 3045 716 3115; x_wconf 90' lang='lat' dir='ltr'><strong>justo</strong></span> <span class='ocrx_word' id='word_1_313' title='bbox 766 3047 1046 3115; x_wconf 86' lang='lat' dir='ltr'><strong>tempore,</strong></span> <span class='ocrx_word' id='word_1_314' title='bbox 1093 3048 1148 3097; x_wconf 89' lang='lat' dir='ltr'><strong>et</strong></span> <span class='ocrx_word' id='word_1_315' title='bbox 1194 3043 1605 3114; x_wconf 83' lang='lat' dir='ltr'><strong>exomolegesis</strong></span> <span class='ocrx_word' id='word_1_316' title='bbox 1651 3044 1751 3098; x_wconf 85' lang='lat' dir='ltr'><strong>ﬁat</strong></span> <span class='ocrx_word' id='word_1_317' title='bbox 1799 3043 2050 3114; x_wconf 86' lang='lat' dir='ltr'><strong>inspecta</strong></span> <span class='ocrx_word' id='word_1_318' title='bbox 2090 3044 2206 3098; x_wconf 86' lang='lat' dir='ltr'><strong>vita</strong></span> 
     </span>
    </p>
   </div>
   <div class='ocr_carea' id='block_1_47' title="bbox 566 3136 2267 3239">
    <p class='ocr_par' dir='ltr' id='par_1_47' title="bbox 566 3136 2267 3239">
     <span class='ocr_line' id='line_1_47' title="bbox 566 3136 2267 3239; baseline 0 -47"><span class='ocrx_word' id='word_1_319' title='bbox 566 3138 690 3209; x_wconf 81' lang='lat' dir='ltr'><strong>ejus</strong></span> <span class='ocrx_word' id='word_1_320' title='bbox 732 3137 826 3209; x_wconf 91' lang='lat' dir='ltr'><strong>qui</strong></span> <span class='ocrx_word' id='word_1_321' title='bbox 873 3138 993 3208; x_wconf 90' lang='lat' dir='ltr'><strong>agit</strong></span> <span class='ocrx_word' id='word_1_322' title='bbox 1031 3136 1447 3208; x_wconf 81' lang='lat' dir='ltr'><strong>paenitentiam,</strong></span> <span class='ocrx_word' id='word_1_323' title='bbox 1477 3154 1579 3191; x_wconf 93' lang='lat' dir='ltr'><strong>nec</strong></span> <span class='ocrx_word' id='word_1_324' title='bbox 1615 3138 1684 3192; x_wconf 89' lang='lat' dir='ltr'><strong>ad</strong></span> <span class='ocrx_word' id='word_1_325' title='bbox 1720 3137 2188 3192; x_wconf 87' lang='lat' dir='ltr'><strong>communicatio-</strong></span> <span class='ocrx_word' id='word_1_326' title='bbox 2212 3165 2267 3239; x_wconf 68' lang='grc' dir='ltr'>Ο</span> 
     </span>
    </p>
   </div>
   <div class='ocr_carea' id='block_1_48' title="bbox 2290 1921 3904 1994">
    <p class='ocr_par' dir='ltr' id='par_1_48' title="bbox 2290 1921 3904 1994">
     <span class='ocr_line' id='line_1_48' title="bbox 2290 1921 3904 1994; baseline 0.001 -18"><span class='ocrx_word' id='word_1_327' title='bbox 2290 1938 2506 1993; x_wconf 84' lang='lat' dir='ltr'><strong>quaso,</strong></span> <span class='ocrx_word' id='word_1_328' title='bbox 2535 1921 2821 1992; x_wconf 87' lang='lat' dir='ltr'><strong>patienter</strong></span> <span class='ocrx_word' id='word_1_329' title='bbox 2847 1922 3147 1976; x_wconf 90' lang='lat' dir='ltr'><strong>consilium</strong></span> <span class='ocrx_word' id='word_1_330' title='bbox 3178 1928 3436 1977; x_wconf 91' lang='lat' dir='ltr'><strong>nostrum</strong></span> <span class='ocrx_word' id='word_1_331' title='bbox 3465 1923 3514 1957; x_wconf 72' lang='lat'><strong>‘9</strong></span> <span class='ocrx_word' id='word_1_332' title='bbox 3541 1939 3555 1989; x_wconf 88' lang='lat'><strong>;</strong></span> <span class='ocrx_word' id='word_1_333' title='bbox 3599 1928 3904 1994; x_wconf 83' lang='lat' dir='ltr'><strong>exspectent</strong></span> 
     </span>
    </p>
   </div>
   <div class='ocr_carea' id='block_1_49' title="bbox 2291 2015 3904 2087">
    <p class='ocr_par' dir='ltr' id='par_1_49' title="bbox 2291 2015 3904 2087">
     <span class='ocr_line' id='line_1_49' title="bbox 2291 2015 3904 2087; baseline 0.001 -18"><span class='ocrx_word' id='word_1_334' title='bbox 2291 2015 2703 2086; x_wconf 85' lang='lat' dir='ltr'><strong>regressionem</strong></span> <span class='ocrx_word' id='word_1_335' title='bbox 2752 2019 3023 2081; x_wconf 90' lang='lat' dir='ltr'><strong>nostram,</strong></span> <span class='ocrx_word' id='word_1_336' title='bbox 3079 2021 3158 2082; x_wconf 93' lang='lat' dir='ltr'><strong>ut,</strong></span> <span class='ocrx_word' id='word_1_337' title='bbox 3207 2031 3335 2070; x_wconf 88' lang='lat' dir='ltr'><strong>cum</strong></span> <span class='ocrx_word' id='word_1_338' title='bbox 3403 2016 3478 2070; x_wconf 92' lang='lat' dir='ltr'><strong>ad</strong></span> <span class='ocrx_word' id='word_1_339' title='bbox 3531 2033 3628 2071; x_wconf 90' lang='lat' dir='ltr'><strong>vos</strong></span> <span class='ocrx_word' id='word_1_340' title='bbox 3676 2033 3778 2087; x_wconf 87' lang='lat' dir='ltr'><strong>per</strong></span> <span class='ocrx_word' id='word_1_341' title='bbox 3817 2018 3904 2072; x_wconf 86' lang='lat' dir='ltr'><strong>Dei</strong></span> 
     </span>
    </p>
   </div>
   <div class='ocr_carea' id='block_1_50' title="bbox 2292 2108 3907 2182">
    <p class='ocr_par' dir='ltr' id='par_1_50' title="bbox 2292 2108 3907 2182">
     <span class='ocr_line' id='line_1_50' title="bbox 2292 2108 3907 2182; baseline 0.001 -19"><span class='ocrx_word' id='word_1_342' title='bbox 2292 2108 2737 2164; x_wconf 88' lang='lat' dir='ltr'><strong>misericordiam</strong></span> <span class='ocrx_word' id='word_1_343' title='bbox 2805 2108 3132 2163; x_wconf 89' lang='lat' dir='ltr'><strong>venerimus</strong></span> <span class='ocrx_word' id='word_1_344' title='bbox 3165 2151 3178 2177; x_wconf 92' lang='lat'><strong>,</strong></span> <span class='ocrx_word' id='word_1_345' title='bbox 3253 2110 3545 2164; x_wconf 88' lang='lat' dir='ltr'><strong>convocati</strong></span> <span class='ocrx_word' id='word_1_346' title='bbox 3611 2111 3907 2182; x_wconf 88' lang='lat' dir='ltr'><strong>coepiscopi</strong></span> 
     </span>
    </p>
   </div>
   <div class='ocr_carea' id='block_1_51' title="bbox 2291 2200 3908 2274">
    <p class='ocr_par' dir='ltr' id='par_1_51' title="bbox 2291 2200 3908 2274">
     <span class='ocr_line' id='line_1_51' title="bbox 2291 2200 3908 2274; baseline -0.001 -17"><span class='ocrx_word' id='word_1_347' title='bbox 2291 2203 2501 2274; x_wconf 87' lang='lat' dir='ltr'><strong>plures,</strong></span> <span class='ocrx_word' id='word_1_348' title='bbox 2533 2201 2848 2256; x_wconf 90' lang='lat' dir='ltr'><strong>secundum</strong></span> <span class='ocrx_word' id='word_1_349' title='bbox 2881 2200 3113 2256; x_wconf 89' lang='lat' dir='ltr'><strong>Domini</strong></span> <span class='ocrx_word' id='word_1_350' title='bbox 3137 2201 3496 2272; x_wconf 90' lang='lat' dir='ltr'><strong>disciplinam</strong></span> <span class='ocrx_word' id='word_1_351' title='bbox 3528 2208 3586 2256; x_wconf 92' lang='lat' dir='ltr'><strong>et</strong></span> <span class='ocrx_word' id='word_1_352' title='bbox 3612 2203 3908 2257; x_wconf 83' lang='lat' dir='ltr'><strong>confessso-</strong></span> 
     </span>
    </p>
   </div>
   <div class='ocr_carea' id='block_1_52' title="bbox 2294 2296 3909 2367">
    <p class='ocr_par' dir='ltr' id='par_1_52' title="bbox 2294 2296 3909 2367">
     <span class='ocr_line' id='line_1_52' title="bbox 2294 2296 3909 2367; baseline -0.001 -16"><span class='ocrx_word' id='word_1_353' title='bbox 2294 2312 2423 2351; x_wconf 89' lang='lat' dir='ltr'><strong>rum</strong></span> <span class='ocrx_word' id='word_1_354' title='bbox 2449 2296 2813 2367; x_wconf 86' lang='lat' dir='ltr'><strong>prasentiam</strong></span> <span class='ocrx_word' id='word_1_355' title='bbox 2855 2302 2912 2351; x_wconf 90' lang='lat' dir='ltr'><strong>et</strong></span> <span class='ocrx_word' id='word_1_356' title='bbox 2946 2301 3192 2351; x_wconf 85' lang='lat' dir='ltr'><strong>vestram</strong></span> <span class='ocrx_word' id='word_1_357' title='bbox 3232 2311 3459 2366; x_wconf 88' lang='lat' dir='ltr'><strong>quoque</strong></span> <span class='ocrx_word' id='word_1_358' title='bbox 3501 2296 3836 2351; x_wconf 89' lang='lat' dir='ltr'><strong>sententiam</strong></span> <span class='ocrx_word' id='word_1_359' title='bbox 3867 2297 3909 2330; x_wconf 81' lang='grc'><strong>⁶⁰</strong></span> 
     </span>
    </p>
   </div>
   <div class='ocr_carea' id='block_1_53' title="bbox 2297 2388 3911 2460">
    <p class='ocr_par' dir='ltr' id='par_1_53' title="bbox 2297 2388 3911 2460">
     <span class='ocr_line' id='line_1_53' title="bbox 2297 2388 3911 2460; baseline 0 -16"><span class='ocrx_word' id='word_1_360' title='bbox 2297 2391 2441 2459; x_wconf 91' lang='grc'>(22),</span> <span class='ocrx_word' id='word_1_361' title='bbox 2509 2390 2808 2444; x_wconf 86' lang='lat' dir='ltr'><strong>beatorum</strong></span> <span class='ocrx_word' id='word_1_362' title='bbox 2873 2395 3193 2460; x_wconf 87' lang='lat' dir='ltr'><strong>martyrum</strong></span> <span class='ocrx_word' id='word_1_363' title='bbox 3254 2388 3470 2444; x_wconf 90' lang='lat' dir='ltr'><strong>litteras</strong></span> <span class='ocrx_word' id='word_1_364' title='bbox 3531 2393 3591 2444; x_wconf 90' lang='lat' dir='ltr'><strong>et</strong></span> <span class='ocrx_word' id='word_1_365' title='bbox 3652 2389 3911 2444; x_wconf 85' lang='lat' dir='ltr'><strong>desideria</strong></span> 
     </span>
    </p>
   </div>
   <div class='ocr_carea' id='block_1_54' title="bbox 2299 2482 3912 2554">
    <p class='ocr_par' dir='ltr' id='par_1_54' title="bbox 2299 2482 3912 2554">
     <span class='ocr_line' id='line_1_54' title="bbox 2299 2482 3912 2554; baseline -0.001 -16"><span class='ocrx_word' id='word_1_366' title='bbox 2299 2483 2630 2538; x_wconf 83' lang='lat' dir='ltr'><strong>examinare</strong></span> <span class='ocrx_word' id='word_1_367' title='bbox 2673 2483 2976 2554; x_wconf 90' lang='lat' dir='ltr'><strong>possimus.</strong></span> <span class='ocrx_word' id='word_1_368' title='bbox 3021 2484 3098 2537; x_wconf 90' lang='lat' dir='ltr'><strong>De</strong></span> <span class='ocrx_word' id='word_1_369' title='bbox 3140 2482 3250 2537; x_wconf 92' lang='lat' dir='ltr'><strong>hoc</strong></span> <span class='ocrx_word' id='word_1_370' title='bbox 3284 2485 3343 2536; x_wconf 89' lang='lat' dir='ltr'><strong>et</strong></span> <span class='ocrx_word' id='word_1_371' title='bbox 3382 2483 3454 2536; x_wconf 89' lang='lat' dir='ltr'><strong>ad</strong></span> <span class='ocrx_word' id='word_1_372' title='bbox 3497 2483 3712 2538; x_wconf 88' lang='lat' dir='ltr'><strong>clerum</strong></span> <span class='ocrx_word' id='word_1_373' title='bbox 3758 2488 3811 2538; x_wconf 90' lang='lat' dir='ltr'><strong>et</strong></span> <span class='ocrx_word' id='word_1_374' title='bbox 3847 2483 3912 2536; x_wconf 83' lang='lat' dir='ltr'><strong>ad</strong></span> 
     </span>
    </p>
   </div>
   <div class='ocr_carea' id='block_1_55' title="bbox 2300 2576 3914 2649">
    <p class='ocr_par' dir='ltr' id='par_1_55' title="bbox 2300 2576 3914 2649">
     <span class='ocr_line' id='line_1_55' title="bbox 2300 2576 3914 2649; baseline -0.001 -17"><span class='ocrx_word' id='word_1_375' title='bbox 2300 2581 2584 2649; x_wconf 83' lang='lat' dir='ltr'><strong>martyres</strong></span> <span class='ocrx_word' id='word_1_376' title='bbox 2609 2583 2666 2632; x_wconf 93' lang='lat' dir='ltr'><strong>et</strong></span> <span class='ocrx_word' id='word_1_377' title='bbox 2690 2577 3033 2632; x_wconf 89' lang='lat' dir='ltr'><strong>confessores</strong></span> <span class='ocrx_word' id='word_1_378' title='bbox 3070 2576 3282 2631; x_wconf 89' lang='lat' dir='ltr'><strong>litteras</strong></span> <span class='ocrx_word' id='word_1_379' title='bbox 3321 2576 3450 2645; x_wconf 85' lang='lat' dir='ltr'><strong>feci,</strong></span> <span class='ocrx_word' id='word_1_380' title='bbox 3485 2593 3630 2648; x_wconf 88' lang='lat' dir='ltr'><strong>quas</strong></span> <span class='ocrx_word' id='word_1_381' title='bbox 3664 2580 3914 2647; x_wconf 88' lang='lat' dir='ltr'><strong>utrasque</strong></span> 
     </span>
    </p>
   </div>
   <div class='ocr_carea' id='block_1_56' title="bbox 2299 2670 3916 2743">
    <p class='ocr_par' dir='ltr' id='par_1_56' title="bbox 2299 2670 3916 2743">
     <span class='ocr_line' id='line_1_56' title="bbox 2299 2670 3916 2743; baseline -0.002 -17"><span class='ocrx_word' id='word_1_382' title='bbox 2299 2672 2413 2743; x_wconf 88' lang='lat' dir='ltr'><strong>legi</strong></span> <span class='ocrx_word' id='word_1_383' title='bbox 2445 2671 2604 2725; x_wconf 82' lang='lat' dir='ltr'><strong>vobis</strong></span> <span class='ocrx_word' id='word_1_384' title='bbox 2630 2671 2919 2726; x_wconf 87' lang='lat' dir='ltr'><strong>mandavi.</strong></span> <span class='ocrx_word' id='word_1_385' title='bbox 2943 2671 3086 2741; x_wconf 90' lang='lat' dir='ltr'><strong>Opto</strong></span> <span class='ocrx_word' id='word_1_386' title='bbox 3111 2687 3231 2739; x_wconf 86' lang='lat' dir='ltr'><strong>vos,</strong></span> <span class='ocrx_word' id='word_1_387' title='bbox 3263 2671 3468 2724; x_wconf 87' lang='lat' dir='ltr'><strong>fratres</strong></span> <span class='ocrx_word' id='word_1_388' title='bbox 3511 2670 3819 2725; x_wconf 88' lang='lat' dir='ltr'><strong>charissimi</strong></span> <span class='ocrx_word' id='word_1_389' title='bbox 3859 2685 3916 2724; x_wconf 88' lang='lat' dir='ltr'><strong>ac</strong></span> 
     </span>
    </p>
   </div>
   <div class='ocr_carea' id='block_1_57' title="bbox 2301 2763 3920 2835">
    <p class='ocr_par' dir='ltr' id='par_1_57' title="bbox 2301 2763 3920 2835">
     <span class='ocr_line' id='line_1_57' title="bbox 2301 2763 3920 2835; baseline -0.002 -16"><span class='ocrx_word' id='word_1_390' title='bbox 2301 2763 2832 2831; x_wconf 86' lang='lat' dir='ltr'><strong>desiderantissimi,</strong></span> <span class='ocrx_word' id='word_1_391' title='bbox 2858 2764 2917 2818; x_wconf 90' lang='lat' dir='ltr'><strong>in</strong></span> <span class='ocrx_word' id='word_1_392' title='bbox 2949 2764 3183 2819; x_wconf 91' lang='lat' dir='ltr'><strong>Domino</strong></span> <span class='ocrx_word' id='word_1_393' title='bbox 3217 2779 3445 2835; x_wconf 79' lang='lat' dir='ltr'><strong>semper</strong></span> <span class='ocrx_word' id='word_1_394' title='bbox 3475 2763 3624 2819; x_wconf 89' lang='lat' dir='ltr'><strong>bene</strong></span> <span class='ocrx_word' id='word_1_395' title='bbox 3653 2765 3833 2818; x_wconf 87' lang='lat' dir='ltr'><strong>valere</strong></span> <span class='ocrx_word' id='word_1_396' title='bbox 3867 2766 3920 2817; x_wconf 88' lang='lat' dir='ltr'><strong>et</strong></span> 
     </span>
    </p>
   </div>
   <div class='ocr_carea' id='block_1_58' title="bbox 2301 2857 3098 2913">
    <p class='ocr_par' dir='ltr' id='par_1_58' title="bbox 2301 2857 3098 2913">
     <span class='ocr_line' id='line_1_58' title="bbox 2301 2857 3098 2913; baseline 0 -1"><span class='ocrx_word' id='word_1_397' title='bbox 2301 2857 2479 2912; x_wconf 89' lang='lat' dir='ltr'><strong>nostri</strong></span> <span class='ocrx_word' id='word_1_398' title='bbox 2509 2858 2862 2913; x_wconf 87' lang='lat' dir='ltr'><strong>meminisse.</strong></span> <span class='ocrx_word' id='word_1_399' title='bbox 2892 2858 3098 2913; x_wconf 88' lang='lat' dir='ltr'><strong>Valete.</strong></span> 
     </span>
    </p>
   </div>
   <div class='ocr_carea' id='block_1_59' title="bbox 2804 2988 3435 3061">
    <p class='ocr_par' dir='ltr' id='par_1_59' title="bbox 2804 2988 3435 3061">
     <span class='ocr_line' id='line_1_59' title="bbox 2804 2988 3435 3061; baseline 0 -18"><span class='ocrx_word' id='word_1_400' title='bbox 2804 2988 3128 3045; x_wconf 83' lang='lat' dir='ltr'><strong>EPISTOLA</strong></span> <span class='ocrx_word' id='word_1_401' title='bbox 3164 2989 3256 3044; x_wconf 87' lang='lat' dir='ltr'><strong>x11</strong></span> <span class='ocrx_word' id='word_1_402' title='bbox 3299 2989 3435 3061; x_wconf 85' lang='lat'><strong>(23).</strong></span> 
     </span>
    </p>
   </div>
   <div class='ocr_carea' id='block_1_60' title="bbox 2305 3089 3924 3154">
    <p class='ocr_par' dir='ltr' id='par_1_60' title="bbox 2305 3089 3924 3154">
     <span class='ocr_line' id='line_1_60' title="bbox 2305 3089 3924 3154; baseline -0.001 -16"><span class='ocrx_word' id='word_1_403' title='bbox 2305 3089 2548 3152; x_wconf 84' lang='lat' dir='ltr'><strong>(Erasm.,</strong></span> <span class='ocrx_word' id='word_1_404' title='bbox 2579 3093 2769 3153; x_wconf 75' lang='lat'><strong>111,17;</strong></span> <span class='ocrx_word' id='word_1_405' title='bbox 2799 3091 3013 3152; x_wconf 86' lang='lat' dir='ltr'><strong>Pamel.,</strong></span> <span class='ocrx_word' id='word_1_406' title='bbox 3037 3102 3164 3154; x_wconf 80' lang='lat' dir='ltr'><strong>ml;</strong></span> <span class='ocrx_word' id='word_1_407' title='bbox 3193 3091 3398 3154; x_wconf 65' lang='lat' dir='ltr'><strong>Rigalt,</strong></span> <span class='ocrx_word' id='word_1_408' title='bbox 3430 3091 3628 3151; x_wconf 89' lang='lat' dir='ltr'><strong>Baluz.,</strong></span> <span class='ocrx_word' id='word_1_409' title='bbox 3652 3090 3924 3150; x_wconf 80' lang='lat' dir='ltr'><strong>Paris.,xu;</strong></span> 
     </span>
    </p>
   </div>
   <div class='ocr_carea' id='block_1_61' title="bbox 2829 3163 3387 3226">
    <p class='ocr_par' dir='ltr' id='par_1_61' title="bbox 2829 3163 3387 3226">
     <span class='ocr_line' id='line_1_61' title="bbox 2829 3163 3387 3226; baseline -0.005 -15"><span class='ocrx_word' id='word_1_410' title='bbox 2829 3163 3015 3223; x_wconf 84' lang='lat' dir='ltr'><strong>Oxon.,</strong></span> <span class='ocrx_word' id='word_1_411' title='bbox 3041 3163 3196 3226; x_wconf 88' lang='lat' dir='ltr'><strong>Lips.,</strong></span> <span class='ocrx_word' id='word_1_412' title='bbox 3216 3163 3387 3225; x_wconf 74' lang='lat' dir='ltr'><strong>xxm.)</strong></span> 
     </span>
    </p>
   </div>
   <div class='ocr_carea' id='block_1_62' title="bbox 563 3229 2197 3318">
    <p class='ocr_par' dir='ltr' id='par_1_62' title="bbox 563 3229 2195 3302">
     <span class='ocr_line' id='line_1_62' title="bbox 563 3229 2195 3302; baseline -0.001 -15"><span class='ocrx_word' id='word_1_413' title='bbox 563 3246 698 3288; x_wconf 88' lang='lat' dir='ltr'><strong>nem</strong></span> <span class='ocrx_word' id='word_1_414' title='bbox 723 3232 918 3286; x_wconf 90' lang='lat' dir='ltr'><strong>venire</strong></span> <span class='ocrx_word' id='word_1_415' title='bbox 948 3231 1076 3302; x_wconf 90' lang='lat' dir='ltr'><strong>quis</strong></span> <span class='ocrx_word' id='word_1_416' title='bbox 1102 3229 1275 3300; x_wconf 90' lang='lat' dir='ltr'><strong>possit</strong></span> <span class='ocrx_word' id='word_1_417' title='bbox 1306 3230 1414 3284; x_wconf 90' lang='lat' dir='ltr'><strong>nisi</strong></span> <span class='ocrx_word' id='word_1_418' title='bbox 1442 3231 1598 3301; x_wconf 90' lang='lat' dir='ltr'><strong>prius</strong></span> <span class='ocrx_word' id='word_1_419' title='bbox 1631 3232 1712 3284; x_wconf 92' lang='lat' dir='ltr'><strong>illi</strong></span> <span class='ocrx_word' id='word_1_420' title='bbox 1743 3231 1814 3285; x_wconf 91' lang='lat' dir='ltr'><strong>ab</strong></span> <span class='ocrx_word' id='word_1_421' title='bbox 1842 3231 2112 3302; x_wconf 76' lang='lat' dir='ltr'><strong>epiSCOpo</strong></span> <span class='ocrx_word' id='word_1_422' title='bbox 2139 3235 2195 3286; x_wconf 88' lang='lat' dir='ltr'><strong>et</strong></span> 
     </span>
    </p>
   </div>
   <div class='ocr_carea' id='block_1_63' title="bbox 2297 3229 3926 3318">
    <p class='ocr_par' dir='ltr' id='par_1_63' title="bbox 2297 3261 3926 3318">
     <span class='ocr_line' id='line_1_63' title="bbox 2297 3261 3926 3318; baseline -0.002 -16"><span class='ocrx_word' id='word_1_423' title='bbox 2297 3263 2363 3303; x_wconf 78' lang='lat' dir='ltr'><strong>AD</strong></span> <span class='ocrx_word' id='word_1_424' title='bbox 2416 3263 2648 3316; x_wconf 71' lang='lat' dir='ltr'><strong>CLERUM,</strong></span> <span class='ocrx_word' id='word_1_425' title='bbox 2703 3263 2769 3303; x_wconf 84' lang='lat' dir='ltr'><strong>DE</strong></span> <span class='ocrx_word' id='word_1_426' title='bbox 2824 3264 3003 3304; x_wconf 78' lang='lat' dir='ltr'><strong>LAPSIS</strong></span> <span class='ocrx_word' id='word_1_427' title='bbox 3061 3264 3123 3302; x_wconf 83' lang='lat' dir='ltr'><strong>ET</strong></span> <span class='ocrx_word' id='word_1_428' title='bbox 3174 3263 3620 3318; x_wconf 66' lang='lat' dir='ltr'><strong>CATECHUIENIS,</strong></span> <span class='ocrx_word' id='word_1_429' title='bbox 3663 3264 3733 3302; x_wconf 83' lang='lat' dir='ltr'><strong>NE</strong></span> <span class='ocrx_word' id='word_1_430' title='bbox 3785 3261 3926 3302; x_wconf 73' lang='lat' dir='ltr'><strong>VACCI</strong></span> 
     </span>
    </p>
   </div>
   <div class='ocr_carea' id='block_1_64' title="bbox 565 3323 2196 3395">
    <p class='ocr_par' dir='ltr' id='par_1_64' title="bbox 565 3323 2196 3395">
     <span class='ocr_line' id='line_1_64' title="bbox 565 3323 2196 3395; baseline -0.001 -16"><span class='ocrx_word' id='word_1_431' title='bbox 565 3325 718 3379; x_wconf 89' lang='lat' dir='ltr'><strong>clero</strong></span> <span class='ocrx_word' id='word_1_432' title='bbox 774 3341 975 3379; x_wconf 90' lang='lat' dir='ltr'><strong>manus</strong></span> <span class='ocrx_word' id='word_1_433' title='bbox 1024 3323 1197 3378; x_wconf 86' lang='lat' dir='ltr'><strong>fuerit</strong></span> <span class='ocrx_word' id='word_1_434' title='bbox 1249 3323 1510 3392; x_wconf 85' lang='lat' dir='ltr'><strong>imposita</strong></span> <span class='ocrx_word' id='word_1_435' title='bbox 1545 3365 1559 3392; x_wconf 92' lang='lat'><strong>,</strong></span> <span class='ocrx_word' id='word_1_436' title='bbox 1615 3328 1830 3395; x_wconf 90' lang='lat' dir='ltr'><strong>quanto</strong></span> <span class='ocrx_word' id='word_1_437' title='bbox 1894 3325 2079 3395; x_wconf 91' lang='lat' dir='ltr'><strong>magis</strong></span> <span class='ocrx_word' id='word_1_438' title='bbox 2137 3325 2196 3378; x_wconf 90' lang='lat' dir='ltr'><strong>in</strong></span> 
     </span>
    </p>
   </div>
   <div class='ocr_carea' id='block_1_65' title="bbox 566 3416 2198 3488">
    <p class='ocr_par' dir='ltr' id='par_1_65' title="bbox 566 3416 2198 3488">
     <span class='ocr_line' id='line_1_65' title="bbox 566 3416 2198 3488; baseline 0.001 -18"><span class='ocrx_word' id='word_1_439' title='bbox 566 3417 654 3471; x_wconf 90' lang='lat' dir='ltr'><strong>his</strong></span> <span class='ocrx_word' id='word_1_440' title='bbox 682 3418 729 3451; x_wconf 73' lang='grc'><strong>⁵⁸</strong></span> <span class='ocrx_word' id='word_1_441' title='bbox 775 3417 1118 3488; x_wconf 89' lang='lat' dir='ltr'><strong>gravissimis</strong></span> <span class='ocrx_word' id='word_1_442' title='bbox 1161 3424 1217 3473; x_wconf 90' lang='lat' dir='ltr'><strong>et</strong></span> <span class='ocrx_word' id='word_1_443' title='bbox 1257 3416 1526 3472; x_wconf 85' lang='lat' dir='ltr'><strong>extremis</strong></span> <span class='ocrx_word' id='word_1_444' title='bbox 1566 3417 1784 3471; x_wconf 91' lang='lat' dir='ltr'><strong>delictis</strong></span> <span class='ocrx_word' id='word_1_445' title='bbox 1813 3421 1972 3472; x_wconf 90' lang='lat' dir='ltr'><strong>caute</strong></span> <span class='ocrx_word' id='word_1_446' title='bbox 2005 3417 2198 3472; x_wconf 86' lang='lat' dir='ltr'><strong>omnia</strong></span> 
     </span>
    </p>
   </div>
   <div class='ocr_carea' id='block_1_66' title="bbox 567 3510 2194 3581">
    <p class='ocr_par' dir='ltr' id='par_1_66' title="bbox 567 3510 2194 3581">
     <span class='ocr_line' id='line_1_66' title="bbox 567 3510 2194 3581; baseline 0 -16"><span class='ocrx_word' id='word_1_447' title='bbox 567 3512 625 3565; x_wconf 92' lang='lat' dir='ltr'><strong>et</strong></span> <span class='ocrx_word' id='word_1_448' title='bbox 653 3512 966 3578; x_wconf 90' lang='lat' dir='ltr'><strong>moderate,</strong></span> <span class='ocrx_word' id='word_1_449' title='bbox 996 3512 1309 3566; x_wconf 91' lang='lat' dir='ltr'><strong>secundum</strong></span> <span class='ocrx_word' id='word_1_450' title='bbox 1336 3510 1694 3581; x_wconf 89' lang='lat' dir='ltr'><strong>disciplinam</strong></span> <span class='ocrx_word' id='word_1_451' title='bbox 1724 3511 1969 3578; x_wconf 91' lang='lat' dir='ltr'><strong>Domini,</strong></span> <span class='ocrx_word' id='word_1_452' title='bbox 1999 3511 2194 3566; x_wconf 88' lang='lat' dir='ltr'><strong>obser-</strong></span> 
     </span>
    </p>
   </div>
   <div class='ocr_carea' id='block_1_67' title="bbox 2999 3345 3223 3384">
    <p class='ocr_par' dir='ltr' id='par_1_67' title="bbox 2999 3345 3223 3384">
     <span class='ocr_line' id='line_1_67' title="bbox 2999 3345 3223 3384; baseline 0.004 -3"><span class='ocrx_word' id='word_1_453' title='bbox 2999 3345 3223 3384; x_wconf 76' lang='lat' dir='ltr'><strong>EXEANT.</strong></span> 
     </span>
    </p>
   </div>
   <div class='ocr_carea' id='block_1_68' title="bbox 2299 3421 3931 3492">
    <p class='ocr_par' dir='ltr' id='par_1_68' title="bbox 2299 3421 3931 3492">
     <span class='ocr_line' id='line_1_68' title="bbox 2299 3421 3931 3492; baseline -0.002 -18"><span class='ocrx_word' id='word_1_454' title='bbox 2299 3424 2671 3476; x_wconf 74' lang='lat' dir='ltr'><strong>Aneuuauruu</strong></span> <span class='ocrx_word' id='word_1_455' title='bbox 2736 3423 2898 3489; x_wconf 85' lang='lat' dir='ltr'><strong>hujus</strong></span> <span class='ocrx_word' id='word_1_456' title='bbox 2979 3425 3143 3476; x_wconf 87' lang='lat' dir='ltr'><strong>etiam</strong></span> <span class='ocrx_word' id='word_1_457' title='bbox 3219 3428 3272 3475; x_wconf 85' lang='lat' dir='ltr'><strong>et</strong></span> <span class='ocrx_word' id='word_1_458' title='bbox 3347 3425 3632 3491; x_wconf 75' lang='lat' dir='ltr'><strong>sequentis</strong></span> <span class='ocrx_word' id='word_1_459' title='bbox 3712 3421 3931 3492; x_wconf 74' lang='lat' dir='ltr'><strong>epistola</strong></span> 
     </span>
    </p>
   </div>
   <div class='ocr_carea' id='block_1_69' title="bbox 2370 3511 3926 3580">
    <p class='ocr_par' dir='ltr' id='par_1_69' title="bbox 2370 3511 3926 3580">
     <span class='ocr_line' id='line_1_69' title="bbox 2370 3511 3926 3580; baseline -0.001 -16"><span class='ocrx_word' id='word_1_460' title='bbox 2370 3511 2528 3565; x_wconf 82' lang='lat' dir='ltr'><strong>habes</strong></span> <span class='ocrx_word' id='word_1_461' title='bbox 2589 3512 2764 3577; x_wconf 79' lang='lat' dir='ltr'><strong>infra,</strong></span> <span class='ocrx_word' id='word_1_462' title='bbox 2819 3512 2972 3580; x_wconf 82' lang='lat' dir='ltr'><strong>epist.</strong></span> <span class='ocrx_word' id='word_1_463' title='bbox 3026 3512 3134 3564; x_wconf 69' lang='lat'><strong>14:</strong></span> <span class='ocrx_word' id='word_1_464' title='bbox 3188 3532 3214 3560; x_wconf 83' lang='lat'>«</span> <span class='ocrx_word' id='word_1_465' title='bbox 3264 3512 3623 3566; x_wconf 85' lang='lat' dir='ltr'><strong>Postmodum</strong></span> <span class='ocrx_word' id='word_1_466' title='bbox 3679 3526 3799 3565; x_wconf 79' lang='lat' dir='ltr'><strong>vero</strong></span> <span class='ocrx_word' id='word_1_467' title='bbox 3847 3512 3926 3563; x_wconf 85' lang='lat' dir='ltr'><strong>in-</strong></span> 
     </span>
    </p>
   </div>
   <div class='ocr_carea' id='block_1_70' title="bbox 1947 3660 2550 3725">
    <p class='ocr_par' dir='ltr' id='par_1_70' title="bbox 1947 3660 2550 3725">
     <span class='ocr_line' id='line_1_70' title="bbox 1947 3660 2550 3725; baseline -0.008 0"><span class='ocrx_word' id='word_1_468' title='bbox 1947 3662 2155 3725; x_wconf 86' lang='lat' dir='ltr'><strong>Varia</strong></span> <span class='ocrx_word' id='word_1_469' title='bbox 2211 3660 2550 3725; x_wconf 90' lang='lat' dir='ltr'><strong>lectiones.</strong></span> 
     </span>
    </p>
   </div>
   <div class='ocr_carea' id='block_1_71' title="bbox 638 3791 2400 3858">
    <p class='ocr_par' dir='ltr' id='par_1_71' title="bbox 638 3791 2400 3858">
     <span class='ocr_line' id='line_1_71' title="bbox 638 3791 2400 3858; baseline -0.002 -14"><span class='ocrx_word' id='word_1_470' title='bbox 638 3794 679 3829; x_wconf 70' lang='lat'><strong>53</strong></span> <span class='ocrx_word' id='word_1_471' title='bbox 713 3794 1098 3858; x_wconf 75' lang='lat' dir='ltr'><strong>Properemus,</strong></span> <span class='ocrx_word' id='word_1_472' title='bbox 1129 3792 1262 3844; x_wconf 91' lang='lat' dir='ltr'><strong>dum</strong></span> <span class='ocrx_word' id='word_1_473' title='bbox 1293 3797 1477 3844; x_wconf 90' lang='lat' dir='ltr'><strong>tamen</strong></span> <span class='ocrx_word' id='word_1_474' title='bbox 1509 3805 1623 3842; x_wconf 89' lang='lat' dir='ltr'><strong>non</strong></span> <span class='ocrx_word' id='word_1_475' title='bbox 1654 3796 1843 3855; x_wconf 89' lang='lat' dir='ltr'><strong>putem</strong></span> <span class='ocrx_word' id='word_1_476' title='bbox 1873 3791 2013 3842; x_wconf 87' lang='lat' dir='ltr'><strong>Lam.</strong></span> <span class='ocrx_word' id='word_1_477' title='bbox 2041 3793 2194 3843; x_wconf 79' lang='lat' dir='ltr'><strong>Ebor.</strong></span> <span class='ocrx_word' id='word_1_478' title='bbox 2225 3792 2333 3842; x_wconf 76' lang='grc' dir='ltr'><strong>ΝΟ.</strong></span> <span class='ocrx_word' id='word_1_479' title='bbox 2356 3793 2400 3841; x_wconf 78' lang='grc'>2.</span> 
     </span>
    </p>
   </div>
   <div class='ocr_carea' id='block_1_72' title="bbox 567 3865 2030 3918">
    <p class='ocr_par' dir='ltr' id='par_1_72' title="bbox 567 3865 2030 3918">
     <span class='ocr_line' id='line_1_72' title="bbox 567 3865 2030 3918; baseline -0.005 0"><span class='ocrx_word' id='word_1_480' title='bbox 567 3865 736 3918; x_wconf 75' lang='lat' dir='ltr'><strong>Bod.2</strong></span> <span class='ocrx_word' id='word_1_481' title='bbox 758 3866 866 3915; x_wconf 80' lang='grc' dir='ltr'><strong>ΝΟ.</strong></span> <span class='ocrx_word' id='word_1_482' title='bbox 911 3865 958 3914; x_wconf 78' lang='grc'>2.</span> <span class='ocrx_word' id='word_1_483' title='bbox 1054 3868 1095 3898; x_wconf 77' lang='lat'><strong><em>55</em></strong></span> <span class='ocrx_word' id='word_1_484' title='bbox 1119 3865 1276 3915; x_wconf 90' lang='lat' dir='ltr'><strong>Tunc</strong></span> <span class='ocrx_word' id='word_1_485' title='bbox 1309 3866 1484 3912; x_wconf 81' lang='lat' dir='ltr'><strong>omisit</strong></span> <span class='ocrx_word' id='word_1_486' title='bbox 1527 3878 1589 3912; x_wconf 75' lang='lat' dir='ltr'><strong>ea:</strong></span> <span class='ocrx_word' id='word_1_487' title='bbox 1620 3865 1776 3912; x_wconf 75' lang='lat' dir='ltr'><strong>Oxon.</strong></span> <span class='ocrx_word' id='word_1_488' title='bbox 1803 3865 1872 3912; x_wconf 86' lang='grc' dir='ltr'><strong>Μ.</strong></span> <span class='ocrx_word' id='word_1_489' title='bbox 1902 3866 1952 3912; x_wconf 83' lang='lat' dir='ltr'><strong>li.</strong></span> <span class='ocrx_word' id='word_1_490' title='bbox 1987 3865 2030 3912; x_wconf 89' lang='lat' dir='ltr'><strong>l.</strong></span> 
     </span>
    </p>
   </div>
   <div class='ocr_carea' id='block_1_73' title="bbox 574 3933 1890 3998">
    <p class='ocr_par' dir='ltr' id='par_1_73' title="bbox 574 3933 1890 3998">
     <span class='ocr_line' id='line_1_73' title="bbox 574 3933 1890 3998; baseline -0.003 -13"><span class='ocrx_word' id='word_1_491' title='bbox 574 3935 800 3998; x_wconf 88' lang='lat' dir='ltr'><strong>quidem</strong></span> <span class='ocrx_word' id='word_1_492' title='bbox 829 3940 1048 3985; x_wconf 91' lang='lat' dir='ltr'><strong>nostros</strong></span> <span class='ocrx_word' id='word_1_493' title='bbox 1077 3936 1168 3984; x_wconf 81' lang='lat' dir='ltr'><strong>Ar.</strong></span> <span class='ocrx_word' id='word_1_494' title='bbox 1198 3935 1342 3983; x_wconf 87' lang='lat' dir='ltr'><strong>Lam.</strong></span> <span class='ocrx_word' id='word_1_495' title='bbox 1372 3933 1499 3983; x_wconf 86' lang='lat' dir='ltr'><strong>Bod.</strong></span> <span class='ocrx_word' id='word_1_496' title='bbox 1524 3933 1633 3982; x_wconf 77' lang='grc' dir='ltr'><strong>ΝΟ.</strong></span> <span class='ocrx_word' id='word_1_497' title='bbox 1663 3935 1707 3982; x_wconf 93' lang='grc'><strong>1.</strong></span> <span class='ocrx_word' id='word_1_498' title='bbox 1741 3933 1890 3982; x_wconf 85' lang='lat' dir='ltr'><strong>Ebor.</strong></span> 
     </span>
    </p>
   </div>
   <div class='ocr_carea' id='block_1_74' title="bbox 574 4003 1725 4057">
    <p class='ocr_par' dir='ltr' id='par_1_74' title="bbox 574 4003 1725 4057">
     <span class='ocr_line' id='line_1_74' title="bbox 574 4003 1725 4057; baseline -0.007 1"><span class='ocrx_word' id='word_1_499' title='bbox 574 4007 618 4039; x_wconf 86' lang='grc'><strong>³⁹</strong></span> <span class='ocrx_word' id='word_1_500' title='bbox 639 4006 946 4057; x_wconf 89' lang='lat' dir='ltr'><strong>Consilium</strong></span> <span class='ocrx_word' id='word_1_501' title='bbox 975 4020 1162 4057; x_wconf 91' lang='lat' dir='ltr'><strong>meum</strong></span> <span class='ocrx_word' id='word_1_502' title='bbox 1193 4006 1332 4055; x_wconf 87' lang='lat' dir='ltr'><strong>Lam.</strong></span> <span class='ocrx_word' id='word_1_503' title='bbox 1364 4004 1518 4054; x_wconf 83' lang='lat' dir='ltr'><strong>EbOr.</strong></span> <span class='ocrx_word' id='word_1_504' title='bbox 1542 4004 1650 4054; x_wconf 82' lang='grc' dir='ltr'><strong>ΝΟ.</strong></span> <span class='ocrx_word' id='word_1_505' title='bbox 1678 4003 1725 4052; x_wconf 76' lang='grc'>2.</span> 
     </span>
    </p>
   </div>
   <div class='ocr_carea' id='block_1_75' title="bbox 2117 3861 3630 3926">
    <p class='ocr_par' dir='ltr' id='par_1_75' title="bbox 2117 3861 3630 3926">
     <span class='ocr_line' id='line_1_75' title="bbox 2117 3861 3630 3926; baseline -0.002 -13"><span class='ocrx_word' id='word_1_506' title='bbox 2117 3861 2157 3896; x_wconf 76' lang='grc'><strong>⁵⁸</strong></span> <span class='ocrx_word' id='word_1_507' title='bbox 2180 3863 2300 3914; x_wconf 87' lang='lat' dir='ltr'><strong>Hoc</strong></span> <span class='ocrx_word' id='word_1_508' title='bbox 2335 3865 2515 3926; x_wconf 88' lang='lat' dir='ltr'><strong>majus</strong></span> <span class='ocrx_word' id='word_1_509' title='bbox 2544 3863 2598 3911; x_wconf 92' lang='lat' dir='ltr'><strong>in</strong></span> <span class='ocrx_word' id='word_1_510' title='bbox 2628 3862 2715 3911; x_wconf 89' lang='lat' dir='ltr'><strong>his</strong></span> <span class='ocrx_word' id='word_1_511' title='bbox 2741 3863 2876 3911; x_wconf 84' lang='lat' dir='ltr'><strong>Lam.</strong></span> <span class='ocrx_word' id='word_1_512' title='bbox 2915 3862 3067 3911; x_wconf 84' lang='lat' dir='ltr'><strong>Ebor.</strong></span> <span class='ocrx_word' id='word_1_513' title='bbox 3100 3863 3207 3912; x_wconf 77' lang='grc' dir='ltr'><strong>ΝΟ.</strong></span> <span class='ocrx_word' id='word_1_514' title='bbox 3253 3865 3295 3912; x_wconf 88' lang='grc'><strong>1.</strong></span> <span class='ocrx_word' id='word_1_515' title='bbox 3329 3863 3458 3912; x_wconf 84' lang='lat' dir='ltr'><strong>Bod.</strong></span> <span class='ocrx_word' id='word_1_516' title='bbox 3499 3864 3547 3923; x_wconf 90' lang='grc'><strong>1,</strong></span> <span class='ocrx_word' id='word_1_517' title='bbox 3581 3864 3630 3912; x_wconf 75' lang='grc'>2.</span> 
     </span>
    </p>
   </div>
   <div class='ocr_carea' id='block_1_76' title="bbox 1819 3930 2197 4054">
    <p class='ocr_par' dir='ltr' id='par_1_76' title="bbox 1819 3934 2197 4054">
     <span class='ocr_line' id='line_1_76' title="bbox 1819 3934 2197 3984; baseline 0.005 -2"><span class='ocrx_word' id='word_1_518' title='bbox 1819 3949 1890 3982; x_wconf 88' lang='lat' dir='ltr'><strong>or.</strong></span> <span class='ocrx_word' id='word_1_519' title='bbox 1988 3934 2028 3967; x_wconf 80' lang='grc'><strong>⁵⁸</strong></span> <span class='ocrx_word' id='word_1_520' title='bbox 2057 3935 2197 3984; x_wconf 79' lang='lat' dir='ltr'><strong>Timt</strong></span> 
     </span>
     <span class='ocr_line' id='line_1_77' title="bbox 1819 4002 2197 4054; baseline -0.008 1"><span class='ocrx_word' id='word_1_521' title='bbox 1819 4003 1860 4036; x_wconf 85' lang='lat'><strong>&quot;</strong></span> <span class='ocrx_word' id='word_1_522' title='bbox 1892 4002 1984 4054; x_wconf 91' lang='lat' dir='ltr'><strong>Sic</strong></span> <span class='ocrx_word' id='word_1_523' title='bbox 2014 4003 2136 4053; x_wconf 85' lang='lat' dir='ltr'><strong>Bod.</strong></span> <span class='ocrx_word' id='word_1_524' title='bbox 2174 4003 2197 4052; x_wconf 72' lang='grc' dir='ltr'>Ξ</span> 
     </span>
    </p>
   </div>
   <div class='ocr_carea' id='block_1_77' title="bbox 2297 3930 3934 4054">
    <p class='ocr_par' dir='ltr' id='par_1_77' title="bbox 2297 3930 3934 3994">
     <span class='ocr_line' id='line_1_78' title="bbox 2297 3930 3934 3994; baseline -0.004 -12"><span class='ocrx_word' id='word_1_525' title='bbox 2297 3947 2336 3982; x_wconf 87' lang='lat' dir='ltr'><strong>n</strong></span> <span class='ocrx_word' id='word_1_526' title='bbox 2381 3933 2438 3982; x_wconf 90' lang='lat' dir='ltr'><strong>in</strong></span> <span class='ocrx_word' id='word_1_527' title='bbox 2482 3931 2878 3994; x_wconf 84' lang='lat' dir='ltr'><strong>satisfactione,</strong></span> <span class='ocrx_word' id='word_1_528' title='bbox 2917 3933 3006 3981; x_wconf 84' lang='lat' dir='ltr'><strong>Ar.</strong></span> <span class='ocrx_word' id='word_1_529' title='bbox 3041 3935 3181 3982; x_wconf 88' lang='lat' dir='ltr'><strong>Lam.</strong></span> <span class='ocrx_word' id='word_1_530' title='bbox 3215 3933 3337 3982; x_wconf 86' lang='lat' dir='ltr'><strong>Bod.</strong></span> <span class='ocrx_word' id='word_1_531' title='bbox 3382 3934 3435 3982; x_wconf 92' lang='grc'><strong>1.</strong></span> <span class='ocrx_word' id='word_1_532' title='bbox 3471 3933 3524 3982; x_wconf 72' lang='grc'>2.</span> <span class='ocrx_word' id='word_1_533' title='bbox 3561 3931 3718 3982; x_wconf 68' lang='lat' dir='ltr'><strong>liber.</strong></span> <span class='ocrx_word' id='word_1_534' title='bbox 3769 3932 3868 3980; x_wconf 80' lang='grc' dir='ltr'><strong>ΝΟ.</strong></span> <span class='ocrx_word' id='word_1_535' title='bbox 3896 3930 3934 3978; x_wconf 82' lang='grc'><strong>1.</strong></span> 
     </span>
    </p>
   </div>
   <div class='ocr_carea' id='block_1_78' title="bbox 1934 4016 2221 4053">
    <p class='ocr_par' dir='ltr' id='par_1_78' title="bbox 1934 4016 2221 4053">
     <span class='ocr_line' id='line_1_79' title="bbox 1934 4016 2221 4053; baseline -0.003 0"><span class='ocrx_word' id='word_1_536' title='bbox 1934 4016 1984 4053; x_wconf 80' lang='grc' dir='ltr'><strong>ιο</strong></span> <span class='ocrx_word' id='word_1_537' title='bbox 2014 4016 2136 4053; x_wconf 76' lang='lat' dir='ltr'><strong>Boa.</strong></span> <span class='ocrx_word' id='word_1_538' title='bbox 2174 4016 2221 4052; x_wconf 69' lang='grc'>2.</span> 
     </span>
    </p>
   </div>
   <div class='ocr_carea' id='block_1_79' title="bbox 2495 3789 3935 3922">
    <p class='ocr_par' dir='ltr' id='par_1_79' title="bbox 2495 3789 3935 3922">
     <span class='ocr_line' id='line_1_80' title="bbox 2495 3789 3933 3856; baseline -0.005 -13"><span class='ocrx_word' id='word_1_539' title='bbox 2495 3793 2535 3825; x_wconf 82' lang='grc'><strong>⁵⁴</strong></span> <span class='ocrx_word' id='word_1_540' title='bbox 2566 3792 2645 3842; x_wconf 90' lang='lat' dir='ltr'><strong>Ne</strong></span> <span class='ocrx_word' id='word_1_541' title='bbox 2679 3793 2723 3840; x_wconf 92' lang='lat' dir='ltr'><strong>si</strong></span> <span class='ocrx_word' id='word_1_542' title='bbox 2755 3795 2958 3843; x_wconf 86' lang='lat' dir='ltr'><strong>temere</strong></span> <span class='ocrx_word' id='word_1_543' title='bbox 2999 3807 3105 3855; x_wconf 85' lang='lat' dir='ltr'><strong>pax</strong></span> <span class='ocrx_word' id='word_1_544' title='bbox 3157 3797 3465 3856; x_wconf 80' lang='lat' dir='ltr'><strong>usurpatur</strong></span> <span class='ocrx_word' id='word_1_545' title='bbox 3506 3795 3602 3843; x_wconf 81' lang='lat' dir='ltr'><strong>Ar.</strong></span> <span class='ocrx_word' id='word_1_546' title='bbox 3635 3795 3773 3842; x_wconf 87' lang='lat' dir='ltr'><strong>Lam.</strong></span> <span class='ocrx_word' id='word_1_547' title='bbox 3800 3789 3933 3839; x_wconf 79' lang='lat' dir='ltr'><strong>Ebor.</strong></span> 
     </span>
     <span class='ocr_line' id='line_1_81' title="bbox 2495 3858 3935 3922; baseline -0.003 -11"><span class='ocrx_word' id='word_1_548' title='bbox 2495 3876 2515 3911; x_wconf 88' lang='lat' dir='ltr'><strong>s</strong></span> <span class='ocrx_word' id='word_1_549' title='bbox 2544 3863 2598 3911; x_wconf 92' lang='lat' dir='ltr'><strong>in</strong></span> <span class='ocrx_word' id='word_1_550' title='bbox 2628 3862 2715 3911; x_wconf 89' lang='lat' dir='ltr'><strong>his</strong></span> <span class='ocrx_word' id='word_1_551' title='bbox 2741 3863 2876 3911; x_wconf 84' lang='lat' dir='ltr'><strong>Lam.</strong></span> <span class='ocrx_word' id='word_1_552' title='bbox 2915 3862 3067 3911; x_wconf 84' lang='lat' dir='ltr'><strong>Ebor.</strong></span> <span class='ocrx_word' id='word_1_553' title='bbox 3100 3863 3207 3912; x_wconf 77' lang='grc' dir='ltr'><strong>ΝΟ.</strong></span> <span class='ocrx_word' id='word_1_554' title='bbox 3253 3865 3295 3912; x_wconf 88' lang='grc'><strong>1.</strong></span> <span class='ocrx_word' id='word_1_555' title='bbox 3329 3863 3458 3912; x_wconf 84' lang='lat' dir='ltr'><strong>Bod.</strong></span> <span class='ocrx_word' id='word_1_556' title='bbox 3499 3864 3547 3922; x_wconf 87' lang='grc'><strong>1,</strong></span> <span class='ocrx_word' id='word_1_557' title='bbox 3581 3864 3630 3912; x_wconf 75' lang='grc'>2.</span> <span class='ocrx_word' id='word_1_558' title='bbox 3723 3861 3762 3894; x_wconf 81' lang='grc'><em>⁵⁷</em></span> <span class='ocrx_word' id='word_1_559' title='bbox 3789 3858 3935 3922; x_wconf 89' lang='lat' dir='ltr'><strong>Quod</strong></span> 
     </span>
    </p>
   </div>
   <div class='ocr_carea' id='block_1_80' title="bbox 1852 4113 2634 4194">
    <p class='ocr_par' dir='ltr' id='par_1_80' title="bbox 1852 4113 2634 4194">
     <span class='ocr_line' id='line_1_82' title="bbox 1852 4113 2634 4194; baseline -0.005 -18"><span class='ocrx_word' id='word_1_560' title='bbox 1852 4113 2073 4194; x_wconf 90' lang='lat' dir='ltr'><strong>Steph.</strong></span> <span class='ocrx_word' id='word_1_561' title='bbox 2137 4113 2384 4177; x_wconf 90' lang='lat' dir='ltr'><strong>Baluzii</strong></span> <span class='ocrx_word' id='word_1_562' title='bbox 2437 4117 2634 4176; x_wconf 84' lang='lat' dir='ltr'><strong>nota.</strong></span> 
     </span>
    </p>
   </div>
   <div class='ocr_carea' id='block_1_81' title="bbox 631 4267 2197 4333">
    <p class='ocr_par' dir='ltr' id='par_1_81' title="bbox 631 4267 2197 4333">
     <span class='ocr_line' id='line_1_83' title="bbox 631 4267 2197 4333; baseline 0 -13"><span class='ocrx_word' id='word_1_563' title='bbox 631 4267 728 4333; x_wconf 72' lang='lat' dir='ltr'><strong>(2i)</strong></span> <span class='ocrx_word' id='word_1_564' title='bbox 761 4267 1024 4331; x_wconf 79' lang='lat' dir='ltr'><strong>Properat.</strong></span> <span class='ocrx_word' id='word_1_565' title='bbox 1065 4269 1146 4317; x_wconf 88' lang='lat' dir='ltr'><strong>Ita</strong></span> <span class='ocrx_word' id='word_1_566' title='bbox 1182 4267 1463 4319; x_wconf 86' lang='lat' dir='ltr'><strong>Manutius</strong></span> <span class='ocrx_word' id='word_1_567' title='bbox 1486 4272 1540 4318; x_wconf 89' lang='lat' dir='ltr'><strong>et</strong></span> <span class='ocrx_word' id='word_1_568' title='bbox 1568 4269 1660 4318; x_wconf 89' lang='lat' dir='ltr'><strong>alii</strong></span> <span class='ocrx_word' id='word_1_569' title='bbox 1687 4272 1808 4332; x_wconf 89' lang='lat' dir='ltr'><strong>post</strong></span> <span class='ocrx_word' id='word_1_570' title='bbox 1834 4281 1982 4318; x_wconf 90' lang='lat' dir='ltr'><strong>eum.</strong></span> <span class='ocrx_word' id='word_1_571' title='bbox 2016 4269 2197 4333; x_wconf 86' lang='lat' dir='ltr'><strong>Supe-</strong></span> 
     </span>
    </p>
   </div>
   <div class='ocr_carea' id='block_1_82' title="bbox 563 4338 1479 4404">
    <p class='ocr_par' dir='ltr' id='par_1_82' title="bbox 563 4338 1479 4404">
     <span class='ocr_line' id='line_1_84' title="bbox 563 4338 1479 4404; baseline -0.005 -11"><span class='ocrx_word' id='word_1_572' title='bbox 563 4338 737 4393; x_wconf 83' lang='lat' dir='ltr'><strong>riores</strong></span> <span class='ocrx_word' id='word_1_573' title='bbox 766 4339 1038 4390; x_wconf 87' lang='lat' dir='ltr'><strong>editiones</strong></span> <span class='ocrx_word' id='word_1_574' title='bbox 1063 4341 1273 4391; x_wconf 88' lang='lat' dir='ltr'><strong>habent</strong></span> <span class='ocrx_word' id='word_1_575' title='bbox 1296 4345 1479 4404; x_wconf 77' lang='lat' dir='ltr'><strong>potest.</strong></span> 
     </span>
    </p>
   </div>
   <div class='ocr_carea' id='block_1_83' title="bbox 627 4411 2195 4478">
    <p class='ocr_par' dir='ltr' id='par_1_83' title="bbox 627 4411 2195 4478">
     <span class='ocr_line' id='line_1_85' title="bbox 627 4411 2195 4478; baseline 0.001 -17"><span class='ocrx_word' id='word_1_576' title='bbox 627 4413 726 4475; x_wconf 70' lang='lat'><strong>(22)</strong></span> <span class='ocrx_word' id='word_1_577' title='bbox 754 4411 819 4460; x_wconf 85' lang='lat' dir='ltr'><strong>Et</strong></span> <span class='ocrx_word' id='word_1_578' title='bbox 868 4415 1097 4460; x_wconf 76' lang='lat' dir='ltr'><strong>vestram</strong></span> <span class='ocrx_word' id='word_1_579' title='bbox 1142 4425 1351 4475; x_wconf 85' lang='lat' dir='ltr'><strong>quoque</strong></span> <span class='ocrx_word' id='word_1_580' title='bbox 1395 4414 1728 4462; x_wconf 77' lang='lat' dir='ltr'><strong>sententiam.</strong></span> <span class='ocrx_word' id='word_1_581' title='bbox 1779 4414 1899 4463; x_wconf 84' lang='lat' dir='ltr'><strong>Hoc</strong></span> <span class='ocrx_word' id='word_1_582' title='bbox 1940 4426 2195 4478; x_wconf 86' lang='lat' dir='ltr'><strong>segmen-</strong></span> 
     </span>
    </p>
   </div>
   <div class='ocr_carea' id='block_1_84' title="bbox 567 4482 2194 4546">
    <p class='ocr_par' dir='ltr' id='par_1_84' title="bbox 567 4482 2194 4546">
     <span class='ocr_line' id='line_1_86' title="bbox 567 4482 2194 4546; baseline -0.001 -12"><span class='ocrx_word' id='word_1_583' title='bbox 567 4487 704 4543; x_wconf 89' lang='lat' dir='ltr'><strong>tum,</strong></span> <span class='ocrx_word' id='word_1_584' title='bbox 734 4482 884 4546; x_wconf 91' lang='lat' dir='ltr'><strong>quod</strong></span> <span class='ocrx_word' id='word_1_585' title='bbox 911 4486 1087 4532; x_wconf 84' lang='lat' dir='ltr'><strong>exstat</strong></span> <span class='ocrx_word' id='word_1_586' title='bbox 1115 4483 1171 4532; x_wconf 93' lang='lat' dir='ltr'><strong>in</strong></span> <span class='ocrx_word' id='word_1_587' title='bbox 1203 4483 1538 4533; x_wconf 90' lang='lat' dir='ltr'><strong>editionibus</strong></span> <span class='ocrx_word' id='word_1_588' title='bbox 1580 4484 1810 4533; x_wconf 88' lang='lat' dir='ltr'><strong>Manutii</strong></span> <span class='ocrx_word' id='word_1_589' title='bbox 1856 4490 1910 4534; x_wconf 91' lang='lat' dir='ltr'><strong>et</strong></span> <span class='ocrx_word' id='word_1_590' title='bbox 1946 4483 2194 4543; x_wconf 85' lang='lat' dir='ltr'><strong>Morellii,</strong></span> 
     </span>
    </p>
   </div>
   <div class='ocr_carea' id='block_1_85' title="bbox 2298 4264 3937 4332">
    <p class='ocr_par' dir='ltr' id='par_1_85' title="bbox 2298 4264 3937 4332">
     <span class='ocr_line' id='line_1_87' title="bbox 2298 4264 3937 4332; baseline -0.004 -14"><span class='ocrx_word' id='word_1_591' title='bbox 2298 4268 2502 4319; x_wconf 89' lang='lat' dir='ltr'><strong>debere</strong></span> <span class='ocrx_word' id='word_1_592' title='bbox 2531 4267 2768 4332; x_wconf 89' lang='lat' dir='ltr'><strong>intelligi</strong></span> <span class='ocrx_word' id='word_1_593' title='bbox 2795 4268 2864 4318; x_wconf 91' lang='lat' dir='ltr'><strong>de</strong></span> <span class='ocrx_word' id='word_1_594' title='bbox 2894 4269 3134 4318; x_wconf 89' lang='lat' dir='ltr'><strong>concilio</strong></span> <span class='ocrx_word' id='word_1_595' title='bbox 3165 4267 3309 4331; x_wconf 88' lang='lat' dir='ltr'><strong>apud</strong></span> <span class='ocrx_word' id='word_1_596' title='bbox 3333 4267 3604 4332; x_wconf 88' lang='lat' dir='ltr'><strong>Capuam</strong></span> <span class='ocrx_word' id='word_1_597' title='bbox 3631 4264 3937 4329; x_wconf 88' lang='lat' dir='ltr'><strong>Campania</strong></span> 
     </span>
    </p>
   </div>
   <div class='ocr_carea' id='block_1_86' title="bbox 2298 4335 3940 4390">
    <p class='ocr_par' dir='ltr' id='par_1_86' title="bbox 2298 4335 3940 4390">
     <span class='ocr_line' id='line_1_88' title="bbox 2298 4335 3940 4390; baseline -0.002 -4"><span class='ocrx_word' id='word_1_598' title='bbox 2298 4338 2489 4388; x_wconf 88' lang='lat' dir='ltr'><strong>habito</strong></span> <span class='ocrx_word' id='word_1_599' title='bbox 2541 4340 2597 4388; x_wconf 90' lang='lat' dir='ltr'><strong>in</strong></span> <span class='ocrx_word' id='word_1_600' title='bbox 2651 4352 2820 4389; x_wconf 89' lang='lat' dir='ltr'><strong>causa</strong></span> <span class='ocrx_word' id='word_1_601' title='bbox 2869 4339 3122 4390; x_wconf 90' lang='lat' dir='ltr'><strong>ecclesia</strong></span> <span class='ocrx_word' id='word_1_602' title='bbox 3175 4340 3560 4390; x_wconf 85' lang='lat' dir='ltr'><strong>Antiochena</strong></span> <span class='ocrx_word' id='word_1_603' title='bbox 3633 4345 3689 4390; x_wconf 91' lang='lat' dir='ltr'><strong>et</strong></span> <span class='ocrx_word' id='word_1_604' title='bbox 3757 4335 3940 4388; x_wconf 90' lang='lat' dir='ltr'><strong>Bonosi</strong></span> 
     </span>
    </p>
   </div>
   <div class='ocr_carea' id='block_1_87' title="bbox 2297 4407 3940 4474">
    <p class='ocr_par' dir='ltr' id='par_1_87' title="bbox 2297 4407 3940 4474">
     <span class='ocr_line' id='line_1_89' title="bbox 2297 4407 3940 4474; baseline -0.004 -15"><span class='ocrx_word' id='word_1_605' title='bbox 2297 4410 2544 4473; x_wconf 88' lang='lat' dir='ltr'><strong>episcopi</strong></span> <span class='ocrx_word' id='word_1_606' title='bbox 2595 4409 2912 4461; x_wconf 88' lang='lat' dir='ltr'><strong>Macedonis</strong></span> <span class='ocrx_word' id='word_1_607' title='bbox 2980 4412 3232 4474; x_wconf 83' lang='lat' dir='ltr'><strong>negantis</strong></span> <span class='ocrx_word' id='word_1_608' title='bbox 3308 4412 3713 4474; x_wconf 86' lang='lat' dir='ltr'><strong>virginitatem</strong></span> <span class='ocrx_word' id='word_1_609' title='bbox 3769 4407 3940 4458; x_wconf 82' lang='lat' dir='ltr'><strong>Matris</strong></span> 
     </span>
    </p>
   </div>
   <div class='ocr_carea' id='block_1_88' title="bbox 2300 4480 3941 4546">
    <p class='ocr_par' dir='ltr' id='par_1_88' title="bbox 2300 4480 3941 4546">
     <span class='ocr_line' id='line_1_90' title="bbox 2300 4480 3941 4546; baseline -0.003 -17"><span class='ocrx_word' id='word_1_610' title='bbox 2300 4481 2540 4541; x_wconf 91' lang='lat' dir='ltr'><strong>Domini,</strong></span> <span class='ocrx_word' id='word_1_611' title='bbox 2572 4482 2670 4532; x_wconf 86' lang='lat' dir='ltr'><strong>sed</strong></span> <span class='ocrx_word' id='word_1_612' title='bbox 2711 4481 2780 4532; x_wconf 89' lang='lat' dir='ltr'><strong>de</strong></span> <span class='ocrx_word' id='word_1_613' title='bbox 2828 4481 3068 4546; x_wconf 88' lang='lat' dir='ltr'><strong>quadam</strong></span> <span class='ocrx_word' id='word_1_614' title='bbox 3117 4482 3364 4544; x_wconf 86' lang='lat' dir='ltr'><strong>plenaria</strong></span> <span class='ocrx_word' id='word_1_615' title='bbox 3412 4481 3646 4544; x_wconf 80' lang='lat' dir='ltr'><strong>synodo</strong></span> <span class='ocrx_word' id='word_1_616' title='bbox 3701 4480 3941 4530; x_wconf 84' lang='lat' dir='ltr'><strong>Africana</strong></span> 
     </span>
    </p>
   </div>
   <div class='ocr_carea' id='block_1_89' title="bbox 567 4529 3944 4619">
    <p class='ocr_par' dir='ltr' id='par_1_89' title="bbox 567 4529 3944 4619">
     <span class='ocr_line' id='line_1_91' title="bbox 567 4529 3944 4619; baseline -0.002 -15"><span class='ocrx_word' id='word_1_617' title='bbox 741 4529 883 4602; x_wconf 26' lang='lat' dir='ltr'><strong>incisi</strong></span> <span class='ocrx_word' id='word_1_618' title='bbox 1862 4529 2199 4606; x_wconf 31' lang='lat' dir='ltr'><strong>libris—aint;</strong></span> <span class='ocrx_word' id='word_1_619' title='bbox 2219 4529 2278 4599; x_wconf 72' lang='grc' dir='ltr'><strong>Ι)</strong></span> <span class='ocrx_word' id='word_1_620' title='bbox 2301 4550 2485 4600; x_wconf 84' lang='lat' dir='ltr'><strong>habita</strong></span> <span class='ocrx_word' id='word_1_621' title='bbox 2529 4529 2682 4614; x_wconf 65' lang='lat' dir='ltr'><strong>apud</strong></span> <span class='ocrx_word' id='word_1_622' title='bbox 3021 4529 3227 4602; x_wconf 29' lang='lat' dir='ltr'><strong>&quot;1135c</strong></span> <span class='ocrx_word' id='word_1_623' title='bbox 3726 4529 3741 4530; x_wconf 22' lang='grc' dir='ltr'><em>Π</em></span> <span class='ocrx_word' id='word_1_624' title='bbox 3768 4554 3944 4614; x_wconf 84' lang='lat' dir='ltr'><strong>juvare</strong></span> 
     </span>
    </p>
   </div>
   <div class='ocr_carea' id='block_1_90' title="bbox 565 4624 2197 4690">
    <p class='ocr_par' dir='ltr' id='par_1_90' title="bbox 565 4624 2197 4690">
     <span class='ocr_line' id='line_1_92' title="bbox 565 4624 2197 4690; baseline 0 -16"><span class='ocrx_word' id='word_1_625' title='bbox 565 4625 710 4690; x_wconf 85' lang='lat' dir='ltr'><strong>quis,</strong></span> <span class='ocrx_word' id='word_1_626' title='bbox 766 4624 1006 4674; x_wconf 87' lang='lat' dir='ltr'><strong>retinere</strong></span> <span class='ocrx_word' id='word_1_627' title='bbox 1059 4625 1283 4687; x_wconf 88' lang='lat' dir='ltr'><strong>placuit.</strong></span> <span class='ocrx_word' id='word_1_628' title='bbox 1325 4625 1603 4675; x_wconf 89' lang='lat' dir='ltr'><strong>Pamelius</strong></span> <span class='ocrx_word' id='word_1_629' title='bbox 1650 4629 1939 4690; x_wconf 79' lang='lat' dir='ltr'><strong>expunxit,</strong></span> <span class='ocrx_word' id='word_1_630' title='bbox 1988 4627 2197 4690; x_wconf 88' lang='lat' dir='ltr'><strong>profes-</strong></span> 
     </span>
    </p>
   </div>
   <div class='ocr_carea' id='block_1_91' title="bbox 565 4695 2198 4761">
    <p class='ocr_par' dir='ltr' id='par_1_91' title="bbox 565 4695 2198 4761">
     <span class='ocr_line' id='line_1_93' title="bbox 565 4695 2198 4761; baseline -0.001 -15"><span class='ocrx_word' id='word_1_631' title='bbox 565 4709 662 4746; x_wconf 87' lang='lat' dir='ltr'><strong>sus</strong></span> <span class='ocrx_word' id='word_1_632' title='bbox 713 4708 772 4746; x_wconf 90' lang='lat' dir='ltr'><strong>se</strong></span> <span class='ocrx_word' id='word_1_633' title='bbox 821 4695 893 4744; x_wconf 88' lang='lat' dir='ltr'><strong>ita</strong></span> <span class='ocrx_word' id='word_1_634' title='bbox 951 4695 1132 4745; x_wconf 88' lang='lat' dir='ltr'><strong>facere</strong></span> <span class='ocrx_word' id='word_1_635' title='bbox 1173 4697 1302 4758; x_wconf 85' lang='lat' dir='ltr'><strong>quia</strong></span> <span class='ocrx_word' id='word_1_636' title='bbox 1355 4697 1607 4759; x_wconf 88' lang='lat' dir='ltr'><strong>nuspiam</strong></span> <span class='ocrx_word' id='word_1_637' title='bbox 1662 4698 1808 4759; x_wconf 86' lang='lat' dir='ltr'><strong>apud</strong></span> <span class='ocrx_word' id='word_1_638' title='bbox 1857 4697 2198 4761; x_wconf 87' lang='lat' dir='ltr'><strong>Cyprianum</strong></span> 
     </span>
    </p>
   </div>
   <div class='ocr_carea' id='block_1_92' title="bbox 564 4765 2201 4831">
    <p class='ocr_par' dir='ltr' id='par_1_92' title="bbox 564 4765 2201 4831">
     <span class='ocr_line' id='line_1_94' title="bbox 564 4765 2201 4831; baseline 0.001 -15"><span class='ocrx_word' id='word_1_639' title='bbox 564 4769 781 4816; x_wconf 89' lang='lat' dir='ltr'><strong>tantum</strong></span> <span class='ocrx_word' id='word_1_640' title='bbox 834 4765 1175 4815; x_wconf 86' lang='lat' dir='ltr'><strong>auctoritatis</strong></span> <span class='ocrx_word' id='word_1_641' title='bbox 1226 4767 1374 4829; x_wconf 90' lang='lat' dir='ltr'><strong>plebi</strong></span> <span class='ocrx_word' id='word_1_642' title='bbox 1440 4767 1711 4817; x_wconf 89' lang='lat' dir='ltr'><strong>tributum</strong></span> <span class='ocrx_word' id='word_1_643' title='bbox 1782 4769 2086 4831; x_wconf 88' lang='lat' dir='ltr'><strong>reperiebat</strong></span> <span class='ocrx_word' id='word_1_644' title='bbox 2139 4772 2201 4817; x_wconf 89' lang='lat' dir='ltr'><strong>ut</strong></span> 
     </span>
    </p>
   </div>
   <div class='ocr_carea' id='block_1_93' title="bbox 565 4837 2201 4903">
    <p class='ocr_par' dir='ltr' id='par_1_93' title="bbox 565 4837 2201 4903">
     <span class='ocr_line' id='line_1_95' title="bbox 565 4837 2201 4903; baseline 0 -15"><span class='ocrx_word' id='word_1_645' title='bbox 565 4838 896 4888; x_wconf 87' lang='lat' dir='ltr'><strong>sententiam</strong></span> <span class='ocrx_word' id='word_1_646' title='bbox 931 4837 1011 4886; x_wconf 89' lang='lat' dir='ltr'><strong>illi</strong></span> <span class='ocrx_word' id='word_1_647' title='bbox 1042 4837 1228 4888; x_wconf 88' lang='lat' dir='ltr'><strong>dicere</strong></span> <span class='ocrx_word' id='word_1_648' title='bbox 1261 4838 1551 4900; x_wconf 89' lang='lat' dir='ltr'><strong>permittat.</strong></span> <span class='ocrx_word' id='word_1_649' title='bbox 1589 4841 1647 4888; x_wconf 88' lang='lat' dir='ltr'><strong>In</strong></span> <span class='ocrx_word' id='word_1_650' title='bbox 1688 4853 1798 4903; x_wconf 90' lang='lat' dir='ltr'><strong>quo</strong></span> <span class='ocrx_word' id='word_1_651' title='bbox 1843 4841 2043 4890; x_wconf 90' lang='lat' dir='ltr'><strong>falsum</strong></span> <span class='ocrx_word' id='word_1_652' title='bbox 2078 4851 2201 4890; x_wconf 89' lang='lat' dir='ltr'><strong>esse</strong></span> 
     </span>
    </p>
   </div>
   <div class='ocr_carea' id='block_1_94' title="bbox 564 4908 2200 4974">
    <p class='ocr_par' dir='ltr' id='par_1_94' title="bbox 564 4908 2200 4974">
     <span class='ocr_line' id='line_1_96' title="bbox 564 4908 2200 4974; baseline 0.002 -16"><span class='ocrx_word' id='word_1_653' title='bbox 564 4909 875 4958; x_wconf 88' lang='lat' dir='ltr'><strong>Pamelium</strong></span> <span class='ocrx_word' id='word_1_654' title='bbox 901 4909 1075 4972; x_wconf 89' lang='lat' dir='ltr'><strong>liquet</strong></span> <span class='ocrx_word' id='word_1_655' title='bbox 1119 4923 1188 4959; x_wconf 83' lang='lat' dir='ltr'><strong>ex</strong></span> <span class='ocrx_word' id='word_1_656' title='bbox 1231 4908 1317 4958; x_wconf 89' lang='lat' dir='ltr'><strong>his</strong></span> <span class='ocrx_word' id='word_1_657' title='bbox 1347 4922 1472 4972; x_wconf 89' lang='lat' dir='ltr'><strong>qua</strong></span> <span class='ocrx_word' id='word_1_658' title='bbox 1513 4909 1660 4959; x_wconf 87' lang='lat' dir='ltr'><strong>dicta</strong></span> <span class='ocrx_word' id='word_1_659' title='bbox 1697 4915 1828 4959; x_wconf 92' lang='lat' dir='ltr'><strong>sunt</strong></span> <span class='ocrx_word' id='word_1_660' title='bbox 1871 4912 2034 4974; x_wconf 88' lang='lat' dir='ltr'><strong>paulo</strong></span> <span class='ocrx_word' id='word_1_661' title='bbox 2074 4914 2200 4961; x_wconf 87' lang='lat' dir='ltr'><strong>ante</strong></span> 
     </span>
    </p>
   </div>
   <div class='ocr_carea' id='block_1_95' title="bbox 566 4979 2202 5046">
    <p class='ocr_par' dir='ltr' id='par_1_95' title="bbox 566 4979 2202 5046">
     <span class='ocr_line' id='line_1_97' title="bbox 566 4979 2202 5046; baseline -0.001 -17"><span class='ocrx_word' id='word_1_662' title='bbox 566 4982 622 5029; x_wconf 86' lang='lat' dir='ltr'><strong>et</strong></span> <span class='ocrx_word' id='word_1_663' title='bbox 679 4992 747 5029; x_wconf 84' lang='lat' dir='ltr'><strong>ex</strong></span> <span class='ocrx_word' id='word_1_664' title='bbox 803 4979 1056 5042; x_wconf 90' lang='lat' dir='ltr'><strong>pluribus</strong></span> <span class='ocrx_word' id='word_1_665' title='bbox 1108 4981 1231 5029; x_wconf 88' lang='lat' dir='ltr'><strong>aliis</strong></span> <span class='ocrx_word' id='word_1_666' title='bbox 1279 4980 1418 5030; x_wconf 91' lang='lat' dir='ltr'><strong>locis</strong></span> <span class='ocrx_word' id='word_1_667' title='bbox 1465 4982 1642 5031; x_wconf 91' lang='lat' dir='ltr'><strong>sancti</strong></span> <span class='ocrx_word' id='word_1_668' title='bbox 1704 4984 1976 5046; x_wconf 88' lang='lat' dir='ltr'><strong>martyris.</strong></span> <span class='ocrx_word' id='word_1_669' title='bbox 2036 4983 2202 5032; x_wconf 85' lang='lat' dir='ltr'><strong>Miror</strong></span> 
     </span>
    </p>
   </div>
   <div class='ocr_carea' id='block_1_96' title="bbox 567 5050 2200 5115">
    <p class='ocr_par' dir='ltr' id='par_1_96' title="bbox 567 5050 2200 5115">
     <span class='ocr_line' id='line_1_98' title="bbox 567 5050 2200 5115; baseline 0.001 -17"><span class='ocrx_word' id='word_1_670' title='bbox 567 5053 750 5100; x_wconf 86' lang='lat' dir='ltr'><strong>autem</strong></span> <span class='ocrx_word' id='word_1_671' title='bbox 799 5050 1101 5114; x_wconf 88' lang='lat' dir='ltr'><strong>Rigaltium</strong></span> <span class='ocrx_word' id='word_1_672' title='bbox 1149 5052 1402 5101; x_wconf 89' lang='lat' dir='ltr'><strong>omisisse</strong></span> <span class='ocrx_word' id='word_1_673' title='bbox 1447 5051 1553 5102; x_wconf 91' lang='lat' dir='ltr'><strong>hoc</strong></span> <span class='ocrx_word' id='word_1_674' title='bbox 1599 5057 1946 5115; x_wconf 87' lang='lat' dir='ltr'><strong>segmentum</strong></span> <span class='ocrx_word' id='word_1_675' title='bbox 1994 5067 2050 5102; x_wconf 70' lang='lat' dir='ltr'><strong>in</strong></span> <span class='ocrx_word' id='word_1_676' title='bbox 2099 5065 2200 5103; x_wconf 90' lang='lat' dir='ltr'><strong>sua</strong></span> 
     </span>
    </p>
   </div>
   <div class='ocr_carea' id='block_1_97' title="bbox 567 5118 2202 5186">
    <p class='ocr_par' dir='ltr' id='par_1_97' title="bbox 567 5118 2202 5186">
     <span class='ocr_line' id='line_1_99' title="bbox 567 5118 2202 5186; baseline 0.004 -18"><span class='ocrx_word' id='word_1_677' title='bbox 567 5118 826 5170; x_wconf 89' lang='lat' dir='ltr'><strong>editione.</strong></span> <span class='ocrx_word' id='word_1_678' title='bbox 862 5120 1029 5170; x_wconf 85' lang='lat' dir='ltr'><strong>Miror</strong></span> <span class='ocrx_word' id='word_1_679' title='bbox 1053 5123 1219 5171; x_wconf 88' lang='lat' dir='ltr'><strong>etiam</strong></span> <span class='ocrx_word' id='word_1_680' title='bbox 1263 5123 1496 5185; x_wconf 82' lang='lat' dir='ltr'><strong>Anglos,</strong></span> <span class='ocrx_word' id='word_1_681' title='bbox 1557 5125 1652 5186; x_wconf 90' lang='lat' dir='ltr'><strong>qui</strong></span> <span class='ocrx_word' id='word_1_682' title='bbox 1688 5124 1826 5173; x_wconf 90' lang='lat' dir='ltr'><strong>illud</strong></span> <span class='ocrx_word' id='word_1_683' title='bbox 1876 5127 2202 5176; x_wconf 86' lang='lat' dir='ltr'><strong>invenerant</strong></span> 
     </span>
    </p>
   </div>
   <div class='ocr_carea' id='block_1_98' title="bbox 566 5191 2202 5250">
    <p class='ocr_par' dir='ltr' id='par_1_98' title="bbox 566 5191 2202 5250">
     <span class='ocr_line' id='line_1_100' title="bbox 566 5191 2202 5250; baseline 0.003 -10"><span class='ocrx_word' id='word_1_684' title='bbox 566 5191 625 5240; x_wconf 90' lang='lat' dir='ltr'><strong>in</strong></span> <span class='ocrx_word' id='word_1_685' title='bbox 659 5193 775 5240; x_wconf 89' lang='lat' dir='ltr'><strong>suis</strong></span> <span class='ocrx_word' id='word_1_686' title='bbox 799 5191 1104 5250; x_wconf 88' lang='lat' dir='ltr'><strong>codicibus,</strong></span> <span class='ocrx_word' id='word_1_687' title='bbox 1147 5193 1286 5242; x_wconf 89' lang='lat' dir='ltr'><strong>illud</strong></span> <span class='ocrx_word' id='word_1_688' title='bbox 1340 5193 1705 5244; x_wconf 86' lang='lat' dir='ltr'><strong>nihilominus</strong></span> <span class='ocrx_word' id='word_1_689' title='bbox 1748 5196 2016 5246; x_wconf 90' lang='lat' dir='ltr'><strong>omisisse.</strong></span> <span class='ocrx_word' id='word_1_690' title='bbox 2062 5197 2202 5245; x_wconf 90' lang='lat' dir='ltr'><strong>Puto</strong></span> 
     </span>
    </p>
   </div>
   <div class='ocr_carea' id='block_1_99' title="bbox 566 5261 2203 5327">
    <p class='ocr_par' dir='ltr' id='par_1_99' title="bbox 566 5261 2203 5327">
     <span class='ocr_line' id='line_1_101' title="bbox 566 5261 2203 5327; baseline 0.003 -17"><span class='ocrx_word' id='word_1_691' title='bbox 566 5265 753 5320; x_wconf 84' lang='lat' dir='ltr'><strong>autem</strong></span> <span class='ocrx_word' id='word_1_692' title='bbox 811 5261 935 5311; x_wconf 84' lang='lat' dir='ltr'><strong>illos</strong></span> <span class='ocrx_word' id='word_1_693' title='bbox 991 5262 1242 5313; x_wconf 90' lang='lat' dir='ltr'><strong>omisisse</strong></span> <span class='ocrx_word' id='word_1_694' title='bbox 1301 5264 1430 5327; x_wconf 86' lang='lat' dir='ltr'><strong>quia</strong></span> <span class='ocrx_word' id='word_1_695' title='bbox 1474 5265 1920 5316; x_wconf 87' lang='lat' dir='ltr'><strong>incommodabat</strong></span> <span class='ocrx_word' id='word_1_696' title='bbox 1967 5279 2203 5316; x_wconf 88' lang='lat' dir='ltr'><strong>censura</strong></span> 
     </span>
    </p>
   </div>
   <div class='ocr_carea' id='block_1_100' title="bbox 566 5333 2201 5396">
    <p class='ocr_par' dir='ltr' id='par_1_100' title="bbox 566 5333 2201 5396">
     <span class='ocr_line' id='line_1_102' title="bbox 566 5333 2201 5396; baseline 0.002 -14"><span class='ocrx_word' id='word_1_697' title='bbox 566 5345 736 5396; x_wconf 89' lang='lat' dir='ltr'><strong>quam</strong></span> <span class='ocrx_word' id='word_1_698' title='bbox 821 5333 925 5394; x_wconf 89' lang='lat' dir='ltr'><strong>ipsi</strong></span> <span class='ocrx_word' id='word_1_699' title='bbox 992 5333 1343 5396; x_wconf 90' lang='lat' dir='ltr'><strong>protulerunt</strong></span> <span class='ocrx_word' id='word_1_700' title='bbox 1411 5334 1680 5386; x_wconf 88' lang='lat' dir='ltr'><strong>adversus</strong></span> <span class='ocrx_word' id='word_1_701' title='bbox 1756 5338 2201 5388; x_wconf 89' lang='lat' dir='ltr'><strong>observationem</strong></span> 
     </span>
    </p>
   </div>
   <div class='ocr_carea' id='block_1_101' title="bbox 566 5401 2200 5469">
    <p class='ocr_par' dir='ltr' id='par_1_101' title="bbox 566 5401 2200 5469">
     <span class='ocr_line' id='line_1_103' title="bbox 566 5401 2200 5469; baseline 0.002 -16"><span class='ocrx_word' id='word_1_702' title='bbox 566 5401 791 5467; x_wconf 82' lang='lat' dir='ltr'><strong>Rigaltii</strong></span> <span class='ocrx_word' id='word_1_703' title='bbox 825 5402 893 5453; x_wconf 88' lang='lat' dir='ltr'><strong>de</strong></span> <span class='ocrx_word' id='word_1_704' title='bbox 926 5402 1188 5468; x_wconf 69' lang='lat' dir='ltr'><strong>suffragio</strong></span> <span class='ocrx_word' id='word_1_705' title='bbox 1216 5404 1394 5469; x_wconf 88' lang='lat' dir='ltr'><strong>plebis</strong></span> <span class='ocrx_word' id='word_1_706' title='bbox 1438 5407 1496 5454; x_wconf 92' lang='lat' dir='ltr'><strong>in</strong></span> <span class='ocrx_word' id='word_1_707' title='bbox 1526 5407 1752 5469; x_wconf 89' lang='lat' dir='ltr'><strong>judiciis</strong></span> <span class='ocrx_word' id='word_1_708' title='bbox 1792 5408 2200 5458; x_wconf 87' lang='lat' dir='ltr'><strong>ecclesiasticis.</strong></span> 
     </span>
    </p>
   </div>
   <div class='ocr_carea' id='block_1_102' title="bbox 569 5472 1900 5538">
    <p class='ocr_par' dir='ltr' id='par_1_102' title="bbox 569 5472 1900 5538">
     <span class='ocr_line' id='line_1_104' title="bbox 569 5472 1900 5538; baseline 0.001 -14"><span class='ocrx_word' id='word_1_709' title='bbox 569 5472 853 5524; x_wconf 89' lang='lat' dir='ltr'><strong>Omissum</strong></span> <span class='ocrx_word' id='word_1_710' title='bbox 879 5486 1101 5538; x_wconf 88' lang='lat' dir='ltr'><strong>quoque</strong></span> <span class='ocrx_word' id='word_1_711' title='bbox 1129 5481 1213 5525; x_wconf 87' lang='lat' dir='ltr'><strong>est</strong></span> <span class='ocrx_word' id='word_1_712' title='bbox 1239 5477 1293 5524; x_wconf 91' lang='lat' dir='ltr'><strong>in</strong></span> <span class='ocrx_word' id='word_1_713' title='bbox 1323 5475 1566 5526; x_wconf 89' lang='lat' dir='ltr'><strong>editione</strong></span> <span class='ocrx_word' id='word_1_714' title='bbox 1597 5477 1900 5528; x_wconf 87' lang='lat' dir='ltr'><strong>Reinharti.</strong></span> 
     </span>
    </p>
   </div>
   <div class='ocr_carea' id='block_1_103' title="bbox 627 5545 2205 5614">
    <p class='ocr_par' dir='ltr' id='par_1_103' title="bbox 627 5545 2205 5614">
     <span class='ocr_line' id='line_1_105' title="bbox 627 5545 2205 5614; baseline 0.004 -22"><span class='ocrx_word' id='word_1_715' title='bbox 627 5545 724 5606; x_wconf 65' lang='lat'><strong>(£3)</strong></span> <span class='ocrx_word' id='word_1_716' title='bbox 770 5545 831 5593; x_wconf 86' lang='lat' dir='ltr'><strong>In</strong></span> <span class='ocrx_word' id='word_1_717' title='bbox 879 5547 1047 5594; x_wconf 90' lang='lat' dir='ltr'><strong>veteri</strong></span> <span class='ocrx_word' id='word_1_718' title='bbox 1087 5545 1280 5596; x_wconf 89' lang='lat' dir='ltr'><strong>codice</strong></span> <span class='ocrx_word' id='word_1_719' title='bbox 1319 5560 1421 5595; x_wconf 91' lang='lat' dir='ltr'><strong>ms.</strong></span> <span class='ocrx_word' id='word_1_720' title='bbox 1466 5549 1784 5598; x_wconf 89' lang='lat' dir='ltr'><strong>monasterii</strong></span> <span class='ocrx_word' id='word_1_721' title='bbox 1833 5551 2007 5600; x_wconf 88' lang='lat' dir='ltr'><strong>sancti</strong></span> <span class='ocrx_word' id='word_1_722' title='bbox 2043 5550 2205 5614; x_wconf 91' lang='lat' dir='ltr'><strong>Eligii</strong></span> 
     </span>
    </p>
   </div>
   <div class='ocr_carea' id='block_1_104' title="bbox 568 5615 2205 5682">
    <p class='ocr_par' dir='ltr' id='par_1_104' title="bbox 568 5615 2205 5682">
     <span class='ocr_line' id='line_1_106' title="bbox 568 5615 2205 5682; baseline 0.002 -16"><span class='ocrx_word' id='word_1_723' title='bbox 568 5615 951 5666; x_wconf 86' lang='lat' dir='ltr'><strong>Atrebatensis</strong></span> <span class='ocrx_word' id='word_1_724' title='bbox 975 5615 1099 5666; x_wconf 84' lang='lat' dir='ltr'><strong>hac</strong></span> <span class='ocrx_word' id='word_1_725' title='bbox 1128 5617 1360 5680; x_wconf 89' lang='lat' dir='ltr'><strong>epistola</strong></span> <span class='ocrx_word' id='word_1_726' title='bbox 1391 5616 1593 5667; x_wconf 88' lang='lat' dir='ltr'><strong>dicitur</strong></span> <span class='ocrx_word' id='word_1_727' title='bbox 1639 5621 1841 5682; x_wconf 89' lang='lat' dir='ltr'><strong>scripta</strong></span> <span class='ocrx_word' id='word_1_728' title='bbox 1883 5619 1951 5670; x_wconf 87' lang='lat' dir='ltr'><strong>ad</strong></span> <span class='ocrx_word' id='word_1_729' title='bbox 1993 5621 2205 5671; x_wconf 92' lang='lat' dir='ltr'><strong>clerum</strong></span> 
     </span>
    </p>
   </div>
   <div class='ocr_carea' id='block_1_105' title="bbox 569 5685 2204 5750">
    <p class='ocr_par' dir='ltr' id='par_1_105' title="bbox 569 5685 2204 5750">
     <span class='ocr_line' id='line_1_107' title="bbox 569 5685 2204 5750; baseline 0.001 -12"><span class='ocrx_word' id='word_1_730' title='bbox 569 5685 794 5750; x_wconf 89' lang='lat' dir='ltr'><strong>Capua.</strong></span> <span class='ocrx_word' id='word_1_731' title='bbox 828 5686 969 5749; x_wconf 86' lang='lat' dir='ltr'><strong>Qua</strong></span> <span class='ocrx_word' id='word_1_732' title='bbox 995 5685 1158 5737; x_wconf 89' lang='lat' dir='ltr'><strong>lectio</strong></span> <span class='ocrx_word' id='word_1_733' title='bbox 1185 5687 1429 5737; x_wconf 82' lang='lat' dir='ltr'><strong>fortassis</strong></span> <span class='ocrx_word' id='word_1_734' title='bbox 1460 5687 1614 5739; x_wconf 87' lang='lat' dir='ltr'><strong>daret</strong></span> <span class='ocrx_word' id='word_1_735' title='bbox 1635 5703 1825 5740; x_wconf 84' lang='lat' dir='ltr'><strong>ansam</strong></span> <span class='ocrx_word' id='word_1_736' title='bbox 1851 5690 2204 5741; x_wconf 79' lang='lat' dir='ltr'><strong>existimandi</strong></span> 
     </span>
    </p>
   </div>
   <div class='ocr_carea' id='block_1_106' title="bbox 571 5755 2206 5821">
    <p class='ocr_par' dir='ltr' id='par_1_106' title="bbox 571 5755 2206 5821">
     <span class='ocr_line' id='line_1_108' title="bbox 571 5755 2206 5821; baseline 0.002 -13"><span class='ocrx_word' id='word_1_737' title='bbox 571 5767 843 5808; x_wconf 84' lang='lat' dir='ltr'><strong>canonem</strong></span> <span class='ocrx_word' id='word_1_738' title='bbox 882 5757 962 5818; x_wconf 80' lang='grc'><strong>48,</strong></span> <span class='ocrx_word' id='word_1_739' title='bbox 1011 5755 1224 5807; x_wconf 89' lang='lat' dir='ltr'><strong>codicis</strong></span> <span class='ocrx_word' id='word_1_740' title='bbox 1279 5770 1559 5808; x_wconf 87' lang='lat' dir='ltr'><strong>canonum</strong></span> <span class='ocrx_word' id='word_1_741' title='bbox 1607 5759 1858 5810; x_wconf 81' lang='lat' dir='ltr'><strong>ecclesia</strong></span> <span class='ocrx_word' id='word_1_742' title='bbox 1907 5761 2206 5821; x_wconf 86' lang='lat' dir='ltr'><strong>Africana,</strong></span> 
     </span>
    </p>
   </div>
   <div class='ocr_carea' id='block_1_107' title="bbox 567 5825 2208 5897">
    <p class='ocr_par' dir='ltr' id='par_1_107' title="bbox 567 5825 2208 5897">
     <span class='ocr_line' id='line_1_109' title="bbox 567 5825 2208 5897; baseline 0.002 -17"><span class='ocrx_word' id='word_1_743' title='bbox 567 5827 626 5883; x_wconf 83' lang='lat' dir='ltr'><strong>in</strong></span> <span class='ocrx_word' id='word_1_744' title='bbox 683 5839 795 5893; x_wconf 86' lang='lat' dir='ltr'><strong>quo</strong></span> <span class='ocrx_word' id='word_1_745' title='bbox 843 5827 1025 5894; x_wconf 82' lang='lat' dir='ltr'><strong>agitur</strong></span> <span class='ocrx_word' id='word_1_746' title='bbox 1070 5825 1139 5879; x_wconf 90' lang='lat' dir='ltr'><strong>de</strong></span> <span class='ocrx_word' id='word_1_747' title='bbox 1183 5827 1432 5894; x_wconf 86' lang='lat' dir='ltr'><strong>plenaria</strong></span> <span class='ocrx_word' id='word_1_748' title='bbox 1482 5830 1696 5896; x_wconf 84' lang='lat' dir='ltr'><strong>synodo</strong></span> <span class='ocrx_word' id='word_1_749' title='bbox 1745 5830 2040 5897; x_wconf 86' lang='lat' dir='ltr'><strong>Capuensi,</strong></span> <span class='ocrx_word' id='word_1_750' title='bbox 2095 5844 2208 5883; x_wconf 90' lang='lat' dir='ltr'><strong>non</strong></span> 
     </span>
    </p>
   </div>
   <div class='ocr_carea' id='block_1_108' title="bbox 2301 4621 3941 4686">
    <p class='ocr_par' dir='ltr' id='par_1_108' title="bbox 2301 4621 3941 4686">
     <span class='ocr_line' id='line_1_110' title="bbox 2301 4621 3941 4686; baseline -0.001 -16"><span class='ocrx_word' id='word_1_751' title='bbox 2301 4625 2480 4684; x_wconf 90' lang='lat' dir='ltr'><strong>potest</strong></span> <span class='ocrx_word' id='word_1_752' title='bbox 2530 4624 2900 4686; x_wconf 79' lang='lat' dir='ltr'><strong>fragmentum</strong></span> <span class='ocrx_word' id='word_1_753' title='bbox 2937 4625 3136 4673; x_wconf 88' lang='lat' dir='ltr'><strong>veteris</strong></span> <span class='ocrx_word' id='word_1_754' title='bbox 3175 4622 3386 4672; x_wconf 91' lang='lat' dir='ltr'><strong>codicis</strong></span> <span class='ocrx_word' id='word_1_755' title='bbox 3438 4637 3550 4672; x_wconf 89' lang='lat' dir='ltr'><strong>ms.</strong></span> <span class='ocrx_word' id='word_1_756' title='bbox 3605 4621 3941 4672; x_wconf 77' lang='lat' dir='ltr'><strong>bibliotheca</strong></span> 
     </span>
    </p>
   </div>
   <div class='ocr_carea' id='block_1_109' title="bbox 2301 4691 3941 4758">
    <p class='ocr_par' dir='ltr' id='par_1_109' title="bbox 2301 4691 3941 4758">
     <span class='ocr_line' id='line_1_111' title="bbox 2301 4691 3941 4758; baseline -0.002 -16"><span class='ocrx_word' id='word_1_757' title='bbox 2301 4691 2633 4753; x_wconf 86' lang='lat' dir='ltr'><strong>Bodleiana,</strong></span> <span class='ocrx_word' id='word_1_758' title='bbox 2666 4695 2720 4742; x_wconf 91' lang='lat' dir='ltr'><strong>in</strong></span> <span class='ocrx_word' id='word_1_759' title='bbox 2752 4709 2862 4757; x_wconf 91' lang='lat' dir='ltr'><strong>quo</strong></span> <span class='ocrx_word' id='word_1_760' title='bbox 2885 4695 3147 4757; x_wconf 89' lang='lat' dir='ltr'><strong>scriptum</strong></span> <span class='ocrx_word' id='word_1_761' title='bbox 3177 4699 3262 4743; x_wconf 90' lang='lat' dir='ltr'><strong>est</strong></span> <span class='ocrx_word' id='word_1_762' title='bbox 3299 4698 3582 4745; x_wconf 85' lang='lat' dir='ltr'><strong>sanctum</strong></span> <span class='ocrx_word' id='word_1_763' title='bbox 3614 4693 3941 4758; x_wconf 82' lang='lat' dir='ltr'><strong>Cyprianum</strong></span> 
     </span>
    </p>
   </div>
   <div class='ocr_carea' id='block_1_110' title="bbox 2301 4763 3942 4827">
    <p class='ocr_par' dir='ltr' id='par_1_110' title="bbox 2301 4763 3942 4827">
     <span class='ocr_line' id='line_1_112' title="bbox 2301 4763 3942 4827; baseline -0.002 -15"><span class='ocrx_word' id='word_1_764' title='bbox 2301 4777 2398 4826; x_wconf 88' lang='lat' dir='ltr'><strong>per</strong></span> <span class='ocrx_word' id='word_1_765' title='bbox 2421 4764 2681 4826; x_wconf 89' lang='lat' dir='ltr'><strong>epistolas</strong></span> <span class='ocrx_word' id='word_1_766' title='bbox 2717 4765 2995 4814; x_wconf 87' lang='lat' dir='ltr'><strong>hortatum</strong></span> <span class='ocrx_word' id='word_1_767' title='bbox 3021 4779 3142 4816; x_wconf 91' lang='lat' dir='ltr'><strong>esse</strong></span> <span class='ocrx_word' id='word_1_768' title='bbox 3174 4767 3570 4827; x_wconf 86' lang='lat' dir='ltr'><strong>Augustinum</strong></span> <span class='ocrx_word' id='word_1_769' title='bbox 3615 4770 3674 4815; x_wconf 88' lang='lat' dir='ltr'><strong>et</strong></span> <span class='ocrx_word' id='word_1_770' title='bbox 3703 4763 3942 4813; x_wconf 87' lang='lat' dir='ltr'><strong>Felicita-</strong></span> 
     </span>
    </p>
   </div>
   <div class='ocr_carea' id='block_1_111' title="bbox 2301 4836 3944 4900">
    <p class='ocr_par' dir='ltr' id='par_1_111' title="bbox 2301 4836 3944 4900">
     <span class='ocr_line' id='line_1_113' title="bbox 2301 4836 3944 4900; baseline -0.002 -18"><span class='ocrx_word' id='word_1_771' title='bbox 2301 4839 2443 4894; x_wconf 89' lang='lat' dir='ltr'><strong>tem,</strong></span> <span class='ocrx_word' id='word_1_772' title='bbox 2505 4836 2597 4898; x_wconf 90' lang='lat' dir='ltr'><strong>qui</strong></span> <span class='ocrx_word' id='word_1_773' title='bbox 2657 4836 2802 4898; x_wconf 89' lang='lat' dir='ltr'><strong>passi</strong></span> <span class='ocrx_word' id='word_1_774' title='bbox 2870 4842 3000 4884; x_wconf 89' lang='lat' dir='ltr'><strong>sunt</strong></span> <span class='ocrx_word' id='word_1_775' title='bbox 3047 4836 3192 4900; x_wconf 84' lang='lat' dir='ltr'><strong>apud</strong></span> <span class='ocrx_word' id='word_1_776' title='bbox 3253 4838 3552 4886; x_wconf 88' lang='lat' dir='ltr'><strong>civitatem</strong></span> <span class='ocrx_word' id='word_1_777' title='bbox 3613 4837 3944 4899; x_wconf 89' lang='lat' dir='ltr'><strong>Capuensem</strong></span> 
     </span>
    </p>
   </div>
   <div class='ocr_carea' id='block_1_112' title="bbox 2301 4907 3947 4970">
    <p class='ocr_par' dir='ltr' id='par_1_112' title="bbox 2301 4907 3947 4970">
     <span class='ocr_line' id='line_1_114' title="bbox 2301 4907 3947 4970; baseline -0.003 -15"><span class='ocrx_word' id='word_1_778' title='bbox 2301 4908 2647 4969; x_wconf 88' lang='lat' dir='ltr'><strong>metropolim</strong></span> <span class='ocrx_word' id='word_1_779' title='bbox 2725 4907 3060 4970; x_wconf 86' lang='lat' dir='ltr'><strong>Campania.</strong></span> <span class='ocrx_word' id='word_1_780' title='bbox 3138 4908 3265 4969; x_wconf 88' lang='lat' dir='ltr'><strong>Quo</strong></span> <span class='ocrx_word' id='word_1_781' title='bbox 3333 4909 3472 4958; x_wconf 90' lang='lat' dir='ltr'><strong>loco</strong></span> <span class='ocrx_word' id='word_1_782' title='bbox 3551 4907 3947 4959; x_wconf 84' lang='lat' dir='ltr'><strong>illustrissimus</strong></span> 
     </span>
    </p>
   </div>
   <div class='ocr_carea' id='block_1_113' title="bbox 2303 4974 3948 5044">
    <p class='ocr_par' dir='ltr' id='par_1_113' title="bbox 2303 4974 3948 5044">
     <span class='ocr_line' id='line_1_115' title="bbox 2303 4974 3948 5044; baseline -0.004 -18"><span class='ocrx_word' id='word_1_783' title='bbox 2303 4978 2597 5041; x_wconf 89' lang='lat' dir='ltr'><strong>episcopus</strong></span> <span class='ocrx_word' id='word_1_784' title='bbox 2641 4979 2993 5037; x_wconf 88' lang='lat' dir='ltr'><strong>Oxoniensis,</strong></span> <span class='ocrx_word' id='word_1_785' title='bbox 3035 4980 3132 5044; x_wconf 89' lang='lat' dir='ltr'><strong>qui</strong></span> <span class='ocrx_word' id='word_1_786' title='bbox 3178 4980 3572 5044; x_wconf 86' lang='lat' dir='ltr'><strong>fragmentum</strong></span> <span class='ocrx_word' id='word_1_787' title='bbox 3619 4979 3761 5029; x_wconf 89' lang='lat' dir='ltr'><strong>illud</strong></span> <span class='ocrx_word' id='word_1_788' title='bbox 3795 4974 3948 5028; x_wconf 86' lang='lat' dir='ltr'><strong>edidit</strong></span> 
     </span>
    </p>
   </div>
   <div class='ocr_carea' id='block_1_114' title="bbox 2304 5045 3949 5114">
    <p class='ocr_par' dir='ltr' id='par_1_114' title="bbox 2304 5045 3949 5114">
     <span class='ocr_line' id='line_1_116' title="bbox 2304 5045 3949 5114; baseline -0.006 -13"><span class='ocrx_word' id='word_1_789' title='bbox 2304 5063 2433 5101; x_wconf 93' lang='lat' dir='ltr'><strong>cum</strong></span> <span class='ocrx_word' id='word_1_790' title='bbox 2485 5051 2744 5113; x_wconf 87' lang='lat' dir='ltr'><strong>operibus</strong></span> <span class='ocrx_word' id='word_1_791' title='bbox 2809 5052 2984 5100; x_wconf 86' lang='lat' dir='ltr'><strong>sancti</strong></span> <span class='ocrx_word' id='word_1_792' title='bbox 3054 5050 3338 5114; x_wconf 87' lang='lat' dir='ltr'><strong>Cypriani,</strong></span> <span class='ocrx_word' id='word_1_793' title='bbox 3426 5051 3762 5114; x_wconf 79' lang='lat' dir='ltr'><strong>suapicatur</strong></span> <span class='ocrx_word' id='word_1_794' title='bbox 3839 5045 3949 5094; x_wconf 88' lang='lat' dir='ltr'><strong>hac</strong></span> 
     </span>
    </p>
   </div>
   <div class='ocr_carea' id='block_1_115' title="bbox 2303 5120 3948 5185">
    <p class='ocr_par' dir='ltr' id='par_1_115' title="bbox 2303 5120 3948 5185">
     <span class='ocr_line' id='line_1_117' title="bbox 2303 5120 3948 5185; baseline -0.004 -15"><span class='ocrx_word' id='word_1_795' title='bbox 2303 5121 2501 5182; x_wconf 83' lang='lat' dir='ltr'><strong>verba,</strong></span> <span class='ocrx_word' id='word_1_796' title='bbox 2549 5121 2877 5185; x_wconf 82' lang='lat' dir='ltr'><strong>metropotim</strong></span> <span class='ocrx_word' id='word_1_797' title='bbox 2937 5120 3273 5185; x_wconf 76' lang='lat' dir='ltr'><strong>Campania,</strong></span> <span class='ocrx_word' id='word_1_798' title='bbox 3327 5134 3462 5173; x_wconf 87' lang='lat' dir='ltr'><strong>esse</strong></span> <span class='ocrx_word' id='word_1_799' title='bbox 3517 5122 3948 5172; x_wconf 83' lang='lat' dir='ltr'><strong>additamentum</strong></span> 
     </span>
    </p>
   </div>
   <div class='ocr_carea' id='block_1_116' title="bbox 2303 5186 3952 5261">
    <p class='ocr_par' dir='ltr' id='par_1_116' title="bbox 2303 5186 3952 5261">
     <span class='ocr_line' id='line_1_118' title="bbox 2303 5186 3952 5261; baseline -0.005 -19"><span class='ocrx_word' id='word_1_800' title='bbox 2303 5192 2529 5254; x_wconf 88' lang='lat' dir='ltr'><strong>librarii,</strong></span> <span class='ocrx_word' id='word_1_801' title='bbox 2569 5193 2661 5242; x_wconf 84' lang='lat' dir='ltr'><strong>cui</strong></span> <span class='ocrx_word' id='word_1_802' title='bbox 2704 5193 2885 5243; x_wconf 87' lang='lat' dir='ltr'><strong>notior</strong></span> <span class='ocrx_word' id='word_1_803' title='bbox 2921 5197 3038 5243; x_wconf 88' lang='lat' dir='ltr'><strong>erat</strong></span> <span class='ocrx_word' id='word_1_804' title='bbox 3079 5192 3232 5242; x_wconf 85' lang='lat' dir='ltr'><strong>italia</strong></span> <span class='ocrx_word' id='word_1_805' title='bbox 3273 5205 3461 5256; x_wconf 85' lang='lat' dir='ltr'><strong>quam</strong></span> <span class='ocrx_word' id='word_1_806' title='bbox 3509 5193 3722 5243; x_wconf 86' lang='lat' dir='ltr'><strong>Africa.</strong></span> <span class='ocrx_word' id='word_1_807' title='bbox 3767 5186 3952 5261; x_wconf 71' lang='lat' dir='ltr'><strong>Existi-</strong></span> 
     </span>
    </p>
   </div>
   <div class='ocr_carea' id='block_1_117' title="bbox 2304 5257 3954 5326">
    <p class='ocr_par' dir='ltr' id='par_1_117' title="bbox 2304 5257 3954 5326">
     <span class='ocr_line' id='line_1_119' title="bbox 2304 5257 3954 5326; baseline -0.004 -14"><span class='ocrx_word' id='word_1_808' title='bbox 2304 5264 2492 5314; x_wconf 86' lang='lat' dir='ltr'><strong>mabat</strong></span> <span class='ocrx_word' id='word_1_809' title='bbox 2519 5264 2687 5326; x_wconf 87' lang='lat' dir='ltr'><strong>igitur</strong></span> <span class='ocrx_word' id='word_1_810' title='bbox 2723 5263 3078 5314; x_wconf 87' lang='lat' dir='ltr'><strong>doctissimus</strong></span> <span class='ocrx_word' id='word_1_811' title='bbox 3123 5263 3434 5326; x_wconf 84' lang='lat' dir='ltr'><strong>episcOpus</strong></span> <span class='ocrx_word' id='word_1_812' title='bbox 3475 5265 3660 5315; x_wconf 87' lang='lat' dir='ltr'><strong>fuisse</strong></span> <span class='ocrx_word' id='word_1_813' title='bbox 3698 5263 3754 5312; x_wconf 88' lang='lat' dir='ltr'><strong>in</strong></span> <span class='ocrx_word' id='word_1_814' title='bbox 3786 5257 3954 5310; x_wconf 78' lang='lat' dir='ltr'><strong>Africa</strong></span> 
     </span>
    </p>
   </div>
   <div class='ocr_carea' id='block_1_118' title="bbox 2305 5330 3954 5398">
    <p class='ocr_par' dir='ltr' id='par_1_118' title="bbox 2305 5330 3954 5398">
     <span class='ocr_line' id='line_1_120' title="bbox 2305 5330 3954 5398; baseline -0.007 -13"><span class='ocrx_word' id='word_1_815' title='bbox 2305 5335 2585 5385; x_wconf 88' lang='lat' dir='ltr'><strong>civitatem</strong></span> <span class='ocrx_word' id='word_1_816' title='bbox 2617 5333 2984 5396; x_wconf 89' lang='lat' dir='ltr'><strong>Capuensem.</strong></span> <span class='ocrx_word' id='word_1_817' title='bbox 3020 5335 3206 5385; x_wconf 86' lang='lat' dir='ltr'><strong>Recte.</strong></span> <span class='ocrx_word' id='word_1_818' title='bbox 3248 5333 3398 5384; x_wconf 89' lang='lat' dir='ltr'><strong>Nam</strong></span> <span class='ocrx_word' id='word_1_819' title='bbox 3445 5337 3549 5385; x_wconf 83' lang='lat' dir='ltr'><strong>vix</strong></span> <span class='ocrx_word' id='word_1_820' title='bbox 3593 5333 3807 5398; x_wconf 87' lang='lat' dir='ltr'><strong>opinari</strong></span> <span class='ocrx_word' id='word_1_821' title='bbox 3839 5330 3954 5378; x_wconf 85' lang='lat' dir='ltr'><strong>licet</strong></span> 
     </span>
    </p>
   </div>
   <div class='ocr_carea' id='block_1_119' title="bbox 2306 5404 3952 5469">
    <p class='ocr_par' dir='ltr' id='par_1_119' title="bbox 2306 5404 3952 5469">
     <span class='ocr_line' id='line_1_121' title="bbox 2306 5404 3952 5469; baseline -0.006 -14"><span class='ocrx_word' id='word_1_822' title='bbox 2306 5404 2584 5468; x_wconf 88' lang='lat' dir='ltr'><strong>synodum</strong></span> <span class='ocrx_word' id='word_1_823' title='bbox 2619 5406 2920 5468; x_wconf 88' lang='lat' dir='ltr'><strong>plenariam</strong></span> <span class='ocrx_word' id='word_1_824' title='bbox 2951 5408 3112 5469; x_wconf 88' lang='lat' dir='ltr'><strong>cujus</strong></span> <span class='ocrx_word' id='word_1_825' title='bbox 3140 5405 3407 5456; x_wconf 90' lang='lat' dir='ltr'><strong>meminit</strong></span> <span class='ocrx_word' id='word_1_826' title='bbox 3435 5419 3630 5457; x_wconf 90' lang='lat' dir='ltr'><strong>canon</strong></span> <span class='ocrx_word' id='word_1_827' title='bbox 3673 5404 3952 5454; x_wconf 82' lang='lat' dir='ltr'><strong>Africanus</strong></span> 
     </span>
    </p>
   </div>
   <div class='ocr_carea' id='block_1_120' title="bbox 2311 5475 3955 5542">
    <p class='ocr_par' dir='ltr' id='par_1_120' title="bbox 2311 5475 3955 5542">
     <span class='ocr_line' id='line_1_122' title="bbox 2311 5475 3955 5542; baseline -0.004 -18"><span class='ocrx_word' id='word_1_828' title='bbox 2311 5475 2440 5525; x_wconf 88' lang='lat' dir='ltr'><strong>alibi</strong></span> <span class='ocrx_word' id='word_1_829' title='bbox 2489 5475 2734 5525; x_wconf 86' lang='lat' dir='ltr'><strong>habitam</strong></span> <span class='ocrx_word' id='word_1_830' title='bbox 2785 5477 2956 5527; x_wconf 84' lang='lat' dir='ltr'><strong>fuisse</strong></span> <span class='ocrx_word' id='word_1_831' title='bbox 3017 5492 3185 5542; x_wconf 88' lang='lat' dir='ltr'><strong>quam</strong></span> <span class='ocrx_word' id='word_1_832' title='bbox 3224 5478 3279 5526; x_wconf 87' lang='lat' dir='ltr'><strong>in</strong></span> <span class='ocrx_word' id='word_1_833' title='bbox 3332 5478 3542 5529; x_wconf 84' lang='lat' dir='ltr'><strong>Africa</strong></span> <span class='ocrx_word' id='word_1_834' title='bbox 3622 5477 3731 5528; x_wconf 90' lang='lat' dir='ltr'><strong>Ubi</strong></span> <span class='ocrx_word' id='word_1_835' title='bbox 3787 5478 3955 5524; x_wconf 86' lang='lat' dir='ltr'><strong>autem</strong></span> 
     </span>
    </p>
   </div>
   <div class='ocr_carea' id='block_1_121' title="bbox 2305 5543 3952 5612">
    <p class='ocr_par' dir='ltr' id='par_1_121' title="bbox 2305 5543 3952 5612">
     <span class='ocr_line' id='line_1_123' title="bbox 2305 5543 3952 5612; baseline 0.002 -16"><span class='ocrx_word' id='word_1_836' title='bbox 2305 5548 2412 5596; x_wconf 89' lang='lat' dir='ltr'><strong>sita</strong></span> <span class='ocrx_word' id='word_1_837' title='bbox 2447 5547 2614 5596; x_wconf 90' lang='lat' dir='ltr'><strong>fuerit</strong></span> <span class='ocrx_word' id='word_1_838' title='bbox 2664 5548 2787 5599; x_wconf 83' lang='lat' dir='ltr'><strong>hac</strong></span> <span class='ocrx_word' id='word_1_839' title='bbox 2837 5549 3027 5612; x_wconf 88' lang='lat' dir='ltr'><strong>Capua</strong></span> <span class='ocrx_word' id='word_1_840' title='bbox 3072 5549 3296 5612; x_wconf 88' lang='lat' dir='ltr'><strong>Africa,</strong></span> <span class='ocrx_word' id='word_1_841' title='bbox 3352 5550 3405 5599; x_wconf 89' lang='lat' dir='ltr'><strong>si</strong></span> <span class='ocrx_word' id='word_1_842' title='bbox 3448 5554 3646 5600; x_wconf 88' lang='lat' dir='ltr'><strong>tamen</strong></span> <span class='ocrx_word' id='word_1_843' title='bbox 3693 5548 3805 5598; x_wconf 84' lang='lat' dir='ltr'><strong>ulla</strong></span> <span class='ocrx_word' id='word_1_844' title='bbox 3844 5543 3952 5599; x_wconf 59' lang='lat' dir='ltr'><strong>fuit,</strong></span> 
     </span>
    </p>
   </div>
   <div class='ocr_carea' id='block_1_122' title="bbox 2306 5612 3955 5684">
    <p class='ocr_par' dir='ltr' id='par_1_122' title="bbox 2306 5612 3955 5684">
     <span class='ocr_line' id='line_1_124' title="bbox 2306 5612 3955 5684; baseline -0.004 -17"><span class='ocrx_word' id='word_1_845' title='bbox 2306 5618 2534 5668; x_wconf 81' lang='lat' dir='ltr'><strong>difﬁcile</strong></span> <span class='ocrx_word' id='word_1_846' title='bbox 2573 5619 2859 5682; x_wconf 84' lang='lat' dir='ltr'><strong>exploratu</strong></span> <span class='ocrx_word' id='word_1_847' title='bbox 2913 5625 3012 5671; x_wconf 90' lang='lat' dir='ltr'><strong>est.</strong></span> <span class='ocrx_word' id='word_1_848' title='bbox 3041 5620 3219 5684; x_wconf 89' lang='lat' dir='ltr'><strong>Capsa</strong></span> <span class='ocrx_word' id='word_1_849' title='bbox 3244 5633 3387 5671; x_wconf 85' lang='lat' dir='ltr'><strong>vero</strong></span> <span class='ocrx_word' id='word_1_850' title='bbox 3427 5626 3556 5672; x_wconf 88' lang='lat' dir='ltr'><strong>erat</strong></span> <span class='ocrx_word' id='word_1_851' title='bbox 3602 5622 3661 5670; x_wconf 89' lang='lat' dir='ltr'><strong>in</strong></span> <span class='ocrx_word' id='word_1_852' title='bbox 3692 5612 3955 5683; x_wconf 82' lang='lat' dir='ltr'><strong>provincia</strong></span> 
     </span>
    </p>
   </div>
   <div class='ocr_carea' id='block_1_123' title="bbox 2308 5689 3955 5751">
    <p class='ocr_par' dir='ltr' id='par_1_123' title="bbox 2308 5689 3955 5751">
     <span class='ocr_line' id='line_1_125' title="bbox 2308 5689 3955 5751; baseline -0.001 -13"><span class='ocrx_word' id='word_1_853' title='bbox 2308 5689 2614 5751; x_wconf 88' lang='lat' dir='ltr'><strong>Byzacena.</strong></span> <span class='ocrx_word' id='word_1_854' title='bbox 2645 5690 2783 5740; x_wconf 90' lang='lat' dir='ltr'><strong>Vide</strong></span> <span class='ocrx_word' id='word_1_855' title='bbox 2811 5692 3083 5742; x_wconf 86' lang='lat' dir='ltr'><strong>Joannem</strong></span> <span class='ocrx_word' id='word_1_856' title='bbox 3111 5693 3446 5742; x_wconf 85' lang='lat' dir='ltr'><strong>Tristanum</strong></span> <span class='ocrx_word' id='word_1_857' title='bbox 3476 5708 3510 5744; x_wconf 86' lang='lat' dir='ltr'><strong>a</strong></span> <span class='ocrx_word' id='word_1_858' title='bbox 3537 5697 3740 5744; x_wconf 86' lang='lat' dir='ltr'><strong>sancto</strong></span> <span class='ocrx_word' id='word_1_859' title='bbox 3766 5693 3955 5741; x_wconf 79' lang='lat' dir='ltr'><strong>Aman-</strong></span> 
     </span>
    </p>
   </div>
   <div class='ocr_carea' id='block_1_124' title="bbox 2309 5761 3898 5829">
    <p class='ocr_par' dir='ltr' id='par_1_124' title="bbox 2309 5761 3898 5829">
     <span class='ocr_line' id='line_1_126' title="bbox 2309 5761 3898 5829; baseline 0.001 -19"><span class='ocrx_word' id='word_1_860' title='bbox 2309 5761 2387 5810; x_wconf 89' lang='lat' dir='ltr'><strong>tio</strong></span> <span class='ocrx_word' id='word_1_861' title='bbox 2421 5761 2479 5810; x_wconf 91' lang='lat' dir='ltr'><strong>in</strong></span> <span class='ocrx_word' id='word_1_862' title='bbox 2511 5765 2658 5811; x_wconf 89' lang='lat' dir='ltr'><strong>tomo</strong></span> <span class='ocrx_word' id='word_1_863' title='bbox 2689 5763 2739 5811; x_wconf 88' lang='lat' dir='ltr'><strong>Il</strong></span> <span class='ocrx_word' id='word_1_864' title='bbox 2780 5761 3325 5814; x_wconf 88' lang='lat' dir='ltr'><strong>Commentariorum</strong></span> <span class='ocrx_word' id='word_1_865' title='bbox 3358 5778 3632 5829; x_wconf 82' lang='lat' dir='ltr'><strong>suorum,</strong></span> <span class='ocrx_word' id='word_1_866' title='bbox 3659 5778 3781 5829; x_wconf 80' lang='lat' dir='ltr'><strong>pag.</strong></span> <span class='ocrx_word' id='word_1_867' title='bbox 3810 5772 3898 5813; x_wconf 70' lang='grc' dir='ltr'><strong>ιι.</strong></span> 
     </span>
    </p>
   </div>
  </div>
