4160 6216
291 174 365 228 265
1622 170 1946 226 EPISTOLA
1984 169 2122 225 Xlll.
3466 180 3567 233 266
3648 192 3649 197 ‘

330 302 439 369 quit,
463 313 569 352 cum
592 297 813 367 quidam
856 298 921 352 de
962 299 1149 368 lapsis,
1198 302 1308 353 sive
1345 314 1447 353 sua
1492 307 1698 369 sponte,
1728 300 2070 393 siveAlate.
2126 300 2317 368 Neque
2372 299 2521 352 enim
2578 301 2913 354 deserentur
2968 302 3036 354 ab
3098 319 3201 373 ope
3258 310 3313 357 et
3361 307 3565 359 auxilio

327 391 472 457 aliquo
520 390 839 465 incitatore,
872 388 1070 441 audaci
1114 390 1453 456 ﬂagitatione
1516 388 1915 459 proruerent"
1939 394 2165 446 Domini
2216 393 2272 445 hi
2319 393 2417 463 qui
2463 393 2623 447 mites
2679 399 2736 447 et
2782 396 3025 450 humiles
3076 402 3129 451 et
3174 400 3564 467 paenitentiam

325 483 549 546 utpacem
589 477 695 529 sibi
729 493 761 528 a
807 477 1140 544 martyribus
1182 483 1231 530 et
1278 478 1667 543 confessoribus
1705 494 1834 547 pro-
1936 503 2065 540 vere
2094 490 2331 556 agentes
2372 486 2429 539 in
2471 487 2636 540 bouis
2676 489 2939 557 operibus
2981 493 3469 560 perseveraverint
3494 496 3564 560 ⁸³,

322 567 1369 635 misstlm,€$‘07'querevi01€nt0impetu
1414 569 1838 633 ηίεενθητυνὶάε
1938 579 2245 650 quominus
2310 580 2418 633 illis
2481 596 2709 651 quoque
2790 582 2980 637 divino
3046 586 3291 638 remedio
3357 603 3561 643 consu-

324 659 397 709 hoc
433 658 580 709 etiam
624 656 704 709 bis
742 656 816 709 ad
865 656 1061 709 clerum
1104 657 1314 710 litteras
1362 658 1469 722 feci
1519 664 1568 711 et
1623 658 1727 724 legi
1766 660 1839 711 eis

1954 679 2108 727 .atur.
2165 672 2540 728 Audientibus
2597 674 2790 742 etiam,
2860 677 2905 728 si
2960 678 3057 746 qui
3126 679 3339 732 fuerint
3412 682 3561 749 peri-

322 745 563 804 mandavi,
590 748 668 807 ut,
695 744 772 796 ad
801 745 1016 798 illorum
1044 746 1357 799 violentiam
1380 748 1602 799 interim
1626 762 1839 815 quoquo

322 849 478 901 genere
525 833 904 899 mitigandam,
964 835 1013 887 si
1058 835 1153 903 qui
1206 834 1381 887 libello
1428 852 1461 887 a
1508 836 1840 904 martyribus

320 927 498 991 accepto
542 921 606 975 de
663 924 855 976 saculo
905 923 1232 985 excederent,
1289 925 1639 992 emomologesi
1688 925 1842 990 facta

318 1018 356 1065 et
379 1026 525 1064 manu
569 1013 643 1064 eis
686 1013 741 1063 in
796 1013 1164 1080 ptem'tentiam
1210 1013 1483 1081 imposita,
1542 1028 1659 1067 cum
1710 1028 1841 1082 pace

316 1100 399 1153 sibi
443 1116 473 1151 a
517 1099 850 1167 martyribus
868 1102 1139 1169 promissa
1165 1100 1239 1154 ad
1276 1102 1561 1155 Dominum
1606 1104 1838 1156 remitte-

316 1194 495 1252 rentur,
525 1193 630 1241 etc.
644 1208 668 1234 ι)

316 1330 346 1381 l.
369 1328 667 1398 Cyprianus
708 1328 1056 1399 presbyteris
1092 1331 1148 1382 et
1194 1328 1528 1383 diaconibus
1572 1329 1842 1383 fratribus

266 1422 480 1475 salutem.
525 1422 691 1475 Miror
728 1438 844 1489 vos,
878 1421 1081 1477 fratres
1128 1422 1468 1491 charissimi,
1508 1423 1578 1477 ad
1636 1424 1844 1477 multas

265 1515 479 1584 epistolas
503 1513 694 1587 259
724 1531 876 1569 meas
902 1532 1044 1586 quas
1063 1515 1135 1569 ad
1177 1532 1275 1571 vos
1316 1517 1650 1587 frequenter
1695 1517 1841 1584 misi,

264 1608 372 1661 nihil
398 1609 523 1662 mihi
557 1609 663 1677 (24)
696 1609 1216 1679 rescripsisse,cum
1240 1610 1608 1665 fraternitatis
1638 1616 1844 1665 nostra:

260 1702 325 1755 vel
371 1702 570 1757 utilitas
619 1702 708 1756 vel
758 1703 1055 1757 necessitas
1101 1703 1178 1756 sic
1222 1703 1419 1774 utique
1471 1697 1919 1775 gubernetur,B

262 1794 294 1847 si
328 1795 523 1848 avobis
577 1795 808 1851 intructi
870 1812 1062 1850 rerum
1112 1797 1489 1867 gerendarum
1544 1798 1841 1852 consilium

257 1887 420 1943 limare
447 1889 744 1958 pessimus.
788 1890 1070 1953 Quoniam
1110 1896 1297 1945 tamen
1328 1891 1437 1962 ('25)
1478 1891 1639 1945 video
1662 1891 1839 1946 facul-

260 1985 401 2035 tatem
424 1982 691 2036 veniendi
717 1983 784 2037 ad
817 2000 911 2037 vos
937 1983 1194 2037 nondum
1213 1999 1331 2038 esse
1362 1990 1417 2039 et
1438 1985 1562 2055 jam
1591 1987 1843 2038 aestatem

255 2075 469 2145 coepisse,
515 2075 666 2146 quod
707 2080 932 2147 tempus
985 2077 1411 2131 inﬁrmitatibus
1447 2077 1688 2131 assiduis
1734 2079 1841 2147 (26)

256 2171 297 2221 et
328 2169 572 2237 gravibus
632 2170 934 2224 infestatur
965 2172 1033 2237 δ’,
1086 2170 1498 2225 occurrendum
1552 2176 1687 2241 puto
1730 2172 1840 2225 fra-

254 2261 397 2315 tribus
421 2263 619 2317 uostris
675 2267 739 2317 ut
768 2263 867 2334 qui
908 2263 1125 2318 libellos
1162 2280 1195 2317 a
1241 2264 1584 2335 martyribus
1611 2282 1842 2336 accepe-

254 2360 379 2423 runt,
411 2362 461 2411 et
505 2358 883 2428 praerogativa
927 2374 1122 2412 eorum
1171 2359 1322 2428 apud
1369 2359 1546 2412 Deum
1592 2359 1846 2429 adjuvari

252 2454 455 2518 possunt
480 2450 609 2519 (2‘7),
662 2451 706 2504 si
751 2450 1119 2505 incommodo
1173 2451 1362 2521 aliquo
1410 2454 1467 2506 et
1500 2451 1846 2506 inﬁrmitatis

252 2543 465 2610 periculo
492 2544 753 2614 occupati
793 2544 1026 2612 fuerint,
1055 2561 1167 2598 non
1197 2549 1517 2615 exspectata
1547 2544 1847 2615 praesentia

252 2638 405 2688 nostra
450 2637 601 2707 apud
630 2637 1026 2707 presbyterum
1053 2654 1453 2709 quemcunque
1480 2642 1843 2709 praesentem,

249 2728 338 2794 vel,
385 2729 425 2782 si
471 2730 771 2801 presbyter
825 2737 1082 2802 repertus
1132 2747 1246 2785 non
1294 2731 1486 2797 fuerit,
1532 2735 1597 2785 ut
1642 2748 1847 2802 urgere

252 2821 402 2875 exitus
427 2824 683 2894 casperit,
711 2824 863 2894 apud
892 2824 1194 2879 diaconum
1219 2825 1325 2895 (28)
1359 2840 1586 2896 quoque
1618 2841 1849 2880 exomo-

249 2912 430 2983 logesin
461 2917 569 2985 ('29)
600 2918 791 2972 facere
832 2918 1019 2972 delicti
1063 2918 1150 2971 sui
1178 2918 1411 2987 possint,
1454 2922 1519 2972 ut
1558 2934 1732 2972 manu
1768 2920 1849 2971 eis

247 3005 292 3058 in
314 3008 698 3077 prenitentiam
728 3010 995 3082 imposita
1022 3011 1256 3065 veniant
1279 3011 1351 3065 ad
1386 3011 1687 3065 Dominum
1719 3028 1844 3065 cum

248 3114 355 3167 pace
399 3119 570 3173 quam
624 3104 748 3157 dari
815 3107 1093 3175 martyres
1146 3105 1346 3159 litteris
1388 3105 1457 3159 ad
1529 3122 1631 3159 nos
1687 3105 1846 3159 factis

252 3189 707 3252 desideraverunt.

304 3289 360 3342 ll.
389 3292 661 3346 (laterem
704 3307 928 3362 quoque
964 3294 1178 3361 partem
1204 3293 1249 3325 ⁶²
1298 3292 1474 3363 plebis
1522 3308 1647 3362 quae
1690 3292 1847 3363 lapsa

249 3390 317 3436 est
338 3386 633 3454 praesentia
663 3389 851 3438 vestra
896 3384 1105 3451 fovete,
1152 3390 1226 3452 et,
1259 3389 1321 3439 ut
1362 3402 1394 3437 a
1422 3385 1535 3439 fide
1576 3389 1633 3438 et
1674 3386 1842 3439 mise-

244 3478 455 3533 ricordia
486 3479 719 3534 Domini
764 3494 877 3532 non
925 3478 1186 3532 deﬁciant
1225 3484 1406 3533 vestro
1451 3480 1645 3533 solatio
1682 3480 1843 3533 focil-

1939 767 2063 820 culo
2117 767 2392 837 praeventi
2445 772 2501 821 et
2560 768 2615 821 in
2686 769 2837 823 exitu
2906 771 3220 839 constituti,
3278 774 3567 843 vigilantia

1939 870 2122 918 vestra
2173 881 2286 919 non
2353 865 2514 931 desit,
2558 866 2995 937 implorantibus
3044 868 3288 923 divinam
3325 873 3566 941 gratiam

1942 958 2332 1012 misericordia
2386 960 2608 1012 Domini
2678 978 2788 1013 non
2861 962 3196 1032 denegatur.
3252 965 3394 1034 Opto
3451 984 3567 1033 vos,

1940 1052 2141 1106 fratres
2187 1052 2530 1119 charissimi,
2584 1070 2811 1123 semper
2846 1055 2990 1109 bene
3043 1056 3228 1110 valere
3280 1064 3336 1112 et
3390 1062 3571 1114 nostri

1941 1145 2291 1199 meminisse.
2326 1147 2764 1201 Fraternitatem
2811 1148 3131 1204 universam
3174 1168 3304 1206 meo
3336 1154 3569 1209 nomine

1940 1239 2199 1306 salutate,
2232 1245 2287 1293 et
2313 1244 2374 1294 ut
2404 1242 2581 1295 nostri
2613 1241 2945 1296 meminerit
2969 1244 3271 1299 admonete
3296 1248 3342 1280 ⁸⁵
3387 1254 3443 1302 et
3473 1265 3564 1302 ro—

1943 1336 2091 1403 gate.
2124 1334 2331 1389 Valete.

2338 1445 2529 1518 260
2564 1448 2881 1502 EPISTULA
2907 1450 3012 1503 xm
3046 1452 3174 1520 (30).

1944 1542 2186 1604 (Erasm.,
2214 1555 2291 1606 ιιι,
2323 1546 2380 1592 18
2404 1560 2419 1606 ;
2442 1545 2792 1615 Pa‘mel.,x1_v_;
2819 1546 3226 1615 Rigalt.,Baluz.,
3254 1550 3436 1613 Paris,
3460 1563 3575 1615 xm;

2492 1608 2679 1665 Oxon,
2712 1607 2866 1670 Lips.,
2890 1612 3022 1671 x1x,)

2074 1708 2142 1746 AD
2182 1708 2412 1757 CLERUM,
2452 1709 2517 1745 DE
2558 1708 2645 1746 HIS
2684 1709 2772 1753 QUI
2812 1710 2880 1747 AD
2924 1711 3091 1749 PACEM
3133 1712 3441 1754 FESTINANT.

1942 1788 2337 1841 ARGUMENTUM.
2368 1816 2433 1825 ——
2466 1787 2553 1840 Ad
2592 1803 2776 1855 pacem
2811 1803 2906 1856 per
2945 1791 3320 1857 paenitentiam
3359 1796 3569 1846 venien-

2015 1875 2144 1929 dum
2172 1894 2188 1928 :
2222 1876 2321 1928 illa
2342 1881 2521 1929 autem
2569 1878 2756 1942 agitur
2801 1879 3062 1931 servando
3089 1881 3375 1934 mandata.
3414 1884 3578 1951 Infir-

2019 1967 2211 2019 mitate
2235 1968 2424 2034 pressi,
2457 1968 2503 2019 si
2537 1972 2840 2033 martyrum
2887 1968 3167 2036 sum'agiis
3210 1971 3571 2040 subleventur,

2016 2055 2089 2107 ad
2112 2070 2300 2123 pacem
2331 2054 2549 2107 admitti
2572 2060 2800 2122 possunt
2832 2077 2841 2107 :
2874 2060 3053 2110 caeteri
3077 2074 3247 2126 usque
3278 2061 3352 2113 ad
3390 2077 3577 2129 pacem

2016 2144 2269 2196 Ecclesia
2298 2146 2506 2209 factam
2530 2143 2826 2197 detinendi.

2016 2261 2058 2313 Ι.
2099 2259 2417 2329 Cyprianus
2448 2260 2790 2329 presbyteris
2827 2262 2884 2313 et
2923 2260 3257 2316 diaconibus
3306 2264 3577 2320 fratribus

1945 2353 2204 2407 salutem.
2267 2352 2402 2421 Legi
2446 2353 2661 2406 litteras
2707 2359 2940 2421 vestras,
2988 2355 3188 2411 fratres
3240 2358 3572 2427 charissimi,

1946 2446 2155 2517 quibus
2198 2445 2500 2516 scripsistis
2546 2446 2768 2500 salubre
2815 2448 3110 2502 consilium
3164 2457 3415 2505 vestrum
3464 2470 3576 2506 non

1948 2540 2145 2593 deeSse
2188 2538 2458 2592 fratribus
2497 2539 2723 2606 nostris,
2765 2546 2846 2607 ut,
2879 2543 3179 2596 temeraria
3215 2544 3575 2600 festinatione

1949 2633 2226 2703 deposita,
2256 2632 2584 2702 religiosam
2614 2634 2946 2703 patientiam
2991 2636 3103 2688 Deo
3142 2638 3459 2707 praebeant,
3492 2644 3575 2707 ut,

1948 2744 2077 2781 cum
2108 2727 2163 2780 in
2193 2743 2373 2780 unum
2402 2742 2504 2796 per
2526 2727 2648 2796 ejus
2673 2727 3115 2782 misericordiam
3140 2734 3481 2799 venerimus,
3508 2734 3575 2787 de

1949 2820 2211 2874 omnibus
2248 2819 2541 2890 speciebus
2578 2822 2888 2875 secundum
2937 2822 3371 2878 ecclesiasticam
3416 2827 3573 2880 disci-

1948 2914 2163 2985 plinam
2215 2917 2457 2967 tractare
2496 2914 2796 2984 possimus,
2847 2915 3090 2970 maxime
3127 2934 3255 2971 cum
3301 2919 3574 2989 scriptum

1950 3009 2022 3063 sit
2075 3025 2087 3061 :
2146 3010 2402 3063 Memento
2451 3008 2596 3061 unde
2642 3010 2910 3070 cecideris,
2966 3015 3015 3063 et
3058 3028 3157 3079 age
3202 3016 3576 3081 paenitentiam

1948 3103 2157 3174 (Apoc,
2211 3119 2267 3167 η,
2319 3103 2391 3172 5).
2455 3102 2853 3156 Paenitentiam
2889 3106 3083 3157 autem
3135 3105 3228 3158 ille
3282 3107 3400 3176 agit
3450 3109 3570 3178 qui,

1947 3197 2121 3250 divini
2160 3195 2427 3266 praecepti
2478 3211 2695 3249 memor
2727 3195 2859 3265 (31),
2900 3197 3049 3250 mitis
3081 3199 3127 3231 6⁵
3169 3204 3223 3251 et
3265 3200 3486 3269 patiens
3517 3208 3575 3256 et

1948 3289 2331 3344 sacerdotibus
2383 3290 2478 3343 Dei
2536 3288 2956 3359 obtemperans,
3021 3292 3306 3363 obsequiis
3360 3294 3472 3348 suis
3519 3302 3575 3349 et

1949 3383 2215 3454 operibus
2247 3383 2357 3453 (32)
2378 3382 2545 3452 justis
2574 3382 2877 3436 Dominum
2902 3390 3285 3453 promeretur.

2020 3478 2082 3530 ll.
2103 3476 2387 3539 Quoniam
2416 3479 2608 3529 tamen
2632 3476 2962 3542 significatis
2986 3480 3260 3547 quosdam
3288 3481 3567 3538 immode-

1586 3604 1795 3667 Variae
1853 3603 2189 3667 lectiones.

291 3714 327 3747 "
353 3718 573 3771 Infestat
607 3719 734 3769 Bod.
765 3721 809 3781 1,
845 3720 891 3769 2.
937 3721 1077 3769 Lam.
1122 3723 1272 3771 Ebur.
1311 3722 1415 3772 ΝΟ.
1486 3722 1529 3754 σί
1557 3722 2043 3772 Desideraverunt.
2093 3721 2309 3771 Partem
2361 3722 2471 3783 Rig.
2539 3719 2579 3753 ⁸³
2619 3720 3045 3783 Operationibus
3086 3732 3574 3786 perseveraverant

240 3784 353 3834 Lam.
382 3788 528 3839 Ebor.
563 3790 679 3839 ΝΟ.
713 3791 756 3839 1.
810 3789 1181 3853 Opinionibus
1214 3792 1375 3854 Neap.
1439 3790 1483 3825 ⁸⁴
1518 3792 1771 3843 Meminit
1808 3804 2036 3842 exorare
2086 3794 2175 3839 Ar.
2217 3791 2355 3839 Lam.
2392 3790 2541 3839 Ebor.
2588 3791 2694 3840 ΝΟ.
2740 3792 2783 3839 1.
2827 3792 2950 3840 Bod.
2990 3794 3035 3841 2.
3088 3784 3144 3825 ναῖ’
3175 3794 3390 3844 Divinis
3430 3810 3571 3858 prae-

241 3860 388 3919 ceptis
411 3861 563 3910 mitis
591 3862 751 3911 Oxon.
789 3860 975 3911 Divini
1004 3862 1149 3911 mitis
1180 3863 1317 3912 Lam.
1351 3862 1505 3914 Ebor.
1535 3864 1642 3913 ΝΟ.
1680 3866 1722 3913 1.

1510 3972 1732 4055 Steph.
1781 3972 2027 4035 Baluzii
2070 3974 2269 4033 notas.

289 4093 372 4153 (ει)
399 4096 547 4144 Nihil
575 4097 721 4144 mihi.
764 4097 898 4147 Haec
945 4102 1029 4147 est
1065 4098 1229 4148 lectio
1278 4103 1523 4150 veterum
1574 4099 1841 4149 librorum

240 4168 454 4215 veterum
499 4167 829 4217 editionum.
874 4168 1208 4220 Veronensis
1250 4175 1431 4220 tamen
1471 4176 1525 4220 et
1571 4171 1843 4221 Fuxensis

237 4234 413 4309 babent
456 4254 740 4306 nunquam
784 4243 911 4290 mihi
954 4245 1298 4309 rescripsisse.
1349 4246 1496 4294 Hinc
1541 4259 1670 4307 ergo
1710 4260 1842 4307 pro—

237 4306 354 4357 tecta
379 4318 458 4360 est
487 4313 661 4362 lectio
685 4326 854 4376 quam
882 4306 1182 4377 praeferunt
1222 4316 1495 4366 editiones
1538 4306 1759 4380 Rigaltii
1789 4320 1843 4366 et

235 4379 534 4443 Anglorum.

284 4450 367 4511 {23;
394 4454 650 4513 Quoniam
672 4460 863 4503 tamen.
893 4455 1032 4505 Vide
1068 4457 1479 4508 Ferdinandum
1518 4459 1839 4510 Mendozam

236 4518 287 4565 ad
315 4535 582 4575 canonem
613 4527 677 4575 3?.
708 4526 1125 4578 Illiberitanum.

289 4592 366 4649 [ἐϐ]
396 4595 540 4653 Quod
574 4601 777 4659 tempus
822 4596 1208 4659 inﬁrmitatibus
1251 4600 1498 4650 assiduis.
1540 4600 1633 4650 Sic
1678 4601 1835 4651 Ruri-

234 4664 350 4734 cius,
376 4665 464 4714 lib.
499 4680 559 4724 n,
614 4669 773 4729 epist.
820 4670 900 4727 32,
944 4683 1000 4719 se
1036 4684 1308 4721 excusans
1351 4672 1494 4734 apud
1537 4672 1840 4721 Caesarium

235 4733 590 4786 Arelatensem
624 4737 775 4801 quod
816 4740 1119 4802 Agathensi
1162 4733 1530 4805 synodoinon
1566 4744 1841 4793 interfuis-

233 4808 317 4861 set,
343 4808 417 4855 ait
444 4821 561 4857 non
596 4812 846 4871 potuisse
872 4824 931 4859 se
971 4810 1161 4862 adesse
1204 4819 1427 4876 propter
1473 4818 1640 4862 aestus
1682 4815 1841 4862 istius

235 4876 466 4939 regionis,
507 4881 707 4941 prima:
752 4882 1014 4929 nimirum
1060 4882 1451 4943 Narbonensis,
1488 4884 1542 4931 in
1594 4897 1703 4946 qua
1736 4886 1841 4932 sita

232 4949 299 5017 est
341 4950 553 5012 Agathe
590 4967 602 4997 :
638 4967 667 4998 α
697 4950 839 5012 Quia
878 4954 1082 5002 aestivis
1121 4955 1287 5004 etiam
1330 4956 1384 5002 in
1422 4954 1657 5017 hospitio
1696 4968 1839 5016 meo,

231 5014 405 5091 inquit,
478 5025 533 5069 et
597 5021 735 5070 locis
784 5023 995 5085 frigidis
1057 5027 1231 5087 ipsam
1301 5014 1839 5075 consuetudinariam

233 5085 590 5139 infirmitatem
625 5095 931 5141 sustentare
970 5085 1094 5143 non
1112 5097 1282 5144 valeo.
1317 5115 1343 5142 ››

285 5158 365 5217 ῖέῖ)
426 5162 491 5210 Et
544 5165 963 5226 praerogativzc...
1026 5173 1253 5228 possunt.
1321 5168 1450 5227 Ista,
1514 5180 1639 5230 quas
1693 5172 1841 5217 certe

232 5234 519 5302 gecessaria
563 5247 679 5281 non
712 5238 862 5295 sunt,
910 5235 1109 5286 desunt
1156 5239 1212 5285 in
1261 5252 1358 5287 sex
1391 5238 1546 5287 libris
1580 5239 1841 5302 antiquis.

232 5295 347 5372 Esse
375 5307 565 5353 tamen
614 5304 875 5368 Cypriani
919 5312 1073 5370 putat
1122 5309 1417 5368 Pamelius,
1463 5311 1543 5359 uti
1583 5322 1683 5372 ego
1714 5295 1843 5359 'non

233 5369 449 5443 difﬁteor
472 5379 621 5441 quin
650 5379 857 5439 possint
886 5392 1008 5429 esse
1056 5378 1331 5443 Cypriani.
1376 5369 1661 5431 Manutius
1694 5381 1844 5430 addi-

235 5440 298 5513 dit
318 5457 379 5493 ex
410 5440 612 5497 codice
652 5447 972 5510 Veronensi,
1000 5454 1059 5499 ut
1091 5440 1300 5513 opinor.
1328 5452 1560 5501 Exstant
1608 5454 1756 5502 enim
1786 5453 1841 5499 in

235 5508 468 5578 Furensi,
503 5531 680 5581 quem
722 5524 859 5581 puto
888 5508 1225 5585 descriptum
1264 5535 1385 5573 esse
1425 5536 1500 5573 ex
1538 5523 1844 5573 Veronensi

1860 4412 1919 4482 D

1944 4098 2255 4147 Pwnilentin
2300 4101 2345 4144 et
2393 4095 2817 4145 reconciliatione
2842 4098 3031 4146 releras
3068 4097 3304 4148 Ecclesia
3339 4102 3571 4154 moribus

1942 4174 2164 4231 recepta,
2212 4182 2329 4229 cap.
2374 4168 2403 4216 :2
2430 4172 2483 4216 et
2507 4168 2552 4215 4.

2006 4242 2097 4303 (29)
2148 4238 2569 4310 Exomologesin.
2619 4238 2757 4288 Vide
2800 4239 3052 4288 eamdem
3097 4240 3404 4305 diatribam,
3448 4259 3566 4310 cap.

1946 4312 1962 4358 t
2022 4317 2075 4361 et
2130 4311 2177 4369 2,
2236 4314 2286 4359 et
2337 4308 2859 4360 Animadversiones
2922 4312 3169 4373 ejusdem
3232 4315 3438 4365 Petavii
3498 4308 3572 4368 ad

1944 4382 2305 4445 Epitaphium,
2362 4394 2412 4443 p.
2464 4381 2543 4441 7t,
2592 4380 2685 4429 233
2731 4385 2787 4430 et
2829 4380 2939 4441 230,
2989 4381 3248 4433 editionis
3292 4387 3577 4447 Parisien-

1942 4467 2034 4502 SlS.

2004 4524 2099 4585 (30)
2146 4524 2570 4585 Inscriptionem
2633 4523 2802 4584 hujus
2839 4522 3103 4584 Epistolas
3155 4526 3319 4575 talem
3370 4532 3563 4591 posui;

1941 4597 2161 4647 dualem
2211 4594 2387 4657 reperi
2432 4596 2486 4641 in
2542 4592 2817 4665 omnibus,
2846 4594 3089 4656 antiquis
3138 4600 3563 4665 exemplaribus,

1942 4668 2160 4718 duobus
2191 4667 2454 4727 exceptis,
2488 4665 2543 4713 in
2574 4665 2777 4727 quibus
2808 4664 3006 4726 legitur
3039 4666 3417 4717 eucharistiam
3464 4686 3563 4734 pro

1940 4754 2135 4802 pacem.
2180 4738 2303 4798 Quo
2336 4737 2499 4785 etiam
2548 4736 2711 4785 modo
2756 4735 2953 4795 legitur
2997 4736 3051 4783 in
3095 4742 3279 4788 vetere
3324 4740 3566 4794 editione

1944 4811 2173 4865 Veneta,
2207 4809 2263 4855 in
2299 4820 2363 4856 ea
2393 4820 2559 4869 quam
2598 4805 2919 4855 Remboltus
2950 4807 3149 4868 emisit,
3177 4813 3231 4857 et
3273 4811 3327 4858 in
3362 4813 3566 4863 editio-

1942 4882 2107 4929 nibus
2132 4879 2341 4928 Erasmi
2376 4881 2428 4926 et
2459 4877 2703 4927 Morellii.
2736 4876 2844 4925 Sed
2886 4876 3177 4939 Spirensis,
3226 4880 3564 4947 Manutiana,

1943 4956 2174 5010 caeteras,
2224 4950 2432 4998 habent
2485 4962 2676 5010 pacem.
2724 4947 2887 5009 Angli
2929 4949 3085 4998 aliter
3129 4961 3433 5012 posuerunt
3467 4973 3566 5020 pro

1944 5028 2107 5086 captu
2133 5021 2339 5084 ingenii
2368 5020 2470 5067 sui.

2003 5096 2099 5155 (31;
2138 5092 2320 5165 omini
2351 5092 2610 5165 praecepti
2651 5103 2861 5165 memor.
2894 5091 3107 5165 _Locpm
3150 5094 3301 5146 hunc
3350 5103 3569 5165 supple-

1941 5167 2123 5216 vimus
2171 5178 2239 5214 ex
2292 5162 2400 5211 ﬁde
2462 5162 2662 5235 vetusti
2712 5161 2943 5235 codicis
3004 5162 3251 5226 Regiani.
3330 5161 3569 5235 Respicit

1943 5240 2127 5286 autem
2188 5234 2497 5297 Cyprianus
2562 5231 2632 5282 ad
2708 5231 2845 5280 illud
2901 5232 3189 5296 Evangelii
3257 5231 3568 5294 secundum

1944 5307 2264 5358 Mattbmum
2296 5321 2305 5353 :
2338 5305 2535 5353 Discite
2584 5318 2619 5352 a
2661 5317 2741 5351 me
2779 5304 2905 5366 quia
2954 5306 3099 5353 mitis
3137 5319 3251 5357 sum
3286 5317 3331 5360 et
3358 5312 3569 5366 humilis

1943 5377 2113 5427 corde.

2007 5449 2101 5511 (3:2)
2133 5445 2394 5509 Operibus.
2431 5446 2508 5495 Ita
2548 5443 2724 5495 codex
2766 5447 2941 5496 sancti
2984 5448 3237 5511 Dionysii
3282 5452 3571 5507 Remensis

1946 5524 1997 5569 et
2028 5519 2588 5581 Gratianopotitanus,
2618 5520 2735 5565 tum
2760 5518 2922 5566 etiam
2956 5523 3117 5567 vetus
3152 5521 3318 5571 editio
3362 5525 3576 5579 Veneta

1946 5595 1999 5640 et
2025 5589 2359 5641 Morelliana.
2394 5589 2533 5639 Alia:
2561 5592 2776 5639 veteres
2806 5588 3079 5639 editiones
3124 5597 3182 5639 et
3221 5606 3420 5642 novem
3450 5597 3580 5647 libri

239 5656 461 5730 etiamin
491 5659 742 5710 editione
767 5662 1015 5713 Morellii.
1946 5666 2159 5713 veteres
2206 5659 2418 5712 habent
2470 5659 2819 5723 Opinionibus.
2873 5660 2990 5722 Ego
3044 5663 3277 5722 praefero
3328 5664 3594 5730 operibus,

285 5726 369 5792 (28]
396 5731 555 5794 Apud
604 5731 900 5782 diaconum.
954 5733 1094 5785 Vide
1145 5735 1354 5787 Petavii
1412 5734 1711 5787 diatribum
1783 5734 1845 5786 de
1946 5747 2083 5785 voce
2114 5737 2273 5785 sueta
2303 5736 2494 5786 sancto
2524 5729 2772 5797 Martyri.

544 5818 824 5890 ΡΑτιοι..
873 5821 974 5891 IV.
3237 5825 3273 5886 9

238 5591 400 5636 ante:
439 5591 554 5638 alio
598 5590 839 5651 quodam
879 5593 1066 5653 simili,
1111 5598 1163 5644 et
1204 5595 1260 5642 in
1300 5595 1581 5644 Beccensi.
1612 5595 1848 5643 Exstant
