  <div class='ocr_page' id='page_1' title='image "/cluster/home/n/w/nwhite01/storage/ocr_20150623/4/hvd.32044073549446/139.png"; bbox 0 0 4160 6216; ppageno 0'>
   <div class='ocr_carea' id='block_1_1' title="bbox 603 284 2220 372">
    <p class='ocr_par' dir='ltr' id='par_1_1' title="bbox 603 284 2220 372">
     <span class='ocr_line' id='line_1_1' title="bbox 603 284 2220 372; baseline -0.001 -2"><span class='ocrx_word' id='word_1_1' title='bbox 603 319 704 372; x_wconf 83' lang='lat'>267</span> <span class='ocrx_word' id='word_1_2' title='bbox 1350 284 1351 287; x_wconf 5' lang='grc' dir='ltr'>γ</span> <span class='ocrx_word' id='word_1_3' title='bbox 1440 302 1441 305; x_wconf 69' lang='lat'>‘</span> <span class='ocrx_word' id='word_1_4' title='bbox 1524 313 1578 367; x_wconf 90' lang='lat' dir='ltr'>s.</span> <span class='ocrx_word' id='word_1_5' title='bbox 1623 310 1939 367; x_wconf 81' lang='lat' dir='ltr'>CYPRIANI</span> <span class='ocrx_word' id='word_1_6' title='bbox 1981 312 2220 369; x_wconf 82' lang='lat' dir='ltr'>OPERUl</span> 
     </span>
    </p>
   </div>
   <div class='ocr_carea' id='block_1_2' title="bbox 2329 284 3949 372">
    <p class='ocr_par' dir='ltr' id='par_1_2' title="bbox 2329 312 3949 369">
     <span class='ocr_line' id='line_1_2' title="bbox 2329 312 3949 369; baseline -0.001 -1"><span class='ocrx_word' id='word_1_7' title='bbox 2329 312 2471 368; x_wconf 74' lang='grc' dir='ltr'>ἈΒὸ</span> <span class='ocrx_word' id='word_1_8' title='bbox 2510 314 2549 367; x_wconf 87' lang='grc'>1.</span> <span class='ocrx_word' id='word_1_9' title='bbox 2582 343 2649 353; x_wconf 93' lang='lat'><strong>-</strong></span> <span class='ocrx_word' id='word_1_10' title='bbox 2689 313 3046 369; x_wconf 62' lang='lat' dir='ltr'>EPISTOLIE.</span> <span class='ocrx_word' id='word_1_11' title='bbox 3101 353 3110 361; x_wconf 91' lang='lat'>.</span> <span class='ocrx_word' id='word_1_12' title='bbox 3858 313 3949 367; x_wconf 66' lang='lat'>268</span> 
     </span>
    </p>
   </div>
   <div class='ocr_carea' id='block_1_3' title="bbox 603 434 3956 523">
    <p class='ocr_par' dir='ltr' id='par_1_3' title="bbox 603 434 3956 523">
     <span class='ocr_line' id='line_1_3' title="bbox 603 434 3956 523; baseline -0.001 -28"><span class='ocrx_word' id='word_1_13' title='bbox 603 443 754 494; x_wconf 90' lang='lat' dir='ltr'>ratos</span> <span class='ocrx_word' id='word_1_14' title='bbox 784 452 901 493; x_wconf 89' lang='lat' dir='ltr'>esse</span> <span class='ocrx_word' id='word_1_15' title='bbox 927 441 984 491; x_wconf 91' lang='lat' dir='ltr'>et</span> <span class='ocrx_word' id='word_1_16' title='bbox 1018 434 1601 490; x_wconf 79' lang='lat' dir='ltr'>communicationem</span> <span class='ocrx_word' id='word_1_17' title='bbox 1639 436 2029 507; x_wconf 84' lang='lat' dir='ltr'>accipiendam</span> <span class='ocrx_word' id='word_1_18' title='bbox 2066 436 2225 491; x_wconf 89' lang='lat' dir='ltr'>festi-</span> <span class='ocrx_word' id='word_1_19' title='bbox 2252 436 2583 523; x_wconf 74' lang='lat' dir='ltr'>Aquotidie</span> <span class='ocrx_word' id='word_1_20' title='bbox 2624 436 2959 491; x_wconf 76' lang='lat' dir='ltr'>celebratur.</span> <span class='ocrx_word' id='word_1_21' title='bbox 3005 435 3057 491; x_wconf 91' lang='lat' dir='ltr'>Si</span> <span class='ocrx_word' id='word_1_22' title='bbox 3109 436 3389 491; x_wconf 86' lang='lat' dir='ltr'>commissi</span> <span class='ocrx_word' id='word_1_23' title='bbox 3436 452 3571 491; x_wconf 88' lang='lat' dir='ltr'>vere</span> <span class='ocrx_word' id='word_1_24' title='bbox 3615 438 3677 490; x_wconf 90' lang='lat' dir='ltr'>et</span> <span class='ocrx_word' id='word_1_25' title='bbox 3721 436 3956 491; x_wconf 75' lang='lat' dir='ltr'>ﬁrmiter</span> 
     </span>
    </p>
   </div>
   <div class='ocr_carea' id='block_1_4' title="bbox 603 528 3950 602">
    <p class='ocr_par' dir='ltr' id='par_1_4' title="bbox 603 528 3950 602">
     <span class='ocr_line' id='line_1_4' title="bbox 603 528 3950 602; baseline -0.001 -14"><span class='ocrx_word' id='word_1_26' title='bbox 603 538 808 588; x_wconf 91' lang='lat' dir='ltr'>nanter</span> <span class='ocrx_word' id='word_1_27' title='bbox 831 545 1055 601; x_wconf 89' lang='lat' dir='ltr'>urgere,</span> <span class='ocrx_word' id='word_1_28' title='bbox 1090 533 1147 583; x_wconf 92' lang='lat' dir='ltr'>et</span> <span class='ocrx_word' id='word_1_29' title='bbox 1174 528 1530 583; x_wconf 78' lang='lat' dir='ltr'>desiderastis</span> <span class='ocrx_word' id='word_1_30' title='bbox 1558 528 1617 582; x_wconf 91' lang='lat' dir='ltr'>in</span> <span class='ocrx_word' id='word_1_31' title='bbox 1664 529 1767 583; x_wconf 91' lang='lat' dir='ltr'>hac</span> <span class='ocrx_word' id='word_1_32' title='bbox 1814 545 1875 583; x_wconf 91' lang='lat' dir='ltr'>re</span> <span class='ocrx_word' id='word_1_33' title='bbox 1912 530 2165 585; x_wconf 88' lang='lat' dir='ltr'>formam</span> <span class='ocrx_word' id='word_1_34' title='bbox 2195 549 2227 585; x_wconf 90' lang='lat' dir='ltr'>a</span> <span class='ocrx_word' id='word_1_35' title='bbox 2331 530 2567 601; x_wconf 87' lang='lat' dir='ltr'>poenitet</span> <span class='ocrx_word' id='word_1_36' title='bbox 2594 533 2649 584; x_wconf 88' lang='lat' dir='ltr'>et</span> <span class='ocrx_word' id='word_1_37' title='bbox 2678 529 2808 584; x_wconf 77' lang='lat' dir='ltr'>fidei</span> <span class='ocrx_word' id='word_1_38' title='bbox 2853 530 3008 584; x_wconf 90' lang='lat' dir='ltr'>calor</span> <span class='ocrx_word' id='word_1_39' title='bbox 3036 531 3307 601; x_wconf 65' lang='lat' dir='ltr'>praevalet</span> <span class='ocrx_word' id='word_1_40' title='bbox 3335 531 3404 599; x_wconf 71' lang='grc'>⁵⁸,</span> <span class='ocrx_word' id='word_1_41' title='bbox 3449 530 3547 602; x_wconf 88' lang='lat' dir='ltr'>qui</span> <span class='ocrx_word' id='word_1_42' title='bbox 3590 529 3808 585; x_wconf 77' lang='lat' dir='ltr'>diﬂ&#39;erri</span> <span class='ocrx_word' id='word_1_43' title='bbox 3845 546 3950 585; x_wconf 89' lang='lat' dir='ltr'>non</span> 
     </span>
    </p>
   </div>
   <div class='ocr_carea' id='block_1_5' title="bbox 603 622 3954 695">
    <p class='ocr_par' dir='ltr' id='par_1_5' title="bbox 603 622 3954 695">
     <span class='ocr_line' id='line_1_5' title="bbox 603 622 3954 695; baseline -0.001 -15"><span class='ocrx_word' id='word_1_44' title='bbox 603 643 695 680; x_wconf 90' lang='lat' dir='ltr'>me</span> <span class='ocrx_word' id='word_1_45' title='bbox 722 624 876 679; x_wconf 84' lang='lat' dir='ltr'>vobis</span> <span class='ocrx_word' id='word_1_46' title='bbox 898 623 1002 694; x_wconf 88' lang='lat'>(33)</span> <span class='ocrx_word' id='word_1_47' title='bbox 1032 622 1177 689; x_wconf 89' lang='lat' dir='ltr'>dari,</span> <span class='ocrx_word' id='word_1_48' title='bbox 1200 623 1334 678; x_wconf 88' lang='lat' dir='ltr'>satis</span> <span class='ocrx_word' id='word_1_49' title='bbox 1362 622 1531 693; x_wconf 88' lang='lat' dir='ltr'>plene</span> <span class='ocrx_word' id='word_1_50' title='bbox 1559 622 1842 693; x_wconf 84' lang='lat' dir='ltr'>scripsisse</span> <span class='ocrx_word' id='word_1_51' title='bbox 1871 640 1961 678; x_wconf 88' lang='lat' dir='ltr'>me</span> <span class='ocrx_word' id='word_1_52' title='bbox 1985 625 2052 679; x_wconf 85' lang='lat' dir='ltr'>ad</span> <span class='ocrx_word' id='word_1_53' title='bbox 2082 623 2228 679; x_wconf 90' lang='lat' dir='ltr'>hanc</span> <span class='ocrx_word' id='word_1_54' title='bbox 2328 627 2534 694; x_wconf 83' lang='lat' dir='ltr'>potest,</span> <span class='ocrx_word' id='word_1_55' title='bbox 2582 626 2769 695; x_wconf 83' lang='lat' dir='ltr'>potest</span> <span class='ocrx_word' id='word_1_56' title='bbox 2813 624 3094 679; x_wconf 90' lang='lat' dir='ltr'>coronari.</span> <span class='ocrx_word' id='word_1_57' title='bbox 3147 624 3292 694; x_wconf 90' lang='lat' dir='ltr'>Opto</span> <span class='ocrx_word' id='word_1_58' title='bbox 3346 641 3461 693; x_wconf 90' lang='lat' dir='ltr'>vos,</span> <span class='ocrx_word' id='word_1_59' title='bbox 3506 625 3708 679; x_wconf 82' lang='lat' dir='ltr'>fratres</span> <span class='ocrx_word' id='word_1_60' title='bbox 3753 623 3954 678; x_wconf 87' lang='lat' dir='ltr'>charis-</span> 
     </span>
    </p>
   </div>
   <div class='ocr_carea' id='block_1_6' title="bbox 604 715 2227 790">
    <p class='ocr_par' dir='ltr' id='par_1_6' title="bbox 604 715 2227 790">
     <span class='ocr_line' id='line_1_6' title="bbox 604 715 2227 790; baseline -0.001 -16"><span class='ocrx_word' id='word_1_61' title='bbox 604 735 730 774; x_wconf 90' lang='lat' dir='ltr'>rem</span> <span class='ocrx_word' id='word_1_62' title='bbox 771 716 1047 788; x_wconf 80' lang='lat' dir='ltr'>proximis</span> <span class='ocrx_word' id='word_1_63' title='bbox 1081 715 1282 771; x_wconf 86' lang='lat' dir='ltr'>litteris</span> <span class='ocrx_word' id='word_1_64' title='bbox 1331 716 1405 770; x_wconf 89' lang='lat' dir='ltr'>ad</span> <span class='ocrx_word' id='word_1_65' title='bbox 1443 732 1541 770; x_wconf 88' lang='lat' dir='ltr'>vos</span> <span class='ocrx_word' id='word_1_66' title='bbox 1585 716 1748 771; x_wconf 89' lang='lat' dir='ltr'>factis</span> <span class='ocrx_word' id='word_1_67' title='bbox 1787 717 1975 785; x_wconf 85' lang='lat' dir='ltr'>credo,</span> <span class='ocrx_word' id='word_1_68' title='bbox 2017 723 2080 773; x_wconf 90' lang='lat' dir='ltr'>ut</span> <span class='ocrx_word' id='word_1_69' title='bbox 2131 718 2227 790; x_wconf 90' lang='lat' dir='ltr'>qui</span> 
     </span>
    </p>
   </div>
   <div class='ocr_carea' id='block_1_7' title="bbox 601 810 2228 882">
    <p class='ocr_par' dir='ltr' id='par_1_7' title="bbox 601 810 2228 882">
     <span class='ocr_line' id='line_1_7' title="bbox 601 810 2228 882; baseline 0.001 -17"><span class='ocrx_word' id='word_1_70' title='bbox 601 812 856 870; x_wconf 90' lang='lat' dir='ltr'>libellum</span> <span class='ocrx_word' id='word_1_71' title='bbox 917 811 1023 882; x_wconf 78' lang='grc'>(34)</span> <span class='ocrx_word' id='word_1_72' title='bbox 1092 827 1123 863; x_wconf 86' lang='lat' dir='ltr'>a</span> <span class='ocrx_word' id='word_1_73' title='bbox 1191 810 1537 880; x_wconf 82' lang='lat' dir='ltr'>martyribus</span> <span class='ocrx_word' id='word_1_74' title='bbox 1596 814 1941 881; x_wconf 88' lang='lat' dir='ltr'>acceperunt</span> <span class='ocrx_word' id='word_1_75' title='bbox 1993 810 2123 882; x_wconf 80' lang='lat'><strong>(35),</strong></span> <span class='ocrx_word' id='word_1_76' title='bbox 2169 816 2228 867; x_wconf 88' lang='lat' dir='ltr'>et</span> 
     </span>
    </p>
   </div>
   <div class='ocr_carea' id='block_1_8' title="bbox 601 902 2226 974">
    <p class='ocr_par' dir='ltr' id='par_1_8' title="bbox 601 902 2226 974">
     <span class='ocr_line' id='line_1_8' title="bbox 601 902 2226 974; baseline 0 -14"><span class='ocrx_word' id='word_1_77' title='bbox 601 906 808 961; x_wconf 84' lang='lat' dir='ltr'>auxilio</span> <span class='ocrx_word' id='word_1_78' title='bbox 844 920 1044 959; x_wconf 89' lang='lat' dir='ltr'>eorum</span> <span class='ocrx_word' id='word_1_79' title='bbox 1079 902 1331 974; x_wconf 84' lang='lat' dir='ltr'>adjuvari</span> <span class='ocrx_word' id='word_1_80' title='bbox 1372 903 1525 974; x_wconf 92' lang='lat' dir='ltr'>apud</span> <span class='ocrx_word' id='word_1_81' title='bbox 1566 903 1873 958; x_wconf 90' lang='lat' dir='ltr'>Dominum</span> <span class='ocrx_word' id='word_1_82' title='bbox 1910 903 1969 958; x_wconf 88' lang='lat' dir='ltr'>in</span> <span class='ocrx_word' id='word_1_83' title='bbox 2010 905 2226 960; x_wconf 87' lang='lat' dir='ltr'>delictis</span> 
     </span>
    </p>
   </div>
   <div class='ocr_carea' id='block_1_9' title="bbox 602 996 2227 1071">
    <p class='ocr_par' dir='ltr' id='par_1_9' title="bbox 602 996 2227 1071">
     <span class='ocr_line' id='line_1_9' title="bbox 602 996 2227 1071; baseline -0.001 -16"><span class='ocrx_word' id='word_1_84' title='bbox 602 1000 715 1056; x_wconf 87' lang='lat' dir='ltr'>suis</span> <span class='ocrx_word' id='word_1_85' title='bbox 771 1002 1023 1071; x_wconf 89' lang='lat' dir='ltr'>possunt,</span> <span class='ocrx_word' id='word_1_86' title='bbox 1082 996 1126 1051; x_wconf 92' lang='lat' dir='ltr'>si</span> <span class='ocrx_word' id='word_1_87' title='bbox 1168 997 1351 1066; x_wconf 88' lang='lat' dir='ltr'>premi</span> <span class='ocrx_word' id='word_1_88' title='bbox 1394 996 1727 1052; x_wconf 87' lang='lat' dir='ltr'>inﬁrmitate</span> <span class='ocrx_word' id='word_1_89' title='bbox 1768 998 1960 1069; x_wconf 88' lang='lat' dir='ltr'>aliqua</span> <span class='ocrx_word' id='word_1_90' title='bbox 2001 1003 2057 1053; x_wconf 89' lang='lat' dir='ltr'>et</span> <span class='ocrx_word' id='word_1_91' title='bbox 2082 999 2227 1069; x_wconf 90' lang='lat' dir='ltr'>peri-</span> 
     </span>
    </p>
   </div>
   <div class='ocr_carea' id='block_1_10' title="bbox 603 1088 2227 1164">
    <p class='ocr_par' dir='ltr' id='par_1_10' title="bbox 603 1088 2227 1164">
     <span class='ocr_line' id='line_1_10' title="bbox 603 1088 2227 1164; baseline -0.002 -14"><span class='ocrx_word' id='word_1_92' title='bbox 603 1096 729 1151; x_wconf 90' lang='lat' dir='ltr'>culo</span> <span class='ocrx_word' id='word_1_93' title='bbox 778 1091 1073 1164; x_wconf 84' lang='lat' dir='ltr'>coeperint,</span> <span class='ocrx_word' id='word_1_94' title='bbox 1137 1090 1516 1161; x_wconf 84' lang='lat' dir='ltr'>exomologesi</span> <span class='ocrx_word' id='word_1_95' title='bbox 1566 1088 1748 1162; x_wconf 78' lang='grc'>261</span> <span class='ocrx_word' id='word_1_96' title='bbox 1810 1090 1919 1161; x_wconf 86' lang='grc'>(36)</span> <span class='ocrx_word' id='word_1_97' title='bbox 1976 1093 2119 1146; x_wconf 89' lang='lat' dir='ltr'>facta</span> <span class='ocrx_word' id='word_1_98' title='bbox 2171 1097 2227 1148; x_wconf 87' lang='lat' dir='ltr'>et</span> 
     </span>
    </p>
   </div>
   <div class='ocr_carea' id='block_1_11' title="bbox 603 1184 2226 1256">
    <p class='ocr_par' dir='ltr' id='par_1_11' title="bbox 603 1184 2226 1256">
     <span class='ocr_line' id='line_1_11' title="bbox 603 1184 2226 1256; baseline -0.002 -12"><span class='ocrx_word' id='word_1_99' title='bbox 603 1206 778 1246; x_wconf 89' lang='lat' dir='ltr'>manu</span> <span class='ocrx_word' id='word_1_100' title='bbox 829 1188 907 1242; x_wconf 92' lang='lat' dir='ltr'>eis</span> <span class='ocrx_word' id='word_1_101' title='bbox 940 1203 972 1241; x_wconf 86' lang='lat' dir='ltr'>a</span> <span class='ocrx_word' id='word_1_102' title='bbox 1005 1184 1158 1240; x_wconf 85' lang='lat' dir='ltr'>vobis</span> <span class='ocrx_word' id='word_1_103' title='bbox 1204 1184 1261 1239; x_wconf 90' lang='lat' dir='ltr'>in</span> <span class='ocrx_word' id='word_1_104' title='bbox 1310 1184 1702 1255; x_wconf 84' lang='lat' dir='ltr'>paenitentiam</span> <span class='ocrx_word' id='word_1_105' title='bbox 1756 1184 2044 1256; x_wconf 88' lang='lat' dir='ltr'>imposita,</span> <span class='ocrx_word' id='word_1_106' title='bbox 2092 1202 2226 1241; x_wconf 90' lang='lat' dir='ltr'>cum</span> 
     </span>
    </p>
   </div>
   <div class='ocr_carea' id='block_1_12' title="bbox 599 1277 2227 1355">
    <p class='ocr_par' dir='ltr' id='par_1_12' title="bbox 599 1277 2227 1355">
     <span class='ocr_line' id='line_1_12' title="bbox 599 1277 2227 1355; baseline -0.002 -17"><span class='ocrx_word' id='word_1_107' title='bbox 599 1300 735 1355; x_wconf 89' lang='lat' dir='ltr'>pace</span> <span class='ocrx_word' id='word_1_108' title='bbox 768 1280 880 1353; x_wconf 90' lang='lat'>(37)</span> <span class='ocrx_word' id='word_1_109' title='bbox 903 1296 935 1335; x_wconf 90' lang='lat' dir='ltr'>a</span> <span class='ocrx_word' id='word_1_110' title='bbox 964 1278 1307 1351; x_wconf 83' lang='lat' dir='ltr'>martyribus</span> <span class='ocrx_word' id='word_1_111' title='bbox 1355 1277 1457 1331; x_wconf 85' lang='lat' dir='ltr'>sibi</span> <span class='ocrx_word' id='word_1_112' title='bbox 1500 1278 1781 1349; x_wconf 89' lang='lat' dir='ltr'>promissa</span> <span class='ocrx_word' id='word_1_113' title='bbox 1812 1277 1885 1332; x_wconf 87' lang='lat' dir='ltr'>ad</span> <span class='ocrx_word' id='word_1_114' title='bbox 1912 1278 2227 1334; x_wconf 90' lang='lat' dir='ltr'>Dominum</span> 
     </span>
    </p>
   </div>
   <div class='ocr_carea' id='block_1_13' title="bbox 598 1370 2220 1442">
    <p class='ocr_par' dir='ltr' id='par_1_13' title="bbox 598 1370 2220 1442">
     <span class='ocr_line' id='line_1_13' title="bbox 598 1370 2220 1442; baseline -0.004 -10"><span class='ocrx_word' id='word_1_115' title='bbox 598 1377 979 1432; x_wconf 88' lang='lat' dir='ltr'>remittantur.</span> <span class='ocrx_word' id='word_1_116' title='bbox 1030 1372 1231 1428; x_wconf 71' lang='lat' dir='ltr'>Cmteri</span> <span class='ocrx_word' id='word_1_117' title='bbox 1272 1388 1401 1426; x_wconf 88' lang='lat' dir='ltr'>vero</span> <span class='ocrx_word' id='word_1_118' title='bbox 1445 1370 1563 1442; x_wconf 91' lang='lat' dir='ltr'>qui,</span> <span class='ocrx_word' id='word_1_119' title='bbox 1606 1371 1759 1425; x_wconf 90' lang='lat' dir='ltr'>nullo</span> <span class='ocrx_word' id='word_1_120' title='bbox 1799 1370 1989 1426; x_wconf 91' lang='lat' dir='ltr'>libello</span> <span class='ocrx_word' id='word_1_121' title='bbox 2014 1389 2046 1426; x_wconf 89' lang='lat' dir='ltr'>a</span> <span class='ocrx_word' id='word_1_122' title='bbox 2072 1388 2220 1427; x_wconf 88' lang='lat' dir='ltr'>mar-</span> 
     </span>
    </p>
   </div>
   <div class='ocr_carea' id='block_1_14' title="bbox 600 1464 2224 1542">
    <p class='ocr_par' dir='ltr' id='par_1_14' title="bbox 600 1464 2224 1542">
     <span class='ocr_line' id='line_1_14' title="bbox 600 1464 2224 1542; baseline -0.003 -17"><span class='ocrx_word' id='word_1_123' title='bbox 600 1470 816 1542; x_wconf 89' lang='lat' dir='ltr'>tyribus</span> <span class='ocrx_word' id='word_1_124' title='bbox 868 1472 1118 1537; x_wconf 89' lang='lat' dir='ltr'>accepto,</span> <span class='ocrx_word' id='word_1_125' title='bbox 1171 1464 1438 1519; x_wconf 89' lang='lat' dir='ltr'>invidiam</span> <span class='ocrx_word' id='word_1_126' title='bbox 1486 1464 1720 1531; x_wconf 89' lang='lat' dir='ltr'>faciunt,</span> <span class='ocrx_word' id='word_1_127' title='bbox 1783 1465 2057 1536; x_wconf 91' lang='lat' dir='ltr'>quoniam</span> <span class='ocrx_word' id='word_1_128' title='bbox 2109 1482 2224 1520; x_wconf 90' lang='lat' dir='ltr'>non</span> 
     </span>
    </p>
   </div>
   <div class='ocr_carea' id='block_1_15' title="bbox 597 1558 2220 1635">
    <p class='ocr_par' dir='ltr' id='par_1_15' title="bbox 597 1558 2220 1635">
     <span class='ocr_line' id='line_1_15' title="bbox 597 1558 2220 1635; baseline -0.002 -17"><span class='ocrx_word' id='word_1_129' title='bbox 597 1578 927 1635; x_wconf 83' lang='lat' dir='ltr'>paucorum,</span> <span class='ocrx_word' id='word_1_130' title='bbox 955 1576 1062 1614; x_wconf 90' lang='lat' dir='ltr'>nec</span> <span class='ocrx_word' id='word_1_131' title='bbox 1093 1558 1341 1615; x_wconf 73' lang='lat' dir='ltr'>ecclesiae</span> <span class='ocrx_word' id='word_1_132' title='bbox 1372 1558 1543 1612; x_wconf 91' lang='lat' dir='ltr'>unius</span> <span class='ocrx_word' id='word_1_133' title='bbox 1574 1563 1672 1613; x_wconf 90' lang='lat' dir='ltr'>aut</span> <span class='ocrx_word' id='word_1_134' title='bbox 1695 1561 1864 1612; x_wconf 90' lang='lat' dir='ltr'>unius</span> <span class='ocrx_word' id='word_1_135' title='bbox 1895 1558 2220 1629; x_wconf 77' lang='lat' dir='ltr'>provinciae,</span> 
     </span>
    </p>
   </div>
   <div class='ocr_carea' id='block_1_16' title="bbox 598 1652 2222 1723">
    <p class='ocr_par' dir='ltr' id='par_1_16' title="bbox 598 1652 2222 1723">
     <span class='ocr_line' id='line_1_16' title="bbox 598 1652 2222 1723; baseline -0.003 -11"><span class='ocrx_word' id='word_1_136' title='bbox 598 1658 698 1712; x_wconf 91' lang='lat' dir='ltr'>sed</span> <span class='ocrx_word' id='word_1_137' title='bbox 725 1656 898 1711; x_wconf 87' lang='lat' dir='ltr'>totius</span> <span class='ocrx_word' id='word_1_138' title='bbox 924 1654 1073 1708; x_wconf 89' lang='lat' dir='ltr'>orbis</span> <span class='ocrx_word' id='word_1_139' title='bbox 1100 1653 1221 1707; x_wconf 73' lang='lat' dir='ltr'>haec</span> <span class='ocrx_word' id='word_1_140' title='bbox 1244 1669 1410 1707; x_wconf 84' lang='lat' dir='ltr'>causa</span> <span class='ocrx_word' id='word_1_141' title='bbox 1429 1655 1532 1720; x_wconf 91' lang='lat' dir='ltr'>est,</span> <span class='ocrx_word' id='word_1_142' title='bbox 1554 1657 1881 1723; x_wconf 84' lang='lat' dir='ltr'>exspectent</span> <span class='ocrx_word' id='word_1_143' title='bbox 1903 1652 1973 1706; x_wconf 91' lang='lat' dir='ltr'>de</span> <span class='ocrx_word' id='word_1_144' title='bbox 1995 1652 2222 1707; x_wconf 87' lang='lat' dir='ltr'>Domini</span> 
     </span>
    </p>
   </div>
   <div class='ocr_carea' id='block_1_17' title="bbox 596 1745 2218 1822">
    <p class='ocr_par' dir='ltr' id='par_1_17' title="bbox 596 1745 2218 1822">
     <span class='ocr_line' id='line_1_17' title="bbox 596 1745 2218 1822; baseline -0.004 -17"><span class='ocrx_word' id='word_1_145' title='bbox 596 1750 953 1822; x_wconf 78' lang='lat' dir='ltr'>proiectione</span> <span class='ocrx_word' id='word_1_146' title='bbox 999 1746 1262 1802; x_wconf 77' lang='lat' dir='ltr'>Ecclesiae</span> <span class='ocrx_word' id='word_1_147' title='bbox 1311 1745 1486 1816; x_wconf 86' lang='lat' dir='ltr'>ipsius</span> <span class='ocrx_word' id='word_1_148' title='bbox 1512 1745 1622 1817; x_wconf 88' lang='lat'>(38)</span> <span class='ocrx_word' id='word_1_149' title='bbox 1663 1745 1952 1816; x_wconf 87' lang='lat' dir='ltr'>publicam</span> <span class='ocrx_word' id='word_1_150' title='bbox 1997 1762 2218 1817; x_wconf 90' lang='lat' dir='ltr'>pacem.</span> 
     </span>
    </p>
   </div>
   <div class='ocr_carea' id='block_1_18' title="bbox 2327 717 3949 789">
    <p class='ocr_par' dir='ltr' id='par_1_18' title="bbox 2327 717 3949 789">
     <span class='ocr_line' id='line_1_18' title="bbox 2327 717 3949 789; baseline 0 -18"><span class='ocrx_word' id='word_1_151' title='bbox 2327 717 2479 785; x_wconf 88' lang='lat' dir='ltr'>simi,</span> <span class='ocrx_word' id='word_1_152' title='bbox 2522 733 2754 789; x_wconf 88' lang='lat' dir='ltr'>semper</span> <span class='ocrx_word' id='word_1_153' title='bbox 2796 718 2945 771; x_wconf 89' lang='lat' dir='ltr'>bene</span> <span class='ocrx_word' id='word_1_154' title='bbox 2998 718 3187 772; x_wconf 89' lang='lat' dir='ltr'>valere</span> <span class='ocrx_word' id='word_1_155' title='bbox 3250 723 3305 772; x_wconf 93' lang='lat' dir='ltr'>et</span> <span class='ocrx_word' id='word_1_156' title='bbox 3372 718 3555 772; x_wconf 88' lang='lat' dir='ltr'>nostri</span> <span class='ocrx_word' id='word_1_157' title='bbox 3611 717 3949 772; x_wconf 90' lang='lat' dir='ltr'>meminisse.</span> 
     </span>
    </p>
   </div>
   <div class='ocr_carea' id='block_1_19' title="bbox 2327 810 3953 879">
    <p class='ocr_par' dir='ltr' id='par_1_19' title="bbox 2327 810 3953 879">
     <span class='ocr_line' id='line_1_19' title="bbox 2327 810 3953 879; baseline 0.001 -16"><span class='ocrx_word' id='word_1_158' title='bbox 2327 810 2762 865; x_wconf 81' lang='lat' dir='ltr'>Fraternitatem</span> <span class='ocrx_word' id='word_1_159' title='bbox 2797 811 3119 866; x_wconf 84' lang='lat' dir='ltr'>universam</span> <span class='ocrx_word' id='word_1_160' title='bbox 3167 827 3296 867; x_wconf 92' lang='lat' dir='ltr'>meo</span> <span class='ocrx_word' id='word_1_161' title='bbox 3332 812 3568 867; x_wconf 88' lang='lat' dir='ltr'>nomine</span> <span class='ocrx_word' id='word_1_162' title='bbox 3611 811 3871 879; x_wconf 85' lang='lat' dir='ltr'>salutate,</span> <span class='ocrx_word' id='word_1_163' title='bbox 3900 815 3953 864; x_wconf 92' lang='lat' dir='ltr'>et</span> 
     </span>
    </p>
   </div>
   <div class='ocr_carea' id='block_1_20' title="bbox 2325 904 3640 960">
    <p class='ocr_par' dir='ltr' id='par_1_20' title="bbox 2325 904 3640 960">
     <span class='ocr_line' id='line_1_20' title="bbox 2325 904 3640 960; baseline 0.002 -3"><span class='ocrx_word' id='word_1_164' title='bbox 2325 908 2387 958; x_wconf 90' lang='lat' dir='ltr'>ut</span> <span class='ocrx_word' id='word_1_165' title='bbox 2420 905 2594 959; x_wconf 89' lang='lat' dir='ltr'>nostri</span> <span class='ocrx_word' id='word_1_166' title='bbox 2626 921 2905 959; x_wconf 88' lang='lat' dir='ltr'>memores</span> <span class='ocrx_word' id='word_1_167' title='bbox 2934 904 3045 958; x_wconf 84' lang='lat' dir='ltr'>sint</span> <span class='ocrx_word' id='word_1_168' title='bbox 3066 904 3395 960; x_wconf 88' lang='lat' dir='ltr'>admonete.</span> <span class='ocrx_word' id='word_1_169' title='bbox 3429 906 3640 960; x_wconf 84' lang='lat' dir='ltr'>Valete.</span> 
     </span>
    </p>
   </div>
   <div class='ocr_carea' id='block_1_21' title="bbox 2819 1016 3460 1086">
    <p class='ocr_par' dir='ltr' id='par_1_21' title="bbox 2819 1016 3460 1086">
     <span class='ocr_line' id='line_1_21' title="bbox 2819 1016 3460 1086; baseline 0.002 -16"><span class='ocrx_word' id='word_1_170' title='bbox 2819 1016 3135 1073; x_wconf 83' lang='lat' dir='ltr'>EPISTOLA</span> <span class='ocrx_word' id='word_1_171' title='bbox 3174 1017 3285 1071; x_wconf 82' lang='lat' dir='ltr'>XIV</span> <span class='ocrx_word' id='word_1_172' title='bbox 3331 1017 3460 1086; x_wconf 68' lang='lat'><strong>(43).</strong></span> 
     </span>
    </p>
   </div>
   <div class='ocr_carea' id='block_1_22' title="bbox 2325 1116 3949 1182">
    <p class='ocr_par' dir='ltr' id='par_1_22' title="bbox 2325 1116 3949 1182">
     <span class='ocr_line' id='line_1_22' title="bbox 2325 1116 3949 1182; baseline 0.001 -16"><span class='ocrx_word' id='word_1_173' title='bbox 2325 1117 2564 1181; x_wconf 87' lang='lat' dir='ltr'>(Erasm.,</span> <span class='ocrx_word' id='word_1_174' title='bbox 2595 1122 2715 1179; x_wconf 81' lang='lat'>111,5</span> <span class='ocrx_word' id='word_1_175' title='bbox 2733 1133 2749 1180; x_wconf 87' lang='lat'>;</span> <span class='ocrx_word' id='word_1_176' title='bbox 2783 1118 2997 1178; x_wconf 88' lang='lat' dir='ltr'>Pamel.,</span> <span class='ocrx_word' id='word_1_177' title='bbox 3021 1129 3119 1180; x_wconf 81' lang='lat' dir='ltr'>xv;</span> <span class='ocrx_word' id='word_1_178' title='bbox 3147 1118 3352 1182; x_wconf 67' lang='lat' dir='ltr'>Rigalt.</span> <span class='ocrx_word' id='word_1_179' title='bbox 3393 1118 3583 1178; x_wconf 88' lang='lat' dir='ltr'>Baluz.,</span> <span class='ocrx_word' id='word_1_180' title='bbox 3622 1116 3802 1179; x_wconf 67' lang='lat' dir='ltr'>Paris,</span> <span class='ocrx_word' id='word_1_181' title='bbox 3833 1128 3949 1179; x_wconf 87' lang='lat' dir='ltr'>x1v;</span> 
     </span>
    </p>
   </div>
   <div class='ocr_carea' id='block_1_23' title="bbox 2870 1188 3408 1253">
    <p class='ocr_par' dir='ltr' id='par_1_23' title="bbox 2870 1188 3408 1253">
     <span class='ocr_line' id='line_1_23' title="bbox 2870 1188 3408 1253; baseline 0.002 -15"><span class='ocrx_word' id='word_1_182' title='bbox 2870 1189 3059 1251; x_wconf 80' lang='lat' dir='ltr'>Oxon.,</span> <span class='ocrx_word' id='word_1_183' title='bbox 3099 1188 3256 1253; x_wconf 88' lang='lat' dir='ltr'>Lips.,</span> <span class='ocrx_word' id='word_1_184' title='bbox 3295 1191 3408 1251; x_wconf 88' lang='lat' dir='ltr'>xx.)</span> 
     </span>
    </p>
   </div>
   <div class='ocr_carea' id='block_1_24' title="bbox 2322 1288 3948 1330">
    <p class='ocr_par' dir='ltr' id='par_1_24' title="bbox 2322 1288 3948 1330">
     <span class='ocr_line' id='line_1_24' title="bbox 2322 1288 3948 1330; baseline -0.001 -2"><span class='ocrx_word' id='word_1_185' title='bbox 2322 1290 2392 1328; x_wconf 81' lang='lat' dir='ltr'>AD</span> <span class='ocrx_word' id='word_1_186' title='bbox 2451 1288 2821 1330; x_wconf 80' lang='lat' dir='ltr'>PRESBYTEROS</span> <span class='ocrx_word' id='word_1_187' title='bbox 2882 1290 2941 1329; x_wconf 81' lang='lat' dir='ltr'><strong>ET</strong></span> <span class='ocrx_word' id='word_1_188' title='bbox 2997 1289 3267 1329; x_wconf 75' lang='lat' dir='ltr'>DIACONOS</span> <span class='ocrx_word' id='word_1_189' title='bbox 3329 1290 3491 1328; x_wconf 69' lang='grc' dir='ltr'>ΒΟΙΒ</span> <span class='ocrx_word' id='word_1_190' title='bbox 3545 1289 3948 1330; x_wconf 78' lang='lat' dir='ltr'>CONSISTENTES.</span> 
     </span>
    </p>
   </div>
   <div class='ocr_carea' id='block_1_25' title="bbox 2325 1365 3951 1439">
    <p class='ocr_par' dir='ltr' id='par_1_25' title="bbox 2325 1365 3951 1439">
     <span class='ocr_line' id='line_1_25' title="bbox 2325 1365 3951 1439; baseline 0 -18"><span class='ocrx_word' id='word_1_191' title='bbox 2325 1365 2521 1439; x_wconf 83' lang='grc'>262</span> <span class='ocrx_word' id='word_1_192' title='bbox 2558 1371 2957 1425; x_wconf 71' lang='lat' dir='ltr'>Alienum-r1111.</span> <span class='ocrx_word' id='word_1_193' title='bbox 2987 1398 3056 1408; x_wconf 95' lang='lat'><strong>—</strong></span> <span class='ocrx_word' id='word_1_194' title='bbox 3094 1369 3331 1423; x_wconf 83' lang='lat' dir='ltr'>Secessus</span> <span class='ocrx_word' id='word_1_195' title='bbox 3357 1370 3446 1423; x_wconf 86' lang='lat' dir='ltr'>sui</span> <span class='ocrx_word' id='word_1_196' title='bbox 3471 1374 3523 1423; x_wconf 86' lang='lat' dir='ltr'>et</span> <span class='ocrx_word' id='word_1_197' title='bbox 3543 1383 3726 1423; x_wconf 86' lang='lat' dir='ltr'>eorum</span> <span class='ocrx_word' id='word_1_198' title='bbox 3752 1384 3868 1438; x_wconf 64' lang='lat' dir='ltr'>quae</span> <span class='ocrx_word' id='word_1_199' title='bbox 3894 1370 3951 1421; x_wconf 88' lang='lat' dir='ltr'>in</span> 
     </span>
    </p>
   </div>
   <div class='ocr_carea' id='block_1_26' title="bbox 2394 1459 3958 1526">
    <p class='ocr_par' dir='ltr' id='par_1_26' title="bbox 2394 1459 3958 1526">
     <span class='ocr_line' id='line_1_26' title="bbox 2394 1459 3958 1526; baseline -0.001 -14"><span class='ocrx_word' id='word_1_200' title='bbox 2394 1459 2489 1512; x_wconf 83' lang='lat' dir='ltr'>ilio</span> <span class='ocrx_word' id='word_1_201' title='bbox 2513 1462 2697 1525; x_wconf 80' lang='lat' dir='ltr'>gessit,</span> <span class='ocrx_word' id='word_1_202' title='bbox 2725 1461 2988 1514; x_wconf 85' lang='lat' dir='ltr'>rationem</span> <span class='ocrx_word' id='word_1_203' title='bbox 3029 1459 3235 1526; x_wconf 83' lang='lat' dir='ltr'>reddit,</span> <span class='ocrx_word' id='word_1_204' title='bbox 3286 1461 3469 1514; x_wconf 87' lang='lat' dir='ltr'>missis</span> <span class='ocrx_word' id='word_1_205' title='bbox 3512 1461 3738 1515; x_wconf 80' lang='lat' dir='ltr'>Romam</span> <span class='ocrx_word' id='word_1_206' title='bbox 3776 1461 3833 1512; x_wconf 85' lang='lat' dir='ltr'>in</span> <span class='ocrx_word' id='word_1_207' title='bbox 3870 1459 3958 1512; x_wconf 89' lang='lat' dir='ltr'>sui</span> 
     </span>
    </p>
   </div>
   <div class='ocr_carea' id='block_1_27' title="bbox 2388 1548 3952 1618">
    <p class='ocr_par' dir='ltr' id='par_1_27' title="bbox 2388 1548 3952 1618">
     <span class='ocr_line' id='line_1_27' title="bbox 2388 1548 3952 1618; baseline -0.001 -16"><span class='ocrx_word' id='word_1_208' title='bbox 2388 1551 2788 1617; x_wconf 78' lang='lat' dir='ltr'>purgationem,</span> <span class='ocrx_word' id='word_1_209' title='bbox 2821 1565 2955 1618; x_wconf 88' lang='lat' dir='ltr'>quas</span> <span class='ocrx_word' id='word_1_210' title='bbox 2978 1549 3054 1603; x_wconf 84' lang='lat' dir='ltr'>ad</span> <span class='ocrx_word' id='word_1_211' title='bbox 3092 1563 3215 1603; x_wconf 86' lang='lat' dir='ltr'>suos</span> <span class='ocrx_word' id='word_1_212' title='bbox 3257 1551 3566 1618; x_wconf 81' lang='lat' dir='ltr'>scripserat,</span> <span class='ocrx_word' id='word_1_213' title='bbox 3607 1548 3952 1617; x_wconf 82' lang='lat' dir='ltr'>epistolarum</span> 
     </span>
    </p>
   </div>
   <div class='ocr_carea' id='block_1_28' title="bbox 2394 1635 3949 1707">
    <p class='ocr_par' dir='ltr' id='par_1_28' title="bbox 2394 1635 3949 1707">
     <span class='ocr_line' id='line_1_28' title="bbox 2394 1635 3949 1707; baseline -0.003 -15"><span class='ocrx_word' id='word_1_214' title='bbox 2394 1638 2668 1707; x_wconf 69' lang='lat' dir='ltr'>exemplis,</span> <span class='ocrx_word' id='word_1_215' title='bbox 2696 1639 2801 1692; x_wconf 88' lang='lat' dir='ltr'>imo</span> <span class='ocrx_word' id='word_1_216' title='bbox 2830 1638 3020 1693; x_wconf 85' lang='lat' dir='ltr'>iisdem</span> <span class='ocrx_word' id='word_1_217' title='bbox 3058 1638 3255 1706; x_wconf 85' lang='lat' dir='ltr'>quibus</span> <span class='ocrx_word' id='word_1_218' title='bbox 3300 1637 3413 1692; x_wconf 78' lang='lat' dir='ltr'>illic</span> <span class='ocrx_word' id='word_1_219' title='bbox 3438 1637 3612 1691; x_wconf 80' lang='lat' dir='ltr'>verbis</span> <span class='ocrx_word' id='word_1_220' title='bbox 3637 1637 3833 1689; x_wconf 84' lang='lat' dir='ltr'>utitur.</span> <span class='ocrx_word' id='word_1_221' title='bbox 3863 1635 3949 1701; x_wconf 85' lang='lat' dir='ltr'>Cf.</span> 
     </span>
    </p>
   </div>
   <div class='ocr_carea' id='block_1_29' title="bbox 2394 1727 3759 1797">
    <p class='ocr_par' dir='ltr' id='par_1_29' title="bbox 2394 1727 3759 1797">
     <span class='ocr_line' id='line_1_29' title="bbox 2394 1727 3759 1797; baseline 0.001 -17"><span class='ocrx_word' id='word_1_222' title='bbox 2394 1728 2551 1797; x_wconf 85' lang='lat' dir='ltr'>epist.</span> <span class='ocrx_word' id='word_1_223' title='bbox 2581 1729 2669 1793; x_wconf 83' lang='lat'>22,</span> <span class='ocrx_word' id='word_1_224' title='bbox 2699 1727 2772 1780; x_wconf 85' lang='lat' dir='ltr'>ad</span> <span class='ocrx_word' id='word_1_225' title='bbox 2797 1727 2938 1782; x_wconf 84' lang='lat' dir='ltr'>Cler.</span> <span class='ocrx_word' id='word_1_226' title='bbox 2968 1730 3120 1784; x_wconf 88' lang='lat' dir='ltr'>Rom.</span> <span class='ocrx_word' id='word_1_227' title='bbox 3748 1731 3759 1741; x_wconf 78' lang='lat'><strong><em>‘</em></strong></span> 
     </span>
    </p>
   </div>
   <div class='ocr_carea' id='block_1_30' title="bbox 598 1817 3956 1910">
    <p class='ocr_par' dir='ltr' id='par_1_30' title="bbox 598 1817 3956 1910">
     <span class='ocr_line' id='line_1_30' title="bbox 598 1817 3956 1910; baseline -0.002 -11"><span class='ocrx_word' id='word_1_228' title='bbox 598 1817 707 1899; x_wconf 65' lang='lat' dir='ltr'>lloc</span> <span class='ocrx_word' id='word_1_229' title='bbox 735 1844 894 1898; x_wconf 92' lang='lat' dir='ltr'>enim</span> <span class='ocrx_word' id='word_1_230' title='bbox 919 1847 975 1897; x_wconf 90' lang='lat' dir='ltr'>et</span> <span class='ocrx_word' id='word_1_231' title='bbox 1000 1839 1357 1896; x_wconf 66' lang='lat' dir='ltr'>verecundiae</span> <span class='ocrx_word' id='word_1_232' title='bbox 1397 1843 1453 1894; x_wconf 89' lang='lat' dir='ltr'>et</span> <span class='ocrx_word' id='word_1_233' title='bbox 1496 1839 1814 1909; x_wconf 68' lang='lat' dir='ltr'>disciplinis</span> <span class='ocrx_word' id='word_1_234' title='bbox 1859 1844 1917 1894; x_wconf 89' lang='lat' dir='ltr'>et</span> <span class='ocrx_word' id='word_1_235' title='bbox 1957 1839 2090 1894; x_wconf 83' lang='lat' dir='ltr'>vitae</span> <span class='ocrx_word' id='word_1_236' title='bbox 2114 1839 2223 1910; x_wconf 88' lang='lat' dir='ltr'>ipsi</span> <span class='ocrx_word' id='word_1_237' title='bbox 2244 1817 2299 1890; x_wconf 81' lang='grc' dir='ltr'><strong>Β</strong></span> <span class='ocrx_word' id='word_1_238' title='bbox 2394 1840 2434 1893; x_wconf 90' lang='lat' dir='ltr'>l.</span> <span class='ocrx_word' id='word_1_239' title='bbox 2467 1837 2779 1910; x_wconf 85' lang='lat' dir='ltr'>Cyprianus</span> <span class='ocrx_word' id='word_1_240' title='bbox 2798 1838 3140 1910; x_wconf 89' lang='lat' dir='ltr'>presbyteris</span> <span class='ocrx_word' id='word_1_241' title='bbox 3162 1842 3221 1893; x_wconf 89' lang='lat' dir='ltr'>et</span> <span class='ocrx_word' id='word_1_242' title='bbox 3239 1838 3574 1894; x_wconf 87' lang='lat' dir='ltr'>diaconibus</span> <span class='ocrx_word' id='word_1_243' title='bbox 3597 1839 3792 1894; x_wconf 57' lang='lat' dir='ltr'>Romae</span> <span class='ocrx_word' id='word_1_244' title='bbox 3818 1855 3956 1894; x_wconf 82' lang='lat' dir='ltr'>con-</span> 
     </span>
    </p>
   </div>
   <div class='ocr_carea' id='block_1_31' title="bbox 598 1933 2222 2004">
    <p class='ocr_par' dir='ltr' id='par_1_31' title="bbox 598 1933 2222 2004">
     <span class='ocr_line' id='line_1_31' title="bbox 598 1933 2222 2004; baseline -0.004 -10"><span class='ocrx_word' id='word_1_245' title='bbox 598 1938 859 1994; x_wconf 90' lang='lat' dir='ltr'>omnium</span> <span class='ocrx_word' id='word_1_246' title='bbox 934 1939 1197 1989; x_wconf 89' lang='lat' dir='ltr'>nostrum</span> <span class='ocrx_word' id='word_1_247' title='bbox 1252 1933 1535 2002; x_wconf 88' lang='lat' dir='ltr'>convenit,</span> <span class='ocrx_word' id='word_1_248' title='bbox 1614 1935 1677 1986; x_wconf 91' lang='lat' dir='ltr'>ut</span> <span class='ocrx_word' id='word_1_249' title='bbox 1723 1933 2010 2004; x_wconf 61' lang='lat' dir='ltr'>praepositi</span> <span class='ocrx_word' id='word_1_250' title='bbox 2091 1949 2222 1988; x_wconf 91' lang='lat' dir='ltr'>cum</span> 
     </span>
    </p>
   </div>
   <div class='ocr_carea' id='block_1_32' title="bbox 597 2025 2223 2099">
    <p class='ocr_par' dir='ltr' id='par_1_32' title="bbox 597 2025 2223 2099">
     <span class='ocr_line' id='line_1_32' title="bbox 597 2025 2223 2099; baseline -0.005 -12"><span class='ocrx_word' id='word_1_251' title='bbox 597 2033 752 2087; x_wconf 91' lang='lat' dir='ltr'>clero</span> <span class='ocrx_word' id='word_1_252' title='bbox 782 2030 889 2099; x_wconf 89' lang='lat'><strong>(39)</strong></span> <span class='ocrx_word' id='word_1_253' title='bbox 943 2028 1363 2095; x_wconf 88' lang='lat' dir='ltr'>convenientes,</span> <span class='ocrx_word' id='word_1_254' title='bbox 1410 2029 1695 2098; x_wconf 83' lang='lat' dir='ltr'>praesente</span> <span class='ocrx_word' id='word_1_255' title='bbox 1738 2026 1911 2081; x_wconf 90' lang='lat' dir='ltr'>etiam</span> <span class='ocrx_word' id='word_1_256' title='bbox 1952 2025 2223 2081; x_wconf 76' lang='lat' dir='ltr'>stantium</span> 
     </span>
    </p>
   </div>
   <div class='ocr_carea' id='block_1_33' title="bbox 595 2120 2223 2198">
    <p class='ocr_par' dir='ltr' id='par_1_33' title="bbox 595 2120 2223 2198">
     <span class='ocr_line' id='line_1_33' title="bbox 595 2120 2223 2198; baseline -0.004 -17"><span class='ocrx_word' id='word_1_257' title='bbox 595 2126 760 2198; x_wconf 88' lang='lat' dir='ltr'>plebe</span> <span class='ocrx_word' id='word_1_258' title='bbox 782 2125 831 2159; x_wconf 68' lang='grc'>⁸⁵</span> <span class='ocrx_word' id='word_1_259' title='bbox 864 2121 995 2195; x_wconf 82' lang='grc'>(40),</span> <span class='ocrx_word' id='word_1_260' title='bbox 1025 2122 1232 2193; x_wconf 88' lang='lat' dir='ltr'>quibus</span> <span class='ocrx_word' id='word_1_261' title='bbox 1263 2125 1321 2175; x_wconf 89' lang='lat' dir='ltr'>et</span> <span class='ocrx_word' id='word_1_262' title='bbox 1344 2121 1482 2193; x_wconf 87' lang='lat' dir='ltr'>ipsis</span> <span class='ocrx_word' id='word_1_263' title='bbox 1507 2137 1610 2192; x_wconf 90' lang='lat' dir='ltr'>pro</span> <span class='ocrx_word' id='word_1_264' title='bbox 1644 2120 1757 2175; x_wconf 86' lang='lat' dir='ltr'>tide</span> <span class='ocrx_word' id='word_1_265' title='bbox 1794 2127 1851 2177; x_wconf 90' lang='lat' dir='ltr'>et</span> <span class='ocrx_word' id='word_1_266' title='bbox 1887 2121 2091 2175; x_wconf 90' lang='lat' dir='ltr'>timore</span> <span class='ocrx_word' id='word_1_267' title='bbox 2124 2138 2223 2175; x_wconf 92' lang='lat' dir='ltr'>suo</span> 
     </span>
    </p>
   </div>
   <div class='ocr_carea' id='block_1_34' title="bbox 594 2214 2221 2285">
    <p class='ocr_par' dir='ltr' id='par_1_34' title="bbox 594 2214 2221 2285">
     <span class='ocr_line' id='line_1_34' title="bbox 594 2214 2221 2285; baseline -0.004 -10"><span class='ocrx_word' id='word_1_268' title='bbox 594 2221 779 2275; x_wconf 91' lang='lat' dir='ltr'>honor</span> <span class='ocrx_word' id='word_1_269' title='bbox 801 2216 1097 2273; x_wconf 88' lang='lat' dir='ltr'>habendus</span> <span class='ocrx_word' id='word_1_270' title='bbox 1127 2218 1232 2283; x_wconf 91' lang='lat' dir='ltr'>est,</span> <span class='ocrx_word' id='word_1_271' title='bbox 1263 2214 1567 2285; x_wconf 90' lang='lat' dir='ltr'>disponere</span> <span class='ocrx_word' id='word_1_272' title='bbox 1587 2214 1781 2269; x_wconf 89' lang='lat' dir='ltr'>omnia</span> <span class='ocrx_word' id='word_1_273' title='bbox 1811 2214 2030 2269; x_wconf 90' lang='lat' dir='ltr'>consilii</span> <span class='ocrx_word' id='word_1_274' title='bbox 2062 2231 2221 2269; x_wconf 90' lang='lat' dir='ltr'>com-</span> 
     </span>
    </p>
   </div>
   <div class='ocr_carea' id='block_1_35' title="bbox 595 2308 2221 2382">
    <p class='ocr_par' dir='ltr' id='par_1_35' title="bbox 595 2308 2221 2382">
     <span class='ocr_line' id='line_1_35' title="bbox 595 2308 2221 2382; baseline -0.005 -13"><span class='ocrx_word' id='word_1_275' title='bbox 595 2314 782 2369; x_wconf 90' lang='lat' dir='ltr'>munis</span> <span class='ocrx_word' id='word_1_276' title='bbox 810 2311 1082 2382; x_wconf 83' lang='lat' dir='ltr'>religione</span> <span class='ocrx_word' id='word_1_277' title='bbox 1120 2308 1415 2380; x_wconf 87' lang='lat' dir='ltr'>possimus.</span> <span class='ocrx_word' id='word_1_278' title='bbox 1456 2310 1762 2374; x_wconf 69' lang='lat' dir='ltr'>Cmterum,</span> <span class='ocrx_word' id='word_1_279' title='bbox 1807 2325 1981 2379; x_wconf 87' lang='lat' dir='ltr'>quam</span> <span class='ocrx_word' id='word_1_280' title='bbox 2038 2308 2221 2363; x_wconf 90' lang='lat' dir='ltr'>irreli-</span> 
     </span>
    </p>
   </div>
   <div class='ocr_carea' id='block_1_36' title="bbox 594 2401 2220 2479">
    <p class='ocr_par' dir='ltr' id='par_1_36' title="bbox 594 2401 2220 2479">
     <span class='ocr_line' id='line_1_36' title="bbox 594 2401 2220 2479; baseline -0.004 -17"><span class='ocrx_word' id='word_1_281' title='bbox 594 2409 819 2479; x_wconf 90' lang='lat' dir='ltr'>giosum</span> <span class='ocrx_word' id='word_1_282' title='bbox 856 2408 943 2459; x_wconf 91' lang='lat' dir='ltr'>est</span> <span class='ocrx_word' id='word_1_283' title='bbox 979 2409 1035 2458; x_wconf 89' lang='lat' dir='ltr'>et</span> <span class='ocrx_word' id='word_1_284' title='bbox 1060 2404 1195 2474; x_wconf 80' lang='lat' dir='ltr'>ipsis</span> <span class='ocrx_word' id='word_1_285' title='bbox 1220 2417 1449 2473; x_wconf 87' lang='lat' dir='ltr'>quoque</span> <span class='ocrx_word' id='word_1_286' title='bbox 1502 2401 1899 2456; x_wconf 86' lang='lat' dir='ltr'>festinantibus</span> <span class='ocrx_word' id='word_1_287' title='bbox 1943 2401 2220 2473; x_wconf 90' lang='lat' dir='ltr'>pernicio-</span> 
     </span>
    </p>
   </div>
   <div class='ocr_carea' id='block_1_37' title="bbox 594 2490 2223 2563">
    <p class='ocr_par' dir='ltr' id='par_1_37' title="bbox 594 2490 2223 2563">
     <span class='ocr_line' id='line_1_37' title="bbox 594 2490 2223 2563; baseline -0.004 -12"><span class='ocrx_word' id='word_1_288' title='bbox 594 2512 742 2562; x_wconf 89' lang='lat' dir='ltr'>sum,</span> <span class='ocrx_word' id='word_1_289' title='bbox 774 2498 853 2563; x_wconf 90' lang='lat' dir='ltr'>ut,</span> <span class='ocrx_word' id='word_1_290' title='bbox 887 2509 1018 2547; x_wconf 91' lang='lat' dir='ltr'>cum</span> <span class='ocrx_word' id='word_1_291' title='bbox 1047 2497 1301 2546; x_wconf 86' lang='lat' dir='ltr'>extorres</span> <span class='ocrx_word' id='word_1_292' title='bbox 1326 2493 1382 2544; x_wconf 89' lang='lat' dir='ltr'>et</span> <span class='ocrx_word' id='word_1_293' title='bbox 1410 2490 1592 2561; x_wconf 89' lang='lat' dir='ltr'>patria</span> <span class='ocrx_word' id='word_1_294' title='bbox 1636 2490 1783 2560; x_wconf 90' lang='lat' dir='ltr'>pulsi</span> <span class='ocrx_word' id='word_1_295' title='bbox 1827 2506 1894 2544; x_wconf 91' lang='lat' dir='ltr'>ac</span> <span class='ocrx_word' id='word_1_296' title='bbox 1920 2491 2083 2545; x_wconf 90' lang='lat' dir='ltr'>bonis</span> <span class='ocrx_word' id='word_1_297' title='bbox 2108 2490 2223 2546; x_wconf 90' lang='lat' dir='ltr'>suis</span> 
     </span>
    </p>
   </div>
   <div class='ocr_carea' id='block_1_38' title="bbox 594 2583 2219 2657">
    <p class='ocr_par' dir='ltr' id='par_1_38' title="bbox 594 2583 2219 2657">
     <span class='ocr_line' id='line_1_38' title="bbox 594 2583 2219 2657; baseline -0.004 -12"><span class='ocrx_word' id='word_1_298' title='bbox 594 2589 859 2645; x_wconf 89' lang='lat' dir='ltr'>omnibus</span> <span class='ocrx_word' id='word_1_299' title='bbox 884 2584 1126 2657; x_wconf 87' lang='lat' dir='ltr'>spoliati,</span> <span class='ocrx_word' id='word_1_300' title='bbox 1169 2584 1429 2639; x_wconf 90' lang='lat' dir='ltr'>nondum</span> <span class='ocrx_word' id='word_1_301' title='bbox 1467 2583 1540 2638; x_wconf 91' lang='lat' dir='ltr'>ad</span> <span class='ocrx_word' id='word_1_302' title='bbox 1576 2584 1885 2638; x_wconf 87' lang='lat' dir='ltr'>Ecclesiam</span> <span class='ocrx_word' id='word_1_303' title='bbox 1923 2583 2219 2648; x_wconf 89' lang='lat' dir='ltr'>redierint,</span> 
     </span>
    </p>
   </div>
   <div class='ocr_carea' id='block_1_39' title="bbox 598 2678 2225 2755">
    <p class='ocr_par' dir='ltr' id='par_1_39' title="bbox 598 2678 2225 2755">
     <span class='ocr_line' id='line_1_39' title="bbox 598 2678 2225 2755; baseline -0.003 -17"><span class='ocrx_word' id='word_1_304' title='bbox 598 2683 829 2755; x_wconf 89' lang='lat' dir='ltr'>quidam</span> <span class='ocrx_word' id='word_1_305' title='bbox 876 2680 947 2736; x_wconf 91' lang='lat' dir='ltr'>de</span> <span class='ocrx_word' id='word_1_306' title='bbox 998 2679 1165 2750; x_wconf 89' lang='lat' dir='ltr'>lapsis</span> <span class='ocrx_word' id='word_1_307' title='bbox 1211 2678 1567 2732; x_wconf 81' lang='lat' dir='ltr'>confessores</span> <span class='ocrx_word' id='word_1_308' title='bbox 1608 2678 1761 2748; x_wconf 91' lang='lat' dir='ltr'>ipsos</span> <span class='ocrx_word' id='word_1_309' title='bbox 1805 2679 2117 2748; x_wconf 77' lang='lat' dir='ltr'>praevenire</span> <span class='ocrx_word' id='word_1_310' title='bbox 2167 2682 2225 2733; x_wconf 87' lang='lat' dir='ltr'>et</span> 
     </span>
    </p>
   </div>
   <div class='ocr_carea' id='block_1_40' title="bbox 594 2770 2222 2835">
    <p class='ocr_par' dir='ltr' id='par_1_40' title="bbox 594 2770 2222 2835">
     <span class='ocr_line' id='line_1_40' title="bbox 594 2770 2222 2835; baseline -0.004 -3"><span class='ocrx_word' id='word_1_311' title='bbox 594 2783 727 2832; x_wconf 87' lang='lat' dir='ltr'>ante</span> <span class='ocrx_word' id='word_1_312' title='bbox 782 2792 880 2831; x_wconf 92' lang='lat' dir='ltr'>eos</span> <span class='ocrx_word' id='word_1_313' title='bbox 934 2774 1004 2829; x_wconf 90' lang='lat' dir='ltr'>ad</span> <span class='ocrx_word' id='word_1_314' title='bbox 1048 2772 1352 2827; x_wconf 91' lang='lat' dir='ltr'>Ecclesiam</span> <span class='ocrx_word' id='word_1_315' title='bbox 1377 2772 1421 2805; x_wconf 69' lang='grc'>⁸⁷</span> <span class='ocrx_word' id='word_1_316' title='bbox 1464 2770 1701 2826; x_wconf 89' lang='lat' dir='ltr'>introire</span> <span class='ocrx_word' id='word_1_317' title='bbox 1753 2771 2064 2826; x_wconf 84' lang='lat' dir='ltr'>festinent!</span> <span class='ocrx_word' id='word_1_318' title='bbox 2114 2771 2222 2835; x_wconf 89' lang='lat' dir='ltr'>Qui</span> 
     </span>
    </p>
   </div>
   <div class='ocr_carea' id='block_1_41' title="bbox 594 2864 2222 2939">
    <p class='ocr_par' dir='ltr' id='par_1_41' title="bbox 594 2864 2222 2939">
     <span class='ocr_line' id='line_1_41' title="bbox 594 2864 2222 2939; baseline -0.004 -13"><span class='ocrx_word' id='word_1_319' title='bbox 594 2873 639 2926; x_wconf 90' lang='lat' dir='ltr'>si</span> <span class='ocrx_word' id='word_1_320' title='bbox 670 2870 911 2925; x_wconf 90' lang='lat' dir='ltr'>nimium</span> <span class='ocrx_word' id='word_1_321' title='bbox 938 2868 1249 2939; x_wconf 87' lang='lat' dir='ltr'>properant</span> <span class='ocrx_word' id='word_1_322' title='bbox 1288 2865 1420 2935; x_wconf 80' lang='grc'>(41),</span> <span class='ocrx_word' id='word_1_323' title='bbox 1462 2864 1674 2920; x_wconf 88' lang='lat' dir='ltr'>habent</span> <span class='ocrx_word' id='word_1_324' title='bbox 1720 2864 1776 2919; x_wconf 90' lang='lat' dir='ltr'>in</span> <span class='ocrx_word' id='word_1_325' title='bbox 1811 2881 1910 2919; x_wconf 91' lang='lat' dir='ltr'>sua</span> <span class='ocrx_word' id='word_1_326' title='bbox 1945 2870 2222 2936; x_wconf 86' lang='lat' dir='ltr'>potestate</span> 
     </span>
    </p>
   </div>
   <div class='ocr_carea' id='block_1_42' title="bbox 591 2958 2218 3037">
    <p class='ocr_par' dir='ltr' id='par_1_42' title="bbox 591 2958 2218 3037">
     <span class='ocr_line' id='line_1_42' title="bbox 591 2958 2218 3037; baseline -0.004 -18"><span class='ocrx_word' id='word_1_327' title='bbox 591 2964 742 3037; x_wconf 91' lang='lat' dir='ltr'>quod</span> <span class='ocrx_word' id='word_1_328' title='bbox 769 2963 1078 3035; x_wconf 90' lang='lat' dir='ltr'>postulant,</span> <span class='ocrx_word' id='word_1_329' title='bbox 1106 2963 1364 3030; x_wconf 88' lang='lat' dir='ltr'>tempore</span> <span class='ocrx_word' id='word_1_330' title='bbox 1393 2960 1514 3030; x_wconf 90' lang='lat' dir='ltr'>ipso</span> <span class='ocrx_word' id='word_1_331' title='bbox 1542 2958 1646 3013; x_wconf 90' lang='lat' dir='ltr'>sibi</span> <span class='ocrx_word' id='word_1_332' title='bbox 1672 2959 1802 3030; x_wconf 89' lang='lat' dir='ltr'>plus</span> <span class='ocrx_word' id='word_1_333' title='bbox 1829 2975 2001 3029; x_wconf 88' lang='lat' dir='ltr'>quam</span> <span class='ocrx_word' id='word_1_334' title='bbox 2023 2962 2218 3030; x_wconf 92' lang='lat' dir='ltr'>postu-</span> 
     </span>
    </p>
   </div>
   <div class='ocr_carea' id='block_1_43' title="bbox 591 3052 2222 3128">
    <p class='ocr_par' dir='ltr' id='par_1_43' title="bbox 591 3052 2222 3128">
     <span class='ocr_line' id='line_1_43' title="bbox 591 3052 2222 3128; baseline -0.002 -15"><span class='ocrx_word' id='word_1_335' title='bbox 591 3061 712 3114; x_wconf 89' lang='lat' dir='ltr'>lant</span> <span class='ocrx_word' id='word_1_336' title='bbox 754 3057 1037 3128; x_wconf 74' lang='lat' dir='ltr'>largiente</span> <span class='ocrx_word' id='word_1_337' title='bbox 1065 3055 1195 3126; x_wconf 79' lang='grc'>(42).</span> <span class='ocrx_word' id='word_1_338' title='bbox 1238 3053 1401 3109; x_wconf 87' lang='lat' dir='ltr'>Acies</span> <span class='ocrx_word' id='word_1_339' title='bbox 1444 3052 1631 3108; x_wconf 87' lang='lat' dir='ltr'>adhuc</span> <span class='ocrx_word' id='word_1_340' title='bbox 1673 3053 1915 3124; x_wconf 85' lang='lat' dir='ltr'>geritur,</span> <span class='ocrx_word' id='word_1_341' title='bbox 1972 3058 2029 3108; x_wconf 91' lang='lat' dir='ltr'>et</span> <span class='ocrx_word' id='word_1_342' title='bbox 2069 3069 2222 3125; x_wconf 82' lang='lat' dir='ltr'>agon</span> 
     </span>
    </p>
   </div>
   <div class='ocr_carea' id='block_1_44' title="bbox 2325 1931 3949 2004">
    <p class='ocr_par' dir='ltr' id='par_1_44' title="bbox 2325 1931 3949 2004">
     <span class='ocr_line' id='line_1_44' title="bbox 2325 1931 3949 2004; baseline 0.001 -18"><span class='ocrx_word' id='word_1_343' title='bbox 2325 1931 2655 1987; x_wconf 89' lang='lat' dir='ltr'>sistentibus</span> <span class='ocrx_word' id='word_1_344' title='bbox 2708 1931 2980 1987; x_wconf 82' lang='lat' dir='ltr'>fratribus</span> <span class='ocrx_word' id='word_1_345' title='bbox 3032 1932 3296 1988; x_wconf 89' lang='lat' dir='ltr'>salutem.</span> <span class='ocrx_word' id='word_1_346' title='bbox 3349 1931 3627 1997; x_wconf 86' lang='lat' dir='ltr'>Quoniam</span> <span class='ocrx_word' id='word_1_347' title='bbox 3680 1932 3949 2004; x_wconf 87' lang='lat' dir='ltr'>comperi,</span> 
     </span>
    </p>
   </div>
   <div class='ocr_carea' id='block_1_45' title="bbox 2324 2024 3951 2098">
    <p class='ocr_par' dir='ltr' id='par_1_45' title="bbox 2324 2024 3951 2098">
     <span class='ocr_line' id='line_1_45' title="bbox 2324 2024 3951 2098; baseline 0.002 -19"><span class='ocrx_word' id='word_1_348' title='bbox 2324 2026 2528 2081; x_wconf 84' lang='lat' dir='ltr'>fratres</span> <span class='ocrx_word' id='word_1_349' title='bbox 2556 2024 2892 2096; x_wconf 85' lang='lat' dir='ltr'>charissimi,</span> <span class='ocrx_word' id='word_1_350' title='bbox 2922 2026 3110 2081; x_wconf 91' lang='lat' dir='ltr'>minus</span> <span class='ocrx_word' id='word_1_351' title='bbox 3142 2026 3478 2098; x_wconf 90' lang='lat' dir='ltr'>simpliciter</span> <span class='ocrx_word' id='word_1_352' title='bbox 3504 2032 3562 2082; x_wconf 92' lang='lat' dir='ltr'>et</span> <span class='ocrx_word' id='word_1_353' title='bbox 3584 2026 3780 2081; x_wconf 90' lang='lat' dir='ltr'>minus</span> <span class='ocrx_word' id='word_1_354' title='bbox 3807 2026 3951 2082; x_wconf 85' lang='lat' dir='ltr'>ﬁde-</span> 
     </span>
    </p>
   </div>
   <div class='ocr_carea' id='block_1_46' title="bbox 2326 2119 3955 2191">
    <p class='ocr_par' dir='ltr' id='par_1_46' title="bbox 2326 2119 3955 2191">
     <span class='ocr_line' id='line_1_46' title="bbox 2326 2119 3955 2191; baseline 0 -17"><span class='ocrx_word' id='word_1_355' title='bbox 2326 2119 2456 2174; x_wconf 88' lang='lat' dir='ltr'>liter</span> <span class='ocrx_word' id='word_1_356' title='bbox 2507 2119 2664 2175; x_wconf 85' lang='lat' dir='ltr'>vobis</span> <span class='ocrx_word' id='word_1_357' title='bbox 2729 2120 3046 2175; x_wconf 90' lang='lat' dir='ltr'>renuntiari</span> <span class='ocrx_word' id='word_1_358' title='bbox 3091 2136 3221 2191; x_wconf 68' lang='lat' dir='ltr'>quin</span> <span class='ocrx_word' id='word_1_359' title='bbox 3266 2119 3359 2175; x_wconf 93' lang='lat' dir='ltr'>hic</span> <span class='ocrx_word' id='word_1_360' title='bbox 3400 2136 3435 2174; x_wconf 91' lang='lat' dir='ltr'>a</span> <span class='ocrx_word' id='word_1_361' title='bbox 3477 2120 3641 2176; x_wconf 88' lang='lat' dir='ltr'>nobis</span> <span class='ocrx_word' id='word_1_362' title='bbox 3691 2125 3748 2175; x_wconf 89' lang='lat' dir='ltr'>et</span> <span class='ocrx_word' id='word_1_363' title='bbox 3793 2125 3955 2191; x_wconf 78' lang='lat' dir='ltr'>gesta</span> 
     </span>
    </p>
   </div>
   <div class='ocr_carea' id='block_1_47' title="bbox 2323 2213 3950 2285">
    <p class='ocr_par' dir='ltr' id='par_1_47' title="bbox 2323 2213 3950 2285">
     <span class='ocr_line' id='line_1_47' title="bbox 2323 2213 3950 2285; baseline 0.001 -19"><span class='ocrx_word' id='word_1_364' title='bbox 2323 2216 2457 2267; x_wconf 91' lang='lat' dir='ltr'>sunt</span> <span class='ocrx_word' id='word_1_365' title='bbox 2485 2218 2541 2268; x_wconf 90' lang='lat' dir='ltr'>et</span> <span class='ocrx_word' id='word_1_366' title='bbox 2570 2216 2869 2285; x_wconf 87' lang='lat' dir='ltr'>geruntur,</span> <span class='ocrx_word' id='word_1_367' title='bbox 2903 2214 3289 2268; x_wconf 90' lang='lat' dir='ltr'>necessarium</span> <span class='ocrx_word' id='word_1_368' title='bbox 3314 2214 3452 2268; x_wconf 92' lang='lat' dir='ltr'>duxi</span> <span class='ocrx_word' id='word_1_369' title='bbox 3483 2214 3587 2269; x_wconf 91' lang='lat' dir='ltr'>has</span> <span class='ocrx_word' id='word_1_370' title='bbox 3630 2214 3701 2269; x_wconf 90' lang='lat' dir='ltr'>ad</span> <span class='ocrx_word' id='word_1_371' title='bbox 3730 2229 3826 2268; x_wconf 93' lang='lat' dir='ltr'>vos</span> <span class='ocrx_word' id='word_1_372' title='bbox 3860 2213 3950 2267; x_wconf 88' lang='lat' dir='ltr'>lit-</span> 
     </span>
    </p>
   </div>
   <div class='ocr_carea' id='block_1_48' title="bbox 2324 2306 3951 2377">
    <p class='ocr_par' dir='ltr' id='par_1_48' title="bbox 2324 2306 3951 2377">
     <span class='ocr_line' id='line_1_48' title="bbox 2324 2306 3951 2377; baseline 0 -17"><span class='ocrx_word' id='word_1_373' title='bbox 2324 2312 2470 2360; x_wconf 88' lang='lat' dir='ltr'>teras</span> <span class='ocrx_word' id='word_1_374' title='bbox 2512 2307 2717 2372; x_wconf 88' lang='lat' dir='ltr'>facere,</span> <span class='ocrx_word' id='word_1_375' title='bbox 2776 2307 2982 2377; x_wconf 87' lang='lat' dir='ltr'>quibus</span> <span class='ocrx_word' id='word_1_376' title='bbox 3034 2307 3192 2362; x_wconf 87' lang='lat' dir='ltr'>vobis</span> <span class='ocrx_word' id='word_1_377' title='bbox 3232 2310 3391 2362; x_wconf 89' lang='lat' dir='ltr'>actus</span> <span class='ocrx_word' id='word_1_378' title='bbox 3441 2309 3624 2362; x_wconf 90' lang='lat' dir='ltr'>nostri</span> <span class='ocrx_word' id='word_1_379' title='bbox 3679 2313 3733 2362; x_wconf 91' lang='lat' dir='ltr'>et</span> <span class='ocrx_word' id='word_1_380' title='bbox 3779 2306 3951 2361; x_wconf 88' lang='lat' dir='ltr'>disci-</span> 
     </span>
    </p>
   </div>
   <div class='ocr_carea' id='block_1_49' title="bbox 2322 2398 3956 2471">
    <p class='ocr_par' dir='ltr' id='par_1_49' title="bbox 2322 2398 3956 2471">
     <span class='ocr_line' id='line_1_49' title="bbox 2322 2398 3956 2471; baseline 0.001 -18"><span class='ocrx_word' id='word_1_381' title='bbox 2322 2398 2495 2471; x_wconf 80' lang='lat' dir='ltr'>plinae</span> <span class='ocrx_word' id='word_1_382' title='bbox 2547 2406 2605 2455; x_wconf 91' lang='lat' dir='ltr'>et</span> <span class='ocrx_word' id='word_1_383' title='bbox 2652 2400 2960 2471; x_wconf 68' lang='lat' dir='ltr'>diligentia:</span> <span class='ocrx_word' id='word_1_384' title='bbox 3007 2401 3151 2455; x_wconf 90' lang='lat' dir='ltr'>ratio</span> <span class='ocrx_word' id='word_1_385' title='bbox 3195 2400 3555 2456; x_wconf 89' lang='lat' dir='ltr'>redderetur.</span> <span class='ocrx_word' id='word_1_386' title='bbox 3594 2402 3758 2468; x_wconf 89' lang='lat' dir='ltr'>Nam,</span> <span class='ocrx_word' id='word_1_387' title='bbox 3807 2401 3956 2455; x_wconf 87' lang='lat' dir='ltr'>sicut</span> 
     </span>
    </p>
   </div>
   <div class='ocr_carea' id='block_1_50' title="bbox 2325 2493 3955 2565">
    <p class='ocr_par' dir='ltr' id='par_1_50' title="bbox 2325 2493 3955 2565">
     <span class='ocr_line' id='line_1_50' title="bbox 2325 2493 3955 2565; baseline 0.001 -18"><span class='ocrx_word' id='word_1_388' title='bbox 2325 2493 2547 2548; x_wconf 90' lang='lat' dir='ltr'>Domini</span> <span class='ocrx_word' id='word_1_389' title='bbox 2595 2494 2870 2549; x_wconf 88' lang='lat' dir='ltr'>mandata</span> <span class='ocrx_word' id='word_1_390' title='bbox 2920 2494 3028 2565; x_wconf 86' lang='grc'>(44)</span> <span class='ocrx_word' id='word_1_391' title='bbox 3078 2495 3388 2562; x_wconf 90' lang='lat' dir='ltr'>instruunt,</span> <span class='ocrx_word' id='word_1_392' title='bbox 3427 2500 3550 2550; x_wconf 90' lang='lat' dir='ltr'>orto</span> <span class='ocrx_word' id='word_1_393' title='bbox 3601 2495 3707 2565; x_wconf 78' lang='grc'>(45)</span> <span class='ocrx_word' id='word_1_394' title='bbox 3758 2494 3955 2549; x_wconf 87' lang='lat' dir='ltr'>statim</span> 
     </span>
    </p>
   </div>
   <div class='ocr_carea' id='block_1_51' title="bbox 2323 2586 3952 2658">
    <p class='ocr_par' dir='ltr' id='par_1_51' title="bbox 2323 2586 3952 2658">
     <span class='ocr_line' id='line_1_51' title="bbox 2323 2586 3952 2658; baseline 0.001 -18"><span class='ocrx_word' id='word_1_395' title='bbox 2323 2586 2663 2642; x_wconf 85' lang='lat' dir='ltr'>turbationis</span> <span class='ocrx_word' id='word_1_396' title='bbox 2700 2588 2923 2658; x_wconf 87' lang='lat' dir='ltr'>impetu</span> <span class='ocrx_word' id='word_1_397' title='bbox 2956 2588 3161 2658; x_wconf 89' lang='lat' dir='ltr'>primo,</span> <span class='ocrx_word' id='word_1_398' title='bbox 3218 2604 3352 2643; x_wconf 91' lang='lat' dir='ltr'>eum</span> <span class='ocrx_word' id='word_1_399' title='bbox 3394 2604 3489 2643; x_wconf 91' lang='lat' dir='ltr'>me</span> <span class='ocrx_word' id='word_1_400' title='bbox 3536 2589 3782 2643; x_wconf 89' lang='lat' dir='ltr'>clamore</span> <span class='ocrx_word' id='word_1_401' title='bbox 3831 2588 3952 2642; x_wconf 88' lang='lat' dir='ltr'>vio-</span> 
     </span>
    </p>
   </div>
   <div class='ocr_carea' id='block_1_52' title="bbox 2320 2680 3954 2753">
    <p class='ocr_par' dir='ltr' id='par_1_52' title="bbox 2320 2680 3954 2753">
     <span class='ocr_line' id='line_1_52' title="bbox 2320 2680 3954 2753; baseline 0.001 -19"><span class='ocrx_word' id='word_1_402' title='bbox 2320 2680 2477 2736; x_wconf 89' lang='lat' dir='ltr'>lento</span> <span class='ocrx_word' id='word_1_403' title='bbox 2505 2681 2841 2752; x_wconf 88' lang='lat' dir='ltr'>frequenter</span> <span class='ocrx_word' id='word_1_404' title='bbox 2863 2681 3111 2752; x_wconf 90' lang='lat' dir='ltr'>populus</span> <span class='ocrx_word' id='word_1_405' title='bbox 3128 2680 3462 2753; x_wconf 86' lang='lat' dir='ltr'>ﬂagitasset,</span> <span class='ocrx_word' id='word_1_406' title='bbox 3487 2698 3599 2737; x_wconf 91' lang='lat' dir='ltr'>non</span> <span class='ocrx_word' id='word_1_407' title='bbox 3617 2685 3736 2736; x_wconf 89' lang='lat' dir='ltr'>tam</span> <span class='ocrx_word' id='word_1_408' title='bbox 3764 2696 3954 2736; x_wconf 86' lang='lat' dir='ltr'>meam</span> 
     </span>
    </p>
   </div>
   <div class='ocr_carea' id='block_1_53' title="bbox 2322 2774 3952 2847">
    <p class='ocr_par' dir='ltr' id='par_1_53' title="bbox 2322 2774 3952 2847">
     <span class='ocr_line' id='line_1_53' title="bbox 2322 2774 3952 2847; baseline 0 -18"><span class='ocrx_word' id='word_1_409' title='bbox 2322 2775 2563 2829; x_wconf 86' lang='lat' dir='ltr'>salutem</span> <span class='ocrx_word' id='word_1_410' title='bbox 2600 2791 2776 2846; x_wconf 90' lang='lat' dir='ltr'>quam</span> <span class='ocrx_word' id='word_1_411' title='bbox 2804 2774 3057 2847; x_wconf 89' lang='lat' dir='ltr'>quietem</span> <span class='ocrx_word' id='word_1_412' title='bbox 3083 2776 3328 2831; x_wconf 87' lang='lat' dir='ltr'>fratrum</span> <span class='ocrx_word' id='word_1_413' title='bbox 3352 2775 3636 2847; x_wconf 89' lang='lat' dir='ltr'>publicam</span> <span class='ocrx_word' id='word_1_414' title='bbox 3664 2775 3952 2847; x_wconf 86' lang='lat' dir='ltr'>cogitans,</span> 
     </span>
    </p>
   </div>
   <div class='ocr_carea' id='block_1_54' title="bbox 2322 2867 3955 2940">
    <p class='ocr_par' dir='ltr' id='par_1_54' title="bbox 2322 2867 3955 2940">
     <span class='ocr_line' id='line_1_54' title="bbox 2322 2867 3955 2940; baseline 0.001 -18"><span class='ocrx_word' id='word_1_415' title='bbox 2322 2867 2553 2923; x_wconf 86' lang='lat' dir='ltr'>interim</span> <span class='ocrx_word' id='word_1_416' title='bbox 2600 2869 2824 2936; x_wconf 87' lang='lat' dir='ltr'>secessi,</span> <span class='ocrx_word' id='word_1_417' title='bbox 2870 2886 2943 2925; x_wconf 91' lang='lat' dir='ltr'>ne</span> <span class='ocrx_word' id='word_1_418' title='bbox 2993 2886 3099 2940; x_wconf 92' lang='lat' dir='ltr'>per</span> <span class='ocrx_word' id='word_1_419' title='bbox 3140 2870 3586 2925; x_wconf 90' lang='lat' dir='ltr'>inverecundam</span> <span class='ocrx_word' id='word_1_420' title='bbox 3606 2871 3654 2905; x_wconf 69' lang='grc'>⁸9</span> <span class='ocrx_word' id='word_1_421' title='bbox 3698 2885 3955 2940; x_wconf 72' lang='lat' dir='ltr'>praesen-</span> 
     </span>
    </p>
   </div>
   <div class='ocr_carea' id='block_1_55' title="bbox 2325 2961 3954 3036">
    <p class='ocr_par' dir='ltr' id='par_1_55' title="bbox 2325 2961 3954 3036">
     <span class='ocr_line' id='line_1_55' title="bbox 2325 2961 3954 3036; baseline 0.001 -20"><span class='ocrx_word' id='word_1_422' title='bbox 2325 2961 2461 3017; x_wconf 90' lang='lat' dir='ltr'>tiam</span> <span class='ocrx_word' id='word_1_423' title='bbox 2511 2969 2787 3031; x_wconf 89' lang='lat' dir='ltr'>nostram,</span> <span class='ocrx_word' id='word_1_424' title='bbox 2847 2964 3050 3019; x_wconf 88' lang='lat' dir='ltr'>seditio</span> <span class='ocrx_word' id='word_1_425' title='bbox 3088 2980 3216 3036; x_wconf 71' lang='lat' dir='ltr'>quae</span> <span class='ocrx_word' id='word_1_426' title='bbox 3254 2968 3524 3035; x_wconf 63' lang='lat' dir='ltr'>coeperat,</span> <span class='ocrx_word' id='word_1_427' title='bbox 3581 2964 3707 3034; x_wconf 90' lang='lat' dir='ltr'>plus</span> <span class='ocrx_word' id='word_1_428' title='bbox 3740 2979 3954 3035; x_wconf 82' lang='lat' dir='ltr'>provo-</span> 
     </span>
    </p>
   </div>
   <div class='ocr_carea' id='block_1_56' title="bbox 2322 3057 3955 3129">
    <p class='ocr_par' dir='ltr' id='par_1_56' title="bbox 2322 3057 3955 3129">
     <span class='ocr_line' id='line_1_56' title="bbox 2322 3057 3955 3129; baseline 0.001 -18"><span class='ocrx_word' id='word_1_429' title='bbox 2322 3061 2564 3112; x_wconf 87' lang='lat' dir='ltr'>caretur.</span> <span class='ocrx_word' id='word_1_430' title='bbox 2607 3057 2822 3112; x_wconf 85' lang='lat' dir='ltr'>Absens</span> <span class='ocrx_word' id='word_1_431' title='bbox 2861 3060 3059 3113; x_wconf 89' lang='lat' dir='ltr'>tamen</span> <span class='ocrx_word' id='word_1_432' title='bbox 3094 3073 3351 3129; x_wconf 90' lang='lat' dir='ltr'>corpore,</span> <span class='ocrx_word' id='word_1_433' title='bbox 3396 3072 3501 3113; x_wconf 92' lang='lat' dir='ltr'>nec</span> <span class='ocrx_word' id='word_1_434' title='bbox 3537 3057 3741 3128; x_wconf 90' lang='lat' dir='ltr'>spiritu</span> <span class='ocrx_word' id='word_1_435' title='bbox 3761 3058 3808 3093; x_wconf 70' lang='grc' dir='ltr'>το</span> <span class='ocrx_word' id='word_1_436' title='bbox 3841 3073 3955 3112; x_wconf 89' lang='lat' dir='ltr'>nec</span> 
     </span>
    </p>
   </div>
   <div class='ocr_carea' id='block_1_57' title="bbox 1961 3205 2559 3274">
    <p class='ocr_par' dir='ltr' id='par_1_57' title="bbox 1961 3205 2559 3274">
     <span class='ocr_line' id='line_1_57' title="bbox 1961 3205 2559 3274; baseline 0 -3"><span class='ocrx_word' id='word_1_437' title='bbox 1961 3205 2172 3271; x_wconf 72' lang='lat' dir='ltr'>Variae</span> <span class='ocrx_word' id='word_1_438' title='bbox 2221 3206 2559 3274; x_wconf 87' lang='lat' dir='ltr'>lectiones.</span> 
     </span>
    </p>
   </div>
   <div class='ocr_carea' id='block_1_58' title="bbox 651 3332 3953 3404">
    <p class='ocr_par' dir='ltr' id='par_1_58' title="bbox 651 3332 3953 3404">
     <span class='ocr_line' id='line_1_58' title="bbox 651 3332 3953 3404; baseline -0 -15"><span class='ocrx_word' id='word_1_439' title='bbox 651 3339 693 3372; x_wconf 75' lang='grc' dir='ltr'>σθ</span> <span class='ocrx_word' id='word_1_440' title='bbox 720 3337 791 3389; x_wconf 87' lang='lat' dir='ltr'>Et</span> <span class='ocrx_word' id='word_1_441' title='bbox 818 3336 1086 3388; x_wconf 83' lang='lat' dir='ltr'>stantium</span> <span class='ocrx_word' id='word_1_442' title='bbox 1121 3333 1283 3398; x_wconf 88' lang='lat' dir='ltr'>plebe</span> <span class='ocrx_word' id='word_1_443' title='bbox 1317 3333 1473 3404; x_wconf 70' lang='grc' dir='ltr'><em>Οωοη.</em></span> <span class='ocrx_word' id='word_1_444' title='bbox 1508 3333 1742 3383; x_wconf 83' lang='lat' dir='ltr'>Astante</span> <span class='ocrx_word' id='word_1_445' title='bbox 1779 3332 1944 3404; x_wconf 87' lang='lat' dir='ltr'>plebe</span> <span class='ocrx_word' id='word_1_446' title='bbox 1978 3334 2155 3384; x_wconf 81' lang='lat' dir='ltr'>Benev.</span> <span class='ocrx_word' id='word_1_447' title='bbox 2222 3333 2264 3367; x_wconf 77' lang='grc'>⁸⁷</span> <span class='ocrx_word' id='word_1_448' title='bbox 2294 3335 2365 3386; x_wconf 90' lang='lat' dir='ltr'>Et</span> <span class='ocrx_word' id='word_1_449' title='bbox 2398 3342 2527 3389; x_wconf 86' lang='lat' dir='ltr'>ante</span> <span class='ocrx_word' id='word_1_450' title='bbox 2580 3338 2650 3388; x_wconf 90' lang='lat' dir='ltr'>ad</span> <span class='ocrx_word' id='word_1_451' title='bbox 2685 3337 2999 3391; x_wconf 86' lang='lat' dir='ltr'>Ecclesiam</span> <span class='ocrx_word' id='word_1_452' title='bbox 3031 3341 3186 3390; x_wconf 72' lang='lat' dir='ltr'>Oxon.</span> <span class='ocrx_word' id='word_1_453' title='bbox 3251 3339 3296 3375; x_wconf 75' lang='grc'>⁸⁸</span> <span class='ocrx_word' id='word_1_454' title='bbox 3335 3338 3501 3392; x_wconf 87' lang='lat' dir='ltr'>Calor</span> <span class='ocrx_word' id='word_1_455' title='bbox 3531 3340 3820 3404; x_wconf 85' lang='lat' dir='ltr'>permanet</span> <span class='ocrx_word' id='word_1_456' title='bbox 3855 3339 3953 3388; x_wconf 78' lang='lat' dir='ltr'>Ar.</span> 
     </span>
    </p>
   </div>
   <div class='ocr_carea' id='block_1_59' title="bbox 592 3403 2763 3471">
    <p class='ocr_par' dir='ltr' id='par_1_59' title="bbox 592 3403 2763 3471">
     <span class='ocr_line' id='line_1_59' title="bbox 592 3403 2763 3471; baseline 0 -13"><span class='ocrx_word' id='word_1_457' title='bbox 592 3410 700 3459; x_wconf 84' lang='grc' dir='ltr'>ΝΟ.</span> <span class='ocrx_word' id='word_1_458' title='bbox 735 3409 781 3457; x_wconf 86' lang='grc'><strong>1.</strong></span> <span class='ocrx_word' id='word_1_459' title='bbox 807 3409 945 3457; x_wconf 85' lang='lat' dir='ltr'>Lam.</span> <span class='ocrx_word' id='word_1_460' title='bbox 978 3404 1136 3456; x_wconf 83' lang='lat' dir='ltr'>Ebor.</span> <span class='ocrx_word' id='word_1_461' title='bbox 1168 3404 1291 3455; x_wconf 89' lang='lat' dir='ltr'>Bod.</span> <span class='ocrx_word' id='word_1_462' title='bbox 1321 3404 1368 3454; x_wconf 79' lang='lat'>2.</span> <span class='ocrx_word' id='word_1_463' title='bbox 1435 3403 1478 3436; x_wconf 76' lang='lat'>°~&#39;</span> <span class='ocrx_word' id='word_1_464' title='bbox 1509 3403 1900 3455; x_wconf 89' lang='lat' dir='ltr'>Verecundam</span> <span class='ocrx_word' id='word_1_465' title='bbox 1927 3405 2037 3454; x_wconf 82' lang='lat' dir='ltr'>Lin.</span> <span class='ocrx_word' id='word_1_466' title='bbox 2107 3404 2147 3439; x_wconf 86' lang='grc' dir='ltr'>⁷ο</span> <span class='ocrx_word' id='word_1_467' title='bbox 2174 3406 2287 3458; x_wconf 87' lang='lat' dir='ltr'>Nec</span> <span class='ocrx_word' id='word_1_468' title='bbox 2311 3409 2532 3471; x_wconf 87' lang='lat' dir='ltr'>scriptis</span> <span class='ocrx_word' id='word_1_469' title='bbox 2555 3408 2683 3459; x_wconf 89' lang='lat' dir='ltr'>Bod.</span> <span class='ocrx_word' id='word_1_470' title='bbox 2720 3410 2763 3459; x_wconf 84' lang='lat' dir='ltr'>t.</span> 
     </span>
    </p>
   </div>
   <div class='ocr_carea' id='block_1_60' title="bbox 1887 3544 2643 3627">
    <p class='ocr_par' dir='ltr' id='par_1_60' title="bbox 1887 3544 2643 3627">
     <span class='ocr_line' id='line_1_60' title="bbox 1887 3544 2643 3627; baseline 0.007 -20"><span class='ocrx_word' id='word_1_471' title='bbox 1887 3544 2114 3627; x_wconf 91' lang='lat' dir='ltr'>Steph.</span> <span class='ocrx_word' id='word_1_472' title='bbox 2160 3545 2406 3610; x_wconf 89' lang='lat' dir='ltr'>Baluzii</span> <span class='ocrx_word' id='word_1_473' title='bbox 2445 3553 2643 3612; x_wconf 63' lang='lat' dir='ltr'>notae.</span> 
     </span>
    </p>
   </div>
   <div class='ocr_carea' id='block_1_61' title="bbox 650 3675 3955 3772">
    <p class='ocr_par' dir='ltr' id='par_1_61' title="bbox 650 3675 3955 3772">
     <span class='ocr_line' id='line_1_61' title="bbox 650 3675 3955 3772; baseline -0.001 -41"><span class='ocrx_word' id='word_1_474' title='bbox 650 3679 992 3772; x_wconf 49' lang='lat' dir='ltr'>(33)AVot&gt;is.a</span> <span class='ocrx_word' id='word_1_475' title='bbox 1020 3691 1114 3727; x_wconf 86' lang='lat' dir='ltr'>me.</span> <span class='ocrx_word' id='word_1_476' title='bbox 1149 3675 1381 3772; x_wconf 40' lang='lat' dir='ltr'>In.ll.bro</span> <span class='ocrx_word' id='word_1_477' title='bbox 1405 3676 1678 3772; x_wconf 58' lang='lat' dir='ltr'>Peccensi</span> <span class='ocrx_word' id='word_1_478' title='bbox 1708 3677 1909 3759; x_wconf 77' lang='lat' dir='ltr'>legitur</span> <span class='ocrx_word' id='word_1_479' title='bbox 1939 3692 1949 3726; x_wconf 89' lang='lat'><strong>:</strong></span> <span class='ocrx_word' id='word_1_480' title='bbox 1988 3695 2017 3724; x_wconf 85' lang='lat'>«</span> <span class='ocrx_word' id='word_1_481' title='bbox 2048 3678 2219 3729; x_wconf 89' lang='lat' dir='ltr'>Vobis</span> <span class='ocrx_word' id='word_1_482' title='bbox 2239 3698 2293 3772; x_wconf 70' lang='grc' dir='ltr'>Ο</span> <span class='ocrx_word' id='word_1_483' title='bbox 2378 3682 2478 3743; x_wconf 76' lang='grc'>(41)</span> <span class='ocrx_word' id='word_1_484' title='bbox 2532 3682 2630 3772; x_wconf 55' lang='lat' dir='ltr'>Qui</span> <span class='ocrx_word' id='word_1_485' title='bbox 2696 3683 2743 3732; x_wconf 87' lang='lat' dir='ltr'>si</span> <span class='ocrx_word' id='word_1_486' title='bbox 2754 3754 2764 3764; x_wconf 41' lang='lat'><em>.</em></span> <span class='ocrx_word' id='word_1_487' title='bbox 2800 3683 3029 3772; x_wconf 49' lang='lat' dir='ltr'>nimium</span> <span class='ocrx_word' id='word_1_488' title='bbox 3091 3686 3404 3772; x_wconf 41' lang='lat' dir='ltr'>properati};</span> <span class='ocrx_word' id='word_1_489' title='bbox 3482 3680 3634 3772; x_wconf 49' lang='lat' dir='ltr'>HJoc‘</span> <span class='ocrx_word' id='word_1_490' title='bbox 3672 3680 3955 3759; x_wconf 80' lang='lat' dir='ltr'>fragmen-</span> 
     </span>
    </p>
   </div>
   <div class='ocr_carea' id='block_1_62' title="bbox 588 3747 2042 3812">
    <p class='ocr_par' dir='ltr' id='par_1_62' title="bbox 588 3747 2042 3812">
     <span class='ocr_line' id='line_1_62' title="bbox 588 3747 2042 3812; baseline -0.003 -11"><span class='ocrx_word' id='word_1_491' title='bbox 588 3766 620 3801; x_wconf 89' lang='lat' dir='ltr'>a</span> <span class='ocrx_word' id='word_1_492' title='bbox 646 3765 734 3801; x_wconf 91' lang='lat' dir='ltr'>me</span> <span class='ocrx_word' id='word_1_493' title='bbox 758 3750 875 3800; x_wconf 88' lang='lat' dir='ltr'>dari</span> <span class='ocrx_word' id='word_1_494' title='bbox 900 3749 1127 3809; x_wconf 86' lang='lat' dir='ltr'>litteras,</span> <span class='ocrx_word' id='word_1_495' title='bbox 1155 3747 1344 3798; x_wconf 83' lang='lat' dir='ltr'>sciatis</span> <span class='ocrx_word' id='word_1_496' title='bbox 1366 3748 1528 3810; x_wconf 91' lang='lat' dir='ltr'>plene</span> <span class='ocrx_word' id='word_1_497' title='bbox 1559 3749 1847 3812; x_wconf 89' lang='lat' dir='ltr'>scripsisse</span> <span class='ocrx_word' id='word_1_498' title='bbox 1873 3763 1979 3800; x_wconf 90' lang='lat' dir='ltr'>me.</span> <span class='ocrx_word' id='word_1_499' title='bbox 2016 3766 2042 3796; x_wconf 85' lang='grc'>››</span> 
     </span>
    </p>
   </div>
   <div class='ocr_carea' id='block_1_63' title="bbox 653 3817 2217 3884">
    <p class='ocr_par' dir='ltr' id='par_1_63' title="bbox 653 3817 2217 3884">
     <span class='ocr_line' id='line_1_63' title="bbox 653 3817 2217 3884; baseline -0.001 -12"><span class='ocrx_word' id='word_1_500' title='bbox 653 3823 752 3884; x_wconf 63' lang='grc'>(34)</span> <span class='ocrx_word' id='word_1_501' title='bbox 808 3822 907 3882; x_wconf 84' lang='lat' dir='ltr'>Qui</span> <span class='ocrx_word' id='word_1_502' title='bbox 974 3818 1222 3869; x_wconf 82' lang='lat' dir='ltr'>libellum.</span> <span class='ocrx_word' id='word_1_503' title='bbox 1266 3817 1405 3868; x_wconf 87' lang='lat' dir='ltr'>Vide</span> <span class='ocrx_word' id='word_1_504' title='bbox 1447 3820 1968 3870; x_wconf 76' lang='lat' dir='ltr'>Animadversiones</span> <span class='ocrx_word' id='word_1_505' title='bbox 2013 3821 2217 3873; x_wconf 87' lang='lat' dir='ltr'>Petavii</span> 
     </span>
    </p>
   </div>
   <div class='ocr_carea' id='block_1_64' title="bbox 590 3888 2220 3956">
    <p class='ocr_par' dir='ltr' id='par_1_64' title="bbox 590 3888 2220 3956">
     <span class='ocr_line' id='line_1_64' title="bbox 590 3888 2220 3956; baseline 0.001 -14"><span class='ocrx_word' id='word_1_506' title='bbox 590 3893 661 3942; x_wconf 86' lang='lat' dir='ltr'>ad</span> <span class='ocrx_word' id='word_1_507' title='bbox 686 3892 1056 3956; x_wconf 82' lang='lat' dir='ltr'>Epiphanium,</span> <span class='ocrx_word' id='word_1_508' title='bbox 1086 3904 1142 3953; x_wconf 89' lang='lat' dir='ltr'>p.</span> <span class='ocrx_word' id='word_1_509' title='bbox 1185 3888 1297 3950; x_wconf 75' lang='lat'><strong>233,</strong></span> <span class='ocrx_word' id='word_1_510' title='bbox 1333 3889 1444 3950; x_wconf 73' lang='lat'>250,</span> <span class='ocrx_word' id='word_1_511' title='bbox 1495 3889 1756 3939; x_wconf 86' lang='lat' dir='ltr'>editionis</span> <span class='ocrx_word' id='word_1_512' title='bbox 1796 3891 2119 3942; x_wconf 85' lang='lat' dir='ltr'>Parisiensis</span> <span class='ocrx_word' id='word_1_513' title='bbox 2167 3898 2220 3943; x_wconf 91' lang='lat' dir='ltr'>et</span> 
     </span>
    </p>
   </div>
   <div class='ocr_carea' id='block_1_65' title="bbox 590 3960 2220 4023">
    <p class='ocr_par' dir='ltr' id='par_1_65' title="bbox 590 3960 2220 4023">
     <span class='ocr_line' id='line_1_65' title="bbox 590 3960 2220 4023; baseline -0.001 -9"><span class='ocrx_word' id='word_1_514' title='bbox 590 3964 882 4023; x_wconf 65' lang='lat' dir='ltr'>Dallaaum,</span> <span class='ocrx_word' id='word_1_515' title='bbox 903 3961 997 4011; x_wconf 90' lang='lat' dir='ltr'>lib.</span> <span class='ocrx_word' id='word_1_516' title='bbox 1024 3974 1101 4011; x_wconf 83' lang='lat' dir='ltr'>v11</span> <span class='ocrx_word' id='word_1_517' title='bbox 1128 3960 1190 4010; x_wconf 87' lang='lat' dir='ltr'>de</span> <span class='ocrx_word' id='word_1_518' title='bbox 1215 3960 1383 4009; x_wconf 62' lang='lat' dir='ltr'>Poenis</span> <span class='ocrx_word' id='word_1_519' title='bbox 1411 3965 1458 4009; x_wconf 83' lang='lat' dir='ltr'>et</span> <span class='ocrx_word' id='word_1_520' title='bbox 1483 3960 1945 4023; x_wconf 81' lang='lat' dir='ltr'>Satisfactionibus</span> <span class='ocrx_word' id='word_1_521' title='bbox 1971 3962 2220 4013; x_wconf 82' lang='lat' dir='ltr'>humanis</span> 
     </span>
    </p>
   </div>
   <div class='ocr_carea' id='block_1_66' title="bbox 590 4033 1042 4099">
    <p class='ocr_par' dir='ltr' id='par_1_66' title="bbox 590 4033 1042 4099">
     <span class='ocr_line' id='line_1_66' title="bbox 590 4033 1042 4099; baseline -0.011 -13"><span class='ocrx_word' id='word_1_522' title='bbox 590 4050 710 4099; x_wconf 86' lang='lat' dir='ltr'>cap.</span> <span class='ocrx_word' id='word_1_523' title='bbox 749 4036 826 4095; x_wconf 83' lang='grc'>16,</span> <span class='ocrx_word' id='word_1_524' title='bbox 852 4048 904 4096; x_wconf 92' lang='lat' dir='ltr'>p.</span> <span class='ocrx_word' id='word_1_525' title='bbox 932 4033 1042 4082; x_wconf 88' lang='lat'><strong>709.</strong></span> 
     </span>
    </p>
   </div>
   <div class='ocr_carea' id='block_1_67' title="bbox 653 4100 2216 4167">
    <p class='ocr_par' dir='ltr' id='par_1_67' title="bbox 653 4100 2216 4167">
     <span class='ocr_line' id='line_1_67' title="bbox 653 4100 2216 4167; baseline -0.002 -11"><span class='ocrx_word' id='word_1_526' title='bbox 653 4106 750 4167; x_wconf 79' lang='lat'><strong>(35)</strong></span> <span class='ocrx_word' id='word_1_527' title='bbox 806 4106 1134 4166; x_wconf 76' lang='lat' dir='ltr'>Acceperunt.</span> <span class='ocrx_word' id='word_1_528' title='bbox 1182 4100 1373 4152; x_wconf 80' lang='lat' dir='ltr'>Codex</span> <span class='ocrx_word' id='word_1_529' title='bbox 1419 4102 1959 4164; x_wconf 88' lang='lat' dir='ltr'>Gratianopolitanus</span> <span class='ocrx_word' id='word_1_530' title='bbox 2008 4104 2216 4155; x_wconf 91' lang='lat' dir='ltr'>habet:</span> 
     </span>
    </p>
   </div>
   <div class='ocr_carea' id='block_1_68' title="bbox 592 4172 2219 4240">
    <p class='ocr_par' dir='ltr' id='par_1_68' title="bbox 592 4172 2219 4240">
     <span class='ocr_line' id='line_1_68' title="bbox 592 4172 2219 4240; baseline -0.001 -15"><span class='ocrx_word' id='word_1_531' title='bbox 592 4196 620 4225; x_wconf 89' lang='lat'><strong>«</strong></span> <span class='ocrx_word' id='word_1_532' title='bbox 648 4176 980 4240; x_wconf 83' lang='lat' dir='ltr'>Acceperint</span> <span class='ocrx_word' id='word_1_533' title='bbox 1025 4178 1081 4223; x_wconf 87' lang='lat' dir='ltr'>et</span> <span class='ocrx_word' id='word_1_534' title='bbox 1132 4172 1339 4222; x_wconf 88' lang='lat' dir='ltr'>auxilio</span> <span class='ocrx_word' id='word_1_535' title='bbox 1374 4185 1565 4222; x_wconf 90' lang='lat' dir='ltr'>eorum</span> <span class='ocrx_word' id='word_1_536' title='bbox 1608 4173 1855 4236; x_wconf 86' lang='lat' dir='ltr'>adjuvari</span> <span class='ocrx_word' id='word_1_537' title='bbox 1909 4174 2055 4238; x_wconf 88' lang='lat' dir='ltr'>apud</span> <span class='ocrx_word' id='word_1_538' title='bbox 2100 4176 2219 4224; x_wconf 88' lang='lat' dir='ltr'>Do-</span> 
     </span>
    </p>
   </div>
   <div class='ocr_carea' id='block_1_69' title="bbox 589 4244 2220 4307">
    <p class='ocr_par' dir='ltr' id='par_1_69' title="bbox 589 4244 2220 4307">
     <span class='ocr_line' id='line_1_69' title="bbox 589 4244 2220 4307; baseline -0.002 -8"><span class='ocrx_word' id='word_1_539' title='bbox 589 4250 807 4299; x_wconf 90' lang='lat' dir='ltr'>minum</span> <span class='ocrx_word' id='word_1_540' title='bbox 830 4249 887 4296; x_wconf 90' lang='lat' dir='ltr'>in</span> <span class='ocrx_word' id='word_1_541' title='bbox 918 4244 1135 4296; x_wconf 87' lang='lat' dir='ltr'>delictis</span> <span class='ocrx_word' id='word_1_542' title='bbox 1164 4244 1280 4293; x_wconf 86' lang='lat' dir='ltr'>suis</span> <span class='ocrx_word' id='word_1_543' title='bbox 1304 4247 1552 4306; x_wconf 88' lang='lat' dir='ltr'>possunt,</span> <span class='ocrx_word' id='word_1_544' title='bbox 1580 4244 1627 4293; x_wconf 89' lang='lat' dir='ltr'>si</span> <span class='ocrx_word' id='word_1_545' title='bbox 1676 4245 1853 4307; x_wconf 91' lang='lat' dir='ltr'>premi</span> <span class='ocrx_word' id='word_1_546' title='bbox 1900 4246 2220 4297; x_wconf 85' lang='lat' dir='ltr'>infirmitate</span> 
     </span>
    </p>
   </div>
   <div class='ocr_carea' id='block_1_70' title="bbox 588 4316 2221 4383">
    <p class='ocr_par' dir='ltr' id='par_1_70' title="bbox 588 4316 2221 4383">
     <span class='ocr_line' id='line_1_70' title="bbox 588 4316 2221 4383; baseline -0.003 -12"><span class='ocrx_word' id='word_1_547' title='bbox 588 4322 775 4383; x_wconf 88' lang='lat' dir='ltr'>aliqua</span> <span class='ocrx_word' id='word_1_548' title='bbox 828 4322 882 4367; x_wconf 92' lang='lat' dir='ltr'>et</span> <span class='ocrx_word' id='word_1_549' title='bbox 928 4316 1174 4380; x_wconf 91' lang='lat' dir='ltr'>periculo</span> <span class='ocrx_word' id='word_1_550' title='bbox 1216 4316 1502 4377; x_wconf 71' lang='lat' dir='ltr'>cmperint,</span> <span class='ocrx_word' id='word_1_551' title='bbox 1548 4317 1926 4379; x_wconf 88' lang='lat' dir='ltr'>exomologesi</span> <span class='ocrx_word' id='word_1_552' title='bbox 1965 4318 2128 4379; x_wconf 82' lang='lat' dir='ltr'>facta,</span> <span class='ocrx_word' id='word_1_553' title='bbox 2165 4320 2221 4366; x_wconf 91' lang='lat' dir='ltr'>et</span> 
     </span>
    </p>
   </div>
   <div class='ocr_carea' id='block_1_71' title="bbox 590 4385 2220 4451">
    <p class='ocr_par' dir='ltr' id='par_1_71' title="bbox 590 4385 2220 4451">
     <span class='ocr_line' id='line_1_71' title="bbox 590 4385 2220 4451; baseline -0.002 -10"><span class='ocrx_word' id='word_1_554' title='bbox 590 4404 759 4441; x_wconf 90' lang='lat' dir='ltr'>manu</span> <span class='ocrx_word' id='word_1_555' title='bbox 814 4391 895 4438; x_wconf 82' lang='lat' dir='ltr'>eis</span> <span class='ocrx_word' id='word_1_556' title='bbox 939 4402 971 4437; x_wconf 88' lang='lat' dir='ltr'>a</span> <span class='ocrx_word' id='word_1_557' title='bbox 1015 4386 1172 4436; x_wconf 87' lang='lat' dir='ltr'>vobis</span> <span class='ocrx_word' id='word_1_558' title='bbox 1213 4385 1271 4433; x_wconf 91' lang='lat' dir='ltr'>in</span> <span class='ocrx_word' id='word_1_559' title='bbox 1314 4387 1693 4448; x_wconf 66' lang='lat' dir='ltr'>paenitentiam</span> <span class='ocrx_word' id='word_1_560' title='bbox 1748 4390 1941 4450; x_wconf 86' lang='lat' dir='ltr'>posita,</span> <span class='ocrx_word' id='word_1_561' title='bbox 2000 4401 2137 4451; x_wconf 89' lang='lat' dir='ltr'>pace</span> <span class='ocrx_word' id='word_1_562' title='bbox 2188 4402 2220 4438; x_wconf 89' lang='lat' dir='ltr'>a</span> 
     </span>
    </p>
   </div>
   <div class='ocr_carea' id='block_1_72' title="bbox 590 4457 2215 4525">
    <p class='ocr_par' dir='ltr' id='par_1_72' title="bbox 590 4457 2215 4525">
     <span class='ocr_line' id='line_1_72' title="bbox 590 4457 2215 4525; baseline -0.002 -14"><span class='ocrx_word' id='word_1_563' title='bbox 590 4460 927 4525; x_wconf 87' lang='lat' dir='ltr'>martyribus</span> <span class='ocrx_word' id='word_1_564' title='bbox 1000 4458 1265 4521; x_wconf 87' lang='lat' dir='ltr'>promissa</span> <span class='ocrx_word' id='word_1_565' title='bbox 1335 4457 1403 4506; x_wconf 88' lang='lat' dir='ltr'>ad</span> <span class='ocrx_word' id='word_1_566' title='bbox 1478 4458 1783 4508; x_wconf 91' lang='lat' dir='ltr'>Dominum</span> <span class='ocrx_word' id='word_1_567' title='bbox 1849 4460 2215 4510; x_wconf 87' lang='lat' dir='ltr'>remittantur.</span> 
     </span>
    </p>
   </div>
   <div class='ocr_carea' id='block_1_73' title="bbox 591 4527 1687 4593">
    <p class='ocr_par' dir='ltr' id='par_1_73' title="bbox 591 4527 1687 4593">
     <span class='ocr_line' id='line_1_73' title="bbox 591 4527 1687 4593; baseline -0.007 -9"><span class='ocrx_word' id='word_1_568' title='bbox 591 4532 793 4583; x_wconf 66' lang='lat' dir='ltr'>Ceteri</span> <span class='ocrx_word' id='word_1_569' title='bbox 816 4543 945 4592; x_wconf 83' lang='lat' dir='ltr'>vero</span> <span class='ocrx_word' id='word_1_570' title='bbox 973 4529 1073 4593; x_wconf 91' lang='lat' dir='ltr'>qui</span> <span class='ocrx_word' id='word_1_571' title='bbox 1101 4529 1254 4578; x_wconf 92' lang='lat' dir='ltr'>nullo</span> <span class='ocrx_word' id='word_1_572' title='bbox 1280 4527 1489 4589; x_wconf 92' lang='lat' dir='ltr'>libello,</span> <span class='ocrx_word' id='word_1_573' title='bbox 1524 4544 1552 4573; x_wconf 92' lang='lat'><strong>»</strong></span> <span class='ocrx_word' id='word_1_574' title='bbox 1582 4531 1687 4579; x_wconf 86' lang='lat' dir='ltr'>etc.</span> 
     </span>
    </p>
   </div>
   <div class='ocr_carea' id='block_1_74' title="bbox 652 4598 2219 4666">
    <p class='ocr_par' dir='ltr' id='par_1_74' title="bbox 652 4598 2219 4666">
     <span class='ocr_line' id='line_1_74' title="bbox 652 4598 2219 4666; baseline 0 -13"><span class='ocrx_word' id='word_1_575' title='bbox 652 4604 752 4666; x_wconf 86' lang='lat'><strong>(36)</strong></span> <span class='ocrx_word' id='word_1_576' title='bbox 796 4599 1177 4661; x_wconf 72' lang='lat' dir='ltr'>Exomologesi.</span> <span class='ocrx_word' id='word_1_577' title='bbox 1222 4598 1284 4648; x_wconf 93' lang='lat' dir='ltr'>Id</span> <span class='ocrx_word' id='word_1_578' title='bbox 1327 4603 1410 4649; x_wconf 88' lang='lat' dir='ltr'>est</span> <span class='ocrx_word' id='word_1_579' title='bbox 1450 4600 1848 4663; x_wconf 79' lang='lat' dir='ltr'>satisfactione,</span> <span class='ocrx_word' id='word_1_580' title='bbox 1892 4602 1939 4651; x_wconf 91' lang='lat' dir='ltr'>si</span> <span class='ocrx_word' id='word_1_581' title='bbox 1977 4615 2106 4652; x_wconf 85' lang='lat' dir='ltr'>vera</span> <span class='ocrx_word' id='word_1_582' title='bbox 2134 4607 2219 4653; x_wconf 91' lang='lat' dir='ltr'>est</span> 
     </span>
    </p>
   </div>
   <div class='ocr_carea' id='block_1_75' title="bbox 591 4669 2221 4737">
    <p class='ocr_par' dir='ltr' id='par_1_75' title="bbox 591 4669 2221 4737">
     <span class='ocr_line' id='line_1_75' title="bbox 591 4669 2221 4737; baseline -0.002 -12"><span class='ocrx_word' id='word_1_583' title='bbox 591 4672 969 4737; x_wconf 88' lang='lat' dir='ltr'>interpretatio</span> <span class='ocrx_word' id='word_1_584' title='bbox 1022 4669 1236 4720; x_wconf 66' lang='lat' dir='ltr'>Dallmi.</span> <span class='ocrx_word' id='word_1_585' title='bbox 1290 4671 1363 4719; x_wconf 87' lang='lat' dir='ltr'>At</span> <span class='ocrx_word' id='word_1_586' title='bbox 1416 4670 1794 4720; x_wconf 85' lang='lat' dir='ltr'>Tertullianus</span> <span class='ocrx_word' id='word_1_587' title='bbox 1844 4672 1903 4721; x_wconf 91' lang='lat' dir='ltr'>in</span> <span class='ocrx_word' id='word_1_588' title='bbox 1958 4672 2098 4722; x_wconf 90' lang='lat' dir='ltr'>libro</span> <span class='ocrx_word' id='word_1_589' title='bbox 2158 4673 2221 4723; x_wconf 87' lang='lat' dir='ltr'>de</span> 
     </span>
    </p>
   </div>
   <div class='ocr_carea' id='block_1_76' title="bbox 588 4740 2217 4808">
    <p class='ocr_par' dir='ltr' id='par_1_76' title="bbox 588 4740 2217 4808">
     <span class='ocr_line' id='line_1_76' title="bbox 588 4740 2217 4808; baseline -0.001 -13"><span class='ocrx_word' id='word_1_590' title='bbox 588 4743 945 4808; x_wconf 79' lang='lat' dir='ltr'>Monoyamia,</span> <span class='ocrx_word' id='word_1_591' title='bbox 969 4740 1382 4804; x_wconf 83' lang='lat' dir='ltr'>exomologesin</span> <span class='ocrx_word' id='word_1_592' title='bbox 1409 4742 1485 4790; x_wconf 90' lang='lat' dir='ltr'>ait</span> <span class='ocrx_word' id='word_1_593' title='bbox 1518 4753 1640 4791; x_wconf 89' lang='lat' dir='ltr'>esse</span> <span class='ocrx_word' id='word_1_594' title='bbox 1666 4742 1988 4805; x_wconf 88' lang='lat' dir='ltr'>petitionem</span> <span class='ocrx_word' id='word_1_595' title='bbox 2019 4743 2217 4805; x_wconf 67' lang='lat' dir='ltr'>venias,</span> 
     </span>
    </p>
   </div>
   <div class='ocr_carea' id='block_1_77' title="bbox 591 4812 2219 4881">
    <p class='ocr_par' dir='ltr' id='par_1_77' title="bbox 591 4812 2219 4881">
     <span class='ocr_line' id='line_1_77' title="bbox 591 4812 2219 4881; baseline 0 -16"><span class='ocrx_word' id='word_1_596' title='bbox 591 4817 723 4881; x_wconf 89' lang='lat' dir='ltr'>quia</span> <span class='ocrx_word' id='word_1_597' title='bbox 775 4816 873 4879; x_wconf 88' lang='lat' dir='ltr'>qui</span> <span class='ocrx_word' id='word_1_598' title='bbox 932 4814 1067 4877; x_wconf 83' lang='lat' dir='ltr'>petit</span> <span class='ocrx_word' id='word_1_599' title='bbox 1115 4812 1350 4874; x_wconf 85' lang='lat' dir='ltr'>veniam,</span> <span class='ocrx_word' id='word_1_600' title='bbox 1413 4812 1679 4863; x_wconf 88' lang='lat' dir='ltr'>delictum</span> <span class='ocrx_word' id='word_1_601' title='bbox 1726 4814 2039 4865; x_wconf 81' lang='lat' dir='ltr'>conﬁtetur.</span> <span class='ocrx_word' id='word_1_602' title='bbox 2078 4814 2219 4865; x_wconf 88' lang='lat' dir='ltr'>Vide</span> 
     </span>
    </p>
   </div>
   <div class='ocr_carea' id='block_1_78' title="bbox 591 4884 1567 4938">
    <p class='ocr_par' dir='ltr' id='par_1_78' title="bbox 591 4884 1567 4938">
     <span class='ocr_line' id='line_1_78' title="bbox 591 4884 1567 4938; baseline -0.004 -1"><span class='ocrx_word' id='word_1_603' title='bbox 591 4887 849 4938; x_wconf 89' lang='lat' dir='ltr'>eumdem</span> <span class='ocrx_word' id='word_1_604' title='bbox 876 4886 931 4934; x_wconf 90' lang='lat' dir='ltr'>in</span> <span class='ocrx_word' id='word_1_605' title='bbox 965 4884 1108 4934; x_wconf 91' lang='lat' dir='ltr'>libro</span> <span class='ocrx_word' id='word_1_606' title='bbox 1142 4884 1204 4934; x_wconf 87' lang='lat' dir='ltr'>de</span> <span class='ocrx_word' id='word_1_607' title='bbox 1238 4885 1567 4935; x_wconf 69' lang='lat' dir='ltr'>Paenitentia.</span> 
     </span>
    </p>
   </div>
   <div class='ocr_carea' id='block_1_79' title="bbox 655 4954 2219 5020">
    <p class='ocr_par' dir='ltr' id='par_1_79' title="bbox 655 4954 2219 5020">
     <span class='ocr_line' id='line_1_79' title="bbox 655 4954 2219 5020; baseline -0.003 -11"><span class='ocrx_word' id='word_1_608' title='bbox 655 4958 747 5020; x_wconf 89' lang='lat'><strong>(37)</strong></span> <span class='ocrx_word' id='word_1_609' title='bbox 780 4957 908 5008; x_wconf 89' lang='lat' dir='ltr'>Cum</span> <span class='ocrx_word' id='word_1_610' title='bbox 929 4969 1074 5019; x_wconf 81' lang='lat' dir='ltr'>pace.</span> <span class='ocrx_word' id='word_1_611' title='bbox 1111 4955 1171 5005; x_wconf 93' lang='lat' dir='ltr'>Id</span> <span class='ocrx_word' id='word_1_612' title='bbox 1195 4958 1280 5005; x_wconf 89' lang='lat' dir='ltr'>est</span> <span class='ocrx_word' id='word_1_613' title='bbox 1318 4955 1540 5005; x_wconf 90' lang='lat' dir='ltr'>viatico.</span> <span class='ocrx_word' id='word_1_614' title='bbox 1585 4954 1725 5005; x_wconf 90' lang='lat' dir='ltr'>Vide</span> <span class='ocrx_word' id='word_1_615' title='bbox 1767 4956 2130 5019; x_wconf 87' lang='lat' dir='ltr'>Beveregium</span> <span class='ocrx_word' id='word_1_616' title='bbox 2160 4956 2219 5004; x_wconf 90' lang='lat' dir='ltr'>in</span> 
     </span>
    </p>
   </div>
   <div class='ocr_carea' id='block_1_80' title="bbox 588 5026 1282 5080">
    <p class='ocr_par' dir='ltr' id='par_1_80' title="bbox 588 5026 1282 5080">
     <span class='ocr_line' id='line_1_80' title="bbox 588 5026 1282 5080; baseline -0.009 0"><span class='ocrx_word' id='word_1_617' title='bbox 588 5041 862 5080; x_wconf 88' lang='lat' dir='ltr'>canonem</span> <span class='ocrx_word' id='word_1_618' title='bbox 888 5028 947 5077; x_wconf 84' lang='lat' dir='ltr'><strong>l3</strong></span> <span class='ocrx_word' id='word_1_619' title='bbox 976 5026 1282 5076; x_wconf 75' lang='lat' dir='ltr'>Nicasnum.</span> 
     </span>
    </p>
   </div>
   <div class='ocr_carea' id='block_1_81' title="bbox 2321 3751 3957 3817">
    <p class='ocr_par' dir='ltr' id='par_1_81' title="bbox 2321 3751 3957 3817">
     <span class='ocr_line' id='line_1_81' title="bbox 2321 3751 3957 3817; baseline -0.002 -16"><span class='ocrx_word' id='word_1_620' title='bbox 2321 3756 2438 3801; x_wconf 91' lang='lat' dir='ltr'>tum</span> <span class='ocrx_word' id='word_1_621' title='bbox 2483 3753 2718 3804; x_wconf 86' lang='lat' dir='ltr'>refertur</span> <span class='ocrx_word' id='word_1_622' title='bbox 2750 3752 2911 3815; x_wconf 88' lang='lat' dir='ltr'>infra,</span> <span class='ocrx_word' id='word_1_623' title='bbox 2940 3754 3009 3816; x_wconf 38' lang='lat' dir='ltr'>.in</span> <span class='ocrx_word' id='word_1_624' title='bbox 3055 3753 3288 3817; x_wconf 88' lang='lat' dir='ltr'>epistola</span> <span class='ocrx_word' id='word_1_625' title='bbox 3340 3752 3422 3814; x_wconf 76' lang='lat'>52,</span> <span class='ocrx_word' id='word_1_626' title='bbox 3476 3752 3549 3801; x_wconf 85' lang='lat' dir='ltr'>ad</span> <span class='ocrx_word' id='word_1_627' title='bbox 3598 3751 3957 3801; x_wconf 77' lang='lat' dir='ltr'>Antonianum</span> 
     </span>
    </p>
   </div>
   <div class='ocr_carea' id='block_1_82' title="bbox 2382 3892 3957 3960">
    <p class='ocr_par' dir='ltr' id='par_1_82' title="bbox 2382 3892 3957 3960">
     <span class='ocr_line' id='line_1_82' title="bbox 2382 3892 3957 3960; baseline -0.003 -15"><span class='ocrx_word' id='word_1_628' title='bbox 2382 3895 2477 3957; x_wconf 74' lang='lat'><strong>(42)</strong></span> <span class='ocrx_word' id='word_1_629' title='bbox 2565 3895 2847 3960; x_wconf 83' lang='lat' dir='ltr'>Largiente.</span> <span class='ocrx_word' id='word_1_630' title='bbox 2938 3894 3099 3945; x_wconf 83' lang='lat' dir='ltr'>Hanc</span> <span class='ocrx_word' id='word_1_631' title='bbox 3162 3906 3360 3945; x_wconf 89' lang='lat' dir='ltr'>vocem</span> <span class='ocrx_word' id='word_1_632' title='bbox 3428 3893 3684 3956; x_wconf 90' lang='lat' dir='ltr'>nuspiam</span> <span class='ocrx_word' id='word_1_633' title='bbox 3768 3892 3957 3954; x_wconf 88' lang='lat' dir='ltr'>reperi</span> 
     </span>
    </p>
   </div>
   <div class='ocr_carea' id='block_1_83' title="bbox 2320 3962 3957 4030">
    <p class='ocr_par' dir='ltr' id='par_1_83' title="bbox 2320 3962 3957 4030">
     <span class='ocr_line' id='line_1_83' title="bbox 2320 3962 3957 4030; baseline -0.003 -14"><span class='ocrx_word' id='word_1_634' title='bbox 2320 3980 2488 4030; x_wconf 89' lang='lat' dir='ltr'>quam</span> <span class='ocrx_word' id='word_1_635' title='bbox 2535 3966 2592 4015; x_wconf 91' lang='lat' dir='ltr'>in</span> <span class='ocrx_word' id='word_1_636' title='bbox 2644 3966 2786 4016; x_wconf 88' lang='lat' dir='ltr'>libro</span> <span class='ocrx_word' id='word_1_637' title='bbox 2848 3965 3397 4030; x_wconf 50' lang='lat' dir='ltr'>&#39;Gratianopolitano.</span> <span class='ocrx_word' id='word_1_638' title='bbox 3449 3962 3595 4013; x_wconf 88' lang='lat' dir='ltr'>Sane</span> <span class='ocrx_word' id='word_1_639' title='bbox 3657 3962 3957 4026; x_wconf 77' lang='lat' dir='ltr'>largienter</span> 
     </span>
    </p>
   </div>
   <div class='ocr_carea' id='block_1_84' title="bbox 2319 4034 3955 4101">
    <p class='ocr_par' dir='ltr' id='par_1_84' title="bbox 2319 4034 3955 4101">
     <span class='ocr_line' id='line_1_84' title="bbox 2319 4034 3955 4101; baseline -0.002 -16"><span class='ocrx_word' id='word_1_640' title='bbox 2319 4038 2405 4087; x_wconf 89' lang='lat' dir='ltr'>vel</span> <span class='ocrx_word' id='word_1_641' title='bbox 2456 4036 2674 4100; x_wconf 81' lang='lat' dir='ltr'>largiter</span> <span class='ocrx_word' id='word_1_642' title='bbox 2719 4038 2990 4101; x_wconf 89' lang='lat' dir='ltr'>scriptum</span> <span class='ocrx_word' id='word_1_643' title='bbox 3039 4041 3122 4087; x_wconf 90' lang='lat' dir='ltr'>est</span> <span class='ocrx_word' id='word_1_644' title='bbox 3175 4038 3233 4086; x_wconf 90' lang='lat' dir='ltr'>in</span> <span class='ocrx_word' id='word_1_645' title='bbox 3280 4035 3421 4096; x_wconf 86' lang='lat' dir='ltr'>aliis,</span> <span class='ocrx_word' id='word_1_646' title='bbox 3492 4038 3549 4084; x_wconf 83' lang='lat' dir='ltr'>et</span> <span class='ocrx_word' id='word_1_647' title='bbox 3620 4034 3955 4083; x_wconf 85' lang='lat' dir='ltr'>alterutrum</span> 
     </span>
    </p>
   </div>
   <div class='ocr_carea' id='block_1_85' title="bbox 2319 4104 3959 4159">
    <p class='ocr_par' dir='ltr' id='par_1_85' title="bbox 2319 4104 3959 4159">
     <span class='ocr_line' id='line_1_85' title="bbox 2319 4104 3959 4159; baseline -0.004 -2"><span class='ocrx_word' id='word_1_648' title='bbox 2319 4108 2520 4158; x_wconf 88' lang='lat' dir='ltr'>horum</span> <span class='ocrx_word' id='word_1_649' title='bbox 2577 4108 2978 4159; x_wconf 83' lang='lat' dir='ltr'>vocabulorum</span> <span class='ocrx_word' id='word_1_650' title='bbox 3039 4109 3119 4158; x_wconf 89' lang='lat' dir='ltr'>sic</span> <span class='ocrx_word' id='word_1_651' title='bbox 3179 4107 3294 4157; x_wconf 92' lang='lat' dir='ltr'>illic</span> <span class='ocrx_word' id='word_1_652' title='bbox 3366 4105 3653 4155; x_wconf 88' lang='lat' dir='ltr'>constituit</span> <span class='ocrx_word' id='word_1_653' title='bbox 3729 4104 3959 4153; x_wconf 87' lang='lat' dir='ltr'>initium</span> 
     </span>
    </p>
   </div>
   <div class='ocr_carea' id='block_1_86' title="bbox 2320 4173 3957 4242">
    <p class='ocr_par' dir='ltr' id='par_1_86' title="bbox 2320 4173 3957 4242">
     <span class='ocr_line' id='line_1_86' title="bbox 2320 4173 3957 4242; baseline -0.003 -15"><span class='ocrx_word' id='word_1_654' title='bbox 2320 4178 2604 4240; x_wconf 88' lang='lat' dir='ltr'>sequentis</span> <span class='ocrx_word' id='word_1_655' title='bbox 2670 4177 2880 4242; x_wconf 91' lang='lat' dir='ltr'>periodi</span> <span class='ocrx_word' id='word_1_656' title='bbox 2926 4193 2939 4225; x_wconf 88' lang='lat'>:</span> <span class='ocrx_word' id='word_1_657' title='bbox 2994 4196 3023 4224; x_wconf 90' lang='lat'>«</span> <span class='ocrx_word' id='word_1_658' title='bbox 3071 4177 3316 4240; x_wconf 84' lang='lat' dir='ltr'>Largiter</span> <span class='ocrx_word' id='word_1_659' title='bbox 3357 4176 3506 4225; x_wconf 87' lang='lat' dir='ltr'>acies</span> <span class='ocrx_word' id='word_1_660' title='bbox 3558 4173 3743 4224; x_wconf 81' lang='lat' dir='ltr'>adhuc</span> <span class='ocrx_word' id='word_1_661' title='bbox 3804 4174 3957 4238; x_wconf 88' lang='lat' dir='ltr'>geri-</span> 
     </span>
    </p>
   </div>
   <div class='ocr_carea' id='block_1_87' title="bbox 2320 4253 2492 4298">
    <p class='ocr_par' dir='ltr' id='par_1_87' title="bbox 2320 4253 2492 4298">
     <span class='ocr_line' id='line_1_87' title="bbox 2320 4253 2492 4298; baseline -0.017 0"><span class='ocrx_word' id='word_1_662' title='bbox 2320 4253 2424 4298; x_wconf 81' lang='lat' dir='ltr'>tur.</span> <span class='ocrx_word' id='word_1_663' title='bbox 2461 4263 2492 4295; x_wconf 66' lang='grc' dir='ltr'>ι)</span> 
     </span>
    </p>
   </div>
   <div class='ocr_carea' id='block_1_88' title="bbox 2381 4315 3963 4382">
    <p class='ocr_par' dir='ltr' id='par_1_88' title="bbox 2381 4315 3963 4382">
     <span class='ocr_line' id='line_1_88' title="bbox 2381 4315 3963 4382; baseline -0.001 -13"><span class='ocrx_word' id='word_1_664' title='bbox 2381 4319 2477 4382; x_wconf 82' lang='grc'>(43)</span> <span class='ocrx_word' id='word_1_665' title='bbox 2535 4319 2950 4369; x_wconf 88' lang='lat' dir='ltr'>Illustrissimus</span> <span class='ocrx_word' id='word_1_666' title='bbox 3008 4317 3305 4369; x_wconf 88' lang='lat' dir='ltr'>cardinalis</span> <span class='ocrx_word' id='word_1_667' title='bbox 3362 4315 3630 4367; x_wconf 88' lang='lat' dir='ltr'>Baronius</span> <span class='ocrx_word' id='word_1_668' title='bbox 3688 4317 3762 4366; x_wconf 87' lang='lat' dir='ltr'>ait</span> <span class='ocrx_word' id='word_1_669' title='bbox 3802 4315 3963 4367; x_wconf 84' lang='lat' dir='ltr'>hanc</span> 
     </span>
    </p>
   </div>
   <div class='ocr_carea' id='block_1_89' title="bbox 2319 4388 3965 4454">
    <p class='ocr_par' dir='ltr' id='par_1_89' title="bbox 2319 4388 3965 4454">
     <span class='ocr_line' id='line_1_89' title="bbox 2319 4388 3965 4454; baseline -0.001 -14"><span class='ocrx_word' id='word_1_670' title='bbox 2319 4390 2621 4454; x_wconf 87' lang='lat' dir='ltr'>Epistolam</span> <span class='ocrx_word' id='word_1_671' title='bbox 2646 4390 2909 4454; x_wconf 88' lang='lat' dir='ltr'>scriptam</span> <span class='ocrx_word' id='word_1_672' title='bbox 2938 4405 2968 4440; x_wconf 90' lang='lat' dir='ltr'>a</span> <span class='ocrx_word' id='word_1_673' title='bbox 3000 4389 3279 4454; x_wconf 88' lang='lat' dir='ltr'>Cypriano</span> <span class='ocrx_word' id='word_1_674' title='bbox 3307 4402 3429 4440; x_wconf 91' lang='lat' dir='ltr'>esse</span> <span class='ocrx_word' id='word_1_675' title='bbox 3470 4389 3539 4438; x_wconf 87' lang='lat' dir='ltr'>ad</span> <span class='ocrx_word' id='word_1_676' title='bbox 3582 4388 3793 4438; x_wconf 90' lang='lat' dir='ltr'>clerum</span> <span class='ocrx_word' id='word_1_677' title='bbox 3839 4388 3965 4439; x_wconf 85' lang='lat' dir='ltr'>Ro-</span> 
     </span>
    </p>
   </div>
   <div class='ocr_carea' id='block_1_90' title="bbox 2320 4461 3961 4525">
    <p class='ocr_par' dir='ltr' id='par_1_90' title="bbox 2320 4461 3961 4525">
     <span class='ocr_line' id='line_1_90' title="bbox 2320 4461 3961 4525; baseline 0 -15"><span class='ocrx_word' id='word_1_678' title='bbox 2320 4474 2566 4522; x_wconf 90' lang='lat' dir='ltr'>manum,</span> <span class='ocrx_word' id='word_1_679' title='bbox 2618 4462 2709 4511; x_wconf 90' lang='lat' dir='ltr'>cui</span> <span class='ocrx_word' id='word_1_680' title='bbox 2753 4461 3064 4525; x_wconf 84' lang='lat' dir='ltr'>Cyprianus</span> <span class='ocrx_word' id='word_1_681' title='bbox 3106 4462 3342 4512; x_wconf 88' lang='lat' dir='ltr'>instituti</span> <span class='ocrx_word' id='word_1_682' title='bbox 3391 4461 3499 4522; x_wconf 92' lang='lat' dir='ltr'>sui,</span> <span class='ocrx_word' id='word_1_683' title='bbox 3542 4462 3604 4508; x_wconf 90' lang='lat' dir='ltr'>ut</span> <span class='ocrx_word' id='word_1_684' title='bbox 3660 4474 3757 4521; x_wconf 85' lang='lat' dir='ltr'>par</span> <span class='ocrx_word' id='word_1_685' title='bbox 3811 4466 3961 4523; x_wconf 88' lang='lat' dir='ltr'>erat,</span> 
     </span>
    </p>
   </div>
   <div class='ocr_carea' id='block_1_91' title="bbox 2319 4528 3966 4594">
    <p class='ocr_par' dir='ltr' id='par_1_91' title="bbox 2319 4528 3966 4594">
     <span class='ocr_line' id='line_1_91' title="bbox 2319 4528 3966 4594; baseline -0.001 -13"><span class='ocrx_word' id='word_1_686' title='bbox 2319 4534 2589 4582; x_wconf 88' lang='lat' dir='ltr'>rationem</span> <span class='ocrx_word' id='word_1_687' title='bbox 2620 4531 2815 4581; x_wconf 88' lang='lat' dir='ltr'>reddit.</span> <span class='ocrx_word' id='word_1_688' title='bbox 2845 4532 2955 4582; x_wconf 90' lang='lat' dir='ltr'>Sed</span> <span class='ocrx_word' id='word_1_689' title='bbox 2979 4534 3181 4581; x_wconf 87' lang='lat' dir='ltr'>erravit</span> <span class='ocrx_word' id='word_1_690' title='bbox 3203 4533 3286 4580; x_wconf 91' lang='lat' dir='ltr'>vir</span> <span class='ocrx_word' id='word_1_691' title='bbox 3313 4530 3695 4581; x_wconf 90' lang='lat' dir='ltr'>doctissimus.</span> <span class='ocrx_word' id='word_1_692' title='bbox 3729 4528 3966 4594; x_wconf 83' lang='lat' dir='ltr'>Scripta</span> 
     </span>
    </p>
   </div>
   <div class='ocr_carea' id='block_1_92' title="bbox 2319 4600 3965 4668">
    <p class='ocr_par' dir='ltr' id='par_1_92' title="bbox 2319 4600 3965 4668">
     <span class='ocr_line' id='line_1_92' title="bbox 2319 4600 3965 4668; baseline -0.001 -14"><span class='ocrx_word' id='word_1_693' title='bbox 2319 4608 2404 4654; x_wconf 89' lang='lat' dir='ltr'>est</span> <span class='ocrx_word' id='word_1_694' title='bbox 2452 4602 2522 4653; x_wconf 86' lang='lat' dir='ltr'>ad</span> <span class='ocrx_word' id='word_1_695' title='bbox 2564 4615 2661 4653; x_wconf 90' lang='lat' dir='ltr'>eos</span> <span class='ocrx_word' id='word_1_696' title='bbox 2698 4616 2728 4653; x_wconf 92' lang='lat' dir='ltr'>e</span> <span class='ocrx_word' id='word_1_697' title='bbox 2776 4603 2923 4654; x_wconf 90' lang='lat' dir='ltr'>clero</span> <span class='ocrx_word' id='word_1_698' title='bbox 2980 4603 3400 4668; x_wconf 85' lang='lat' dir='ltr'>Carthaginensi</span> <span class='ocrx_word' id='word_1_699' title='bbox 3446 4602 3545 4667; x_wconf 89' lang='lat' dir='ltr'>qui</span> <span class='ocrx_word' id='word_1_700' title='bbox 3595 4600 3782 4651; x_wconf 70' lang='lat' dir='ltr'>Roma:</span> <span class='ocrx_word' id='word_1_701' title='bbox 3828 4605 3965 4652; x_wconf 87' lang='lat' dir='ltr'>tum</span> 
     </span>
    </p>
   </div>
   <div class='ocr_carea' id='block_1_93' title="bbox 2319 4671 3964 4737">
    <p class='ocr_par' dir='ltr' id='par_1_93' title="bbox 2319 4671 3964 4737">
     <span class='ocr_line' id='line_1_93' title="bbox 2319 4671 3964 4737; baseline -0.001 -12"><span class='ocrx_word' id='word_1_702' title='bbox 2319 4679 2491 4736; x_wconf 90' lang='lat' dir='ltr'>erant,</span> <span class='ocrx_word' id='word_1_703' title='bbox 2519 4679 2579 4724; x_wconf 90' lang='lat' dir='ltr'>ut</span> <span class='ocrx_word' id='word_1_704' title='bbox 2609 4674 2898 4723; x_wconf 83' lang='lat' dir='ltr'>manifeste</span> <span class='ocrx_word' id='word_1_705' title='bbox 2931 4676 3078 4737; x_wconf 89' lang='lat' dir='ltr'>patet</span> <span class='ocrx_word' id='word_1_706' title='bbox 3109 4686 3177 4724; x_wconf 87' lang='lat' dir='ltr'>ex</span> <span class='ocrx_word' id='word_1_707' title='bbox 3212 4673 3422 4723; x_wconf 89' lang='lat' dir='ltr'>ultimis</span> <span class='ocrx_word' id='word_1_708' title='bbox 3456 4671 3640 4723; x_wconf 87' lang='lat' dir='ltr'>verbis</span> <span class='ocrx_word' id='word_1_709' title='bbox 3679 4673 3964 4736; x_wconf 65' lang='lat' dir='ltr'>epistola,</span> 
     </span>
    </p>
   </div>
   <div class='ocr_carea' id='block_1_94' title="bbox 2318 4744 3967 4810">
    <p class='ocr_par' dir='ltr' id='par_1_94' title="bbox 2318 4744 3967 4810">
     <span class='ocr_line' id='line_1_94' title="bbox 2318 4744 3967 4810; baseline -0.002 -14"><span class='ocrx_word' id='word_1_710' title='bbox 2318 4747 2375 4796; x_wconf 90' lang='lat' dir='ltr'>in</span> <span class='ocrx_word' id='word_1_711' title='bbox 2407 4759 2519 4810; x_wconf 88' lang='lat' dir='ltr'>qua</span> <span class='ocrx_word' id='word_1_712' title='bbox 2551 4744 2862 4809; x_wconf 86' lang='lat' dir='ltr'>Cyprianus</span> <span class='ocrx_word' id='word_1_713' title='bbox 2898 4745 3087 4795; x_wconf 90' lang='lat' dir='ltr'>scribit</span> <span class='ocrx_word' id='word_1_714' title='bbox 3130 4756 3190 4794; x_wconf 90' lang='lat' dir='ltr'>se</span> <span class='ocrx_word' id='word_1_715' title='bbox 3236 4757 3331 4794; x_wconf 90' lang='lat' dir='ltr'>eos</span> <span class='ocrx_word' id='word_1_716' title='bbox 3365 4746 3687 4807; x_wconf 80' lang='lat' dir='ltr'>exspectare</span> <span class='ocrx_word' id='word_1_717' title='bbox 3725 4747 3790 4792; x_wconf 89' lang='lat' dir='ltr'>ut</span> <span class='ocrx_word' id='word_1_718' title='bbox 3814 4755 3967 4793; x_wconf 80' lang='lat' dir='ltr'>cum</span> 
     </span>
    </p>
   </div>
   <div class='ocr_carea' id='block_1_95' title="bbox 2319 4814 3969 4880">
    <p class='ocr_par' dir='ltr' id='par_1_95' title="bbox 2319 4814 3969 4880">
     <span class='ocr_line' id='line_1_95' title="bbox 2319 4814 3969 4880; baseline 0 -14"><span class='ocrx_word' id='word_1_719' title='bbox 2319 4830 2511 4867; x_wconf 90' lang='lat' dir='ltr'>eorum</span> <span class='ocrx_word' id='word_1_720' title='bbox 2578 4817 2813 4867; x_wconf 90' lang='lat' dir='ltr'>consilio</span> <span class='ocrx_word' id='word_1_721' title='bbox 2876 4816 3169 4880; x_wconf 89' lang='lat' dir='ltr'>disponere</span> <span class='ocrx_word' id='word_1_722' title='bbox 3241 4815 3458 4879; x_wconf 87' lang='lat' dir='ltr'>singula</span> <span class='ocrx_word' id='word_1_723' title='bbox 3526 4819 3579 4863; x_wconf 92' lang='lat' dir='ltr'>et</span> <span class='ocrx_word' id='word_1_724' title='bbox 3650 4814 3969 4866; x_wconf 81' lang='lat' dir='ltr'>reformare</span> 
     </span>
    </p>
   </div>
   <div class='ocr_carea' id='block_1_96' title="bbox 2319 4884 3966 4951">
    <p class='ocr_par' dir='ltr' id='par_1_96' title="bbox 2319 4884 3966 4951">
     <span class='ocr_line' id='line_1_96' title="bbox 2319 4884 3966 4951; baseline -0.001 -15"><span class='ocrx_word' id='word_1_725' title='bbox 2319 4889 2509 4951; x_wconf 88' lang='lat' dir='ltr'>possit.</span> <span class='ocrx_word' id='word_1_726' title='bbox 2562 4887 2752 4951; x_wconf 88' lang='lat' dir='ltr'>Itaque</span> <span class='ocrx_word' id='word_1_727' title='bbox 2807 4887 2940 4937; x_wconf 87' lang='lat' dir='ltr'>hinc</span> <span class='ocrx_word' id='word_1_728' title='bbox 2991 4888 3175 4950; x_wconf 89' lang='lat' dir='ltr'>colligi</span> <span class='ocrx_word' id='word_1_729' title='bbox 3227 4900 3338 4936; x_wconf 90' lang='lat' dir='ltr'>non</span> <span class='ocrx_word' id='word_1_730' title='bbox 3386 4888 3563 4949; x_wconf 88' lang='lat' dir='ltr'>potest</span> <span class='ocrx_word' id='word_1_731' title='bbox 3606 4884 3966 4949; x_wconf 85' lang='lat' dir='ltr'>Cyprianum</span> 
     </span>
    </p>
   </div>
   <div class='ocr_carea' id='block_1_97' title="bbox 2318 4955 3965 5021">
    <p class='ocr_par' dir='ltr' id='par_1_97' title="bbox 2318 4955 3965 5021">
     <span class='ocr_line' id='line_1_97' title="bbox 2318 4955 3965 5021; baseline -0.001 -14"><span class='ocrx_word' id='word_1_732' title='bbox 2318 4972 2417 5021; x_wconf 89' lang='lat' dir='ltr'>pro</span> <span class='ocrx_word' id='word_1_733' title='bbox 2467 4957 2652 5008; x_wconf 88' lang='lat' dir='ltr'>debito</span> <span class='ocrx_word' id='word_1_734' title='bbox 2711 4971 2813 5007; x_wconf 91' lang='lat' dir='ltr'>suo</span> <span class='ocrx_word' id='word_1_735' title='bbox 2880 4959 3165 5021; x_wconf 87' lang='lat' dir='ltr'>scripsisse</span> <span class='ocrx_word' id='word_1_736' title='bbox 3228 4957 3295 5007; x_wconf 91' lang='lat' dir='ltr'>ad</span> <span class='ocrx_word' id='word_1_737' title='bbox 3348 4958 3560 5007; x_wconf 92' lang='lat' dir='ltr'>clerum</span> <span class='ocrx_word' id='word_1_738' title='bbox 3611 4955 3965 5018; x_wconf 87' lang='lat' dir='ltr'>Romanum,</span> 
     </span>
    </p>
   </div>
   <div class='ocr_carea' id='block_1_98' title="bbox 2318 5028 3967 5092">
    <p class='ocr_par' dir='ltr' id='par_1_98' title="bbox 2318 5028 3967 5092">
     <span class='ocr_line' id='line_1_98' title="bbox 2318 5028 3967 5092; baseline 0 -14"><span class='ocrx_word' id='word_1_739' title='bbox 2318 5042 2484 5092; x_wconf 90' lang='lat' dir='ltr'>quem</span> <span class='ocrx_word' id='word_1_740' title='bbox 2533 5032 2762 5089; x_wconf 88' lang='lat' dir='ltr'>constat,</span> <span class='ocrx_word' id='word_1_741' title='bbox 2801 5030 2881 5079; x_wconf 89' lang='lat' dir='ltr'>uti</span> <span class='ocrx_word' id='word_1_742' title='bbox 2921 5034 3085 5079; x_wconf 88' lang='lat' dir='ltr'>antea</span> <span class='ocrx_word' id='word_1_743' title='bbox 3127 5029 3260 5090; x_wconf 84' lang='lat' dir='ltr'>dixi,</span> <span class='ocrx_word' id='word_1_744' title='bbox 3302 5041 3415 5078; x_wconf 90' lang='lat' dir='ltr'>non</span> <span class='ocrx_word' id='word_1_745' title='bbox 3464 5028 3723 5077; x_wconf 87' lang='lat' dir='ltr'>habuisse</span> <span class='ocrx_word' id='word_1_746' title='bbox 3753 5041 3967 5078; x_wconf 88' lang='lat' dir='ltr'>curam</span> 
     </span>
    </p>
   </div>
   <div class='ocr_carea' id='block_1_99' title="bbox 652 5075 3969 5164">
    <p class='ocr_par' dir='ltr' id='par_1_99' title="bbox 652 5075 3969 5164">
     <span class='ocr_line' id='line_1_99' title="bbox 652 5075 3969 5164; baseline 0.001 -17"><span class='ocrx_word' id='word_1_747' title='bbox 652 5075 1271 5164; x_wconf 13' lang='lat' dir='ltr'>(33)”Ebciesiwiipsius.</span> <span class='ocrx_word' id='word_1_748' title='bbox 1333 5097 1505 5147; x_wconf 89' lang='lat' dir='ltr'>Vetus</span> <span class='ocrx_word' id='word_1_749' title='bbox 1570 5097 1745 5149; x_wconf 80' lang='lat' dir='ltr'>codex</span> <span class='ocrx_word' id='word_1_750' title='bbox 1820 5075 3715 5163; x_wconf 11' lang='lat' dir='ltr'>Remigianus:Dliniversaliswlicclesiee—vsedemvacanteiﬁAngli</span> 
     </span>
    </p>
   </div>
   <div class='ocr_carea' id='block_1_100' title="bbox 590 5167 2216 5234">
    <p class='ocr_par' dir='ltr' id='par_1_100' title="bbox 590 5167 2216 5234">
     <span class='ocr_line' id='line_1_100' title="bbox 590 5167 2216 5234; baseline -0.001 -14"><span class='ocrx_word' id='word_1_751' title='bbox 590 5188 620 5220; x_wconf 74' lang='grc' dir='ltr'>(ς</span> <span class='ocrx_word' id='word_1_752' title='bbox 645 5171 912 5222; x_wconf 62' lang='lat' dir='ltr'>Ecclesia</span> <span class='ocrx_word' id='word_1_753' title='bbox 941 5170 1096 5233; x_wconf 89' lang='lat' dir='ltr'>prius</span> <span class='ocrx_word' id='word_1_754' title='bbox 1122 5167 1405 5232; x_wconf 91' lang='lat' dir='ltr'>publicam</span> <span class='ocrx_word' id='word_1_755' title='bbox 1436 5182 1696 5232; x_wconf 85' lang='lat' dir='ltr'>pacem.»</span> <span class='ocrx_word' id='word_1_756' title='bbox 1725 5169 1922 5234; x_wconf 90' lang='lat' dir='ltr'>Supra,</span> <span class='ocrx_word' id='word_1_757' title='bbox 1949 5171 2104 5234; x_wconf 89' lang='lat' dir='ltr'>epist.</span> <span class='ocrx_word' id='word_1_758' title='bbox 2121 5170 2181 5219; x_wconf 78' lang='grc'>10</span> <span class='ocrx_word' id='word_1_759' title='bbox 2204 5184 2216 5217; x_wconf 90' lang='lat'><strong>:</strong></span> 
     </span>
    </p>
   </div>
   <div class='ocr_carea' id='block_1_101' title="bbox 590 5240 2219 5303">
    <p class='ocr_par' dir='ltr' id='par_1_101' title="bbox 590 5240 2219 5303">
     <span class='ocr_line' id='line_1_101' title="bbox 590 5240 2219 5303; baseline 0 -14"><span class='ocrx_word' id='word_1_760' title='bbox 590 5262 620 5289; x_wconf 87' lang='lat'>«</span> <span class='ocrx_word' id='word_1_761' title='bbox 661 5245 805 5292; x_wconf 89' lang='lat' dir='ltr'>Ante</span> <span class='ocrx_word' id='word_1_762' title='bbox 884 5244 967 5291; x_wconf 86' lang='lat' dir='ltr'>est</span> <span class='ocrx_word' id='word_1_763' title='bbox 1018 5242 1080 5288; x_wconf 90' lang='lat' dir='ltr'>ut</span> <span class='ocrx_word' id='word_1_764' title='bbox 1142 5254 1173 5289; x_wconf 89' lang='lat' dir='ltr'>a</span> <span class='ocrx_word' id='word_1_765' title='bbox 1234 5240 1470 5290; x_wconf 91' lang='lat' dir='ltr'>Domino</span> <span class='ocrx_word' id='word_1_766' title='bbox 1539 5253 1732 5303; x_wconf 90' lang='lat' dir='ltr'>pacem</span> <span class='ocrx_word' id='word_1_767' title='bbox 1816 5245 1993 5291; x_wconf 88' lang='lat' dir='ltr'>mater</span> <span class='ocrx_word' id='word_1_768' title='bbox 2072 5241 2219 5303; x_wconf 90' lang='lat' dir='ltr'>prior</span> 
     </span>
    </p>
   </div>
   <div class='ocr_carea' id='block_1_102' title="bbox 588 5316 845 5364">
    <p class='ocr_par' dir='ltr' id='par_1_102' title="bbox 588 5316 845 5364">
     <span class='ocr_line' id='line_1_102' title="bbox 588 5316 845 5364; baseline -0.027 0"><span class='ocrx_word' id='word_1_769' title='bbox 588 5316 790 5364; x_wconf 90' lang='lat' dir='ltr'>sumat.</span> <span class='ocrx_word' id='word_1_770' title='bbox 816 5330 845 5357; x_wconf 84' lang='grc'>››</span> 
     </span>
    </p>
   </div>
   <div class='ocr_carea' id='block_1_103' title="bbox 650 5379 2219 5447">
    <p class='ocr_par' dir='ltr' id='par_1_103' title="bbox 650 5379 2219 5447">
     <span class='ocr_line' id='line_1_103' title="bbox 650 5379 2219 5447; baseline 0 -12"><span class='ocrx_word' id='word_1_771' title='bbox 650 5386 747 5447; x_wconf 86' lang='grc'>(39)</span> <span class='ocrx_word' id='word_1_772' title='bbox 780 5381 1055 5446; x_wconf 77' lang='lat' dir='ltr'>Praepositi</span> <span class='ocrx_word' id='word_1_773' title='bbox 1079 5394 1196 5431; x_wconf 88' lang='lat' dir='ltr'>cum</span> <span class='ocrx_word' id='word_1_774' title='bbox 1234 5379 1401 5432; x_wconf 76' lang='lat' dir='ltr'>Claro.</span> <span class='ocrx_word' id='word_1_775' title='bbox 1444 5382 1567 5432; x_wconf 91' lang='lat' dir='ltr'>Duo</span> <span class='ocrx_word' id='word_1_776' title='bbox 1603 5380 1730 5432; x_wconf 89' lang='lat' dir='ltr'>libri</span> <span class='ocrx_word' id='word_1_777' title='bbox 1768 5386 1977 5434; x_wconf 86' lang='lat' dir='ltr'>veteres</span> <span class='ocrx_word' id='word_1_778' title='bbox 2012 5384 2219 5447; x_wconf 63' lang='lat' dir='ltr'>praefe-</span> 
     </span>
    </p>
   </div>
   <div class='ocr_carea' id='block_1_104' title="bbox 588 5453 2218 5517">
    <p class='ocr_par' dir='ltr' id='par_1_104' title="bbox 588 5453 2218 5517">
     <span class='ocr_line' id='line_1_104' title="bbox 588 5453 2218 5517; baseline -0.001 -12"><span class='ocrx_word' id='word_1_779' title='bbox 588 5458 715 5505; x_wconf 88' lang='lat' dir='ltr'>runt</span> <span class='ocrx_word' id='word_1_780' title='bbox 746 5469 756 5502; x_wconf 90' lang='lat'>:</span> <span class='ocrx_word' id='word_1_781' title='bbox 783 5470 811 5498; x_wconf 93' lang='lat'>«</span> <span class='ocrx_word' id='word_1_782' title='bbox 834 5454 903 5505; x_wconf 92' lang='lat' dir='ltr'>Ut</span> <span class='ocrx_word' id='word_1_783' title='bbox 947 5453 1192 5517; x_wconf 87' lang='lat' dir='ltr'>episcopi</span> <span class='ocrx_word' id='word_1_784' title='bbox 1228 5453 1415 5517; x_wconf 87' lang='lat' dir='ltr'>plures</span> <span class='ocrx_word' id='word_1_785' title='bbox 1440 5455 1496 5503; x_wconf 90' lang='lat' dir='ltr'>in</span> <span class='ocrx_word' id='word_1_786' title='bbox 1534 5466 1710 5503; x_wconf 91' lang='lat' dir='ltr'>unum</span> <span class='ocrx_word' id='word_1_787' title='bbox 1740 5455 2149 5505; x_wconf 83' lang='lat' dir='ltr'>convenientes.</span> <span class='ocrx_word' id='word_1_788' title='bbox 2188 5470 2218 5503; x_wconf 67' lang='grc' dir='ltr'><strong>ν</strong></span> 
     </span>
    </p>
   </div>
   <div class='ocr_carea' id='block_1_105' title="bbox 585 5523 2218 5589">
    <p class='ocr_par' dir='ltr' id='par_1_105' title="bbox 585 5523 2218 5589">
     <span class='ocr_line' id='line_1_105' title="bbox 585 5523 2218 5589; baseline 0 -12"><span class='ocrx_word' id='word_1_789' title='bbox 585 5527 771 5577; x_wconf 87' lang='lat' dir='ltr'>Recte.</span> <span class='ocrx_word' id='word_1_790' title='bbox 804 5523 1022 5588; x_wconf 91' lang='lat' dir='ltr'>Quippe</span> <span class='ocrx_word' id='word_1_791' title='bbox 1056 5524 1369 5588; x_wconf 87' lang='lat' dir='ltr'>Cyprianus</span> <span class='ocrx_word' id='word_1_792' title='bbox 1395 5525 1562 5589; x_wconf 87' lang='lat' dir='ltr'>vulgo</span> <span class='ocrx_word' id='word_1_793' title='bbox 1589 5537 1684 5587; x_wconf 91' lang='lat' dir='ltr'>per</span> <span class='ocrx_word' id='word_1_794' title='bbox 1705 5526 2035 5589; x_wconf 76' lang='lat' dir='ltr'>praepositos</span> <span class='ocrx_word' id='word_1_795' title='bbox 2059 5526 2218 5578; x_wconf 89' lang='lat' dir='ltr'>intel-</span> 
     </span>
    </p>
   </div>
   <div class='ocr_carea' id='block_1_106' title="bbox 585 5596 1037 5660">
    <p class='ocr_par' dir='ltr' id='par_1_106' title="bbox 585 5596 1037 5660">
     <span class='ocr_line' id='line_1_106' title="bbox 585 5596 1037 5660; baseline -0.009 -14"><span class='ocrx_word' id='word_1_796' title='bbox 585 5597 708 5660; x_wconf 86' lang='lat' dir='ltr'>ligit</span> <span class='ocrx_word' id='word_1_797' title='bbox 730 5596 1037 5659; x_wconf 89' lang='lat' dir='ltr'>episcopos.</span> 
     </span>
    </p>
   </div>
   <div class='ocr_carea' id='block_1_107' title="bbox 650 5664 2217 5731">
    <p class='ocr_par' dir='ltr' id='par_1_107' title="bbox 650 5664 2217 5731">
     <span class='ocr_line' id='line_1_107' title="bbox 650 5664 2217 5731; baseline 0.001 -14"><span class='ocrx_word' id='word_1_798' title='bbox 650 5667 748 5730; x_wconf 79' lang='grc'>(40)</span> <span class='ocrx_word' id='word_1_799' title='bbox 786 5666 1059 5716; x_wconf 78' lang='lat' dir='ltr'>Stantium</span> <span class='ocrx_word' id='word_1_800' title='bbox 1098 5664 1261 5730; x_wconf 73' lang='lat' dir='ltr'>plebe.</span> <span class='ocrx_word' id='word_1_801' title='bbox 1305 5665 1701 5729; x_wconf 89' lang='lat' dir='ltr'>Hieronymus,</span> <span class='ocrx_word' id='word_1_802' title='bbox 1757 5666 1814 5715; x_wconf 90' lang='lat' dir='ltr'>in</span> <span class='ocrx_word' id='word_1_803' title='bbox 1858 5668 2089 5731; x_wconf 87' lang='lat' dir='ltr'>epistola</span> <span class='ocrx_word' id='word_1_804' title='bbox 2144 5667 2217 5718; x_wconf 85' lang='lat' dir='ltr'>ad</span> 
     </span>
    </p>
   </div>
   <div class='ocr_carea' id='block_1_108' title="bbox 585 5736 2216 5803">
    <p class='ocr_par' dir='ltr' id='par_1_108' title="bbox 585 5736 2216 5803">
     <span class='ocr_line' id='line_1_108' title="bbox 585 5736 2216 5803; baseline -0.001 -13"><span class='ocrx_word' id='word_1_805' title='bbox 585 5740 860 5802; x_wconf 72' lang='lat' dir='ltr'>Savinam,</span> <span class='ocrx_word' id='word_1_806' title='bbox 900 5737 970 5788; x_wconf 89' lang='lat' dir='ltr'>de</span> <span class='ocrx_word' id='word_1_807' title='bbox 1007 5736 1276 5788; x_wconf 88' lang='lat' dir='ltr'>servanda</span> <span class='ocrx_word' id='word_1_808' title='bbox 1310 5737 1582 5788; x_wconf 88' lang='lat' dir='ltr'>viduitate</span> <span class='ocrx_word' id='word_1_809' title='bbox 1612 5751 1624 5785; x_wconf 92' lang='lat'><strong>:</strong></span> <span class='ocrx_word' id='word_1_810' title='bbox 1668 5753 1697 5783; x_wconf 89' lang='lat'><strong>«</strong></span> <span class='ocrx_word' id='word_1_811' title='bbox 1738 5736 1825 5787; x_wconf 86' lang='lat' dir='ltr'>Ex</span> <span class='ocrx_word' id='word_1_812' title='bbox 1863 5752 1976 5803; x_wconf 89' lang='lat' dir='ltr'>quo</span> <span class='ocrx_word' id='word_1_813' title='bbox 2008 5738 2216 5790; x_wconf 90' lang='lat' dir='ltr'>intelli-</span> 
     </span>
    </p>
   </div>
   <div class='ocr_carea' id='block_1_109' title="bbox 583 5808 2214 5877">
    <p class='ocr_par' dir='ltr' id='par_1_109' title="bbox 583 5808 2214 5877">
     <span class='ocr_line' id='line_1_109' title="bbox 583 5808 2214 5877; baseline 0 -16"><span class='ocrx_word' id='word_1_814' title='bbox 583 5812 769 5877; x_wconf 89' lang='lat' dir='ltr'>gimus</span> <span class='ocrx_word' id='word_1_815' title='bbox 802 5810 960 5860; x_wconf 89' lang='lat' dir='ltr'>illum</span> <span class='ocrx_word' id='word_1_816' title='bbox 984 5822 1097 5860; x_wconf 91' lang='lat' dir='ltr'>non</span> <span class='ocrx_word' id='word_1_817' title='bbox 1133 5808 1409 5861; x_wconf 89' lang='lat' dir='ltr'>stantibus</span> <span class='ocrx_word' id='word_1_818' title='bbox 1442 5822 1721 5874; x_wconf 88' lang='lat' dir='ltr'>coronam,</span> <span class='ocrx_word' id='word_1_819' title='bbox 1761 5810 1858 5862; x_wconf 90' lang='lat' dir='ltr'>sed</span> <span class='ocrx_word' id='word_1_820' title='bbox 1898 5811 2214 5875; x_wconf 74' lang='lat' dir='ltr'>iacentibus</span> 
     </span>
    </p>
   </div>
   <div class='ocr_carea' id='block_1_110' title="bbox 582 5883 1190 5950">
    <p class='ocr_par' dir='ltr' id='par_1_110' title="bbox 582 5883 1190 5950">
     <span class='ocr_line' id='line_1_110' title="bbox 582 5883 1190 5950; baseline -0.005 -13"><span class='ocrx_word' id='word_1_821' title='bbox 582 5897 813 5937; x_wconf 86' lang='lat' dir='ltr'>manum</span> <span class='ocrx_word' id='word_1_822' title='bbox 835 5883 1129 5950; x_wconf 88' lang='lat' dir='ltr'>porrigere.</span> <span class='ocrx_word' id='word_1_823' title='bbox 1159 5898 1190 5934; x_wconf 85' lang='grc'><strong>›&gt;</strong></span> 
     </span>
    </p>
   </div>
   <div class='ocr_carea' id='block_1_111' title="bbox 2318 5169 3971 5235">
    <p class='ocr_par' dir='ltr' id='par_1_111' title="bbox 2318 5169 3971 5235">
     <span class='ocr_line' id='line_1_111' title="bbox 2318 5169 3971 5235; baseline -0.001 -13"><span class='ocrx_word' id='word_1_824' title='bbox 2318 5171 2671 5223; x_wconf 90' lang='lat' dir='ltr'>crediderunt</span> <span class='ocrx_word' id='word_1_825' title='bbox 2694 5173 2957 5235; x_wconf 89' lang='lat' dir='ltr'>scriptam</span> <span class='ocrx_word' id='word_1_826' title='bbox 2996 5184 3119 5221; x_wconf 90' lang='lat' dir='ltr'>esse</span> <span class='ocrx_word' id='word_1_827' title='bbox 3156 5172 3441 5235; x_wconf 89' lang='lat' dir='ltr'>epistolam</span> <span class='ocrx_word' id='word_1_828' title='bbox 3476 5169 3544 5220; x_wconf 87' lang='lat' dir='ltr'>ad</span> <span class='ocrx_word' id='word_1_829' title='bbox 3578 5170 3790 5221; x_wconf 86' lang='lat' dir='ltr'>clerum</span> <span class='ocrx_word' id='word_1_830' title='bbox 3832 5170 3971 5221; x_wconf 86' lang='lat' dir='ltr'>Ro—</span> 
     </span>
    </p>
   </div>
   <div class='ocr_carea' id='block_1_112' title="bbox 2317 5241 3970 5307">
    <p class='ocr_par' dir='ltr' id='par_1_112' title="bbox 2317 5241 3970 5307">
     <span class='ocr_line' id='line_1_112' title="bbox 2317 5241 3970 5307; baseline -0.001 -14"><span class='ocrx_word' id='word_1_831' title='bbox 2317 5257 2564 5305; x_wconf 88' lang='lat' dir='ltr'>manum,</span> <span class='ocrx_word' id='word_1_832' title='bbox 2598 5244 2844 5307; x_wconf 87' lang='lat' dir='ltr'>itemque</span> <span class='ocrx_word' id='word_1_833' title='bbox 2884 5242 3234 5304; x_wconf 89' lang='lat' dir='ltr'>Reinhartus,</span> <span class='ocrx_word' id='word_1_834' title='bbox 3265 5243 3359 5307; x_wconf 91' lang='lat' dir='ltr'>qui</span> <span class='ocrx_word' id='word_1_835' title='bbox 3393 5255 3597 5292; x_wconf 88' lang='lat' dir='ltr'>novam</span> <span class='ocrx_word' id='word_1_836' title='bbox 3631 5241 3970 5304; x_wconf 89' lang='lat' dir='ltr'>inscriptio-</span> 
     </span>
    </p>
   </div>
   <div class='ocr_carea' id='block_1_113' title="bbox 2316 5316 2675 5378">
    <p class='ocr_par' dir='ltr' id='par_1_113' title="bbox 2316 5316 2675 5378">
     <span class='ocr_line' id='line_1_113' title="bbox 2316 5316 2675 5378; baseline -0.003 -13"><span class='ocrx_word' id='word_1_837' title='bbox 2316 5329 2444 5367; x_wconf 89' lang='lat' dir='ltr'>nem</span> <span class='ocrx_word' id='word_1_838' title='bbox 2474 5316 2675 5378; x_wconf 90' lang='lat' dir='ltr'>posuit.</span> 
     </span>
    </p>
   </div>
   <div class='ocr_carea' id='block_1_114' title="bbox 2379 5384 3969 5448">
    <p class='ocr_par' dir='ltr' id='par_1_114' title="bbox 2379 5384 3969 5448">
     <span class='ocr_line' id='line_1_114' title="bbox 2379 5384 3969 5448; baseline -0.001 -12"><span class='ocrx_word' id='word_1_839' title='bbox 2379 5388 2479 5448; x_wconf 70' lang='grc'>(44)</span> <span class='ocrx_word' id='word_1_840' title='bbox 2508 5386 2653 5436; x_wconf 81' lang='lat' dir='ltr'>Sicut</span> <span class='ocrx_word' id='word_1_841' title='bbox 2700 5386 2913 5436; x_wconf 80' lang='lat' dir='ltr'>Domini</span> <span class='ocrx_word' id='word_1_842' title='bbox 2944 5386 3218 5436; x_wconf 86' lang='lat' dir='ltr'>mandata.</span> <span class='ocrx_word' id='word_1_843' title='bbox 3260 5386 3385 5435; x_wconf 91' lang='lat' dir='ltr'>Duo</span> <span class='ocrx_word' id='word_1_844' title='bbox 3419 5384 3543 5435; x_wconf 88' lang='lat' dir='ltr'>libri</span> <span class='ocrx_word' id='word_1_845' title='bbox 3582 5386 3794 5435; x_wconf 86' lang='lat' dir='ltr'>veteres</span> <span class='ocrx_word' id='word_1_846' title='bbox 3848 5384 3969 5434; x_wconf 77' lang='lat' dir='ltr'>ha—</span> 
     </span>
    </p>
   </div>
   <div class='ocr_carea' id='block_1_115' title="bbox 2314 5455 3519 5518">
    <p class='ocr_par' dir='ltr' id='par_1_115' title="bbox 2314 5455 3519 5518">
     <span class='ocr_line' id='line_1_115' title="bbox 2314 5455 3519 5518; baseline -0.002 -12"><span class='ocrx_word' id='word_1_847' title='bbox 2314 5456 2465 5518; x_wconf 87' lang='lat' dir='ltr'>bent,</span> <span class='ocrx_word' id='word_1_848' title='bbox 2494 5458 2639 5507; x_wconf 85' lang='lat' dir='ltr'>Sicut</span> <span class='ocrx_word' id='word_1_849' title='bbox 2670 5458 2884 5507; x_wconf 84' lang='lat' dir='ltr'>Domini</span> <span class='ocrx_word' id='word_1_850' title='bbox 2904 5455 3166 5506; x_wconf 83' lang='lat' dir='ltr'>mandatis</span> <span class='ocrx_word' id='word_1_851' title='bbox 3183 5455 3519 5504; x_wconf 81' lang='lat' dir='ltr'>instruimur.</span> 
     </span>
    </p>
   </div>
   <div class='ocr_carea' id='block_1_116' title="bbox 2379 5524 3968 5590">
    <p class='ocr_par' dir='ltr' id='par_1_116' title="bbox 2379 5524 3968 5590">
     <span class='ocr_line' id='line_1_116' title="bbox 2379 5524 3968 5590; baseline -0.002 -11"><span class='ocrx_word' id='word_1_852' title='bbox 2379 5530 2479 5589; x_wconf 70' lang='lat'><strong>(45)</strong></span> <span class='ocrx_word' id='word_1_853' title='bbox 2533 5532 2673 5579; x_wconf 82' lang='lat' dir='ltr'>Orto.</span> <span class='ocrx_word' id='word_1_854' title='bbox 2719 5528 2920 5579; x_wconf 88' lang='lat' dir='ltr'>Mirum</span> <span class='ocrx_word' id='word_1_855' title='bbox 2983 5530 3064 5577; x_wconf 89' lang='lat' dir='ltr'>est</span> <span class='ocrx_word' id='word_1_856' title='bbox 3107 5526 3253 5577; x_wconf 86' lang='lat' dir='ltr'>hanc</span> <span class='ocrx_word' id='word_1_857' title='bbox 3314 5539 3527 5587; x_wconf 89' lang='lat' dir='ltr'>vocem,</span> <span class='ocrx_word' id='word_1_858' title='bbox 3574 5524 3787 5589; x_wconf 88' lang='lat' dir='ltr'>absque</span> <span class='ocrx_word' id='word_1_859' title='bbox 3836 5538 3968 5590; x_wconf 80' lang='lat' dir='ltr'>qua</span> 
     </span>
    </p>
   </div>
   <div class='ocr_carea' id='block_1_117' title="bbox 2314 5595 3967 5662">
    <p class='ocr_par' dir='ltr' id='par_1_117' title="bbox 2314 5595 3967 5662">
     <span class='ocr_line' id='line_1_117' title="bbox 2314 5595 3967 5662; baseline -0.003 -14"><span class='ocrx_word' id='word_1_860' title='bbox 2314 5603 2568 5649; x_wconf 89' lang='lat' dir='ltr'>constare</span> <span class='ocrx_word' id='word_1_861' title='bbox 2608 5602 2788 5662; x_wconf 89' lang='lat' dir='ltr'>potest</span> <span class='ocrx_word' id='word_1_862' title='bbox 2820 5611 3035 5659; x_wconf 89' lang='lat' dir='ltr'>sensus,</span> <span class='ocrx_word' id='word_1_863' title='bbox 3084 5596 3182 5647; x_wconf 89' lang='lat' dir='ltr'>sed</span> <span class='ocrx_word' id='word_1_864' title='bbox 3223 5610 3351 5662; x_wconf 73' lang='lat' dir='ltr'>quae</span> <span class='ocrx_word' id='word_1_865' title='bbox 3390 5600 3575 5647; x_wconf 88' lang='lat' dir='ltr'>tamen</span> <span class='ocrx_word' id='word_1_866' title='bbox 3619 5595 3777 5644; x_wconf 91' lang='lat' dir='ltr'>illum</span> <span class='ocrx_word' id='word_1_867' title='bbox 3824 5596 3967 5644; x_wconf 85' lang='lat' dir='ltr'>cla-</span> 
     </span>
    </p>
   </div>
   <div class='ocr_carea' id='block_1_118' title="bbox 2314 5666 3970 5737">
    <p class='ocr_par' dir='ltr' id='par_1_118' title="bbox 2314 5666 3970 5737">
     <span class='ocr_line' id='line_1_118' title="bbox 2314 5666 3970 5737; baseline -0.001 -20"><span class='ocrx_word' id='word_1_868' title='bbox 2314 5669 2513 5718; x_wconf 90' lang='lat' dir='ltr'>riorem</span> <span class='ocrx_word' id='word_1_869' title='bbox 2538 5670 2732 5731; x_wconf 88' lang='lat' dir='ltr'>reddit,</span> <span class='ocrx_word' id='word_1_870' title='bbox 2763 5670 2957 5737; x_wconf 88' lang='lat' dir='ltr'>deesse</span> <span class='ocrx_word' id='word_1_871' title='bbox 2980 5671 3037 5720; x_wconf 90' lang='lat' dir='ltr'>in</span> <span class='ocrx_word' id='word_1_872' title='bbox 3068 5669 3261 5720; x_wconf 91' lang='lat' dir='ltr'>decem</span> <span class='ocrx_word' id='word_1_873' title='bbox 3282 5669 3504 5731; x_wconf 90' lang='lat' dir='ltr'>optimis</span> <span class='ocrx_word' id='word_1_874' title='bbox 3529 5666 3970 5730; x_wconf 83' lang='lat' dir='ltr'>exemplaribus</span> 
     </span>
    </p>
   </div>
   <div class='ocr_carea' id='block_1_119' title="bbox 2312 5737 3966 5803">
    <p class='ocr_par' dir='ltr' id='par_1_119' title="bbox 2312 5737 3966 5803">
     <span class='ocr_line' id='line_1_119' title="bbox 2312 5737 3966 5803; baseline -0.001 -14"><span class='ocrx_word' id='word_1_875' title='bbox 2312 5740 2561 5803; x_wconf 89' lang='lat' dir='ltr'>antiquis</span> <span class='ocrx_word' id='word_1_876' title='bbox 2596 5740 2952 5791; x_wconf 89' lang='lat' dir='ltr'>editionibus.</span> <span class='ocrx_word' id='word_1_877' title='bbox 3004 5742 3221 5791; x_wconf 88' lang='lat' dir='ltr'>Primus</span> <span class='ocrx_word' id='word_1_878' title='bbox 3264 5740 3545 5791; x_wconf 82' lang='lat' dir='ltr'>Manutius</span> <span class='ocrx_word' id='word_1_879' title='bbox 3597 5739 3749 5789; x_wconf 88' lang='lat' dir='ltr'>illam</span> <span class='ocrx_word' id='word_1_880' title='bbox 3781 5737 3966 5788; x_wconf 82' lang='lat' dir='ltr'>addi-</span> 
     </span>
    </p>
   </div>
   <div class='ocr_carea' id='block_1_120' title="bbox 2313 5807 3966 5878">
    <p class='ocr_par' dir='ltr' id='par_1_120' title="bbox 2313 5807 3966 5878">
     <span class='ocr_line' id='line_1_120' title="bbox 2313 5807 3966 5878; baseline 0.003 -19"><span class='ocrx_word' id='word_1_881' title='bbox 2313 5810 2411 5872; x_wconf 87' lang='lat' dir='ltr'>dit,</span> <span class='ocrx_word' id='word_1_882' title='bbox 2442 5811 2720 5864; x_wconf 88' lang='lat' dir='ltr'>Morellius</span> <span class='ocrx_word' id='word_1_883' title='bbox 2746 5814 2952 5878; x_wconf 88' lang='lat' dir='ltr'>rejecit.</span> <span class='ocrx_word' id='word_1_884' title='bbox 2988 5813 3181 5864; x_wconf 85' lang='lat' dir='ltr'>Exstat</span> <span class='ocrx_word' id='word_1_885' title='bbox 3202 5816 3389 5864; x_wconf 86' lang='lat' dir='ltr'>tamen</span> <span class='ocrx_word' id='word_1_886' title='bbox 3423 5813 3479 5862; x_wconf 89' lang='lat' dir='ltr'>in</span> <span class='ocrx_word' id='word_1_887' title='bbox 3517 5824 3618 5863; x_wconf 87' lang='lat' dir='ltr'>sex</span> <span class='ocrx_word' id='word_1_888' title='bbox 3654 5807 3966 5864; x_wconf 81' lang='lat' dir='ltr'>codicibus</span> 
     </span>
    </p>
   </div>
   <div class='ocr_carea' id='block_1_121' title="bbox 2313 5883 2575 5949">
    <p class='ocr_par' dir='ltr' id='par_1_121' title="bbox 2313 5883 2575 5949">
     <span class='ocr_line' id='line_1_121' title="bbox 2313 5883 2575 5949; baseline 0.011 -17"><span class='ocrx_word' id='word_1_889' title='bbox 2313 5883 2575 5949; x_wconf 86' lang='lat' dir='ltr'>antiquis.</span> 
     </span>
    </p>
   </div>
  </div>
