4160 6216
264 256 339 311 269
1624 248 1945 306 EPISTOLA
1982 249 2090 304 XV.

3456 258 3559 309 ‘270

257 385 353 433 actu
383 391 475 431 nec
502 373 732 430 monitis
772 371 911 429 meis
952 373 1105 429 defui
1161 372 1468 445 quominus
1513 373 1827 428 secundum
1852 373 2123 458 Alibello
2151 390 2179 426 a
2208 373 2554 444 martyribus
2593 379 2824 445 accepto
2866 374 2935 430 de
2965 376 3170 431 saeculo
3198 377 3554 445 excederent,

258 470 753 541 Dominipmcepta,
773 468 1044 523 fratribus
1065 468 1270 524 nostris
1294 468 1353 523 in
1375 468 1579 538 quibus
1605 484 1830 539 possem
1932 468 2318 537 exomologesi
2374 468 2522 521 facta
2572 474 2627 521 et
2685 485 2854 522 manu
2914 469 2993 522 eis
3046 470 3101 523 in
3163 472 3560 541 pmiiiteiitiam

254 581 351 620 mea
378 563 753 618 mediocritate
775 564 818 596 τι
859 563 1233 617 consulerem.

304 659 354 712 Il.
382 658 439 711 Et
460 656 595 727 quid
623 655 841 727 egerim
881 656 1196 727 loquuntur
1234 655 1393 710 vobis
1444 654 1699 724 epistolae
1727 668 1832 724 pro

252 749 552 822 temporibus
579 750 801 803 emissa:
846 764 1087 804 numero
1134 748 1431 815 tredecim,
1462 763 1604 818 quas
1633 746 1703 801 ad
1734 762 1832 801 vos

247 843 523 910 transmisi;
554 844 612 897 in
637 843 848 913 quibus
872 859 974 897 nec
1014 842 1168 898 clero
1209 841 1533 909 consilium,
1565 856 1668 895 nec
1699 855 1829 895 con-

243 937 502 993 fessoribus
530 936 869 1003 exhortatio,
918 951 1021 990 nec
1057 935 1381 990 extorribus
1410 934 1543 1005 (46),
1590 932 1826 1004 quando

246 1031 481 1102 oportuit,
507 1030 850 1101 objurgatio,
908 1046 1011 1085 nec
1059 1030 1340 1084 universae
1387 1026 1735 1083 fraternitati
1765 1026 1837 1082 ad

243 1123 623 1195 deprecandam
679 1123 775 1177 Dei
819 1121 1268 1178 misericordiam
1310 1120 1578 1177 allocutio
1619 1125 1676 1175 et
1715 1135 1838 1191 per-

241 1218 393 1272 suasio
440 1223 631 1272 nostra
678 1216 876 1283 defuit,
929 1219 1233 1287 quantum,
1288 1214 1602 1269 secundum
1645 1214 1838 1284 legem

240 1311 345 1365 lidei
370 1316 421 1365 et
440 1311 704 1364 timorem
722 1311 831 1380 (47)
858 1310 972 1378 Dei,
996 1310 1241 1364 Domino
1260 1310 1623 1379 suggerente,
1645 1312 1839 1362 nostra

240 1403 559 1458 mediocritas
588 1403 779 1474 potuit
820 1402 979 1457 eniti.
1035 1403 1405 1472 Posteaquam
1455 1416 1587 1455 vero
1632 1405 1689 1454 et
1729 1403 1836 1454 tor“

247 1503 402 1552 menta
441 1501 737 1563 venerunt,
788 1496 902 1551 sive
945 1496 1073 1566 jam
1124 1495 1287 1550 tortis
1334 1491 1530 1566 263
1570 1492 1841 1547 fratribus

244 1590 437 1658 nostris,
488 1591 602 1644 sive
644 1590 830 1645 adhuc
884 1591 946 1642 ut
1002 1593 1417 1659 torquerentur
1469 1586 1719 1654 inclusis,
1769 1586 1841 1640 ad

238 1684 645 1738 corroborandos
700 1687 758 1737 et
827 1681 1298 1737 confortandos"
1345 1680 1455 1751 (48)
1496 1697 1592 1734 eos
1639 1682 1837 1734 noster

239 1793 400 1831 sermo
422 1777 972 1848 penetravityltem,
1004 1792 1132 1831 cum
1172 1774 1571 1845 comperissem
1617 1790 1712 1828 eos
1737 1772 1834 1844 qui
1856 1757 1911 1829 B

238 1871 487 1942 sacrilegis
515 1870 868 1926 contactibus
895 1885 1097 1924 manus
1142 1885 1270 1924 suas
1297 1871 1470 1939 atque
1507 1883 1606 1922 ora
1635 1883 1827 1921 macu-

232 1965 428 2031 lassent,
455 1965 546 2019 vel
583 1964 845 2018 nefandis
884 1963 1087 2017 libellis
1131 1960 1503 2016 nihilominus
1543 1961 1834 2015 conscien-

234 2058 345 2112 tiam
399 2058 756 2129 polluissent,
813 2056 1110 2112 exambire
1151 2054 1225 2111 ad
1273 2058 1548 2126 martyres
1598 2054 1832 2125 passim,

230 2152 549 2206 confessores
588 2167 815 2223 quoque
866 2150 1193 2222 importuna
1234 2155 1291 2204 et
1339 2149 1585 2220 gratiosa
1628 2147 1831 2218 depre-

234 2245 413 2300 tatione
440 2260 829 2316 corrumpere,
871 2250 933 2299 ut
978 2244 1099 2298 sine
1139 2243 1258 2298 ullo
1307 2241 1633 2296 discrimine
1660 2245 1837 2312 atque

229 2339 462 2395 examine
500 2339 865 2409 singulorum
903 2337 1177 2392 darentur
1216 2335 1469 2407 quotidie
1512 2334 1836 2390 libellorum

229 2431 382 2487 millia
403 2434 604 2486 contra
649 2430 938 2503 Evangelii
980 2431 1192 2501 legem,
1232 2430 1450 2484 litteras
1478 2428 1587 2483 feci
1625 2427 1835 2499 quibus

227 2528 481 2596 martyres
536 2529 596 2580 et
656 2525 1005 2580 confessores
1059 2523 1298 2578 consilio
1350 2539 1480 2577 meo
1545 2525 1830 2593 quantum

228 2635 429 2687 possem
479 2618 559 2673 ad
608 2619 901 2674 Dominica
948 2622 1239 2690 praecepta
1285 2632 1638 2671 revocarem.
1692 2616 1835 2670 Item

224 2711 541 2783 presbyteris
576 2716 635 2767 et
677 2711 1016 2766 diaconibus
1057 2728 1172 2766 non
1217 2709 1399 2765 defuit
1428 2709 1536 2779 (49)
1578 2707 1833 2763 sacerdo-

226 2805 277 2858 tli
317 2806 492 2877 vigor,
546 2813 610 2861 ut
653 2805 912 2877 quidam,
966 2805 1152 2859 minus
1200 2803 1512 2875 disciplinae
1556 2818 1836 2856 memores

226 2900 272 2952 et
299 2900 599 2955 temeraria
634 2898 998 2954 festinatione
1036 2897 1375 2969 prmcipites,
1417 2896 1513 2968 qui
1559 2912 1688 2950 cum
1718 2897 1833 2966 lap-

224 2992 287 3045 sis
315 2994 742 3048 communicare
778 2993 900 3064 jam
948 2995 1255 3062 coeperant,
1298 2992 1834 3061 comprimerentur,

225 3085 692 3143 intercedentibus
740 3085 922 3141 nobis.
993 3086 1149 3140 Plebi
1204 3101 1434 3156 quoque
1500 3084 1605 3155 ipsi
1661 3098 1839 3154 quan-

226 3186 331 3235 tum
386 3182 692 3254 potuimus
761 3179 1019 3237 animum
1084 3178 1195 3251 (50)
1268 3176 1724 3248 composuimus,
1784 3178 1840 3229 et

225 3279 278 3327 ut
343 3275 720 3330 ecclesiastica
772 3271 1069 3343 disciplina
1130 3272 1517 3326 servaretur73
1571 3269 1836 3324 instruxi-

226 3384 351 3422 mus.

281 3462 363 3517 ΙΙΙ.
394 3461 769 3518 Postmodum
795 3478 947 3528 vero,
979 3477 1110 3515 cum
1142 3459 1378 3531 quidam
1400 3458 1469 3513 de
1499 3457 1686 3528 lapsis,
1721 3457 1836 3511 sive

222 3572 311 3609 sua
338 3561 568 3628 sponte,
597 3556 715 3610 sive
757 3555 952 3625 aliquo
1000 3554 1300 3608 incitatore
1333 3552 1463 3623 (51),
1507 3551 1706 3605 audaci
1745 3549 1840 3605 ﬂa-

219 3649 476 3718 gitatione
507 3650 918 3721 proruerent“
948 3648 1057 3720 (5'2)
1087 3652 1149 3701 ut
1174 3663 1374 3717 pacem
1400 3646 1506 3700 sibi
1534 3661 1568 3699 a
1588 3643 1843 3715 martyri-

220 3741 312 3797 bus
337 3749 391 3797 et
410 3743 841 3799 confessoribus
869 3740 1202 3813 promissam
1227 3743 1568 3811 extorquere
1593 3738 1841 3793 violento

222 3836 423 3909 impetu
452 3839 806 3904 niterentur,
848 3835 919 3890 de
946 3836 1053 3890 hoc
1084 3835 1255 3889 etiam
1294 3833 1384 3888 his
1412 3833 1481 3887 ad
1509 3833 1727 3886 clerum
1754 3830 1841 3885 lit-

222 3932 355 3981 teras
382 3928 491 3982 feci
527 3930 587 3981 et
626 3926 740 3997 legi
783 3925 863 3980 eis
896 3923 1179 3992 mandavi,
1221 3928 1282 3977 ut
1337 3922 1409 3976 ad
1457 3921 1680 3975 illorum
1723 3920 1838 3974 vio-

221 4018 431 4074 lentiam
464 4019 702 4081 interim
727 4035 957 4090 quoquo
985 4033 1191 4090 genere
1238 4013 1635 4086 mitigandam,
1672 4013 1716 4067 si
1745 4012 1845 4085 qui

1931 562 2213 631 imposita,
2244 578 2373 615 cum
2406 578 2541 631 pace
2587 561 2692 615 sibi
2739 578 2771 616 a
2814 564 3157 635 martyribus
3183 566 3459 634 promissu
3487 568 3560 622 ad

1934 656 2245 710 Dominum
2284 655 2737 710 remitterentur.
2769 656 2876 710 Nec
2920 657 2978 709 in
3026 657 3133 711 hoc
3174 658 3359 728 legem
3400 659 3552 727 dedi,

1934 754 2032 805 aut
2058 765 2152 803 me
2202 751 2498 803 auctorem
2545 755 2756 803 temere
2802 749 3090 803 constitui.
3136 751 3268 818 Sed,
3316 770 3442 808 cum
3487 755 3565 809 vi-

1936 843 2169 899 deretur
2204 849 2260 898 et
2300 842 2484 897 honor
2534 842 2880 913 martyribus
2928 843 3228 898 habendus
3270 850 3325 899 et
3365 862 3562 903 eorum

1935 937 2032 1007 qui
2082 936 2273 990 omnia
2334 935 2563 990 turbare
2634 936 2961 1007 cupiebant,
3016 937 3266 1007 impetus
3311 942 3561 1010 compri-

1937 1030 2199 1097 mendus,
2241 1035 2296 1084 et
2339 1033 2618 1100 praeterea
2654 1036 2836 1084 vestra
2876 1030 3087 1100 scripta
3125 1032 3388 1101 legissem
3434 1050 3561 1105 quas

1938 1123 2048 1177 huc
2072 1122 2144 1177 ad
2183 1124 2397 1178 clerum
2440 1126 2700 1178 nostrum
2742 1140 2843 1195 per
2888 1124 3280 1180 Crementium
3307 1126 3353 1159 ⁷⁵
3382 1126 3558 1198 hypo-

1937 1217 2243 1272 diaconum
2289 1233 2473 1287 nuper
2515 1218 2795 1284 feceratis,
2839 1220 2900 1271 ut
2938 1218 3006 1272 iis
3041 1219 3137 1289 qui
3186 1226 3312 1289 post
3340 1221 3563 1292 lapsum

1938 1310 2265 1365 inﬁrmitate
2305 1310 2644 1381 apprehensi
2689 1316 2892 1379 essent,
2934 1315 2991 1365 et
3029 1312 3367 1382 paenitentes
3408 1332 3564 1370 com-

1940 1403 2379 1459 municationem
2409 1403 2813 1471 desiderarent,
2847 1405 3267 1473 subveniretur,
3302 1410 3564 1464 standum

1939 1497 2133 1568 putavi
2160 1495 2352 1569 264
2386 1502 2589 1551 etcum
2616 1505 2795 1553 vestra
2826 1500 3125 1568 sententia,
3151 1517 3222 1555 ne
3243 1510 3399 1557 actus
3431 1520 3561 1558 nos-

1937 1596 2045 1657 ter,
2085 1591 2181 1661 qui
2228 1591 2513 1646 adunatus
2562 1609 2681 1647 esse
2726 1599 2782 1646 et
2830 1595 3153 1648 consentire
3196 1595 3339 1649 circa
3376 1598 3569 1652 omnia

1940 1685 2128 1751 debet,
2156 1684 2214 1738 in
2239 1684 2425 1756 aliquo
2446 1685 2811 1757 discreparet.
2854 1688 3023 1741 Plane
3064 1692 3395 1744 caeterorum
3430 1707 3564 1744 cau-

1937 1794 2047 1843 sas,
2079 1777 2334 1848 quamvis
2372 1777 2562 1832 libello
2606 1796 2638 1833 a
2684 1780 3024 1850 martyribus
3072 1788 3318 1852 accepto,
3349 1782 3566 1838 differri

1937 1871 2200 1926 mandavi
2234 1877 2289 1926 et
2334 1872 2389 1925 in
2428 1877 2679 1927 nostram
2724 1875 3089 1943 praesentiam
3132 1878 3437 1943 reservari,
3485 1882 3565 1944 ut,

1938 1978 2090 2027 cum,
2119 1977 2255 2031 pace
2290 1977 2324 2015 a
2351 1961 2589 2016 Domino
2626 1961 2791 2016 nobis
2840 1961 2990 2030 data,
3042 1963 3233 2034 plures
3283 1966 3569 2035 praepositi

1937 2051 2243 2106 convenire
2272 2050 2327 2104 in
2358 2067 2537 2105 unum
2564 2052 2923 2122 coeperimus,
2953 2054 3372 2109 communicato
3400 2055 3569 2109 etiam

1936 2144 2225 2198 vobiscum
2253 2143 2503 2212 consilio,
2537 2144 2839 2215 disponere
2884 2145 3111 2216 singula
3152 2150 3211 2201 et
3248 2148 3564 2203 reformare

1938 2238 2242 2309 possimus.
2273 2241 2414 2309 Opto
2436 2254 2551 2305 vos,
2579 2238 2784 2293 fratres
2810 2240 3149 2310 charissimi,
3166 2256 3397 2312 semper
3421 2241 3568 2296 bene

1936 2333 2145 2386 valere.

2511 2438 2837 2495 EPISTOLA
2862 2440 2969 2495 XV.

1935 2554 2176 2616 (Erasm.,
2203 2564 2261 2616 II,
2290 2557 2312 2603 Io
2335 2571 2349 2618 ;
2381 2556 2595 2615 Pamel.,
2621 2566 2705 2605 xvr
2734 2572 2750 2617 ;
2778 2556 2981 2619 Rigalt",
3010 2554 3204 2620 Belua,
3242 2559 3425 2621 Paris,
3459 2570 3533 2609 xv
3551 2574 3568 2622 ;

2438 2627 2623 2685 Oxon,
2656 2626 2812 2691 Lips.,
2850 2630 3072 2692 xxxvn.)

1936 2750 2004 2787 AD
2060 2749 2274 2789 HOYSEN
2330 2750 2394 2788 ET
2448 2750 2699 2790 IAXIMUM
2756 2751 2820 2789 ET
2876 2752 3118 2792 CETEROS
3172 2754 3565 2794 CONFESSORES.

1936 2851 2314 2907 Aacuuaarum
2350 2851 2508 2919 huius
2537 2852 2771 2920 epistolae
2810 2853 2971 2907 habes
3013 2855 3183 2921 infra,
3216 2856 3444 2924 epistola
3475 2858 3566 2919 3i,

2009 2940 2105 2993 ubi
2143 2940 2311 2993 clerus
2356 2941 2627 2994 Romanus
2679 2957 2692 2994 :
2744 2961 2770 2991 «
2811 2943 2879 2994 In
2932 2957 3037 3011 quo
3096 2943 3227 3009 loco,
3275 2946 3556 3013 inquiunt,

2006 3030 2273 3082 mamimas
2317 3029 2415 3082 tibi
2465 3034 2623 3098 atque
2663 3029 2847 3084 uberes
2886 3033 3098 3097 gratias
3148 3034 3349 3099 referre
3409 3033 3566 3088 debe-

1859 3123 1914 3197 ρ
2011 3136 2128 3173 mus
2157 3123 2207 3173 et
2243 3118 2540 3181 reddimus,
2588 3119 2733 3189 quod
2777 3120 2998 3175 illorum
3045 3125 3274 3176 carceris
3325 3123 3569 3178 tenebras

2014 3209 2206 3261 litteris
2260 3209 2624 3273 illuminasti;
2676 3209 2824 3277 quod
2870 3210 2946 3263 ad
2994 3211 3115 3264 illos
3168 3212 3383 3273 venisti,
3446 3228 3576 3280 quo-

2010 3295 2164 3350 modo
2213 3297 2443 3350 introire
2478 3298 2738 3365 potuisti;
2779 3298 2925 3367 quod
2955 3300 3172 3355 illorum
3217 3303 3426 3357 animos
3471 3318 3573 3357 sua

2009 3386 2114 3453 ﬁde
2169 3391 2219 3439 ct
2284 3387 2613 3451 confessione
2679 3387 2929 3442 robustos
3000 3391 3107 3444 tuis
3159 3391 3571 3447 allocutionibus

2013 3474 2315 3542 litterisque
2352 3474 2606 3527 recreasti
2632 3492 2650 3539 ;
2674 3475 2838 3543 quod,
2892 3477 3187 3541 felicitates
3239 3495 3419 3533 eorum
3456 3497 3572 3535 con-

2016 3563 2200 3630 dignis
2257 3562 2511 3617 laudibus
2555 3570 2888 3632 prosccutus,
2945 3568 3236 3622 accendz‘sti
3282 3570 3357 3623 ad
3401 3573 3569 3627 multo

2013 3654 2377 3707 ardentiore-171
2444 3653 2666 3708 cwlestis
2721 3655 2908 3723 gloriae
2969 3658 3360 3727 cupiditatem;
3431 3662 3577 3729 quod

2006 3757 2209 3812 pronos
2233 3742 2530 3810 impulisti;
2578 3743 2743 3811 quod,
2791 3749 2853 3798 ut
2897 3747 3162 3801 credimus
3209 3753 3259 3802 et
3304 3755 3571 3818 optamus,

2014 3835 2238 3887 victores
2279 3833 2500 3897 futuros
2542 3833 2752 3886 viribus
2811 3837 2896 3887 tui
2957 3839 3212 3890 sermonis
3278 3841 3573 3906 animasti;

2014 3928 2075 3977 ut
2127 3936 2442 3990 quanquam
2490 3921 2583 3973 hoc
2634 3925 2799 3974 totum
2844 3923 2907 3976 de
2963 3923 3068 3993 ﬁde
3111 3927 3477 3995 conﬁtentium
3522 3935 3573 3984 et

2014 4012 2205 4065 divina
2278 4009 2620 4075 indulgentia
2680 4014 2862 4064 venire
2921 4013 3176 4067 videatur
3200 4055 3213 4081 ,
3279 4021 3458 4071 tamen
3514 4020 3573 4072 in

1584 4158 1793 4222 Variae
1849 4156 2187 4221 lectiones.

272 4289 310 4326 τι
334 4293 537 4343 Posset
570 4305 692 4343 mea
713 4290 1065 4341 mediocritas
1095 4290 1201 4339 Lin.
1270 4287 1315 4321 ⁷³
1336 4287 1419 4337 Sic
1450 4288 1585 4337 Lam.
1620 4286 1726 4335 Lin.
1763 4284 1883 4333 Bod.
1916 4285 1961 4345 1,
1993 4284 2040 4333 Ξ.
2065 4282 2173 4333 NC.
2208 4283 2251 4331 1.
2287 4281 2431 4331 Ebor.
2498 4281 3002 4334 “Ecclesiasticam
3023 4281 3373 4349 disciplinam
3393 4300 3576 4337 serva-

221 4368 329 4412 rent
352 4365 477 4413 Bod.
510 4364 557 4412 1.
585 4366 633 4411 2.
700 4360 742 4393 7‘
768 4361 1118 4424 Proruperint
1148 4360 1286 4409 Lam.
1318 4357 1470 4407 Ebor.
1502 4357 1612 4407 ΝΟ.
1648 4361 1692 4406 1.
1722 4356 1844 4407 Bod.
1885 4358 1930 4419 1,
1963 4355 2009 4405 2.
2079 4354 2120 4387 ⁷⁵
2146 4353 2516 4405 Clementium
2545 4356 2704 4405 Oxon.

1522 4456 1745 4539 Steph.
1792 4455 2038 4520 Baluzii
2081 4460 2277 4519 notae.

274 4606 733 4663 (lextorribus.
782 4605 841 4654 Id
892 4610 975 4655 est
1028 4605 1096 4655 iis
1139 4605 1235 4667 qui
1278 4606 1473 4668 sponte
1518 4617 1617 4654 seu
1670 4601 1845 4654 coacti

218 4679 437 4737 profecti
471 4681 629 4727 erant
652 4678 707 4726 in
738 4676 995 4727 exsilium
1017 4689 1114 4739 pro
1144 4688 1312 4725 causa
1346 4674 1493 4724 ﬁdei.
1519 4676 1580 4724 In
1611 4674 1845 4737 quibus-

220 4748 337 4795 dam
370 4750 617 4798 vetustis
663 4746 952 4798 codicibus
1010 4747 1214 4809 legitur
1253 4745 1658 4796 ecctorrentibus.
1708 4744 1848 4796 Vide

219 4820 367 4881 epist.
429 4820 519 4877 39,
565 4824 622 4869 et
682 4818 906 4867 annales
956 4818 1304 4881 Cyprianieos
1356 4816 1426 4867 ad
1482 4830 1686 4865 annum
1736 4817 1844 4866 250.

217 4889 349 4940 Vide
399 4893 575 4941 etiam
642 4888 903 4940 Carolum
962 4891 1260 4953 Guyetum,
1310 4887 1406 4937 lib.
1456 4901 1512 4949 ιι,
1566 4902 1687 4951 pag.
1740 4887 1845 4949 173,

218 4959 581 5023 Ηεοηοιοςίεε.

271 5034 368 5094 {47)
426 5034 690 5083 Timorem
745 5032 854 5081 Dei.
911 5030 1098 5082 Codex
1156 5030 1447 5090 Fuxensis,
1505 5036 1549 5078 et
1616 5031 1847 5079 timorem

219 5105 425 5152 Domini
480 5116 763 5167 suggerere
812 5109 994 5153 nostra
1039 5102 1373 5152 mediocritas
1430 5103 1615 5164 potuit.
1668 5101 1849 5153 Postea

218 5186 331 5222 rem
352 5187 545 5237 quam,
572 5178 681 5224 etc.

272 5246 364 5303 (48)
423 5243 838 5304 Confortandos.
891 5242 1163 5307 Rigaltius
1216 5244 1399 5306 posuit
1442 5242 1848 5305 conﬁrmandos,

218 5323 402 5365 contra
484 5317 733 5365 omnium
801 5320 1051 5364 veterum
1107 5315 1362 5365 codicum
1425 5319 1481 5365 et
1541 5314 1849 5365 editionum

218 5384 393 5436 ﬁdem.
438 5387 608 5437 Miror
632 5390 818 5435 autem
844 5386 1070 5449 Anglos,
1105 5386 1201 5448 qui
1224 5385 1524 5435 lectionem
1555 5398 1723 5449 quam
1749 5396 1851 5433 nos

220 5471 550 5508 revocamus
608 5455 965 5507 inveniebant
1025 5458 1192 5506 etiam
1242 5458 1299 5505 in
1366 5458 1600 5507 vetustis
1663 5469 1852 5507 exem-

218 5529 466 5587 plaribus
549 5529 693 5586 suis,
767 5529 1064 5578 retinuisse
1143 5528 1293 5592 quod
1384 5531 1497 5578 erat
1579 5529 1853 5591 scriptum

218 5596 267 5647 iu
291 5599 549 5650 editione
602 5598 834 5663 Rigaltii.
882 5598 1216 5649 Reinhartns
1258 5600 1503 5663 reposuit
1549 5598 1855 5661 confortan-

283 5741 377 5803 (49]
411 5740 671 5790 Diaconis
721 5753 828 5790 non
863 5739 1047 5802 defuit.
1091 5741 1261 5791 Erant
1310 5741 1392 5791 illi
1439 5741 1494 5790 in
1556 5741 1714 5790 tertio
1766 5752 1854 5789 sa-

226 5813 474 5867 cerdotio
524 5814 824 5877 constituti,
863 5818 924 5866 ut
963 5816 1023 5866 in
1061 5815 1200 5867 libro
1252 5816 1431 5880 primo
1476 5816 1553 5866 ait
1602 5815 1854 5882 Optatus,

1948 4608 2003 4653 et
2044 4600 2218 4651 multa
2265 4601 2444 4651 facere
2496 4602 2750 4664 poterant
2801 4602 2856 4650 in
2898 4601 3145 4652 absentia
3183 4604 3574 4667 episcoporum

1948 4681 2003 4727 et
2043 4675 2510 4740 presbyterorum.
2557 4676 2750 4739 Itaque
2797 4679 2941 4725 recte
2985 4676 3060 4725 ait
3107 4676 3421 4741 Cyprianus
3461 4691 3574 4727 non

1949 4751 2190 4801 defuisse
2245 4750 2356 4798 illis
2397 4748 2690 4798 sacerdotii
2737 4750 2998 4813 vigorem.
3071 4750 3210 4799 Vide
3282 4751 3573 4815 epistolam

1949 4826 2245 4888 Augustini
2274 4823 2578 4885 presbyteri
2607 4824 2678 4871 ad
2712 4823 2997 4872 Valerium.

2011 4896 2107 4957 (50)
2154 4896 2418 4945 Animum.
2458 4894 2616 4943 Hanc
2660 4906 2874 4953 vocem,
2921 4907 3045 4956 quae
3097 4894 3287 4945 deerat
3340 4899 3395 4947 in
3453 4897 3576 4948 aliis

1948 4967 2301 5025 editionibus,
2355 4968 2410 5013 et
2447 4964 2605 5014 deest
2642 4964 2697 5012 in
2753 4965 2942 5013 multis
2988 4965 3273 5015 codicibus
3314 4970 3577 5033 antiquis,

1950 5037 2268 5089 Mamutiana
2325 5035 2494 5085 editio
2549 5034 2777 5085 addidit.
2825 5035 3017 5086 Inveni
3060 5039 3243 5087 autem
3301 5039 3452 5090 illam
3519 5042 3576 5090 in

1948 5114 2075 5159 octo
2108 5107 2396 5158 codicibus
2443 5107 2850 5163 manuscriptis.
2904 5107 3172 5171 Rigaltius
3215 5112 3403 5172 posuit
3449 5114 3569 5161 ani—-

1948 5185 2077 5222 mos.

2014 5243 2107 5303 '51)
2141 5242 2257 5291 Sive
2298 5241 2482 5305 aliquo
2524 5242 2817 5291 incitatore.
2864 5242 2926 5290 In
2974 5240 3114 5290 libro
3162 5241 3410 5295 Fuxensi
3443 5246 3578 5310 legi-

1954 5319 2059 5373 tur,
2105 5328 2135 5360 «
2175 5313 2308 5363 Sine
2347 5313 2535 5376 aliquo
2578 5313 2939 5376 disputatore.
2976 5328 3005 5358 »
3049 5313 3106 5360 In
3160 5314 3485 5367 Divionensi
3527 5322 3582 5368 et

1952 5386 2008 5434 in
2039 5398 2151 5435 uno
2196 5384 2555 5448 Remigiano:
2595 5404 2622 5431 «
2649 5385 2845 5435 Nescio
2887 5398 2999 5447 quo
3043 5384 3386 5447 disputatore
3430 5389 3581 5439 inci—

1956 5460 2123 5506 tante.
2152 5475 2180 5502 »

2020 5527 2112 5589 (δὲ)
2168 5528 2505 5577 Proruerent.
2563 5528 2639 5577 Ita
2691 5539 2883 5577 omnes
2915 5530 3130 5577 veteres
3188 5527 3311 5577 libri
3365 5533 3418 5579 et
3470 5531 3583 5581 edi—

1957 5602 2151 5660 tiones,
2204 5600 2369 5649 etiam
2403 5612 2467 5650 ea
2519 5611 2646 5663 quas
2682 5602 2767 5648 est
2810 5597 3108 5665 Reinharti.
3158 5598 3349 5649 Codex
3400 5600 3582 5650 Vero-

1955 5674 2144 5721 nensis
2234 5670 2403 5721 habet
2488 5674 2910 5734 prorumperent.
2989 5671 3137 5721 Hinc
3239 5685 3367 5734 ergo
3463 5678 3581 5724 orta

1956 5746 2036 5792 est
2086 5742 2316 5793 mutatio
2376 5755 2544 5806 quam
2601 5741 2871 5807 Rigaltius
2927 5742 3140 5793 invexit
3188 5742 3244 5791 in
3302 5742 3454 5791 hunc
3502 5743 3584 5794 lo-

1956 5827 2102 5865 cum.
