4160 6216
501 301 592 352 271
1289 268 1300 278 ’
1410 290 1464 342 s.
1509 285 1822 344 meum
1863 288 2132 342 omnem
2179 285 2348 340 PARS
2390 285 2427 338 l.
2469 315 2538 325 -
2576 285 2942 342 Eplsroms.
3370 332 3376 336 .
3753 284 3844 350 272

553 425 818 492 martyrio
855 434 948 475 suo
974 418 1074 472 tibi
1103 432 1169 472 em
1209 416 1394 486 aliquo
1421 416 1682 470 debitores
1722 417 1863 482 facti
1891 431 1998 470 esse
2024 418 2106 469 υἱ·
2137 426 2187 498 Α
2213 413 2269 466 in
2299 413 2554 467 oratione
2575 412 2936 480 meministis,
2961 408 3064 481 qui
3097 408 3440 480 spirantes“3
3467 407 3573 476 (58)
3589 407 3710 478 jam
3740 408 3844 461 sola

558 516 812 568 deantur.
857 533 883 559 »

555 614 594 664 l.
623 609 935 680 Cyprianus
962 606 1130 676 Moysi
1177 607 1234 657 ct
1272 604 1507 658 Maximo
1558 603 1901 674 presbyteris
1931 609 1985 657 et
2013 620 2113 657 cae—

485 703 620 759 teris
670 700 1083 756 confessoribus
1136 699 1404 752 fratribus
1449 699 1709 752 salutem.
1763 701 1829 752 Et
1885 703 2113 751 cunctos

480 814 576 852 vos
627 797 841 868 pariter
886 799 942 849 et
993 793 1242 864 singulos
1316 792 1742 863 repraesentavit
1823 791 2114 846 affectibus

482 891 713 959 nostris,
779 889 981 943 fratres
1036 882 1376 953 charissimi,
1427 885 1717 940 Celerinus
1770 885 1883 957 (53)
1953 885 2114 938 adve-

482 987 665 1052 niens,
697 988 752 1038 et
778 982 908 1037 ﬁdei
942 999 1006 1036 ac
1039 981 1259 1035 virtutis
1302 985 1500 1034 vestrae
1545 995 1757 1045 comes,
1803 984 1860 1032 et
1901 978 2112 1048 glorio-

485 1080 558 1132 sis
641 1075 1141 1148 congressionibus
1182 1075 1229 1108 ⁷⁸
1303 1071 1494 1145 265
1569 1072 1662 1126 Dei
1732 1073 1916 1126 miles.
1987 1071 2114 1125 Uni-

484 1189 672 1226 versos
746 1187 842 1224 vos
923 1169 1012 1223 illo
1111 1168 1216 1238 (54)
1321 1167 1586 1220 veniente
1676 1165 2110 1236 conspeximus;

486 1273 542 1321 et
568 1282 698 1320 cum
736 1263 1140 1318 charitatem‘7
1190 1260 1339 1314 circa
1378 1276 1469 1313 me
1516 1263 1756 1314 vestram
1785 1259 2025 1312 dulciter
2051 1274 2115 1312 ac

486 1377 638 1430 saepe
665 1360 1016 1429 loqueretur,
1043 1355 1103 1409 in
1145 1355 1269 1424 ejus
1319 1352 1680 1407 sermonibus
1707 1369 1805 1407 vos
1844 1352 2112 1406 audieba-

487 1471 634 1509 mus.
667 1452 813 1507 Satis
839 1466 901 1504 ac
926 1448 1239 1520 plurimum
1273 1446 1495 1518 gaudeo
1523 1446 1750 1517 quando
1777 1463 1810 1500 a
1836 1445 1994 1499 vobis
2014 1462 2116 1516 per

486 1548 626 1602 tales
671 1545 809 1600 talia
853 1543 1241 1614 perferuntur.
1293 1540 1593 1594 Vobiscum
1638 1540 1746 1594 illic
1790 1539 1848 1593 in
1889 1555 2114 1594 carcere

486 1641 734 1712 quodam
783 1637 958 1692 modo
1001 1638 1059 1690 et
1106 1652 1207 1689 nos
1253 1651 1470 1696 sumus,
1520 1634 1723 1687 divinae
1768 1633 2115 1703 dignationis

489 1738 829 1789 ornamenta
885 1729 992 1801 (55)
1039 1728 1325 1783 vobiscum
1383 1728 1594 1781 sentire
1648 1743 1752 1780 nos
1809 1726 2111 1793 credimus,

2213 506 2460 561 coelestia
2509 511 2565 560 et
2609 511 2834 560 tantum
2889 504 3080 559 divina
3109 503 3219 573 (59)
3253 501 3617 568 meditantes,
3646 502 3715 554 ad
3743 501 3843 554 fas-

2213 600 2355 671 tigia
2387 600 2626 654 celsiora
2674 616 2837 654 mora
2879 599 3000 669 ipsa
3044 596 3325 668 passionis
3369 594 3694 663 ascenditis,
3728 596 3842 648 lon-

2224 709 2409 765 goque
2453 698 2772 764 temporum
2817 693 2990 747 ductu
3032 690 3236 761 glorias
3289 693 3503 744 vestras
3542 704 3656 742 non
3682 687 3847 742 trahi-

2213 787 2287 842 tis
2311 787 2356 821 ⁸⁴
2383 786 2511 857 (60),
2554 786 2654 843 sed
2701 786 2942 856 augetis.
2976 785 3211 838 Beatum
3257 782 3386 837 facit
3424 783 3606 852 prima
3649 785 3707 836 et
3738 797 3846 835 una

2215 880 2508 935 confessio.
2537 881 2645 934 Vos
2687 879 2852 934 toties
2902 877 3254 932 conﬁtemini
3295 876 3534 947 quoties,
3578 875 3762 947 rogati
3790 880 3848 929 ut

2215 974 2284 1028 de
2307 989 2538 1028 carcere
2563 972 2861 1038 recedatis,
2894 987 3186 1026 carcerem
3227 969 3343 1023 ﬁde
3387 974 3445 1023 et
3472 969 3680 1024 virtute
3707 985 3844 1040 prae-

2215 1067 2443 1138 eligitis.
2473 1068 2574 1120 Tot
2591 1072 2793 1121 vestras
2818 1065 3014 1119 laudes
3039 1069 3177 1136 quot
3204 1063 3363 1132 dies;
3399 1066 3540 1134 quot
3574 1062 3847 1117 mensium

2217 1161 2520 1228 curricula,
2547 1164 2632 1214 tot
2673 1161 3030 1214 incrementa
3078 1157 3439 1238 meritorum.
3476 1157 3662 1212 Semel
3687 1155 3852 1210 vincit

2215 1255 2314 1325 qui
2342 1254 2534 1308 statim
2783 1252 3033 1324 patitur:
3067 1256 3125 1305 at
3156 1251 3252 1322 qui
3285 1266 3529 1304 manens
3552 1250 3598 1285 ⁸⁵
3625 1265 3848 1321 semper

2215 1347 2273 1401 in
2302 1347 2481 1417 poenis
2509 1346 2880 1418 congreditur
2899 1361 3028 1400 cum
3061 1345 3251 1400 dolore
3281 1360 3387 1399 nec
3416 1342 3683 1411 vincitur,
3715 1359 3845 1414 quo-

2215 1442 2349 1498 tidie
2359 1448 2701 1553 'coronatur.

2286 1632 2353 1685 ll.
2389 1632 2530 1686 Eant
2557 1647 2707 1685 nunc
2755 1630 3122 1702 magistratus
3169 1634 3225 1684 et
3265 1629 3521 1684 consules
3568 1628 3680 1683 sive
3707 1645 3835 1699 pro-

2217 1724 2498 1794 consules,
2543 1741 2749 1779 annua:
2790 1723 3078 1795 dignitatis
3107 1722 3422 1793 insignibus
3457 1727 3510 1777 et
3541 1723 3839 1777 duodecim

487 1828 584 1898 qui
615 1826 692 1880 sic
722 1825 924 1879 vestris
963 1822 1223 1877 cordibus
1273 1821 1633 1875 adhaeremus
1655 1820 1722 1872 ⁷⁸.
1772 1819 1979 1873 Honori
2011 1836 2115 1874 nos
2135 1810 2192 1880 B
2217 1816 2456 1872 fascibus
2477 1817 2814 1887 glorientur.
2852 1818 2988 1872 Ecce
3034 1810 3287 1887 dignitas
3328 1815 3570 1871 caelestis
3599 1815 3656 1869 in
3686 1815 3840 1869 vobis

485 1924 669 1976 vestro
711 1918 950 1973 Charitas
989 1922 1177 1970 vestra
1208 1917 1254 1950 7°
1314 1913 1608 1968 individua
1663 1913 1968 1980 connectit,
2027 1929 2110 1967 se-

485 2009 674 2081 parari
710 2009 756 2041 ⁸⁰
807 2006 1164 2061 dilectionem
1216 2005 1444 2075 spiritus
1487 2020 1602 2058 non
1645 2003 1796 2057 sinit.
1848 2004 1954 2057 Vos
2000 2003 2114 2058 illic

486 2102 784 2168 confessio,
840 2118 931 2156 me
955 2102 997 2135 81
1053 2099 1276 2154 affectio
1320 2099 1575 2151 includit.
1623 2099 1689 2151 Et
1731 2114 1830 2150 nos
1879 2097 2112 2168 quidem

483 2197 652 2252 vestri
681 2195 875 2250 diebus
923 2200 989 2248 ac
1029 2193 1288 2247 noctibus
1338 2208 1643 2256 memores,
1697 2194 1752 2244 et
1781 2191 2005 2262 quando
2055 2191 2111 2244 in

484 2289 769 2345 sacrificiis
797 2304 1021 2359 precem
1051 2303 1180 2340 cum
1211 2285 1468 2356 pluribus
1520 2284 1778 2352 facimus,
1818 2287 1873 2338 et
1900 2300 2028 2337 cum
2057 2283 2113 2337 in

485 2399 704 2438 secessu
750 2382 856 2450 (56)
919 2380 1144 2450 privatis
1184 2379 1442 2448 precibus
1489 2394 1735 2444 oramus,
1788 2378 2006 2430 coronis
2049 2393 2113 2430 ac

480 2476 740 2531 laudibus
771 2475 965 2529 vestris
995 2475 1222 2544 plenam
1257 2490 1289 2526 a
1318 2471 1558 2525 Domino
1589 2471 1896 2524 faventiam
1928 2471 1973 2504 33
2002 2471 2110 2541 (57)

480 2570 845 2642 postulamus.
879 2568 981 2621 Sed
1011 2566 1084 2620 ad
1113 2565 1468 2620 reddendam
1500 2564 1658 2618 vobis
1697 2564 1880 2619 vicem
1925 2564 2113 2618 minor

481 2669 564 2720 est
594 2665 784 2717 nostra
811 2660 1200 2716 mediocritas.
1234 2660 1363 2713 Plus
1394 2674 1492 2712 vos
1515 2658 1661 2712 datis
1686 2659 1911 2729 quando
1933 2658 2109 2712 nostri

2215 1910 2450 1965 honoris
2477 1910 2653 1966 annui
2674 1911 2779 1980 (61)
2800 1910 3056 1966 claritate
3091 1910 3316 1981 signata
3360 1914 3443 1964 est
3472 1908 3605 1978 (6'2),
3638 1913 3696 1963 et
3718 1910 3838 1979 jam

2216 2005 2552 2060 revertentis
2578 2004 2714 2059 anni
2743 2004 3046 2059 volubilem
3078 2004 3350 2058 circulum
3373 2003 3616 2058 victricis
3647 2002 3841 2073 gloriae

2215 2097 2584 2154 diuturnitate
2615 2100 2968 2168 transgressa
3007 2102 3109 2154 est.
3154 2097 3514 2153 Illuminabat
3561 2096 3840 2150 mundum

2215 2190 2295 2245 sol
2326 2189 2514 2245 oriens
2543 2194 2600 2245 et
2627 2191 2760 2246 luna
2795 2191 3104 2246 decurrens
3134 2208 3146 2245 :
3194 2191 3292 2245 sed
3333 2190 3492 2244 vobis
3536 2189 3691 2243 idem
3741 2188 3840 2259 qui

2214 2284 2389 2338 solem
2428 2284 2560 2339 fecit
2588 2289 2642 2338 et
2665 2285 2879 2352 lunam,
2901 2285 3084 2354 majus
3115 2285 3175 2340 in
3202 2299 3428 2339 carcere
3461 2284 3658 2337 lumen
3688 2281 3797 2337 fuit
3825 2299 3840 2346 ;

2218 2381 2274 2431 et
2309 2377 2367 2431 in
2413 2378 2581 2434 corde
2626 2394 2691 2432 ac
2736 2377 3025 2432 mentibus
3074 2377 3270 2433 vestris
3315 2376 3521 2431 Christi
3564 2375 3842 2430 claritudo

2214 2472 2603 2541 resplendens,
2651 2472 2951 2526 horribiles
2996 2471 3211 2526 caeteris
3253 2470 3362 2542 (63)
3391 2475 3562 2541 atque
3585 2471 3843 2526 funestas

2215 2565 2451 2634 poenalis
2482 2565 2589 2621 loci
2636 2563 2902 2620 tenebras
2943 2569 3158 2620 aeterna
3188 2564 3282 2619 illa
3319 2570 3376 2618 et
3421 2563 3668 2619 candida
3713 2564 3840 2617 luce

2213 2658 2471 2713 radiavit.
2502 2660 2610 2714 Per
2639 2658 3054 2715 vicissitudines
3080 2657 3365 2715 mensium
3393 2658 3502 2728 (64)
3532 2662 3844 2712 transmea-

1840 2787 2048 2850 Varize
2106 2787 2439 2852 lectiones.

541 2906 584 2942 ⁷⁸
605 2906 1009 2972 Congressibus
1037 2907 1193 2955 Oxon.
1262 2903 1303 2937 ⁷⁷
1336 2905 1438 2954 Dei
1463 2904 1734 2954 charitate
1766 2903 1914 2953 Corb.
1983 2903 2023 2936 ⁷⁸
2055 2905 2398 2956 lnhzeremus
2430 2908 2584 2956 Oxon.
2647 2905 2693 2938 ⁷9
2723 2908 2920 2958 Nostra
2943 2906 3094 2957 Ebor.
3163 2906 3203 2939 ⁸ο
3229 2906 3482 2970 Separari
3509 2905 3658 2956 enim
3696 2904 3841 2954 Lam.

479 2980 520 3014 ⁸¹
546 2982 630 3033 Me
655 2981 747 3030 hic
775 2980 841 3029 N.
873 2978 998 3028 Fab.
1065 2978 1106 3011 ⁸⁸
1136 2977 1362 3027 Domini
1404 2976 1706 3025 faventiam
1745 2977 1883 3023 Lam.
1929 2976 2050 3025 Bod.
2090 2977 2135 3024 3.
2175 2977 2283 3025 ΝΟ.
2323 2979 2366 3026 1.
2416 2978 2463 3027 Ξ.
2509 2979 2623 3027 Lin.
2689 2977 2732 3011 ⁸³
2765 2977 3065 3042 Sperantes
3108 2976 3232 3027 Bod.
3276 2979 3320 3026 l.
3372 2977 3484 3025 Vat.
3528 2975 3648 3024 Tha.
3688 2974 3841 3023 Corb.

484 3051 526 3087 ⁸⁴
554 3049 893 3102 Subtrahitis
926 3049 1046 3098 Bod.
1079 3049 1122 3096 1.
1162 3046 1280 3096 Tha.
1322 3047 1458 3094 Foss.
1488 3044 1636 3094 Corb.
1705 3045 1745 3078 ³⁵
1771 3045 1998 3095 Manens
2022 3047 2076 3094 in
2102 3046 2308 3108 prwliis
2334 3047 2474 3097 Lam.

1785 3152 2009 3232 Steph.
2058 3151 2304 3216 Baluzii
2347 3159 2543 3218 notze.

541 3293 638 3357 (53)
692 3288 1210 3375 Colerinus.nCujus
1275 3287 1524 3375 egregias
1555 3285 1792 3375 nlaudes
1831 3300 2179 3375 ‘commejc
2205 3288 2414 3375 hensus
2439 3290 2506 3375 ‘in
2530 3289 2790 3375 ‘edition‘e
2818 3291 3156 3375 ‘An‘glic‘ana.
3207 3291 3278 3341 Et
3324 3294 3845 3375 tamennauctorem

478 3368 658 3414 morat
706 3365 934 3412 sanctus
986 3359 1299 3422 Cyprianus
1346 3358 1501 3420 epist.
1553 3357 1633 3416 34,
1669 3358 1738 3406 ad
1797 3359 2007 3408 clerum
2051 3365 2105 3410 et

475 3435 697 3500 plebem
756 3436 894 3495 (pag.
948 3432 1049 3490 47),
1102 3434 1156 3478 et
1209 3431 1370 3491 cujus
1439 3427 1846 3491 perhonoriﬁca
1900 3432 2110 3480 mentio

476 3499 712 3556 habetur
759 3504 815 3552 in
858 3501 1089 3564 epistola
1125 3500 1366 3550 Cornelii
1409 3512 1566 3562 papas
1603 3500 1671 3548 ad
1718 3499 1949 3549 Fabium
1987 3504 2111 3564 epi—

477 3588 711 3639 SCOpum
736 3572 1144 3622 Antiochenum
1174 3570 1321 3634 apud
1348 3569 1674 3630 Eusebium,
1691 3569 1786 3620 lib.
1815 3584 1889 3631 vr,
1912 3585 2030 3635 cap.
2049 3575 2110 3622 43

475 3647 722 3698 Htstorim
755 3643 1110 3693 ecclesiasticae
1150 3643 1371 3704 scripta,
1405 3646 1468 3690 ut.
1506 3641 1719 3704 opinor,
1763 3655 1827 3692 eo
1868 3647 2111 3705 tempore

479 3732 590 3781 quo
616 3716 904 3766 Celerinus
949 3718 1066 3762 erat
1103 3712 1249 3776 apud
1301 3712 1638 3762 Cornelium.
1674 3713 1913 3762 Omnino
1961 3716 2109 3764 enim

477 3789 658 3839 sentio
697 3800 824 3836 cum
865 3786 1236 3833 illustrissimo
1280 3783 1556 3832 cardinale
1617 3784 1850 3832 Baronio
1897 3784 2110 3834 Celeri—

473 3873 611 3909 num
671 3859 726 3906 in
767 3857 872 3906 hac
909 3855 1151 3904 Cornelii
1201 3855 1431 3916 epistola
1481 3853 1788 3914 laudatum,
1828 3868 1956 3904 eum
1990 3869 2110 3906 esse

475 3931 570 3994 qui
599 3929 703 3977 fuit
724 3928 897 3977 lector
934 3925 1184 3975 ecclesias
1225 3923 1691 3986 Carthaginensis.
1725 3925 1870 3974 Illud
1925 3932 2109 3975 autem

475 4001 654 4051 obiter
703 3997 1034 4054 admonebo,
1072 3996 1378 4044 Marianum
1428 3996 1734 4044 Victorium
1783 3997 1840 4044 in
1882 3997 2108 4046 adnota-

471 4071 717 4121 tionibus
766 4069 880 4117 suis
933 4067 1003 4116 ad
1032 4080 1197 4130 Opera
1222 4067 1398 4115 sancti
1431 4066 1754 4129 Hieronymi
1791 4067 2110 4117 confudisse

468 4142 624 4192 hunc
667 4140 900 4189 Fabium
943 4138 1265 4201 episcopum
1315 4137 1726 4187 Autiochenum
1786 4152 1912 4188 cum
1977 4139 2109 4187 Fla—

470 4215 633 4264 viano
681 4213 941 4274 episcopo
1008 4209 1638 4271 Constantinopolitano,
1708 4213 1867 4272 cujus
1938 4211 2109 4259 multa

473 4285 684 4334 mentio
709 4283 764 4331 in
796 4281 1033 4332 concilio
1062 4280 1341 4343 Ephesino
1367 4285 1422 4329 et
1469 4280 1525 4328 in
1559 4279 2015 4330 Chalcedonensi.
2047 4282 2108 4329 1n

473 4355 625 4405 hunc
655 4367 896 4404 errorem
926 4351 1189 4401 inductus
1233 4354 1315 4400 est
1354 4351 1435 4398 vir
1475 4351 1830 4400 doctissimus
1875 4365 1944 4401 ex
1974 4352 2108 4401 falsa

475 4426 719 4476 lectione
769 4438 893 4487 quae
943 4423 1250 4485 antiquitus
1311 4421 1524 4484 irrepsit
1571 4423 1626 4470 in
1671 4423 1873 4471 librum
1930 4425 2108 4472 sancti

473 4495 802 4558 Hieronymi
830 4494 892 4543 de
934 4493 1071 4542 Viris
1099 4491 1416 4552 illustribus,
1450 4491 1545 4540 ubi
1572 4495 1839 4556 scriptum
1867 4499 1946 4542 est
1967 4494 2108 4545 Cor-

474 4567 687 4617 nelium
714 4577 911 4629 papam
965 4563 1250 4626 scripsisse
1299 4566 1537 4626 quatuor
1583 4564 1841 4626 epistolas
1889 4564 1957 4613 ad
1989 4565 2111 4614 Fla-

2209 3360 2376 3423 hujus
2439 3361 2693 3411 lectionis
2743 3362 2938 3412 habuit
2981 3362 3285 3413 editionem
3332 3363 3728 3423 Manutianam,
3784 3364 3845 3411 in

2211 3445 2322 3494 qua
2351 3433 2427 3481 ita
2472 3433 2736 3496 scriptum
2787 3435 2886 3493 est,
2941 3433 3104 3495 eique
3148 3433 3435 3497 scripturas
3486 3433 3850 3481 consentiunt

2211 3515 2411 3553 novem
2468 3507 2651 3554 vetera
2717 3504 3069 3567 exemplaria.
3124 3503 3272 3554 Sane
3329 3517 3440 3554 vox
3496 3504 3852 3564 hortamento,

2212 3589 2380 3637 quam
2435 3575 2737 3638 praeferunt
2779 3579 2993 3625 veteres
3027 3575 3299 3626 editiones
3349 3579 3405 3626 et
3463 3575 3656 3624 decem
3707 3574 3849 3624 item

2211 3649 2397 3695 vetera
2475 3646 2829 3707 exemplaria,
2895 3645 3041 3695 bona
3079 3659 3200 3696 esse
3244 3650 3437 3710 potest.
3498 3646 3655 3694 Illam
3710 3659 3850 3708 ergo

2211 3716 2453 3778 praetulit
2478 3715 2831 3766 Reinhartus.
2876 3716 3141 3780 Adjuvari
3189 3722 3372 3767 autem
3416 3720 3598 3780 potest
3633 3729 3700 3765 ex
3733 3715 3853 3766 hoc

2211 3787 2335 3837 loco
2374 3787 2495 3836 libri
2540 3787 2603 3836 de
2645 3788 2829 3850 Lapsis
2865 3788 3000 3850 (pag.
3051 3788 3160 3848 183)
3192 3803 3202 3836 :
3234 3805 3261 3833 α
3288 3789 3547 3851 Episcopi
3599 3788 3852 3850 plurimi,

2211 3871 2352 3920 quos
2385 3862 2438 3908 et
2479 3857 2830 3908 hortamento
2877 3871 2999 3908 esse
3046 3863 3259 3922 Oportet
3304 3860 3520 3910 caeteris
3567 3864 3620 3908 et
3657 3871 3850 3908 exem-

2210 3929 2317 3990 plo.
2349 3944 2377 3974 ›>

2275 4001 2373 4062 (56)
2400 4000 2460 4047 In
2484 4013 2699 4050 secessu.
2729 4001 2844 4049 Duo
2870 3999 2996 4049 libri
3022 4004 3234 4052 veteres
3280 4000 3489 4050 habent
3519 4001 3575 4048 in
3624 4004 3850 4062 secreto,

2210 4070 2359 4134 quod
2414 4071 2636 4120 videtur
2679 4072 2895 4121 melius.
2939 4073 3006 4121 Et
3050 4076 3232 4122 tamen
3280 4077 3496 4121 mutare
3536 4072 3849 4130 noluimus,

2213 4142 2344 4204 quia
2387 4154 2580 4191 omnes
2638 4143 2750 4192 fere
2798 4142 2925 4192 libri
2964 4147 3180 4194 veteres
3222 4147 3277 4193 et
3327 4155 3521 4192 omnes
3570 4142 3853 4193 editiones

2209 4211 2417 4262 habent
2441 4213 2493 4261 in
2522 4226 2737 4263 secessu.

2274 4285 2368 4343 (57)
2398 4287 2432 4332 Α
2489 4285 2702 4332 Domino
2757 4284 3055 4346 faventium.
3091 4284 3323 4335 Codices
3380 4283 3736 4335 Carnotensis
3794 4290 3857 4336 et

2210 4355 2500 4404 Beccensis
2545 4355 2752 4405 habent
2788 4357 2995 4405 Domini
3032 4355 3340 4418 faventium.
3386 4355 3582 4404 Festus
3622 4371 3633 4402 :
3681 4373 3709 4400 «
3739 4355 3854 4405 Fa-

2209 4429 2391 4475 ventia
2424 4426 2626 4475 bonam
2659 4428 2964 4477 orationem
3000 4427 3291 4492 signiﬁcat.
3314 4443 3343 4474 ››
3370 4428 3576 4476 Accius
3593 4426 3856 4490 (Enom.,

2209 4497 2355 4561 apud
2384 4498 2620 4546 Nonium
2649 4498 2966 4548 Marcellum
3002 4513 3012 4545 :
3041 4517 3068 4543 ‹‹
3097 4498 3370 4548 Omnibus
3408 4499 3601 4546 faustis
3635 4511 3858 4562 accep-

2214 4572 2324 4616 tam
2356 4567 2595 4618 habeant
2614 4569 2927 4619 l‘aventiam.
2953 4586 2982 4616 »
3017 4569 3111 4620 Sic
3133 4570 3281 4621 enim
3303 4573 3448 4619 recte
3477 4569 3629 4618 hunc
3655 4570 3860 4619 locum

477 4627 1070 4698 vianum_epi800pum
1119 4633 1566 4693 Antiochenum;
1618 4647 1716 4696 pro
1769 4648 1878 4699 quo
1930 4627 2530 4698 veteraDemendavit
2553 4639 2868 4689 Hadrianus
2896 4641 3114 4690 Junius.

476 4709 630 4760 illius
658 4707 785 4757 libri
811 4705 1152 4768 exemplaria
1180 4708 1232 4754 et
1248 4709 1524 4767 postrema
1556 4704 2112 4769 Hieronymianorum

476 4792 707 4843 operum
737 4777 906 4828 editio
943 4780 1092 4825 recte
1138 4775 1346 4824 habent
1387 4776 1656 4838 scriptum
1696 4790 1900 4827 nomen
1936 4777 2110 4827 Fabii.

477 4852 661 4914 Hujus
705 4861 868 4913 porro
921 4846 1163 4897 Celerini
1207 4846 1436 4908 epistola
1483 4847 1555 4894 ad
1595 4849 1884 4897 Lucianum
1939 4853 2115 4899 exstat

478 4922 620 4971 infra
657 4922 803 4969 inter
839 4917 1098 4981 epistolas
1137 4918 1311 4966 sancti
1352 4916 1631 4980 Cypriani.
1662 4918 1803 4969 Vide
1840 4923 2001 4968 notas
2042 4921 2111 4970 ad

475 4992 764 5056 epistolam
793 4991 872 5040 34,

539 5062 787 5113 Alterius
814 5059 1074 5120 Celerini,
1121 5058 1216 5121 qui
1261 5060 1414 5121 pater
1450 5063 1567 5108 erat
1605 5061 1956 5124 Ageruchim,
1999 5077 2111 5112 me-

473 5133 639 5184 minit
688 5135 920 5182 sanctus
976 5131 1354 5191 Hieronymus
1407 5129 1461 5176 in
1527 5131 1755 5193 epistola
1802 5133 1871 5182 ad
1919 5137 2112 5199 Ageru-

477 5203 687 5264 Chiam;
739 5202 968 5251 alterius
1008 5200 1297 5262 inscriptio
1335 5202 1512 5261 vetus,
1553 5201 1701 5250 edita
1748 5217 1778 5251 a
1835 5204 2110 5267 Reinesio,

474 5288 600 5339 pag.
634 5273 741 5323 161.
771 5271 1015 5322 Celerini
1050 5269 1302 5332 praetoris
1340 5281 1546 5318 nomen
1577 5275 1750 5321 exstat
1795 5275 1850 5322 in
1886 5274 2113 5326 historia

476 5344 751 5410 passionis
807 5344 1125 5392 sanctorum
1189 5339 1526 5403 Chrysanthi
1593 5346 1646 5391 et
1734 5344 1914 5395 Dariaa
1965 5347 2112 5411 apud

480 5416 729 5475 Surium,
766 5418 899 5462 tom.
931 5414 992 5461 V.

538 5486 634 5547 (54)
671 5485 764 5533 Vos
793 5483 851 5532 in
881 5482 994 5533 illo.
1027 5482 1305 5542 Ruricius,
1334 5482 1428 5531 lib.
1463 5494 1520 5542 II,
1552 5484 1710 5546 epist.
1737 5485 1799 5534 32
1825 5499 1836 5532 :
1871 5505 1899 5532 «
1925 5489 2113 5541 Frater

476 5561 534 5608 et
579 5555 995 5618 compresbyter
1033 5557 1223 5603 noster
1272 5551 1587 5615 Capillutus
1650 5555 1944 5618 dupliciter
2004 5559 2110 5609 hac

478 5629 602 5678 vice
627 5626 789 5676 nobis
813 5629 1002 5689 gratus
1027 5625 1297 5696 apparuit,
1324 5623 1457 5674 dum
1484 5628 1539 5674 et
1565 5626 1681 5689 ipse
1710 5627 1870 5678 nobis
1896 5629 2110 5692 jamdiu

475 5698 819 5751 desideratus
843 5699 1099 5759 occurrit,
1134 5702 1190 5748 et
1213 5696 1514 5762 quamdam
1548 5700 1718 5749 vestri
1755 5702 2109 5762 prmSentiam

471 5783 573 5838 per
599 5772 809 5820 vestras
833 5769 1044 5820 litteras
1069 5772 1444 5833 repraesentat.
1472 5783 1502 5816 ν

530 5842 630 5916 (55)
682 5842 1026 5894 Ornamenta.
1085 5840 1168 5892 Ita
1223 5840 1493 5907 Rigaltius
1511 5878 1524 5905 ,
1588 5845 1877 5908 propterea
1927 5856 2108 5909 repre-

2277 4711 2376 4771 (58)
2457 4710 2744 4772 Spirantes.
2819 4711 3010 4761 Codex
3079 4711 3450 4771 Carnotensis,
3523 4716 3860 4773 sperantes:

2214 4780 2477 4830 Metensis
2506 4785 2681 4832 sancti
2707 4783 3002 4846 Arnulphi,
3029 4784 3288 4847 spirantes
3316 4781 3396 4831 vel
3426 4788 3716 4844 sperantes.

2277 4853 2372 4914 (59)
2401 4855 2547 4902 Mora
2579 4856 2697 4917 ipsa
2728 4857 3008 4916 passionis.
3044 4853 3281 4903 Codices
3319 4853 3590 4902 Fuxensis
3621 4859 3677 4902 et
3722 4853 3863 4903 Eli—

2211 4925 2426 4987 gianus,
2458 4925 2585 4974 hora
2611 4927 2744 4989 ipsa.
2776 4924 3144 4986 Corbeiensis,
3170 4926 3240 4974 ad
3265 4926 3451 4974 horam
3474 4925 3664 4988 ipsum.

2273 4995 2372 5054 (60)
2399 4995 2515 5043 Non
2535 4995 2760 5044 trahitis.
2795 4995 2982 5047 Codex
3013 4996 3385 5057 Carnotensis,
3410 4995 3744 5045 subtrahitis.

2276 5065 2369 5127 (61)
2404 5066 2632 5116 Honoris
2657 5068 2845 5115 annui.
2873 5067 3047 5116 Vetus
3086 5066 3459 5129 Remigianus,
3504 5079 3685 5114 annuo
3740 5066 3868 5115 cla-

2209 5137 2387 5185 ritatis
2415 5135 2617 5184 honore.

2273 5207 2370 5268 (6‘2)
2408 5208 2625 5270 Signata
2655 5213 2742 5257 est.
2785 5206 2974 5257 Codex
3017 5208 3197 5256 sancti
3246 5207 3541 5270 Arnulphi,
3571 5208 3860 5270 signatur.

2277 5279 2372 5389 (63)
2394 5278 2693 5387 μοτνίὺίιθε
2722 5281 2933 5328 caeteris.
2983 5278 3174 5328 Codex
3205 5277 3574 5339 Carnotensis,
3614 5281 3868 5330 carceris

2319 5354 2390 5389 cae
2416 5354 2538 5389 eris.

2212 5354 2292 5390 vet
2319 5354 2538 5390 εωιθντδ.

2277 5413 2369 5476 (64)
2395 5413 2670 5461 Mens-ium.
2705 5411 2935 5462 Veteres
2981 5411 3106 5461 libri
3153 5410 3360 5462 habent
3397 5424 3684 5459 mensuum.
3717 5411 3866 5472 Quo

2211 5485 2374 5534 etiam
2407 5485 2570 5532 modo
2599 5496 2748 5546 saepe
2778 5485 3047 5547 scriptum
3074 5483 3184 5531 vidi
3218 5485 3273 5531 in
3303 5483 3531 5531 vetustis
3556 5484 3866 5544 exempla-

2212 5555 2365 5604 ribus
2422 5557 2816 5617 manuscriptis
2865 5556 3099 5603 aliorum
3169 5557 3420 5603 veterum
3487 5555 3864 5615 scriptorum.

2208 5627 2441 5675 Mensam
2469 5637 2597 5674 vero
2649 5639 2747 5688 pro
2794 5639 3058 5674 mensuum
3099 5625 3414 5688 frequenter
3453 5625 3726 5687 scriptum
3763 5630 3872 5674 est.

2208 5696 2266 5744 in
2320 5694 2525 5746 Codice
2578 5695 2983 5746 Theodosiano.
3049 5697 3288 5746 Mensam
3359 5707 3582 5759 quoque
3637 5694 3870 5758 legitur

2209 5769 2356 5833 apud
2385 5771 2452 5819 A.
2479 5769 2740 5833 Gellium,
2787 5771 2880 5822 lib.
2911 5785 2948 5833 ι,
2991 5784 3113 5834 cap.
3272 5769 3408 5818 Vide
3454 5768 3867 5819 adnotationes

2208 5842 2464 5908 Dionysii
2494 5843 2747 5894 Lambini
2776 5845 2835 5895 in
2875 5843 3160 5895 secundam
3206 5843 3486 5895 Verrinam
3531 5839 3864 5894 Ciceronis.
