4160 6216
290 268 364 323 273
1668 259 1994 317 EPISTOLA
2034 262 2138 315 XV.
3485 264 3588 317 27!,

288 393 343 443 vit
372 386 646 442 hibernum
673 385 782 457 (65)
819 404 830 439 :
867 385 963 439 sed
995 386 1051 438 et
1080 401 1176 439 vos
1204 385 1405 439 inclusi
1438 386 1699 455 tempora
1736 384 1858 438 hie-
1883 399 1938 470 Α
1962 388 2115 438 runt.
2146 384 2254 438 Sed
2282 386 2338 437 et
2364 387 2545 437 vestra
2575 401 2687 439 non
2716 384 2906 439 minor
2938 384 3136 455 gloria,
3170 385 3268 457 qui
3303 386 3487 440 adhuc
3526 387 3585 439 in

286 484 368 536 mis
393 480 775 552 persecutionis
800 480 988 533 hieme
1015 479 1338 550 pensabatis
1358 480 1424 532 δεῖ.
1452 480 1557 547 (66)
1587 480 1862 533 Successit
1963 478 2274 532 certamine
2306 477 2592 531 constituti
2621 485 2675 532 et
2696 480 2970 532 comitum
2993 482 3037 514 ⁸9
3064 480 3269 550 glorias
3300 481 3409 550 (7'2)
3440 498 3596 535 secu-

280 575 420 632 hiemi
444 590 607 627 verna
646 574 955 645 temperies
997 574 1133 627 rosis
1164 572 1294 626 laeta
1337 579 1393 627 et
1428 571 1661 626 ﬂoribus
1698 589 1859 627 coro-
1964 570 2093 636 turi,
2123 587 2382 641 pugnam
2412 570 2507 623 diu
2537 570 2750 639 geritis,
2782 572 3136 641 immotaque
3170 578 3225 626 et
3261 574 3598 629 inconcussa

281 675 386 723 nata
414 685 424 722 :
452 668 541 722 sed
573 667 729 721 vobis
770 683 912 721 rosae
952 674 1006 721 et
1046 667 1213 720 ﬂores
1244 666 1311 720 de
1356 666 1603 736 paradisi
1644 665 1861 719 deliciis
1963 664 2071 717 ﬁde
2112 664 2336 717 stabiles
2368 664 2622 733 quotidie
2664 666 3049 733 spectaculum
3089 668 3196 720 Deo
3237 668 3435 720 vestris
3479 668 3593 721 vir-

279 764 475 817 aderant
506 762 631 827 (67),
664 765 720 814 et
748 768 916 831 caput
942 765 1189 815 vestrum
1230 765 1381 815 serta
1421 760 1667 813 coelestia
1704 776 1858 813 coro-
1964 756 2177 811 tutibus
2207 756 2500 810 exhibetis.
2535 758 2657 819 Quo
2690 757 2911 826 longior
2950 764 3127 811 vestra
3165 776 3360 829 pugna
3380 760 3428 793 9°
3460 763 3593 831 (73),

278 856 466 909 nabant.
487 857 659 910 .rEstas
687 871 817 908 ecce
846 855 1117 909 messium
1147 855 1431 909 fertilitate
1469 853 1717 907 fecunda
1756 858 1858 919 est,
1962 851 2067 903 hoc
2111 867 2320 904 corona
2365 850 2681 904 sublimior.
2723 852 2883 919 Agon
2935 869 3097 915 unus,
3146 853 3243 906 sed
3294 854 3594 923 multiplici

277 956 318 1005 et
349 966 463 1004 area
504 949 762 1019 frugibus
808 950 973 1019 plena
1014 954 1097 1003 est
1135 970 1145 1001 :
1188 949 1282 1003 sed
1321 965 1438 1015 vos,
1481 947 1577 1017 qui
1621 948 1859 1017 gloriam
1962 944 2295 1013 praeliorum
2326 944 2737 998 numerositate
2761 952 3077 1015 congestus.
3114 948 3345 1000 Famem
3371 947 3595 1001 vincitis

274 1042 575 1107 seminastis,
624 1043 846 1113 frugem
893 1042 1088 1112 gloria:
1133 1042 1376 1095 metistis
1410 1042 1540 1110 (68),
1587 1041 1859 1111 atque_in
1962 1042 2017 1091 et
2055 1038 2207 1091 sitim
2247 1037 2535 1108 spernitis,
2565 1043 2620 1091 et
2649 1038 2972 1107 squalorem
3015 1039 3257 1092 carceris
3296 1056 3360 1093 ac
3396 1056 3591 1110 recep-

273 1136 457 1191 Domini
489 1152 617 1189 area
643 1135 947 1197 constituti,
980 1136 1137 1189 exuri
1181 1135 1371 1205 paleas
1412 1134 1861 1204 inexstinguibili
1960 1130 2136 1185 taculi
2192 1130 2434 1201 poenalis
2490 1132 2784 1184 horrorem
2838 1132 3055 1185 roboris
3100 1133 3290 1203 vigore
3349 1133 3592 1187 calcatis.

273 1232 379 1299 igne
420 1229 733 1300 conspicitis
753 1231 829 1294 87;
860 1229 983 1308 ipsi,
1016 1232 1080 1283 ut
1120 1228 1290 1283 tritici
1332 1245 1510 1298 grana
1542 1232 1781 1298 purgata
1807 1231 1862 1281 et
1962 1226 2129 1278 Poena
2175 1224 2289 1278 illic
2334 1224 2616 1294 subigitur
2656 1226 2788 1295 (74),
2837 1226 3115 1279 cruciatus
3158 1226 3453 1293 obteritur,
3494 1244 3596 1280 nec

272 1324 514 1376 frumenta
573 1323 853 1393 pretiosa,
897 1323 1015 1393 jam
1073 1323 1303 1393 purgati
1360 1322 1463 1392 (69)
1520 1325 1573 1376 et
1627 1321 1857 1389 conditi,
1961 1333 2117 1371 mors
2180 1318 2454 1372 metuitur
2502 1317 2643 1388 (75),
2703 1319 2802 1372 sed
2870 1324 3130 1388 optatur;
3196 1337 3323 1390 quae
3387 1320 3597 1374 scilicet

272 1417 541 1487 hospitium
576 1416 763 1489 267
800 1416 1040 1471 carceris
1066 1417 1333 1471 horreum
1362 1414 1722 1486 computatis.
1754 1415 1859 1468 Nec
1961 1410 2402 1465 immortalitatis
2446 1411 2677 1480 praemio
2725 1412 2984 1478 vincitur,
3017 1418 3076 1466 ut
3117 1413 3242 1467 vita:
3284 1413 3595 1467 aeternitate

275 1510 395 1564 deest
440 1516 713 1564 autumno
765 1511 835 1565 ad
886 1526 1128 1564 munera
1178 1510 1469 1581 fungenda
1518 1509 1790 1579 temporis
1813 1508 1858 1541 ⁸⁸
1960 1507 2055 1576 qui
2089 1505 2285 1558 vicerit
2321 1506 2711 1559 coronetur“.
2743 1505 2853 1568 Qui
2883 1522 3032 1559 nunc
3065 1506 3120 1559 in
3158 1506 3318 1561 vobis
3347 1507 3590 1573 animus,

271 1605 418 1673 gratia
455 1604 737 1674 spiritalis.
780 1604 1076 1658 Vindemia
1116 1603 1249 1657 foris
1292 1604 1590 1674 premitur,
1632 1606 1689 1656 et
1728 1619 1857 1673 pro-
1960 1614 2131 1670 quam
2174 1598 2435 1664 sublime,
2491 1615 2665 1668 quam
2712 1616 2891 1669 capax
2944 1604 3157 1669 pectus,
3207 1600 3301 1653 ubi
3349 1601 3488 1654 talia
3538 1604 3593 1654 et

270 1697 425 1751 futura
454 1698 667 1768 poculis
703 1699 762 1752 in
795 1699 1171 1753 torcularibus
1212 1715 1317 1752 uva
1355 1698 1618 1751 calcatur.
1648 1698 1751 1750 Vos
1789 1696 1857 1750 de
1959 1698 2119 1747 tanta
2156 1692 2474 1759 volvuntur,
2512 1692 2607 1745 ubi
2638 1709 2751 1746 non
2786 1693 2892 1746 nisi
2926 1694 3027 1746 Dci
3068 1693 3260 1766 268
3306 1699 3589 1765 praecepta

269 1792 455 1844 Domini
485 1792 653 1845 vinea
684 1792 923 1863 pingues
950 1792 1178 1861 racemi,
1209 1796 1266 1844 et
1294 1792 1416 1861 jam
1453 1790 1683 1844 maturis
1708 1790 1854 1843 fruc-
1883 1769 1936 1840 Β
1960 1791 2015 1841 et
2044 1785 2247 1840 Christi
2279 1785 2515 1855 praemia
2544 1786 2894 1854 cogitantur!
2926 1788 3190 1840 Voluntas
3217 1792 3300 1841 est
3328 1787 3435 1840 illic
3463 1794 3589 1840 tan-

268 1885 388 1937 tibus
414 1885 574 1950 botri,
612 1902 892 1956 pressurae
932 1885 1217 1939 saecularis
1247 1884 1606 1939 infestatione
1642 1884 1857 1948 calcati,
1962 1886 2083 1934 tum
2110 1880 2242 1946 Dei;
2275 1884 2331 1932 et
2363 1879 2420 1931 in
2455 1895 2622 1932 carne
2661 1878 2851 1933 adhuc
2892 1880 3024 1933 licet
3051 1880 3204 1933 vobis
3233 1880 3450 1951 positis,
3482 1880 3592 1932 vita

265 1980 479 2032 torcular
501 1985 755 2034 vestrum
779 1980 884 2049 (70)
908 1996 1129 2034 carcere
1154 1983 1458 2050 torquente
1488 1978 1704 2031 sentitis
1726 1977 1857 2046 (71),
1953 1974 2072 2043 jam
2102 1973 2311 2026 vivitur
2335 1988 2449 2025 non
2475 1972 2769 2042 praesentis
2796 1974 3007 2039 saeculi,
3041 1974 3141 2027 sed
3170 1974 3368 2027 futuri.

265 2076 307 2123 et
337 2072 438 2125 vini
462 2074 589 2126 vice
630 2074 969 2144 sanguinem
999 2072 1270 2139 funditis;
1302 2072 1372 2125 ad
1411 2071 1682 2141 passionis
1717 2072 1857 2124 tolc-
2034 2068 2117 2120 IV.
2152 2068 2307 2119 Nunc
2338 2070 2440 2131 est,
2475 2066 2678 2119 fratres
2709 2066 3050 2133 charissimi,
3079 2074 3141 2120 ut
3169 2084 3450 2121 memores
3479 2068 3590 2121 mei

261 2166 472 2219 rantiam
505 2168 700 2233 fortes,
731 2167 990 2237 martyrii
1022 2166 1287 2237 poculum
1318 2166 1563 2219 libenter
1598 2164 1856 2218 hauritis.
1961 2160 2099 2227 sitis,
2149 2162 2212 2213 ut
2264 2160 2410 2213 inter
2458 2176 2697 2229 magnas
2742 2166 2911 2230 atque
2957 2161 3171 2214 divinas
3217 2162 3592 2231 cogitationes

261 2259 329 2311 Sic
351 2261 488 2329 apud
519 2277 709 2314 servos
737 2262 835 2315 Dei
864 2278 1047 2313 annus
1082 2258 1379 2325 evolvitur;
1408 2259 1484 2312 sic
1515 2257 1859 2328 spiritalibus
1962 2262 2177 2308 vestras
2216 2270 2317 2307 nos
2350 2269 2578 2323 quoque
2615 2254 2813 2307 animo
2854 2271 2918 2308 ac
2946 2258 3139 2309 mente
3171 2255 3420 2323 volvatis,
3454 2257 3587 2309 sim-

258 2353 445 2406 mcritis
476 2357 535 2407 et
561 2354 883 2409 coelestibus
904 2352 1155 2425 praemiis
1180 2358 1503 2423 temporum
1536 2352 1858 2405 vicissitudo
1960 2365 2071 2419 que
2104 2348 2159 2401 in
2192 2347 2455 2417 precibus
2486 2352 2541 2400 et
2569 2348 2916 2401 orationibus
2946 2348 3142 2402 vestris
3175 2366 3303 2403 cum
3330 2367 3437 2403 vox
3473 2350 3587 2415 illa,

257 2446 559 2501 celebratur.
1957 2440 2345 2513 puriﬁcatione
2394 2440 2756 2495 confessionis
2801 2443 3032 2497 illustris
3081 2447 3137 2497 et
3175 2444 3301 2513 jugi
3351 2444 3588 2497 honoris

314 2540 392 2594 ΙΙΙ.
424 2542 577 2595 Beati
607 2542 742 2595 satis
781 2543 899 2613 qui,
933 2558 1001 2595 ex
1042 2541 1200 2595 vobis
1239 2557 1343 2611 per
1381 2541 1501 2594 haec
1544 2540 1857 2610 gloriarum
1961 2538 2045 2590 sui
2096 2540 2291 2590 tenore
2339 2535 2661 2604 laudabilis,
2714 2536 2785 2589 ad
2841 2537 2938 2590 Dei
2989 2553 3153 2591 aures
3204 2540 3484 2607 penetrat,
3533 2540 3591 2591 et

256 2634 460 2703 vestigia
503 2638 913 2705 commeantes,
950 2636 1067 2706 jam
1116 2635 1183 2689 de
1227 2635 1431 2688 saeculo
1477 2638 1854 2699 recesserunt,
1958 2636 2152 2702 aperto
2196 2630 2299 2684 sibi
2346 2630 2506 2697 coelo,
2553 2630 2621 2684 de
2668 2630 2757 2683 his
2806 2630 3023 2684 subacti
3078 2630 3279 2684 mundi
3332 2631 3587 2701 partibus

253 2728 596 2800 confectoque
627 2729 829 2784 itinere
854 2729 1075 2783 virtutis
1114 2745 1178 2782 ac
1209 2729 1361 2795 fidei,
1392 2729 1461 2782 ad
1493 2728 1857 2798 complexum
1960 2725 2031 2778 ad
2073 2740 2321 2795 superna
2361 2723 2705 2791 transmissa,
2738 2724 3009 2795 impetrat
3054 2726 3122 2779 de
3163 2725 3385 2779 Domini
3422 2725 3586 2779 boni-

255 2826 298 2873 et
331 2824 579 2878 osculum
621 2823 866 2893 Domini,
900 2822 1139 2878 Domino
1180 2823 1301 2893 ipso
1346 2822 1651 2893 gaudente,
1684 2837 1854 2876 vene-
1958 2823 2074 2873 tate
2104 2818 2215 2889 (76)
2247 2817 2399 2889 quod
2430 2818 2691 2889 postulat.
2723 2817 2868 2881 Quid
2900 2818 3052 2872 enim
3083 2818 3269 2890 petitis
3298 2820 3367 2874 de
3395 2819 3582 2874 indul-

1604 2938 1815 3001 Varise
1860 2937 2197 3001 lectiones.

300 3047 607 3099 “Pensatis
654 3049 775 3098 Bod.
828 3051 869 3098 t.
921 3049 1040 3097 Tim.
1118 3046 1159 3081 ⁸⁷
1186 3048 1504 3111 Perspicitis
1552 3047 1674 3097 Bod.
1723 3050 1768 3096 1.
1820 3046 1963 3095 Corb.
2043 3044 2086 3079 ⁸⁸
2120 3045 2371 3108 Fugendi
2420 3045 2683 3107 temporis
2726 3046 2866 3093 Lam.
2942 3043 2985 3078 39
3019 3044 3298 3095 Comitum
3351 3046 3585 3108 gloriam

247 3120 359 3168 Pem.
390 3122 495 3170 Lin.
528 3120 681 3169 Ebor.
713 3120 820 3169 ΝΟ.
856 3122 901 3181 1,
926 3121 973 3169 2.
1042 3121 1082 3150 (ο
1116 3119 1404 3171 Confessio
1441 3121 1561 3170 Thu.
1597 3120 1717 3168 Bod.
1766 3121 1807 3167 1.
1878 3118 1890 3147 ς

1964 3118 2280 3168 Honoretur
2320 3118 2454 3165 Man.
2506 3115 2637 3163 Voss.
2678 3116 2722 3173 1,
2762 3114 2809 3163 3.
2853 3116 2919 3163 Μ.
2970 3115 3021 3163 R.
3066 3116 3185 3163 T/zu.
3237 3116 3375 3163 Foss.
3420 3114 3568 3163 Coro.

253 3189 469 3241 Vicerint
494 3191 844 3241 bonorentur
873 3190 995 3239 Bod.
1032 3190 1075 3239 1.
1110 3190 1156 3239 3.

1525 3251 1749 3333 Steph.
1798 3251 2043 3314 Baluzii
2086 3254 2285 3312 notae.

304 3358 753 3444 (65)nHibernum‘..
793 3360 973 3407 Antea
1026 3356 1239 3407 editum
1281 3360 1398 3438 erat
1436 3362 1634 3444 tempus
1680 3356 1851 3405 hiber-
1873 3371 1926 3444 Ο
1953 3368 2081 3444 {rem
2108 3352 2348 3416 Rigaltii,
2380 3364 2506 3444 qua:
2536 3351 3168 3444 ob‘scuiritatem‘inducit
3196 3352 3261 3434 in
3298 3352 3574 3444 hpc‘cloeo.

250 3440 367 3476 num.
394 3429 508 3492 Ego
552 3429 757 3478 sustuli
794 3442 987 3478 vocem
1028 3432 1244 3491 tempus,
1291 3429 1418 3491 quia
1466 3428 1718 3491 plerique
1757 3442 1851 3478 co-
1876 3423 1926 3444 υ
1954 3427 2145 3485 Vetus,
2178 3437 2303 3487 qua;
2329 3426 2516 3472 nostra
2543 3426 2641 3483 est,
2669 3423 2833 3485 plana
2875 3427 2958 3473 est
2990 3427 3044 3474 et
3073 3423 3302 3473 minime
3332 3423 3576 3473 difﬁcilis

248 3497 375 3548 dices
420 3502 577 3549 illam
634 3514 745 3549 non
793 3500 1029 3559 habent,
1070 3499 1309 3562 ideoque
1348 3498 1563 3547 videtur
1615 3512 1737 3549 esse
1783 3512 1853 3548 ex
1954 3497 2259 3546 intellectu.

248 3569 550 3629 glossemate
592 3575 647 3620 et
682 3572 811 3633 quia
853 3571 1065 3633 antiqui
1105 3569 1365 3619 dicebant
1405 3569 1682 3619 hibernum
1732 3574 1851 3619 tan-
2016 3569 2107 3628 (7:2)
2162 3567 2433 3615 Comitum.
2484 3566 2546 3614 In
2606 3565 2940 3628 quibusdam
2997 3568 3227 3617 vetustis
3287 3566 3579 3616 codicibus

248 3644 361 3688 tum.
388 3642 601 3692 Seneca
634 3643 790 3704 epist.
837 3642 896 3691 15
927 3656 937 3687 :
971 3660 997 3685 ‹‹
1033 3640 1154 3690 Una
1194 3641 1568 3690 Hannibalem
1617 3642 1852 3691 hiberna
1952 3639 2221 3701 scriptum
2270 3640 2353 3686 est
2399 3636 2647 3695 militum,
2681 3650 2848 3699 quam
2891 3638 3186 3687 lectionem
3226 3650 3336 3686 non
3387 3638 3575 3701 probo.

247 3712 521 3763 solverunt.
548 3734 577 3758 υ
604 3711 997 3773 Tertullianus,
1026 3711 1120 3760 lib.
1152 3725 1167 3761 ι
1196 3712 1448 3761 adversus
1479 3714 1802 3762 Marcionem
1837 3728 1848 3760 :
1952 3710 2107 3758 lllam
2158 3707 2325 3757 affero
2378 3710 2591 3755 tantum
2640 3711 2703 3755 ut
2745 3708 3024 3757 interdum
3067 3708 3339 3771 proferam
3392 3710 3577 3774 aliqua

248 3800 269 3821 α
312 3784 469 3834 Totus
522 3798 705 3834 annus
756 3784 1055 3833 hibernum
1105 3786 1203 3832 est.
1256 3801 1285 3827 »
1341 3781 1484 3832 Sunt
1531 3784 1694 3833 etiam
1743 3784 1850 3832 alia
1952 3780 2203 3843 exempla
2229 3778 2468 3828 licentim
2493 3781 2739 3827 veterum
2771 3778 3137 3828 librariorum.

248 3858 485 3919 exempla.
510 3856 623 3907 Sed
652 3858 753 3906 ista
777 3856 1081 3906 sufﬁciunt.
1117 3854 1254 3903 Vide
1287 3858 1446 3903 notas
1475 3854 1542 3903 ad
1571 3853 1849 3917 Capitula-
2018 3851 2112 3913 (73)
2148 3852 2321 3899 Vestra
2349 3861 2544 3912 pugna.
2581 3850 2717 3899 Haec
2744 3853 2847 3909 est,
2886 3854 2948 3898 ut
2981 3850 3193 3913 Opinor,
3237 3863 3365 3899 vera
3410 3851 3574 3900 lectio

246 3927 333 3981 ria,
354 3942 469 3991 pag.
504 3930 647 3977 1185.
1950 3922 2116 3984 hujus
2143 3922 2267 3980 loci,
2295 3934 2463 3983 quam
2502 3923 2553 3968 et
2600 3925 2811 3970 veteres
2860 3921 3131 3971 editiones
3169 3925 3223 3970 et
3272 3921 3456 3983 plures
3483 3936 3577 3985 0p-

296 4000 381 4058 (66)
424 4000 737 4049 Pensabitis.
787 3998 975 4048 Codex
1027 3998 1200 4047 sancti
1246 3996 1537 4059 Arnulphi,
1595 3998 1844 4059 pensatis.
1952 3994 2069 4041 timi
2121 3993 2245 4041 libri
2289 3991 2636 4041 conﬁrmant.
2687 3993 2827 4052 Alia,
2883 4006 3004 4056 quas
3050 3993 3319 4055 sequitur,
3362 3994 3579 4043 videtur

246 4066 382 4128 Quod
406 4072 630 4120 videtur
662 4069 879 4118 melius.
1950 4078 2069 4113 esse
2094 4078 2160 4113 ex
2196 4064 2541 4125 glossemate.
2582 4063 2642 4111 In
2692 4064 3028 4127 quibusdam
3070 4065 3257 4127 itaque
3292 4064 3576 4115 codicibus

296 4142 378 4203 (67)
405 4143 657 4190 Aderant.
702 4140 781 4188 lta
823 4139 1074 4201 plerique
1118 4138 1242 4187 libri
1296 4142 1525 4187 veteres.
1579 4138 1636 4185 In
1683 4140 1846 4200 quin-
1948 4136 2165 4198 legitur,
2188 4151 2213 4180 «
2247 4135 2440 4183 Vestra
2469 4135 2744 4184 confessio
2776 4136 2861 4185 vel
2908 4150 3108 4200 pugna.
3141 4154 3170 4180 »
3200 4136 3432 4186 Morellii
3464 4138 3574 4186 edi-

245 4224 333 4272 que
361 4218 541 4261 tamen
575 4218 629 4261 et
680 4213 733 4259 in
784 4212 1023 4273 antiquis
1074 4210 1411 4259 editionibus
1453 4210 1717 4271 scriptum
1765 4214 1847 4259 est
1948 4207 2022 4255 tio
2076 4205 2241 4255 habet
2290 4210 2457 4253 vestra
2509 4205 2760 4267 confessio
2801 4211 3033 4256 tantum.
3088 4207 3223 4255 Eam
3278 4208 3573 4257 lectionem

242 4282 562 4332 adhaerebant.
600 4281 881 4331 Morellius
909 4280 1117 4329 addidit
1138 4280 1419 4329 adhaerent.
1948 4275 2214 4338 adjuvant
2260 4289 2323 4325 ea
2369 4289 2495 4338 quas
2536 4275 2801 4325 dicuntur
2848 4278 3013 4339 paulo
3060 4282 3229 4326 ante:
3271 4293 3298 4325 α
3343 4278 3573 4328 Beatum

291 4354 374 4412 (68)
398 4355 635 4403 Metistis.
669 4352 904 4403 Codices
940 4350 1294 4400 Carnotensis
1331 4355 1385 4400 et
1422 4352 1596 4400 sancti
1640 4352 1845 4399 Arnul-
1945 4347 2079 4397 facit
2111 4348 2287 4410 prima
2311 4350 2362 4395 et
2390 4360 2500 4395 una
2528 4346 2824 4396 confessio.
2861 4366 2888 4393 »

240 4422 561 4485 phi,metiti's.
2006 4420 2104 4479 (74)
2142 4418 2434 4480 Subigitur.
2479 4416 2715 4467 Codices
2753 4416 3111 4469 Carnotensis
3151 4424 3203 4470 et
3246 4421 3424 4471 sancti
3462 4421 3573 4469 Ar-

290 4496 375 4555 (69)
418 4497 657 4559 Purgati.
709 4495 935 4545 Veteres
980 4493 1273 4555 editiones,
1330 4494 1493 4543 etiam
1556 4494 1842 4542 Erasmica
1944 4490 2141 4552 nulphi
2164 4489 2465 4551 subjicitur.

240 4570 283 4613 et
329 4566 661 4627 Manutiana,
702 4567 1004 4629 praeferunt
1048 4562 1276 4626 probati.
1323 4564 1401 4613 Ita
1456 4564 1621 4613 etiam
1683 4564 1843 4613 multi
2009 4561 2101 4623 (75)
2159 4563 2260 4609 Nec
2302 4573 2439 4609 mors
2485 4561 2751 4608 metuitur.
2800 4560 3173 4610 Tertullianus
3208 4562 3264 4610 in
3318 4562 3458 4611 libro
3510 4563 3573 4611 de

240 4641 426 4688 veteres
480 4640 626 4688 libri.
673 4637 950 4688 Pamelius
992 4635 1189 4685 maluit
1228 4636 1463 4699 purgati,
1511 4634 1730 4684 nullum
1767 4639 1843 4683 ta-
1945 4630 2264 4693 Spectaculis
2290 4632 2364 4680 ait
2407 4629 2750 4680 Christianos
2790 4644 2911 4679 esse
2953 4632 3252 4694 expeditum
3290 4633 3445 4682 morti
3474 4646 3569 4693 ge—

238 4721 346 4757 mei
404 4717 647 4761 veterem
706 4709 909 4758 librum
958 4706 1209 4756 laudans.
1249 4708 1358 4755 Nos
1409 4707 1587 4755 secuti
1649 4715 2059 4765 sumusnnus.
2118 4704 2397 4752 Antonius
2438 4701 2567 4749 Pius
2614 4702 2670 4748 in
2711 4702 2973 4763 rescripto
3013 4702 3082 4750 ad
3128 4704 3380 4763 Asianos,
3424 4704 3572 4765 apud

240 4744 346 4757 ...υι
412 4744 647 4761 ...ιλνιυιμ
706 4744 909 4758 ...,......
959 4744 1209 4756 ..............
1249 4744 1357 4755 ..νυ
1409 4744 1587 4755 νυν...
1649 4744 1842 4755 ww..-
2118 4744 2394 4752 "an---"
2438 4744 2564 4749 --__
2614 4744 2670 4748 -_
2712 4744 2969 4751 ---π-η-
3014 4744 3082 4750 __
3128 4744 3362 4752 --ηηηνν
3424 4744 3453 4751 ν
3500 4744 3572 4751 _.-

238 4779 367 4830 illius
409 4782 875 4839 emendationem,
930 4780 1059 4841 quia
1110 4776 1449 4827 credidimus
1515 4777 1665 4826 illam
1723 4744 2228 4831 esseDRuﬁnum,
2276 4772 2370 4821 lib.
2418 4784 2493 4831 1v,
2530 4785 2647 4833 cap.
2698 4772 2774 4831 13,
2823 4744 2898 4820 ait
2946 4772 3287 4823 Christianos
3330 4744 3572 4823 aniniam

238 4848 433 4912 bonam,
494 4862 729 4913 eamque
786 4848 1165 4899 conﬁrmatam
1228 4845 1466 4895 vidimus
1518 4848 1844 4896 auctoritate
1944 4858 2149 4906 ponere
2192 4858 2288 4906 pro
2334 4845 2450 4892 Deo
2490 4856 2590 4889 suo
2634 4846 2684 4891 et
2738 4847 2969 4891 mortem
3009 4844 3247 4893 libenter
3289 4844 3568 4907 amplecti.

237 4922 527 4983 aliquorum
554 4925 804 4972 veterum
837 4920 1119 4968 librorum.
1948 4915 2086 4965 Vide
2126 4916 2437 4965 Luciferum
2483 4914 2859 4963 Calaritanum
2904 4916 2960 4963 in
3004 4916 3142 4965 libro
3182 4916 3251 4965 ad
3296 4916 3569 4967 Constan-

292 4993 372 5055 (70)
419 4992 678 5042 Torcular
721 4995 968 5040 vestrum.
1014 4991 1092 5038 Ita
1136 4988 1243 5051 legi
1282 4989 1339 5037 in
1387 4993 1514 5037 octo
1556 4988 1843 5039 codicibus
1944 4986 2083 5035 tium
2118 4989 2180 5036 de
2203 4985 2474 5035 moriendo
2499 4998 2596 5048 pro
2627 4986 2720 5033 Dei
2745 4985 2896 5034 Filio.

234 5064 474 5127 antiquis.
523 5065 595 5112 At
638 5066 851 5111 veteres
900 5058 1171 5110 editiones
1213 5064 1340 5108 ante
1386 5059 1755 5109 Pamelianam
1792 5063 1843 5108 et
1994 5060 2104 5127 7(76)
2138 5059 2210 5106 De
2254 5057 2467 5106 Domini
2522 5056 2763 5127 bonitate.
2814 5058 2953 5106 Haec
2989 5060 3071 5105 est
3115 5057 3283 5108 lectio
3322 5060 3572 5110 omnium

236 5126 410 5183 navem
458 5139 645 5184 vetera
687 5132 1022 5194 exemplaria
1075 5131 1285 5180 habent
1335 5134 1585 5179 nostrum.
1648 5130 1842 5179 Nostra
1943 5126 2247 5177 editionum
2298 5140 2424 5191 quas
2466 5126 2787 5189 prodierunt
2829 5131 2956 5176 ante
2995 5141 3116 5177 eam
3156 5143 3280 5192 quas
3343 5138 3425 5182 est
3477 5135 3571 5184 Ri—

235 5202 381 5253 editio
406 5211 487 5255 est
518 5206 727 5254 melior.
1943 5198 2113 5260 galtii,
2172 5200 2267 5261 qui
2324 5199 2447 5247 istic
2506 5200 2689 5262 posuit
2762 5198 3045 5247 voluntate.
3100 5201 3329 5263 Accepit
3384 5208 3571 5254 autem

285 5276 371 5335 (71)
405 5278 698 5339 Torquente
739 5274 957 5324 sentitis.
1006 5273 1166 5323 Hanc
1212 5273 1505 5322 lectionem
1554 5272 1729 5334 reperi
1786 5272 1841 5320 in
1943 5270 2087 5319 hanc
2118 5270 2411 5319 lectionem
2439 5284 2505 5320 ex
2532 5272 2760 5333 antiquo
2788 5270 2981 5320 codice
3029 5275 3349 5323 monasterii
3392 5279 3570 5327 sancti

236 5346 472 5395 omnibus
506 5347 661 5396 libris
700 5346 945 5409 antiquis
983 5350 1036 5393 et
1080 5345 1136 5393 in
1181 5343 1441 5393 omnibus
1487 5342 1839 5403 editionibus,
1944 5342 2178 5405 Remigii
2226 5341 2530 5401 Remensis,
2590 5355 2659 5391 ex
2703 5340 3027 5391 Corbeiensi
3069 5348 3123 5391 et
3159 5358 3226 5394 ex
3274 5345 3519 5397 Fuxensi
3557 5364 3568 5395 :

235 5412 321 5461 nisi
375 5416 523 5479 quod
594 5417 769 5468 codex
826 5416 1167 5467 Turonensis
1229 5415 1398 5464 habet
1472 5413 1687 5475 fudistis
1745 5427 1841 5476 pro
1944 5426 2079 5461 usus
2101 5416 2183 5461 est
2221 5412 2367 5462 enim
2408 5412 2494 5460 his
2534 5412 2711 5461 tribus
2752 5412 3177 5474 exemplaribus.
3216 5415 3424 5466 Eadem
3466 5432 3571 5467 ex-

235 5488 429 5535 scntitis.
488 5489 685 5538 Nescio
741 5502 899 5551 porro
953 5488 1104 5537 unde
1156 5487 1430 5549 Rigaltius
1494 5486 1731 5547 sumpsit
1787 5484 1839 5532 id
1942 5487 2049 5533 stat
2087 5485 2141 5532 in
2178 5484 2508 5533 Turonensi.
2555 5484 2783 5543 Bonam,
2839 5496 2965 5546 quae
3013 5489 3198 5534 nostra
3249 5490 3347 5548 est,
3416 5490 3568 5538 exhi-

240 5558 363 5615 quod
416 5565 502 5607 est
550 5560 605 5607 in
663 5563 781 5621 ejus
832 5560 1093 5619 editione,
1142 5559 1238 5608 ubi
1292 5559 1495 5621 legitur
1548 5561 1843 5619 torquentes
1941 5554 2075 5603 bent
2103 5568 2296 5603 omnes
2320 5556 2433 5604 fere
2478 5555 2676 5619 reliqui
2716 5560 2929 5606 veteres
2972 5555 3115 5616 libri,
3151 5558 3314 5606 etiam
3352 5559 3387 5607 ii
3429 5573 3569 5621 quos

240 5629 448 5677 tantum.
478 5632 497 5660 ⁴
525 5633 543 5661 ³
568 5632 702 5679 Puto
728 5635 911 5679 tamen
942 5644 1068 5680 eum
1101 5631 1156 5678 in
1184 5629 1336 5679 hunc
1366 5640 1606 5679 errorem
1637 5628 1840 5676 induc—
1942 5626 2111 5676 editio
2152 5626 2458 5688 Anglicana
2492 5630 2905 5677 commemorat.
2937 5627 3008 5676 Et
3049 5631 3234 5677 tamen
3278 5629 3439 5689 Angli
3476 5644 3571 5678 re-

242 5700 339 5743 tum
382 5700 551 5749 fuisse
600 5714 667 5750 ex
715 5701 907 5751 codice
959 5701 1299 5761 Corbeiensi,
1344 5701 1400 5749 in
1461 5712 1570 5763 quo
1638 5699 1840 5748 omissa
1941 5700 2228 5748 tinuerunt
2270 5698 2327 5745 in
2379 5701 2641 5746 contextu
2694 5698 2987 5747 lectionem
3053 5713 3219 5762 quam
3272 5713 3381 5747 non
3443 5713 3568 5750 esse

244 5772 310 5813 est
337 5782 427 5830 per
468 5772 735 5819 incuriam
790 5772 993 5821 librarii
1032 5788 1135 5822 vox
1181 5772 1400 5823 sentitis.
1464 5772 1597 5820 Nam
1639 5775 1841 5820 cmtera
1938 5769 2141 5819 bonam
2168 5768 2471 5817 ostendunt
2501 5769 2664 5817 etiam
2690 5769 2994 5831 sequentia.
3030 5770 3152 5818 Duo
3182 5769 3306 5818 libri
3352 5772 3567 5818 veteres

244 5845 354 5889 sunt
395 5844 562 5904 paria.
606 5843 771 5895 Miror
816 5848 1000 5896 autem
1032 5844 1245 5911 Anglos
1288 5843 1599 5909 praetulisse
1643 5843 1840 5895 editio-
1940 5844 2239 5907 praeferunt
2266 5840 2470 5905 pietate.
