4160 6216
86 1550 93 1557 ο

130 2678 135 2683 η
296 2718 305 2725 β

144 2914 151 2923 .
190 2826 193 2827 ,

134 3044 139 3051 .
212 3068 215 3069 ν

268 3590 269 3597 η

102 4976 137 4985 ..ρ

126 5276 135 5283 .
274 5300 277 5301 ν

108 5394 145 5531 ,γ’
184 5398 185 5401 η
402 5524 407 5527 1

124 5646 165 5687 ξι
210 5662 299 5687 “ι,η.

154 5718 157 5719 7
325 5682 433 5759 ῃ.

592 279 697 334 275

587 402 785 472 gentia
813 404 1033 459 Domini
1057 405 1166 477 (7‘7)
1194 407 1345 477 quod
1368 423 1483 462 non
1510 408 1815 480 impetrare
1845 411 2202 481 mereamini,
2229 427 2285 497 Α

585 497 684 567 qui
707 498 782 552 sic
813 499 1032 553 Domini
1068 502 1333 555 mandata
1367 503 1648 571 servastis,
1681 503 1776 574 qui
1819 505 2205 575 evangelicam

584 590 938 662 disciplinam
973 594 1082 665 (78)
1119 594 1339 649 sincero
1380 596 1511 651 ﬁdei
1552 597 1748 668 vigore
1793 599 2075 666 tenuistis,
2112 599 2211 669 qui

582 683 912 756 incorrupto
956 687 1170 743 honore
1209 689 1429 745 virtutis
1468 707 1597 745 cum
1639 693 1937 762 praeceptis
1981 693 2212 747 Domini

583 780 639 831 et
689 794 818 833 cum
864 783 1127 851 apostolis
1179 784 1302 853 ejus
1352 784 1578 839 fortiter
1625 790 1860 853 stantes,
1916 792 2214 841 nutantem

583 873 900 928 multorum
930 875 1099 930 ﬁdem
1135 877 1391 948 martyrii
1430 879 1594 932 vestri
1629 880 1862 935 veritate
1891 880 2215 935 solidastis?

585 968 728 1021 Vere
760 969 1053 1040 Evangelii
1087 975 1256 1026 testes
1294 978 1349 1026 et
1388 988 1517 1026 vere
1558 978 1837 1045 martyres
1866 974 2090 1040 Christi,
2123 990 2212 1027 ra-

586 1061 799 1115 dicibus
843 1064 966 1134 ejus
1003 1065 1202 1129 innixi,
1248 1082 1417 1137 super
1456 1069 1679 1137 petram
1725 1068 1957 1123 robusta
1998 1067 2149 1122 mole
2166 1068 2213 1103 θ’

585 1156 839 1223 fundati,
900 1158 1253 1229 disciplinam
1317 1177 1447 1215 cum
1517 1162 1721 1217 virtute
1780 1162 2083 1232 junxistis,
2141 1162 2216 1215 ad

586 1248 851 1305 timorem
906 1252 1005 1305 Dei
1060 1257 1292 1307 creteros
1338 1256 1701 1325 provocastis,
1757 1256 2035 1327 martyris.
2087 1271 2213 1309 ves-

587 1347 673 1396 tra
718 1345 978 1416 exempla
1021 1346 1244 1401 fecistis.
1288 1348 1431 1419 Opto
1474 1366 1590 1415 vos,
1632 1348 1924 1404 fortissimi
1971 1366 2033 1403 ac
2083 1350 2214 1404 bea-

586 1436 787 1491 tissimi
812 1438 1032 1506 fratres,
1067 1456 1289 1511 semper
1314 1441 1459 1497 bene
1484 1444 1671 1497 valere
1708 1448 1765 1498 et
1794 1443 1971 1498 nostri
2011 1443 2213 1498 memi-

590 1531 759 1585 uisse.

1091 1608 1406 1664 EPISTOLA
1451 1610 1560 1664 XVI
1586 1608 1722 1679 (79).

590 1705 832 1767 (Pamel.,
858 1717 996 1769 XVII;
1025 1708 1229 1770 Rigalt.,
1264 1711 1455 1771 Baluz.,
1478 1711 1670 1844 )Paris.,
1700 1722 1816 1775 XVI;
1849 1712 2036 1774 Oxon.,
2062 1712 2219 1774 Lips,

1322 1795 1469 1832 XXIII.

1322 1795 1469 1832 XXIII.

975 1883 1354 1923 ILONFESSORUM
1394 1887 1462 1923 AD
1505 1886 1765 1925 CYPRIANU
1775 1887 1833 1925 Μ.

592 1958 991 2013 ARGUMENTUM.
1017 1991 1083 1999 —
1103 1963 1336 2017 Libellus
1359 1968 1661 2032 martyrum
1684 1966 1897 2019 nomine
1926 1978 1959 2016 (ι
1983 1966 2219 2019 Luciano

1281 2056 1530 2121 scriptus.

664 2160 916 2213 Uuiversi
949 2160 1303 2216 confessores
1330 2163 1611 2234 Cypriano
1637 2180 1799 2235 papae
1828 2164 1932 2234 (80)
1959 2164 2219 2219 salutem.

1466 268 1549 339 's.
1590 285 1904 341 CYPRIANI
1944 288 2219 346 OPERUM
2259 290 2432 345 PARS
2470 292 2515 345 I.
2554 320 2622 331 -
2661 290 3026 347 EPISTOLAZ.

3830 292 3920 346 276

2308 412 2500 486 269
2528 413 2679 469 Scias
2705 431 2805 468 nos
2833 412 3110 470 universis
3137 414 3207 468 de
3238 413 3444 484 quibus
3470 413 3621 485 apud
3651 417 3706 469 te
3728 414 3775 449 ⁸³
3801 414 3929 469 ratio

2312 509 2629 563 constiterit
2672 509 2808 580 quid
2853 512 2983 580 post
3026 508 3397 563 commissum
3436 507 3678 579 egerint,
3724 508 3932 562 dedisse

2314 618 2511 673 pacem
2544 602 2672 672 (8t),
2702 608 2756 656 et
2787 601 2933 656 hanc
2958 602 3203 656 formam
3230 617 3332 671 per
3361 606 3413 656 te
3441 604 3496 656 et
3520 601 3645 656 aliis
3671 587 3934 672 episcopis

2315 696 2673 750 innotescere
2704 696 3006 750 voluimus.
3041 696 3318 767 Optamus
3350 698 3403 750 te
3433 694 3538 765 (82)
3567 711 3701 749 cum
3738 695 3934 749 sanctis

2316 789 2668 861 martyribus
2711 805 2911 860 pacem
2951 789 3185 844 habere.
3219 792 3505 844 Praesente
3547 790 3656 859 (83)
3693 789 3763 845 de
3796 790 3934 845 clero

2316 888 2370 939 et
2401 883 2675 938 cxorcista
2701 888 2759 938 et
2788 883 3020 951 lectore,
3048 882 3327 938 Lucianus
3358 884 3457 953 (84)
3489 882 3729 953 scripsit.

2802 1023 3121 1080 EPISTOLA
3166 1024 3304 1080 XVII
3333 1023 3461 1094 (85).

2317 1129 2558 1193 (Erasm.,
2574 1140 2651 1189 III,
2673 1131 2730 1177 19
2746 1144 2762 1190 ;
2779 1128 2994 1190 Pamel.,
3012 1139 3161 1191 XVIII,
3178 1128 3386 1191 Rigalt,
3410 1127 3600 1188 Baluz.,
3620 1127 3802 1190 Paris,
3821 1140 3937 1191 xvn;

2848 1202 3037 1264 Oxon.,
3071 1201 3230 1266 Lips,
3259 1201 3425 1264 XXVI.)

2389 1325 2455 1360 AD
2503 1323 2865 1363 PRESBYTEROS
2905 1323 2969 1361 ΕΤ
3007 1312 3283 1374 DIACONos;
3325 1322 3392 1360 DE
3432 1320 3774 1362 PRECEDENTI
3816 1322 3873 1359 ET

2660 1394 2868 1433 DUABUS
2909 1393 3272 1439 SEQUENTIBUS
3313 1391 3600 1432 EPISTOLIS.

2320 1493 2716 1546 ARGUMENTUM.
2743 1520 2812 1532 --
2837 1491 3005 1547 Nulla
3030 1493 3173 1544 ratio
3198 1489 3448 1544 habenda
3474 1489 3773 1544 libellorum
3798 1504 3935 1543 mar-

2549 1586 2753 1649 tyrum,
2787 1584 2911 1635 ante
2937 1596 3123 1652 pacem
3148 1580 3396 1634 Ecclesiae
3426 1579 3719 1633 redditam.

2392 1692 2705 1763 Cyprianus
2766 1691 3117 1763 presbyteris
3176 1695 3233 1745 et
3293 1690 3628 1745 diaconibus
3682 1689 3944 1745 fratribus

2244 1794 2299 1865 Β
2326 1786 2581 1840 salutem.
2630 1785 2901 1839 Dominus
2946 1784 3196 1855 loquitur
3244 1787 3301 1838 et
3344 1783 3481 1838 dicit
3524 1802 3538 1838 :
3580 1785 3754 1854 Super
3796 1800 3946 1853 quem

2320 1882 2626 1951 respiciam,
2660 1881 2768 1934 nisi
2792 1894 2953 1948 super
2983 1877 3236 1932 humilem
3271 1882 3320 1932 et
3360 1880 3622 1947 quietum,
3653 1883 3703 1931 et
3734 1884 3947 1933 tremen-

2322 1980 2424 2029 tem
2464 1972 2656 2046 270
2701 1987 2962 2028 sermones
3000 1987 3141 2027 meos
3181 1972 3331 2042 (Isa.,
3369 1987 3513 2039 LXVI,
3542 1970 3637 2040 2)?
3668 1972 3781 2026 Hoc
3818 1987 3947 2026 cum

2324 2068 2631 2124 debeamus
2677 2083 2877 2122 omnes
2923 2065 3133 2133 esse“,
3175 2069 3300 2119 tum
3348 2064 3584 2119 modo"5
3628 2064 3947 2135 hujusmodi

2325 2161 2408 2216 illi
2458 2177 2578 2217 esse
2625 2161 2838 2216 debent
2885 2159 3092 2231 quibus
3135 2159 3511 2214 laborandum
3562 2161 3650 2214 est
3697 2161 3777 2228 ut,
3826 2161 3950 2230 post

1979 2299 2187 2368 Varia
2230 2303 2567 2367 lectiones.

653 2442 691 2467 ”²
718 2438 897 2499 Super
915 2440 1085 2501 petras
1107 2437 1394 2488 robustam
1422 2438 1624 2487 molem
1652 2437 1776 2487 Bod.
1801 2439 1849 2488 5.

590 2509 673 2571 gis
703 2507 822 2556 Bod.
859 2510 897 2556 t.
931 2508 1127 2557 Manut.
1156 2512 1291 2559 tunc
1314 2508 1557 2558 maxime
1582 2508 1742 2571 Neap.

1917 2439 1961 2473 ’³³
1992 2438 2077 2489 Ad
2098 2443 2151 2489 te
2185 2438 2297 2488 Ver.

2366 2438 2408 2470 ⁹⁴
2436 2437 2574 2488 Esse
2604 2436 2930 2501 hujusmodi
2960 2437 3100 2486 Lam.
3130 2434 3281 2484 Ebor.
3313 2434 3421 2484 ΝΟ.
3461 2436 3507 2482 Ξ.
3579 2434 3618 2466 "‘5
3647 2432 3789 2482 Tum
3825 2444 3952 2481 ma-

1897 2589 2117 2670 Steph.
2161 2588 2402 2653 Baluzii
2443 2592 2637 2651 notas.

653 2727 750 2786 (77)
801 2727 874 2774 De
907 2723 1241 2787 indulgentia
1287 2725 1513 2774 Domini.
1560 2726 1619 2774 In
1662 2725 1858 2776 codice
1909 2726 2223 2776 Turonensi

588 2800 641 2847 et
665 2796 720 2844 in
748 2794 1069 2846 Corbeiensi
1096 2795 1312 2859 legitur,
1344 2813 1373 2841 «
1402 2794 1470 2845 de
1517 2795 1861 2858 indulgentia
1909 2799 1964 2846 et
1998 2796 2222 2845 Domini

587 2867 875 2917 voluntate
955 2864 1105 2929 quod
1185 2878 1295 2915 non
1366 2867 1678 2930 impetrare.
1740 2883 1770 2915 »
1838 2866 1979 2916 Vide
2063 2869 2222 2916 notas

587 2941 804 2987 nostras
832 2935 899 2985 ad
945 2940 1113 3000 caput
1153 2936 1216 2986 36
1256 2937 1523 2987 Lactantii
1566 2937 1629 2987 de
1673 2936 1926 2987 Mortibus
1970 2937 2221 2986 Persecu-

593 3014 782 3057 torum.

655 3081 753 3142 (78)
808 3079 1178 3141 Evangeticam
1251 3077 1606 3141 discrplinam.
1690 3081 1832 3129 Ante
1916 3079 2220 3129 editionem

591 3150 968 3200 Manutianam
1014 3148 1302 3241 legebatur
1336 3150 1681 3212 evangelicum
1724 3151 1886 3199 viam.
1920 3148 2031 3200 Sed
2078 3149 2298 3241 hancC

592 3222 885 3241 ‘...-l!-...‘_.
930 3221 981 3241 ἓν.
1024 3221 1116 3241 ει.-1
1150 3233 1176 3241 Α
1221 3233 1407 3241 nux-..“
1455 3225 1700 3241 ....L..._--_.
1757 3221 2003 3241 --ΔΖΑ--.,...
2047 3222 2220 3241 ..-λιι-3

592 3222 891 3272 lectionem
930 3221 985 3268 in
1023 3219 1179 3268 nullo
1219 3233 1412 3269 eorum
1455 3225 1705 3270 veterum
1753 3221 2009 3272 codicum
2047 3222 2223 3284 reperi

595 3293 799 3356 quibus
828 3305 965 3340 usus
989 3305 1132 3340 sum.
1165 3290 1235 3339 Et
1258 3295 1443 3340 tamen
1475 3305 1537 3341 ea
1566 3292 1776 3354 placuit
1803 3292 2066 3342 More'lio.

655 3365 753 3426 (79)
792 3364 958 3412 Istius
1002 3363 1269 3425 epistolae,
1319 3376 1446 3426 quae
1490 3364 1731 3426 primum
1773 3364 1974 3427 prodiit
2008 3366 2064 3414 in
2108 3364 2226 3414 edi-

597 3437 746 3485 tione
808 3433 1148 3494 Manutiana,
1193 3432 1365 3483 habui
1437 3432 1547 3482 duo
1626 3439 1812 3485 vetera
1869 3435 2225 3498 exemplaria,

594 3519 768 3556 unum
797 3519 827 3555 e
862 3503 1196 3554 bibliotheca
1228 3517 1370 3563 mea,
1408 3504 1560 3554 aliud
1591 3518 1659 3555 ex
1689 3507 1825 3556 urbe
1856 3504 2227 3569 Gratianopo-

595 3580 786 3627 litana.
825 3576 988 3637 Angli
1031 3575 1251 3625 nullum
1295 3575 1527 3624 laudant
1571 3580 1770 3640 praeter
1799 3577 2136 3638 Veronense,
2173 3576 2229 3626 id

595 3653 694 3709 est,
734 3651 797 3698 ut
837 3651 991 3709 puto,
1039 3645 1340 3696 editionem
1384 3646 1777 3707 Manutianam,
1827 3649 1910 3698 uti
1956 3647 2228 3710 Rigaltius

595 3718 929 3783 quandoque
953 3716 1145 3767 laudat
1165 3717 1415 3768 codicem
1443 3718 1819 3769 Veronensem
1849 3731 1949 3781 pro
1983 3719 2229 3769 editione

595 3789 935 3841 Manutiana.
963 3788 1152 3849 Recte,
1179 3792 1240 3837 ut
1269 3789 1464 3852 opinor
1491 3802 1504 3847 ;
1535 3802 1664 3838 nam
1701 3789 1837 3837 mihi
1874 3793 2092 3839 constat
2132 3803 2229 3840 eos

597 3864 693 3926 qui
720 3858 1020 3911 editionem
1059 3858 1210 3908 illam
1252 3859 1595 3909 adornarunt
1645 3873 1776 3909 usos
1814 3860 1986 3908 fuisse
2035 3860 2227 3911 codice

605 3931 922 3983 Veronensi.

658 4003 758 4065 (80)
783 4002 1050 4064 Cypriane
1081 4013 1253 4064 papa.
1302 3999 1492 4052 Codex
1526 4014 1684 4052 meus
1727 4004 1780 4051 et
1823 4000 1990 4051 editio
2032 4001 2228 4051 Manu-

598 4077 764 4132 tiana,
818 4074 1027 4136 Papati.
1074 4071 1166 4122 Sic
1206 4072 1370 4122 etiam
1423 4073 1644 4136 legebat
1690 4074 1919 4123 Latinus
1981 4073 2231 4123 Latinius

595 4148 651 4195 in
688 4145 844 4195 libris
879 4145 995 4194 suis
1041 4142 1336 4194 veteribus.
1375 4143 1516 4194 Vide
1564 4149 1691 4194 tom.
1745 4145 1819 4193 IV
1863 4143 2229 4195 Analectorum

595 4216 921 4276 Mabillonii,
974 4228 1099 4278 pag.
1156 4215 1262 4264 104.
1321 4214 1415 4265 Sic
1471 4214 1705 4265 Thomati
1759 4229 1858 4279 pro
1919 4215 2122 4265 Thema
2172 4215 2229 4264 in

597 4288 893 4339 collatione
945 4299 1077 4336 cum
1118 4284 1452 4346 Severianis,
1481 4289 1536 4335 et
1576 4287 1783 4337 Menali
1827 4300 1925 4350 pro
1967 4288 2131 4335 Menae
2172 4286 2228 4334 in

594 4357 829 4409 vetustis
857 4356 1145 4406 codicibus
1180 4370 1313 4405 mss.
1344 4356 1600 4407 Liberati.
1642 4357 1803 4420 Papae
1845 4370 2049 4417 nomen
2098 4356 2231 4405 olim

596 4441 895 4481 commune
924 4430 1042 4477 erat
1066 4427 1326 4478 omnibus
1356 4429 1651 4492 episcopis.
1704 4429 1895 4478 Postea
1932 4426 2080 4477 istud
2125 4427 2231 4476 dis-

596 4499 795 4564 plicuit
836 4499 1115 4549 Romanis.
1149 4498 1273 4561 Qua
1318 4499 1387 4548 de
1430 4513 1489 4549 re
1528 4498 1653 4549 vide
1683 4512 1809 4563 quae
1849 4498 1995 4549 dicta
2039 4499 2171 4549 olim
2198 4513 2227 4548 a

596 4570 758 4621 nobis
780 4575 911 4621 sunt
937 4570 1005 4621 ad
1031 4570 1187 4634 epist.
1232 4572 1289 4621 81
1340 4571 1479 4634 Lupi
1527 4570 1911 4631 Ferrariensis,
1955 4575 2012 4621 et
2051 4570 2230 4622 Ludo-

596 4644 785 4693 vicum
813 4642 1049 4692 Caelium
1077 4640 1471 4705 Rhodiginum,
1502 4643 1598 4691 lib.
1626 4655 1703 4704 Vl,
1736 4656 1856 4707 cap.
1888 4642 1967 4692 43.

663 4714 759 4776 (81)
804 4712 1017 4763 Dedisse
1066 4726 1265 4776 pacem.
1308 4712 1409 4761 Vel
1459 4712 1553 4763 hic
1586 4714 1745 4764 locus
1783 4713 2027 4764 ostendit
2075 4724 2232 4763 erro-

596 4799 714 4836 rem
752 4784 1004 4835 Goularti
1047 4785 1338 4836 scribentis
1370 4786 1629 4849 nuspiam
1674 4799 1857 4848 neque
1900 4784 2050 4848 apud
2097 4784 2230 4833 Ter-

598 4857 895 4909 tullianum
920 4870 1105 4919 neque
1132 4856 1277 4919 apud
1312 4855 1653 4920 Cyprianum
1688 4857 1919 4907 inveniri
1964 4859 2232 4918 martyres

598 4941 791 4991 pacem
836 4926 1054 4977 dedisse
1087 4928 1271 4990 lapsis.
1318 4928 1589 4979 Praeterea
1628 4943 1695 4979 ex
1738 4928 1972 4992 epistola
2000 4928 2231 4977 Luciani

600 5000 671 5049 ad
725 4999 1022 5049 Celerinum
1085 5004 1139 5049 et
1189 5012 1256 5048 ex
1309 5001 1540 5063 epistola
1608 5002 1765 5050 istius
1818 4999 1889 5049 ad
1940 4999 2233 5048 Lucianum

598 5070 776 5133 liquet
828 5070 1060 5119 Paulum
1114 5075 1169 5119 et
1214 5074 1445 5120 caeteros
1494 5072 1551 5119 in
1602 5084 1822 5121 carcere
1898 5072 2231 5121 constitutos

599 5139 820 5191 dedisse
860 5153 1054 5204 pacem
1102 5140 1287 5203 lapsis.
1326 5140 1398 5190 Et
1448 5144 1578 5190 nota
1616 5146 1698 5192 est
1750 5145 2050 5204 tempestas
2104 5154 2232 5204 quae

600 5216 717 5262 orta
741 5217 825 5262 est
859 5213 917 5261 in
955 5211 1193 5261 ecclesia
1233 5210 1491 5260 Africana
1536 5213 1667 5274 quia
1711 5211 2023 5275 Cyprianus
2067 5224 2233 5262 recu—

599 5283 757 5334 sabat
784 5285 863 5333 eis
897 5283 1027 5332 dare
1068 5295 1265 5345 pacem
1307 5282 1514 5345 quibus
1557 5296 1822 5334 concessa
1866 5288 1981 5333 erat
2023 5297 2055 5331 a
2091 5296 2233 5331 mar-

600 5355 835 5419 tyribus.
866 5354 1245 5405 Tertullianus
1267 5354 1325 5403 in
1364 5353 1506 5404 libro
1538 5354 1602 5403 de
1640 5354 1900 5405 Pudicitia
1928 5369 1946 5402 :
1977 5373 2003 5400 α
2034 5354 2232 5405 Pacem

598 5425 825 5490 quidam
867 5426 924 5474 in
959 5424 1209 5474 Ecclesia
1262 5437 1373 5475 non
1408 5424 1677 5475 habentes
1715 5439 1747 5475 a
1799 5424 2132 5488 martyribus
2175 5426 2233 5474 in

602 5508 824 5547 carcere
902 5507 1129 5545 exorare
1209 5499 1635 5546 consueverunt.
1689 5513 1716 5543 »
1794 5494 1934 5547 Vide
2007 5496 2233 5546 Henrici

600 5566 809 5616 Valesii
860 5568 1022 5617 Notas
1075 5565 1146 5616 ad
1212 5564 1403 5617 librum
1449 5579 1510 5617 v1
1562 5568 1808 5617 Historia:
1878 5566 2233 5618 ecclesiasticae

602 5636 829 5699 Eusebii,
868 5650 984 5701 cap.
1024 5638 1100 5687 42.

662 5708 759 5771 (82)
803 5709 1049 5773 Optamus
1087 5714 1147 5759 te.
1195 5710 1360 5774 Angli
1417 5714 1683 5773 putarunt
1759 5710 1926 5760 verba
1973 5709 2097 5759 haec
2138 5710 2233 5759 in—

498 5828 499 5831 η
598 5781 1045 5832 terminationem
1098 5783 1405 5843 continere,
1447 5782 1519 5831 ita
1562 5782 1825 5831 nimirum
1877 5784 1955 5843 ut,
2014 5781 2061 5830 si
2107 5780 2231 5831 haec

596 5852 784 5903 minus
810 5856 1091 5919 praestaret
1119 5852 1449 5920 Cyprianus,
1479 5857 1751 5921 martyres
1793 5866 1921 5903 cum
1970 5853 2089 5919 ipso
2118 5866 2229 5903 non

2249 4532 2307 4603 D

2323 2725 2821 2777 communicarent.
2868 2724 3051 2788 Quam
3086 2724 3526 2775 observationem
3568 2726 3631 2773 ut
3661 2727 3868 2772 certam
3899 2725 3960 2772 et

2323 2797 2553 2846 minime
2594 2796 2909 2860 ambiguam
2962 2799 3218 2860 repetunt
3254 2796 3312 2846 in
3354 2792 3837 2846 observationibus
3886 2792 3956 2843 ad

2322 2867 2482 2930 epist.
2528 2868 2607 2928 22,
2658 2880 2783 2931 quas
2831 2868 2960 2918 data
3021 2872 3105 2918 est
3150 2867 3222 2917 ad
3254 2866 3585 2931 presbyteros
3632 2869 3679 2915 et
3703 2864 3957 2915 diaconos

2322 2939 2491 2988 Rome
2514 2940 2859 2991 consistentes.
2901 2941 2972 2989 At
3013 2950 3114 3002 ego
3145 2952 3257 2989 non
3293 2938 3455 2989 video
3504 2949 3749 3001 quonam
3788 2935 3958 2986 modo

2322 3011 2823 3060 excommunicatio
2850 3011 3021 3072 possit
3047 3010 3135 3060 his
3159 3010 3343 3060 verbis
3390 3009 3639 3072 intelligi.
3675 3006 3957 3057 Videbant

2320 3082 2602 3131 Lucianus
2645 3084 2699 3131 et
2739 3084 2923 3132 caeteri
2965 3083 3064 3146 qui
3111 3095 3243 3133 cum
3290 3094 3355 3132 eo
3400 3086 3557 3131 erant
3609 3079 3961 3130 confessores

2324 3150 2664 3215 Cyprianum
2699 3166 2759 3202 se
2784 3152 3031 3215 praebere
3059 3152 3362 3203 admodum
3395 3151 3684 3202 difﬁcilem
3725 3151 3782 3199 in
3814 3149 3961 3199 reci-

2324 3223 2545 3286 piendis
2593 3223 2764 3287 lapsis
2844 3224 3051 3287 quibus
3125 3227 3394 3287 martyres
3460 3226 3518 3273 et
3591 3221 3963 3281 confessores,

2327 3307 2563 3357 quorum
2594 3294 2674 3343 illi
2703 3307 2963 3357 magnam
2994 3295 3049 3344 in
3080 3294 3186 3344 hoc
3212 3294 3512 3345 credebant
3545 3306 3666 3344 esse
3709 3291 3968 3341 auctori—

2326 3367 2516 3425 tatem,
2544 3378 2739 3429 pacem
2771 3364 3057 3427 dederant,
3103 3365 3311 3430 quibus
3351 3365 3634 3416 Lucianus
3673 3367 3730 3413 et
3769 3362 3969 3412 caeteri

2327 3435 2595 3486 dederant
2632 3450 2828 3500 pacem
2866 3437 2923 3486 in
2962 3438 3191 3487 nomine
3238 3441 3546 3498 martyrum
3593 3438 3647 3483 et
3670 3433 3968 3484 confesso—

2328 3520 2472 3567 rum,
2522 3511 2575 3557 et
2620 3520 2764 3570 εδει-θ
2814 3507 3068 3558 ferebant
3111 3507 3307 3557 duram
3360 3506 3515 3555 illam
3572 3504 3833 3554 antistitis
3874 3504 3972 3553 sui

2329 3577 2698 3641 disciplinam,
2745 3592 2912 3641 quam
2956 3580 3155 3642 praeter
3203 3590 3428 3641 aequum
3489 3580 3544 3626 et
3600 3576 3809 3626 bonum
3840 3587 3974 3626 esse

2327 3650 2618 3712 putabant.
2662 3650 2824 3700 Hanc
2866 3649 2942 3711 ob,
2971 3663 3219 3705 causam.
3264 3649 3394 3712 quia
3432 3648 3632 3698 seditio
3674 3649 3978 3710 propterea

2328 3725 2607 3771 commota
2669 3725 2786 3770 erat
2835 3721 2891 3769 in
2967 3720 3305 3784 quibusdam
3377 3719 3593 3782 Oppidis
3640 3717 3975 3780 provinciae,

2330 3795 2518 3854 optant
2549 3792 2599 3841 ei
2624 3791 2932 3841 scribentes
2964 3795 3023 3840 ut
3059 3803 3253 3854 pacem
3287 3789 3493 3840 habeat
3533 3802 3662 3840 cum
3710 3787 3980 3850 martyri-

2328 3860 2453 3921 bus,
2479 3863 2539 3909 ut
2559 3860 2910 3911 severitatem
2936 3860 3314 3911 misericordia
3342 3861 3575 3923 mitiget,
3616 3860 3698 3909 sic
3721 3871 3979 3908 concor—

2330 3930 2477 3980 diam
2504 3935 2557 3980 et
2586 3943 2779 3994 pacem
2811 3930 3171 3994 redintegrari
3199 3945 3364 3994 posse
3394 3932 3538 3981 inter
3570 3943 3699 3981 eum
3730 3933 3787 3978 et
3814 3940 3969 3976 mar-

2328 4005 2478 4064 tyres
2534 4014 2599 4051 ac
2650 4000 2874 4064 plebem
2935 4005 3287 4051 commotam.
3349 4005 3436 4052 An
3506 4001 3631 4052 ideo
3681 4000 3983 4049 minantur

2330 4071 2986 4132 excommunicationem,
3030 4073 3077 4121 si
3138 4085 3331 4122 eorum
3379 4072 3665 4123 desideriis
3713 4083 3825 4119 non
3874 4082 3981 4119 ac-

2330 4145 2627 4207 quiescat?
2653 4156 2763 4193 non
2791 4144 2867 4193 ita
2907 4156 3058 4194 sane.
3100 4144 3299 4195 Preces
3334 4149 3484 4205 sunt,
3534 4156 3645 4193 non
3682 4139 3985 4198 mandata,

2329 4227 2436 4263 nec
2487 4214 2673 4263 minae.
2724 4213 2897 4263 Aliud
2944 4218 3029 4264 est
3075 4219 3284 4277 optare,
3330 4215 3481 4264 aliud
3535 4213 3749 4277 jubere,
3811 4212 3986 4261 aliud

2330 4298 2550 4348 pmnam
2578 4286 2863 4334 intentare.
2892 4284 3066 4334 Nemo
3095 4286 3177 4336 sic
3222 4286 3359 4348 petit
3400 4288 3461 4335 ut
3488 4287 3748 4343 minetur,
3779 4283 3989 4346 inquit

2330 4358 2709 4420 Hieronymus
2734 4357 2792 4405 in
2828 4357 2944 4406 Vita
2971 4357 3133 4406 Pauli
3146 4356 3308 4420 primi
3324 4358 3564 4407 eremitie.
3598 4357 3738 4406 Item
3770 4355 3990 4404 Petrus

2330 4427 2677 4479 Venerabilis
2730 4426 2903 4477 abbas
2949 4426 3359 4491 Cluniacensis,
3413 4428 3506 4477 lib.
3560 4441 3595 4488 I,
3650 4427 3808 4490 epist.
3876 4425 3913 4473 8
3967 4438 3985 4472 :

3502 4514 3533 4545 ς
3558 4496 3826 4548 Precibus
3852 4508 3989 4545 non

2392 4642 2491 4705 (83)
2518 4643 2788 4692 Prwsente.
2819 4642 2956 4693 Haec
2979 4655 3086 4693 vox
3116 4642 3274 4694 deest
3318 4643 3374 4693 in
3405 4642 3543 4693 libro
3590 4654 3716 4691 meo
3754 4644 3990 4703 vetere,

2330 4712 2428 4763 ubi
2476 4714 2633 4763 locus
2675 4726 2887 4764 vacuus
2934 4714 3161 4765 relictus
3203 4717 3302 4763 est.
3342 4714 3414 4768 In.
3452 4712 3994 4776 Gratianopolitano

2332 4784 2599 4847 scriptum
2630 4788 2711 4835 est
2745 4786 3023 4835 Przterea.
3067 4784 3252 4835 Editio
3288 4785 3516 4835 Manutii
3551 4783 3718 4833 habet
3744 4782 3997 4846 pmby-

2332 4861 2426 4905 ter.
2471 4855 2587 4918 Ego
2634 4860 2769 4918 puto
2810 4855 3135 4919 ponendum
3173 4869 3294 4906 esse
3339 4859 3588 4918 praesente
3625 4855 3687 4904 de
3731 4853 3883 4903 clero
3936 4859 3997 4903 et

2331 4927 2595 4977 ea'orcista
2625 4933 2669 4974 et
2718 4926 2924 4985 lectore,
2958 4930 3021 4975 ut
3064 4926 3379 4991 signiﬁcare
3424 4926 3705 4977 voluerint
3742 4926 3997 4975 confes-

2331 5011 2482 5049 sores
2510 4997 2802 5062 epistolam
2827 4998 3090 5060 scriptam
3115 5011 3236 5047 esse
3274 4996 3644 5061 prtesentibus
3690 4997 3997 5047 exorcista

2332 5076 2388 5121 et
2416 5072 2637 5133 lectore,
2678 5074 2929 5134 praesente
2974 5083 3073 5132 pro
3116 5070 3474 5132 praesentibus,
3511 5073 3574 5119 ut
3621 5069 3769 5132 apud
3810 5068 4006 5120 Plau-

2333 5147 2450 5192 tum
2498 5142 2697 5205 legisse
2744 5156 2835 5192 me
2885 5141 3115 5192 memini
3164 5146 3415 5203 prasente
3464 5140 3629 5190 nobis.
3683 5139 4000 5191 Dicebant

2332 5218 2535 5273 autem,
2590 5217 2652 5263 ut
2696 5212 2857 5262 docet
2896 5212 3106 5261 Nonius
3142 5212 3448 5272 Marcellus,
3491 5211 3695 5262 absente
3735 5210 3904 5261 nobis
3938 5218 4001 5261 et

2323 5290 2579 5347 praesente
2625 5283 2775 5335 nobis
2829 5296 2927 5346 pro
2978 5282 3321 5346 praesentibus
3363 5288 3409 5332 et
3441 5281 3737 5333 absentibus
3787 5281 3997 5333 nobis.

2332 5355 2402 5404 Et
2428 5369 2557 5405 mox
2599 5354 2755 5405 aﬂ‘ert
2792 5355 2982 5405 locum
3026 5353 3205 5403 Plauti
3253 5366 3323 5403 ex
3362 5353 3765 5417 Amphitryone.
3826 5353 4002 5405 Vide

2333 5427 2499 5476 etiam
2528 5428 2587 5476 in
2617 5426 2786 5477 verbo
2822 5426 3081 5477 Praesenti:
3113 5429 3168 5476 et
3204 5424 3536 5476 Salmasium
3580 5424 3649 5474 ad
3684 5429 4005 5487 scriptores

2333 5498 2576 5547 Historia:
2601 5500 2857 5561 Augustae,
2886 5509 3008 5560 pag.
3038 5497 3118 5546 9t.

2395 5568 2494 5631 (84)
2523 5568 2802 5617 Lucianus.
2830 5569 2878 5617 A
2908 5579 3020 5631 quo
3046 5568 3308 5631 scriptam
3334 5579 3456 5618 esse
3480 5566 3629 5616 hanc
3668 5565 4003 5629 epistolam

2332 5636 2496 5689 docet
2524 5636 2836 5701 Cyprianus
2866 5639 3023 5701 epist.
3056 5638 3132 5687 ‘22.

2396 5708 2494 5770 (85)
2519 5708 2812 5770 Pamelius,
2846 5710 2901 5758 in
2932 5708 3383 5759 adnotationibus
3409 5707 3478 5758 ad
3503 5709 3661 5773 epist.
3693 5708 3772 5770 ﬁt,
3808 5714 4009 5761 notat

2335 5781 2499 5829 istam
2544 5792 2666 5830 esse
2730 5779 3001 5831 ﬁctitiam.
3043 5780 3166 5831 Non
3203 5792 3431 5842 possum
3473 5782 3660 5831 autem
3710 5780 4008 5834 divinare

2333 5850 2540 5919 quibus
2564 5850 2874 5907 rationibus
2903 5858 3187 5918 permotus
3209 5854 3287 5902 ita
3313 5852 3564 5905 senserit.
