4160 6216
289 259 366 310 277
1641 251 1961 308 EPISTOLA
2002 252 2181 306 XVIII.

3487 247 3589 300 278

285 393 473 450 gravem
510 377 751 447 lapsum,
780 393 916 430 vera
944 375 1280 448 poenitentia
1308 378 1364 431 et
1388 376 1710 430 humilitate
1737 380 1855 430 tota
1879 389 1935 462 Α
1958 393 2151 431 sorum
2198 375 2412 429 litteras
2449 390 2647 428 causas
2690 390 2820 428 suas
2864 372 3180 426 examinari
3226 368 3588 440 permittunt.

283 472 552 543 promereri
591 472 898 525 Dominum
943 471 1181 540 possint.
1223 471 1358 540 Legi
1398 473 1591 524 autem
1634 475 1689 524 et
1732 470 1849 523 uni-

282 581 524 620 versorum
556 565 941 618 confessorum
976 564 1212 632 litteras,
1244 580 1384 634 quas
1423 564 1726 618 voluerunt
1758 580 1860 634 per

279 675 349 713 me
375 659 587 728 collegis
625 658 886 712 omnibus
922 658 1274 712 innotescere
1319 664 1374 710 et
1417 658 1485 711 ad
1526 674 1623 711 eos
1664 673 1860 727 pacem

278 770 302 806 a
337 769 386 806 se
430 751 608 806 datam
661 751 954 822 pervenire
1004 751 1074 805 de
1120 750 1326 822 quibus
1373 751 1522 821 apud
1567 767 1671 805 nos
1713 752 1858 806 ratio

275 846 550 900 constiterit
579 845 716 915 quid
748 850 873 915 post
905 844 1274 899 commissum
1312 845 1555 914 egerint.
1595 845 1734 908 Quae
1773 861 1860 899 res

273 957 374 994 cum
431 939 684 992 omnium
735 946 991 993 nostrum
1045 938 1346 992 consilium
1404 942 1460 991 et
1515 938 1858 993 sententiam

273 1037 517 1103 exspectet
537 1033 583 1066 9⁵
616 1035 747 1103 (86),
777 1033 1149 1102 praejudicare
1188 1048 1293 1101 ego
1333 1036 1390 1086 et
1420 1032 1524 1086 soli
1561 1032 1704 1085 mihi
1736 1049 1858 1086 rem

272 1143 601 1180 communem
640 1127 924 1180 vindicare
967 1142 1079 1180 non
1121 1125 1327 1180 audeo.
1363 1128 1429 1180 Et
1464 1125 1590 1180 ideo
1621 1126 1861 1180 instetur

268 1221 460 1274 interim
486 1220 741 1291 epistolis
763 1236 901 1290 quas
928 1221 1000 1274 ad
1023 1235 1117 1273 vos
1146 1220 1404 1290 proxime
1432 1220 1701 1287 feceram,
1727 1237 1860 1290 qua—

271 1331 370 1368 rum
403 1314 724 1386 exemplum
763 1313 993 1384 collegis
1030 1329 1258 1385 quoque
1299 1313 1493 1367 multis
1531 1314 1655 1383 jam
1696 1314 1853 1383 misi;

269 1409 344 1478 qui
387 1407 847 1478 rescripserunti”
898 1408 1121 1478 placere
1173 1407 1279 1461 sibi
1332 1407 1486 1477 quod
1540 1407 1856 1475 statuimus,

271 1518 351 1555 nec
384 1502 448 1555 ab
490 1519 558 1556 eo
597 1501 984 1556 recedendum
1030 1517 1151 1556 esse
1192 1502 1390 1568 donec,
1432 1517 1572 1572 pace
1620 1501 1780 1556 nobis
1826 1519 1860 1555 a

269 1596 467 1650 Domino
497 1595 737 1660 reddita,
770 1596 828 1648 in
873 1611 1045 1649 unum
1085 1595 1388 1650 convenire
1415 1600 1468 1649 et
1499 1595 1857 1665 singulorum

267 1706 424 1743 causas
457 1689 778 1745 examinare
819 1690 1117 1759 possimus.
1155 1689 1256 1743 Sed
1292 1691 1347 1742 et
1380 1688 1518 1760 quid
1557 1688 1701 1742 mihi
1735 1690 1854 1744 Cal-

1960 470 2104 540 Opto
2151 485 2264 535 vos,
2309 467 2516 522 fratres
2558 466 2895 533 charissimi,
2941 481 3169 535 semper
3215 465 3359 518 bene
3408 463 3591 517 valere

1959 567 2015 618 et
2044 563 2222 617 nostri
2254 561 2597 617 meminisse.
2631 561 3063 614 Fraternitatem
3095 559 3414 612 universam
3448 558 3592 611 salu-

1961 661 2092 711 tate.
2129 657 2339 710 Valete.

2431 768 2749 823 EPISTOLA
2789 768 2947 822 XVIII
2976 767 3109 837 (90).

1960 900 2192 962 (Pamel.,
2222 910 2344 961 xm;
2375 898 2580 961 Rigalt,
2613 899 2801 958 Baluz.,
2832 896 3013 1026 l)’aris.,
3036 908 3191 958 xvru;
3217 897 3406 956 Oxon,
3433 895 3590 959 Lips.,

2695 980 2833 1018 xxiv.

2695 980 2833 1018 XXIV.

2344 1092 2597 1130 annos”
2638 1092 2703 1130 an
2745 1090 3047 1128 crrmancn
3078 1073 3211 1142 (91).

1961 1188 2358 1240 Aaouuenrru.
2385 1217 2451 1226 -—-
2477 1188 2608 1240 Cum
2638 1188 2910 1256 lapsorum
2940 1186 3184 1255 quidam,
3207 1200 3345 1240 nova
3370 1193 3593 1254 urgente

2031 1278 2412 1345 persecutione,
2449 1277 2718 1330 Christum
2748 1278 2980 1343 confessi
3008 1280 3178 1329 essent
3213 1280 3372 1345 atque
3399 1274 3592 1347 272

2031 1366 2164 1419 adeo
2194 1370 2488 1434 antequam
2524 1368 2583 1419 in
2618 1367 2867 1419 exsilium
2896 1366 3381 1434 proﬁciscerentur,
3406 1381 3595 1434 pacem

2024 1458 2292 1524 peterent,
2342 1457 2575 1508 consulit
2625 1455 2958 1524 Cyprianum
3012 1453 3305 1508 Caldonius
3362 1470 3430 1507 an
3475 1471 3594 1523 pcta:

2029 1545 2142 1598 illis
2183 1544 2370 1598 danda
2414 1547 2578 1609 foret.

2028 1683 2303 1754 Cypriano
2368 1687 2424 1735 et
2485 1681 2952 1752 compresbyteris
3015 1681 3346 1751 Carthagini
3399 1683 3589 1737 consi-

266 1784 436 1836 donius
472 1784 688 1854 collega
717 1800 879 1837 meus
915 1782 1200 1852 scripserit
1237 1782 1486 1853 quidque
1528 1797 1634 1851 ego
1672 1783 1726 1836 ei
1766 1799 1852 1836 re-
1879 1762 1934 1832 Β
1960 1777 2237 1832 stentibus
2299 1775 2606 1831 Caldonius
2667 1777 2933 1830 salutem.
2993 1775 3303 1830 Necessitas
3362 1782 3587 1846 tempo—

264 1877 553 1946 scripserim
579 1883 636 1931 ut
661 1877 894 1943 sciretis,
920 1876 1220 1947 utriusque
1252 1875 1504 1946 epistolae
1533 1877 1856 1946 exemplum

261 1970 427 2024 litteris
447 1969 631 2042 271
667 1971 804 2024 meis
823 1970 1004 2040 junxi.
1030 1969 1187 2034 Quod
1221 1972 1403 2024 totum
1425 1975 1558 2040 peto
1590 1969 1858 2022 fratribus

261 2065 434 2117 nostris
457 2065 680 2134 legatis,
705 2068 768 2117 ut
795 2063 977 2134 magis
999 2080 1064 2118 ac
1085 2063 1274 2133 magis
1297 2063 1367 2116 ad
1390 2063 1728 2134 patientiam
1752 2064 1856 2133 (87)

260 2164 664 2227 componantur,
680 2173 784 2211 nec
802 2156 1004 2211 delicto
1021 2156 1248 2227 proprio
1270 2157 1375 2226 (88)
1394 2155 1660 2226 adjiciant
1675 2156 1859 2210 adhuc

230 2250 383 2303 aliud
420 2251 714 2313 delictum,
745 2251 880 2304 dum
925 2266 1028 2304 nec
1071 2249 1228 2304 nobis
1265 2250 1371 2318 (89)
1414 2264 1518 2304 nec
1559 2250 1859 2320 Evangelio

255 2344 424 2398 volunt
448 2345 678 2414 servire,
713 2360 817 2400 nec
853 2343 1168 2399 secundum
1201 2344 1596 2399 universorum
1636 2344 1856 2398 confes-

1957 1887 2087 1926 rum
2127 1871 2233 1939 (92)
2277 1870 2407 1924 facit
2453 1875 2515 1924 ut
2558 1886 2674 1924 non
2722 1874 2936 1923 temere
2979 1885 3174 1939 pacem
3221 1869 3443 1923 demus.
3485 1871 3589 1924 Sed

1957 1965 2256 2036 oportebat
2295 1964 2453 2018 vobis
2495 1964 2762 2028 scribere,
2805 1963 3077 2033 quoniam
3123 1963 3160 2016 ii
3207 1963 3322 2033 qui,
3364 1967 3588 2034 postea-

1958 2075 2132 2129 quam
2185 2058 2663 2122 sacrilicaverunt,
2715 2057 2919 2110 iterato
2974 2056 3117 2110 tenti
3162 2058 3293 2128 (93),
3341 2060 3593 2112 extorres

1961 2158 2092 2205 sunt
2129 2151 2281 2205 facti.
2325 2150 2604 2204 Videntur
2641 2166 2778 2220 ergo
2821 2149 2962 2203 mihi
3008 2150 3251 2204 abluisse
3294 2150 3450 2221 prius
3491 2152 3588 2204 de-

1959 2245 2157 2299 lictum
2213 2245 2354 2299 dum
2407 2245 2778 2315 possessiones
2828 2246 2885 2297 et
2931 2243 3128 2298 domos
3173 2243 3485 2313 dimittunt,
3535 2249 3591 2298 et

1960 2342 2352 2416 paenitentiam
2413 2347 2646 2415 agentes
2711 2341 3001 2398 Christum
3055 2345 3390 2412 sequuntur.
3446 2344 3589 2413 Ergo

1621 2495 1830 2559 Variae
1873 2495 2210 2559 lectiones.

304 2634 337 2666 ⁵⁸
369 2633 588 2700 Spectet
612 2637 683 2685 Μ.
710 2637 766 2686 R.
793 2637 992 2686 Manut.
1020 2635 1290 2700 Expectat
1323 2637 1478 2685 Oxon.
1509 2636 1693 2686 Baluz.
1725 2637 1860 2700 Lips.
1929 2635 1970 2668 97
1999 2636 2446 2701 Perscripserunt
2473 2635 2671 2686 Manut.

1528 2757 1755 2838 Steph.
1803 2757 2052 2822 Baluzii
2094 2763 2288 2821 notae.

301 2924 326 2955 ς
353 2907 629 2964 Precibus,
662 2920 772 2956 non
801 2907 985 2967 minis,
1011 2906 1314 2969 obsequiis,
1341 2918 1453 2955 non
1483 2904 1858 2964 contumeliis,

251 2979 367 3026 solet
396 2979 545 3041 quod
574 2980 779 3040 petitur
808 2978 1108 3040 impetrari.
1133 2994 1159 3020 »
1187 2975 1333 3026 Sane
1360 2976 1671 3039 Cyprianus
1691 2975 1860 3025 vehe-

251 3053 439 3098 menter
475 3049 782 3098 admodum
827 3049 1187 3112 conqueritur
1234 3048 1301 3096 de
1336 3047 1566 3096 audacia
1612 3046 1859 3105 Luciani,

249 3133 340 3169 non
378 3125 566 3170 tamen
597 3125 819 3184 propter
851 3123 1032 3170 minas
1067 3120 1680 3178 excommunicationis,
1717 3131 1861 3182 qua-

251 3205 352 3239 rum
391 3205 460 3240 ne
510 3162 962 3255 veifbo‘quidem
1005 3191 1277 3250 meminit,
1310 3189 1406 3240 sed
1438 3190 1587 3252 quia,
1621 3162 1770 3252 quoad
1812 3162 1938 3237 eiC

251 3263 452 3312 minime
486 3263 860 3313 conveniebat
904 3275 1087 3326 neque
1130 3262 1349 3321 licebat,
1393 3273 1589 3323 pacem
1635 3259 1865 3309 dederat

251 3330 392 3392 lapsis
420 3336 475 3381 in
508 3333 741 3383 nomine
781 3338 1088 3396 martyrum
1129 3336 1182 3380 et
1227 3333 1609 3382 confessorum
1652 3331 1863 3394 absque

249 3401 341 3448 ulla
376 3404 781 3453 interventione
815 3403 1162 3452 auctoritatis
1196 3403 1470 3465 episcopi,
1528 3407 1583 3450 et
1631 3402 1761 3464 quia
1804 3414 1862 3450 se

251 3472 373 3534 vulgi
403 3475 646 3538 imperiti
669 3479 950 3523 auctorem
971 3474 1355 3532 constituerat,
1378 3474 1525 3536 quod
1546 3487 1612 3522 eo
1637 3484 1864 3520 suasore

247 3544 528 3596 seditiones
571 3547 777 3595 multas
803 3559 926 3596 esse
957 3546 1128 3596 factas
1164 3551 1218 3594 et
1248 3545 1516 3595 conﬂatas
1557 3543 1859 3594 constabat.

249 3612 363 3663 Haec
406 3623 490 3666 est
552 3617 816 3680 Cypriani
879 3617 1205 3681 conquestio
1267 3616 1336 3664 de
1395 3616 1656 3664 Luciano.
1721 3614 1861 3675 Quae

244 3690 474 3747 quamvis
520 3702 726 3753 magna
768 3693 822 3738 et
866 3691 1013 3750 justa
1052 3689 1207 3748 foret,
1240 3688 1290 3736 ei
1327 3691 1512 3736 tamen
1549 3685 1862 3749 Cyprianus

245 3769 338 3806 non
373 3762 618 3810 minatur
659 3758 1313 3810 excommunicatiouem.
1345 3757 1486 3807 Vide
1525 3770 1652 3820 quas
1683 3755 1861 3805 adno-

247 3831 405 3880 tamus
429 3833 498 3881 ad
536 3834 696 3896 epist.
725 3832 808 3882 30.

294 3903 384 3960 (86)
414 3904 743 3952 Sententia-1n
795 3905 1069 3966 exspectet.
1123 3901 1322 3951 Melius
1367 3900 1424 3950 in
1479 3899 1673 3950 codice
1719 3899 1860 3949 Car-

243 3976 437 4023 notensi
491 3979 700 4038 spectet.
764 3977 946 4038 Atque
1001 3975 1074 4022 ita
1127 3974 1440 4037 posuissem
1499 3973 1544 4020 si
1611 3971 1859 4021 codicem

245 4042 400 4104 illum,
426 4048 527 4109 qui
555 4059 682 4095 sero
722 4047 876 4095 venit
918 4046 974 4094 in
1015 4058 1212 4093 manus
1242 4057 1414 4104 meas,
1447 4042 1767 4092 habuissem
1793 4055 1860 4092 eo

244 4119 466 4177 tempore
495 4132 608 4180 quo
635 4117 868 4180 epistola
897 4117 999 4164 ista
1031 4115 1429 4166 excudebatur.

297 4187 384 4246 (87)
420 4189 764 4237 Patientium.
811 4187 974 4237 Hanc
1018 4188 1314 4237 lectionem
1360 4199 1471 4235 non
1516 4184 1701 4235 inveni
1752 4184 1859 4233 nisi

242 4256 287 4304 in
315 4258 533 4308 duobus
567 4259 725 4309 libris
754 4259 1056 4309 veteribus.
1105 4259 1216 4307 Alii
1248 4262 1303 4308 et
1334 4262 1548 4307 veteres
1590 4255 1860 4306 editiones

241 4331 524 4389 praeterunt
565 4332 944 4394 paenitentiam.
996 4329 1241 4392 Utraque
1293 4329 1461 4378 lectio
1509 4332 1690 4390 potest
1739 4341 1860 4375 esse

243 4397 385 4448 bona.
431 4403 630 4466 Itaque
678 4401 819 4450 nihil
867 4404 1080 4449 mutare
1132 4400 1298 4449 volui.
1333 4400 1471 4448 Nam
1513 4410 1760 4461 persaepe
1804 4398 1859 4445 in

238 4474 461 4536 antiquis
545 4471 836 4521 codicibus
906 4470 1299 4532 manuscriptis
1366 4469 1476 4517 vidi
1551 4468 1860 4531 patientiam

1961 2904 2188 2969 graphia
2244 2904 2490 2954 Manutii.
2550 2903 2609 2952 In
2665 2903 2820 2952 nullo
2873 2906 3061 2953 autem
3109 2915 3300 2952 eorum
3338 2906 3592 2952 veterum

1962 2976 2364 3039 exemplarium
2396 2974 2602 3038 quibus
2645 2979 2773 3023 utor
2811 2974 2962 3023 illam
3007 2975 3183 3036 reperi
3232 2974 3338 3021 nisi
3378 2974 3434 3021 in
3477 2988 3592 3023 uno

1962 3061 2116 3108 meo,
2167 3049 2221 3096 in
2269 3046 2782 3110 Gratianopolitano
2829 3050 2880 3095 et
2930 3047 2985 3094 in
3029 3059 3095 3095 eo
3131 3045 3276 3108 quod
3312 3045 3481 3094 habui
3526 3061 3593 3096 ex

1962 3119 2297 3168 monasterio
2350 3118 2610 3168 Remensi
2659 3117 2836 3167 sancti
2885 3117 3153 3179 Dionysii.
3204 3117 3366 3181 Angli
3417 3132 3592 3166 unum

1964 3191 2278 3240 habuerunt
2307 3204 2375 3239 ex
2420 3188 2756 3238 bibliotheca
2801 3188 3117 3237 Bodleiana.
3165 3188 3441 3238 Pamelius
3469 3191 3594 3239 nul-

1967 3262 2083 3310 lum
2114 3261 2374 3310 habuisse
2410 3259 2647 3318 videtur,
2678 3272 2860 3322 neque
2891 3259 3178 3320 Rigaltius.

2028 3333 2127 3394 (91)
2165 3331 2410 3380 Caldonii
2441 3331 2508 3379 ad
2559 3330 2904 3394 Cyprianum.
2951 3331 3112 3379 Hanc
3157 3331 3593 3395 inscriptionem,

1967 3415 2092 3465 quae
2120 3406 2268 3451 certa
2296 3405 2394 3462 est,
2422 3401 2612 3451 addidi
2646 3415 2711 3450 ex
2743 3401 2884 3450 libro
2909 3415 3052 3451 meo.

2031 3474 2124 3536 (9‘2)
2156 3475 2479 3534 Temporum.
2509 3473 2588 3521 Ita
2613 3473 2838 3523 codices
2861 3472 3151 3522 Remensis
3181 3477 3232 3522 et
3260 3473 3597 3524 Bodleianus

1967 3544 2170 3607 quibus
2200 3544 2555 3592 consentiunt
2585 3543 2856 3593 editiones
2898 3543 3127 3593 Manutii
3157 3547 3208 3592 et
3251 3543 3489 3606 Rigaltii.
3523 3549 3596 3593 At

1963 3615 2288 3667 Morelliana
2331 3620 2386 3664 et
2434 3614 2742 3677 Anglicaua
2785 3616 3084 3678 praeferunt
3137 3617 3398 3678 temporis.
3455 3616 3591 3678 Quae

1964 3688 2134 3737 lectio
2175 3686 2448 3748 reperitur
2485 3685 2652 3735 etiam
2699 3685 2754 3734 in
2791 3683 2930 3734 libro
2964 3697 3089 3734 meo
3120 3689 3173 3734 et
3213 3685 3270 3733 in
3304 3685 3594 3736 Gratiano-

1964 3759 2224 3822 politano.

2028 3830 2127 3891 (93)
2179 3831 2372 3878 Iterato
2424 3828 2573 3876 tenti.
2629 3826 2723 3878 Sic
2770 3827 3222 3889 emendavimus,
3281 3841 3594 3892 repugnan-

1965 3901 2109 3949 tibus
2152 3900 2282 3950 licet
2325 3899 2568 3961 antiquis
2594 3897 2886 3948 codicibus
2915 3903 2968 3947 et
3007 3897 3361 3948 editionibus.
3394 3900 3597 3949 Emen—

1964 3970 2110 4020 datio
2151 3975 2299 4020 certa
2347 3973 2444 4019 est.
2495 3969 2634 4018 Nam
2678 3973 2733 4018 et
2781 3968 3093 4029 Celerinus,
3133 3983 3256 4032 pag.
3297 3970 3376 4031 28,
3404 3969 3546 4021 dicet
3580 3987 3590 4018 :

1961 4059 1988 4087 «
2017 4042 2093 4090 Te
2137 4054 2235 4104 pro
2281 4040 2508 4089 nomine
2556 4040 2780 4089 Domini
2828 4041 3000 4089 nostri
3049 4043 3283 4100 tentum,
3315 4055 3344 4087 »
3391 4045 3444 4090 et
3485 4042 3594 4090 Lu-

1962 4114 2174 4172 cianus,
2216 4125 2336 4174 pag.
2377 4111 2438 4159 30
2488 4127 2497 4158 :
2549 4127 2577 4158 <‹
2618 4112 2816 4160 Iterato
2860 4112 3060 4162 reclusi
3115 4123 3325 4159 sumus.
3365 4129 3393 4155 »
3452 4110 3596 4160 Sunt

1961 4185 2127 4233 etiam
2171 4182 2276 4230 alia
2322 4183 2444 4230 loca
2487 4181 2575 4231 bis
2619 4183 2818 4231 similia
2859 4183 2914 4231 in
2951 4181 3430 4232 lucubrationibus
3475 4182 3594 4245 Cy-

1962 4255 2156 4318 priani.
2207 4253 2480 4316 Sulpitius
2515 4254 2767 4312 Severus,
2800 4255 2942 4302 Dial.
2976 4268 3010 4314 1,
3040 4267 3157 4317 cap.
3191 4254 3250 4303 14
3280 4268 3290 4300 :
3325 4270 3353 4297 «
3383 4254 3596 4303 Tentus

1959 4327 2015 4374 in
2066 4325 2381 4374 vinculis.»
2427 4324 2677 4382 Ruﬁnus,
2721 4324 2817 4374 lib.
2867 4339 2903 4377 v
2947 4327 3074 4375 Hist.
3125 4324 3264 4386 accl.,
3317 4339 3434 4388 cap.
3491 4327 3591 4375 16:

1960 4413 1989 4444 «
2021 4396 2159 4458 Quis
2184 4409 2376 4445 eorum
2407 4410 2504 4458 pro
2530 4397 2754 4446 nomine
2795 4396 3017 4445 Domini
3048 4400 3235 4445 tentus
3269 4410 3380 4444 non
3409 4401 3491 4446 est
3511 4398 3537 4444 ‘t
3564 4412 3594 4445 »

1961 4467 2134 4516 Gesta
2167 4467 2505 4529 pontiﬁcalia
2539 4467 2680 4516 edita
2719 4468 2788 4516 ab
2830 4468 3196 4517 Emmanuele
3228 4466 3589 4527 Schelstrato,

240 4527 454 4602 positam
517 4558 615 4608 pro
663 4544 966 4606 paenitentia
1022 4547 1076 4592 et
1143 4527 1511 4592 e_converso.
1551 4527 1937 4597 'PameliusD
1960 4552 2080 4602 pag.
2109 4527 2195 4587 43]
2235 4553 2244 4586 :
2279 4554 2307 4585 «
2336 4539 2545 4587 Tentus
2582 4552 2611 4586 a
2657 4537 3010 4586 Maximiano.
3044 4554 3072 4581 »
3109 4537 3591 4608 Hieronynms,_in

239 4615 465 4672 pmtulit
542 4615 796 4664 ultimam
876 4613 1190 4663 lectionem.
1262 4612 1339 4661 Ea
1415 4612 1624 4674 placuit
1691 4611 1856 4660 etiam

240 4682 546 4735 Reinharto.

294 4757 377 4816 [88)
444 4757 638 4806 Delicta
703 4755 941 4820 proprio.
1013 4753 1200 4805 Codex
1271 4753 1628 4805 Carnotensis
1687 4753 1856 4803 habet

239 4828 408 4886 priori.
442 4828 635 4878 Recte.
663 4827 733 4876 Et
758 4827 832 4876 ita
861 4825 1236 4889 reponendum
1259 4831 1364 4876 est.

293 4899 385 4956 (89)
451 4901 585 4947 Dum
639 4911 730 4946 nec
779 4896 946 4946 nobis.
1018 4896 1175 4946 Hanc
1235 4897 1530 4946 lectionem
1585 4896 1856 4958 improbat

241 4967 562 5027 Gronovius,
593 4983 709 5032 cap.
749 4970 806 5018 Η
836 4967 1283 5017 Observationum
1314 4981 1539 5016 suarum
1572 4969 1626 5015 in
1670 4966 1855 5030 Scrip—

236 5040 420 5090 toribus
483 5040 872 5097 ecclesiasticis,
915 5040 1068 5089 aiens
1118 5039 1272 5088 hunc
1321 5039 1520 5087 fastum
1565 5051 1855 5100 nunquam

237 5109 389 5160 fuisse
416 5112 722 5162 beatissimi
754 5110 1038 5174 Cypriani,
1075 5114 1132 5158 ut
1174 5109 1325 5159 nolle
1354 5109 1458 5158 sibi
1495 5123 1853 5173 quemquam,

238 5194 335 5230 non
371 5185 558 5232 solum
587 5183 726 5240 illos,
757 5183 963 5232 servire
999 5184 1341 5244 quereretur.
1372 5181 1488 5242 Ego
1531 5183 1666 5243 puto
1710 5181 1855 5229 hanc

237 5253 666 5304 observationem
732 5254 924 5303 falsam
991 5266 1112 5302 esse
1175 5255 1227 5301 et
1286 5252 1590 5301 Pamelium
1653 5253 1854 5300 frustra

239 5325 486 5386 vapulare
533 5339 564 5374 a
597 5325 875 5375 Gronovio
919 5324 974 5372 in
1006 5323 1247 5372 editione
1289 5322 1458 5386 hujus
1487 5323 1612 5371 loci.
1660 5323 1852 5371 Pame-

240 5392 335 5443 lius
373 5398 530 5446 enim
575 5410 681 5445 non
727 5395 830 5442 fuit
869 5395 1080 5457 primus
1127 5395 1222 5457 qui
1269 5395 1342 5442 ita
1390 5393 1688 5455 scripserit,
1727 5406 1854 5442 cum

241 5468 552 5526 proﬁteatur
593 5479 649 5515 se
692 5465 1025 5528 expressisse
1054 5465 1324 5515 editiones
1370 5465 1599 5514 Manutii
1645 5468 1700 5513 et
1741 5464 1852 5511 Mo-

245 5538 384 5585 rellii.
417 5539 546 5600 Ipse
573 5537 880 5599 Cyprianus
905 5536 980 5584 ait
1020 5536 1076 5584 in
1116 5537 1272 5599 epist.
1305 5536 1384 5596 38,
1413 5552 1440 5578 «
1466 5535 1580 5585 Nec
1609 5535 1714 5584 loci
1745 5534 1854 5582 mei

244 5605 432 5658 honore
483 5611 747 5656 motus.»
800 5606 943 5658 Sunt
989 5607 1154 5656 etiam
1205 5608 1311 5657 alia
1363 5608 1482 5656 loca
1536 5607 1591 5654 in
1650 5605 1855 5669 quibus

247 5682 624 5728 commemorat
674 5691 831 5726 suam
879 5677 1205 5739 dignitatem
1261 5681 1314 5727 et
1364 5677 1749 5726 auctoritatem
1793 5679 1855 5723 ut

249 5751 526 5812 episcopus
538 5787 548 5796 .

301 5823 391 5886 :30)
423 5823 611 5873 Prima
656 5821 822 5874 editio
870 5822 1025 5873 istius
1065 5821 1311 5886 epistolae
1354 5819 1554 5885 prodiit
1596 5832 1666 5870 ex
1695 5823 1851 5884 typo-

1959 4609 2194 4672 epistola
2244 4609 2312 4658 ad
2360 4609 2645 4657 Luciauum
2683 4610 3000 4658 Bueticum:
3051 4626 3079 4653 «
3115 4607 3452 4656 Adolescens
3500 4606 3593 4656 illo

1959 4681 2056 4744 qui
2095 4684 2317 4743 opertus
2360 4679 2592 4728 sindone
2636 4678 2971 4741 sequebatur
3005 4677 3216 4738 Jesum,
3245 4679 3375 4739 quia
3403 4680 3591 4726 tentus

1957 4753 2137 4802 fuerat
2167 4765 2196 4800 a
2227 4751 2512 4808 ministris,
2547 4754 2824 4798 terrenum
2869 4749 3140 4810 abjiciens
3184 4748 3590 4810 operimentum

1957 4825 2144 4873 nudus
2200 4824 2388 4872 evasit.
2436 4843 2462 4866 »
2527 4821 2830 4871 Rhabanus
2881 4822 2937 4869 in
2997 4820 3136 4869 libro
3188 4819 3251 4870 de
3301 4819 3592 4882 Computo,

1957 4910 2075 4958 cap.
2134 4897 2196 4944 6t
2248 4909 2258 4941 :
2330 4913 2356 4938 «
2404 4894 2703 4942 Dominum
2753 4892 2950 4941 eadem
3009 4905 3236 4954 vespera
3292 4894 3507 4940 tantum
3560 4906 3591 4941 a

1955 4967 2187 5015 Judaais.
2224 4982 2252 5012 »
2301 4965 2487 5014 Recte.
2522 4964 2659 5013 Nam
2703 4964 2758 5011 in
2801 4962 3106 5026 Evangelio
3147 4962 3389 5012 Matthmi
3421 4963 3593 5025 scrip-

1957 5041 2076 5085 tum
2113 5040 2195 5085 est.
2215 5036 2438 5084 Judaaos
2458 5047 2658 5083 manus
2680 5034 2938 5096 injecisse
2964 5035 3019 5082 in
3048 5034 3242 5083 Jesum
3269 5036 3322 5082 et
3347 5034 3591 5084 tenuisse

1957 5121 2103 5156 eum.
2150 5107 2293 5155 Hinc
2339 5107 2394 5154 in
2436 5106 2576 5154 actis
2627 5104 2806 5154 sancti
2851 5103 3042 5153 Savini
3081 5105 3329 5168 episcopi
3355 5108 3409 5153 et
3447 5119 3590 5155 mar-

1957 5179 2093 5241 tyris
2131 5177 2186 5226 in
2216 5176 2354 5226 libro
2393 5189 2428 5225 ιι
2473 5174 2931 5226 Miscellaneorum
2974 5179 3308 5236 nostrorum,
3347 5189 3468 5238 pag.
3510 5179 3589 5238 47,

1956 5249 2328 5299 Maximianus
2375 5248 2514 5309 Aug.
2549 5247 2622 5295 ait
2654 5262 2664 5294 :
2722 5246 3004 5307 «Tamen,
3044 5250 3228 5308 patres
3268 5248 3590 5310 conscripti,

1957 5319 2257 5369 concedam
2300 5317 2623 5367 facultatem
2669 5320 2732 5366 ut
2774 5316 3100 5380 ubicunque
3136 5316 3350 5365 inventi
3385 5318 3591 5366 fuerint

1956 5390 2271 5448 Christiani,
2319 5392 2607 5439 teneantur
2643 5402 2673 5437 a
2723 5389 3004 5450 praefecto.
3059 5405 3087 5432 »
3136 5386 3298 5450 Apud
3343 5389 3591 5437 Ammia-

1955 5475 2088 5510 num
2129 5461 2530 5520 Marcellinum,
2562 5459 2656 5508 lib.
2696 5471 2817 5519 XVI,
2855 5477 2879 5502 ‹‹
2915 5458 3024 5508 Sed
3058 5459 3230 5506 fastus
3267 5457 3590 5507 barbaricus

1955 5532 2157 5592 ridens,
2184 5532 2349 5581 tentis
2381 5532 2578 5593 legatis
2601 5529 2854 5593 adusque
2881 5529 3186 5591 perfectum
3217 5540 3356 5592 opus
3383 5533 3590 5578 castro-

1954 5618 2095 5652 rum.
2132 5618 2161 5650 »
2219 5602 2538 5652 Antoninus
2569 5599 3072 5652 Constantiniensis
3103 5601 3157 5648 in
3190 5599 3424 5664 epistola
3455 5612 3590 5648 con-

1954 5674 2209 5724 solatorie
2252 5673 2320 5723 ad
2367 5673 2668 5723 Arcadium
2706 5689 2715 5720 :
2762 5691 2789 5718 α
2819 5673 2965 5722 Ecce
3009 5685 3106 5736 pro
3142 5671 3368 5721 homine
3405 5671 3592 5718 tentus

1956 5759 2032 5794 es.
2076 5765 2101 5790 »
2145 5745 2284 5795 Vide
2329 5749 2453 5796 acta
2495 5745 2768 5809 passionis
2813 5744 2990 5795 sancti
3036 5742 3308 5807 Stephani
3349 5752 3505 5802 papae
3541 5741 3596 5788 et

1957 5817 2228 5882 martyris.
