4160 6216
28 58 61 71 ¹²
237 55 240 58 ’
313 55 442 88 ξων-ἶ.
471 71 480 82 σ
537 77 540 80 .

26 108 33 123 ι

20 902 25 923 i

18 980 23 1027 ἑ

28 3068 45 3123 κέ

28 3178 45 3199 _.

28 3252 35 3277 ε

24 3292 39 3335 ἒ
145 3293 148 3300 .

26 3338 43 3407 ἕ

30 3492 91 3605 (ρ.

32 3612 115 3661 li.“

18 3664 81 3709 χι.

28 3716 107 3739 ηρ

32 3804 79 3839 ῖη

24 3844 89 3897 (μ

32 3904 37 3927 ἔ
116 3926 119 3933 .

30 3940 93 4017 ir“

50 4012 91 4027 ‘l

26 4102 69 4143 εκ

22 4146 69 4209 t.

30 4324 91 4379 (si

30 4390 39 4423 ι

28 4444 91 4487 τμη,
149 4479 152 4482 .

32 4534 79 4579 ς’(
159 4547 164 4550 .

28 4600 93 4687 ξς

30 4692 49 4707 ιγ
80 4676 93 4701 ¹ι

32 4784 123 4831 1,,“
171 4807 176 4810 .

90 4876 97 4887 π

34 4888 121 4933 t',-‘

80 5048 87 5059 .

152 5669 186 5686 ,ί
219 5667 258 5699 lo.-
302 5661 370 5699 .‘al

1514 318 1567 372 S.
1610 317 1926 374 CYPRIANI
1969 316 2249 374 OPERUM
2290 319 2462 376 PARS
2504 320 2545 375 l.
2587 348 2655 360 —
2699 320 3056 378 EPISTOL/E.

609 440 782 510 Felix,
837 441 931 512 qui
988 441 1403 511 presbyterium
1459 441 1921 497 subministrabat
1972 443 2080 513 (9i)
2134 445 2236 498 sub

611 535 859 601 Decimo,
892 533 1191 604 proximus
1221 535 1362 589 mihi
1396 535 1628 590 vinculis
1667 535 1776 606 (95)
1821 537 2065 608 (plenius
2102 555 2235 609 cog-

613 629 743 682 novi
806 628 1070 682 eumdem
1137 629 1430 698 Felicem),
1487 630 1732 684 Victoria
1791 633 1972 701 (96)”
2034 633 2243 703 conjux

611 723 734 790 ejus
754 722 800 756 99
838 724 896 774 et
932 721 1130 776 Lucius
1169 722 1363 776 fideles
1404 727 1655 777 extorres
1696 724 1800 794 (97)
1834 725 1964 779 facti
2002 725 2242 796 relique-

612 821 746 869 runt
789 817 1190 886 possessiones,
1233 834 1369 887 quas
1415 833 1565 870 nunc
1609 818 1775 871 fiscus
1818 821 1995 873 tenet.
2031 820 2141 875 Sed
2189 828 2241 874 et

614 909 818 963 mulier
853 908 964 980 (98)
1000 911 1230 965 nomine
1263 913 1432 992 Bona’,
1473 928 1602 981 qua:
1635 917 1808 966 tracta
1845 918 1929 966 est
1968 930 1999 966 a
2042 913 2242 967 marito

614 1003 807 1076 2'73
848 1005 920 1058 ad
960 1005 1412 1072 sacrificandum,
1449 1021 1576 1074 quas
1616 1005 1958 1060 conscientia
1995 1006 2102 1076 (99)
2132 1024 2242 1060 non

614 1097 923 1166 commissi,
953 1098 1050 1152 sed
1081 1098 1212 1168 quia
1239 1100 1531 1152 tenentes1
1564 1115 1768 1152 manus
1793 1099 1914 1170 ejus
1944 1100 2050 1171 ipsi
2082 1102 2248 1154 sacri-

616 1191 928 1245 ficaverunt
967 1193 1035 1258 (1)
1078 1191 1282 1261 coepit2
1326 1192 1513 1246 dicere
1553 1196 1767 1256 contra,
1809 1194 1931 1247 Non
1976 1193 2104 1260 feci,
2148 1211 2245 1247 vos

615 1285 855 1352 fecistis;
901 1285 979 1339 sic
1025 1288 1080 1338 et
1125 1286 1248 1355 ipsa
1295 1286 1533 1339 extorris
1580 1286 1724 1340 facta
1765 1292 1866 1340 est.
1911 1289 2055 1342 Cum
2109 1304 2244 1357 ergo

615 1379 862 1432 universi
901 1396 1096 1450 pacem
1136 1384 1400 1450 peterent
1439 1380 1728 1434 dicentes:
1765 1381 2246 1452 Recuperavimus

616 1471 788 1526 fidem
829 1489 999 1544 quam
1043 1474 1430 1542 amiseramus,
1472 1474 1864 1544 paenitentiam
1906 1480 2158 1545 agentes,
2193 1479 2248 1528 et

618 1567 900 1620 Christum
955 1568 1176 1637 publice
1227 1585 1422 1622 sumus
1471 1567 1738 1636 confessi;
1793 1569 2049 1639 quamvis
2105 1569 2245 1622 mihi

615 1660 919 1714 videantur
967 1661 1176 1716 debere
1227 1645 1296 1732 (2)
1349 1678 1550 1732 pacem
1604 1662 1883 1732 accipere,
1933 1667 2123 1716 tamen
2178 1663 2248 1716 ad

619 1754 914 1808 consilium
941 1753 1018 1824 (3)
1049 1759 1299 1809 vestrum
1335 1771 1428 1809 eos
1466 1755 1673 1824 dimisi,
1705 1771 1775 1808 ne
1805 1755 2001 1808 videar
2037 1756 2247 1826 aliquid

3854 331 3947 389 280

2409 448 2476 498 iis
2528 461 2712 514 nempe
2759 447 2925 515 lapsis
2966 460 3156 515 pacem
3207 446 3512 514 negandum
3557 462 3662 503 non
3703 467 3820 519 esse,
3863 461 3950 525 qui

2412 550 2537 588 vera
2553 537 2872 604 pcenitentia
2899 539 2950 588 et
2981 535 3180 591 Christi
3203 537 3436 588 nominis
3472 539 3786 603 confessione
3812 543 3951 600 illum

2415 625 2725 689 meruerint,
2760 629 2924 692 atque
2953 625 3086 678 adeo
3118 626 3223 678 sibi
3259 625 3618 681 reddiderint.

2417 734 2732 804 Cyprianus
2785 734 3056 789 Caldonia
3111 735 3269 790 fratri
3321 737 3588 792 salutem.
3642 742 3956 812 Accepimus

2346 828 2560 881 litteras
2611 832 2762 895 tuas,
2819 829 2998 882 frater
3047 829 3410 898 charissime,
3465 832 3597 886 satis
3649 835 3853 891 sobrias
3906 844 3959 894 et

2344 921 2691 992 integritatis
2729 938 2792 975 ac
2831 921 2963 975 ﬁdei
2995 923 3213 993 plenas.
3242 924 3352 978 Nec
3389 925 3669 980 miramur
3703 929 3765 995 si,
3802 948 3954 987 exer-

2351 1015 2552 1068 citatus
2601 1019 2657 1068 et
2705 1015 2762 1068 in
2814 1015 3122 1086 Scripturis
3172 1017 3482 1072 Dominicis
3533 1019 3764 1089 peritus,
3809 1031 3956 1081 caute

2351 1108 2542 1162 omnia
2570 1115 2625 1163 et
2653 1109 2910 1163 consulte
2940 1126 3120 1181 geras.
3155 1112 3323 1165 Recte
3352 1115 3545 1166 autem
3581 1114 3797 1169 sensisti
3826 1118 3960 1174 circa

2348 1202 2784 1271 impertiendam
2836 1203 2909 1272 (6)
2957 1202 3231 1257 fratribus
3284 1204 3488 1258 nostris
3538 1221 3753 1275 pacem,
3799 1225 3961 1280 quam

2348 1296 2454 1348 sibi
2492 1295 2602 1366 ipsi
2631 1313 2765 1350 vera
2803 1296 3135 1367 poenitentia
3174 1302 3230 1351 et
3270 1298 3578 1354 Dominicaa
3611 1302 3966 1359 confessionis

2352 1389 2528 1459 gloria
2592 1389 2999 1457 reddiderunt,
3055 1391 3413 1446 sermonibus
3481 1394 3596 1446 suis
3655 1395 3962 1464 justiﬁcati,

2349 1483 2553 1552 quibus
2590 1499 2648 1536 se
2687 1488 2820 1537 ante
2863 1484 3283 1538 damnaverant.
3313 1486 3456 1539 Cum
3497 1489 3671 1558 ergo3
3699 1488 3967 1545 ablucrint

2349 1593 2516 1632 omne
2546 1576 2838 1643 delictum,
2867 1583 2924 1632 et
2948 1578 3224 1632 maculam
3256 1578 3555 1649 pristinam
3588 1581 3662 1651 (7)
3685 1581 3965 1638 assistente

2351 1670 2456 1723 sibi
2499 1670 2739 1726 Domino
2782 1672 3002 1742 potiore
3047 1670 3238 1744 274
3283 1671 3488 1728 virtute
3531 1674 3609 1744 (8)
3651 1674 3969 1742 deleverint,

2345 1766 2535 1833 jacere
2565 1766 2711 1818 ultra
2738 1764 2839 1818 sub
2875 1764 3102 1819 diabolo
3131 1765 3290 1835 quasi
3322 1766 3592 1836 prostrati
3624 1783 3740 1821 non
3768 1768 3971 1823 debent

622 1852 835 1902 temere
866 1864 1233 1919 praesumere.
1264 1849 1318 1904 Si
1345 1849 1480 1919 quid
1503 1865 1638 1919 ergo
1666 1865 1733 1902 ex
1759 1849 2049 1902 communi
2077 1849 2252 1903 consi-
2273 1837 2327 1905 Β
2353 1857 2448 1927 qui
2491 1862 2745 1911 extorres
2789 1857 2922 1911 facti
2968 1864 3024 1912 et
3068 1857 3236 1912 bonis
3275 1859 3387 1913 suis
3431 1859 3700 1913 omnibus
3746 1861 3974 1932 spoliati,

625 1941 699 1994 lio
726 1942 1021 2009 placuerit,
1051 1941 1276 1996 scribite
1303 1942 1466 1996 mihi.
1498 1942 1746 1996 Salutate
1773 1947 1992 1996 nostros
2019 1941 2115 2010 (4).
2150 1943 2253 1996 Vos

626 2033 826 2088 nostri.
879 2034 1024 2105 Opto
1074 2051 1172 2089 vos
1224 2035 1322 2106 (ὅ),
1371 2036 1578 2090 fratres
1634 2035 1974 2102 charissimi,
2023 2051 2257 2106 semper

626 2126 771 2181 bene
800 2128 1004 2182 valere.

1198 2201 1520 2256 EPISTOLA
1564 2201 1686 2255 XIX.

624 2311 863 2373 (Erasm.,
887 2322 963 2374 lu,
989 2314 1083 2375 (ξος
1113 2314 1328 2374 Pamel.,
1353 2325 1452 2374 xx;
1477 2313 1680 2377 Rigalt,
1713 2314 1902 2374 Baluz.,
1932 2312 2113 2374 Paris.,
2140 2324 2256 2376 nx;

1169 2383 1357 2445 Oxon.,
1384 2384 1503 2447 Lips
1530 2420 1544 2445 ,
1573 2385 1715 2445 xxv.)

1127 2503 1427 2542 RESPONDET
1477 2504 1764 2543 CALDONIO.

631 2611 1030 2662 Aaeuusnruu.
1083 2638 1148 2646 —
1201 2608 1354 2666 Nihil
1397 2609 1667 2677 peculia-re
1717 2610 1832 2677 agit
1881 2610 1982 2664 hac
2032 2611 2258 2679 epistola

706 2697 1028 2766 Cyprianus,
1059 2712 1223 2765 quam
1249 2696 1394 2765 quod
1431 2695 1681 2752 Caldonii
1716 2701 1996 2753 sententia
2033 2700 2255 2761 accedit.

2354 1954 2659 2004 erexerunt
2683 1967 2741 2004 se
2771 1954 2827 2005 et
2852 1967 2984 2005 cum
3013 1951 3232 2006 Christo
3266 1956 3416 2006 stare
3455 1957 3775 2023 coeperunt.
3806 1957 3977 2026 Atque

2354 2044 2574 2098 utinam
2624 2045 2701 2098 sic
2753 2047 2812 2099 et
2859 2045 3047 2099 caeteri
3097 2051 3223 2116 post
3269 2045 3495 2117 lapsum
3545 2047 3884 2117 pmnitentes
3928 2049 3983 2102 in

2357 2142 2565 2196 statum
2594 2137 2900 2208 pristinum
2930 2138 3348 2193 reformentur!
3375 2155 3514 2210 quos
3542 2156 3699 2194 nunc
3725 2145 3983 2212 urgentes

2357 2233 2415 2284 et
2465 2247 2660 2301 pacem
2717 2234 2936 2286 temere
2989 2235 3157 2303 atque
3208 2233 3538 2303 importune
3589 2238 3986 2305 extorquentes

2355 2324 2642 2395 quomodo
2687 2325 3131 2395 disposuerimus
3182 2333 3243 2380 ut
3283 2327 3475 2393 scires,
3519 2327 3734 2382 librum
3780 2329 3857 2399 (9)
3899 2329 3989 2382 tibi

2358 2435 2485 2472 cum
2515 2418 2765 2489 epistolis
2792 2434 3034 2473 numero
3056 2419 3312 2490 quinque
3341 2421 3487 2487 misi,
3512 2437 3659 2492 quas
3684 2421 3755 2475 ad
3785 2423 3990 2476 clerum

2360 2518 2416 2566 et
2443 2512 2512 2566 ad
2539 2513 2768 2582 plebem
2795 2518 2852 2566 et
2883 2513 2951 2567 ad
2985 2518 3267 2584 martyres
3299 2530 3528 2584 quoque
3562 2521 3621 2568 et
3653 2517 3992 2569 confessores

2357 2605 2510 2674 feci;
2561 2622 2690 2676 qua:
2733 2606 2984 2676 epistolae
3021 2607 3145 2676 jam
3190 2607 3455 2676 plurimis
3501 2609 3746 2678 collegis
3796 2609 3997 2663 nostris

2358 2700 2543 2753 missa:
2588 2699 2945 2768 placuerunt,
2988 2704 3043 2753 et
3085 2700 3494 2770 rescripserunt
3533 2717 3597 2755 se
3640 2717 3868 2773 quoque
3909 2719 4000 2754 no-

2028 2815 2237 2879 Variae
2283 2815 2619 2880 lectiones.

696 2925 738 2958 τε
763 2926 1052 2975 Proximus
1081 2922 1217 2971 mihi
1247 2924 1447 2974 vinclis
1481 2925 1602 2973 Bod.
1653 2928 1691 2974 ι.
1762 2925 1804 2954 99
1839 2924 2058 2989 Conjux
2107 2927 2228 2988 ejus
2272 2926 2429 2975 Oxon.
2480 2926 2616 2988 Lips.
2691 2928 2705 2956 ¹
2740 2923 2852 2976 Sed
2906 2928 3160 2975 tenentes
3193 2926 3319 2975 Bod.
3371 2928 3416 2975 1.
3485 2929 3504 2958 ²
3536 2926 3637 2979 Sic
3684 2927 3806 2991 ipsa
3851 2928 4008 2992 capit

1933 3058 2155 3138 Steph.
2192 3058 2435 3122 Baluzii
2475 3063 2668 3122 notae.

699 3179 795 3239 (94)
850 3175 1232 3265 Presbyterium
1296 3175 1756 3265 subministrabat.
1833 3176 2101 3258 Quamvis
2170 3177 2340 3265 aliiC
2368 3176 2479 3228 Sed
2507 3177 2624 3265 Ailla
2673 3180 2790 3265 erat
2827 3177 3140 3265 Bernensis;
3189 3178 3399 3265 élter'al
3433 3191 3584 3265 verat
3626 3180 3817 3240 Bona,
3863 3180 4016 3265 cuj'u-s

637 2997 760 3046 Bod.
791 2998 834 3047 1.
906 3001 922 3030 ³
949 2994 1090 3046 Cum
1120 3008 1251 3058 ergo
1278 3008 1367 3045 me
1392 2995 1518 3044 Bod.
1545 2997 1588 3044 1.

638 3251 796 3299 aliter
842 3248 1100 3306 sentiant,
1141 3261 1242 3309 ego
1287 3251 1421 3309 puto
1464 3246 1751 3296 meliorem
1795 3261 1916 3297 esse
1949 3248 2265 3310 opinionem

642 3319 866 3368 Pamelii
920 3319 1197 3367 censentis
1243 3319 1357 3367 illic
1399 3319 1632 3381 intelligi
1673 3318 1824 3368 hunc
1854 3319 2094 3368 Felicem
2126 3321 2275 3368 vices

644 3389 960 3440 exercuisse
990 3389 1208 3437 Decimi
1245 3389 1301 3436 in
1333 3389 1570 3438 ecclesia
1609 3391 1767 3450 cujus
1805 3402 1937 3438 cura
1981 3392 2274 3438 commissa

641 3464 757 3512 erat
783 3461 1035 3521 Decimo,
1071 3461 1188 3523 qui,
1220 3464 1317 3509 aut
1346 3461 1578 3510 extorris
1605 3464 1698 3509 aut
1738 3464 1923 3508 tentus
1948 3460 2004 3508 in
2032 3473 2273 3521 carcere,

645 3547 755 3583 non
784 3535 1000 3596 poterat
1029 3530 1258 3592 exsequi
1290 3531 1659 3580 ministerium
1690 3544 1871 3579 suum.

709 3606 806 3666 (95)
837 3603 1119 3652 Proximus
1144 3601 1271 3650 mihi
1295 3602 1540 3651 vinculis.
1570 3602 1731 3651 Hanc
1753 3602 2068 3663 lectionem,
2109 3615 2276 3666 quam

648 3677 866 3740 praefert
903 3673 1073 3722 editio
1104 3673 1357 3735 Morellii,
1385 3687 1552 3736 quam
1588 3673 1888 3736 praeferunt
1931 3675 2098 3724 etiam
2135 3674 2276 3722 anti-

648 3749 744 3811 qui
789 3744 1032 3804 codices,
1077 3745 1325 3794 revocari
1373 3744 1575 3794 debere
1617 3745 1796 3794 visum
1846 3749 1944 3794 est.
1995 3745 2096 3794 Est
2129 3746 2277 3794 enim

646 3819 873 3882 optima.
903 3815 1045 3877 Alia,
1074 3828 1200 3879 quas
1227 3815 1396 3866 habet
1414 3816 1618 3865 vicinus
1649 3830 1745 3879 pro
1773 3816 2010 3876 vinculis,
2041 3829 2152 3865 non
2179 3828 2276 3879 po—

644 3894 747 3940 test
770 3901 892 3938 esse
919 3887 1083 3936 bona.

710 3960 809 4021 (96)
867 3958 1015 4008 Felix
1072 3960 1122 4006 ei
1191 3957 1444 4007 Victoria.
1501 3958 1677 4007 Vetus
1736 3957 2132 4008 Kalendarium
2189 3972 2279 4009 ec-

646 4033 833 4083 clesiae
887 4029 1336 4092 Carthaginensis
1383 4028 1594 4079 editum
1643 4044 1674 4077 a
1723 4028 2041 4078 Mabillonio
2088 4044 2098 4076 :
2156 4051 2183 4076 «
2230 4031 2276 4077 V

645 4104 777 4153 Idus
839 4101 999 4152 Febr.
1069 4103 1388 4150 sanctorum
1453 4099 1686 4162 Felicis,
1753 4100 1992 4151 Victoris
2067 4105 2121 4151 et
2184 4101 2278 4150 Ja-

637 4187 839 4226 nuarn.
869 4192 896 4219 »

713 4247 808 4308 (97)
845 4246 1112 4293 Extorres.
1161 4237 1350 4293 Codex
1394 4243 1768 4306 Dionysianus
1805 4247 1860 4293 et
1887 4257 2046 4293 meus
2075 4243 2280 4294 habent

648 4321 992 4367 extorrentcs.
1047 4315 1108 4362 In
1154 4313 1350 4363 eodem
1415 4314 1608 4364 codice
1674 4327 1799 4363 meo
1863 4316 2134 4377 scriptum
2199 4320 2282 4365 est

650 4391 976 4437 emtor-rentes
1013 4387 1072 4434 in
1111 4385 1342 4448 epistola
1383 4385 1464 4444 ΞΟ,
1507 4400 1627 4448 pag.
1658 4386 1738 4446 29,
1765 4389 1818 4436 et
1860 4386 1922 4435 de
1963 4387 2281 4435 extorrenti-

647 4458 740 4507 bus
785 4458 842 4506 in
891 4456 1122 4520 epistola
1161 4457 1242 4517 39,
1271 4469 1395 4520 pag.
1438 4457 1518 4505 52.
1571 4458 1695 4518 Quo
1724 4457 1886 4506 etiam
1931 4456 2098 4506 modo
2133 4458 2280 4519 posi-

655 4535 773 4578 tum
823 4533 907 4578 est
953 4529 1009 4576 in
1054 4527 1297 4577 editione
1332 4528 1667 4578 Manutiana.
1713 4527 1791 4577 Ita
1825 4529 1991 4576 etiam
2021 4526 2282 4577 habuisse

2374 3249 2711 3299 mentionem
2733 3248 3075 3299 facitPetrus
3096 3248 3166 3298 de
3188 3248 3494 3310 Natalibus,
3515 3249 3619 3300 lib.
3657 3263 3782 3312 VIII,
3803 3264 3922 3313 cap.
3944 3251 4019 3309 71,

2374 3324 2491 3369 erat
2517 3320 2861 3382 Egyptiaca,
2889 3333 3015 3382 quin
3046 3318 3156 3368 alio
3197 3320 3423 3370 nomine
3451 3321 3608 3384 apud
3640 3335 3780 3372 suos
3827 3322 4020 3385 Egyp-

2375 3390 2479 3440 tios
2505 3389 2884 3440 Cordimunda
2915 3389 3238 3440 vocabatur.

2439 3462 2533 3522 (99)
2593 3462 2715 3521 Quae
2775 3461 3108 3511 conscientia.
3168 3461 3352 3512 Editio
3415 3463 3664 3514 Manutii
3737 3469 3794 3514 et
3859 3463 4024 3514 codex

2375 3532 2684 3582 Remensis.
2736 3545 2853 3595 qua
2907 3532 3282 3582 conscientiam
3335 3546 3443 3583 non
3487 3534 3784 3585 commisit.
3838 3534 4026 3584 Morel—

2375 3603 2502 3663 lius,
2530 3617 2644 3666 qua:
2685 3605 2846 3652 etiam
2894 3603 3207 3653 conscientia
3251 3617 3353 3654 non
3398 3605 3693 3655 commissi.
3743 3605 3841 3656 Sic
3870 3607 4028 3656 etiam

2375 3675 2432 3723 in
2477 3688 2602 3724 meo
2642 3677 2845 3724 vetere.
2890 3674 3181 3737 Rigaltius,
3214 3687 3330 3737 qua:
3369 3676 3711 3725 conscientia
3758 3689 3871 3726 non
3902 3689 4030 3726 com-

2375 3745 2537 3795 missi.
2566 3745 2758 3795 Codex
2791 3745 3355 3808 Gratianopolitanus,
3397 3758 3520 3809 quae
3552 3748 3892 3798 conscientia
3930 3759 4031 3797 non

2377 3816 2646 3866 commisit.

2442 3888 2504 3947 (1)
2531 3886 2992 3949 Sacriﬁcaverunt.
3038 3887 3117 3935 Ita
3143 3886 3311 3936 editio
3342 3887 3591 3938 Morellii
3626 3894 3688 3940 et
3722 3890 3901 3940 codex
3928 3889 4030 3939 Re-

2379 3959 2604 4008 mensis.
2655 3957 2748 4008 Sic
2776 3959 2941 4006 etiam
2981 3957 3183 4020 legitur
3208 3958 3265 4007 in
3299 3971 3423 4008 meo
3453 3963 3509 4008 et
3555 3961 3619 4008 in
3665 3961 4032 4024 Gratianopo-

2379 4029 2567 4079 litano.
2591 4029 2727 4078 Alite
2751 4029 3024 4078 editiones
3055 4028 3263 4078 habent
3295 4029 3718 4091 sacrificabant.
3751 4033 3823 4082 Et
3852 4034 4032 4095 postea

2379 4099 2602 4149 additur
2627 4100 2683 4148 in
2707 4099 2902 4149 iisdem
2932 4099 3222 4150 codicibus
3246 4105 3302 4151 et
3326 4101 3383 4149 in
3405 4099 3669 4154 editione
3693 4103 4033 4163 Morelliana,

2377 4171 2452 4220 sic
2478 4172 2587 4234 ipse
2611 4171 2762 4233 cmpit
2794 4170 2979 4219 dicere.

2446 4241 2508 4303 (2)
2551 4241 2841 4290 Videantur
2873 4239 3074 4289 debere.
3119 4241 3182 4290 In
3229 4241 3420 4291 codice
3473 4241 3778 4308 Remensi,
3816 4246 3874 4294 in
3913 4244 4037 4295 Gra-

2382 4312 2778 4375 tianopolitano
2817 4315 2870 4361 et
2907 4312 2964 4360 in
2999 4323 3125 4360 meo
3153 4311 3355 4374 legitur
3379 4313 3698 4365 videantur
3729 4332 3794 4366 ac
3827 4315 4039 4366 debeant

2380 4386 2632 4446 accipere.
2668 4381 2762 4432 Sic
2786 4383 2952 4431 etiam
2977 4381 3146 4432 editio
3179 4381 3524 4434 Morelliana.

2447 4454 2510 4515 (3)
2543 4452 2852 4503 Consilium.
2883 4454 3060 4505 Antea
3086 4455 3357 4516 scriptum
3401 4459 3524 4504 erat
3555 4457 3890 4507 consultum.
3937 4454 4039 4506 Sed

2385 4525 2552 4587 hujus
2580 4525 2733 4574 vocis
2764 4525 2871 4574 alia
2900 4529 2984 4573 est
3007 4525 3358 4587 signiﬁcatio,
3386 4525 3672 4578 videlicet
3699 4529 3773 4579 de
3812 4541 3874 4578 re
3916 4528 4043 4578 deli-

658 4561 773 4578 ..u...
823 4561 907 4578 νυ.
1054 4561 1297 4577 suum“.
1332 4561 1667 4578 ιμμυυηυιω.
1714 4561 1791 4577 ης.
1826 4561 1991 4576 sua...
2021 4561 2281 4577 μυυμηωυ
2386 4561 2458 4574 ω.
2489 4561 2552 4574 ...ι
2590 4561 2733 4574 ,νων
2764 4561 2871 4574 ...η
2901 4561 2984 4573 νυ.
3007 4561 3053 4574 ...
3095 4561 3358 4586 -....,.....,,
3397 4561 3663 4578 ...ωμυω

655 4599 907 4650 codicem
957 4598 1334 4648 Veronensem
1391 4597 1524 4647 hinc
1573 4597 1773 4660 colligo
1816 4597 1966 4661 quod
2012 4599 2070 4647 in
2120 4561 2362 4647 variisD
2388 4561 2592 4646 bei'ata.
2624 4595 2996 4646 Emendatum
3026 4561 3111 4646 agt
3133 4609 3202 4645 ex
3227 4599 3663 4661 manuscriptis.

653 4670 988 4722 lectionibus
1046 4684 1115 4719 ex
1167 4670 1361 4719 codice
1417 4668 1512 4718 illo
1556 4668 1871 4731 descriptis,
1923 4670 1978 4717 in
2036 4670 2281 4732 margine

655 4742 989 4806 exemplaris
1054 4741 1163 4791 mei
1227 4740 1485 4790 editionis
1534 4740 1869 4790 Manutianae
1926 4740 2078 4790 nulla
2132 4741 2282 4790 varia

653 4815 820 4864 lectio
851 4813 1100 4877 apposita
1131 4817 1212 4862 est
1238 4811 1307 4861 ad
1333 4811 1479 4862 hanc
1502 4811 1809 4874 epistolam.
1840 4811 2086 4860 Extorris
2118 4824 2282 4874 porro

659 4890 745 4936 est
791 4886 887 4948 qui
946 4888 1100 4934 extra
1168 4883 1407 4946 patrium
1457 4883 1640 4932 solum
1689 4885 1742 4931 et
1797 4886 1996 4932 terram
2053 4884 2282 4946 patriam

657 4961 868 5021 ejectus
909 4960 1005 5006 est.
1045 4954 1358 5018 Cyprianus
1401 4956 1458 5004 in
1488 4955 1631 5005 libro
1659 4954 1720 5003 de
1753 4955 1957 5017 Lapsis,
1984 4968 2105 5017 pag.
2148 4955 2239 5003 184
2271 4969 2280 5001 :

658 5049 685 5074 «
729 5027 1118 5092 Relinquenda
1161 5030 1278 5076 erat
1331 5027 1505 5089 patria
1554 5031 1608 5076 et
1661 5026 1977 5088 patrimonii
2035 5025 2286 5076 facienda

653 5103 884 5164 jactura.
913 5115 941 5146 »
985 5098 1125 5147 Vide
1164 5097 1463 5147 Baronium
1510 5097 1579 5145 ad
1626 5110 1834 5145 annum
1877 5097 1956 5156 “.25,
1984 5101 2039 5146 et
2077 5098 2133 5145 in
2176 5096 2286 5145 Ad-

657 5169 1036 5221 notationibus
1079 5169 1150 5218 ad
1198 5169 1649 5231 Martyrologium
1703 5168 2012 5218 Romanum
2064 5168 2153 5216 die
2206 5180 2286 5216 se-

659 5245 844 5294 cunda
895 5241 1163 5292 Januarii.
1216 5239 1354 5289 Vide
1411 5241 1577 5289 etiam
1642 5238 1984 5288 Glossarium
2032 5239 2285 5288 Latinum

660 5316 874 5367 Cangii.

724 5331 968 5446 igg)ll.8ed
1011 5386 1059 5431 et
1103 5380 1308 5430 ntulier.
1360 5381 1543 5430 Editio
1592 5380 1910 5430 Morelliana
1948 5396 1958 5427 :
2006 5397 2035 5428 «
2078 5380 2186 5431 Sed
2237 5385 2291 5431 et

660 5469 760 5505 seu
793 5469 892 5518 per
927 5466 987 5502 se
1024 5456 1118 5501 aut
1160 5465 1256 5515 per
1295 5452 1518 5503 eosdem
1562 5451 1762 5502 mulier
1800 5452 2026 5502 nomine
2059 5452 2229 5501 Bona.
2262 5467 2288 5497 υ

665 5526 854 5577 Codex
899 5523 1230 5574 Remensisz
1276 5542 1304 5569 «
1343 5523 1453 5575 Sed
1496 5528 1550 5574 et
1579 5537 1746 5586 super
1789 5535 1848 5572 se
1891 5536 2056 5586 opera
2095 5523 2290 5573 eadem

662 5597 862 5646 mulier
885 5596 1110 5645 nomine
1140 5595 1326 5646 lbono.
1347 5614 1374 5640 »
1400 5595 1756 5655 Bodleianus,
1785 5611 1814 5643 α
1831 5594 1939 5646 Sed
1967 5599 2023 5646 et
2046 5607 2214 5657 super
2231 5607 2291 5644 se

663 5673 717 5718 et
764 5682 860 5731 pro
899 5667 1114 5718 eodem.
1152 5683 1181 5715 ι)
1221 5667 1784 5731 Gratianopolitanus,
1821 5685 1849 5714 «
1879 5666 1988 5718 Sed
2018 5671 2072 5716 et
2099 5678 2290 5728 super-

659 5745 740 5790 est
793 5744 882 5789 aut
916 5738 1129 5789 eodem.
1173 5755 1202 5786 ››
1255 5740 1425 5797 Meus,
1464 5755 1492 5787 «
1534 5737 1644 5789 Sed
1695 5743 1749 5788 et
1796 5751 1964 5802 super
2016 5751 2076 5787 se
2127 5749 2292 5800 opere

659 5811 853 5863 eadem
885 5812 1086 5862 mulier
1126 5813 1353 5861 nomine
1397 5812 1567 5860 Bono.
1599 5827 1627 5854 »
1667 5810 1912 5874 Alterius
1941 5810 2112 5858 Bonna
2141 5820 2295 5856 men-

653 5883 728 5934 tio
786 5887 866 5936 est
915 5884 968 5933 in
1035 5882 1421 5950 Martyrologio
1488 5881 1736 5935 Romano
1794 5879 1884 5933 die
1944 5880 2007 5931 2-1
2064 5878 2287 5947 Aprilis.

2446 4668 2508 4730 (4)
2541 4667 2784 4716 Salutate
2824 4672 3044 4716 nostros.
3096 4667 3264 4731 Angli
3292 4674 3532 4718 monent
3570 4670 3895 4734 legendum
3930 4681 4044 4720 esse

2385 4743 2594 4788 vestros.
2636 4738 2774 4799 Qum
2821 4739 3140 4801 conjectura
3183 4738 3405 4788 videtur
3447 4752 3586 4791 esse
3631 4742 3810 4793 bona.
3848 4742 4044 4792 Verum

2383 4808 2652 4858 editiones
2681 4812 2737 4858 et
2764 4809 2958 4871 scripti
2990 4808 3116 4858 libri
3143 4814 3472 4872 repugnant.

2453 4881 2516 4943 (ὅ)
2545 4881 2670 4943 Opto
2699 4894 2800 4930 vos.
2836 4879 2929 4930 Sic
2968 4881 3318 4942 reposuimus
3347 4893 3415 4930 ex
3451 4882 3675 4934 eodem
3718 4884 3917 4936 codice
3956 4883 4047 4933 Re-
4112 4927 4114 4930 ,

2387 4952 2582 5012 mensi,
2607 4964 2732 5000 cum
2764 4955 2924 5001 antea
2944 4950 3218 5013 legeretur
3243 4967 3252 5000 :
3285 4953 3415 5013 Opto
3439 4966 3545 5003 vos
3569 4955 3918 5017 felicissimos
3936 4955 4056 5004 bene

2386 5023 2584 5074 valere.

2451 5095 2518 5158 (6)
2560 5094 2990 5157 Imperliendam.
3031 5094 3194 5145 Hanc
3231 5094 3546 5146 lectionem
3586 5101 3783 5162 reperi
3831 5102 3892 5150 in
3923 5112 4055 5164 qua-

2390 5165 2698 5216 tuordecim
2741 5166 3153 5228 exemplaribus
3201 5166 3468 5229 antiquis.
3524 5168 3728 5220 Editio
3780 5170 4055 5234 Spirensis

2389 5242 2441 5287 et
2488 5240 2648 5288 vetus
2695 5236 2928 5296 Veneta,
2975 5237 3233 5300 quamvis
3279 5238 3392 5286 sint
3445 5238 3510 5288 in
3559 5239 3681 5291 hoc
3735 5242 3867 5293 loco
3914 5254 4058 5291 men-
4158 5293 4160 5300 ,

2390 5310 2557 5370 dosae,
2584 5313 2894 5358 monstrant
2920 5313 3104 5359 tamen
3132 5308 3280 5358 hanc
3309 5310 3631 5360 lectionem
3667 5327 3800 5365 esse
3841 5315 4055 5364 bonam.

2391 5381 2609 5431 Habent
2661 5381 2810 5429 enim
2873 5380 3340 5442 impertincnliam.
3403 5379 3805 5447 Remboltus,
3871 5388 4057 5448 imper-

2391 5453 2556 5501 titam.

2455 5524 2518 5584 (7)
2564 5522 2824 5571 Maculam
2873 5522 3178 5585 pristinam.
3229 5520 3498 5583 Plerique
3555 5525 3698 5577 libri
3743 5533 3966 5581 veteres
4008 5529 4060 5577 et

2393 5593 2662 5642 editiones
2687 5591 2900 5642 habent
2925 5592 3178 5656 primum.
4158 5591 4160 5660 ξ

2453 5665 2519 5742 (8)
2543 5663 2746 5742 Poliore
2774 5665 2986 5712 virtute.
3026 5661 3292 5712 Nonnulli
3323 5662 3566 5716 codices
3598 5670 3835 5735 antiqui
3871 5669 4062 5735 prafe-
4157 5675 4160 5742 ἶ

2395 5737 2522 5782 runt
2547 5735 2855 5808 posteriore.
3110 5806 3115 5808 _
3303 5806 3310 5808 _

2456 5807 2524 5866 (9)
2569 5804 2802 5854 Librum.
2849 5806 2923 5855 De
2960 5806 3162 5869 Lapsis,
3191 5809 3252 5854 ut
3299 5806 3730 5869 interpretatur
3768 5813 4062 5877 Rigaltius.

2456 5878 2559 5927 nuli
2587 5882 2798 5927 contra.
2837 5879 3043 5927 reiecta
3081 5879 3304 5927 Riualtii
3345 5886 3649 5927 sententia
3703 5889 4064 5927 imm-nmmu-

2393 5878 2559 5945 Angli
2587 5882 2798 5942 contra,
2837 5879 3043 5943 reiecta
3081 5879 3304 5943 Rigaltii
3345 5886 3654 5939 sententia
3698 5889 4064 5956 interpretan-

4095 6067 4157 6216 l
