4160 6216
277 282 344 335 Ξ81
910 292 913 293 ⁷
1644 274 1964 330 EPISTULA
2002 274 2114 327 ΧΧ.

3456 264 3560 320 282

271 408 435 460 hiscum
483 401 536 456 in
585 401 786 456 eodem
841 400 1075 456 consilio
1128 399 1443 455 secundum
1492 399 1829 455 catholicam
1854 384 2180 483 Amaxime
2210 396 2291 449 eis
2321 394 2419 465 qui
2458 393 2519 447 in
2551 391 2909 446 confessione
2938 391 3140 447 Christi
3185 394 3319 445 sunt
3355 390 3567 445 consti-

271 502 400 553 iidem
443 503 601 551 stare.
663 497 826 559 Quod
882 497 1066 566 ipsum
1121 495 1291 549 etiam
1343 500 1405 548 tu
1461 495 1529 549 ad
1585 495 1832 563 collegas

268 598 447 647 nostros
472 606 605 661 quos
645 590 899 660 potueris
935 589 1304 655 transmitte‘,
1341 592 1403 641 ut
1442 587 1594 659 apud
1635 601 1834 640 omnes

269 704 376 739 unus
417 689 560 738 actus
607 687 665 737 et
714 700 827 737 una
873 684 1186 749 consensio,
1241 682 1555 737 secundum
1610 678 1832 735 Domini

263 782 490 850 praecepta
542 781 823 831 teneatur.
878 776 1025 847 Opto
1088 781 1176 843 te,
1232 777 1405 831 frater
1465 774 1830 840 charissima,

262 890 445 943 semper
478 872 617 926 bene
653 872 859 925 valere.

716 983 1042 1039 EPISTOLA
1083 984 1162 1036 xx
1196 983 1325 1052 (t0).

258 1085 445 1147 (Parnet,
479 1097 595 1149 xxx;
624 1085 829 1149 Rigalt.,
868 1084 1277 1217 Balnz.,)Paris.,
1319 1095 1415 1146 xx;
1453 1084 1643 1143 Oxon.,
1677 1082 1832 1145 Lips,

957 1166 1064 1205 XXI.
1276 1180 1279 1181 ν

957 1166 1090 1205 XXI.)
1276 1180 1279 1181 ν

677 1268 916 1307 CELERINI
954 1268 1024 1306 ΔΙ)
1066 1267 1357 1307 LUCIANUM.

254 1358 596 1411 Ancuusuruu.
641 1386 704 1395 —
744 1357 1014 1413 Celerinus
1057 1370 1157 1423 pro
1196 1353 1465 1407 sororibus
1502 1353 1616 1404 suis
1658 1354 1836 1406 Romae

308 1446 479 1514 lapsis,
529 1460 717 1514 pacem
771 1461 805 1497 a
860 1444 1254 1510 confessoribus
1313 1440 1834 1509 Carthaginiensibus

303 1536 429 1602 petit.

308 1647 341 1699 Ι.
365 1646 646 1700 Celerinus
680 1646 927 1701 Luciano
956 1647 1215 1701 salutem.
1244 1648 1371 1699 Haec
1404 1660 1533 1698 cum
1566 1644 1665 1698 tibi
1699 1642 1831 1696 scri-

253 1737 429 1804 berem,
451 1740 679 1796 domine
706 1742 902 1809 frater,
928 1740 1183 1811 gaudens
1207 1743 1263 1794 et
1288 1738 1458 1792 tristis
1484 1754 1637 1791 eram
1666 1754 1677 1791 :
1705 1752 1835 1807 gau-

254 1833 362 1886 dens
386 1850 446 1887 eo
476 1834 635 1905 quod
661 1834 940 1889 audierim
970 1839 1021 1889 te
1054 1850 1154 1905 pro
1182 1834 1413 1888 nomine
1446 1831 1672 1887 Domini
1703 1846 1832 1884 nos-

254 1926 304 1980 tri
337 1929 446 1981 Jesu
487 1929 698 1983 Christi
742 1928 1045 1983 Salvatoris
1086 1928 1265 1982 nostri
1306 1930 1549 1992 tentum,
1592 1929 1648 1979 et
1688 1924 1836 1977 illius

252 2037 418 2075 nomen
458 2039 637 2093 penes
676 2022 1041 2094 magistratus
1085 2023 1255 2093 hujus
1298 2020 1497 2075 mundi
1539 2018 1649 2091 (11)
1694 2034 1834 2072 con-

248 2112 443 2183 fessum,
473 2116 651 2169 tristis
687 2120 884 2170 autem
928 2116 985 2169 in
1024 2132 1089 2171 eo
1128 2115 1278 2187 quod
1321 2114 1391 2170 ab
1428 2130 1495 2169 eo
1524 2129 1593 2167 ex
1633 2128 1745 2183 quo
1784 2116 1836 2165 te

250 2207 438 2275 deduxi,
482 2225 781 2280 nunquam
826 2210 1040 2264 litteras
1084 2212 1209 2264 tuas
1253 2208 1507 2280 accipere
1550 2205 1732 2277 potui.
1769 2206 1838 2259 Et

249 2316 370 2355 nunc
410 2304 578 2357 modo
624 2304 833 2375 duplex
882 2304 1024 2357 mihi
1066 2303 1291 2357 tristitia
1338 2301 1612 2366 incubuit,
1659 2299 1834 2370 quod,

247 2412 347 2449 cum
372 2398 691 2451 Montanum
716 2398 955 2452 fratrem
984 2400 1240 2452 nostrum
1268 2411 1634 2451 communem
1657 2394 1754 2447 abs
1782 2398 1838 2447 te

250 2487 302 2541 de
326 2505 533 2544 carcere
558 2492 631 2544 ad
658 2508 749 2545 me
771 2508 890 2546 esse
916 2490 1106 2564 275
1134 2496 1437 2545 venturum
1460 2488 1674 2543 sciebas
1703 2485 1836 2557 (l2),

246 2582 297 2635 de
328 2586 488 2638 salute
531 2590 631 2639 tua
667 2586 757 2640 vel
804 2586 942 2656 quid
990 2602 1166 2655 penes
1207 2588 1260 2638 te
1301 2590 1504 2653 agatur
1541 2581 1685 2635 mihi
1724 2596 1837 2633 non

247 2674 636 2746 signiﬁcaveris.
665 2679 771 2734 Sed
803 2680 909 2733 hoc
949 2679 1124 2734 solet5
1156 2678 1491 2749 contingere
1520 2675 1690 2729 servis
1719 2673 1835 2741 Dei,

1936 491 2060 545 tuti.
2086 490 2212 545 Scio
2241 490 2391 543 enim
2421 487 2695 557 quoniam
2729 484 3113 556 unusquisque
3131 486 3250 553 jam
3278 500 3407 555 quas
3435 487 3568 539 sunt

1934 583 2126 638 saeculi
2174 600 2286 636 non
2332 582 2595 642 attendit,
2642 579 2911 650 quoniam
2956 594 3226 632 coronam
3274 578 3564 632 caelestem

1934 681 2141 748 sperat.
2174 679 2291 747 Ego
2325 676 2478 730 enim
2510 674 2627 729 dixi
2656 675 2896 726 fortasse
2925 671 3166 725 oblitum
3193 677 3247 724 te
3280 687 3397 725 esse
3425 670 3568 726 mihi

1932 771 2194 824 scribere.
2230 771 2395 835 Nam,
2440 774 2501 823 ut
2540 767 2639 821 tibi
2672 766 2779 836 (l3)
2814 781 3041 835 quoque
3085 765 3154 819 de
3196 764 3398 818 intimo
3436 769 3567 818 tuus

1933 866 2018 920 vel
2050 865 2229 918 frater
2260 863 2433 928 dicar,
2463 862 2507 915 si
2548 861 2748 914 fuero6
2782 859 2987 929 dignus
3027 857 3318 914 Celerinus
3350 857 3568 924 audire,

1933 963 2124 1013 tamen
2162 973 2291 1011 cum
2334 972 2513 1010 essem
2557 958 2612 1007 et
2654 969 2762 1023 ego
2802 953 2861 1005 in
2910 958 3024 1005 tam
3058 949 3169 1021 (14)
3200 950 3402 1005 ﬂorida
3444 967 3569 1004 con-

1931 1051 2197 1117 fessione,
2242 1051 2446 1103 fratres
2492 1064 2653 1101 meos
2692 1044 3108 1100 vetustissimos
3151 1043 3566 1112 memorabam,

1933 1153 1989 1202 et
2013 1163 2111 1201 eos
2146 1144 2354 1200 litteris
2390 1143 2531 1198 meis
2558 1140 2870 1197 memoravi
2899 1140 3234 1194 charitatem
3265 1138 3567 1209 pristinam

1934 1256 2129 1295 eorum
2160 1255 2339 1310 penes
2378 1254 2470 1292 me
2508 1252 2781 1307 meosque
2810 1251 2964 1289 nunc
3004 1250 3148 1289 esse.
3184 1235 3317 1288 Peto
3350 1236 3566 1298 tamen,

1933 1334 2290 1400 charissima,
2336 1349 2368 1385 a
2411 1331 2653 1386 Domino
2702 1335 2781 1397 ut,
2820 1330 2864 1382 si
2909 1332 3042 1383 ante
3086 1328 3195 1398 (15)
3239 1342 3437 1380 cruore
3477 1326 3569 1379 illo

1935 1432 2126 1483 sancto
2177 1426 2396 1491 laveris,
2440 1424 2482 1479 si
2531 1424 2684 1495 prius
2730 1439 2927 1493 passus
2974 1421 3147 1475 fueris
3194 1436 3296 1491 pro
3340 1419 3569 1473 nomine

1937 1520 2166 1577 Domini
2195 1520 2376 1575 nostri
2401 1521 2529 1574 Jesu
2562 1517 2766 1572 Christi
2797 1533 2971 1587 quam
3000 1516 3228 1568 littteree
3260 1530 3405 1567 meae
3430 1518 3484 1566 te
3508 1513 3568 1566 in

1937 1617 2043 1670 hoc
2073 1615 2287 1669 mundo
2315 1612 2767 1684 apprehendant,
2800 1610 2889 1663 vel
2917 1625 3067 1662 nunc
3094 1608 3140 1661 si
3166 1605 3567 1678 apprehende-

1936 1710 2071 1777 rint,
2104 1708 2246 1762 mihi
2288 1707 2358 1761 ad
2398 1707 2522 1760 haec
2557 1704 2845 1760 rescribas.
2879 1703 2965 1757 Sic
3009 1704 3243 1756 coronet
3279 1701 3373 1753 te"
3408 1698 3569 1769 cujus

1857 1780 1911 1851 Β
1935 1819 2148 1858 nomen
2183 1801 2472 1856 confessus
2502 1816 2581 1852 es.
2618 1798 2798 1852 Credo
2840 1795 2993 1850 enim
3032 1794 3325 1866 quoniam,
3363 1792 3469 1846 etsi
3508 1792 3568 1845 in

1936 1899 2045 1952 hoc
2076 1895 2290 1951 mundo
2319 1910 2419 1947 nos
2446 1909 2563 1946 non
2594 1890 2926 1956 viderimus,
2950 1890 3008 1943 in
3031 1888 3223 1942 futuro
3252 1893 3441 1941 tamen
3470 1900 3569 1938 nos

1935 2006 2127 2046 coram
2154 1987 2414 2045 Christo8
2442 1984 2911 2056 complectemur.
2946 1985 3078 2038 Pete
3104 1988 3168 2036 ut
3191 1979 3333 2035 sim9
3364 1979 3571 2050 dignus

1937 2088 1996 2138 et
2024 2100 2130 2155 ego
2160 2080 2423 2137 coronari
2448 2095 2580 2133 cum
2607 2092 2848 2131 numero
2876 2081 3081 2131 vestro.

2008 2198 2200 2273 2‘76
2241 2200 2301 2252 ll.
2332 2198 2393 2250 In
2426 2210 2639 2267 magna
2668 2196 2867 2247 tamen
2897 2191 3263 2247 tribulatione
3300 2206 3394 2244 me
3431 2205 3568 2245 con-

1938 2296 2199 2349 stitutum
2240 2291 2466 2358 scias”,
2508 2293 2583 2356 et,
2620 2304 2685 2341 ac
2726 2287 2771 2340 si
2812 2287 2884 2340 sis
2926 2302 3154 2340 mecum
3196 2300 3465 2356 praesens,
3496 2283 3572 2337 sic

1936 2387 2224 2444 charitatis
2268 2383 2524 2456 pristinae
2565 2380 2903 2436 reminiscor
2946 2380 3037 2433 die
3082 2396 3148 2433 ac
3190 2384 3378 2433 nocte.
3429 2378 3570 2431 Deus

1939 2483 2089 2537 solus
2121 2481 2241 2534 scit.
2276 2481 2342 2533 Et
2370 2478 2496 2531 ideo
2526 2479 2657 2547 peto
2687 2479 2751 2528 ut
2787 2490 3005 2527 annuas
3039 2472 3319 2527 desiderio
3358 2487 3486 2524 meo
3518 2474 3574 2525 et

1938 2591 2163 2631 mecum
2193 2573 2385 2627 doleas
2428 2570 2487 2623 in
2532 2574 2717 2623 morte
2758 2568 2968 2623 sororis
3008 2583 3173 2633 meas,
3208 2582 3335 2636 quia
3370 2563 3575 2619 cecidit

1939 2671 1998 2723 in
2050 2669 2156 2723 hac
2202 2664 2511 2721 vastatione
2554 2680 2587 2716 a
2629 2662 2874 2719 Christo.
2923 2660 3268 2717 Sacriﬁcavit
3312 2658 3467 2714 enim
3515 2662 3572 2712 et

1588 2803 1799 2866 Variae
1841 2799 2180 2864 lectiones.

287 2928 303 2957 ⁸
329 2925 711 2977 Transmittere
748 2926 837 2976 Ar.
877 2929 1016 2977 Lam.
1057 2928 1211 2977 Ebor.
1244 2926 1370 2977 Bod.
1410 2928 1456 2985 1,
1496 2924 1543 2973 2.
1580 2920 1687 2971 NC.
1742 2921 1791 2969 1.
1859 2919 1877 2949 ⁵
1903 2918 1973 2968 Et
2016 2916 2125 2966 hoc
2173 2913 2316 2964 solet
2360 2912 2539 2985 Oro_n._
2584 2910 2605 2941 ⁶
2634 2910 2794 2985 Dicat
2836 2908 3084 2985 si_fuero
3128 2906 3289 2985 impr.
3332 2903 3572 2954 Audires

245 2997 287 3043 P.
310 2998 433 3045 Salv.
498 2996 519 3029 ⁷
551 2998 610 3049 Si
637 3001 865 3048 coronet
894 3003 965 3050 te.
1006 2999 1117 3049 Vat.
1186 2999 1203 3030 ⁸
1231 2999 1341 3049 Nos
1370 2977 1558 3048 coram
1588 2997 1677 3047 vel
1703 3008 1830 3046 cum
1863 2989 2080 3043 Christo
2104 2986 2232 3036 Bod.
2275 2985 2387 3035 Vat.
2456 2983 2475 3013 θ
2510 2983 2614 3032 Per
2649 2986 2702 3032 te
2744 2983 2849 3032 sim
2891 2981 3048 3045 Impr.
3125 2979 3163 3009 ὀ
3198 2977 3395 3041 Magna
3436 2988 3573 3026 con-

1501 3129 1723 3211 Steph.
1758 3123 2004 3191 Baluzii
2035 3125 2232 3184 notae.

245 3066 457 3117 stitutum
486 3068 635 3119 scias
661 3069 815 3131 Impr.

244 3280 311 3325 tur
339 3277 400 3327 de
442 3278 712 3329 fasciculo
756 3278 1135 3341 epistolarum.
1177 3279 1287 3330 Sed
1330 3280 1579 3343 profecto
1617 3290 1835 3329 errave-

242 3353 358 3396 runt.
407 3349 628 3413 Quippe
679 3350 991 3413 Cyprianus
1033 3352 1378 3414 apertissime
1426 3350 1717 3414 distinguit
1763 3350 1837 3398 1i-

244 3418 375 3499 brum
434 3422 501 3471 ab
534 3422 848 3499 Aepistolis,
913 3420 1106 3471 librum
1172 3434 1287 3471 cum
1352 3421 1581 3485 epistolis
1626 3434 1839 3471 numero

241 3496 438 3557 quinque
469 3496 612 3543 misi.

292 3566 371 3621 {t0}
417 3567 583 3615 Hanc
630 3565 919 3628 epistolam
958 3567 1171 3629 primus
1217 3567 1466 3616 omnium
1512 3566 1684 3615 edidit
1723 3567 1840 3615 Mo-

244 3634 420 3711 rellius.
450 3637 648 3711 Postea
676 3638 971 3711 Pamelius,
1000 3638 1101 3711 qui
1120 3639 1323 3689 fatetur
1348 3652 1409 3711 se
1436 3638 1653 3687 nullum
1684 3641 1842 3687 vetus

242 3702 366 3779 illius
399 3708 686 3770 exemplar
723 3709 1006 3771 habuisse,
1050 3710 1200 3759 illam
1248 3710 1478 3770 recudit,
1509 3720 1842 3779 eamqueex

244 3778 435 3836 ingenio
481 3779 767 3827 interdum
816 3781 1149 3830 emendavit.
1191 3781 1438 3831 Latinius
1488 3780 1683 3829 habuit
1733 3778 1842 3828 duo

246 3851 401 3896 vetera
429 3849 583 3898 illius
607 3851 960 3914 exemplaria,
989 3856 1041 3899 et
1066 3856 1122 3899 in
1150 3853 1268 3914 ejus
1297 3850 1746 3900 adnotationibus
1776 3849 1843 3899 ad

245 3916 580 3981 Cyprianum,
619 3935 739 3984 pag.
787 3922 895 3978 195,
923 3922 1247 3971 adnotat-um
1292 3926 1379 3972 est
1407 3923 1567 3971 illum
1613 3922 1845 3972 feliciter

246 3992 541 4045 emendasse
588 3994 738 4042 hanc
778 3994 1082 4056 epistolam.
1130 3993 1291 4054 Quod
1342 4007 1536 4044 verum
1578 4007 1689 4043 non
1733 3998 1842 4053 est,

246 4073 353 4111 cum
390 4064 619 4115 difﬁcile
652 4063 951 4114 admodum
994 4066 1063 4114 sit
1106 4078 1228 4115 eam
1257 4065 1401 4115 bene
1439 4064 1735 4115 emendare
1774 4064 1845 4113 ob

245 4139 554 4209 erroresqui
588 4137 651 4209 in
692 4149 811 4209 eam
842 4136 1181 4200 irrepserunt
1208 4137 1264 4185 in
1299 4137 1541 4200 antiquis
1571 4136 1847 4198 exempla—

246 4202 389 4252 ribus.
419 4207 538 4270 Εςο
568 4207 684 4256 duo
722 4206 914 4267 habui,
949 4222 1123 4257 unum
1168 4222 1234 4256 ex
1273 4207 1409 4257 urbe
1450 4207 1847 4268 Gratianopoli-

246 4276 369 4335 tana,
397 4277 549 4326 aliud
582 4291 652 4326 ex
683 4277 1015 4328 bibliotheca
1046 4292 1184 4329 mea.
1224 4278 1386 4341 Angli
1416 4278 1647 4327 laudant
1670 4291 1846 4326 unum

246 4343 555 4396 Vaticanum
588 4353 645 4397 et
674 4361 851 4397 unum
894 4348 1274 4399 Bodleianum.
1324 4348 1485 4400 Certe
1528 4353 1704 4399 exstat
1750 4348 1849 4397 ho-

247 4414 422 4479 dieque
448 4420 504 4467 in
537 4419 804 4468 Vaticano
837 4420 986 4481 (199),
1012 4434 1126 4469 uno
1155 4433 1367 4482 eorum,
1393 4424 1455 4470 ut
1480 4422 1693 4484 opinor,
1722 4432 1847 4484 quas

244 4486 465 4539 Latinius
490 4491 721 4541 viderat.

294 4562 377 4619 (ll)
439 4563 606 4624 Hujus
668 4562 869 4609 mundi.
937 4566 1113 4612 Antea
1174 4563 1459 4626 legebatur
1519 4563 1849 4627 hujusmodi,

244 4629 377 4679 nullo
426 4646 615 4681 sensu.
673 4633 835 4694 Angli
894 4634 1237 4695 protulerunt
1293 4647 1477 4683 veram
1532 4634 1842 4683 lectionem.

244 4700 404 4751 Monet
448 4708 637 4753 autem
688 4704 936 4753 Latinius
968 4704 1120 4753 illam
1162 4708 1377 4754 exstare
1416 4706 1471 4754 in
1511 4706 1628 4754 suis
1658 4718 1846 4754 exem-

246 4770 485 4893 ἓξῖξῗὲιιε.
520 4776 603 4824 Ita
640 4776 803 4824 etiam
854 4776 1052 4837 legitur
1090 4778 1145 4824 in
1194 4788 1317 4825 meo
1361 4780 1415 4825 et
1456 4777 1513 4825 in
1558 4776 1847 4826 Gratiano-

322 4858 334 4891 l
392 4859 481 4893 no.

244 4854 481 4901 poutano.

294 4915 383 4973 (12)
411 4916 644 4966 Sciebas.
681 4917 823 4967 Cum
850 4917 971 4967 hmo
997 4918 1160 4967 lectio
1205 4916 1473 4967 habeatur
1504 4919 1559 4967 in
1584 4919 1849 4969 editioni-

244 4983 333 5033 bus
355 4987 607 5047 Morellii,
639 4988 867 5037 Pamelii
893 4994 947 5037 et
976 4988 1215 5052 Rigaltii,
1245 4993 1359 5036 tum
1383 4990 1548 5038 etiam
1575 4991 1627 5038 in
1656 4989 1849 5039 codice

242 5060 512 5123 Vaticano,
550 5063 881 5112 conﬁrment
918 5066 1100 5112 autem
1138 5063 1284 5111 illam
1315 5062 1424 5111 duo
1454 5068 1635 5113 vetera
1667 5076 1849 5112 exem-

242 5130 396 5190 plaria
438 5134 647 5196 quibus
691 5136 834 5194 utor,
881 5134 1169 5182 tamenetsi
1213 5134 1268 5181 in
1305 5145 1428 5181 meo
1472 5135 1739 5197 scriptum
1780 5135 1851 5181 sit

244 5213 325 5261 per
351 5216 592 5254 errorem
619 5204 862 5262 sciebam,
894 5204 1056 5265 Angli
1081 5207 1267 5253 tamen
1298 5202 1613 5253 maluerunt
1632 5203 1851 5254 scribas.

244 5276 301 5319 At
332 5277 373 5323 si
412 5276 776 5325 attendissent
819 5276 1136 5325 Celerinum
1183 5272 1250 5325 de
1293 5274 1536 5326 Luciano
1585 5275 1850 5339 conqueri

246 5348 373 5403 quod
424 5347 493 5395 ad
552 5361 609 5395 se
661 5362 769 5396 non
827 5348 1107 5409 scripserit
1155 5361 1250 5410 per
1290 5349 1639 5403 Montanum,
1685 5360 1851 5409 quem

243 5414 437 5465 sciebat
500 5416 571 5463 ad
628 5430 685 5465 se
744 5430 863 5466 esse
925 5418 1254 5475 venturum,
1314 5419 1470 5467 aliter
1528 5417 1849 5467 sensissent.

244 5484 416 5549 Itaque
443 5491 657 5536 certum
687 5493 767 5537 est
805 5501 926 5536 eam
958 5489 1253 5539 lectionem
1282 5504 1447 5552 quam
1490 5503 1591 5538 nos
1621 5488 1851 5537 retinui-

248 5568 353 5604 mus
379 5571 503 5607 esse
532 5558 748 5608 bonam.
1254 5594 1261 5603 -

270 5630 387 5705 113)
448 5632 588 5678 Nam
656 5636 709 5679 ut
954 5630 1488 5705 Representavimus
1553 5630 1679 5679 istic
1743 5628 1855 5698 lec—

249 5699 436 5777 tionem
482 5707 733 5777 veterum
777 5702 1043 5751 librorum
1090 5707 1144 5752 et
1187 5702 1514 5753 editionum.
1566 5701 1733 5765 Angli
1761 5695 1853 5750 ex

250 5771 473 5833 ingenio,
504 5772 718 5821 nullum
751 5775 895 5822 enim
936 5778 1097 5823 vetus
1127 5774 1409 5836 exemplar
1456 5775 1644 5831 citant,
1672 5771 1853 5833 scrip-

248 5848 419 5894 serunt
447 5861 458 5893 :
490 5863 523 5895 ο
552 5845 687 5896 Nam
708 5850 769 5895 ut
798 5852 915 5895 tum
941 5860 1165 5911 quoque
1190 5843 1257 5897 de
1288 5846 1478 5898 inﬁmo
1509 5850 1604 5896 tuo
1631 5845 1721 5896 vel
1750 5846 1854 5896 fra-

1865 4656 1924 4727 D

1937 3275 2018 3320 tre
2049 3270 2255 3330 dicam,
2295 3268 2342 3318 si
2391 3269 2548 3318 fuero
2595 3267 2831 3330 dignus;
2871 3263 3161 3315 Celerinus
3204 3258 3569 3310 audiretur.»

1939 3342 2086 3394 Sane
2110 3342 2382 3401 Latinius,
2412 3354 2542 3390 cum
2577 3341 2632 3388 in
2678 3337 2867 3388 codice
2894 3336 3165 3384 Vaticano
3190 3332 3461 3393 scriptum
3492 3330 3573 3377 vi-

1941 3414 2094 3463 deret
2125 3416 2187 3461 ut
2214 3416 2295 3462 est
2328 3413 2384 3461 in
2415 3425 2538 3461 meo
2567 3415 2622 3460 et
2646 3411 2703 3459 in
2736 3407 2975 3469 vulgatis
3000 3402 3355 3464 editionibus,
3384 3402 3576 3465 legen-

1941 3485 2073 3535 dum
2102 3488 2395 3535 censuerat
2423 3485 2593 3533 ferme
2628 3483 2707 3530 uti
2751 3480 2819 3528 ab
2855 3478 3050 3541 Anglis
3080 3488 3350 3525 excusum
3381 3479 3482 3524 est.
3513 3475 3575 3522 In

1942 3556 2454 3618 Gratianopolitano
2501 3554 2768 3616 scriptum
2816 3554 2901 3599 est
2945 3563 2955 3595 :
3002 3566 3027 3591 α
3061 3545 3312 3596 Oblitum
3348 3556 3479 3618 esse
3524 3548 3579 3592 te

1942 3630 2079 3678 mihi
2120 3616 2393 3687 scribere,
2440 3630 2501 3675 ut
2546 3630 2606 3674 tu
2649 3636 2873 3687 quoque
2916 3622 2983 3671 de
3036 3618 3227 3668 inﬁmo
3276 3617 3365 3666 vel
3413 3616 3578 3665 fratre

1943 3700 2148 3757 dicam,
2173 3714 2201 3745 »
2232 3702 2335 3747 etc.

2007 3772 2104 3831 (14)
2141 3770 2267 3818 Cum
2295 3780 2509 3817 assem...
2534 3766 2592 3814 in
2623 3768 2749 3814 tam.
2780 3762 2842 3812 Id
2868 3766 2968 3823 est,
3001 3774 3131 3811 cum
3158 3772 3339 3811 essem
3366 3759 3422 3807 in
3452 3771 3573 3808 car-

1945 3854 2071 3892 cere
2102 3840 2438 3888 constitutus
2466 3840 2688 3899 propter
2714 3846 2917 3883 nomen
2945 3832 3187 3882 Domini.

2008 3913 2103 3973 (t5)
2164 3912 2221 3959 Ut
2267 3910 2314 3959 si
2370 3914 2508 3957 ante.
2565 3907 2701 3956 Haec
2744 3909 2830 3955 est
2876 3905 3041 3954 lectio
3084 3902 3344 3953 editionis
3378 3899 3578 3950 Morel-

1944 3987 2123 4036 lianaa.
2154 3985 2247 4035 Sic
2271 3984 2437 4033 etiam
2464 3983 2519 4030 in
2551 3981 2722 4031 veteri
2748 3980 2888 4029 libro
2924 3992 3048 4028 meo
3077 3982 3130 4027 et
3162 3978 3219 4025 in
3250 3975 3575 4026 Bodleiano.

1947 4060 2087 4111 Male
2125 4060 2181 4108 in
2220 4056 2754 4120 Gratianopolitano,
2800 4060 2856 4103 ut
2894 4068 2927 4101 α
2975 4066 3053 4101 me
3092 4064 3282 4100 cruore
3312 4049 3420 4099 illo.
3469 4050 3581 4098 Pa—

1946 4134 2148 4184 melius
2196 4134 2522 4184 existimans
2573 4144 2686 4180 non
2733 4128 2959 4178 licuisse
3001 4127 3243 4175 Luciano
3278 4123 3579 4174 rescribere

1947 4213 2070 4272 post
2098 4210 2311 4257 cruoris
2340 4221 2437 4271 pro
2473 4205 2694 4255 Christo
2739 4202 3092 4259 effusionem,
3119 4199 3353 4250 credidit
3387 4196 3579 4247 deesse

1948 4280 2003 4328 in
2044 4280 2152 4328 hoc
2200 4280 2322 4328 loco
2370 4278 2739 4341 negationem,
2770 4274 3013 4337 ideoque
3061 4272 3210 4321 illam
3257 4272 3580 4319 interserere

1949 4367 2060 4403 non
2106 4359 2189 4403 est
2240 4353 2466 4402 veritus.
2523 4351 2641 4399 Non
2684 4348 2896 4412 placuit
2947 4362 3011 4398 ea
3067 4346 3298 4396 audacia
3346 4342 3581 4403 Latinio,

1950 4426 2046 4488 qui
2092 4426 2311 4473 censuit
2361 4423 2507 4472 hanc
2554 4422 2860 4470 orationem
2917 4418 3071 4468 nulla
3122 4417 3371 4480 indigere
3422 4428 3585 4476 nega—

1950 4487 2118 4546 tione.
2157 4496 2321 4557 Angli
2369 4495 2423 4542 in
2469 4492 2663 4542 eadem
2705 4492 2982 4541 sententia
3008 4490 3161 4539 fuere
3191 4487 3370 4551 quoad
3405 4498 3583 4549 nega—

1953 4567 2195 4621 tionem.
2250 4565 2346 4615 sed
2404 4564 2511 4612 alio
2569 4562 2970 4611 transtulerunt
3029 4562 3435 4620 argumentum.
3504 4557 3584 4604 Ita

1948 4641 2153 4702 quippe
2184 4638 2618 4698 interpretantur
2648 4633 2800 4682 hunc
2831 4633 3033 4690 locum,
3056 4630 3271 4702 alioqui
3315 4629 3445 4702 satis
3480 4625 3583 4673 0b--

1948 4699 2175 4759 scurum
2205 4713 2259 4757 et
2285 4706 2632 4769 implicitum,
2668 4709 2930 4765 tanquam
2962 4703 3005 4749 si
3044 4700 3350 4759 Celerinus,
3380 4699 3582 4769 timens

1948 4794 2019 4830 ne
2054 4780 2333 4829 Lucianus
2362 4768 2653 4825 excederet
2681 4778 2808 4823 ante
2840 4772 3024 4821 datam
3068 4783 3260 4833 pacem
3293 4773 3347 4819 et
3392 4768 3581 4816 indul-

1949 4851 2191 4912 gentiam
2237 4848 2520 4898 sororibus
2555 4847 2692 4903 suis,
2720 4857 2847 4907 quas
2878 4843 3045 4905 lapsae
3076 4845 3247 4901 erant,
3272 4840 3523 4904 petiisset
3551 4853 3583 4887 a

1950 4924 2185 4975 Domino
2211 4928 2272 4971 ut
2298 4934 2487 4971 earum
2519 4922 2892 4977 misereretur,
2916 4920 3107 4980 eisque
3134 4919 3260 4979 post
3288 4927 3583 4965 excessum

1950 4993 2177 5041 Luciani
2226 4991 2379 5041 daret
2419 4990 2824 5055 indulgentiam
2874 5002 3041 5051 quam
3086 4988 3363 5036 Lucianus
3406 4990 3582 5034 marte

1950 5068 2265 5127 praeventus
2295 5077 2403 5112 non
2431 5062 2691 5111 dedisset.
2723 5061 2928 5110 Verum
2956 5073 3021 5109 ea
3053 5059 3428 5122 interpretatio
3455 5057 3583 5108 ferri

1951 5148 2061 5184 non
2119 5138 2332 5198 potest,
2382 5146 2510 5183 cum
2565 5131 2719 5179 nulla
2777 5144 3027 5179 sororum
3082 5130 3321 5180 Celerini
3374 5130 3584 5178 mentio

1953 5208 2096 5256 facta
2122 5206 2286 5254 fuerit
2315 5208 2494 5254 antea.
2541 5203 2684 5252 Vera
2714 5203 2919 5265 itaque,
2949 5206 3012 5251 ut
3046 5215 3149 5266 ego
3178 5200 3403 5265 quidem
3444 5200 3585 5250 arbi-

1952 5282 2083 5336 tror,
2113 5291 2177 5327 ac
2212 5277 2455 5341 genuina
2485 5275 2653 5340 hujus
2686 5274 2793 5324 loci
2822 5274 3099 5324 sententia
3128 5273 3251 5323 haec
3286 5280 3402 5322 est:
3443 5273 3583 5323 Con-

1954 5351 2182 5411 questus
2234 5352 2351 5397 erat
2402 5347 2690 5397 Celerinus
2743 5346 2813 5395 de
2859 5345 3196 5409 negligentia
3246 5344 3477 5394 Luciani
3529 5345 3584 5390 in

1953 5419 2263 5479 scribendo,
2298 5420 2391 5481 qui
2420 5419 2713 5467 tamenetsi
2742 5418 2907 5467 sciret
2936 5417 3261 5466 Montanum
3284 5418 3581 5465 venturum

1954 5490 2021 5538 ad
2051 5503 2109 5537 se
2138 5503 2276 5551 esse,
2310 5490 2452 5539 nihil
2483 5504 2579 5553 per
2610 5503 2735 5539 eum
2765 5491 3059 5551 scripSerat
3086 5487 3153 5537 de
3173 5487 3350 5535 salute
3375 5498 3475 5534 sua
3498 5485 3583 5532 vel

1954 5560 2087 5623 quid
2119 5561 2263 5623 apud
2293 5574 2420 5610 eum
2462 5566 2737 5623 ageretur.
2764 5561 2925 5609 Nunc
2952 5572 3081 5609 vero
3107 5559 3243 5620 petit
3268 5562 3346 5616 ut,
3374 5558 3422 5605 si
3457 5560 3583 5603 ante

1954 5632 2234 5681 Lucianus
2265 5634 2519 5696 spiritum
2562 5632 2815 5682 effuderit
2853 5646 3020 5694 quam
3052 5630 3138 5679 ha:
3168 5629 3361 5678 littera:
3389 5640 3583 5689 pervc-

1954 5703 2111 5753 niant
2136 5703 2205 5753 ad
2239 5717 2304 5753 ea
2330 5705 2454 5754 loca
2471 5705 2527 5753 in
2560 5703 2765 5767 quibus
2795 5702 3093 5761 habitabat,
3132 5699 3273 5748 nihil
3300 5697 3583 5755 rescribat,

1954 5773 2219 5823 rescribat
2250 5778 2431 5823 tamen
2476 5776 2520 5822 si
2558 5774 2741 5825 adhuc
2769 5778 3052 5838 superstes
3101 5772 3267 5823 fuerit
3302 5781 3431 5819 cum
3474 5767 3585 5817 illa:

1953 5846 2065 5897 huc
2094 5847 2463 5909 pervenerint.
