2080 3108
60 48 67 76 t'

27 78 30 106 l
46 76 48 109 ι

42 679 47 749 ἲ

42 755 58 808 ἰΔ

23 818 27 890 1|
44 811 59 880 lt].

45 896 50 942 ἔ

46 950 52 979 ἱ

47 983 53 1029 l

48 1034 57 1158 ἶ

52 1168 61 1235 l

324 161 375 189 283

786 162 812 189 S.
835 162 991 190 CYPRIANI
1011 162 1148 190 OPERUM
1169 163 1253 191 PARS
1272 163 1293 190 1.
1309 177 1342 182 -—
1357 161 1539 190 EPISTOL/E.

1937 164 1983 192 284

325 225 503 252 exacerbavit
518 224 671 252 Dominum
691 228 831 253 nostrum.
849 226 929 258 Quod
950 226 1030 253 nobis
1046 226 1180 268 mani-A
1227 227 1275 253 Ill.
1300 225 1401 253 Audivi
1426 225 1502 252 enim
1526 226 1553 252 te
1577 223 1753 252 ﬂoridiorum
1779 223 1989 254 ministeriumu

323 272 426 299 festum
448 272 566 299 videtur.
592 273 644 299 Pro
674 272 755 307 cujus
782 273 862 300 factis
885 281 939 309 ego
966 274 994 300 in
1020 274 1071 300 hac
1096 274 1140 301 die

324 319 429 347 laetitiae
446 319 558 346 Pascha:
574 318 627 354 (16)
643 319 714 346 tlens
732 320 776 346 die
798 328 829 346 ac
845 323 935 353 nocte,
953 320 980 347 in
1000 320 1089 347 cilicio
1108 323 1136 348 et

326 366 431 398 cinere,
446 365 684 401 lacrymabundus
703 367 761 394 dies
774 368 794 383 “
813 367 893 402 exegi
909 370 937 394 et
953 367 1036 402 exigo
1051 375 1142 403 usque

325 412 355 439 in
377 412 557 444 hodiernum,
574 413 665 440 donec
684 413 819 441 auxilium
835 414 946 441 Domini
968 415 1058 441 nostri
1077 416 1142 441 Jesu

326 459 429 487 Christi
444 459 611 495 [subveniat]
629 460 683 495 (l7)
696 463 724 487 et
744 461 832 496 pietas
851 469 900 496 per
920 464 946 487 te
965 462 1007 488 vel
1030 470 1081 496 per
1096 470 1142 488 eos

326 506 456 533 dominos
468 515 546 534 meos
560 507 608 542 qui
627 507 757 534 coronati
768 508 886 540 fuerint,
901 516 917 534 a
930 508 1034 543 quibus
1049 511 1143 543 postu-

327 553 433 580 laturus
457 554 511 588 (18)
535 562 564 580 es
588 557 618 580 ut
643 554 755 581 veniam
779 551 905 582 habeant
926 555 1050 582 nefanda
1072 564 1141 582 nati-

327 600 462 635 fragia”.
489 601 659 628 Memoratus
685 610 748 628 sum
775 601 885 628 enim‘3
912 602 1057 629 charitatis
1088 606 1143 629 tua:

328 647 464 682 pristinae,
481 647 557 682 quod
574 656 639 674 cum
658 648 790 675 omnibus
810 648 907 676 doleas
926 657 976 684 pro
997 649 1144 676 sororibus

328 694 429 722 nostris
444 695 508 729 (l9),
523 702 593 729 quas
613 696 641 721 et
658 697 687 721 tu
709 695 781 722 bene
802 696 886 730 nosti,
904 696 933 722 id
951 698 993 723 est
1008 696 1142 723 Numeria

331 742 359 768 et
379 741 515 774 Candida;
532 749 583 776 pro
605 749 725 776 quarum
747 744 871 777 peccato,
889 743 954 778 quia
976 751 1026 769 nos
1045 743 1145 770 fratres

330 788 447 821 habent,
469 788 604 815 debemus
623 789 773 816 excubare.
792 790 884 816 Credo
903 790 980 816 enim
1001 789 1145 817 Christum

331 834 485 861 secundum
504 843 603 862 carum
619 836 815 871 paenitentiam
831 839 859 863 et
879 844 963 871 opera
978 845 1041 871 quas
1060 845 1146 871 penes

331 881 450 916 collegas
464 883 575 909 nostros
590 882 718 909 fecerunt
730 884 864 917 extorres,
881 883 928 918 qui
942 891 958 910 a
972 883 1051 910 vobis
1067 891 1146 910 vene-

1191 272 1360 308 percepisse.
1379 273 1400 300 O
1418 275 1445 299 te
1467 272 1588 304 felicem,
1604 271 1779 306 suscipere”
1795 274 1854 297 vota
1872 273 1917 299 tua
1934 281 1991 308 qua;

1191 328 1305 355 semper
1323 319 1488 346 desiderasti
1509 319 1551 346 vel
1573 319 1601 345 in
1621 320 1697 346 terra
1719 318 1873 345 dormiens!
1892 319 1991 354 Optasti

1193 375 1243 402 pro
1267 367 1383 393 nomine
1407 366 1481 393 illius
1503 366 1531 393 in
1555 374 1699 393 carcerem
1721 365 1810 397 mitti;
1832 366 1902 400 quod
1925 375 1992 394 nunc

1193 413 1242 441 tibi
1265 413 1393 449 contigit,
1416 414 1487 440 sicut
1508 413 1642 448 scriptum
1664 414 1706 440 est
1723 420 1730 439 :
1748 414 1795 439 Det
1814 413 1862 439 tibi
1880 414 1995 441 Dominus

1192 462 1337 488 secundum
1359 468 1402 487 cor
1424 463 1499 487 tuum
1521 460 1605 494 (Psal.
1631 468 1684 493 xxx,
1711 460 1748 493 ὅ).
1772 460 1804 486 Et
1828 467 1899 486 nunc
1919 468 1996 495 super

1193 507 1266 543 ipsos
1281 507 1334 541 (20)
1344 508 1432 534 factus
1445 507 1562 534 antistes
1577 507 1624 534 Dei
1639 506 1806 541 recognovit
1821 506 1895 533 idem
1909 507 1995 534 minis-

1193 557 1237 581 ter
1249 555 1281 581 ‘G.
1300 555 1379 589 Rogo
1397 554 1504 589 itaque,
1519 553 1647 587 domino,
1665 555 1693 580 et
1710 555 1775 588 peto
1791 560 1841 587 per
1856 553 1995 581 Dominum

1193 604 1323 628 nostrum
1343 603 1439 628 Jesum
1460 600 1603 628 Christum
1627 603 1658 627 ut
1679 600 1787 627 caeteris
1807 599 1920 635 collegis
1937 601 1995 633 tuis,

1194 649 1327 675 fratribus
1345 648 1398 675 luis
1417 648 1482 682 (2t),
1498 648 1571 674 meis
1589 647 1712 674 dominis
1730 646 1846 680 referas,
1865 651 1892 674 et
1910 647 1943 674 ab
1962 647 1998 674 eis

1194 697 1272 730 petas
1286 697 1317 722 ut
1329 695 1491 730 quicunque
1510 694 1590 730 prior
1604 696 1731 721 vestrum
1749 696 1899 720 coronatus
1911 694 1996 727 fuerit,

1195 742 1255 769 istis
1281 741 1428 769 sororibus
1453 741 1557 768 nostris
1583 740 1721 767 Numerite
1747 743 1775 767 et
1800 740 1927 767 Candida:
1951 740 1999 767 tale

1196 790 1343 824 peccatum
1356 788 1513 816 remittant.
1526 788 1595 815 Nam
1611 787 1682 814 hanc
1694 787 1784 822 ipsam
1800 787 1942 813 Etecusam
1953 788 1999 820 (22)

1196 844 1310 871 semper
1324 835 1471 871 appellavi,
1486 834 1565 861 testis
1579 836 1622 861 est
1640 834 1720 861 nobis
1740 834 1822 867 Deus,
1837 834 1900 869 quia
1917 842 1965 869 pro
1977 842 2002 861 se

1197 883 1271 910 dona
1291 882 1450 910 numeravit
1469 890 1505 909 ne
1521 880 1617 917 2'78
1638 881 1821 913 sacriﬁcaret;
1837 881 1885 907 sed
1902 882 2003 907 tantum

331 930 408 961 runt,
435 937 451 955 a
477 929 580 964 quibus
607 930 674 964 ipsis
703 930 736 957 de
763 930 895 965 operibus
922 938 1022 957 eorum
1049 920 1357 966 277Bascendisse
1381 929 1493 956 videtur
1517 936 1606 964 usque
1627 928 1665 955 ad
1686 928 1749 955 Tria
1774 928 1875 954 Fata”
1897 928 1958 962 (23),
1979 929 2004 954 et

333 975 440 1008 audies,
462 976 521 1010 jam
547 976 689 1004 Christum
713 977 763 1010 eis,
792 977 869 1004 vobis
893 977 1065 1012 martyribus
1091 977 1147 1004 suis

333 1022 506 1057 petentibus,
522 1023 711 1050 indulturum.

1196 977 1262 1003 inde
1275 976 1462 1003 descendisse.
1481 976 1555 1002 Hanc
1574 976 1596 992 ³⁸
1611 983 1680 1010 ergo
1700 983 1757 1001 non
1774 974 1941 1001 sacriﬁcasse
1955 982 2003 1008 ego

1197 1024 1264 1051 scio.
1285 1024 1410 1056 Quarum
1430 1024 1491 1058 jam
1515 1030 1600 1049 causa
1622 1022 1726 1055 audita,
1749 1024 1945 1057 prmceperunt
1963 1029 2005 1048 eu

1030 1110 1134 1143 Varias
1156 1110 1323 1142 lectiones.

369 1184 386 1198 "
402 1183 649 1215 Lacrymabundos
664 1185 723 1210 dies
744 1186 798 1209 Vat.
837 1186 856 1202 "
866 1186 889 1210 A
905 1185 1007 1217 quibus
1023 1185 1219 1217 postulandum
1235 1187 1275 1210 est
1290 1186 1320 1209 ut
1333 1185 1494 1210 subvenerit
1507 1186 1563 1209 tam
1576 1183 1696 1208 nefando
1708 1182 1854 1213 naufragio
1871 1182 1926 1217 ναι.
1940 1180 2007 1217 Sub-

335 1218 429 1243 veniat
442 1220 496 1243 tam
509 1219 629 1245 nefando
643 1220 713 1252 Lips.
749 1223 768 1237 ’³
782 1221 885 1246 Memor
897 1216 959 1246 sum
973 1216 1047 1247 enim
1064 1222 1143 1246 Vatic.
1180 1222 1199 1237 ¹⁴
1212 1221 1321 1246 Florida
1332 1221 1458 1246 omnium
1469 1226 1565 1245 eorum
1576 1218 1762 1244 ministerium
1779 1217 1835 1242 ναι.
1872 1217 1890 1233 ’⁵
1901 1216 2009 1247 Suscipe

334 1253 415 1284 Impr.
451 1254 469 1270 ὀ
482 1254 563 1280 Enim
576 1255 702 1281 minister
718 1256 777 1281 Bod.
795 1257 817 1282 1.
853 1256 873 1273 ¹⁷
887 1257 951 1283 Tria
962 1258 1034 1283 facta
1049 1258 1127 1290 Impr.
1165 1256 1184 1274 ’³
1195 1257 1253 1282 Has
1272 1257 1330 1281 Vat.

983 1340 1096 1381 Steph.
1113 1339 1237 1372 Baluzii
1253 1341 1351 1371 notm.

371 1410 463 1448 (16)"In_
479 1411 568 1437 latitia
583 1414 696 1439 Pascha.
716 1415 811 1441 Codex
826 1416 1109 1448 Gratianopolitanus,
1124 1416 1153 1440 in

338 1445 386 1485 hac
403 1446 559 1485 distantiis.
577 1448 767 1482 Cassiodorus,
781 1451 827 1476 lib.
844 1458 882 1482 iv,
898 1445 976 1484 epist.
990 1452 1020 1476 4-2
1036 1459 1041 1475 :
1055 1460 1069 1476 «
1083 1451 1152 1476 Mar-

338 1482 421 1521 ciam-in
429 1483 513 1521 atque
527 1483 639 1521 Maximi
655 1492 706 1511 nos
730 1488 842 1518 querela
861 1482 981 1519 pulsavit
1001 1494 1065 1512 cum
1087 1494 1152 1519 pas—

339 1517 467 1556 chalibus
488 1518 586 1544 diebus
607 1523 711 1552 paterni
735 1517 828 1547 luctus
848 1517 939 1548 essent
955 1524 1070 1548 vulnere
1085 1517 1153 1547 sau~

340 1553 404 1590 ciati
417 1555 445 1590 et
456 1554 484 1578 in
499 1555 559 1586 ipso
574 1556 678 1582 lastitias
693 1560 825 1590 tempore,
841 1568 855 1582 »
870 1561 921 1584 etc.

352 1589 484 1628 "Pascha:
508 1590 546 1616 Ita
570 1593 730 1618 scribebant
758 1595 874 1626 antiqui.
903 1594 1092 1620 Tertullianus
1124 1595 1152 1618 in

338 1623 410 1664 libro
424 1625 455 1649 de
468 1626 573 1651 Corona
587 1635 594 1652 :
608 1637 622 1652 «
634 1629 739 1654 Eadem
753 1623 928 1655 immunitate
946 1637 960 1653 a
976 1630 1021 1655 die
1040 1630 1152 1654 Pascha:

338 1660 366 1684 in
388 1660 567 1687 Pentecosten
591 1671 679 1696 usque
700 1665 861 1696 gaudemus.
879 1675 892 1687 »
907 1665 993 1693 Idem.
1009 1665 1056 1689 lib.
1073 1672 1100 1694 ιι,
1115 1664 1151 1688 ad

339 1702 444 1720 uxorem
457 1704 465 1720 :
480 1705 494 1721 «
512 1698 580 1729 Quis
597 1700 717 1731 denique
732 1701 903 1726 solemnibus
918 1701 1030 1725 Paschte
1045 1700 1152 1725 abnoc—

340 1732 443 1756 tantem
468 1740 585 1759 securus
610 1736 782 1761 sustinebit?
801 1745 815 1760 ››
844 1737 927 1767 Item,
953 1737 1000 1761 lib.
1029 1743 1071 1766 iv,
1099 1736 1152 1760 ad-

340 1772 432 1791 versus
455 1769 635 1795 Marcionem:
661 1780 674 1794 ‹‹
692 1773 760 1797 Nam
789 1780 804 1798 e
829 1775 868 1797 tot
891 1774 967 1797 festis
993 1771 1152 1796 Judworum

341 1802 455 1828 Paschaa
475 1804 548 1829 diem
564 1807 656 1837 elegit.
674 1816 686 1830 ι›
707 1807 865 1833 Concilium
881 1808 1151 1836 Cabarsussitanum,

341 1838 445 1876 clatra
457 1840 529 1865 diem
549 1842 662 1869 Pascha:
677 1844 785 1869 futurae.
799 1853 812 1867 »
829 1844 974 1876 Appendix
996 1842 1153 1868 commoni-

341 1874 402 1898 torii
421 1875 535 1901 Honorii
550 1879 618 1909 Aug.
636 1879 663 1903 in
677 1885 760 1904 causa
781 1874 882 1904 Eulalii
897 1882 924 1904 et
936 1879 1071 1904 Bonifacii
1086 1884 1153 1902 con-

341 1910 515 1936 tendentium
532 1912 567 1938 de
588 1914 750 1945 episcopatu
766 1915 891 1940 Romano
905 1915 978 1946 apud
995 1914 1153 1944 Baronium,

340 1952 356 1969 4x
376 1946 441 1971 Dies
458 1948 504 1979 qui
532 1949 715 1975 imminebant
736 1953 838 1976 sanctas
864 1951 986 1975 Pascha).
1005 1959 1019 1972 »
1043 1950 1154 1977 Arator.

341 1982 388 2006 lib.
413 1989 432 2006 ιι
458 1984 579 2009 Aetuum
604 1987 816 2017 apostolicorum
839 1994 845 2010 :
873 1996 886 2010 «
907 1986 1015 2011 Gaudia
1041 1984 1155 2009 Pascha:

341 2017 430 2042 electo
452 2018 557 2044 latrone
580 2021 687 2046 colis.»
709 2022 756 2046 Sic
780 2023 860 2046 etiam
887 2021 1004 2046 Ruﬁnus
1029 2021 1057 2045 in
1078 2019 1155 2044 libris

343 2053 463 2078 Historia
488 2055 666 2081 ecclesiasticw
691 2060 719 2082 et
746 2058 772 2081 in
790 2058 867 2082 libris
884 2056 1097 2088 Rocognilionum
1122 2056 1154 2080 D.

342 2088 502 2114 Clementis.
520 2091 590 2116 Vide
613 2094 692 2117 notas
712 2092 851 2117 Sirmondi
874 2092 909 2117 ad
932 2091 1089 2117 Concilium
1103 2091 1156 2122 pri-

342 2131 419 2149 mum
436 2126 605 2152 Arelatense.

373 2162 422 2190 (17)
436 2161 587 2187 Subvem‘at.
604 2163 661 2195 Ego
675 2163 767 2188 addidi
783 2163 855 2188 hanc
873 2170 971 2188 vocem
992 2169 1026 2188 ex
1044 2163 1157 2193 conjec—-

343 2198 417 2225 tura,
451 2198 558 2222 tantum
585 2200 616 2222 ut
643 2205 755 2223 sensum
783 2205 817 2223 eo
843 2198 925 2223 modo
950 2198 1155 2223 constitueram.

344 2232 375 2256 bl
398 2233 461 2263 quis
485 2233 612 2258 maluerit
629 2233 798 2259 substituere
814 2233 890 2258 aliud
911 2233 1088 2263 vocabulum,
1102 2239 1157 2257 non

344 2273 477 2299 repugno.

1203 1423 1253 1441 cus
1281 1417 1309 1440 in
1335 1415 1503 1447 quibusdam
1523 1413 1702 1444 editionibus,
1724 1413 1752 1437 in
1776 1412 1841 1437 aliis
1865 1410 2011 1447 Ethusam.

1203 1452 1307 1476 Verum
1337 1446 1437 1476 Eeusa
1462 1451 1509 1475 illa
1543 1450 1661 1474 multum
1696 1447 1789 1473 differt
1823 1447 1859 1471 ab
1890 1446 2010 1471 Etecusa.

1203 1487 1293 1516 (Haud
1312 1486 1512 1512 contemnenda
1537 1486 1660 1516 profecto
1677 1485 1749 1508 esset
1764 1483 1928 1513 conjectura
1948 1479 2013 1505 Dod-

1203 1523 1275 1547 welli
1295 1523 1359 1547 Diss.
1378 1523 1457 1554 Cypr.
1474 1522 1509 1546 ad
1531 1529 1572 1553 ep.
1593 1521 1624 1545 Ἡ
1643 1521 1682 1551 (Ῡ),
1699 1518 1851 1550 legendum
1865 1516 2012 1554 esse/Ecu-

1203 1566 1257 1583 sam
1268 1566 1276 1589 ;
1289 1552 1406 1582 ἀεκοῦσαί
1417 1552 1499 1583 enim
1515 1552 1686 1585 dicebantur,
1702 1561 1766 1586 quae
1784 1555 1882 1579 contra
1896 1552 2014 1589 volunta-

1203 1585 1310 1619 tem'vi
1332 1594 1566 1625 contumeliisque
1591 1585 1727 1623 superatas
1756 1590 1909 1615 cesserant.
1940 1585 2014 1612 Modo

1204 1638 1268 1655 mss.
1284 1631 1414 1655 faverent.
1429 1629 1596 1660 (GOLDAST.)
1856 1661 1860 1663 Δ

1233 1667 1281 1697 (23)
1300 1667 1361 1691 Tria
1388 1659 1464 1690 Fata.
1498 1665 1535 1689 lta
1557 1663 1644 1689 codex
1664 1662 1835 1698 Vaticanus,
1853 1661 1881 1698 in
1901 1659 2015 1698 editione

1202 1695 1356 1734 Angl‘icana
1380 1701 1518 1730 laudatus,
1533 1700 1590 1725 duo
1614 1701 1706 1724 vetera
1726 1696 1898 1734 exemplaria
1912 1695 2015 1733 Latiuii.

1202 1732 1290 1763 unum
1310 1745 1344 1762 ex
1361 1744 1421 1762 mea
1445 1736 1624 1761 bibliotheca.
1648 1734 1744 1765 Neque
1759 1732 1881 1757 dubium
1899 1733 1940 1755 est
1955 1732 2015 1760 quin

1203 1775 1264 1799 haec
1288 1774 1323 1798 sit
1342 1780 1406 1798 vera
1428 1773 1520 1797 lectio.
1543 1771 1595 1796 Hic
1617 1772 1710 1795 autem
1732 1769 1823 1798 locus,
1845 1767 1895 1799 qui
1908 1765 2017 1793 nullam,

1203 1811 1233 1834 ut
1255 1816 1306 1840 ego
1330 1808 1443 1840 quidem
1465 1807 1591 1837 arbitror,
1612 1805 1696 1830 habet
1717 1803 1925 1840 difﬁcultatem,
1944 1799 2017 1824 valde

1204 1837 1319 1869 vexatus
1339 1837 1387 1868 'est
1415 1843 1449 1867 ab
1475 1842 1688 1874 interpretibus,
1711 1837 1939 1874 existimantibus
1962 1841 2016 1874 eam

1204 1881 1350 1905 lectionem
1373 1884 1429 1903 non
1449 1885 1510 1903 esse
1528 1871 1638 1902 bonam.
1661 1877 1697 1901 Et
1713 1877 1811 1900 tamen
1835 1873 1906 1898 mihi
1920 1871 2018 1896 constat

1204 1916 1310 1940 nullam
1331 1915 1414 1939 aliam
1437 1920 1519 1945 posse
1537 1920 1597 1938 esse
1612 1913 1713 1937 bonam
1728 1912 1831 1942 praeter
1850 1906 2018 1946 istam..Con-

1204 1950 1316 1975 ﬁrmant
1339 1956 1419 1981 porro
1438 1941 1508 1974 leam
1539 1949 1599 1973 loca
1631 1947 1665 1972 ad
1695 1941 1915 1982 explicationem
1944 1941 2018 1982 built!

1205 1987 1258 2011 loci
1280 1993 1314 2011 ex
1332 1979 1416 2017 éestis
1440 1984 1650 2016 pontiﬁcalibus
1667 1983 1748 2008 allata
1769 1989 1786 2007 a
1807 1981 1877 2005 viris
1897 1979 2019 2017 doctissi—

1205 2022 1266 2046 mis.
1287 2012 1386 2053 Negari
1410 2012 1514 2053 quippe
1537 2027 1592 2045 non
1617 2021 1707 2051 potest
1728 2018 1798 2050 quin
1824 2017 1930 2044 Romae,
1952 2012 2019 2053 upde

1206 2058 1267 2083 haec
1282 2050 1396 2089 epistola
1414 2050 1514 2088 scripta
1528 2058 1578 2086 est,
1594 2056 1678 2080 fuerit
1694 2055 1775 2079 locus
1794 2052 1951 2090 appellatus
1966 2050 2020 2090 Tfia

1206 2095 1284 2119 Fata.
1300 2088 1397 2124 Hujus
1417 2093 1455 2117 rei
1477 2092 1603 2123 locuples
1618 2090 1698 2115 nobis
1715 2090 1795 2114 testis
1811 2090 1855 2114 est
1867 2088 2020 2124 Procopius,

1207 2129 1253 2153 lib.
1274 2135 1290 2159 ι,
1306 2121 1365 2160 cap.
1392 2128 1431 2156 25,
1449 2127 1481 2152 de
1504 2121 1575 2151 Βσῐιο
1600 2125 1715 2154 Gothico,
1733 2124 1784 2148 ubi
1807 2123 1907 2160 scribit
1927 2121 2020 2145 Janum

1207 2165 1295 2190 tndem
1323 2163 1454 2189 habuisse
1486 2164 1514 2188 in
1541 2163 1600 2187 foro
1627 2169 1662 2187 ex
1686 2159 1922 2196 adversorcuriaa
1947 2161 2022 2196 super

1211 2200 1270 2225 Tria
1286 2200 1360 2224 Fata.
1385 2199 1501 2225 Constat
1522 2201 1616 2223 autem
1639 2198 1786 2222 mulierem
1808 2195 1845 2220 de
1867 2194 2022 2231 quaagitur

1208 2236 1236 2261 in
1261 2235 1312 2261 hac
1333 2235 1448 2267 epistola
1475 2234 1608 2264 Celerini,
1625 2232 1795 2262 ascendisse,
1818 2232 1847 2256 in
1869 2227 2022 2267 capitolium

1208 2263 1359 2300 videlicet;
1379 2273 1410 2295 ut
1434 2271 1619 2300 sacriﬁcaret,
1647 2269 1694 2294 sed
1720 2267 1885 2292 substitisse
1910 2264 1944 2289 ad
1967 2263 2023 2300 Ῑνίιᾌ

376 2298 423 2334 (18)
440 2304 632 2330 Ροειιιιαιανωι.
650 2305 746 2331 Codex
768 2305 1052 2336 Gratianopolitanus,
1065 2303 1290 2337 pastu—D1701“,
1314 2298 1350 2330 ρι’
1373 2306 1437 2330 inde
1467 2298 1661 2334 descendisse,
1688 2302 1870 2335 pmniiudine
1903 2298 2023 2337 videlicet

345 2338 454 2364 landum
467 2343 503 2365 est
515 2340 652 2366 subveniat
666 2343 720 2365 tam
733 2340 848 2372 nefando
863 2340 1015 2371 naufragio.

377 2376 425 2406 (19)
451 2376 502 2400 Pro
525 2376 660 2401 sororibus
685 2377 791 2401 uestris.
818 2376 858 2400 Ita
882 2375 966 2401 editio
990 2375 1157 2407 Anglicana,

344 2417 427 2442 quam
441 2411 586 2437 conﬁrmat
597 2413 683 2437 codex
697 2412 977 2443 Gratianopolitanus.
994 2410 1033 2434 Ita
1048 2416 1159 2441 quoque

345 2453 375 2470 se
395 2447 527 2479 scriptum
551 2448 654 2473 vidisse
678 2449 704 2472 in
730 2448 840 2472 duobus
866 2447 988 2478 antiquis
1016 2445 1159 2470 codicibus

346 2486 460 2509 testatur
483 2486 616 2510 Latinius.
644 2486 674 2510 In
698 2492 758 2510 meo
790 2485 904 2517 legitur,
935 2492 949 2507 «
974 2484 1024 2508 Per
1052 2489 1159 2507 sorores

346 2524 462 2547 nostras.
477 2530 492 2545 »

379 2559 427 2588 (20)
448 2561 481 2584 Et
499 2567 570 2584 nunc
590 2566 668 2591 super
689 2559 766 2591 ipsos.
783 2555 877 2584 Codex;
893 2565 981 2587 meus,
1002 2565 1014 2578 α
1030 2557 1065 2582 Et
1085 2563 1160 2581 nunc

346 2604 430 2628 super
451 2597 524 2628 ipsos
549 2597 639 2621 factus
662 2597 799 2620 antistites
820 2596 869 2620 Dei
891 2594 1060 2626 recognovit,
1076 2593 1104 2617 id
1120 2594 1161 2617 est

347 2633 481 2657 minister.
496 2643 509 2655 »
524 2632 570 2657 Sic
585 2633 667 2657 etiam
685 2632 712 2656 in
732 2630 996 2661 Gratianopolitano,
1015 2629 1069 2653 nisi
1085 2629 1160 2660 quod

348 2668 405 2693 illic
419 2669 554 2700 scriptum
569 2670 609 2693 est
624 2667 740 2693 antistes.
757 2666 889 2692 Sidonius
903 2665 950 2689 lib.
966 2671 1014 2693 vn,
1026 2665 1103 2696 epist.
1118 2665 1159 2688 t7:

348 2715 362 2726 «
377 2704 478 2735 Quaeso
494 2707 522 2728 ut
535 2703 621 2729 abbas
633 2704 668 2728 sit
683 2703 766 2727 frater
779 2701 938 2731 Auxanius,
954 2702 983 2724 tu
996 2706 1060 2724 vero
1075 2701 1101 2723 et
1114 2706 1161 2723 su-

348 2747 397 2772 pra
410 2739 547 2764 abbatem.
563 2747 577 2762 ι)

381 2775 429 2805 (21)
451 2771 591 2799 Fratribus
611 2774 671 2799 tuis.
695 2773 734 2798 Ita
755 2775 863 2798 veteres
886 2771 949 2796 libri
969 2772 994 2795 et
1016 2770 1160 2795 editiones.

349 2811 419 2836 Male
433 2811 460 2835 in
474 2810 593 2836 editione
610 2810 773 2841 Anglicana,
790 2817 803 2833 α
818 2808 960 2832 Fratribus
976 2807 1030 2832 tuis
1045 2808 1073 2831 et
1084 2807 1163 2835 meis,

349 2849 418 2873 meis
432 2848 561 2873 dominis.
578 2856 591 2869 »

378 2885 427 2915 ('22)
454 2885 599 2909 Elecusam.
622 2883 768 2908 Gisbertus
788 2881 924 2912 Cuperus,
945 2880 973 2904 in
987 2878 1110 2915 epistola
1129 2876 1163 2901 ad

350 2914 467 2945 Paulum
494 2920 640 2949 Voelium,
669 2920 763 2942 mouet
786 2917 960 2952 episcopum,
977 2914 1164 2952 Cestrieusem

352 2956 526 2988 rescripsisse
543 2948 675 2980 zEcusam.
701 2953 829 2979 .Ecusam
854 2951 922 2977 dixit
945 2950 1039 2977 Julius
1065 2948 1163 2974 Firmi-

1208 2334 1330 2367 ductam.
1361 2341 1432 2366 Cum
1464 2348 1529 2366 vero
1556 2334 1707 2371 Procopius
1736 2338 1846 2363 scribat
1876 2336 1939 2361 Tria
1967 2334 2024 2371 Fata

1210 2379 1295 2403 fuisse
1317 2384 1402 2409 prope
1423 2377 1512 2402 eadem
1533 2376 1596 2400 Jani
1617 2368 1653 2400 ei
1674 2374 1792 2399 adverso
1808 2373 1906 2402 curias,
1925 2368 2023 2409 cum’l’.

1210 2414 1305 2438 Victor
1317 2405 1453 2444 templum
1472 2412 1535 2437 Jani
1554 2412 1639 2443 ponat
1658 2416 1742 2442 prope
1760 2410 1867 2438 forum,
1884 2413 1948 2431 cum
1965 2405 2024 2443 Diq-

1210 2450 1307 2480 nysius
1331 2448 1568 2476 Halicarnasseus,
1588 2447 1636 2471 lib.
1661 2453 1688 2475 ιι,
1714 2445 1817 2470 doceat
1844 2444 1936 2480 forum
1960 2446 2026 2472 post-

1210 2478 1267 2509 tum
1291 2485 1377 2509 fuisse
1397 2483 1488 2508 medio
1505 2484 1575 2507 inter
1589 2481 1758 2513 Capitolium
1775 2482 1803 2504 et
1817 2478 1952 2511 palatium
1966 2482 2025 2506 spa-

1211 2521 1257 2549 tio,
1272 2521 1299 2544 in
1323 2519 1435 2550 planitie
1451 2518 1588 2550 Capitolio
1601 2517 1735 2548 subjecta,
1755 2514 1925 2546 Onupbrius
1941 2514 2026 2550 autem

1212 2547 1360 2580 Pauvini-us
1382 2555 1410 2578 in
1428 2547 1615 2585 descriptione
1636 2547 1714 2576 urbis
1736 2551 1839 2576 Romae
1861 2547 2026 2585 annotaverit

1211 2593 1333 2615 montem
1356 2590 1512 2614 Palatinum
1522 2582 1636 2614 habere
1660 2587 1694 2612 ad
1716 2593 1854 2611 occasum
1876 2586 1965 2610 forum
1980 2582 2027 2622 lto-

1211 2633 1324 2651 uianum
1355 2628 1381 2650 et
1403 2625 1577 2657 Capitolium
1604 2625 1631 2649 et
1654 2623 1688 2647 ad
1716 2622 1940 2653 septentrionem
1962 2623 2027 2657 want

1212 2661 1341 2691 Sacram,
1368 2663 1393 2686 et
1423 2653 1524 2684 auctur'
1555 2660 1688 2684 Gestorum
1719 2657 1916 2689 pontiﬁcalimn
1948 2653 2026 2678 tradat

1212 2697 1355 2722 basilicam
1378 2698 1539 2721 sanctorum
1562 2694 1670 2720 Cosmus
1692 2695 1720 2718 et.
1735 2693 1879 2720 Damiani,
1898 2697 1957 2723 qua
1977 2690 2027 2714 erat

1212 2733 1264 2758 sita
1289 2733 1317 2756 in
1344 2731 1437 2757 Tribus
1462 2732 1550 2759 Fatis,
1576 2730 1662 2754 fuisse
1691 2730 1774 2753 sitam
1805 2728 1835 2752 in
1866 2728 1910 2752 via
1937 2726 2027 2753 Sacra,

1212 2776 1296 2801 quam
1323 2767 1454 2795 Ovidius,
1477 2767 1506 2791 in
1530 2766 1600 2791 libro
1624 2772 1653 2790 ιιι
1680 2763 1825 2801 Τνίδιίυγῃ,
1851 2764 1925 2801 locat
1952 2765 2028 2801 prope

1213 2797 1303 2829 forum
1326 2806 1352 2828 et
1377 2802 1520 2835 palatium,
1538 2801 1586 2826 ubi
1610 2801 1761 2825 Fabiorum
1788 2799 1927 2824 fornicem
1952 2797 2028 2835 fuisse

1213 2840 1294 2865 docet
1321 2833 1433 2868 Cicero,
1454 2838 1482 2862 in
1510 2837 1635 2862 Oratione
1657 2843 1707 2868 pro
1736 2835 1783 2860 Ch.
1816 2835 1939 2863 Plancio,
1961 2833 2028 2868 hunc

1214 2877 1305 2900 autem
1329 2874 1462 2899 fornicem
1485 2874 1570 2898 fuisse
1592 2867 1718 2897 vicinum
1739 2872 1842 2896 rostris
1865 2871 1961 2895 doceat
1984 2867 2027 2906 se:

1214 2918 1292 2940 neca,
1310 2911 1338 2934 in
1353 2910 1442 2941 capite
1463 2916 1481 2934 ιι
1503 2909 1566 2933 libri
1585 2908 1657 2938 Quod
1677 2908 1705 2931 in
1726 2907 1873 2938 sapientem
1894 2912 1945 2931 non
1966 2903 2029 2941 cadit

1214 2947 1334 2981 injuria,
1357 2940 1395 2971 et,
1406 2945 1541 2972 fornicem
1564 2944 1644 2970 illum
1667 2943 1810 2970 Asconius
1832 2942 1980 2969 Pedianus
2002 2940 2027 2964 in
