4160 6216
260 276 341 331 285
1344 298 1347 301 ·
1660 276 1833 333 EPIS'J

1942 281 1984 336 A
2013 279 2141 334 XXI.

3465 287 3569 341 286

255 400 495 474 praepositi
544 402 651 471 (24)
692 400 970 473 tantisper
1008 400 1086 455 sic
1129 417 1250 456 esse
1297 401 1483 456 donec
1533 400 1834 475 episcopus
1855 417 1914 492 Α
1937 408 2162 461 estcum
2179 405 2543 479 diabolo,qui
2567 410 2623 463 et
2638 408 2841 463 Christi
2856 424 3069 465 nomen
3089 413 3175 465 est
3193 410 3420 466 fortiter
3441 425 3571 466 con-

254 496 601 551 constituatur.
628 495 735 551 Sed
761 499 1043 566 quatenus
1070 512 1171 565 per
1200 499 1417 549 vestras
1448 502 1674 551 sanctas
1705 513 1830 550 ora-

251 592 395 645 tiones
424 590 463 623 ¹⁹
492 594 547 642 et
584 590 908 659 petitiones,
933 588 989 643 in
1020 603 1158 659 quas
1185 605 1287 643 nos
1319 590 1368 624 ³ο
1397 586 1646 655 tidimus,
1689 606 1832 661 quo-

249 685 372 738 niam
410 683 532 737 estis
558 682 721 736 amici
752 682 854 736 sed
884 687 939 736 et
964 687 1138 736 testes
1176 683 1400 750 Christi,
1435 684 1589 754 quod
1616 684 1660 718 ²¹
1706 699 1830 738 om-

245 776 322 831 nia
347 776 696 846 indulgeatis.

301 871 374 925 IV.
400 871 525 924 Peto
567 886 728 941 ergo,
768 869 1001 924 domine
1039 870 1372 925 charissime
1409 870 1677 940 Luciane,
1708 886 1833 924 mc-

243 980 349 1018 mor
370 964 438 1017 sis
463 964 596 1031 mei,
628 969 684 1019 et
726 962 987 1034 petitioni
1026 980 1171 1018 meas
1199 980 1435 1019 annuas.
1465 964 1551 1020 Sic
1581 964 1836 1019 Christus

243 1073 473 1112 coronam
505 1057 665 1111 illam
693 1063 963 1126 sanctam,
995 1074 1169 1128 quam
1197 1057 1301 1112 tibi
1347 1073 1460 1112 non
1508 1061 1732 1112 tantum
1776 1056 1834 1111 in

241 1150 556 1206 confessione
586 1151 687 1205 sed
713 1154 769 1205 et
808 1150 866 1205 in
913 1151 1291 1205 sanctimonio
1339 1150 1452 1223 (25)
1500 1150 1739 1206 tradidit
1777 1150 1835 1205 in

240 1261 333 1316 qua
355 1261 575 1316 semper
612 1244 928 1311 cucurristi,
957 1244 1283 1316 exemplum
1322 1251 1652 1300 sanctorum
1682 1261 1831 1299 sem-

241 1353 324 1408 per
345 1342 394 1392 et
418 1339 572 1393 testis
613 1338 789 1407 fuisti,
822 1343 883 1392 ut
922 1338 1187 1392 omnibus
1224 1337 1470 1393 dominis
1515 1339 1681 1405 meis,
1717 1339 1832 1393 fra-

239 1430 387 1486 tribus
412 1432 517 1485 tuis
544 1431 984 1498 confessoribus,
1020 1432 1231 1485 referas
1258 1432 1327 1486 de
1369 1433 1479 1487 hoc
1511 1433 1677 1500 facto,
1714 1439 1774 1487 ut
1801 1450 1835 1486 a

239 1524 365 1578 vobis
391 1524 665 1579 auxilium
692 1524 990 1595 recipiant.
1020 1525 1163 1578 Nam
1199 1525 1328 1593 hoc,
1363 1525 1593 1580 domine
1634 1525 1831 1594 frater,

236 1617 352 1672 scire
375 1617 564 1686 debes,
591 1633 683 1672 me
713 1616 907 1690 279
927 1634 1044 1672 non
1066 1619 1249 1672 solum
1270 1619 1379 1673 hoc
1396 1635 1499 1690 pro
1519 1620 1598 1672 eis
1615 1622 1831 1690 petere,

237 1711 313 1765 sed
333 1717 382 1765 et
399 1712 638 1767 Statium
659 1712 772 1783 (26)
790 1717 848 1766 et
862 1712 1232 1767 Severianum
1252 1716 1310 1767 et
1330 1728 1532 1767 omnes
1553 1713 1835 1769 confesso-

1934 501 2117 554 fessus
2134 500 2205 567 π,
2239 502 2339 571 qui
2370 504 2425 555 et
2457 501 2537 555 ibi
2572 502 2632 555 in
2662 519 2827 572 ptena
2857 504 3203 573 ungularum
3231 504 3458 559 fortiter
3483 509 3570 560 est

1935 595 2246 663 confessus,
2278 595 2374 665 qui
2402 599 2458 649 et
2485 595 2589 649 hoc
2618 594 2787 649 nimis
2819 602 2984 667 rogat
3012 600 3069 652 et
3111 598 3271 668 petit.
3306 598 3568 654 Salutant

1934 692 1990 741 te
2028 686 2233 741 fratres
2261 687 2341 742 tui
2368 689 2752 759 Calphurnius
2777 696 2834 743 et
2866 690 3039 745 Maria
3069 696 3127 745 et
3165 707 3365 745 omnes
3389 691 3569 747 sancti

1936 780 2163 835 fratres.
2209 781 2349 835 Nam
2398 788 2455 836 et
2499 782 2608 837 hoc
2662 782 2802 836 scire
2847 783 3034 850 debes,
3086 800 3178 838 me
3225 790 3283 838 et
3323 784 3566 839 dominis

1935 874 2076 930 meis
2130 875 2398 929 fratribus
2442 876 2553 931 tuis
2603 875 2856 949 [litteras]
2905 876 3209 947 scripsisse,
3255 893 3398 948 quas
3437 882 3570 948 peto

1935 967 2045 1022 illis
2077 983 2174 1023 eas
2198 969 2392 1039 legere
2424 970 2691 1039 digneris.

2432 1074 2750 1129 EPISTOLA
2794 1075 2900 1129 XXI
2930 1074 3062 1144 (28).

1934 1165 2170 1227 (Pamel.,
2205 1176 2314 1216 χχιι
2334 1181 2349 1228 ;
2388 1166 2524 1229 Big.,
2562 1166 2754 1228 Baluz.,
2790 1166 2971 1299 tiaris,
3008 1177 3138 1230 XXI;
3181 1168 3369 1227 Oxon.,
3403 1165 3563 1230 Lips,

2670 1250 2800 1291 XXII.

2670 1250 2800 1291 XXII.

2281 1339 2545 1379 LUCIANUS
2582 1338 2892 1380 RESPONDE‘I‘
2932 1340 3220 1380 CELERINO.

1934 1420 2333 1472 Aaconanruu.
2361 1447 2430 1457 -
2469 1420 2746 1473 Lucianus
2791 1419 3028 1475 Celcrini
3062 1421 3318 1489 petitioni
3346 1421 3563 1474 annuit.

2006 1522 2044 1574 l.
2100 1519 2377 1575 Lucianus
2437 1521 2693 1577 Celerino
2748 1521 3001 1588 domino,
3049 1521 3096 1576 si
3149 1521 3358 1608 dignus
3404 1521 3567 1577 fuero

1933 1614 2139 1681 vocari,
2172 1615 2389 1686 collega
2431 1615 2491 1669 in
2543 1615 2765 1671 Christo
2803 1616 3070 1670 salutem.
3103 1615 3307 1686 Accepi
3352 1614 3568 1670 litteras

1936 1714 2080 1776 tuas,
2111 1709 2348 1763 domine
2375 1709 2552 1764 frater
2577 1709 2964 1776 dilectissime,
2998 1709 3056 1763 in
3087 1709 3291 1779 quibus
3323 1725 3417 1763 me
3448 1713 3569 1763 tan-

236 1822 306 1858 res
319 1805 552 1875 quiinde
570 1804 727 1859 huca
751 1805 906 1859 vobis
927 1806 1312 1872 venerunt,ad
1328 1806 1615 1877 quosipsae
1634 1807 1690 1860 in
1709 1823 1837 1878 por-
1856 1788 1912 1860 B
1938 1807 2060 1857 tum
2089 1803 2363 1873 gravasti,
2399 1806 2462 1857 ut
2487 1808 2719 1874 propter
2743 1807 2902 1857 tuam
2928 1803 3318 1873 gravationem
3335 1803 3383 1838 ³³
3411 1804 3566 1857 tanto

236 1900 333 1952 tum
354 1897 788 1967 descenderunt,
802 1899 933 1953 etin
950 1899 1148 1954 urbem
1172 1900 1499 1955 levaverunt
1513 1901 1662 1971 quod
1680 1917 1839 1956 sexa-

234 1992 361 2063 ginta
374 1993 634 2064 quinque
657 1993 1211 2063 ministraverunt,et
1227 2010 1404 2066 usque
1418 1994 1477 2048 in
1494 1994 1837 2050 hodiernum

234 2085 278 2139 in
311 2086 569 2141 omnibus
597 2087 879 2142 foverunt.
910 2086 1064 2142 Sunt
1092 2087 1247 2141 enim
1268 2104 1446 2159 penes
1468 2087 1592 2142 illas
1613 2104 1835 2144 omnes.

230 2180 275 2232 Pl
284 2196 338 2233 us
350 2186 542 2235 autem
560 2196 793 2252 gravare
805 2195 902 2235 cor
917 2180 1055 2236 illud
1067 2184 1324 2236 sanctum
1341 2184 1501 2238 tuum
1516 2198 1631 2237 non
1644 2182 1835 2250 debui,

231 2288 338 2326 cum
362 2273 537 2329 sciam
570 2278 623 2329 te
665 2290 848 2346 prona
888 2276 1178 2331 voluntate
1219 2276 1463 2347 operari.
1498 2276 1751 2332 Salutant
1786 2282 1840 2331 te

226 2365 512 2423 Macharius
536 2370 644 2439 (27)
665 2384 799 2423 cum
830 2368 1118 2424 sororibus
1140 2370 1265 2424 .suis
1302 2370 1562 2427 Cornelia
1587 2375 1643 2425 et
1669 2372 1836 2426 Eme-

227 2462 339 2527 rita,
367 2478 494 2533 qua:
524 2462 797 2517 laetantur
822 2462 893 2517 de
922 2462 1279 2518 confessione
1300 2468 1399 2519 tua
1424 2463 1645 2532 ﬂorida,
1664 2464 1763 2519 sed
1781 2466 1840 2518 et

226 2555 461 2610 omnium
490 2556 764 2627 fratrum,
796 2562 851 2613 et
870 2557 1228 2629 Saturninus,
1255 2557 1355 2630 qui
1369 2561 1426 2613 et
1450 2558 1569 2630 ipse
1592 2559 1838 2614 luctatus

1938 1896 2148 1968 gaudio
2189 1912 2335 1968 pene
2386 1896 2719 1963 exciderim,
2750 1901 2812 1951 ut
2852 1896 3071 1950 litteras
3100 1912 3240 1967 quas
3260 1896 3308 1930 ³³⁸
3350 1900 3406 1950 et
3455 1911 3562 1966 ego

1938 1991 2199 2063 optabam
2232 1989 2425 2063 280
2452 1995 2581 2062 post
2611 1994 2829 2045 tantum
2856 1989 3128 2061 temporis
3147 1988 3432 2060 legere,in
3447 1989 3569 2060 qui-

1937 2086 2044 2140 bus
2085 2084 2202 2141 mei
2240 2086 2508 2156 dignatus
2553 2100 2610 2139 es
2633 2100 2957 2140 memorare
2984 2084 3053 2152 ’5,
3086 2082 3363 2138 beneﬁcio
3393 2084 3564 2138 tantae

1937 2185 2049 2235 tuae
2108 2178 2445 2234 humilitatis
2491 2179 2685 2250 legere
2734 2177 3120 2245 exultaverim,
3170 2177 3268 2249 qui
3317 2177 3568 2232 scribens

1938 2274 2082 2329 mihi
2123 2273 2341 2328 diceres
2367 2273 2416 2308 ²⁶
2449 2289 2462 2327 :
2502 2272 2557 2328 Si
2601 2272 2808 2344 dignus
2847 2272 3011 2327 fuero
3057 2272 3238 2326 frater
3277 2270 3566 2326 nominari

1939 2371 2088 2433 tuus,
2118 2367 2365 2423 hominis
2394 2367 2494 2438 qui
2534 2367 2683 2437 apud
2716 2367 3038 2437 pusilliores
3068 2382 3279 2422 nomen
3309 2366 3406 2421 Dei
3432 2380 3563 2419 cum

1938 2463 2148 2518 timore
2176 2461 2463 2518 confessus
2487 2477 2637 2515 sum.
2676 2461 2819 2515 Nam
2852 2466 2935 2529 tu,
2965 2462 3077 2516 Deo
3109 2461 3350 2529 volente,
3381 2459 3567 2532 ipsum

1938 2572 2188 2629 anguem
2222 2555 2498 2627 majorem
2527 2556 2637 2626 (29)
2668 2555 3065 2610 metatorem"
3097 2554 3418 2611 antichristi
3431 2552 3565 2625 (30),

1589 2693 1800 2759 Variae
1841 2692 2179 2758 lectiones.

275 2809 311 2840 ’θ
339 2810 701 2874 Operationes
750 2812 866 2862 Vat.
936 2812 977 2844 ιο
1025 2812 1194 2863 Nobis
1244 2815 1355 2864 Vat.
1423 2815 1466 2847 ²¹
1490 2814 1603 2877 Qui
1653 2816 1771 2865 Vat.
1836 2817 1878 2848 ³³
1916 2814 2015 2865 Est
2067 2813 2357 2865 confessus
2411 2814 2567 2862 Oxon.
2638 2815 2678 2845 '3
2712 2813 2984 2876 Perpetua
3035 2811 3356 2876 gravatione
3402 2812 3560 2873 Impr.

223 2879 498 2949 f‘Litteras
539 2886 665 2931 tuas
704 2894 846 2945 quas
881 2882 1035 2931 Oxon.
1082 2897 1146 2933 ea:
1192 2884 1301 2934 Vat.
1367 2882 1411 2918 ³⁵
1443 2886 1736 2937 Memorari
1773 2886 1931 2936 Oxon.
1980 2899 2043 2934 ex
2092 2885 2204 2934 Vat.
2273 2883 2317 2917 ³⁸
2345 2884 2499 2935 Dicis
2538 2884 2696 2948 Impr.
2765 2881 2807 2916 ³⁷
2835 2884 3095 2949 Majorem
3143 2885 3197 2933 et
3241 2880 3568 2932 atrociorem

228 2947 325 2998 ναι.

1506 3017 1731 3101 Steph.
1778 3018 2023 3081 Baluzii
2062 3022 2261 3080 notae.

220 3147 588 3196 Commentario
616 3146 688 3196 ad
716 3148 971 3199 actionem
997 3151 1225 3212 primum
1260 3152 1316 3199 in
1367 3153 1574 3203 Verrem
1604 3153 1835 3217 scripse-

220 3218 278 3265 rit
313 3219 474 3268 situm
525 3219 700 3269 fuisse
747 3222 803 3269 in
833 3220 979 3271 clivo
1008 3224 1308 3286 capitolino
1351 3228 1407 3273 et
1452 3223 1580 3274 inde
1622 3230 1833 3276 rectam

221 3288 344 3337 viam
405 3290 476 3338 ad
547 3290 728 3340 forum
795 3291 971 3342 fuisse
1035 3306 1132 3356 per
1194 3294 1378 3344 forum
1443 3299 1499 3344 et
1563 3308 1662 3358 per
1711 3296 1836 3345 Tria

216 3358 348 3407 Fata.
389 3360 497 3409 Dio
550 3373 681 3410 vero
727 3361 986 3423 Cassius,
1032 3364 1126 3414 lib.
1176 3378 1289 3423 LIV,
1342 3370 1398 3416 et
1446 3366 1833 3426 Herodianus,

217 3428 294 3478 lib.
334 3443 409 3488 tv.
448 3431 667 3481 aditum
711 3433 881 3483 fuisse
932 3447 1029 3496 per
1064 3434 1212 3485 viam
1256 3436 1481 3487 Sacram
1536 3439 1592 3487 in
1631 3439 1834 3496 forum,

216 3504 556 3552 manifestum
605 3509 687 3553 est
731 3517 853 3553 eam
903 3504 1199 3556 lectionem
1252 3520 1376 3557 esse
1424 3520 1611 3556 veram
1667 3521 1835 3571 quam

216 3584 302 3620 nos
360 3574 716 3623 retinuimus.
783 3574 968 3636 Quare
1020 3576 1225 3625 nollem
1288 3579 1435 3627 viros
1485 3577 1837 3627 doctissimos

217 3644 366 3693 fuisse
394 3648 515 3694 tam
550 3645 742 3696 faciles
775 3648 828 3694 in
862 3646 1179 3710 recipienda
1214 3651 1535 3711 conjectura
1573 3649 1835 3701 Gronovii

216 3715 492 3765 scribentis
524 3717 580 3764 in
620 3730 740 3780 cap.
775 3719 834 3767 14
868 3716 1332 3770 Observationum
1371 3723 1427 3770 in
1474 3721 1836 3784 scriptoribus

217 3785 596 3834 ecclesiasticis
624 3785 869 3850 dryfarta
912 3790 1296 3850 reponendum
1333 3804 1456 3841 esse
1498 3795 1553 3840 iu
1585 3792 1689 3842 hac
1719 3794 1832 3855 epi—

218 3855 336 3903 stola
376 3856 625 3905 Celerini
670 3870 766 3919 pro
814 3859 937 3907 Tria
982 3860 1140 3915 Fata,
1172 3874 1301 3910 cum
1346 3867 1561 3911 certum
1607 3863 1681 3911 sit
1712 3875 1835 3912 eam

217 3926 649 3977 emendationem
691 3940 813 3977 esse
862 3933 1125 3979 tentatam
1168 3936 1356 3981 contra
1394 3935 1643 3983 omnium
1682 3938 1833 3983 vete—

216 4009 323 4045 rum
378 3998 653 4048 librorum
706 4003 762 4048 et
808 3999 1118 4051 editionum
1158 4003 1325 4052 ﬁdem
1374 4008 1429 4054 et
1470 4004 1683 4069 absque
1720 4004 1835 4054 ulla

216 4069 548 4140 necessitate.
606 4069 799 4133 Itaque
846 4072 968 4133 jure
1021 4074 1333 4138 meritoque
1386 4078 1586 4140 rejecta
1640 4080 1726 4126 est
1774 4077 1831 4124 in

215 4137 437 4208 editione
476 4140 811 4212 Anglicana.
865 4142 1030 4193 Porro
1083 4137 1625 4212 Celerinum,'quod
1673 4148 1835 4197 nobis

216 4222 349 4259 nunc
392 4210 674 4261 incumbit
718 4211 1099 4275 probandum,
1145 4216 1318 4267 fuisse
1362 4210 1738 4279 tum’Romae,
1780 4223 1835 4269 et

214 4282 289 4330 alii
308 4285 419 4346 jam
448 4288 813 4354 monuerunt,
842 4290 896 4332 et
918 4285 1096 4349 liquet
1118 4300 1189 4337 ex
1211 4289 1334 4339 loco
1363 4290 1536 4353 ipsius
1562 4292 1829 4354 epistolae,

213 4365 319 4415 pag.
359 4354 439 4415 29,
474 4353 574 4402 ubi
623 4352 914 4404 Celerinus
941 4358 1017 4405 ait
1054 4352 1442 4422 supersessum
1487 4352 1614 4412 esse
1647 4374 1831 4412 causa:

214 4424 567 4485 quarumdam
607 4425 906 4475 mulierum
957 4428 1119 4478 donec
1153 4432 1420 4496 episcopus
1465 4434 1832 4487 constituatur,

212 4496 259 4567 id
292 4501 391 4557 est,
420 4497 604 4546 donec
650 4497 808 4546 locus
854 4498 1015 4561 Petri,
1050 4502 1146 4564 qui
1174 4504 1403 4553 vacabat
1434 4508 1557 4567 post
1599 4510 1831 4555 mortem

1854 3174 1908 3248 Ο
1934 3153 2199 3216 lagianos.

2002 3224 2095 3248 nam
2132 3223 2199 3248 (ν...

2001 3224 2095 3287 (26)
2124 3223 2226 3273 Sed
2249 3228 2295 3273 et
2321 3224 2563 3273 Statium.
2593 3224 2671 3273 Ita
2693 3223 2870 3273 codex
2896 3234 3053 3273 meus
3081 3224 3137 3272 et
3166 3217 3569 3282 Gratianopoli-

1940 3298 2115 3344 tanus.
2150 3295 2226 3344 Ita
2249 3307 2475 3358 quoque
2496 3297 2711 3344 constat
2733 3293 2997 3343 habuisse
3017 3296 3204 3342 vetera
3227 3289 3570 3353 exemplaria

1936 3366 2159 3415 Latinii.
2204 3366 2298 3416 Sic
2345 3367 2512 3415 etiam
2554 3364 2849 3429 legendum
2882 3377 3003 3414 esse
3048 3366 3341 3415 censuerat
3379 3362 3572 3410 Pame-

1936 3437 2065 3497 lius,
2094 3450 2221 3486 cum
2251 3440 2414 3487 antea
2441 3437 2707 3500 scriptum
2736 3439 2884 3486 esset
2909 3436 3101 3485 statim.
3144 3434 3286 3484 Vide
3311 3437 3471 3482 notas
3500 3430 3570 3481 ad

1936 3507 2228 3571 epistolam
2260 3522 2372 3558 LIV.

1999 3579 2093 3638 (27)
2125 3579 2414 3629 Machario.
2453 3577 2600 3628 Satis
2629 3579 2744 3629 scio
2776 3577 3133 3628 scribendum
3178 3577 3347 3626 fuisse
3384 3576 3568 3624 Maca-

1935 3652 2037 3707 rio,
2070 3652 2115 3699 si
2163 3653 2443 3700 constaret
2485 3650 2647 3699 Afros
2690 3650 2974 3712 scripsisse
3009 3649 3093 3697 uti
3135 3648 3317 3699 Graeci
3356 3645 3569 3696 scribe-

1934 3722 2087 3771 bant.
2118 3725 2189 3771 At
2218 3734 2347 3771 cum
2380 3722 2687 3771 invenirem
2721 3720 2830 3770 hoc
2861 3720 3203 3770 vocabulum
3231 3720 3286 3767 in
3330 3716 3567 3768 vetustis

1935 3793 2350 3856 exemplaribus
2396 3791 2658 3855 Cypriani
2706 3792 2974 3855 scriptum
3024 3804 3155 3841 cum
3203 3790 3565 3853 aspiratione,

1934 3867 2133 3915 scirem
2165 3869 2429 3928 praeterea
2460 3864 2622 3913 Afros
2650 3867 2705 3914 et
2725 3863 3021 3926 plerosque
3052 3862 3278 3912 Latinos
3308 3860 3566 3924 quaedam

1934 3936 2205 3986 vocabula
2229 3937 2517 3999 scripsisse
2547 3934 2782 3995 diverse,
2808 3938 2872 3983 ut
2901 3937 3050 3997 patet
3081 3934 3137 3981 in
3164 3931 3332 3982 verbo
3357 3936 3569 3982 catecu-

1932 4006 2107 4057 minus
2136 4011 2191 4057 et
2234 4007 2289 4055 in
2321 4005 2489 4055 verbo
2536 4005 2791 4067 acolytus,
2833 4009 2950 4054 tum
2995 4004 3163 4053 etiam
3195 4004 3251 4055 in
3293 4001 3568 4054 vocabulo

1932 4078 2144 4132 Arrius,
2173 4078 2365 4127 censui
2391 4077 2594 4127 debere
2624 4089 2713 4126 me
2748 4077 2804 4125 in
2832 4076 2941 4125 hoc
2978 4075 3101 4125 loco
3135 4076 3294 4138 sequi
3328 4074 3565 4136 scriptu-

1935 4161 2049 4197 ram
2078 4152 2326 4198 veterum
2345 4149 2747 4212 exemplarium
2772 4148 2947 4197 sancti
2979 4145 3260 4210 Cypriani.
3286 4144 3381 4195 Sic
3400 4145 3565 4194 etiam

1934 4219 2125 4270 scribit
2177 4219 2507 4270 Franciscus
2564 4218 2731 4269 Maria
2783 4217 3162 4267 Florentinius
3213 4218 3271 4265 in
3322 4214 3567 4267 editione

1933 4291 2291 4342 vetustissimi
2338 4290 2744 4354 martyrologii,
2784 4302 2843 4340 vr
2893 4290 3026 4339 Idus
3077 4287 3399 4340 Decembris
3439 4301 3451 4334 :
3506 4287 3568 4335 In

1932 4361 2113 4424 Africa
2144 4365 2453 4411 sanctorum
2499 4361 2683 4416 Primi,
2713 4359 2999 4420 Macharii,
3025 4359 3183 4409 Justi.
3228 4358 3299 4408 Et
3339 4358 3396 4406 in
3442 4356 3566 4420 epi-

1935 4432 2075 4481 stola
2098 4432 2161 4481 29
2185 4432 2362 4481 sancti
2391 4431 2706 4494 Augustini,
2741 4432 2799 4479 in
2825 4445 2968 4481 nova
3009 4430 3270 4491 editione,
3296 4429 3566 4492 scriptum

1936 4507 2019 4553 est
2039 4501 2336 4560 Machario,
2356 4504 2515 4566 juxta
2537 4502 2708 4552 ﬁdem
2729 4502 2937 4553 codicis
2958 4501 3347 4554 Cisterciensis
3367 4514 3434 4552 ex
3455 4514 3566 4563 quo

213 4565 448 4630 Fabiani,
501 4570 812 4631 accepisset
867 4547 1208 4636 episcopum,
1261 4547 1541 4640 praecipue
1586 4591 1715 4628 vero
1767 4547 1913 4626 exD
1937 4574 2085 4625 edita
2115 4578 2217 4623 est.

213 4640 425 4702 epistola
464 4642 545 4702 22,
593 4654 717 4705 pag.
766 4642 846 4701 32,
889 4644 944 4691 in
996 4659 1108 4708 qua
1156 4646 1467 4711 Cyprianus
1519 4648 1710 4698 scribit
1763 4648 1831 4697 ad

213 4711 551 4773 presbyteros
593 4715 647 4760 et
689 4712 953 4763 diaconos
982 4714 1171 4766 Romae
1211 4721 1582 4769 consistentes
1618 4719 1831 4768 mittere

213 4792 263 4828 se
288 4780 351 4829 ad
376 4794 479 4830 eos
509 4781 799 4845 epistolam
833 4782 1069 4835 Celerini
1102 4787 1169 4836 ad
1196 4788 1523 4850 Lucianum,
1552 4794 1613 4838 ut
1646 4803 1832 4851 recog-

211 4856 429 4901 noscant
464 4865 535 4923 an
568 4865 700 4923 vera
729 4856 816 4902 sit.
858 4854 1080 4905 Missam
1119 4864 1307 4908 autem
1350 4860 1522 4909 fuisse
1570 4874 1667 4923 per
1697 4860 1829 4911 Cre-

209 4923 493 5040 pieququ
512 4921 968 4985 hypodiaconum
1000 4927 1163 4978 facile
1192 4929 1472 4994 colligitur
1507 4921 1585 4981 ex
1628 4934 1829 4994 episto-

226 5004 269 5039 ιδ
345 5006 376 5040 e
500 5030 509 5039 .

226 4994 269 5039 is
294 4994 320 5040 t
345 4996 402 5041 et
430 4994 509 5042 Η.

261 5062 352 5124 (ει)
381 5065 680 5128 Praepositi.
710 5063 771 5114 Id
798 5069 902 5127 est,
929 5066 1009 5116 illi
1038 5079 1067 5116 e
1095 5068 1243 5119 clero
1271 5071 1368 5134 qui
1396 5072 1693 5121 ecclesiam
1719 5071 1830 5122 Ro-

208 5145 420 5185 manam
457 5136 847 5199 gubernabant
871 5142 996 5201 post
1020 5146 1248 5192 mortem
1274 5142 1524 5192 Fabiani.

266 5203 361 5267 (35)
392 5208 779 5258 Sanctimonio.
826 5209 906 5259 Ita
951 5210 1076 5260 libri
1121 5216 1335 5263 veteres
1363 5216 1418 5263 et
1450 5213 1544 5265 hic
1584 5218 1639 5265 et
1680 5213 1827 5264 alibi.

208 5273 422 5326 Possem
484 5279 721 5341 plurima
770 5282 1029 5345 exempla
1077 5285 1321 5346 proferre
1370 5290 1435 5336 ut
1481 5284 1833 5337 ostenderem

210 5350 404 5420 veteres
460 5351 531 5399 ita
577 5351 745 5414 vulgo
792 5354 1097 5416 scripsisse.
1147 5355 1255 5406 Sed
1301 5356 1652 5420 supersedeo,
1702 5357 1834 5420 quia

207 5420 330 5488 puto
360 5418 606 5469 lectores
645 5420 782 5469 mihi
824 5422 988 5473 facile
1020 5423 1186 5475 fidem
1224 5418 1585 5488 prmstituros.
1622 5418 1834 5477 Eodem

207 5487 356 5538 modo
381 5489 648 5541 dicebant
675 5490 1050 5553 blasphemiam
1088 5508 1186 5558 pro
1217 5487 1539 5560 blasphemia
1588 5502 1645 5547 ut
1676 5502 1834 5547 nola-

209 5560 379 5630 vimus
402 5559 478 5607 ad
505 5560 741 5610 Marium
767 5561 1145 5627 Mercatorem,
1170 5580 1293 5630 pag.
1317 5559 1428 5617 451.
1454 5568 1615 5618 Addo
1646 5573 1833 5618 tamen

211 5627 554 5701 doctissimos
584 5633 887 5685 monachos
928 5635 1131 5699 quibus
1172 5627 1444 5688 debemus
1475 5652 1684 5690 .novam
1724 5638 1837 5690 edi-

210 5700 402 5774 tionem
458 5716 689 5766 Operum
740 5706 918 5755 sancti
967 5708 1263 5772 Augustini
1315 5710 1569 5773 posuisse
1610 5712 1665 5760 in
1719 5711 1832 5774 epi-

210 5772 336 5845 stola
367 5773 427 5823 6|
478 5776 814 5826 sanctimonii
857 5781 907 5825 et
937 5780 1283 5829 continentia.
1316 5780 1453 5830 Item
1487 5781 1541 5829 in
1570 5772 1836 5845 rescripto

210 5838 430 5895 Honorii
457 5848 514 5897 et
540 5845 837 5901 Theodosii
874 5851 991 5915 AA,
1021 5851 1091 5903 ad
1114 5850 1486 5917 Aurelianum
1510 5858 1706 5905 contra
1736 5838 1837 5906 Pe-

1993 4646 2088 4707 (28)
2117 4646 2241 4694 Duo
2287 4647 2501 4693 tantum
2531 4642 2702 4705 hujus
2737 4643 2983 4707 epistola
3012 4648 3200 4693 vetera
3229 4638 3565 4701 exemplaria

1932 4717 2131 4776 habui,
2184 4728 2359 4764 unum
2415 4728 2482 4764 ex
2535 4714 2673 4764 urbe
2726 4714 3254 4777 Gratianopolitana,
3300 4709 3452 4760 aliud
3495 4720 3565 4757 ex

1930 4787 2271 4838 bibliotheca
2300 4798 2439 4835 mea.
2472 4786 2640 4849 Angli
2686 4799 2863 4834 unum
2904 4784 3135 4833 laudant
3165 4798 3231 4833 ex
3274 4781 3565 4841 Vaticana,

1934 4858 2073 4908 illud
2129 4858 2410 4915 nimirum,
2454 4860 2513 4904 ut
2564 4857 2776 4918 opinor,
2817 4855 2967 4919 quod
3016 4860 3271 4904 notatum
3324 4856 3407 4903 est
3458 4864 3565 4900 nu-

1932 4943 2084 4979 mero
2132 4929 2221 4978 199
2259 4929 2315 4975 in
2353 4925 2691 4976 bibliotheca
2734 4925 3015 4976 Vaticana.
3050 4925 3326 4975 Habuisse
3353 4936 3412 4974 se
3442 4935 3564 4972 eam

1932 5002 1988 5049 in
2019 5000 2138 5049 suis
2158 4996 2451 5049 codicibus
2476 5000 2707 5047 testatur
2724 4998 2989 5057 Latinius,
3017 4995 3115 5047 sed
3140 4997 3216 5045 ita
3246 4998 3565 5058 corruptam

1931 5076 1995 5120 ut
2040 5072 2129 5119 vix
2175 5068 2406 5133 intelligi
2452 5069 2727 5119 sententia
2771 5070 2892 5131 ejus
2934 5072 3138 5131 posset.
3187 5067 3468 5117 Pamelius
3512 5070 3567 5116 et

1931 5142 2202 5206 Rigaltius
2231 5141 2474 5191 fatentur
2514 5152 2573 5190 se
2614 5139 2831 5189 nullum
2876 5144 3037 5190 vetus
3082 5139 3234 5189 illius
3280 5138 3565 5202 exemplar

1933 5213 2212 5263 habuisse.

1996 5285 2094 5347 (29)
2142 5287 2373 5347 Anguem
2422 5284 2697 5346 majorem.
2739 5282 2803 5331 Id
2852 5286 2936 5332 est
2982 5282 3223 5333 Decium
3268 5283 3564 5347 imperato-

1934 5369 2071 5418 rem,
2111 5368 2279 5419 quem
2325 5353 2641 5405 ewsecrabile
2682 5353 2889 5402 animat
2936 5356 3099 5404 vocat
3142 5353 3462 5404 Lactantius
3507 5353 3564 5401 in

3423 5424 3565 5475 libro

1998 5497 2093 5560 (30)
2126 5499 2429 5547 dictatorem
2455 5497 2770 5546 antichristi.
2810 5497 3030 5548 Lucifer
3075 5498 3368 5561 episcopus
3405 5495 3566 5545 Cala-

1937 5569 2148 5618 ritanus
2191 5567 2581 5619 Constantium
2634 5567 3022 5631 imperatorem
3069 5569 3364 5618 Arrianum
3408 5568 3570 5615 vocat

1936 5654 2334 5705 prmcursorem
2389 5640 2748 5700 Antichristi,
2804 5640 2955 5704 quod
3005 5641 3152 5690 idem
3211 5644 3309 5692 est.
3364 5638 3569 5688 Contra

1937 5713 2274 5773 Lactantius,
2307 5711 2401 5762 lib.
2447 5725 2526 5773 IV,
2552 5725 2672 5775 cap.
2723 5712 2800 5771 tl,
2841 5709 3125 5762 Christum
3153 5715 3314 5763 vocat
3340 5712 3569 5758 metato-

1935 5797 2053 5835 rem
2078 5783 2268 5845 templi
2296 5783 2418 5845 Dei,
2448 5783 2502 5831 id
2532 5788 2614 5834 est
2638 5782 2925 5833 Ecclesia.
2956 5783 3039 5833 De
3062 5779 3419 5835 metatoribus
3442 5777 3570 5831 vide

1937 5868 2065 5920 qua
2095 5854 2356 5906 dicuntur
2381 5854 2519 5905 infra
2552 5853 2617 5904 ad
2645 5853 2804 5919 epist.
2831 5855 2910 5904 81.
