2080 3108
288 136 340 165 287

743 139 769 166 S.
790 138 946 168 CYPRIANI
965 140 1103 168 OPERUM
1122 140 1207 167 PARS
1226 139 1246 166 Ι.
1267 153 1301 159 ——
1321 139 1500 167 EPISTOLAE.

1895 142 1937 169 288

289 210 346 229 non
367 203 476 229 tantum
505 202 647 229 confessus
666 202 828 229 deterruisti
850 203 964 230 vocibus
993 204 1046 231 illis
1073 206 1101 231 et
1112 211 1237 246 Aquam
1251 210 1337 230 nemo
1351 205 1464 238 portare
1484 204 1588 237 posset.
1603 201 1658 229 Sed
1677 209 1754 228 nunc
1772 200 1858 236 ipsam
1875 203 1944 231 clari-

289 249 382 275 verbis
395 248 500 275 deiticis
522 249 625 283 quibus
649 249 706 276 scio
726 250 805 285 quasi
826 253 966 277 amatores
988 249 1055 278 lidei
1075 253 1103 278 et

289 294 410 329 zelotypi
427 295 581 330 disciplinae
602 296 703 323 Christi
727 297 754 323 in
780 305 835 331 qua
860 299 885 323 te
908 298 972 324 novi
990 297 1043 332 (3t)
1065 298 1102 324 vi-

288 342 407 368 vacitate
431 342 536 368 versari
560 344 588 369 te
611 343 732 378 gaudeo,
751 344 849 370 vicisti.
872 344 960 377 Nunc,
977 344 1103 371 charissi-

288 396 346 421 me,
358 389 420 423 jam
437 389 511 416 inter
527 392 665 424 martyres
691 390 851 424 deputandc
866 392 900 424 Ἡ,
918 391 1029 418 voluisti
1050 399 1103 418 nos

288 435 388 462 litteris
405 436 461 462 tuis
477 444 606 470 gravare,
625 436 653 463 in
668 437 768 471 quibus
783 438 948 472 signiﬁcasti
968 438 1003 464 de
1022 446 1101 465 soro-

289 482 366 508 ribus
389 482 509 516 nostris;
536 491 587 518 pro
610 483 712 518 quibus
736 484 843 510 utinam
868 485 929 511 ﬁeri
955 487 1049 519 posset
1071 487 1103 512 ut

288 528 348 556 sine
364 531 442 556 tanto
457 530 562 557 scelere
574 531 724 557 commisso
740 531 910 558 memoriam
927 531 1100 558 faceremus!

288 575 349 602 Non
377 576 503 610 profecto
532 577 617 603 tantis
650 578 780 612 lacrymis
814 578 1040 605 incumberemus
1071 581 1104 605 ut

289 630 374 649 nunc.

328 669 358 696 ll.
375 670 453 697 Scire
469 670 591 697 debuisti
608 671 674 705 quid
695 672 768 698 circa
790 680 840 698 nos
860 674 953 698 artum
975 672 1018 698 sit.
1033 672 1103 699 Cum

290 716 456 743 benedictus
471 720 580 752 martyr
601 718 704 744 Paulus
722 719 815 745 adhuc
835 719 862 745 in
883 727 998 752 corpore
1019 721 1101 751 esset,

291 761 398 787 vocavit
415 769 470 794 me,
489 764 517 788 et
535 762 605 788 dixit
619 763 689 789 mihi
705 771 710 789 2
731 763 863 795 [.ucianc,
879 772 973 789 coram
994 763 1103 791 Christo

290 807 341 833 tibi
367 807 428 834 dico
457 812 498 842 ut,
530 809 552 835 si
580 810 642 844 quis
672 813 735 844 post
764 810 974 837 arcessitioneni
1009 818 1102 837 meam

290 853 338 880 abs
352 856 378 880 te
394 863 493 889 pacem
509 856 634 890 petierit,
650 857 684 883 da
700 857 723 873 ευ
736 857 764 883 in
778 857 893 883 nomine
909 865 993 890 ineo;
1009 857 1057 883 sed
1074 859 1103 883 et

1152 251 1243 277 tatem
1254 257 1352 277 sumus
1368 249 1524 282 consecuti,
1538 249 1573 276 Et
1595 248 1668 282 ideo,
1682 248 1769 275 frater
1789 248 1943 284 charissima,

1152 297 1241 324 saluta
1267 296 1435 323 Numeriam
1463 298 1491 323 et
1516 295 1687 328 Candidam,
1717 303 1781 330 quae
1807 297 1946 324 secundum

1153 343 1229 371 Pauli
1242 346 1416 378 praceptum
1429 344 1457 370 et
1472 344 1641 370 ceterorum
1655 343 1822 378 martyrum,
1837 351 1944 378 quorum

1153 390 1271 418 nomina
1287 389 1417 425 subjicio,
1432 389 1508 416 Bassi
1530 390 1559 416 in
1579 389 1722 425 pejerario
1743 389 1808 423 (34),
1819 389 1949 425 Mappalici

1153 437 1183 464 in
1207 437 1382 473 quaestione,
1409 436 1592 464 Fortunionis
1618 436 1649 463 in
1675 443 1788 462 carcere
1805 456 1812 469 ,
1838 436 1908 463 Pauli
1933 446 1948 465 a

1153 483 1315 519 quastione
1347 483 1414 518 (35),
1449 483 1627 517 Fortunatus,
1657 482 1808 515 Victorini,
1836 482 1950 519 Victoris,

1155 530 1298 565 Herennii,
1314 530 1452 563 Credule,
1464 530 1593 563 Herenm,
1611 529 1719 563 Donati,
1731 529 1827 562 Firmi,
1837 529 1950 564 Venusti,

1154 578 1259 611 Fructi,
1275 577 1366 610 Julius,
1378 576 1512 604 Martialis
1524 579 1552 604 et
1563 576 1709 611 Aristonis,
1722 576 1770 611 qui
1788 576 1840 603 Deo
1855 577 1952 604 volente

1153 624 1182 652 in
1197 632 1313 651 carcere
1330 624 1407 651 fame
1419 624 1510 651 necati
1529 626 1605 656 sunt,
1621 630 1744 658 quorum
1766 624 1795 650 et
1815 630 1863 650 nos
1876 624 1954 651 socios

1153 671 1265 698 futuros
1289 671 1365 698 intra
1385 670 1444 697 dies
1466 670 1596 698 audietis.
1618 671 1679 697 lam
1704 669 1782 696 enim
1807 677 1839 696 ex
1863 678 1915 705 quo
1927 671 1952 703 ‘3'

1153 718 1252 745 iterato
1267 717 1368 745 reclusi
1384 725 1482 744 sumus
1494 719 1560 744 sunt
1575 717 1636 744 dies
1650 718 1713 743 octo
1736 717 1766 743 in
1787 716 1830 743 die
1845 724 1898 752 quo
1911 717 1955 744 tibi

1154 765 1259 792 litteras
1287 764 1395 800 scripsi.
1419 765 1489 791 Nam
1518 766 1547 791 et
1569 766 1634 790 ante
1664 763 1725 790 dies
1748 765 1810 790 octo
1834 771 1882 798 per
1902 764 1955 791 dies

1153 811 1279 846 quinque
1290 811 1396 838 medios
1407 811 1550 838 modicum
1563 810 1644 846 panis
1655 810 1815 845 accepimus
1825 812 1852 837 et
1862 818 1955 846 aquam

1153 858 1186 885 ad
1208 866 1383 885 mensuram.
1401 858 1435 884 Et
1459 858 1535 891 ideo,
1561 858 1657 891 frater,
1681 858 1748 893 peto
1770 859 1810 891 ut,
1834 857 1901 884 sicut
1917 857 1956 884 hic

291 909 389 927 omnes
409 910 479 936 quos
500 902 636 929 Dominus
659 903 688 929 in
713 906 791 930 tanta
815 904 993 930 tribulatione
1009 899 1218 934 arces-Bcum
1245 904 1383 931 Dominus
1401 904 1516 939 coeperit
1537 904 1591 939 ipsi
1613 903 1743 930 Ecclesia:
1768 911 1865 938 pacem
1888 903 1958 938 dare,

290 947 344 974 sire
370 948 502 981 dignatus
530 953 590 983 est,
620 950 742 976 universi
769 950 874 976 litteras
903 959 933 976 ex
961 953 1105 986 compacto

289 994 427 1021 universis
458 1004 555 1030 pacem
583 997 751 1023 dimisimus.
777 997 859 1023 Vides
887 1006 972 1031 ergo,
1002 998 1104 1031 frater,

290 1041 424 1076 quoniam
441 1043 542 1076 partim
556 1043 611 1077 (3‘2)
635 1044 694 1078 ejus
717 1044 793 1078 quod
814 1044 884 1070 mihi
907 1045 1009 1071 Paulus
1031 1053 1104 1080 prie-

290 1088 365 1123 cepit
390 1097 474 1123 quam
500 1090 635 1117 universis
659 1091 734 1125 quod
756 1091 929 1123 censuimus,
948 1100 982 1118 ex
1004 1091 1106 1127 quibus

289 1143 401 1162 eramus
426 1137 455 1162 in
483 1137 534 1163 hac
563 1137 754 1170 tribulatione,
782 1146 844 1164 cuni
870 1138 940 1172 jussi
966 1146 1065 1166 sumus
1081 1139 1105 1156 ³⁰

289 1183 445 1209 secundum
461 1187 633 1218 princeptum
655 1185 833 1219 imperatoris
849 1186 922 1212 fame
943 1187 971 1211 et
993 1185 1038 1212 siti
1059 1194 1105 1212 ne-

290 1229 359 1263 cari,
378 1232 405 1256 et
424 1231 526 1257 reclusi
551 1239 648 1257 sumus
672 1232 698 1257 in
722 1231 831 1258 duabus
853 1232 1044 1268 cellis,
1065 1232 1106 1259 ita

290 1278 320 1301 ut
335 1284 386 1303 nos
402 1277 548 1304 ofﬁcerent
564 1279 616 1312 (33)
634 1278 707 1305 fame
730 1281 757 1305 et
779 1279 834 1305 siti.
852 1279 904 1305 Sed
927 1281 954 1305 et
973 1279 1047 1313 ignis
1070 1279 1104 1306 ab

290 1331 376 1358 opere
402 1332 542 1359 pressurae
570 1328 671 1352 nostra":
696 1328 755 1352 tam
782 1326 971 1353 intolerabilis
996 1327 1057 1353 erat
1081 1327 1102 1343 ³⁸

1155 951 1312 979 secundum
1327 954 1503 986 praeceptum
1518 950 1598 978 Pauli
1613 952 1643 977 et
1663 953 1792 977 nostrum
1807 951 1959 984 tractatum,

1156 998 1286 1034 exposita
1295 1005 1379 1025 causa
1394 998 1470 1034 apud
1483 998 1646 1033 episcopum
1656 1000 1684 1024 et
1691 997 1763 1024 facta
1769 997 1961 1032 exomologesi,

1155 1045 1281 1072 habeant
1293 1053 1406 1080 pacem,
1422 1052 1481 1072 non
1492 1046 1605 1072 tantum
1618 1044 1674 1078 has,
1688 1043 1738 1071 sed
1752 1046 1783 1071 et
1793 1051 1864 1079 quas
1876 1043 1961 1070 scisad

1155 1092 1284 1119 animum
1299 1093 1353 1127 (36)
1368 1094 1497 1118 nostrum
1511 1091 1666 1126 pertinere.

1192 1140 1237 1166 lll.
1255 1139 1384 1166 Salutant
1408 1147 1456 1165 vos
1478 1138 1594 1173 collegia
1614 1138 1672 1165 mei
1694 1137 1833 1171 universi,
1850 1138 1911 1171 Vos,
1927 1146 1964 1164 sa-

1156 1187 1243 1213 lutate
1267 1185 1443 1213 confessores
1461 1185 1575 1212 Domini
1592 1184 1641 1220 qui
1665 1184 1703 1212 ibi
1727 1184 1876 1211 vobiscum
1896 1186 1965 1217 sunt,

1156 1240 1280 1268 quorum
1302 1232 1419 1259 nomina
1434 1231 1617 1267 signiﬁcasti;
1636 1231 1712 1259 inter
1734 1239 1807 1266 quos
1830 1232 1859 1258 ct
1876 1231 1962 1258 Satur-

1156 1280 1243 1306 ninus
1273 1287 1338 1306 cum
1362 1279 1515 1306 comitibus
1539 1278 1593 1314 (37)
1617 1278 1675 1305 suis
1690 1299 1697 1311 ,
1724 1278 1776 1305 sed
1808 1281 1837 1305 et
1867 1277 1969 1312 collega

1155 1334 1246 1361 meus,
1261 1328 1289 1353 et
1303 1326 1393 1360 Maris,
1408 1326 1531 1353 Collecta
1551 1326 1606 1360 (38)
1629 1328 1657 1352 et
1677 1325 1818 1359 Emerita,
1833 1325 1967 1360 Calphur-

978 1398 1082 1430 Varia
1103 1398 1271 1431 lectiones.

320 1454 341 1470 ’³
354 1454 534 1486 Deputandos
551 1456 608 1480 Vat.
641 1457 662 1472 ν’
676 1457 730 1481 Des
747 1458 824 1481 Oxon.
859 1457 880 1473 ³ο
893 1458 962 1483 Cum
973 1458 1109 1489 jussimus
1123 1458 1201 1489 Impr.
1237 1459 1255 1474 ³¹
1272 1458 1346 1490 Ignis
1359 1464 1474 1490 vapore;
1488 1459 1516 1482 et
1526 1464 1657 1489 pressura
1675 1459 1772 1483 nostra
1794 1458 1905 1484 intoler.
1918 1458 1972 1484 erat

291 1490 368 1514 Oxon.
404 1491 423 1507 ³¹
436 1492 504 1516 Tam
520 1493 595 1517 enim
610 1494 640 1517 ut
657 1493 734 1517 Ozon.

939 1525 1052 1565 Steph.
1076 1524 1201 1556 Baluzii
1222 1527 1320 1556 notae.

288 1599 410 1640 librovda
429 1601 563 1648 litortibus‘
579 1603 784 1648 Persecutorum.
805 1603 854 1643 ISic
883 1603 1049 1648 Pindentius
1075 1603 1102 1644 in
1114 1612 1141 1648 Ο

290 1637 413 1661 carmine
436 1637 467 1661 de
490 1640 581 1662 sando
599 1640 753 1667 Fructuose,
768 1640 886 1670 episcopo
904 1639 1103 1669 Tarraconensi,

290 1671 469 1695 Emilianum
496 1673 641 1703 praesidem
679 1677 757 1698 vocat
795 1678 926 1698 cruentum
958 1674 1104 1699 colubrum.

292 1705 338 1730 Sic
360 1706 526 1737 Hunericus,
547 1715 593 1732 rex
613 1709 812 1736 Vanrlalorum.
829 1713 944 1734 vocatur
957 1713 1106 1734 veternosus

291 1742 385 1772 anguis
409 1743 436 1767 in
459 1743 573 1769 historia
597 1746 731 1776 passionis
751 1749 903 1777 martyrum
925 1747 972 1777 qui
989 1753 1017 1770 vr
1035 1745 1103 1770 Non.

289 1777 356 1802 Julii
372 1779 444 1808 passi
460 1781 525 1804 sunt
540 1781 612 1811 apud
629 1781 823 1812 Carthaginem
840 1782 892 1805 sub
907 1783 967 1812 ejus
980 1781 1103 1812 imperio.

291 1812 324 1849 Et
345 1816 441 1838 auctor
457 1815 526 1839 Vitae
543 1816 667 1847 Gregorii
689 1824 766 1848 papae
792 1818 839 1845 IX,
863 1817 935 1849 apud
957 1817 1106 1842 Otloricum

290 1848 466 1879 Rainaldum,
478 1858 522 1874 an.
536 1852 605 1882 1238,
617 1853 631 1883 §
644 1853 683 1883 ΤΞ),
693 1853 863 1877 Fridericum
880 1853 900 1876 ΙΙ
913 1853 1106 1883 imperatorem

290 1887 371 1909 vocat
390 1887 531 1910 tortuosum
551 1888 693 1913 colubrum.
715 1889 968 1913 Nabuchodonosor
992 1889 1107 1912 vocatur

291 1920 385 1951 aquila
398 1922 507 1952 grandis
522 1923 556 1947 ab
570 1924 739 1955 Hieronymo
754 1928 779 1949 et
795 1925 977 1953 Tlieodoreto,
990 1925 1019 1948 ut
1028 1924 1107 1948 notat

290 1955 391 1980 Fronto
405 1957 526 1982 Duczeus
539 1959 566 1982 in
580 1960 806 1984 annotationibus
821 1959 854 1984 ad
870 1962 973 1984 tomnni
986 1959 1106 1989 primum

290 1999 404 2023 operum
429 1995 517 2018 sancti
539 1995 655 2019 Joannis
678 1996 878 2027 Chrysostomi.
914 1995 955 2019 Ad
990 1994 1105 2019 Decium

290 2028 429 2058 pertinent
465 2029 525 2054 haec
558 2030 641 2054 verba
677 2031 807 2062 Cypriani
842 2031 875 2055 de
912 2030 1040 2055 Celerino
1077 2029 1105 2053 in

290 2064 405 2094 epistola
435 2065 474 2095 34.
502 2073 563 2097 pag.
593 2067 623 2090 47
652 2074 657 2089 ;
691 2075 703 2089 ‹‹
730 2067 781 2091 Hic
807 2067 878 2091 inter
907 2065 1106 2097 persecutionis

290 2099 367 2123 initia
383 2107 447 2124 cum
461 2101 520 2132 ipso
537 2102 718 2126 intestationis
734 2102 857 2134 principe
873 2105 898 2126 et
915 2104 1028 2126 auctore
1042 2107 1106 2125 con-

290 2142 418 2166 gressus;
436 2144 450 2159 ››
465 2139 491 2160 et
508 2137 628 2160 fortassis
646 2144 676 2161 ea
698 2145 760 2168 qua:
782 2138 815 2162 de
840 2138 960 2162 hominis
982 2136 1104 2168 maligni,

290 2171 366 2195 velut
388 2172 524 2202 serpentis
545 2173 646 2196 astutia
668 2175 814 2203 venenata,
829 2174 866 2197 ait
887 2174 915 2197 in
935 2172 1050 2203 epistola
1064 2172 1104 2202 48,

290 2212 351 2236 pag.
369 2207 407 2231 60.

323 2242 372 2272 (3t)
392 2243 423 2266 Te
438 2243 507 2267 novi.
524 2243 659 2274 Quamvis
675 2244 758 2268 editio
779 2244 904 2272 Morellii,
920 2251 953 2268 ex
975 2249 1029 2274 qua
1044 2242 1105 2267 alias

291 2279 448 2309 propagatio
470 2281 544 2309 sunt,
561 2279 660 2304 habeat
682 2279 792 2309 lenoris;
813 2286 876 2304 cum
892 2282 984 2303 tamen
1000 2279 1105 2303 veteres

290 2312 362 2343 libri,
377 2314 457 2338 etiam
480 2321 554 2338 unus
572 2322 654 2346 quem
677 2315 770 2339 laudat
792 2315 924 2343 Latinius,
942 2314 1062 2338 habeant
1082 2315 1105 2337 ta

291 2350 362 2377 noui,
375 2349 446 2374 hanc
459 2349 604 2375 lectionem
619 2351 765 2376 arbitratus
777 2358 839 2374 sum
854 2356 914 2375 esse
925 2348 1106 2379 retinendam,

291 2387 348 2409 tum
365 2385 429 2416 quia
446 2388 569 2411 veterum
593 2387 725 2411 librorum
742 2388 905 2411 auctoritate
926 2386 1031 2414 nititur,
1047 2386 1106 2409 tum

291 2421 355 2452 quia
370 2422 479 2446 videtur
495 2429 553 2446 esse
570 2423 674 2447 melior.

322 2458 371 2486 (32)
385 2459 514 2488 Quoniam
524 2459 631 2488 partim.
648 2459 686 2483 Ita
700 2459 810 2490 reposui
823 2459 934 2483 secutus
947 2456 1029 2481 ﬁdem
1044 2455 1107 2480 libri

293 2494 347 2518 mei
362 2494 462 2517 veteris
473 2496 498 2517 et
511 2494 765 2525 Gratianopolitani.
780 2494 932 2518 Vaticanus
946 2493 971 2516 in
987 2491 1108 2516 editione

292 2529 444 2559 Anglicaua
469 2529 599 2553 laudatus
623 2530 703 2554 habet
727 2531 856 2559 Quoniam
877 2531 986 2559 partem.
1004 2527 1107 2552 Editio—

291 2570 348 2593 nes,
362 2564 432 2595 quod
448 2567 500 2588 tam
512 2564 620 2595 placuit.

325 2599 372 2629 (33)
386 2599 531 2630 Afﬁccrent.
552 2600 589 2624 Ita
605 2600 689 2625 editio
703 2600 819 2625 Morellii
834 2603 860 2624 et
874 2600 994 2631 reliquae.
1013 2598 1107 2623 Codex

292 2635 392 2659 Latinii
407 2638 432 2659 et
454 2643 542 2665 meus,
557 2639 583 2660 ut
600 2643 651 2660 non
667 2636 807 2667 afﬁciebat.
826 2635 1107 2666 Gratianopolitanus,

292 2671 329 2695 ita
342 2671 411 2702 quod
424 2678 477 2695 non
488 2671 655 2702 efﬁciebatur.

324 2706 371 2737 (34)
398 2707 472 2730 Bassi
504 2707 530 2730 in
561 2708 702 2738 prjerario.
732 2708 769 2732 Ita
797 2707 945 2732 Morellius.
974 2706 1108 2738 Rigaltius

293 2743 412 2773 conjecit
434 2742 582 2776 legendum
607 2750 667 2768 esse
687 2744 716 2767 in
739 2744 866 2775 petrario,
884 2743 910 2767 id
932 2744 973 2767 est
990 2743 1019 2766 in
1037 2741 1107 2773 lapi-

292 2778 394 2802 dicina.
425 2778 520 2803 Codex
546 2779 696 2804 Vaticanus
722 2782 749 2804 et
775 2779 908 2809 Latinius,
935 2785 962 2802 in
989 2778 1107 2808 per-ario,

291 2814 336 2838 vel
365 2814 522 2845 imperario,
545 2815 619 2846 quod
645 2815 775 2846 adjuvare
804 2817 890 2846 potest
918 2815 1107 2845 conjecturam

292 2849 414 2881 Rigaltii.
438 2850 516 2875 Unus
537 2850 718 2880 Bodleianns,
740 2852 872 2882 pegrario.
899 2851 990 2879 Meus,
1013 2849 1108 2880 pigne-

292 2886 376 2909 rartn.
403 2886 677 2918 Gratianopolitanus
703 2887 861 2919 imperario,
893 2889 923 2911 ut
956 2886 983 2909 in
1010 2883 1108 2909 codice

1114 2295 1143 2331 D

1153 1602 1273 1635 Rigaltii.
1294 1602 1434 1627 Maximus
1455 1602 1602 1634 episcopus
1615 1603 1802 1628 Taurinensis
1818 1603 1847 1628 in
1865 1603 1975 1628 homilia

1155 1637 1189 1663 de
1204 1645 1261 1663 non
1283 1638 1412 1663 timendis
1426 1637 1555 1663 hostibus
1576 1638 1737 1663 carnalibus
1752 1646 1759 1661 :
1784 1648 1799 1661 θ(
1815 1638 1975 1664 Piraterium

1155 1674 1253 1698 Latine
1276 1674 1497 1705 experimentum
1525 1674 1581 1699 dici
1605 1676 1703 1706 potest.
1724 1682 1740 1697 »
1769 1674 1842 1700 Haec
1867 1673 1978 1698 homilia

1156 1709 1221 1734 olim
1233 1709 1359 1734 exstabat
1372 1710 1401 1734 in
1415 1709 1585 1734 editionibus
1595 1716 1710 1741 operum
1724 1710 1821 1735 sancti
1833 1709 1977 1735 Ambrosii.

1157 1744 1211 1770 Sed
1245 1744 1375 1770 monachi
1407 1744 1580 1770 Benedictini
1612 1747 1687 1770 recte
1719 1747 1901 1771 monuerunt
1923 1751 1978 1770 esse

1156 1780 1278 1805 Maximi.

1188 1816 1235 1845 (35)
1257 1816 1287 1840 In
1311 1816 1463 1847 quaestione.
1489 1815 1562 1840 Infra
1583 1816 1663 1847 epist.
1684 1816 1726 1845 69,
1748 1823 1816 1848 pag.
1837 1816 1893 1846 £23,
1913 1824 1927 1839 α
1942 1817 1979 1840 tot

1156 1851 1329 1876 confessores
1351 1851 1527 1883 qumstionati
1551 1853 1578 1876 et
1603 1851 1675 1881 torti,
1694 1859 1709 1875 »
1736 1858 1800 1876 non
1825 1854 1860 1876 ut
1884 1852 1981 1876 veritas

1156 1890 1336 1919 quasreretur,
1358 1887 1407 1913 sed
1428 1889 1460 1912 ut
1480 1894 1529 1919 per
1547 1889 1684 1912 tormenta
1708 1887 1884 1919 quaestionis
1903 1892 1981 1917 coge.

1156 1925 1251 1948 rentur
1262 1923 1297 1948 ad
1310 1922 1521 1955 relinquendam
1536 1923 1688 1948 veritatem.
1704 1923 1785 1948 Hinc
1800 1921 1981 1955 qumti‘onan't

1156 1959 1184 1983 in
1199 1959 1268 1984 actis
1283 1960 1442 1984 sanctorum
1457 1958 1573 1983 Luciani
1587 1960 1614 1983 et
1629 1958 1767 1983 Marciani
1783 1958 1854 1983 dicti
1867 1964 1982 1990 quorum

1156 1994 1279 2019 ofﬁcium
1302 1997 1360 2019 erat
1374 2001 1436 2019 reos
1449 1994 1588 2026 applicare
1607 1993 1642 2018 ad
1663 1994 1863 2026 quaestionem
1882 1995 1910 2019 et
1930 1996 1981 2018 tor-

1155 2030 1256 2055 mentis
1277 2030 1426 2061 exagitare.
1449 2029 1536 2054 lidem
1551 2029 1617 2054 dicti
1640 2029 1796 2061 carniﬁces,
1809 2032 1844 2055 ut.
1865 2028 1983 2054 ostendit

1156 2066 1184 2090 in
1209 2072 1260 2090 suo
1286 2065 1427 2091 Glossario
1448 2065 1545 2090 Latino
1565 2065 1751 2090 doctissimus
1781 2067 1896 2091 amicus
1920 2065 1983 2089 olim

1155 2103 1249 2126 noster
1262 2101 1373 2126 Carolus
1385 2100 1550 2125 Dufresnius
1559 2100 1691 2132 Cangius.
1703 2102 1883 2131 Quaestionis
1894 2102 1982 2125 autem

1155 2138 1291 2162 tormenta
1306 2136 1443 2168 cogebant
1456 2136 1596 2161 interdum
1609 2136 1782 2162 innocentes
1798 2137 1836 2162 ad
1852 2136 1984 2162 conﬁten—

1155 2172 1221 2197 dum
1237 2172 1353 2197 crimina
1370 2172 1404 2197 de
1416 2172 1520 2204 quibus
1533 2171 1750 2202 accusabantur,
1765 2174 1810 2197 uti
1829 2174 1956 2198 notatum
1971 2178 1984 2195 a

1155 2207 1236 2233 nobis
1252 2210 1294 2233 est
1314 2208 1341 2232 in
1364 2208 1438 2232 notis
1452 2207 1487 2232 ad
1506 2208 1578 2232 Vitas
1590 2208 1730 2239 Paparum
1744 2208 1984 2236 Avaniommsz'um,

1155 2250 1216 2275 pag.
1229 2243 1284 2269 509.

1188 2279 1376 2310 (36)Animum.
1392 2278 1487 2304 Codex
1502 2279 1654 2303 Vaticanus
1665 2280 1692 2304 et
1707 2285 1809 2310 meus,
1828 2281 1891 2304 tum
1906 2279 1986 2304 etiam

1155 2315 1178 2339 ie
1191 2315 1238 2346 qui
1254 2315 1306 2339 fuit
1317 2315 1416 2339 Latinii
1430 2315 1534 2339 habent
1545 2315 1671 2339 animam.

1189 2351 1238 2380 (57)
1254 2349 1406 2374 Comtttbus.
1424 2350 1463 2375 lta
1482 2350 1567 2375 editio
1581 2350 1760 2376 Morelliana.
1778 2352 1871 2384 Angli
1884 2351 1988 2376 malue-

1156 2387 1220 2410 runt
1234 2385 1362 2415 omnibus,
1376 2386 1468 2410 testati
1480 2392 1510 2410 se
1525 2386 1562 2410 ita
1575 2386 1710 2418 scripturn
1724 2386 1839 2412 vidisse
1853 2388 1883 2412 in
1896 2386 1988 2412 codice

1156 2420 1299 2446 Vaticano.
1315 2420 1361 2446 Sic
1382 2421 1465 2446 etiam
1483 2421 1570 2446 codex
1591 2421 1700 2446 Latinii.
1720 2423 1763 2447 At
1778 2421 1989 2454 Gratianopoli-

1156 2458 1238 2481 tanus
1260 2456 1344 2481 habet
1364 2456 1507 2481 comitibus.
1533 2457 1612 2482 Meus
1631 2457 1763 2488 motibus,
1780 2459 1862 2490 quod
1878 2459 1990 2490 propius

1156 2491 1265 2516 accedit
1279 2492 1314 2516 ad
1327 2499 1426 2517 vocem
1440 2492 1588 2518 comitibus.

1187 2527 1237 2557 (38)
1272 2527 1372 2557 Maris,
1403 2527 1523 2552 Collectu.
1559 2528 1627 2553 Hec
1659 2527 1752 2553 lectio
1789 2531 1934 2562 reperitur
1965 2530 1991 2554 in

1157 2562 1279 2588 editione
1304 2562 1434 2593 Morellii,
1457 2563 1484 2587 in
1507 2563 1592 2588 veteri
1613 2563 1683 2588 libro
1710 2571 1792 2595 meo,
1823 2568 1853 2590 et
1876 2567 1905 2590 in
1929 2565 1992 2590 Gra-

1157 2599 1364 2630 tianopolitano.
1384 2599 1523 2624 Pamelius
1537 2599 1656 2624 mutavit
1674 2605 1713 2624 ex
1740 2601 1874 2633 ingenio,
1889 2601 1993 2633 absque

1156 2635 1241 2660 ullius
1273 2635 1373 2660 veteris
1405 2635 1572 2666 exemplaris
1604 2636 1800 2666 auctoritate,
1829 2640 1859 2663 et
1893 2638 1993 2670 posuit,

1156 2670 1309 2698 Macarius,
1342 2670 1480 2700 Cornelia,
1503 2671 1569 2702 quia
1590 2670 1708 2695 videbat
1733 2672 1860 2697 Macarii
1883 2675 1911 2698 et
1930 2673 1993 2697 alio-

1159 2713 1219 2731 rum
1253 2706 1351 2731 decem
1383 2708 1535 2738 martyrum
1568 2706 1670 2730 festum
1701 2707 1854 2733 celebrari
1881 2716 1911 2734 vx
1935 2708 1996 2734 ldus

1157 2741 1269 2773 Aprilis.
1297 2742 1333 2766 Et
1357 2744 1450 2766 tamen
1478 2742 1561 2766 Maris
1586 2747 1691 2766 nomen
1722 2749 1786 2768 non
1824 2747 1870 2769 est
1898 2744 1995 2769 obscu-

1158 2784 1220 2802 rum
1252 2778 1280 2801 in
1317 2777 1432 2802 historia
1471 2777 1670 2802 ecclesiastica.
1715 2778 1810 2804 Maris
1850 2780 1996 2812 episcopus

1158 2813 1395 2839 Chalcedonensis
1428 2813 1527 2838 claruit
1559 2819 1619 2838 sevo
1651 2812 1772 2839 Juliani
1809 2816 1996 2848 imperatoris.

1158 2849 1235 2873 Alter
1257 2848 1339 2872 Maris
1356 2849 1438 2873 etiam
1461 2849 1607 2880 episcopus
1628 2847 1894 2876 Chalcedonensis
1914 2852 1997 2876 inter-

1157 2884 1210 2908 fuit
1223 2883 1343 2909 concilio
1358 2883 1588 2914 Chalcedonensi,
1603 2884 1712 2910 Marius
1728 2886 1921 2913 Dolichensis
1936 2894 1997 2912 con-

291 2921 401 2947 Latinii.
422 2922 506 2955 Angli
531 2926 686 2955 posuerunt
710 2924 738 2949 in
765 2924 898 2949 contextu
925 2922 1117 2954 conjecturam
1150 2920 1215 2947 cilio
1246 2920 1553 2954 Constantinopolitano
1572 2921 1672 2953 primo.
1707 2921 1789 2950 Nota
1819 2927 1864 2950 est
1885 2926 1995 2951 contro-
