4160 6216
280 249 360 302 289
1666 238 1978 299 EPISTOLA
2016 232 2175 295 XXII.

3487 246 3589 299 290

273 371 380 423 nius
416 371 471 421 et
506 368 689 435 Maria,
730 367 962 433 Sabina,
994 366 1246 438 Spesina,
1291 370 1347 421 et
1383 382 1621 433 sorores,
1654 368 1860 421 Janua-
1886 378 1945 451 Α
1968 364 2313 433 tulacunque
2345 362 2485 416 ratio
2521 363 2804 417 declarata
2833 368 2934 432 est,
2976 363 3128 419 aliud
3168 366 3400 421 accessit
3437 369 3589 437 quod

270 464 354 528 ria,
385 463 591 525 Dativa,
622 464 848 516 Donata.
889 462 1208 516 Salutamus
1247 477 1376 515 cum
1417 462 1528 514 suis
1569 462 1861 527 Saturum,

270 557 586 624 Bassianum,
617 559 673 609 et
709 557 1032 609 universum
1296 555 1534 622 clerum,
1567 554 1858 616 Uranium,

266 649 521 713 Alexium,
578 648 983 715 Quintianum,
1037 648 1395 715 Colonicam,
1454 652 1509 701 et
1572 645 1864 699 universos

264 758 485 813 quorum
518 741 750 795 nomina
776 758 893 796 non
921 741 1138 812 scripsi,
1168 741 1300 811 quia
1321 742 1441 809 jam
1480 741 1655 794 lassus
1684 755 1860 793 eram.

264 836 373 889 ideo
431 835 724 904 ignoscere
788 835 1012 889 debent.
1074 834 1219 905 Opto
1277 850 1373 887 vos
1434 833 1579 887 bene
1636 833 1859 899 valere,

261 928 491 981 Alexium
541 932 597 981 et
641 928 957 982 Getulicum
1004 935 1060 981 et
1110 927 1464 998 argentarios
1514 932 1567 980 et
1620 942 1858 979 sorores.

258 1022 492 1075 Salutant
518 1037 616 1075 vos
653 1037 873 1075 sorores
909 1037 1052 1076 mea
1084 1020 1348 1075 Januaria
1384 1024 1441 1073 et
1483 1019 1693 1089 Sophia
1723 1036 1861 1089 quas

257 1114 390 1167 vobis
414 1116 774 1169 commendo.

721 1225 1046 1281 EPISTOLA
1081 1225 1216 1279 xxu
1247 1226 1378 1295 (39).

256 1327 463 1387 (Pamel.,
494 1338 624 1376 xxiii
640 1342 655 1387 ;
679 1327 883 1389 Rigalt.,
906 1327 1096 1386 Baluz.,
1124 1326 1304 1459 faris,
1327 1325 1674 1387 xxn;0xon.,
1704 1324 1859 1386 Lips.,

953 1408 1113 1446 xxvn.

953 1408 1113 1446 XXVII.

256 1515 309 1554 AD
354 1516 555 1555 ειειιωί
608 1518 761 1555 ΗΟΧΒ
812 1517 1223 1569 CONSISTENTEI,
1274 1518 1341 1554 DE
1395 1516 1581 1555 MULTIS
1629 1514 1855 1554 CONFES-

311 1597 523 1635 SOBIBUS
576 1598 639 1636 ΕΤ
684 1598 750 1635 DE
799 1597 1017 1636 LUCIANI
1066 1597 1455 1636 INVEBECUNDIA
1502 1597 1564 1634 ET
1614 1595 1857 1633 CELERINI

310 1677 656 1716 CONFESSORIS
697 1677 981 1717 MODESTIA.

1968 474 2069 511 nec
2118 458 2302 527 ipsum
2354 457 2531 509 latere
2582 474 2677 509 vos
2729 458 2942 512 debuit.
2992 460 3130 512 Nam
3180 460 3357 514 frater
3403 466 3593 515 noster

1965 552 2276 616 Lucianus,
2333 555 2389 604 et
2449 550 2570 621 ipse
2633 567 2780 603 unus
2837 553 2906 605 de
2972 554 3425 621 confessoribus,
3483 556 3591 608 ﬁde

1964 644 2196 714 quidem
2241 643 2456 697 calidus
2506 649 2561 697 et
2608 644 2811 699 virtute
2853 645 3137 716 robustus,
3188 648 3289 701 sed
3332 650 3589 703 minus33

1964 737 2255 790 Dominica
2294 738 2534 791 lectione
2579 737 2865 803 fundatus,
2910 740 3173 809 quadam
3213 747 3445 795 conatus
3484 748 3587 810 est,

1963 830 2209 900 imperiti
2235 830 2579 900 jampridem
2607 830 2716 899 (41)
2744 847 2801 884 se
2835 832 2985 902 vulgi
3013 836 3367 887 auctorem35
3397 834 3589 908 283

1962 922 2336 989 constituens,
2370 928 2429 976 ut
2460 939 2633 976 manu
2665 923 2787 992 ejus
2818 924 3011 995 scripti
3048 925 3219 978 libelli
3252 928 3355 995 (42)
3386 944 3589 998 grega-

1961 1015 2062 1069 tim
2096 1015 2291 1069 multis
2328 1017 2437 1085 (43)
2478 1016 2708 1071 nomine
2744 1017 2899 1070 Pauli
2940 1018 3234 1085 darentur,
3273 1036 3403 1073 cum
3441 1022 3587 1091 Map-

1961 1109 2171 1179 palicus
2238 1112 2454 1179 martyr
2521 1116 2718 1163 cautus
2776 1115 2831 1164 et
2884 1111 3272 1178 verecundus,
3324 1113 3466 1183 legis
3531 1131 3594 1168 ac

1961 1201 2271 1272 disciplina
2318 1218 2555 1269 memor,
2601 1204 2786 1257 nullas
2835 1210 3029 1258 contra
3079 1206 3451 1276 Evangelium
3495 1207 3589 1261 lit-

1959 1298 2113 1349 teras
2139 1295 2353 1363 fecerit,
2381 1296 2480 1351 sed
2506 1300 2729 1351 tantum
2764 1297 3072 1352 domestica
3098 1298 3310 1369 pietate
3341 1317 3586 1355 commo—

1962 1392 2051 1442 tus
2090 1389 2263 1443 matri
2302 1406 2419 1443 sua
2462 1390 2569 1459 (44)
2606 1406 2734 1460 qua
2776 1391 2937 1461 lapsa
2975 1392 3164 1446 fuerat
3186 1395 3253 1462 ³⁵,
3294 1395 3592 1450 mandave-

1959 1482 2033 1536 rit
2062 1499 2259 1553 pacem
2291 1482 2449 1551 dari;
2494 1483 2829 1538 Saturninus
2869 1501 3093 1555 quoque
3134 1492 3263 1556 post
3301 1492 3591 1544 tormenta

1961 1576 2146 1630 adhuc
2191 1576 2249 1629 in
2294 1591 2517 1631 carcere
2562 1577 2900 1631 constitutus
2943 1579 3127 1632 nullas
3172 1580 3453 1649 ejusmodi
3498 1582 3588 1635 lit-

1960 1674 2106 1725 teras
2150 1670 2419 1726 emiserit.
2467 1671 2744 1726 Lucianus
2794 1688 2943 1738 vero,
2990 1691 3107 1727 non
3159 1680 3373 1729 tantum
3415 1677 3586 1730 Paulo

249 1775 625 1829 Aacuusmuu.
657 1805 725 1813 —
751 1776 847 1829 His
878 1774 1070 1828 litteris
1101 1773 1407 1842 Cyprianus
1436 1773 1636 1826 clerum
1663 1773 1853 1825 Roma-
1876 1741 1933 1812 Β
1957 1766 2143 1819 adhuc
2209 1764 2268 1818 in
2330 1780 2559 1818 carcere
2615 1766 2800 1834 posito
2859 1766 3093 1819 nomine
3157 1767 3304 1821 illius
3366 1770 3587 1823 libellos

305 1878 426 1915 num
453 1866 732 1917 certiorem
757 1863 939 1916 reddit
969 1863 1035 1917 de
1070 1864 1325 1917 seditiosa
1363 1862 1637 1931 lapsorum
1662 1867 1854 1929 postu-

306 1951 518 2017 latione,
552 1956 613 2005 ut
640 1952 713 2004 ad
736 1967 919 2020 pacem
947 1954 1364 2005 restituerentur
1390 1956 1441 2003 et
1466 1950 1532 2003 de
1556 1952 1860 2003 inverecun-

305 2039 389 2091 dia
418 2042 671 2094 Luciani.
706 2041 837 2106 Quae
871 2055 973 2108 quo
1006 2041 1193 2094 melius
1221 2040 1617 2108 intelligantur,
1654 2040 1860 2095 litteras

308 2132 411 2181 tum
449 2145 605 2189 suas,
640 2135 751 2181 tum
788 2129 1019 2183 Celerini
1057 2136 1107 2184 et
1139 2131 1371 2183 Luciani
1414 2130 1859 2184 transmittendas

304 2222 449 2270 curat
477 2218 807 2286 Cyprianus.

305 2334 345 2387 Ι.
393 2334 715 2404 Cyprianus
769 2334 1113 2405 presbyteris
1170 2340 1225 2389 et
1281 2335 1609 2389 diaconibus
1662 2335 1859 2388 Roma

248 2427 672 2481 consistentibus
718 2427 989 2481 fratribus
1042 2429 1298 2482 salutem.
1352 2430 1481 2482 Post
1527 2429 1697 2483 factas
1750 2429 1857 2499 (40)

248 2521 305 2574 ad
352 2537 446 2575 vos
502 2522 743 2588 litteras,
790 2521 989 2575 fratres
1047 2522 1386 2588 charissimi,
1442 2522 1648 2592 quibus
1701 2528 1859 2577 actus

246 2620 417 2667 noster
454 2614 745 2685 expositus
788 2618 846 2668 et
885 2613 1193 2685 disciplina
1228 2631 1293 2668 ac
1322 2614 1636 2685 diligentia
1675 2631 1855 2685 quan-

1960 1875 2131 1912 manu
2170 1875 2275 1912 sua
2318 1858 2555 1928 scriptos
2597 1858 2804 1928 passim
2844 1859 3020 1925 dedit,
3064 1860 3162 1914 sed
3208 1866 3259 1913 et
3307 1866 3432 1931 post
3469 1864 3589 1932 ejus

1959 1968 2251 2006 excessum
2285 1952 2488 2007 eadem
2519 1952 2709 2005 facere
2750 1952 2853 2006 sub
2893 1952 3014 2022 ejus
3052 1952 3281 2007 nomine
3317 1953 3427 2025 (45)
3460 1972 3587 2025 per-

1957 2045 2231 2099 severavit
2270 2046 2461 2100 dicens
2509 2045 2619 2099 hoc
2658 2044 2763 2098 sibi
2804 2044 2875 2099 ab
2918 2046 3013 2099 illo
3061 2046 3394 2101 mandatum
3418 2049 3484 2115 ³⁸,
3517 2066 3587 2103 ne

1957 2140 2137 2193 sciens
2172 2140 2402 2193 domino
2445 2139 2627 2210 magis
2672 2155 2845 2209 quam
2882 2156 3151 2194 conservo
3194 2141 3593 2212 obtemperan-

1958 2234 2114 2287 dum.
2148 2232 2340 2305 284
2381 2234 2593 2287 Aurelii
2624 2250 2851 2304 quoque
2886 2234 3258 2289 adolescentis
3300 2241 3588 2291 tormenta

1959 2329 2210 2398 perpessi
2257 2328 2487 2381 nomine
2534 2327 2710 2381 libelli
2757 2327 2921 2381 multi
2977 2328 3093 2382 dati
3142 2333 3276 2382 sunt
3328 2330 3585 2400 ejusdem

1958 2421 2190 2478 Luciani
2233 2436 2411 2475 manu
2452 2419 2667 2491 scripti,
2708 2421 2858 2490 quod
2901 2420 3119 2475 litteras
3158 2422 3251 2476 ille
3299 2440 3413 2477 non
3456 2440 3584 2477 nos-

1958 2520 2044 2568 set
2072 2514 2201 2585 (46).

2030 2614 2095 2667 Il.
2127 2612 2227 2669 Cui
2271 2612 2352 2667 rei
2394 2616 2453 2666 ut
2491 2611 2852 2683 aliquatenus
2896 2617 3086 2684 posset
3127 2614 3343 2684 obsisti,
3370 2614 3589 2671 litteras

1611 2771 1819 2835 Varia
1862 2770 2199 2835 lectiones.

302 2899 335 2927 ³³
362 2893 651 2947 Robustus
683 2899 868 2948 minus
896 2899 1052 2963 Impr.
1120 2901 1156 2932 ³⁴
1194 2899 1447 2963 lmperite
1467 2900 1583 2963 jam
1612 2913 1673 2951 se
1700 2903 1983 2951 auctorem
2022 2900 2133 2949 Ver.
2206 2900 2243 2931 ³⁵
2274 2898 2345 2948 Et
2369 2898 2540 2948 sorori
2578 2910 2703 2961 qua
2734 2897 2902 2961 lapsa
2932 2896 3159 2948 fuerunt
3198 2899 3352 2949 Oxon.
3422 2900 3461 2933 ³⁸
3499 2899 3586 2951 Ab

1553 3031 1779 3115 Steph.
1817 3032 2065 3097 Baluzii
2095 3036 2289 3095 nota.

246 3176 403 3267 ‘v‘ersia
426 3175 496 3255 de
531 3175 768 3267 epistola
808 3175 923 3256 Iba
967 3176 1210 3267 episcOpi
1252 3176 1517 3267 Edesseni
1564 3177 1634 3267 ad
1664 3179 1856 3267 Marim
1879 3194 1933 3267 ρ
2022 3178 2129 3267 (ξ3)ι
2160 3175 2379 3267 Μιιιιίε.⁸
2416 3176 2477 3223 In
2520 3173 2737 3267 fodio:
2762 3174 3273 3267 εειὲείὶηιῗξοιίξιξξξΔ
3297 3175 3589 3267 Remepsis

246 2966 327 3016 illo
354 2981 476 3019 esse
501 2967 839 3018 mandatum
864 2968 991 3019 Bod.
1022 2973 1066 3017 1.

246 3242 446 3294 Persam
478 3248 538 3295 in
570 3247 809 3296 concilio
833 3248 1044 3310 quinto,
1076 3250 1237 3311 cujus
1270 3249 1434 3297 etiam
1470 3251 1674 3300 mentio
1714 3251 1857 3299 facta

245 3324 316 3364 est
338 3317 389 3365 in
412 3316 721 3380 Ephesino.
742 3318 905 3367 Maris
930 3318 1186 3368 monachi
1207 3320 1456 3369 meminit
1478 3319 1859 3370 Theodoretus

245 3388 290 3435 in
314 3391 483 3452 capite
504 3389 572 3438 20
600 3389 839 3438 Historia;-
867 3388 1135 3452 religiosae.

294 3460 388 3521 (39')
416 3459 584 3508 Hanc
622 3460 929 3521 epistolam,
976 3474 1097 3524 qua
1136 3462 1376 3524 primum
1423 3475 1629 3511 excusa
1675 3466 1756 3511 est
1804 3462 1860 3510 in

244 3529 465 3578 editione
499 3530 841 3593 Manutiana,
875 3532 930 3579 in
959 3530 1117 3581 nuﬂo
1150 3545 1342 3582 eorum
1384 3537 1635 3582 veterum
1676 3546 1861 3582 exem-

245 3598 460 3659 plarium
517 3600 730 3663 quibus
781 3606 907 3651 utor
939 3604 1115 3665 reperi
1163 3617 1329 3666 quam
1382 3603 1438 3651 in
1491 3603 1754 3665 Fuxensi,
1803 3605 1861 3652 in

248 3667 766 3734 Gratianopolitano,
789 3673 842 3721 in
870 3687 981 3722 uno
1012 3687 1154 3734 meo,
1193 3679 1248 3723 et
1285 3676 1341 3722 in
1385 3687 1451 3723 eo
1483 3674 1632 3737 quod
1669 3688 1862 3725 serva-

247 3744 323 3787 tur
369 3744 423 3789 in
456 3744 798 3792 monasterio
837 3743 1095 3794 Remensi
1132 3746 1309 3794 sancti
1365 3745 1637 3807 Dionysii.
1696 3745 1862 3808 Angli

248 3813 456 3861 unicum
487 3813 812 3863 habuerunt
845 3829 912 3865 ex
948 3816 1285 3866 bibliotheca
1318 3816 1633 3865 Bodleiana.
1669 3816 1860 3865 Pame-

247 3880 339 3931 lius
387 3896 511 3933 eam
573 3885 862 3936 invenerat
922 3890 979 3936 in
1029 3888 1227 3938 codice
1276 3888 1583 3949 Anglicano
1632 3887 1862 3936 Joannis

248 3952 477 4003 Harrisii.

301 4025 383 4085 (tt),
420 4028 541 4075 Post
565 4026 755 4087 factas.
791 4028 975 4078 Editio
1017 4030 1267 4091 Morellii,
1304 4029 1479 4081 codex
1523 4042 1696 4091 meus,
1725 4029 1863 4080 Gra-

249 4094 665 4159 tianopolitanus
693 4102 744 4147 et
769 4114 915 4149 unus
950 4100 1283 4151 Bodleianus
1315 4100 1519 4152 habent
1548 4117 1558 4149 :
1592 4102 1763 4150 Factis
1791 4100 1863 4150 ad

249 4178 322 4213 vos
346 4166 552 4217 litteris.

304 4238 390 4297 (41)
429 4240 648 4301 Imperii
670 4242 1011 4305 jampridem.
1062 4244 1185 4293 Vox
1218 4244 1542 4307 jampridem
1601 4242 1755 4293 deest
1805 4243 1861 4291 in

250 4308 422 4359 codice
452 4309 738 4361 Remensi.
772 4314 832 4360 1n
860 4313 1103 4364 Fuxensi
1146 4317 1414 4378 scriptum
1464 4319 1546 4363 est
1592 4314 1864 4377 imperitia

250 4389 327 4425 sua
351 4383 557 4440 pridem
588 4396 655 4430 se.
692 4382 829 4444 Qua
858 4385 1019 4434 lectio
1048 4386 1267 4435 videtur
1306 4388 1606 4435 convenire
1639 4399 1768 4435 cum
1796 4384 1863 4433 iis

252 4460 359 4510 quae
389 4454 562 4514 paulo
589 4458 717 4503 ante
748 4455 889 4504 dixit
931 4456 1243 4520 Cyprianus
1281 4457 1350 4506 de
1394 4457 1658 4516 Luciano,
1708 4456 1863 4504 illum

252 4524 418 4570 minus
458 4525 751 4574 Dominica
790 4527 1025 4577 lectione
1072 4529 1367 4577 fundatum
1402 4528 1588 4577 fuisse.
1624 4528 1865 4576 Vocatur

252 4600 417 4662 autem
440 4594 645 4644 iterum
672 4596 944 4658 imperitus
968 4600 1021 4646 in
1054 4599 1156 4648 hac
1192 4601 1307 4661 ipsa
1337 4600 1586 4662 epistola.
1625 4599 1865 4648 Sanctus

252 4661 633 4728 Hieronymus,
663 4668 720 4715 in
747 4669 985 4732 Epistula
1012 4672 1083 4719 ad
1108 4661 1470 4734 Nepotianum,
1508 4670 1578 4720 de
1608 4672 1719 4719 vita
1749 4671 1863 4719 cle-

252 4735 479 4805 ricorum
512 4753 524 4784 :
558 4758 585 4781 ‹‹
615 4738 908 4789 Celeritate
940 4740 1157 4790 dicendi
1183 4743 1330 4804 apud
1352 4743 1645 4805 imperium
1664 4741 1866 4805 vulgus

255 4804 659 4857 admirationem
691 4812 778 4858 sui
806 4812 985 4861 facere
1012 4812 1361 4862 indoctorum
1386 4804 1679 4863 hominum
1708 4804 1809 4863 est.
1838 4830 1866 4858 λ»

254 4874 313 4949 _Et
350 4878 489 4927 intra
525 4894 536 4925 :
572 4898 599 4925 α
631 4881 779 4930 Nihil
822 4886 932 4931 tam
982 4883 1142 4934 facile
1179 4898 1348 4947 quam
1391 4885 1556 4935 vilem
1609 4888 1867 4949 plebecu-

254 4945 350 5018 lam
396 4955 449 4997 et
504 4951 787 5001 indoctam
848 4945 1213 5005 concionem‘
1242 4957 1449 5018 lingua
1524 4945 1867 5012 volubilitate

256 5017 515 5083 decipere,
548 5037 669 5086 qua
704 5024 975 5088 quidquid
1003 5039 1115 5075 non
1140 5017 1399 5091 intelligit
1411 5028 1536 5089 plus
1567 5030 1812 5080 miratur.
1837 5048 1865 5080 »

254 5093 567 5165 arnulphus
595 5094 968 5157 Lexoviensis,
1002 5098 1159 5159 epist.
1185 5099 1247 5148 32
1276 5114 1286 5145 :
1319 5116 1347 5143 «
1370 5100 1507 5148 Sunt
1544 5101 1693 5150 enim
1742 5104 1866 5165 qui-

256 5162 364 5234 dam
392 5167 490 5225 qui
531 5178 595 5214 eo
634 5166 881 5216 difﬁcilia
918 5170 1142 5231 majoris
1178 5171 1470 5231 astimant,
1512 5173 1641 5234 quia
1681 5162 1868 5222 minus

255 5232 525 5284 intellecta
572 5238 855 5299 mirantur,
898 5245 953 5289 et
1016 5245 1279 5303 tanquam
1333 5232 1565 5304 puerilia
1610 5249 1867 5307 reputant

257 5315 367 5363 qua
411 5310 661 5367 jucunda
697 5309 867 5359 lucidi
920 5314 1190 5361 sermonis
1236 5313 1501 5362 serenitas
1546 5315 1801 5365 illustrat.
1838 5334 1865 5362 »

261 5371 444 5449 bolum
475 5382 561 5426 est
588 5380 736 5442 quod
771 5381 934 5430 tradit
957 5380 1354 5444 Quintilianus,
1388 5384 1483 5432 lib.
1515 5398 1633 5446 vm,
1664 5400 1783 5449 cap.
1816 5388 1863 5447 2,

259 5444 413 5495 fuisse
456 5455 857 5513 praceptorum
897 5454 1141 5516 aliquem
1193 5457 1289 5519 qui
1333 5444 1636 5519 discipulos
1671 5444 1868 5508 obscu-

262 5527 363 5564 rare
387 5533 513 5581 qua
544 5520 788 5572 dicerent
806 5524 1043 5586 juberet.

317 5590 398 5650 (Β)
444 5593 637 5653 Scripti
682 5594 857 5644 libelli.
923 5596 1112 5647 Codex
1160 5598 1452 5661 Fuxensis,
1507 5600 1563 5648 in
1615 5614 1727 5663 quo
1784 5600 1869 5650 bis

266 5658 519 5732 descripta
552 5669 629 5713 est
655 5666 777 5717 hac
803 5670 1053 5732 epistola,
1084 5671 1251 5720 habet
1280 5674 1337 5720 in
1361 5658 1474 5721 uno
1502 5658 1681 5721 loco-«
1714 5672 1871 5723 libel-

268 5729 343 5855 lus
374 5738 626 5799 scriptus,
677 5729 938 5807 gregatim
996 5729 1187 5794 multis
1234 5747 1462 5794 nomine
1506 5743 1661 5793 Pauli
1710 5743 1869 5793 dare-

290 5818 359 5855 ur.
386 5824 415 5855 ι

290 5818 415 5859 ω’.»

1961 3249 2232 3311 scriptum
2301 3249 2383 3296 est
2446 3248 2628 3305 ructis,
2686 3246 2742 3293 in
2817 3245 3058 3295 Fuxensi
3112 3248 3291 3296 rustis.
3347 3247 3410 3295 In
3464 3248 3591 3299 Vita

1959 3324 2163 3369 sancta
2195 3318 2390 3381 Tygris
2417 3317 2644 3379 virginis
2688 3316 2987 3366 Mauriana
3031 3318 3085 3365 in
3133 3316 3412 3368 Sabaudia
3442 3319 3589 3370 edita

1960 3392 2017 3440 in
2044 3395 2193 3440 tomo
2231 3391 2428 3452 quinto
2473 3388 2628 3437 Junii
2670 3388 3016 3438 Bollandiani
3057 3389 3279 3452 legitur,
3319 3404 3444 3455 pag.
3476 3394 3540 3441 75
3577 3408 3588 3440 :

1960 3477 1991 3509 α
2040 3459 2328 3510 Concessit
2389 3458 2553 3507 etiam
2616 3458 2818 3507 vallem
2888 3457 3202 3509 Cottianam
3261 3462 3317 3508 in
3391 3476 3592 3525 gyrum

1963 3531 2261 3581 Mauriana
2287 3532 2555 3578 structam
2587 3531 2641 3577 et
2674 3533 2853 3579 rustes
2878 3533 2933 3578 et
2956 3528 3150 3591 tivum,
3181 3543 3307 3593 qua
3337 3534 3510 3583 muris
3541 3538 3595 3585 et

1961 3604 2122 3653 tectis
2186 3600 2441 3651 ecclesia
2484 3600 2879 3649 ministrarent.
2929 3617 2957 3644 »
3015 3599 3116 3649 Ubi
3165 3601 3361 3652 Daniel
3419 3604 3591 3667 Pape-

1961 3673 2223 3723 brochius
2250 3672 2476 3734 conjicit
2504 3684 2601 3733 per
2623 3674 2800 3719 rustes
2834 3669 3066 3733 intelligi
3102 3670 3304 3722 debere
3333 3676 3588 3737 rusticos,

1962 3758 2101 3808 quos
2130 3745 2266 3793 alias
2304 3743 2542 3793 dicimus
2589 3755 2776 3790 servos
2818 3740 3014 3803 gleba.
3064 3741 3146 3790 Ex
3188 3756 3298 3805 quo
3346 3745 3592 3796 fortassis

1962 3817 2146 3879 colligi
2189 3820 2376 3879 posset
2428 3813 2807 3877 reponendum
2858 3825 2981 3862 esse
3044 3814 3270 3875 rusticis,
3326 3819 3592 3879 tanquam

1962 3887 2273 3951 Cyprianus
2318 3888 2373 3935 in
2419 3899 2483 3935 eo
2531 3885 2829 3949 perstiterit
2868 3884 3015 3947 quod
3056 3885 3220 3947 paulo
3258 3890 3387 3937 ante
3434 3889 3591 3952 dixit,

1960 3960 2270 4010 Lucianum
2320 3972 2380 4008 se
2415 3958 2653 4020 imperiti
2691 3957 2843 4019 vulgi
2887 3960 3171 4007 auctorem
3212 3961 3588 4012 constituisse.

1963 4031 2021 4081 Si
2101 4032 2229 4094 quis
2306 4030 2452 4078 hanc
2526 4030 2903 4091 conjecturam
2990 4028 3283 4092 approbat,
3364 4045 3427 4082 ea
3512 4034 3593 4083 uti

1999 4106 2158 4151 otest.

1960 4116 2158 4233 p033.
2197 4172 2360 4221 Matri
2424 4184 2548 4220 suae.
2624 4170 2762 4221 Hac
2816 4173 3029 4220 tantum
3100 4171 3267 4222 editio
3339 4172 3588 4223 Manutii.

1964 4242 2246 4294 Morellius
2290 4247 2345 4291 et
2394 4241 2671 4291 Pamelius
2715 4242 3039 4304 adjecerunt
3081 4249 3128 4292 ct
3178 4246 3373 4293 sorori.
3431 4245 3593 4295 Nulla

1963 4327 2124 4377 porro
2159 4314 2361 4363 sororis
2387 4314 2593 4362 mentio
2634 4318 2717 4363 est
2756 4316 2811 4361 in
2860 4314 3055 4365 codice
3095 4315 3372 4376 Remensi,
3411 4329 3595 4379 neque

1964 4388 2021 4433 in
2052 4384 2311 4446 Fuxensi,
2338 4387 2394 4435 in
2420 4385 2624 4448 quibus
2657 4387 2925 4448 scriptum
2951 4392 3033 4437 est
3076 4401 3191 4450 qua:
3222 4386 3370 4450 lapsa
3398 4387 3593 4450 fuerat.

1963 4458 2025 4505 In
2070 4458 2233 4505 variis
2272 4456 2605 4506 lectionibus
2648 4470 2785 4519 quas
2840 4457 3019 4507 habeo
3067 4470 3137 4507 ex
3177 4458 3369 4508 codice
3416 4460 3595 4509 Vero-

1966 4529 2122 4577 nensi
2153 4528 2306 4576 nulla
2340 4539 2563 4589 quoque
2594 4529 2797 4576 sororis
2822 4529 3049 4577 mentio.
3096 4529 3290 4578 Exstat
3321 4534 3503 4579 tamen
3536 4532 3592 4580 in

1886 4571 1942 4641 D
1966 4571 2269 4649 ἷιῖεἷεῖθῖἷιῖ
2279 4571 2812 4659 ὸῗεῖἷδῖἶοῷὁῑίὶᾷῌὸ.

2028 4672 2122 4732 (45)
2155 4670 2260 4718 Sub
2285 4671 2399 4732 ejus
2423 4670 2646 4717 nomine.
2676 4667 2867 4718 Codex
2891 4668 3201 4730 Remensis,
3224 4669 3318 4720 sub
3337 4672 3593 4733 ejusmodi

1964 4754 2234 4793 occasione
2257 4740 2689 4803 perseveraverit.

2029 4816 2122 4875 (46)
2173 4814 2390 4861 Litteras
2436 4821 2540 4858 non
2581 4814 2760 4859 nosset.
2810 4810 2957 4860 Hinc
2994 4824 3124 4874 ergo
3178 4811 3362 4875 colligi
3410 4818 3593 4876 potest

1965 4886 2119 4935 hunc
2170 4882 2456 4931 Aurelium
2494 4892 2613 4929 esse
2654 4878 2930 4929 diversum
2980 4879 3050 4929 ab
3102 4880 3328 4931 Aurelio
3385 4882 3591 4934 lectore

1965 4958 2218 5009 ecclesia
2249 4954 2718 5016 Carthaginensis,
2746 4952 2815 5002 de
2847 4955 3009 5015 cujus
3037 4953 3387 5007 ordinatione
3414 4958 3593 5020 agitur

1964 5031 2021 5079 in
2050 5028 2283 5092 epistola
2312 5026 2389 5075 3:2.
2424 5025 2516 5074 Sic
2546 5026 2599 5073 in
2627 5026 2803 5087 prima
2841 5025 3137 5075 collatione
3169 5025 3593 5091 Carthaginensi

1966 5101 2108 5150 inter
2157 5097 2471 5148 Catholicos
2515 5101 2569 5145 et
2615 5096 2951 5156 Donatistas,
3006 5110 3125 5159 cap.
3176 5098 3282 5158 133,
3332 5099 3594 5148 Trifolius

1966 5172 2261 5234 epiSCOpus
2290 5168 2590 5219 Aborensis
2618 5166 2919 5217 subscribit
2943 5182 3040 5231 pro
3079 5169 3310 5218 Paulino
3335 5168 3595 5220 Zumensi

1965 5246 2238 5307 prasente
2313 5240 2517 5288 litteras
2595 5240 2898 5288 nesciente.
2971 5240 3041 5289 Et
3118 5241 3172 5288 in
3254 5242 3596 5303 professione

1966 5314 2203 5365 Zenonis
2260 5310 2639 5373 chorepiscOpi
2709 5314 2876 5359 secta
2960 5310 3595 5374 quartodecimanorum,

1966 5386 2137 5435 relata
2196 5384 2254 5431 in
2316 5383 2535 5431 actione
2586 5382 2762 5443 prima
2821 5382 3041 5430 concilii
3100 5381 3595 5445 Chalcedonensis,

1967 5457 2190 5507 Flavius
2280 5452 2560 5503 Palladius
2624 5452 2925 5502 subscribit
2998 5466 3095 5514 pro
3170 5466 3235 5503 eo
3313 5453 3383 5503 ob
3455 5456 3599 5516 quod

1966 5539 2193 5591 prasens
2250 5525 2441 5574 diceret
2506 5524 2705 5573 litteras
2748 5536 2801 5572 se
2850 5524 3115 5585 ignorare.
3181 5524 3298 5573 Imo
3360 5526 3414 5573 in
3464 5539 3595 5575 con-

1967 5600 2095 5649 cilio
2156 5595 2619 5654 Chalcedonensi,
2690 5598 2815 5656 post
2881 5593 3084 5644 relecta
3153 5601 3275 5645 acta
3337 5596 3599 5659 quadam

1969 5670 2266 5733 Ephesina
2335 5667 2527 5729 prima
2588 5664 2823 5728 synodi,
2902 5666 3203 5716 subscribit
3268 5667 3418 5716 Elias
3479 5670 3598 5729 epi-

1968 5753 2171 5804 scOpus
2240 5736 2665 5799 Hadrianopolis
2734 5750 2831 5799 per
2884 5735 3198 5786 Romanum
3272 5739 3598 5800 episcopum

1969 5812 2269 5876 Myrorum,
2330 5806 2393 5859 ob
2439 5807 2579 5872 quod
2629 5806 2915 5859 nesciebam
2964 5806 3194 5865 litteras,
3241 5812 3297 5860 et
3338 5807 3601 5869 Cajumas
