4160 6216
130 5604 141 5617 .
264 5610 265 5613 η

118 5618 203 5655 ’τηε
264 5646 273 5653 .

312 5672 331 5681 ..

350 5838 359 5845 ,

344 5870 355 5883 3

64 5248 83 5287 ιτ

74 5304 81 5317 θ

70 5328 79 5351 1

70 5358 81 5389 ι

64 5402 81 5437 ἐ

64 5452 113 5493 ,-.

64 5504 81 5579 ἐ

72 4300 101 4331 ντ

68 4336 103 4379 -έ

86 4404 91 4419 l

66 4486 77 4499 .

64 4552 93 4609 εξ

70 4614 103 4647 ἌῚΛ

70 4658 89 4687 ητ

80 4690 103 4731 τη

64 4764 101 4801 7,1

78 4816 91 4861 ἰ

64 4868 103 4899 τ,

64 4904 95 4989 ἔ

64 5004 97 5073 i-

64 5078 87 5139 ξὲ

66 5144 103 5241 l;

90 4320 111 4343 ξ’.

86 4362 105 4379 Γ

86 4404 91 4419 t

86 4554 117 4583 ξε

86 4658 89 4687 ἵ

86 4694 107 4707 ιι

116 4736 119 4745 ι

86 4746 99 4771 ‘u

94 4788 113 4817 ‘d

86 4854 105 4875 |'r

86 4904 111 4919 Γ-

104 4930 119 4961 ἒ

132 4822 143 4837 \.

110 4930 127 4965 ε,

146 4822 159 4831 ρ

156 4962 175 4975 -κ

172 5030 175 5037 ε

160 5132 167 5141 ,

148 5160 155 5169 ι.

110 4568 117 4579 4

94 4608 119 4631 1*

120 4674 127 4691 τ’

102 4696 107 4705 ι

96 4714 99 4717 Α
116 4734 125 4745 ι

118 5284 133 5301 .1

100 5314 125 5325 ,κ

94 5350 99 5353 _
122 5344 127 5351 .

595 246 689 302 291
1513 248 1568 305 S.
1611 244 1928 311 CYPRIANI
1967 252 2201 310 OPERU‘.

2308 250 2455 312 uas
2497 208 2638 309 1.—
2663 254 3018 314 Εριετοιδε.
3808 262 3896 321 292

574 370 646 424 ad
675 386 772 425 eos
798 369 923 439 feci,
954 385 1098 441 quas
1127 370 1201 425 ad
1228 387 1326 425 vos
1366 371 1468 427 sub
1506 372 1747 444 epistola
1788 375 1975 446 priore
2018 380 2209 431 trans-
2232 395 2291 468 Α
2314 379 2656 449 martyribus
2709 382 2766 433 et
2815 377 3228 434 confessoribus
3287 377 3480 433 datam
3535 378 3897 455 clamitabant,

576 463 738 531 misi,
792 463 999 534 quibus
1052 469 1246 535 petere
1303 471 1360 521 et
1411 467 1651 522 suadere
1709 486 1825 523 non
1891 471 2081 525 destiti
2148 478 2207 526 ut

574 556 880 611 Dominicaa
930 558 1070 628 legis
1132 565 1190 613 et
1253 561 1539 631 Evangelii
1610 563 1752 616 ratio
1810 565 1923 633 (47)
1976 570 2202 619 tenere-

574 655 685 704 tur.
724 652 1029 722 Postquam
1070 668 1201 706 vero
1241 654 1311 707 ad
1354 670 1452 708 eos
1493 654 1714 709 litteras
1754 656 1901 723 misi,
1946 663 2008 712 ut
2050 659 2205 729 quasi

575 742 921 799 moderatius
959 745 1173 816 aliquid
1216 753 1271 802 et
1314 748 1730 818 temperantius
1772 748 1951 818 fieret,
1982 751 2207 806 univer-

572 852 763 891 sorum
791 838 1177 893 confessorum
1221 840 1451 896 nomine
1470 842 1539 905 ³⁷,
1575 842 1727 897 idem
1767 844 2045 899 Lucianus
2091 846 2204 916 epi-

572 930 778 984 stolam
818 930 1037 1002 scripsit
1065 931 1196 1003 (48),
1225 950 1333 1003 qua
1362 949 1510 1005 pene
1552 952 1722 990 omne
1749 937 2037 991 vinculum
2070 938 2202 994 fidei

574 1028 631 1077 et
679 1024 854 1078 timor
905 1024 997 1079 Dei
1048 1031 1105 1079 et
1153 1028 1484 1082 mandatum
1536 1029 1755 1083 Domini
1807 1034 1861 1084 et
1910 1032 2200 1102 Evangelii

571 1117 831 1171 sanctitas
870 1122 925 1172 et
964 1119 1205 1173 firmitas
1241 1122 1574 1175 solveretur.
1614 1122 1845 1192 Scripsit
1887 1125 2041 1178 enim
2085 1142 2203 1180 om-

573 1208 733 1263 nium
761 1211 997 1264 nomine
1033 1211 1306 1265 universis
1347 1229 1442 1267 eos
1474 1230 1669 1284 pacem
1708 1215 1931 1269 dedisse
1965 1222 2021 1272 et
2057 1218 2201 1273 hanc

568 1301 815 1357 formam
852 1302 1043 1376 285
1088 1321 1190 1374 per
1225 1322 1314 1359 me
1357 1307 1481 1360 aliis
1520 1308 1799 1378 episcopis
1840 1310 2199 1365 innotescere

571 1395 732 1463 velle,
772 1398 932 1466 cujus
969 1398 1221 1467 epistolte
1261 1400 1587 1470 exemplum
1632 1402 1702 1455 ad
1749 1419 1843 1455 vos
1887 1404 2196 1458 transmisi.

568 1489 837 1544 Additum
868 1494 951 1545 est
979 1491 1165 1560 plane,
1198 1492 1266 1545 de
1300 1493 1504 1563 quibus
1532 1495 1675 1547 ratio
1704 1497 2018 1551 constiterit
2059 1498 2199 1568 quid

569 1587 699 1652 post
728 1584 1097 1638 commissum
1137 1586 1377 1656 egerint.
1411 1587 1545 1650 Quae
1586 1604 1675 1643 res
1715 1590 1992 1658 majorem
2034 1591 2199 1646 nobis

570 1676 780 1730 conﬁat
820 1676 1113 1746 invidiam,
1164 1684 1225 1732 ut
1268 1697 1370 1734 nos
1422 1698 1551 1735 cum
1597 1683 1953 1752 singulorum
2002 1701 2197 1739 causas

2309 472 2607 526 confestim
2653 472 2757 525 sibi
2800 473 3197 543 repraesentari
3245 478 3578 543 coegerunt,
3626 475 3816 530 territis
3852 486 3900 534 et

2306 565 2552 619 subactis
2591 566 2910 637 praepositis
2940 566 3075 633 suis,
3110 566 3205 637 qui
3235 567 3303 620 ad
3337 564 3705 621 resistendum
3734 570 3898 627 minus

2306 659 2515 713 virtute
2561 659 2740 713 animi
2784 664 2843 713 et
2890 660 3095 714 robore
3138 658 3269 714 ﬁdei
3320 658 3713 729 prmvalebant.
3756 665 3902 734 Apud

2307 768 2409 805 nos
2451 753 2623 807 etiam
2670 753 2903 823 quidam
2946 753 3279 821 turbulenti,
3320 753 3419 823 qui
3461 751 3552 807 vix
3592 769 3621 806 a
3665 754 3811 810 uobis
3849 758 3900 813 in

2304 846 2656 916 praeteritum
2715 847 3099 917 regebantur,
3155 853 3212 901 et
3264 847 3343 919 in,
3380 849 3631 900 nostram
3682 864 3902 918 praesen-

2305 939 2506 993 tiam“
2562 939 2995 1007 differebantur,
3054 957 3158 1011 per
3212 940 3358 995 hanc
3420 939 3711 1010 epistolam
3764 944 3904 999 velut

2302 1033 2646 1104 quibusdam
2698 1033 2916 1088 facibus
2971 1033 3220 1101 accensi,
3277 1034 3403 1104 plus
3456 1033 3809 1089 exardescere
3855 1039 3906 1091 et

2303 1143 2499 1197 pacem
2539 1126 2645 1180 sibi
2687 1128 2875 1182 datam
2914 1133 3248 1198 extorquere
3277 1129 3591 1197 coeperunt.
3621 1127 3692 1181 De
3722 1112 3904 1198 quibus

2301 1220 2496 1291 quales
2531 1220 2602 1275 ad
2641 1220 2857 1275 clerum
2893 1223 3149 1275 nostrum
3191 1221 3410 1275 litteras
3451 1220 3707 1289 fecerim,
3745 1238 3909 1277 exem-

2302 1313 2459 1382 plum
2501 1313 2660 1368 vobis
2698 1313 2845 1368 misi.
2879 1313 2984 1368 Sed
3024 1317 3080 1368 et
3117 1313 3256 1385 quid
3294 1313 3439 1368 mihi
3477 1313 3777 1369 Caldonius
3814 1316 3908 1386 (50)

2302 1407 2517 1477 collega
2558 1424 2660 1477 pro
2700 1406 3028 1477 integritate
3068 1412 3123 1461 et
3158 1407 3271 1461 ﬁde
3302 1423 3401 1461 sua
3432 1406 3731 1477 scripserit,
3761 1408 3912 1478 quid-

2304 1516 2416 1570 que
2439 1516 2548 1571 ego
2572 1501 2622 1554 ei
2649 1500 3057 1570 rescripserim,
3078 1504 3391 1571 utrumque
3413 1501 3484 1555 ad
3506 1516 3607 1554 vos
3630 1500 3914 1572 legendum

2302 1593 2610 1648 transmisi.
2651 1595 2928 1665 Exempla
2965 1610 3191 1666 quoque
3230 1593 3480 1664 epistolae
3516 1594 3764 1649 Celerini
3796 1594 3921 1650 boni

2300 1692 2356 1741 et
2380 1687 2594 1741 robusti
2622 1687 2984 1754 confessoris,
3017 1704 3189 1759 quam
3220 1687 3290 1741 ad
3330 1688 3642 1742 Lucianum
3670 1688 3918 1743 eumdem

570 1768 769 1824 audire
819 1772 876 1824 et
928 1775 1194 1827 excutere
1244 1773 1605 1844 coeperimus,
1656 1775 1957 1830 videamur
2010 1764 2276 1836 multisB
2303 1781 2689 1835 confessorem
2730 1781 3037 1852 scripserit,
3070 1781 3207 1836 item
3252 1781 3387 1853 quid
3428 1779 3707 1835 Lucianus
3739 1782 3844 1851 (5i)
3874 1780 3923 1835 ei

570 1878 783 1933 negare
824 1864 971 1935 quod
1015 1881 1073 1918 se
1115 1882 1266 1920 nunc
1307 1883 1506 1921 omnes
1542 1868 1765 1938 jactant
1796 1886 1826 1922 a
1856 1870 2201 1941 martyribus

571 1961 627 2010 et
658 1957 1073 2011 confessoribus
1105 1960 1412 2030 accepisse.

644 2052 733 2105 ΙΙΙ.
782 2051 1032 2122 Denique
1081 2053 1249 2123 hujus
1290 2054 1582 2109 seditionis
1631 2056 1788 2127 origo
1830 2057 1955 2127 jam
2008 2059 2196 2129 coepit.

570 2144 832 2215 Namque
854 2145 900 2179 ³⁸
932 2145 995 2217 in
1018 2147 1308 2217 provincia
1340 2152 1531 2202 nostra
1559 2166 1665 2220 per
1698 2151 1913 2221 aliquot
1948 2150 2199 2207 civitates

576 2237 635 2291 in
688 2238 1024 2309 prmpositos
1083 2240 1332 2311 impetus
1385 2258 1485 2312 per
1536 2243 1965 2298 multitudinem
1985 2246 2030 2279 39
2084 2245 2197 2300 fac-

570 2335 661 2386 tus
716 2336 820 2402 est,
875 2339 932 2388 et
987 2350 1200 2404 pacem,
1256 2350 1427 2404 quam
1484 2336 1724 2390 semel"0
1773 2338 1882 2405 (49)
1935 2339 2121 2393 cuncti
2168 2356 2201 2393 a

2303 1874 2691 1945 rescripserit,
2748 1875 2881 1929 misi
2931 1874 3117 1942 vobis,
3173 1878 3239 1928 ut
3291 1875 3506 1929 sciretis
3572 1879 3628 1929 et
3682 1874 3923 1928 laborem

2300 1967 2449 2022 circa
2472 1968 2519 2002 ⁴²
2567 1968 2760 2023 omnia
2806 1972 2863 2023 et
2907 1968 3259 2040 diligentiam
3303 1971 3583 2035 nostram,
3631 1973 3686 2025 et
3733 1968 3923 2022 verita-

2299 2066 2419 2115 tem
2459 2062 2637 2132 ipsam
2658 2062 2706 2097 ⁴³
2746 2062 3056 2131 disceretis,
3100 2061 3391 2117 Celerinus
3432 2061 3725 2117 confessor
3764 2078 3927 2132 quam

2300 2155 2372 2209 sit
2417 2156 2750 2210 moderatus
2798 2162 2853 2211 et
2900 2161 3117 2223 cautus,
3164 2160 3218 2210 et
3260 2154 3581 2210 humilitate
3625 2171 3689 2209 ac
3730 2155 3931 2211 timore

2301 2255 2468 2304 sectae
2535 2252 2747 2304 nostrae
2814 2249 2922 2319 (52)
2991 2249 3381 2318 verecundus,
3451 2248 3742 2304 Lucianus
3804 2266 3928 2304 vero

2300 2342 2449 2397 circa
2498 2342 2939 2414 intelligentiam
3001 2343 3310 2398 Dominica:
3362 2342 3659 2410 lectionis,
3709 2346 3778 2398 ut
3828 2342 3936 2397 dixi
4006 2379 4015 2390 ι

1966 2435 2177 2500 Variae
2218 2437 2555 2505 lectiones.

571 2527 674 2650 L037
726 2529 959 2580 Nomine
1018 2531 1142 2581 haec
1207 2532 1318 2579 Vat.

646 2603 685 2649 t.

646 2603 685 2649 ἰ.

1411 2532 1450 2565 ³⁸
1498 2533 1632 2582 Nam
1696 2535 1850 2583 Oxon.
1922 2535 1962 2566 ³9
2020 2535 2443 2589 Multitudinum
2495 2542 2651 2605 lmpr.
2734 2543 2778 2574 4°
2827 2542 3095 2606 Quamvis
3150 2540 3323 2592 semel
3378 2540 3565 2590 Veron.
3619 2552 3796 2604 quam
3843 2539 3941 2589 vim

1895 2666 2119 2749 Steph.
2168 2669 2414 2734 Baluzii
2460 2679 2655 2737 notae.

566 2758 862 2825 episcOpus
886 2761 1268 2812 Phcenicensis
1299 2764 1385 2813 vel
1431 2763 1696 2821 Phaunaa,
1737 2769 1797 2814 ut
1831 2770 1915 2817 est
1960 2767 2018 2816 in
2049 2772 2199 2819 vete-

562 2831 718 2880 ribus
773 2831 947 2887 libris,
1005 2845 1099 2896 per
1155 2835 1551 2897 coepiscopum
1616 2848 1781 2885 suum
1848 2839 2200 2902 Dionysium,

565 2904 786 2972 propter
814 2902 956 2965 quod
1000 2903 1204 2952 litteras
1243 2906 1496 2967 ignorem.
1545 2907 1739 2970 Itaque
1787 2921 2029 2972 sequens
2067 2916 2203 2961 aetas

565 2971 804 3036 providit
833 2972 965 3023 huic
1012 2975 1382 3034 incommodo,
1436 2982 1491 3026 et
1539 2980 1730 3027 statuit
1771 2984 1831 3028 ut
1866 2971 2109 3031 illiterati
2131 2982 2201 3031 ad

566 3044 1005 3115 ecclesiasticum
1055 3047 1341 3095 servitium
1401 3060 1513 3096 non
1559 3047 2005 3111 admitterentur,
2070 3052 2201 3115 quia

564 3114 763 3164 litteris
788 3126 982 3163 carens
1025 3128 1138 3164 non
1183 3121 1367 3179 potest
1409 3120 1580 3168 sacris
1614 3122 1774 3182 aptus
1826 3135 1947 3171 esse
1986 3114 2205 3187 ofﬁciis,

567 3189 631 3258 ut
650 3185 850 3258 legitur
880 3185 935 3233 in
979 3186 1209 3258 epistola
1244 3200 1400 3250 papas
1444 3186 1651 3237 Gelasii
1697 3191 1766 3239 ad
1799 3193 2088 3258 episcopos
2110 3185 2209 3258 per

566 3256 871 3306 Lucaniam
919 3260 974 3305 et
1016 3257 1238 3305 Brutios
1286 3262 1336 3307 et
1384 3257 1629 3308 Siciliam
1673 3256 2020 3314 constitutos.
2068 3256 2207 3315 Ful-

566 3326 759 3399 bertus
787 3326 1081 3399 episcopus
1127 3327 1502 3390 Carnotensis,
1557 3329 1624 3378 ad
1671 3332 1976 3384 Robertum
2020 3349 2206 3399 regem

528 3411 535 3420 '
567 3397 908 3447 Francorum
933 3398 1183 3447 scribens
1210 3401 1366 3462 epist.
1394 3400 1458 3448 88
1487 3400 1557 3449 de
1588 3401 1860 3453 electione
1902 3397 2206 3457 Franconis

567 3467 813 3531 episcopi
875 3468 1219 3528 Parisiensis,
1270 3471 1343 3518 ait
1389 3483 1446 3519 se
1496 3470 1647 3519 illam
1705 3475 2007 3536 approbare
2051 3478 2096 3526 si
2134 3484 2206 3529 est

568 3539 756 3600 optime
811 3537 1088 3589 litteratus.
1145 3542 1305 3589 Anno
1350 3542 1488 3601 1097,
1534 3556 1664 3592 cum
1705 3552 1922 3597 vacaret
1969 3548 2205 3599 ecclesia

566 3609 876 3672 Pragensis,
904 3610 1115 3659 electus
1162 3615 1243 3661 est
1280 3612 1640 3669 Normannus
1684 3616 1955 3667 diaconus
2002 3625 2063 3669 ut
2091 3620 2205 3671 illic

566 3682 863 3744 episcopus
898 3684 1059 3740 esset,
1089 3681 1187 3739 vir,
1224 3695 1341 3744 quae
1368 3684 1543 3746 prima
1587 3691 1659 3735 est
1695 3687 1746 3735 in
1787 3689 1977 3738 clerico
2016 3691 2202 3751 virtus,

565 3753 748 3815 inquit
783 3751 1017 3801 Cosmas
1046 3750 1288 3801 decanus
1316 3754 1617 3818 Pragensis,
1641 3760 1885 3820 apprime
1910 3750 2201 3809 litteratus.

565 3823 629 3872 In
663 3822 904 3873 concilio
944 3823 1200 3872 Remensi
1254 3828 1382 3874 anni
1436 3828 1546 3887 991,
1606 3829 1931 3892 Arnulpbus
1989 3832 2203 3893 episco-

565 3906 672 3957 pus
731 3892 1150 3943 Aurelianensis
1205 3895 1281 3944 ait
1338 3895 1393 3944 in
1445 3898 1623 3960 capite
1684 3900 1747 3948 28
1795 3892 2203 3963 ηυιιιιωίρθηθ

564 3963 676 4014 hoc
730 3968 975 4026 tempore
1036 3964 1227 4014 Romae
1284 3968 1455 4016 fuisse
1520 3970 1618 4031 qui
1670 3970 1879 4020 litteras
1926 3972 2198 4023 didicerit.

567 4033 629 4082 In
673 4035 778 4083 hac
827 4038 1015 4084 autem
1064 4036 1298 4098 epistola
1334 4042 1389 4087 et
1420 4040 1474 4087 in
1519 4041 1773 4102 pluribus
1808 4044 1930 4092 aliis
1960 4044 2017 4093 in
2042 4057 2203 4095 eam-

563 4105 692 4178 dem
735 4107 1071 4178 sententiam
1117 4108 1356 4170 scriptis,
1396 4111 1477 4160 sic
1517 4111 1584 4161 de
1637 4112 1841 4162 libellis
1898 4118 2202 4178 martyrum

561 4176 811 4240 loquitur
900 4175 1242 4239 Cyprianus,
1335 4184 1397 4229 ut
1474 4182 1703 4233 minime
1778 4188 1941 4247 neget
2010 4175 2203 4235 eorum

564 4247 777 4319 meritis
843 4247 1025 4310 lapsos
1091 4250 1337 4312 adjuvari
1403 4266 1586 4315 posse.
1649 4255 1785 4303 Nam
1850 4257 1905 4304 in
1972 4258 2200 4319 epistola

566 4319 627 4367 t3
659 4318 848 4379 edicit,
876 4336 904 4363 «
926 4322 1001 4391 ut
1035 4320 1128 4383 qui
1158 4321 1375 4372 libellos
1411 4338 1440 4371 a
1472 4326 1809 4386 martyribus
1845 4318 2198 4391 acceperunt,

564 4392 619 4462 et
644 4390 1006 4462 praerogativa
1039 4404 1230 4441 eorum
1259 4395 1403 4457 apud
1443 4396 1625 4445 Deum
1662 4397 1907 4461 adjuvari
1951 4390 2199 4462 possunt,

562 4460 610 4508 si
652 4461 1007 4511 incommodo
1050 4462 1239 4526 aliquo
1265 4468 1318 4513 et
1347 4465 1689 4516 inﬁrmitatis
1724 4460 1974 4531 periculo
2026 4460 2196 4522 occu4

2229 3158 2284 3231 C

2302 2777 2487 2822 actum
2537 2778 2594 2823 et
2641 2788 2807 2837 opera
2879 2782 2936 2826 et
2981 2775 3172 2824 merita
3255 2772 3638 2835 singulorum,
3702 2772 3947 2835 ipsorum

2301 2855 2523 2906 quoque
2574 2844 2901 2896 delictorum
2959 2858 3163 2910 genera
3216 2847 3271 2893 et
3317 2842 3648 2907 qualitates,
3714 2847 3769 2892 et
3816 2854 3948 2906 quos

2300 2913 2404 2976 ipsi
2460 2922 2731 2965 noverant
2803 2931 3045 2982 quorum
3114 2914 3509 2979 pcenitentlam
3573 2913 3949 2964 satistactioni

2300 2986 2606 3047 proximam
2666 2987 3103 3052 conspiciebant,
3168 2998 3263 3035 eos
3336 2985 3689 3035 nominatim
3753 2983 3952 3034 libellis

2304 3053 2679 3119 designarent.
2732 3058 2857 3108 Duo
2902 3062 3087 3108 autem
3140 3055 3327 3106 adhuc
3378 3054 3750 3105 observanda
3784 3057 3948 3104 sunt:

2311 3126 2365 3174 1ο
2401 3126 2746 3178 confessores
2786 3142 2900 3179 non
2950 3127 3170 3178 dedisse
3214 3139 3431 3190 pacem,
3473 3126 3585 3177 sed
3636 3127 3871 3191 petiisse
3899 3127 3958 3173 ut.

2310 3195 2569 3258 daretur;
2596 3199 2649 3247 2°
2673 3212 2745 3249 ne
2772 3199 2911 3249 illud
2947 3198 3174 3263 quidem
3208 3209 3373 3247 ausos
3415 3197 3606 3248 fuisse
3654 3197 3956 3262 postulare,

2306 3274 2369 3318 ut
2394 3275 2519 3320 ante
2570 3271 2808 3321 reditum
2854 3271 3116 3336 Cypriani
3171 3282 3280 3333 pax
3330 3269 3505 3332 lapsis
3563 3269 3818 3328 daretur,
3864 3263 3957 3315 sed

2306 3340 2413 3391 hac
2441 3342 2498 3391 in
2530 3353 2588 3391 re
2617 3356 2827 3394 morem
2859 3347 3120 3407 epiSCOpo
3160 3354 3263 3390 suo
3301 3340 3577 3403 gessisse.
3634 3338 3830 3402 Quare
3856 3349 3963 3387 non

2306 3424 2499 3461 eorum
2546 3415 2874 3489 auctoritate
2910 3415 3160 3479 quinque
3200 3409 3540 3489 presbyteri,
3590 3411 3696 3489 sed
3740 3408 3963 3489 suaim-

2305 3482 2577 3546 probitate
2604 3482 2829 3535 adducti
2864 3488 2995 3534 sunt
3026 3488 3086 3533 ut
3099 3487 3252 3550 ,ante
3288 3481 3543 3530 reditum
3591 3481 3874 3545 episc0pi,
3901 3490 3964 3526 ac

2305 3567 2371 3603 eo
2441 3566 2667 3616 prorsus
2718 3555 3059 3616 inconsulto,
3108 3554 3289 3617 lapsos
3346 3550 3418 3601 ad
3491 3552 3967 3603 communionem

2305 3625 2675 3674 admitterent.

2368 3697 2466 3756 (47)
2516 3695 2797 3759 Evangelii
2822 3698 3003 3759 gratio.
3045 3694 3235 3746 Codex
3280 3694 3601 3757 Fuxensis,
3657 3690 3969 3758 evangelica

2307 3758 2969 3827 traditionis.d’isciplinq.7
3016 3819 3029 3827 _
3276 3819 3286 3827 _
3359 3820 3392 3827 ’Δ
3476 3819 3537 3827 Η
3698 3823 3709 3827 _
3854 3818 3865 3827 ε

2369 3822 2465 3882 (48)
2512 3818 2788 3871 Lucianus
2844 3819 3112 3885 epistolam
3180 3819 3410 3883 scripsit.
3474 3819 3544 3868 Id
3622 3823 3718 3869 est
3780 3818 3971 3881 episto-

2302 3890 2414 3940 lam
2442 3892 2518 3940 16.

2367 3963 2461 4022 (49)
2506 3962 2689 4011 Pacem
2739 3974 2903 4025 quam
2948 3960 3117 4011 semel.
3173 3960 3575 4011 Tertullianus
3626 3961 3688 4011 in
3730 3960 3878 4011 libro
3910 3957 3977 4008 ad

2300 4034 2566 4096 Martyres
2593 4048 2660 4081 :«
2706 4033 2888 4095 Quam
2933 4046 3126 4097 pacem
3165 4032 3394 4097 quidam
3448 4034 3511 4081 in
3561 4032 3834 4084 Ecclesia
3869 4041 3975 4079 non

2302 4104 2574 4154 habentes
2608 4119 2638 4153 a
2681 4104 3017 4168 martyribus
3059 4105 3116 4153 in
3164 4116 3387 4155 carcere
3442 4118 3703 4156 exorare
3745 4113 3979 4155 consue-

2301 4179 2514 4225 verunt.
2546 4192 2575 4224 ››
2602 4176 2743 4226 Vide
2789 4177 3082 4238 Dallaaum,
3111 4176 3207 4226 lib.
3236 4188 3314 4227 vn
3358 4175 3428 4226 de
3486 4177 3686 4227 Poenis
3733 4181 3782 4226 et
3821 4174 3981 4225 Satis-

2299 4245 2613 4309 factionibus
2634 4247 2898 4308 humanis,
2930 4262 3048 4312 cap.
3078 4248 3156 4298 16.

2364 4318 2464 4380 (50)
2493 4318 2795 4369 Caldonius.
2830 4318 3004 4383 Cujus
3032 4319 3264 4383 epistola
3285 4316 3355 4367 ad
3383 4317 3776 4383 Cyprianum
3798 4321 3888 4368 est
3910 4317 3981 4375 18,

2301 4390 2443 4439 inter
2496 4389 2769 4453 Epistolas
2820 4390 3100 4455 Cypriani.
3154 4389 3489 4454 Cyprianus
3543 4394 3753 4441 autem
3786 4391 3838 4440 ei
3874 4399 3981 4437 res-

2299 4460 2509 4524 pondet
2531 4462 2693 4524 epist.
2730 4463 2805 4513 19.

560 4532 675 4595 pati
694 4532 930 4605 fuerint,
955 4546 1067 4583 non
1114 4540 1426 4598 exspectata
1470 4539 1644 4600 ipsius
1691 4527 2002 4603 praesentia,
2050 4542 2198 4605 apud

2362 4532 2758 4605 (51)_Lucianus.
2788 4533 2940 4584 Idem
2965 4532 3162 4597 procul
3209 4531 3385 4583 dubio
3434 4536 3624 4597 cujus
3666 4532 3889 4583 mentio
3913 4532 3989 4605 est

462 4600 463 4603 “
560 4602 947 4676 presbyterum
991 4618 1387 4670 quemcunque
1431 4600 1781 4673 praesentem,
1838 4612 1926 4662 vel
1975 4600 2022 4661 si
2078 4600 2201 4676 pre-

559 4673 752 4747 sbyter
778 4680 1039 4747 repertus
1067 4689 1181 4726 non
1208 4679 1373 4727 fuerit
1409 4684 1463 4729 et
1494 4694 1690 4745 urgere
1731 4684 1915 4732 exitus
1954 4673 2200 4747 emperit,

562 4745 708 4810 apud
763 4746 1060 4797 diaconum
1114 4761 1339 4813 quoque
1396 4752 1809 4817 exomologesin
1863 4745 2056 4805 delicti
2114 4757 2201 4806 sui

561 4817 745 4867 facere
829 4820 1064 4881 possint,
1120 4839 1147 4865 »
1205 4824 1310 4871 etc.
1367 4822 1642 4873 Credebat
1701 4838 1830 4887 ergo
1890 4826 2202 4891 Cyprianus

560 4892 871 4952 martyrum
908 4892 1293 4954 prmrogativa,
1347 4894 1454 4954 vel,
1502 4900 1563 4943 ut
1615 4897 1689 4944 ait
1737 4897 1791 4944 in
1837 4897 2070 4960 epistola
2123 4900 2201 4960 14,

562 4976 593 5007 α
616 4961 842 5010 Auxilio
868 4973 1061 5011 eorum
1110 4962 1361 5024 adjuvari
1408 4966 1555 5028 apud
1606 4968 1906 5017 Dominum
1937 4970 1991 5017 in
2027 4969 2199 5019 delic-

561 5032 649 5105 tis,
675 5032 793 5105 suis
836 5045 1015 5095 posse.
1052 5048 1082 5079 ιδ
1127 5032 1220 5082 Sic
1258 5037 1422 5084 etiam
1457 5037 1512 5084 in
1560 5037 1699 5087 libro
1736 5038 1798 5086 de
1844 5041 2043 5102 Lapsis,
2074 5055 2199 5105 pag.

561 5103 672 5163 187,
728 5103 933 5154 fatetur
978 5108 1287 5167 martyrum
1350 5107 1626 5156 mandatis
1690 5110 1901 5173 aliquid
1960 5103 2200 5162 concedi

557 5186 740 5238 posse,
785 5193 812 5219 «
865 5176 911 5223 si
953 5176 1121 5237 justa,
1167 5177 1214 5224 si
1261 5177 1435 5237 licita,
1491 5179 1539 5226 si
1601 5193 1712 5229 non
1771 5186 1964 5231 contra
2016 5184 2198 5247 ipsum

556 5246 862 5296 Dominum
896 5261 946 5319 Aa
999 5247 1100 5296 Dei
1146 5248 1436 5298 sacerdote
1482 5250 1756 5313 facienda,
1814 5254 1860 5302 si
1919 5255 2200 5319 obtempe-

557 5318 730 5367 rantis
756 5317 937 5366 facilis
991 5322 1045 5367 et
1100 5332 1271 5381 prona
1317 5322 1631 5382 consensio,
1673 5324 1719 5371 si
1757 5326 1995 5386 petentis
2036 5317 2200 5378 fuerit

556 5387 814 5457 religiosa
853 5388 1176 5438 moderatio.
1204 5408 1231 5435 »
1280 5390 1465 5453 Quare
1519 5406 1631 5442 non
1678 5396 1852 5457 ipsam
1906 5402 2200 5448 consuetu-

556 5456 766 5516 dinem,
793 5471 922 5521 quze
950 5457 1163 5508 dudum
1193 5461 1249 5509 in
1279 5460 1526 5512 Ecclesia
1557 5456 1797 5526 vigebat,
1831 5466 1925 5516 sed
1958 5468 2198 5519 abusum

556 5529 883 5602 Avituperat.
942 5535 998 5582 et
1046 5532 1275 5582 nimiam
1344 5534 1742 5585 nonnullorum
1795 5539 2197 5602 confessor-um,

554 5597 827 5662 imprimis
862 5601 1095 5652 Luciani
1165 5603 1469 5666 licentiam,
1530 5606 1626 5669 qui
1684 5606 1902 5658 libellos
1955 5611 2011 5659 in
2053 5597 2199 5663 hanc

556 5671 890 5721 sententiam
948 5673 1183 5737 scriptos
1256 5673 1464 5724 dabant
1521 5690 1533 5722 :
1584 5692 1614 5725 (ς
1660 5676 2051 5731 Communicet
2104 5683 2198 5733 ille

559 5754 692 5799 cum
745 5744 884 5816 suis,
934 5757 1043 5796 nec
1084 5744 1463 5797 observabant
1507 5747 1654 5810 quod
1701 5747 2015 5814 Cyprianus
2062 5764 2198 5816 prai-

553 5818 779 5882 ceperat
820 5815 880 5867 in
927 5816 1164 5888 epistola
1206 5817 1285 5881 11,
1321 5820 1384 5868 ut
1428 5816 1724 5883 diligenter
1761 5815 2098 5889 inspicerent
2144 5826 2199 5879 et

2303 4605 2359 4652 in
2385 4603 2615 4666 epistola
2638 4604 2719 4666 78,
2746 4618 2867 4668 pag.
2915 4606 3023 4666 161,
3064 4606 3120 4654 in
3163 4617 3271 4669 qua
3308 4607 3573 4654 vocatur
3625 4605 3902 4655 Lucanus
3934 4602 3986 4648 in

2302 4673 2635 4736 quibusdam
2664 4675 2899 4724 vetustis
2928 4674 3220 4726 codicibus
3245 4680 3301 4724 et
3324 4674 3737 4726 editionibus.

2363 4745 2460 4807 (52)
2514 4746 2672 4794 Secta?
2728 4750 2937 4795 nostrae.
2984 4746 3078 4797 Sic
3138 4746 3271 4795 olim
3323 4746 3681 4796 vocabatur
3740 4742 3991 4796 Ecclesia

2302 4813 2593 4865 catholica.
2645 4816 2827 4865 Hodie
2877 4815 3213 4866 vocabulum
3246 4815 3391 4865 illud
3451 4818 3836 4868 invidiosum
3896 4816 3991 4872 est,

2302 4890 2365 4934 ut
2393 4884 2605 4948 pridem
2636 4888 2853 4935 monuit
2878 4886 3143 4937 Erasmus
3181 4888 3237 4935 in
3282 4893 3475 4949 caput
3524 4902 3694 4939 xxxv
3727 4892 3979 4938 Actorum

2302 4955 2443 5005 Vide
2474 4956 2701 5006 Pamelii
2726 4961 2885 5007 notas
2908 4956 2978 5006 ad
3007 4958 3152 5008 hanc
3179 4959 3501 5019 epistolam
3543 4965 3605 5009 et
3642 4960 3801 5009 Xisti
3832 4959 3996 5007 Betu-

2300 5027 2394 5076 leii
2448 5031 2609 5077 notas
2663 5028 2733 5078 ad
2779 5028 3149 5089 Lactantium,
3181 5041 3303 5092 pag.
3339 5029 3475 5079 482.
3538 5032 3738 5090 (Secta:
3773 5028 3997 5081 nomine

2300 5099 2358 5147 in
2409 5098 2615 5149 bonam
2667 5104 2876 5163 partem
2944 5100 3262 5164 frequenter
3312 5103 3523 5152 utitur
3579 5104 3998 5153 Tertullianus.

2300 5184 2399 5233 pro
2438 5172 2789 5221 confessione
2823 5171 3155 5233 Christiana,
3202 5172 3284 5221 uti
3329 5172 3558 5226 videre
3610 5180 3707 5226 est
3741 5173 3907 5224 libris
3943 5169 4002 5219 de

2298 5243 2450 5306 Fuga
2483 5243 2541 5291 in
2566 5244 2941 5304 persecutione,
2978 5244 3042 5293 de
3075 5242 3248 5293 Pallio
3278 5246 3337 5292 et
3383 5245 3769 5311 Apologetico
3819 5248 4004 5295 contra

2298 5320 2485 5378 gentes.
2516 5315 2695 5376 Quem
2731 5329 2829 5379 pro
2853 5329 3006 5366 more
3032 5328 3135 5366 suo
3165 5316 3443 5366 imitatur
3481 5318 3855 5383 Cyprianus,
3889 5320 4004 5364 tum

2298 5385 2391 5436 hic
2438 5390 2556 5436 tum
2595 5387 2845 5451 Epistola
2891 5387 2973 5450 3t,
3017 5389 3078 5438 de
3125 5388 3403 5449 Celerino,
3451 5393 3519 5440 et
3569 5391 3807 5455 prmfat.
3853 5386 4003 5438 lib.i

2304 5459 2734 5509 Testimoniorum
2781 5461 2853 5511 ad
2910 5461 3207 5523 Quirinum.
3239 5458 3342 5510 Sic
3399 5463 3597 5513 etiam
3648 5467 3794 5526 Act,
3839 5472 4005 5519 XXVI,

2298 5535 2478 5598 αἳρεσιν
2551 5536 2608 5584 in
2682 5536 2888 5587 bonam
2965 5542 3174 5601 partem
3234 5538 3564 5602 accepisse
3640 5540 4002 5607 Apostolum,

2301 5613 2454 5661 testis
2498 5617 2581 5663 est
2622 5613 2770 5664 Beda
2810 5615 3198 5665 Retractatione
3232 5627 3345 5664 sua
3404 5616 3474 5665 in
3530 5619 3702 5682 Acta,
3746 5632 3852 5683 pro
3900 5625 4006 5680 quo

2297 5683 2742 5821 illiidemfectam
2793 5701 2907 5737 non
2962 5686 3105 5737 male
3186 5687 3367 5737 vertit
3428 5694 3651 5743 noster
3709 5693 4003 5756 interpres.

2341 5768 2515 5807 anan.

2341 5768 2515 5807 AMEL.
