4160 6216
260 230 355 283 293

1655 242 1975 305 EPISTOLA
2014 246 2191 306 XXIV.

3501 270 3603 328 294

258 354 437 408 minus
468 358 682 427 peritus
714 362 761 396 ἰι
789 360 920 434 (53),
955 365 1013 418 et
1038 365 1187 421 circa
1212 366 1486 424 invidiam
1518 375 1875 429 verecundiae
1896 387 1955 460 Α
1977 379 2122 445 quod
2164 379 2212 413 ‘6
2263 380 2704 439 adnuntiavimus
2748 387 2917 451 vobis,
2963 388 3255 447 anathema
3301 396 3372 448 sit
3402 412 3412 449 :
3462 400 3603 453 sicut

255 453 457 503 nostra:
502 452 935 525 relinquendam
981 458 1248 515 facilitate
1293 479 1391 517 sua
1436 466 1707 521 molestus
1745 472 1857 539 (54)

1976 472 2350 540 praediximus.
2381 481 2431 528 et
2473 492 2618 531 nunc
2657 481 2853 534 iterum
2900 482 3039 546 dico,
3074 488 3125 538 si
3165 489 3284 554 quis
3322 490 3468 545 vobis
3498 494 3599 548 ad-

256 541 410 604 Nam,
463 559 594 599 cum
644 548 916 604 Dominus
959 551 1161 607 dixerit
1210 554 1269 609 in
1311 557 1547 613 nomine
1600 562 1779 615 Patris
1826 566 1883 617 et
1979 568 2317 621 nuntiaverit
2339 575 2705 639 praeterquam
2736 575 2879 642 quod
2904 577 2952 609 ‘6
2980 582 3272 648 accepistis,
3307 584 3601 640 anathema

254 634 367 688 Filii
436 642 497 692 et
559 640 800 709 Spiritus
865 645 1047 700 sancti
1115 655 1317 718 gentes
1378 650 1564 723 tingui
1631 656 1877 725 (Matth.,

250 743 411 798 xxvu,
445 733 534 800 19)
570 738 626 788 et
654 734 711 788 in
744 734 1025 808 baptismo
1052 742 1347 811 praeterita
1390 749 1621 814 peccata
1666 748 1877 804 dimitti

254 822 452 889 (10012.,
486 840 568 893 ιιι,
597 826 672 897 4),
705 828 816 896 hic,
852 834 1119 904 prascepti
1160 838 1219 889 et
1254 835 1401 908 legis
1431 838 1684 908 ignarus,
1717 858 1873 896 man-

247 914 339 968 dat
378 933 580 987 pacem
608 920 728 975 dari
769 929 826 977 et
870 922 1063 998 286
1110 932 1346 998 peccata
1380 930 1587 986 dimitti
1632 935 1693 987 in
1720 935 1876 989 Pauli

244 1011 499 1078 nomine,
527 1019 582 1069 et
613 1015 718 1070 hoc
760 1016 867 1072 sibi
914 1019 1052 1074 dicit
1094 1020 1165 1075 ab
1210 1022 1308 1078 illo
1350 1039 1471 1079 esse
1517 1027 1872 1098 mandatum,

241 1104 383 1158 sicut
447 1107 506 1159 in
570 1107 775 1165 litteris
829 1112 1087 1182 ejusdem
1143 1116 1380 1172 Luciani
1430 1119 1498 1173 ad
1551 1120 1874 1177 Celerinum

240 1196 396 1251 factis
426 1200 897 1259 animadvertetis
928 1223 940 1261 :
974 1208 1182 1278 quibus
1214 1209 1450 1266 minime
1479 1213 1526 1247 ἰδ
1554 1214 1872 1270 considera-

238 1291 313 1344 vit
365 1294 517 1362 quod
571 1312 687 1350 non
744 1303 1024 1371 martyres
1073 1302 1452 1374 Evangelium
1500 1306 1731 1377 faciant,
1773 1309 1874 1364 sed

238 1400 337 1455 per
369 1386 741 1459 Evangelium
772 1398 1058 1464 martyres
1086 1395 1260 1464 ﬁant;
1300 1399 1531 1469 quando
1570 1407 1627 1455 et
1665 1403 1874 1458 Paulus

237 1481 547 1548 apostolus,
580 1498 751 1553 quem
798 1486 1072 1542 Dominus
1116 1506 1211 1544 vas
1252 1492 1542 1547 electionis
1580 1510 1696 1550 suae
1728 1495 1873 1551 dixit

235 1571 401 1641 (Act,
454 1590 529 1642 ιι,
588 1580 692 1648 15),
749 1583 1003 1649 posuerit
1052 1583 1111 1637 in
1168 1584 1415 1655 Epistola
1467 1604 1569 1641 sua
1632 1588 1865 1644 dicens:

232 1668 403 1721 Miror
439 1670 587 1737 quod
627 1673 703 1726 sic
743 1680 855 1727 tam
900 1679 1008 1730 cito
1056 1678 1419 1734 demutamini
1444 1681 1511 1734 ab
1552 1697 1609 1736 eo
1653 1686 1751 1752 qui
1778 1699 1869 1738 vos

1977 661 2048 713 sit
2074 660 2301 729 (Galat.,
2324 678 2360 729 ι,
2392 665 2442 728 6,
2477 666 2548 734 8).

2050 753 2133 806 ιν.
2159 754 2492 825 Opportune
2523 774 2655 813 vero
2679 771 3135 831 supervenerunt
3152 767 3353 823 litterzr
3374 776 3596 844 vestrae,

1979 861 2118 916 quas
2169 848 2384 919 accepi,
2438 851 2507 904 ad
2561 852 2773 908 clerum
2828 855 3022 927 factas,
3070 859 3205 914 item
3259 878 3399 933 quas
3448 864 3598 921 beati

1977 936 2335 993 confessores
2389 940 2606 1013 Moyses
2673 951 2731 1000 et
2790 946 3082 1019 Maximus,
3141 951 3483 1009 Nicostratus
3544 960 3602 1011 et

1977 1031 2162 1084 caeteri
2192 1033 2493 1090 Saturnino
2524 1041 2580 1091 et
2604 1039 2832 1095 Aurelio
2861 1044 2919 1095 et
2961 1044 3180 1098 caeteris
3208 1046 3507 1118 miserunt,
3538 1051 3597 1103 in

1974 1124 2179 1194 quibus
2206 1126 2494 1198 Evangelii
2525 1130 2729 1200 plenus
2764 1134 2927 1205 vigor
2954 1141 3010 1190 et
3038 1136 3337 1209 disciplina
3370 1142 3598 1197 robusta

1974 1216 2115 1287 legis
2146 1220 2452 1275 Dominicze
2480 1225 2863 1282 continentur.
2908 1229 3248 1287 Laborantes
3284 1233 3376 1287 hic
3413 1251 3513 1290 nos
3542 1239 3600 1290 et

1973 1317 2173 1367 contra
2201 1312 2426 1369 invidiae
2456 1316 2737 1387 impetum
2764 1322 2898 1375 totis
2933 1322 3063 1378 ﬁdei
3088 1324 3301 1379 viribus
3332 1329 3596 1384 resisten-

1972 1409 2055 1458 tes
2081 1406 2322 1462 multum
2352 1423 2539 1463 sermo
2564 1417 2750 1467 vester
2790 1414 3007 1485 adjuvit
3047 1421 3109 1471 ut
3139 1418 3408 1475 divinitus
3435 1439 3596 1477 com-

1972 1499 2245 1568 pendium
2314 1501 2498 1568 fieret,
2555 1508 2612 1559 et
2678 1508 3010 1579 priusquam
3067 1513 3327 1567 venirent
3376 1516 3449 1569 ad
3501 1533 3599 1572 vos

1970 1591 2172 1647 litterae
2220 1611 2361 1664 quas
2408 1597 2564 1651 vobis
2616 1601 2871 1669 proxime
2926 1604 3074 1674 misi,
3120 1609 3186 1659 ut
3234 1607 3597 1664 declararetis

1972 1685 2135 1740 nobis
2165 1688 2317 1757 quod
2348 1691 2660 1747 secundum
2699 1695 2989 1766 Evangelii
3031 1698 3216 1768 legem
3255 1700 3367 1772 (55)
3407 1703 3593 1757 nobis-

229 1765 443 1817 voeavit
469 1765 529 1818 in
560 1769 822 1833 gratiam.
850 1770 923 1823 ad
948 1771 1103 1825 aliud
1130 1774 1488 1842 Evangelium
1510 1792 1526 1844 ;
1572 1777 1719 1845 quod
1762 1763 1946 1835 nonB
1970 1794 2099 1833 cum
2148 1780 2373 1836 fortiter
2413 1788 2585 1855 atque
2630 1763 2983 1844 unanimiter
3021 1763 3192 1846 etiam
3238 1763 3420 1849 vestra
3467 1813 3596 1852 sen-

233 1862 310 1910 est
348 1857 549 1912 aliud:
583 1863 689 1914 nisi
724 1864 776 1915 si
808 1869 933 1916 sunt
963 1866 1144 1934 aliqui
1161 1870 1260 1935 qui
1294 1883 1387 1922 vos
1423 1870 1653 1924 turbant
1694 1876 1747 1925 et
1773 1888 1867 1926 vo-

232 1950 357 2004 lunt
405 1958 707 2009 mvertere
754 1959 1107 2027 Evangelium
1152 1960 1372 2016 Christi.
1428 1962 1553 2029 Sed,
1608 1964 1730 2019 licet
1774 1981 1868 2020 nos

229 2052 333 2097 aut
389 2048 614 2113 angelus
668 2049 735 2103 de
784 2051 911 2105 calo
964 2054 1128 2107 aliter
1176 2055 1465 2111 adnuntiet
1506 2061 1870 2128 praeterquam

1972 1874 2151 1928 tentia
2178 1876 2224 1908 ‘7
2259 1883 2585 1933 concurrat.
2615 1880 2760 1951 Opto
2796 1899 2913 1951 vos,
2945 1884 3148 1939 fratres
3177 1887 3490 1943 charissimi
3530 1907 3594 1944 ac

1971 1965 2482 2026 desiderantissimi
2516 1973 2585 2041 ‘9,
2615 1990 2839 2046 semper
2863 1976 3007 2032 bene
3028 1980 3231 2034 valere.

300 2174 573 2239 Quoniam
604 2190 765 2245 opera
802 2181 981 2233 sancti
1009 2179 1275 2250 Cypriani
1296 2184 1459 2251 vulgo
1487 2186 1650 2239 citari
1677 2187 1849 2241 solent
1875 2187 2164 2242 secundum
2189 2189 2429 2244 ordinem
2456 2206 2612 2260 quem
2642 2193 2883 2248 obtinent
2917 2196 2975 2248 in
3010 2196 3243 2252 editione
3279 2200 3508 2256 Pamelii
3542 2208 3596 2258 et

225 2252 281 2305 in
312 2254 658 2320 Rigaltiana,
688 2271 908 2325 nosque,
936 2257 1075 2312 hunc
1104 2261 1346 2316 ordinem
1372 2266 1524 2346 sequi
1562 2265 1911 2331 decrevimus,
1955 2268 2326 2337 typographus
2365 2252 2563 2336 autem,
2609 2286 2676 2325 ear:
2718 2273 2874 2341 cujus
2920 2276 3141 2343 ofﬁcina
3178 2252 3590 2346 prodiitﬁeditio

225 2332 577 2399 Rigaltiana,
607 2349 891 2389 numerum
920 2352 1053 2391 xxm
1085 2341 1265 2393 omisit
1290 2356 1387 2409 per
1416 2332 1619 2398 saltum
1642 2347 1702 2398 in
1733 2346 1953 2401 edendis
1978 2332 2273 2416 Epistolis,
2306 2348 2595 2404 admonere
2620 2354 2795 2407 visum
2839 2358 2915 2409 est
2959 2370 3055 2410 nos
3095 2332 3305 2427 qudque
3351 2363 3593 2417 eumdem

229 2425 471 2465 errorem
497 2416 806 2479 retinuisse,
826 2422 1054 2486 propter
1075 2422 1313 2476 rationes
1339 2438 1503 2491 quam
1530 2427 1589 2478 in
1614 2427 1774 2480 initio
1804 2428 1962 2482 istius
1986 2428 2374 2483 admonitionis
2400 2430 2750 2487 adduximus.

661 2629 849 2705 287
883 2634 1209 2692 EPISTOLA
1248 2638 1419 2694 XXIV.

223 2738 476 2801 {Erasm.,
519 2751 594 2801 Iv,
628 2741 688 2790 22
707 2758 722 2805 ;
761 2744 978 2819 Pamel.,
1018 2747 1227 2811 Rigalt.,
1262 2752 1451 2816 Baluz.,
1486 2765 1646 2818 xxxv;
1679 2756 1857 2819 Paris,

641 2824 805 2877 xxm;
838 2816 1024 2880 Oxon.,
1057 2820 1191 2883 Lips.
1202 2858 1219 2885 ,
1240 2825 1448 2885 xxvm.)

224 2923 285 2959 AD
328 2921 569 2974 ειειιῑιι,
600 2923 667 2962 DE
710 2925 945 2965 LITTERIS
986 2927 1174 2969 ROMAM
1220 2932 1395 2973 MISSIS
1441 2935 1504 2973 ET
1548 2936 1615 2973 DE
1654 2936 1859 2978 SATURO

422 3000 660 3043 ιεετοιιι
700 3005 762 3043 ET
797 3005 1006 3047 ΟΡΤΔΤΟ
1045 3009 1419 3052 ΗΥΡΟθῙΔΟΟΝΟ
1459 3014 1659 3054 FACTIS.

222 3099 628 3153 uernarum.
654 3131 723 3140 -
771 3101 960 3158 Clerus
1010 3104 1109 3160 hac
1140 3109 1373 3176 epistola
1417 3114 1611 3165 certior
1653 3113 1716 3179 ﬁt
1768 3128 1857 3165 or-

288 3187 602 3243 dinationis
632 3191 827 3246 Saturi
865 3198 917 3246 et
954 3194 1159 3264 Optati,
1188 3203 1239 3251 et
1269 3198 1335 3252 de
1377 3200 1445 3254 iis
1480 3215 1601 3269 qua
1636 3203 1858 3258 Romam

289 3279 514 3347 scripsit
542 3276 875 3349 Cyprianus.

287 3393 616 3465 Cyprianus
674 3396 1019 3468 presbyteris
1076 3406 1132 3455 et
1194 3401 1528 3459 diaconibus
1587 3405 1859 3462 fratribus

221 3487 495 3542 salutem.
553 3489 633 3544 Ne
690 3490 827 3561 quid
882 3492 1289 3550 conscientiam
1333 3504 1576 3553 vestram
1631 3500 1856 3569 lateret,

220 3580 422 3637 fratres
451 3582 794 3653 charissimi,
828 3586 964 3656 quid
991 3587 1134 3642 mihi
1171 3589 1447 3661 scriptum
1484 3591 1577 3661 sit,
1606 3594 1858 3666 quidque

221 3689 329 3744 ego
384 3676 778 3746 rescripserim
851 3682 979 3749 (56),
1035 3682 1332 3755 utriusque
1387 3685 1637 3755 epistolas
1705 3688 1859 3742 vobis

220 3769 555 3840 exemplum
588 3769 752 3839 misi;
786 3776 842 3826 et
878 3773 1047 3829 credo
1088 3775 1245 3830 vobis
1289 3777 1347 3831 id
1390 3779 1545 3849 quod
1595 3781 1858 3851 rescripsi

221 3877 332 3915 non
359 3862 687 3933 displicere.
724 3865 827 3921 Sed
878 3868 935 3920 et
965 3867 1103 3922 illud
1131 3869 1200 3923 ad
1230 3886 1326 3924 vos
1369 3872 1623 3941 perferre
1651 3874 1858 3928 litteris

217 3956 360 4009 meis
389 3956 590 4025 debui,
622 3964 865 4029 urgente
894 3976 1057 4015 causa
1079 3961 1231 4017 clero
1264 3962 1321 4016 in
1351 3964 1498 4019 Urbe
1530 3967 1857 4023 consistenti

216 4047 432 4105 litteras
475 4068 567 4107 me
605 4051 851 4108 misisse.
899 4054 967 4108 Et
1004 4055 1275 4126 quoniam
1316 4061 1568 4129 oportuit
1614 4077 1709 4115 me
1753 4078 1857 4132 per

2742 2512 2805 2566 D.
2837 2514 2934 2569 Pa.
2963 2516 3177 2571 MARAN.

1961 2644 2200 2700 clericos
2249 2645 2512 2714 scribere,
2564 2648 2679 2703 scio
2718 2655 2913 2704 autem
2941 2652 2988 2685 ‘9
3038 2658 3258 2708 nostros
3311 2656 3588 2726 plurimos

1962 2737 2223 2793 absentes
2268 2755 2411 2807 esse,
2461 2756 2669 2811 paucos
2724 2758 2858 2796 vero
2909 2743 3007 2814 qui
3052 2745 3168 2799 illic
3212 2753 3344 2802 sunt
3390 2749 3482 2804 vix
3513 2752 3585 2806 ad

1961 2831 2345 2886 ministerium
2373 2833 2688 2905 quotidiani
2714 2834 2903 2907 cperis
2921 2836 3031 2909 (57)
3054 2839 3331 2910 sufﬁcere,
3357 2857 3586 2898 necesse

1958 2924 2065 2979 fuit
2112 2942 2287 2981 novos
2334 2927 2553 2998 aliquos
2597 2929 2940 2984 constituere
2970 2932 3067 3003 qui
3115 2934 3483 2990 mitterentur
3512 2937 3584 2992 ⁵ο.

1963 3018 2177 3073 Fecisse
2208 3036 2296 3075 me
2322 3024 2515 3075 autem
2555 3022 2741 3076 sciatis
2783 3023 3054 3079 lectorem
3101 3028 3366 3082 Saturum
3395 3034 3451 3083 et
3482 3030 3585 3102 hy-

1959 3112 2337 3182 podiaconum
2353 3114 2619 3185 Optatum
2643 3117 3203 3190 confessorem,quos
3216 3121 3337 3191 jam
3358 3122 3586 3193 pridem

1879 3244 1933 3317 Ο
1958 3207 2249 3261 communi
2288 3208 2521 3262 consilio
2568 3210 2720 3265 clero
2760 3211 2871 3282 (58)
2919 3213 3206 3282 proximos
3243 3215 3584 3286 feceramus,

1958 3304 2190 3375 quando
2218 3306 2316 3359 aut
2340 3304 2543 3360 Saturo
2576 3306 2666 3361 die
2699 3308 2928 3363 Paschze
2954 3310 3133 3365 semel
3173 3313 3343 3383 atque
3375 3314 3584 3371 iterum

1958 3396 2267 3453 lectionem
2317 3398 2604 3470 dedimus,
2662 3406 2762 3455 aut
2814 3402 3048 3473 quando
3103 3421 3233 3459 cum
3288 3408 3583 3480 presbyte-

1960 3492 2036 3545 ris
2068 3492 2177 3562 (59)
2205 3492 2527 3548 doctoribus
2563 3494 2808 3549 lectores
2844 3495 3149 3568 diligenter
3187 3501 3581 3571 probaremus,

1960 3584 2223 3656 Optatum
2255 3585 2406 3641 inter
2434 3588 2676 3641 lectores
2725 3587 3018 3645 doctorem
3048 3592 3405 3650 audientium
3445 3612 3584 3652 con-

1959 3678 2265 3745 stituimus,
2316 3681 2697 3735 examinantes
2743 3699 2815 3737 an
2858 3692 3247 3756 congruerent
3288 3688 3397 3743 illis
3455 3707 3581 3745 om-

1960 3772 2051 3827 nia
2085 3774 2191 3842 (60)
2221 3790 2348 3843 quin
2375 3790 2497 3828 esse
2528 3774 2738 3829 debent
2764 3777 2821 3830 in
2852 3777 2919 3831 iis
2950 3779 3045 3849 qui
3078 3780 3146 3834 ad
3180 3781 3394 3836 clerum
3425 3800 3583 3854 para-

1956 3866 2181 3921 bantur.
2214 3867 2364 3921 Nihil
2408 3883 2546 3939 ergo
2588 3884 2622 3922 a
2663 3886 2755 3923 me
2798 3870 3128 3926 absentibus
3174 3875 3328 3929 vobis
3371 3893 3582 3933 novum

1955 3960 2169 4015 factum
2204 3966 2307 4027 est,
2337 3961 2431 4015 sed
2460 3961 2612 4032 quod
2650 3963 2997 4034 jampridem
3027 3969 3322 4023 communi
3350 3971 3582 4027 consilio

1958 4054 2215 4110 omnium
2279 4060 2539 4109 nostrum
2604 4060 2871 4127 coeperat,
2943 4060 3277 4117 necessitate
3342 4071 3581 4137 urgente

1618 4204 1826 4269 Variae
1868 4205 2202 4268 lectiones.

272 4325 319 4355 "
349 4322 702 4375 Sententiam
752 4324 875 4377 Bod.
943 4327 989 4363 η
1025 4326 1295 4381 Laborare
1348 4333 1495 4383 circa
1542 4332 1665 4382 Bod.
1699 4336 1743 4383 1.
1811 4333 1855 4368 4⁸
1892 4333 2139 4384 Veritate
2187 4331 2321 4394 ipsa.
2362 4330 2485 4380 Bod.
2528 4333 2575 4381 1.
2641 4332 2685 4364 tt
2724 4330 2981 4382 Diximus
3023 4332 3311 4396 imperitus
3362 4334 3485 4383 Bod.
3532 4336 3577 4386 t.

210 4394 251 4423 ‘5
279 4392 510 4456 Quibus
539 4395 728 4444 minus
773 4396 894 4445 Bod.
936 4398 981 4447 l.
1050 4397 1092 4431 ω
1117 4400 1477 4465 Prieterquod
1516 4402 1639 4451 Bod.
1688 4405 1731 4453 t.
1775 4392 2675 4482 Praeterqliam_adnun_thialvimus.
2705 4402 2863 4482 onn.
2903 4402 2992 4482 “"-
3016 4392 3316 4482 Prézsentia
3360 4404 3577 4482 Bodl

210 4463 253 4497 ⁴³
279 4465 760 4516 Desideratissimi
794 4467 950 4517 Oxon.
984 4470 1119 4532 Lips.
1187 4470 1229 4503 ⁴⁹
1255 4463 1384 4522 Scio
1415 4473 1565 4522 enim
1594 4475 1732 4523 Lam.
1771 4474 1859 4523 Εὐ(

1962 4463 2056 4524 N'C.
2088 4474 2133 4522 ι.
2158 4474 2225 4522 Μ.
2260 4480 2313 4522 Α.
2381 4476 2424 4505 σο
2463 4472 2570 4535 Qui
2603 4472 2919 4522 ministrent
2956 4474 3047 4523 Ar.
3088 4472 3241 4523 Ebor.
3287 4475 3424 4523 Lam.
3471 4475 3578 4526 Nc.

216 4535 264 4583 Ι.
298 4536 411 4584 HR.

1544 4606 1770 4688 Steph.
1802 4605 2049 4670 Baluzii
2078 4574 2275 4669 notae.

269 4741 382 4801 (33)
402 4743 609 4841 “Minus
633 4746 857 4807 peritus.
894 4746 1084 4800 Codex
1113 4749 1403 4803 Remensis
1451 4756 1506 4805 et
1552 4751 1845 4819 Fuxensis,
1866 4769 1925 4841 D
1948 4759 2134 4841 vetere
2176 4750 3214 4841 legit‘urj‘ehministeril”quotidiani
3236 4768 3459 4841 oprqlsrs
3490 4758 3575 4841 iln

214 4813 518 4875 nuper-itus.

269 4884 384 4944 (δι)
438 4884 704 4961 Abienus.
761 4886 950 4961 Codex
1004 4891 1292 4945 Remensis
1337 4900 1390 4947 et
1444 4896 1848 4961 Gratian0poli—

206 4958 383 5031 tanns
453 4959 533 5031 et
576 4957 746 5008 editio
800 4959 1048 5023 Manutii,
1123 4965 1403 5017 modestus.
1490 4967 1615 5031 Quo
1680 4957 1846 5019 etiam

204 5025 377 5075 modo
431 5029 696 5091 scriptum
740 5035 823 5080 est
861 5032 917 5080 in
976 5034 1116 5086 libro
1156 5050 1280 5087 meo
1328 5025 1533 5089 vetere:
1573 5038 1848 5090 Fuxensis

205 5097 261 5144 in
294 5110 421 5147 uno
469 5099 771 5163 exemplari
822 5101 994 5154 habet
1037 5106 1301 5168 molestus,
1331 5110 1387 5158 in
1437 5110 1546 5161 alio
1572 5111 1846 5162 immodes-

204 5173 301 5216 lus.

262 5241 371 5299 (55)
426 5240 719 5290 Secundum
772 5244 1054 5310 Evangelii
1117 5247 1288 5311 legem.
1346 5250 1407 5299 In
1474 5252 1669 5303 codice
1728 5251 1846 5302 Re-

199 5312 383 5360 mensi
412 5315 468 5359 et
489 5314 545 5361 in
573 5326 687 5363 uno
710 5316 1014 5379 exemplari
1039 5317 1287 5369 Fuxensi
1315 5319 1519 5385 legitur
1551 5339 1561 5372 :
1584 5340 1613 5371 ‹‹
1638 5323 1843 5387 Legem

201 5382 325 5429 misi
352 5386 413 5431 et
442 5382 730 5434 vobiscum
758 5385 971 5438 fortiter
996 5394 1049 5440 et
1077 5382 1416 5442 unanimiter
1452 5395 1619 5443 etiam
1652 5382 1843 5445 nostra

201 5458 527 5504 concnmt.
556 5474 583 5502 ι)

260 5530 361 5600 {56;
422 5530 666 5600 Quidque
725 5546 816 5597 ego
878 5536 1256 5600 rescripserim.
1334 5539 1440 5589 Ista
1510 5540 1715 5591 desunt
1787 5541 1842 5591 in

201 5596 551 5649 editionibus
575 5614 701 5665 qum
730 5596 1107 5657 Manutiana'm
1145 5613 1585 5661 antecesserunt.
1630 5612 1843 5662 Desunt

201 5671 374 5719 etiam
426 5671 488 5744 i_n
526 5678 652 5721 octo
696 5674 984 5726 codicibus
1030 5682 1277 5744 antiquis
1323 5696 1353 5730 a
1404 5694 1492 5732 me
1534 5683 1665 5731 visis
1704 5686 1757 5733 et
1784 5684 1843 5733 in

202 5740 552 5802 quibusdam
590 5745 928 5808 Anglicanis.

266 5812 370 5877 (57)
414 5812 769 5865 Hmisterium
815 5819 1115 5881 quotidiani
1153 5824 1347 5889 operis.
1410 5824 1471 5874 In
1514 5823 1656 5875 libro
1716 5838 1841 5877 meo

1949 4826 2222 4875 Fuxensi:
2251 4825 2661 4875 «Ministerium
2693 4824 3084 4888 quotidianum
3110 4838 3224 4875 non
3252 4826 3527 4877 sufﬁcere.
3547 4843 3577 4874 ››

1949 4897 2008 4946 In
2039 4896 2299 4946 Beccensi
2327 4898 2379 4944 et
2405 4895 2460 4943 in
2506 4895 2831 4945 Carnotensi
2870 4910 2880 4943 :
2909 4911 2938 4943 «
2967 4896 3332 4947 Ministerium
3385 4899 3578 4962 quoti-

1947 4966 2173 5017 dianum
2200 4966 2381 5029 operis
2408 4965 2681 5015 sufﬁcere.
2713 4982 2742 5012 »

2010 5039 2104 5101 (58)
2145 5037 2311 5086 Claro.
2364 5036 2424 5085 Id
2457 5040 2540 5086 est
2577 5037 2644 5085 iis
2691 5050 2759 5087 ex
2803 5038 2951 5088 clero
3007 5038 3432 5104 Carthaginensi
3477 5044 3573 5107 qui

1944 5112 2062 5159 tum
2087 5108 2279 5159 Romae
2307 5111 2480 5162 erant.
2513 5107 2582 5157 ad
2621 5121 2764 5171 quos
2793 5108 2998 5171 scripta
3027 5114 3110 5160 est
3139 5112 3370 5175 epistola
3399 5113 3479 5164 22.

2005 5180 2103 5241 (59)
2135 5178 2264 5228 Cum
2291 5178 2626 5242 presbyteris.
2665 5179 2771 5229 Hic
2817 5179 2975 5229 locus
3020 5181 3181 5231 valde
3218 5184 3575 5245 perturbatus

1945 5255 2030 5301 est
2080 5250 2135 5299 in
2190 5250 2432 5313 antiquis
2468 5249 2896 5313 exemplaribus.
2941 5251 3219 5302 Pamelius
3276 5254 3574 5305 lectionem

1945 5336 2112 5388 quam
2140 5334 2242 5371 nos
2276 5321 2609 5371 retinuimus
2635 5323 2711 5371 ait
2737 5335 2797 5372 se
2832 5325 3270 5373 consarcinasse.

2007 5394 2110 5455 (60)
2142 5392 2344 5442 Omnia.
2386 5393 2463 5442 Ita
2502 5405 2695 5443 omnes
2743 5393 2867 5443 libri
2921 5399 3133 5445 veteres
3182 5399 3237 5445 et
3283 5395 3572 5448 editiones.

1946 5465 2151 5515 Verum
2179 5465 2309 5527 quia
2355 5464 2411 5512 in
2464 5462 2703 5514 editione
2744 5465 2963 5529 Rigaltii
2989 5466 3256 5517 mendose
3301 5481 3573 5518 excusum

1944 5540 2030 5587 est
2082 5537 2263 5585 monia.
2316 5548 2412 5597 pro
2460 5536 2657 5595 omnia,
2707 5537 2868 5599 Angli
2925 5537 3135 5602 absque
3204 5539 3319 5587 ulla
3373 5541 3572 5589 vetusti

1944 5609 2153 5659 codicis
2183 5610 2528 5667 auctoritate,
2555 5608 2935 5659 existimantes
2980 5609 3131 5659 haud
3180 5610 3349 5660 dubie
3396 5611 3574 5673 sylla—

1942 5681 2043 5731 bas
2096 5682 2214 5731 testi
2256 5680 2527 5730 excidisse
2577 5680 2935 5745 typographis
2980 5680 3216 5745 Rigaltii,
3271 5688 3574 5744 posuerunt

1942 5753 2251 5804 testimonia.
2286 5751 2357 5801 Et
2403 5755 2588 5801 tamen
2623 5752 2895 5818 Rigaltius
2931 5755 3219 5803 monuerat
3282 5754 3337 5801 in
3379 5756 3574 5803 erratis

1941 5823 2242 5891 legendum
2264 5836 2385 5875 esse
2414 5825 2614 5876 omnia.
