4160 6216
12 446 21 531 ἓ

8 534 23 601 i
120 604 121 613 η

6 1462 9 1483 )

10 2748 69 2859 [Et
106 2836 107 2841 ,

8 2866 71 2935 et

8 2914 93 2983 3i

4 2980 112 3087 ait;

54 3084 67 3111 τη
90 3069 112 3114 η’

0 3230 74 3307 is
105 3273 108 3288 ι

0 3307 25 3375 ε
52 3314 108 3395 ir?

0 3355 87 3611 l'.

0 3559 83 3640 i'.

0 4663 4 4668 .
23 4609 94 4722 fit

0 4801 98 5190 ,Ξ

252 5765 336 5819 ,ϊ-

651 291 752 346 295
1569 285 1624 343 S.
1664 281 1982 345 CYPRIANI
2021 282 2262 347 OPERUl

2373 290 2508 347 >ΑΡῶ
2539 287 2579 346 Ι.
2612 320 2679 331 -
2716 285 3078 346 EPISTOLA'I.
3877 299 3963 355 296

647 416 970 485 promotum
1003 413 1105 468 est.
1131 411 1274 481 Opto
1305 426 1421 477 vos,
1451 411 1658 465 fratres
1678 411 2019 480 charissimi,
2050 430 2277 484 semper
2300 428 2357 498 Α
2380 415 2585 468 iterum
2641 431 2771 468 cum
2835 413 3185 468 confessione
3250 413 3570 485 geminatus
3639 424 3964 486 promerendi

646 507 791 561 bene
845 507 1031 560 valere
1080 509 1136 558 et
1189 505 1368 559 nostri
1423 505 1779 559 meminisse.
1838 507 2274 560 Fraternitatem

647 601 906 655 salutate.
940 600 1150 654 Valete.

1015 744 1208 818 233
1243 745 1570 802 EPISTOLA
1609 746 1736 800 xxv
1778 746 1912 817 (δι).

582 857 588 865 ’
647 861 887 924 (Erasm.,
916 873 985 923 IV,
1017 867 1042 910 3
1065 877 1081 924 ;
1104 862 1318 922 Pamel.,
1347 863 1738 925 Rigal.,Baluz.,
1767 873 1898 924 xxv;
1929 861 2106 924 Paris.,
2133 875 2279 928 xxxv;

1154 933 1346 995 Oxon.,
1371 933 1529 996 Lips,
1560 933 1762 995 xxvui.)

702 1059 769 1096 AD
809 1057 1018 1097 MOYSEN
1057 1058 1118 1096 ET
1158 1057 1405 1097 MAXIMUM
1438 1057 1503 1096 ET
1543 1056 1792 1096 CETEROS
1833 1057 2223 1098 CONFESSORES.

649 1158 1048 1210 Aacumauruu.
1101 1185 1168 1194 —
1218 1155 1466 1224 Epistola
1515 1155 1624 1208 hac
1674 1159 1749 1209 est
1794 1156 2161 1222 gratulatoria
2204 1156 2278 1210 ad

1148 1245 1474 1310 confessores
1508 1245 1791 1298 Romanos.

719 1364 758 1417 l.
824 1363 1134 1436 Cyprianus
1187 1363 1358 1434 Moysi
1409 1367 1464 1417 et
1510 1363 1752 1418 Maximo
1816 1365 2166 1435 presbyteris
2221 1369 2277 1418 et

646 1456 863 1511 caeteris
912 1456 1350 1522 confessoribus,
1409 1456 1791 1511 dilectissimis
1851 1458 2136 1526 fratribus,
2187 1475 2273 1512 sa-

646 1551 842 1605 lutem.
894 1549 1143 1604 Gloriam
1206 1549 1340 1603 fidei
1392 1555 1448 1604 et
1509 1549 1733 1604 virtutis
1797 1555 2022 1620 vestra,
2078 1552 2272 1606 fortis-

649 1643 775 1698 simi
838 1644 880 1677 δ’
952 1659 1015 1697 ac
1075 1643 1388 1697 beatissimi
1465 1643 1670 1698 fratres
1704 1686 1717 1710 ,
1789 1645 2140 1716 jampridem
2204 1645 2274 1699 de

648 1735 915 1807 opinione
963 1752 1366 1807 cognoveram,
1414 1737 1633 1791 latatus
1678 1737 1813 1792 satis
1857 1741 1913 1792 et
1959 1739 2270 1809 plurimum

648 1831 959 1900 gratulatus
990 1830 1139 1900 quod
1182 1847 1278 1884 vos
1304 1830 1653 1884 confessione
1686 1832 1771 1884 sui
1811 1832 2060 1885 nominis
2103 1848 2271 1902 para-

645 1923 794 1978 verit
832 1923 878 1957 ⁵³
929 1922 999 1977 ad
1045 1939 1319 1977 coronam
1369 1923 1591 1978 Domini
1648 1925 1826 1978 nostri
1877 1927 2010 1979 Jesu
2064 1925 2274 1981 Christi

645 2015 934 2087 pracipua
981 2015 1261 2086 dignatio.
1307 2017 1413 2069 Vos
1460 2016 1612 2070 enim
1667 2017 1952 2087 primores
1994 2021 2052 2072 et
2101 2018 2272 2072 duces

643 2111 714 2164 ad
752 2109 927 2162 nostri
956 2110 1234 2179 temporis
1263 2109 1524 2180 pralium
1583 2109 1737 2178 facti,
1771 2110 2014 2165 calestis
2055 2111 2273 2165 militia

640 2204 803 2273 signa
833 2202 1102 2256 movistis.
1135 2203 1240 2256 Vos
1282 2203 1532 2272 spiritale
1575 2209 1864 2258 certamen
1919 2205 2069 2275 quod
2119 2221 2271 2259 nunc

645 2296 766 2368 geri
810 2297 959 2350 Deus
1005 2295 1183 2350 voluit
1221 2297 1423 2351 vestris
1469 2296 1772 2351 virtutibus
1816 2297 2115 2352 imbuistis.
2164 2300 2274 2352 Vos

644 2391 926 2461 surgentis
973 2389 1108 2444 belli
1163 2390 1410 2461 impetus
1462 2391 1678 2462 primos
1736 2391 2015 2446 immobili
2064 2391 2268 2446 robore

643 2489 811 2554 atque
849 2482 1185 2538 inconcussa
1219 2483 1518 2538 stabilitate
1548 2484 1595 2517 ⁵³
1627 2483 1893 2554 fregistis.
1940 2485 2074 2539 Inde
2113 2484 2273 2539 initia

640 2576 824 2632 felicia
855 2576 1148 2647 pugnandi
1177 2581 1299 2630 orta
1325 2580 1493 2643 sunt;
1537 2577 1668 2631 inde
1709 2577 1978 2632 vincendi
2023 2577 2272 2648 auspicia

640 2673 950 2741 caperunt.
1004 2669 1253 2740 Contigit
1274 2671 1320 2704 5‘
1375 2669 1466 2724 hic
1519 2686 1623 2740 per
1671 2675 1958 2726 tormenta
2001 2687 2270 2726 consum-

637 2763 784 2818 mari
813 2763 859 2796 ⁵⁵
898 2762 1190 2834 martyria.
1224 2763 1332 2818 Sed
1361 2763 1461 2834 qui
1498 2762 1556 2817 in
1601 2764 2004 2834 congressione
2034 2765 2081 2799 ⁵⁵
2120 2781 2267 2835 pra-

638 2857 845 2912 cedens
871 2856 1206 2935 exemplum
1233 2856 1455 2911 virtutis
1486 2857 1755 2911 fratribus
1791 2858 1972 2912 factus
2003 2860 2108 2924 est,
2139 2875 2266 2912 cum

635 2950 984 3022 martyribus
1051 2949 1111 3004 in
1186 2950 1405 3005 honore
1465 2951 1784 3005 communis
1846 2958 1949 3007 est.
2020 2954 2268 3007 Coronas

635 3047 822 3100 vestra
849 3045 891 3077 ⁵⁷
939 3061 1113 3098 manu
1159 3049 1340 3098 sertas
1385 3043 1518 3100 inde
1562 3044 1674 3098 huc
1724 3045 2051 3115 tradidistis,
2096 3050 2154 3100 et
2197 3046 2266 3100 de

633 3139 838 3210 poculo
867 3137 1097 3192 salutari
1120 3137 1394 3192 fratribus
1420 3139 1783 3209 propinastis.

710 3233 772 3286 ll.
822 3231 1071 3286 Accessit
1121 3232 1191 3285 ad
1240 3231 1607 3285 confessionis
1653 3232 1884 3287 exordia
1930 3233 2172 3303 gloriosa
2209 3238 2267 3289 et

633 3324 853 3381 militia
875 3325 922 3358 ⁵⁸
949 3323 1189 3378 victricis
1209 3325 1461 3394 auspicia
1488 3324 1796 3395 disciplina
1823 3331 1985 3380 tenor
2001 3343 2174 3398 quem
2195 3327 2264 3381 de

633 3418 890 3488 epistola
917 3418 1112 3488 vigore
1139 3417 1556 3488 perspeximus,
1586 3435 1759 3489 quam
1789 3421 1962 3474 modo
1991 3420 2060 3474 ad
2091 3421 2262 3476 colle-

635 3529 734 3584 gas
791 3515 1002 3564 vestros
1054 3510 1112 3564 in
1167 3511 1522 3566 confessione
1578 3512 1864 3567 vobiscum
1924 3515 2166 3569 Domino
2219 3516 2264 3549 ⁵9

634 3605 928 3675 copulatos
977 3603 1086 3675 (62)
1132 3604 1366 3658 sollicita
1411 3605 1804 3660 admonitione
1855 3607 2085 3662 misistis
2113 3607 2161 3642 ⁸ο
2208 3611 2269 3662 ut

631 3697 924 3768 Evangelii
943 3702 1134 3752 sancta
1147 3704 1433 3768 praecepta
1447 3705 1504 3752 et
1520 3699 1724 3754 tradita
1740 3700 1902 3754 nobis
1916 3702 2091 3756 semel
2107 3718 2268 3756 man-

632 3793 764 3847 data
793 3791 980 3845 vitalia
1012 3790 1145 3844 forti
1185 3795 1243 3844 et
1285 3792 1471 3845 stabili
1515 3792 1909 3847 observatione
1938 3797 2260 3850 teneantur.

629 3887 768 3942 Ecce
818 3885 958 3939 alius
1014 3885 1210 3956 gloria
1274 3889 1475 3940 vestra
1541 3886 1803 3941 sublimis
1855 3888 2086 3958 gradus,
2134 3905 2262 3944 ecce

2380 509 2477 562 Dei
2508 508 2703 574 titulis,
2732 513 2880 562 stare
2911 508 3076 561 ﬁrmo
3100 509 3140 541 ⁶¹
3193 509 3394 579 gradu,
3427 512 3483 562 et
3522 509 3582 562 in
3622 509 3720 563 hac
3757 513 3862 567 acie
3883 517 3964 585 qui

2380 602 2752 673 Evangelium
2813 607 3093 657 conantur
3149 603 3474 672 irrumpere
3537 607 3640 668 et,
3704 611 3966 679 praeceptis

2379 695 2609 750 Domini
2637 696 2979 750 subruendis
3017 713 3222 751 manus
3264 694 3456 768 289
3504 696 3704 767 impias
3741 699 3968 756 inferen-

2379 796 2460 844 tes
2515 790 2583 856 ⁸2,
2636 789 2770 843 ﬁdei
2827 790 3023 844 robore
3079 789 3435 856 submovere,
3496 790 3796 860 prabuisse
3852 802 3967 851 ante

2378 883 2536 937 initia
2586 883 2879 949 virtutum,
2915 900 3067 937 nunc
3111 887 3168 937 et
3210 899 3436 937 morum
3483 884 3798 954 magisteria
3839 905 3970 958 pra-

2377 977 2535 1032 bere.
2571 976 2844 1032 Dominus
2871 982 2998 1048 post
3024 978 3495 1032 resurrectionem
3526 977 3750 1032 mittens
3773 989 3969 1051 aposto-

2377 1073 2460 1126 los
2503 1071 2739 1124 mandat
2779 1075 2832 1124 et
2872 1069 3048 1124 dicit:
3097 1073 3240 1125 Data
3267 1076 3344 1126 est
3392 1072 3524 1125 mihi
3562 1074 3730 1126 omnis
3766 1081 3978 1143 potestas

2375 1167 2434 1219 in
2459 1166 2585 1219 calo
2611 1169 2661 1218 et
2690 1166 2748 1217 in
2778 1168 2941 1218 terra.
2969 1166 3050 1217 Ite
3091 1179 3214 1232 ergo
3258 1171 3309 1218 et
3355 1165 3534 1219 docete
3577 1172 3754 1232 gentes
3795 1183 3972 1232 omnes,

2377 1261 2645 1326 tingentes
2673 1257 2720 1291 ⁸³
2747 1272 2830 1312 eos
2857 1260 2917 1310 in
2954 1259 3167 1312 nomine
3201 1259 3382 1312 Patris
3419 1263 3472 1312 et
3511 1258 3639 1312 Filii
3664 1264 3714 1312 et
3761 1259 3981 1329 Spiritus

2375 1354 2570 1413 sancti,
2636 1352 2877 1405 docentes
2950 1366 3034 1404 eos
3093 1351 3370 1405 observare
3434 1353 3618 1405 omnia
3682 1367 3981 1424 quacunque

2373 1447 2608 1516 pracepi
2666 1445 2814 1498 vobis
2880 1443 3120 1513 (Matth,
3189 1459 3382 1510 xxvm,
3455 1445 3559 1513 l9).
3629 1445 3696 1497 Et
3759 1448 3984 1502 Joannes

2373 1538 2663 1608 apostolus
2694 1537 2950 1590 mandati
2989 1553 3208 1591 memor
3236 1536 3293 1590 in
3325 1536 3578 1608 Epistola
3615 1554 3716 1591 sua
3744 1544 3979 1609 postmo-

2376 1632 2513 1686 dum
2557 1631 2722 1700 ponit
2767 1632 2813 1664 6⁸
2873 1647 2885 1684 :
2935 1633 3002 1684 In
3053 1631 3167 1692 hoc,
3216 1630 3422 1701 inquit,
3471 1631 3829 1699 intelligimus
3870 1637 3991 1703 quia

2376 1732 2717 1799 cognovimus
2759 1745 2898 1792 eum,
2923 1731 2972 1784 si
3003 1734 3274 1799 pracepta
3315 1731 3434 1798 ejus
3469 1731 3857 1786 custodiamus.
3899 1735 3992 1800 Qui

2376 1825 2507 1878 dicit
2549 1827 2805 1894 quoniam
2850 1826 3097 1894 cognovit
3151 1840 3270 1878 eum
3315 1831 3366 1878 et
3413 1825 3689 1878 mandata
3739 1827 3855 1893 ejus
3896 1843 3995 1882 non

2373 1923 2572 1980 servat,
2603 1919 2843 1972 mendam
2861 1923 2937 1973 est
2977 1924 3027 1972 et
3053 1919 3254 1973 veritas
3292 1921 3349 1970 in
3375 1919 3474 1971 illo
3505 1933 3616 1971 non
3647 1925 3728 1972 est
3766 1921 3800 1987 (l
3824 1921 3995 1983 Joan.,

2377 2029 2433 2077 ιι,
2464 2015 2516 2078 3,
2558 2011 2634 2080 4).
2687 2013 2816 2066 Hac
2862 2014 3144 2082 pracepta
3193 2011 3566 2066 custodienda
3607 2011 3657 2045 ⁵⁵
3704 2014 4000 2084 suggeritis

2376 2104 2568 2158 divina
2609 2107 2667 2160 et
2706 2105 2957 2159 coelestia
2987 2105 3256 2160 mandata
3295 2105 3544 2159 servatis.
3599 2107 3716 2159 Hoc
3748 2113 3833 2161 est
3873 2123 4001 2161 con-

2373 2198 2650 2254 fessorem
2692 2199 2945 2262 Domini,
2978 2199 3080 2252 hoc
3128 2204 3213 2253 est
3244 2215 3368 2252 esse
3412 2201 3736 2269 martyrem
3780 2200 4003 2267 Christi,

2374 2309 2598 2348 servare
2663 2295 2814 2347 vocis
2877 2309 2994 2346 sua
3060 2292 3388 2346 inviolatam
3451 2293 3600 2346 circa
3672 2294 3895 2362 omnia,
3957 2302 4008 2348 et

2373 2383 2612 2438 solidam
2679 2383 3032 2437 ﬁrmitatem.
3096 2383 3235 2436 Nam
3313 2382 3455 2436 velle
3526 2389 3750 2454 prater
3823 2384 4007 2439 Domi-

2374 2494 2511 2531 num
2553 2479 2600 2511 ενδ
2649 2478 2759 2547 (63)
2806 2481 3116 2547 martyrem
3159 2476 3280 2530 ﬁeri
3326 2479 3384 2530 et
3427 2480 3724 2548 pracepta
3780 2479 4006 2533 Domini

2373 2572 2662 2625 destruere
2717 2570 2954 2638 conari,
3004 2573 3068 2624 ut
3120 2571 3385 2624 adversus
3431 2569 3598 2624 illum
3658 2571 4004 2641 dignatione

2373 2680 2546 2734 quam
2578 2663 2679 2718 tibi
2708 2663 2944 2732 dederit,
2973 2663 3145 2718 armis
3189 2663 3259 2716 ab
3296 2663 3390 2717 illo
3432 2664 3696 2734 acceptis
3739 2665 4018 2719 rebellem

2372 2757 2795 2828 quodammodo
2861 2756 3003 2825 ﬁeri,
3061 2757 3170 2811 hoc
3228 2762 3313 2811 est
3376 2757 3678 2813 Christum
3747 2758 4012 2813 confiteri

2369 2852 2511 2905 velle
2542 2851 2587 2885 δ”
2619 2858 2675 2905 et
2703 2850 3074 2921 Evangelium
3105 2850 3311 2904 Christi
3353 2867 3596 2921 negare.
3633 2855 3828 2906 Lator
3856 2853 4025 2923 igitur

2369 2961 2436 2998 ex
2487 2944 2662 3012 vobis,
2711 2943 3006 2998 fortissimi
3055 2945 3104 2978 ⁸⁵⁸
3162 2960 3226 2997 ac
3278 2943 3598 2998 ﬁdelissimi
3660 2947 3914 3003 fratres:
3971 2948 4025 2999 et

2369 3041 2650 3108 quantum
2684 3037 2940 3109 gratulor
2965 3037 3310 3108 martyribus
3335 3037 3462 3092 istic
3494 3039 3544 3073 59
3577 3039 3894 3094 honoratis
3921 3038 4026 3110 (64)

2289 3161 2344 3235 C
2372 3131 2443 3186 ob
2472 3131 2675 3185 virium
2705 3132 2968 3203 gloriam,
2996 3133 3223 3186 tantum
3253 3132 3509 3201 gratulor
3531 3132 3770 3203 pariter
3786 3141 3847 3188 et
3873 3133 4029 3187 vobis

2369 3226 2440 3280 ob
2483 3225 2794 3281 Dominica
2824 3225 2994 3279 etiam
3033 3224 3342 3296 disciplina
3373 3242 3694 3281 coronam.
3730 3228 4030 3298 [lignatio-

2367 3335 2500 3374 nem
2550 3336 2710 3373 suam
2769 3319 3046 3373 Dominus
3099 3319 3399 3389 multiplici
3455 3336 3691 3391 genere
3751 3322 4033 3392 largitatis

2368 3417 2594 3485 infudit,
2627 3418 2904 3472 bonorum
2938 3418 3185 3472 militum
3214 3418 3406 3472 laudes
3433 3420 3490 3472 et
3540 3419 3777 3488 glorias
3805 3420 4033 3491 spirita-

2368 3513 2452 3566 les
2513 3513 2739 3583 c0piosa
2811 3511 3078 3566 varietate
3145 3510 3450 3566 distribuit.
3530 3513 3801 3567 Honoris
3871 3512 4035 3566 vestri

2367 3607 2668 3679 participes
2698 3612 2753 3660 et
2779 3623 2882 3660 nos
2925 3622 3141 3672 sumus,
3173 3605 3411 3676 gloriam
3451 3611 3729 3661 vestram
3783 3611 4038 3662 nostram

2367 3701 2608 3771 gloriam
2653 3705 3072 3770 computamus,
3105 3715 3347 3769 quorum
3386 3705 3679 3771 tempora
3732 3700 4042 3755 illustravit

2363 3799 2520 3848 tanta
2552 3794 2807 3860 felicitas,
2835 3797 2900 3846 ut
2929 3795 3156 3846 atatem
3207 3796 3460 3846 nostram
3499 3793 3625 3865 (65)
3675 3795 3883 3850 videre
3910 3811 4042 3849 con-

2361 3887 2612 3958 tingeret
2667 3886 2935 3957 probatos
2982 3902 3170 3940 servos
3232 3886 3328 3940 Dei
3389 3888 3446 3940 et
3516 3887 3755 3943 Christi
3830 3889 4044 3943 milites

2009 4011 2217 4076 Varia
2259 4013 2594 4076 lectiones.

690 4128 734 4200 5:
776 4124 1099 4177 Charissimi
1139 4127 1277 4178 Lam.
1327 4127 1482 4200 Ebur.
1551 4129 1594 4162 ⁵³
1637 4128 2006 4180 lllustraverit
2056 4131 2166 4179 Ver.
2237 4135 2277 4165 ⁵³
2321 4131 2662 4181 Inconcussa
2700 4131 2831 4183 ﬁdei
2872 4132 3174 4183 stabilitate
3219 4132 3360 4181 Lam.
3433 4133 3479 4163 5‘
3522 4131 3853 4200 Contingit
3893 4134 4047 4184 Oxon.

628 4199 670 4233 ⁸⁵
699 4198 1108 4250 Consumniare
1147 4201 1254 4247 Ver.
1328 4199 1367 4232 ⁵⁸
1396 4199 1760 4251 Confessione
1789 4203 1924 4250 Lam.
1958 4201 2109 4251 Ebor.
2150 4203 2256 4252 ΝΟ.
2292 4205 2336 4252 1.
2405 4201 2445 4236 ⁸⁷
2487 4202 2709 4252 Vestras
2745 4205 2854 4253 ΜΒ.
2926 4203 2966 4237 ⁵⁸
2992 4202 3079 4252 Ad
3123 4202 3375 4266 gloriosa
3418 4203 3672 4254 militia
3721 4198 3871 4254 Pem.
3919 4206 4051 4253 Voss.

628 4268 670 4305 5°
692 4270 917 4320 Domini
945 4270 1064 4318 Bod.
1100 4271 1144 4319 1.
1212 4269 1512 4321 "Fecistis
1552 4273 1663 4320 Ver.
1730 4273 1770 4304 ⁶¹
1799 4273 2012 4323 Firmas
2043 4274 2165 4322 Bod.
2203 4276 2248 4323 1.
2317 4273 2358 4306 ⁶¹
2386 4273 2457 4323 Et
2491 4273 2638 4322 hanc
2675 4275 2853 4324 aciem
2889 4286 3015 4337 qua
3064 4271 3434 4334 Evangelium
3461 4297 3534 4308 —
3569 4274 3799 4336 impias
3851 4274 4050 4323 inferre

627 4342 769 4390 Lam.
801 4339 950 4388 Ebor.
985 4340 1094 4389 ΝΟ.
1128 4343 1169 4388 1.
1217 4340 1357 4402 Qua
1398 4343 1455 4390 in
1493 4341 1794 4405 Evangelio
1834 4347 2128 4393 coronatur
2181 4345 2292 4393 Ver.
2345 4344 2458 4392 Vat.
2511 4346 2694 4392 i'nnom.
2744 4345 2883 4406 Spir.
2933 4343 3047 4393 Reb.
3111 4341 3152 4374 δι
3205 4343 3581 4405 Baptizantes
3635 4343 3806 4393 Ebor.
3862 4344 3973 4395 ΝΟ.
4009 4345 4052 4393 1.

624 4408 667 4443 ⁶⁴
697 4410 858 4458 Ponit
897 4414 952 4459 et
991 4409 1124 4458 dicit
1163 4411 1296 4459 Pem.
1324 4411 1431 4458 Li'n.
1477 4411 1605 4458 Voss.
1649 4412 1696 4460 ‘2.
1761 4411 1804 4445 ⁸⁵
1831 4411 1971 4462 Cum
2008 4415 2372 4465 custodienda
2399 4416 2553 4464 Oxon.
2620 4415 2662 4448 ⁸⁸
2692 4416 2795 4466 Pro
2827 4416 3064 4466 Domino
3102 4414 3209 4464 ΝΟ.
3243 4418 3287 4461 2.
3355 4411 3396 4447 '7
3423 4414 3616 4466 Nolle
3662 4419 3816 4466 Pem.
3886 4415 4053 4464 “Di-

624 4479 914 4531 lectissimi
945 4481 1138 4532 fratres
1169 4482 1303 4530 Lam.
1333 4483 1443 4531 Li'n.
1475 4481 1626 4531 Ebor.
1658 4483 1766 4532 ΝΟ.
1801 4485 1845 4533 1.
1912 4483 1954 4517 σθ
1981 4485 2094 4535 lllis
2123 4487 2261 4536 Pam.

1955 4595 2179 4679 Steph.
2213 4598 2458 4661 Baluzii
2489 4605 2685 4662 nota.

685 4699 781 4761 (61)
834 4699 895 4748 In
944 4702 1161 4749 vetusto
1207 4699 1399 4750 codice
1455 4701 1782 4765 Remigiano
1850 4703 2081 4766 epistola
2149 4706 2250 4755 ista

621 4768 828 4820 dicitur
854 4771 1057 4834 scripta
1089 4771 1244 4832 Mosi,
1273 4771 1534 4828 Maximo,
1581 4773 1888 4832 Nicostrato
1928 4780 1981 4826 et
2016 4778 2248 4827 cateris.

621 4845 684 4894 In
721 4845 893 4894 veteri
920 4845 1187 4908 Catalogo
1225 4847 1612 4910 episcoporum
1656 4848 1926 4899 Ecclesia
1967 4850 2250 4911 Romana,

622 4930 789 4979 quem
847 4915 1122 4980 Rigaltius
1179 4916 1370 4967 laudat
1442 4931 1512 4967 ex
1587 4919 1778 4970 codice
1833 4921 2042 4971 Nicolai
2089 4923 2253 4972 Fabri

620 4987 902 5048 Peirescii,
934 4987 1136 5050 legitur
1176 5004 1186 5036 :
1224 5005 1253 5036 «
1299 4989 1426 5039 Post
1469 4990 1784 5052 passionem
1835 4991 1991 5041 Fabii
2036 4993 2251 5056 Moyses

620 5063 676 5108 et
709 5059 984 5108 Maximus
1014 5059 1317 5122 presbyteri
1352 5065 1407 5109 et
1431 5061 1775 5111 Nicostratus
1810 5061 2078 5113 diaconus
2104 5077 2252 5114 com-

619 5128 877 5192 prehensi
904 5132 1033 5178 sunt
1065 5133 1120 5178 et
1167 5129 1222 5177 in
1268 5143 1546 5180 carcerem
1593 5135 1723 5180 sunt
1773 5133 1943 5182 missi.
1977 5135 2052 5182 Ita
2084 5136 2249 5184 etiam

618 5200 675 5249 in
706 5201 814 5249 alio
861 5199 1114 5264 catalogo
1159 5214 1326 5263 quem
1373 5214 1442 5250 ex
1487 5201 1833 5265 Cuspiniano
1880 5204 2052 5254 edidit
2095 5206 2250 5269 Egi-

620 5271 748 5321 dius
778 5270 1119 5330 Eucherius;
1156 5283 1224 5320 ex
1267 5285 1378 5335 quo
1427 5273 1705 5336 colligitur
1751 5288 1848 5336 pro
1899 5276 2068 5336 Fabii,
2100 5277 2250 5341 quod

619 5346 703 5391 est
757 5342 814 5390 in
870 5341 1011 5391 libro
1060 5341 1340 5403 Peirescii,
1398 5343 1778 5406 reponendum
1827 5359 1949 5397 esse
2007 5346 2246 5396 Fabiani.

617 5413 923 5463 Maximum
981 5414 1152 5462 fuisse
1209 5413 1597 5477 presbyterum
1646 5415 1915 5467 Ecclesia
1984 5418 2250 5470 Romana

619 5487 851 5533 testatur
899 5497 1040 5547 papa
1092 5482 1384 5534 Cornelius
1435 5486 1581 5548 apud
1637 5486 1966 5550 Eusebium,
2024 5490 2118 5540 lib.
2171 5505 2248 5551 vr,

616 5565 734 5616 cap.
771 5552 803 5602 3
843 5555 1084 5604 Historia
1120 5554 1489 5606 ecclesiastica.
1540 5556 1680 5607 Vide
1726 5559 1949 5609 Baronii
2003 5560 2250 5612 Adnota-

611 5624 795 5746 gones
818 5626 888 5675 ad
917 5625 1368 5690 Martyrologium
1412 5627 1724 5678 Romanum
1769 5629 1857 5680 die
1903 5632 1964 5683 19
2009 5633 2248 5684 Novem-

655 5709 744 5746 ris.

655 5709 744 5746 r18.

676 5770 769 5832 (62)
799 5773 1021 5823 Domino
1067 5769 1354 5838 copulatas.
1391 5773 1455 5823 In
1498 5774 1694 5828 codice
1752 5777 2018 5830 Beccensi
2070 5779 2250 5844 scrip-

607 5844 730 5898 tum
760 5847 845 5896 est
877 5844 1109 5896 Domini.

2272 4737 2329 4807 D
2418 4705 2512 4767 (63)
2554 4706 2750 4755 Praeter
2811 4705 3108 4754 Dominum.
3154 4703 3214 4787 In
3267 4702 3587 4768 plerisque
3640 4706 3951 4759 veteribus
3992 4706 4055 4756 li-

2351 4779 2466 4830 bris
2485 4781 2753 4830 scrintum
2784 4782 2886 4830 est.
2917 4780 3014 4827 Per
3040 4779 3336 4826 Dominum.
3364 4777 3434 4825 In
3462 4792 3601 4828 uno
3637 4795 3782 4830 meo
3817 4798 3828 4830 :
3859 4801 3890 4830 α
3920 4782 4055 4830 Nam

2419 4781 2466 4828 is
2485 4781 2753 4843 scriptum
2784 4782 2886 4839 est,
2917 4780 3014 4827 Per
3040 4777 3336 4826 Dominum.
3364 4777 3434 4825 In
3462 4792 3601 4828 uno
3637 4795 3782 4832 meo
3817 4798 3828 4830 :
3859 4801 3890 4832 α
3920 4782 4055 4831 Nam

2351 4856 2550 4914 prater
2600 4852 2902 4901 Dominum
2965 4853 3262 4911 martyrem
3313 4848 3467 4898 ﬁeri.
3508 4867 3541 4897 »
3610 4853 3682 4902 In
3741 4855 4052 4905 Beccensi:

2350 4939 2379 4976 (ς
2411 4922 2522 4971 Nec
2564 4926 2783 4984 propter
2833 4921 3133 4970 Dominum
3176 4919 3452 4982 martyria
3499 4922 3665 4973 ﬁeri.
3702 4943 3736 4971 »
3772 4927 3860 4976 lta
3893 4928 4059 4976 etiam

2351 4993 2462 5042 fere
2501 4991 2872 5043 Caruotensis.

2414 5065 2510 5126 (6t)
2541 5064 2848 5113 Honoratis.
2883 5060 3073 5111 Codex
3099 5061 3726 5130 Gratianopolitanus,
3759 5068 4060 5119 honeratis.

2352 5135 2590 5198 Quidam
2632 5134 2757 5184 libri
2807 5137 3018 5184 veteres
3061 5139 3115 5183 et
3156 5132 3424 5197 quadam
3484 5137 3806 5190 editiones
3853 5140 4061 5190 habent

2350 5209 2634 5256 coronatis.

2412 5278 2509 5339 (65)
2540 5277 2769 5326 ditatem
2808 5278 3068 5325 nostram.
3119 5275 3199 5322 Ita
3239 5285 3342 5322 nos
3411 5281 3832 5341 reposuimus
3886 5281 4064 5334 secuti

2350 5349 2734 5398 auctoritatem
2783 5349 3032 5395 veterum
3089 5345 3407 5395 editionum
3473 5354 3542 5400 et
3599 5357 3744 5402 octo
3805 5361 4064 5404 veterum

2349 5418 2768 5490 exemplarium.
2814 5416 3124 5467 Fatendum
3162 5421 3350 5490 tamen
3403 5423 3510 5468 est
3567 5421 3907 5475 lectionem
3940 5436 4064 5490 qua

2350 5489 2515 5540 habet
2543 5495 2691 5539 atate
2722 5495 2903 5539 nostra
2938 5492 3154 5538 exstare
3202 5488 3378 5538 etiam
3441 5491 3509 5540 in
3566 5499 3717 5546 octo
3769 5488 4066 5549 codicibus

2350 5561 2610 5622 antiquis.

2411 5631 2473 5705 In
2504 5632 2657 5681 calce
2706 5631 2876 5705 hujus
2915 5629 3161 5705 epistola
3207 5635 3261 5680 et
3297 5630 3362 5705 in
3421 5635 3609 5690 calce
3664 5640 3940 5705 epistola
3983 5640 4064 5703 34,

2348 5702 2616 5765 scriptum
2637 5705 2719 5751 est
2756 5703 3062 5765 antiquitus
3111 5703 3167 5752 in
3213 5701 3429 5756 codice
3479 5701 3724 5764 Pithcei
3755 5729 3767 5763 :
3801 5731 3832 5760 α
3858 5701 4065 5766 Εωθηὲ

2349 5773 2501 5825 davit
2527 5774 2782 5824 Justinus
2805 5775 3013 5826 Roma.
3043 5793 3073 5822 »
