4160 6216
253 229 331 281 297

1593 237 1917 293 EPISTOLA
1956 240 2131 296 XXVI.

3454 255 3558 307 298

250 347 515 398 coronatos.
562 344 706 415 Opto
769 360 863 401 vos
911 347 980 413 ⁷ο,
1034 347 1351 419 fortissimi,
1405 368 1469 407 ac
1521 354 1831 409 beatissimi
1866 394 1898 436 Α
1933 356 2182 411 tenebris
2210 359 2446 413 candida
2474 360 2573 415 lux
2598 366 2652 416 et
2677 363 2964 436 refulgens
2996 367 3064 422 ⁷⁸.
3096 368 3173 422 Ita
3204 368 3326 424 illas
3358 371 3553 429 animo

243 438 426 502 fratres,
454 453 672 508 semper
696 439 843 495 bene
863 441 1049 496 valere
1080 448 1135 497 et
1158 446 1336 499 nostri
1371 448 1729 503 meminisse.

558 544 748 619 290
780 548 1099 604 EPISTULA
1137 552 1286 606 xxvr
1329 555 1460 624 (66).

238 645 369 707 (Palm
393 681 407 706 ,
428 644 626 709 Rigalt,
658 648 850 711 Baluz.,
879 662 1033 712 xxvr;
1069 652 1248 787 l)’aris.,
1279 667 1414 719 xxv;
1449 658 1595 707 Oxon
1624 695 1637 719 ,
1664 659 1824 723 l.ips.,

930 734 1073 773 XXXI.

930 734 1073 773 XXXI.

236 830 427 885 MOYSES,
469 833 727 885 MAXIMUS,
778 836 1153 892 NICOSTRATUS,
1191 843 1253 881 ΕΤ
1304 844 1408 882 ALII
1460 844 1827 886 CONFESSORES

507 914 845 955 RESPONDENT
884 918 1217 961 PRECEDENTI
1260 924 1538 965 EPISTOLE.

233 1005 590 1060 Aaccusxruu.
634 1037 703 1047 —
747 1008 960 1065 Solatia
1007 1028 1128 1081 qua:
1179 1030 1245 1069 ea:
1292 1017 1579 1086 Cyprianis
1633 1019 1827 1075 litteris

285 1101 614 1161 perceperant
656 1099 889 1153 Romani
927 1102 1268 1167 confessores,
1311 1108 1460 1173 grati
1500 1113 1821 1175 agnoscunt.

282 1210 341 1220 —
381 1184 701 1253 Martyrium
744 1203 853 1242 non
892 1204 1073 1257 paena,
1125 1193 1217 1246 sed
1257 1195 1513 1259 felicitas.
1542 1226 1611 1234 —
1664 1198 1824 1253 Voces

284 1273 587 1339 evangelicae
626 1277 774 1340 faces
816 1278 891 1330 ad
934 1280 1380 1347 inﬂammandam
1417 1284 1595 1352 ﬁdem.
1642 1314 1711 1324 —
1760 1288 1823 1339 In

281 1360 535 1429 lapsorum
563 1379 731 1419 causa
760 1364 1026 1435 Cypriani
1052 1374 1329 1426 sententia:
1357 1374 1647 1429 acceditur.

277 1468 312 1521 l.
338 1468 549 1524 Caecilio
574 1473 861 1543 Cypriano
894 1475 1026 1545 (67),
1066 1479 1331 1551 episcopo
1381 1483 1639 1538 Ecclesia:
1684 1485 1817 1540 Car-

220 1558 649 1633 thaginensium,
701 1567 911 1638 Moyses
963 1575 1019 1624 et
1066 1571 1339 1628 Maximus
1395 1575 1711 1647 presbyteri
1764 1584 1820 1633 et

218 1652 529 1709 Nicostratus
567 1661 622 1712 et
670 1660 904 1716 Ruﬁnus
946 1663 1170 1720 diaconi
1219 1670 1277 1722 et
1315 1668 1501 1723 caeteri
1530 1671 1814 1726 confesso-

1934 449 2156 506 sitiente
2197 453 2548 523 perbibimus
2577 460 2633 509 et
2677 462 2802 512 voto
2853 461 3134 517 esuriente
3176 465 3550 537 suscepimus,

1930 548 1995 597 ut
2036 545 2105 599 ad
2149 549 2441 601 certamen
2488 549 2701 604 inimici
2731 553 2775 585 ⁷⁷
2826 569 2894 607 ex
2920 554 3029 607 illis
3059 572 3161 610 nos
3200 558 3332 612 satis
3360 563 3551 629 pastos

1929 640 1986 691 et
2009 639 2296 708 saginatos
2342 642 2449 710 (68)
2484 643 2854 713 gaudeamus.
2901 647 3115 702 Reddet
3137 650 3238 703 tibi
3280 652 3554 708 Dominus

1928 748 2032 804 pro
2083 732 2189 787 ista
2239 733 2419 806 291
2480 738 2576 790 tua
2607 738 2876 793 cliaritate
2917 742 3259 811 mercedem,
3293 750 3348 800 et
3376 746 3550 817 hujus

1926 830 2043 880 tam
2073 826 2209 881 boni
2231 829 2419 898 operis
2446 831 2877 900 reprazsentabit
2895 832 3139 889 debitam
3158 836 3406 908 frugem.
3431 842 3549 895 Non

1926 919 2116 974 minus
2145 920 2299 975 enim
2331 938 2559 978 coronae
2580 926 2842 980 mercede
2869 928 3186 999 condignus
3204 938 3287 985 est
3312 932 3406 1003 qui
3428 934 3550 989 hor-

1927 1016 2075 1068 tatus
2106 1018 2192 1068 est
2217 1032 2391 1087 quam
2423 1018 2519 1087 qui
2549 1024 2605 1073 et
2649 1036 2846 1089 passus
2876 1027 2978 1088 est,
3004 1038 3120 1076 non
3158 1026 3348 1079 minus
3385 1028 3549 1082 laude

1926 1108 2247 1179 condignus
2273 1110 2371 1179 qui
2399 1110 2591 1165 docuit
2610 1122 2788 1183 quam
2823 1114 2920 1185 qui
2948 1118 3002 1169 et
3029 1116 3184 1171 fecit.
3218 1119 3336 1172 Non
3364 1122 3550 1176 minus

1923 1196 2291 1251 honorandus
2336 1203 2420 1253 est
2467 1200 2560 1271 qui
2612 1203 2837 1256 monuit
2885 1220 3056 1274 quam
3104 1206 3200 1276 qui
3242 1207 3549 1275 dimicavit,

1922 1289 2028 1344 nisi
2045 1291 2312 1360 quoniam
2332 1308 2739 1365 nonnunquam
2758 1295 2942 1366 magis
2963 1298 3157 1367 gloriae
3178 1303 3437 1356 cumulus
3459 1320 3551 1356 re-

1924 1382 2142 1438 dundat
2165 1385 2235 1439 ad
2255 1402 2385 1440 eum
2402 1388 2499 1457 qui
2520 1387 2766 1443 instituit
2785 1406 2955 1460 quam
2979 1393 3044 1445 ad
3067 1408 3199 1447 eum
3217 1396 3315 1464 qui
3330 1412 3387 1450 se
3407 1397 3551 1452 doci-

1920 1476 2095 1531 bilem
2125 1478 2468 1549 discipulum
2494 1480 2958 1537 subministravit.
2988 1485 3083 1538 llic
3117 1486 3267 1540 enim
3299 1488 3549 1544 fortassis

1919 1569 2030 1624 hoc
2061 1572 2216 1642 quod
2244 1574 2632 1628 exercuitnon
2655 1574 2963 1645 habuisset,
2983 1578 3087 1631 nisi
3118 1579 3208 1634 ille
3243 1580 3545 1639 docuisset.

1990 1666 2052 1719 ll.
2117 1666 2482 1737 Percepimus
2532 1668 2739 1738 igitur,
2788 1668 2994 1724 iterum
3048 1671 3318 1742 dicimus,
3370 1675 3549 1732 frater

217 1747 363 1801 resin
402 1750 511 1804 fide
548 1752 801 1807 veritatis
840 1763 1282 1827 perseverantes,
1314 1760 1371 1815 in
1419 1763 1529 1818 Deo
1566 1765 1730 1819 Patre
1769 1764 1900 1835 etB
1924 1756 2227 1828 Cypriane:
2276 1776 2483 1830 magna
2540 1762 2763 1832 φαείίῶ
2820 1780 3027 1833 magna
3078 1766 3290 1834 50mm:
3338 1786 3548 1840 magna

217 1838 261 1893 in
313 1841 437 1896 Filio
493 1845 617 1914 ejus
666 1848 792 1901 Jesu
840 1850 1061 1905 Christo
1110 1852 1345 1909 Domino
1394 1859 1590 1911 nostro
1648 1861 1702 1911 et
1760 1858 1817 1912 in

216 1932 394 2004 Spiritu
422 1942 622 1993 sancto
654 1940 918 1998 salutem.
952 1946 1101 2000 Inter
1135 1948 1324 2003 varios
1363 1955 1418 2005 et
1456 1949 1815 2021 multiplices,

214 2027 381 2096 frater,
409 2029 629 2087 dolores
661 2033 823 2088 nobis
860 2039 1177 2094 constitutis
1219 2047 1458 2113 propter
1504 2048 1814 2113 przesentes

210 2119 492 2176 multorum
524 2124 767 2180 fratrum
786 2128 828 2162 ⁷¹
860 2144 963 2199 per
991 2134 1173 2187 totum
1197 2150 1341 2205 pene
1370 2135 1568 2190 orbem
1593 2137 1814 2207 ruinas,

209 2211 297 2267 hoc
334 2217 688 2288 praecipuum
734 2221 898 2275 nobis
953 2223 1218 2281 solatium
1266 2230 1610 2299 supervenit,
1664 2231 1817 2301 quod

208 2309 415 2379 acceptis
466 2311 674 2366 litteris
730 2314 840 2369 tuis
894 2319 1070 2372 erecti
1109 2337 1304 2376 sumus
1334 2323 1417 2393 79,
1465 2328 1519 2377 et
1570 2324 1815 2379 dolentis

207 2401 353 2456 animi
382 2405 723 2461 mmroribus
752 2408 1004 2465 fomenta
1032 2413 1079 2446 ⁷³
1122 2416 1496 2486 suscepimus.
1529 2416 1689 2472 Unde
1720 2418 1807 2471 in-

207 2493 428 2566 telligere
467 2499 596 2568 jam
637 2517 935 2571 possumus
983 2507 1223 2576 gratiam
1262 2509 1465 2564 divinae
1508 2511 1815 2580 providen-

204 2587 276 2641 tia:
316 2590 556 2646 forsitan
620 2610 737 2649 non
790 2596 861 2650 ob
916 2598 1084 2653 aliam
1125 2617 1351 2656 causam
1400 2620 1502 2657 nos
1552 2609 1669 2658 tam
1719 2604 1816 2659 diu

204 2681 385 2737 clausos
414 2686 658 2740 vinculis
684 2690 927 2743 carceris
956 2708 1247 2749 reservare
1292 2696 1549 2765 voluisse,
1585 2698 1694 2751 nisi
1729 2701 1809 2763 ut,

201 2780 427 2847 instructi
456 2781 505 2814 π
559 2786 612 2835 et
659 2781 945 2838 robustius
991 2786 1224 2841 animati
1270 2788 1471 2843 litteris
1521 2790 1654 2859 tuis,
1689 2798 1820 2845 voto

198 2871 435 2936 proniore
479 2874 555 2928 ad
602 2891 871 2931 coronam
902 2877 1244 2935 destinatam
1285 2899 1576 2951 possemus
1617 2900 1816 2954 perve-

198 2962 317 3018 nire.
346 2966 662 3022 Illuxerunt
690 2970 847 3024 enim
881 2970 1043 3026 nobis
1070 2974 1272 3029 litterae
1314 2979 1422 3030 tuae
1463 2980 1527 3031 ut
1562 2978 1619 3031 in
1667 2983 1812 3033 tem-

197 3062 380 3123 pestate
424 3061 473 3094 ⁷⁵
535 3062 783 3132 quadam
835 3066 1137 3135 serenitas,
1190 3071 1249 3122 et
1289 3070 1347 3123 in
1394 3070 1621 3125 turbido
1666 3072 1808 3126 mari

1920 1852 2193 1919 fomenta,
2224 1854 2467 1907 maxime
2498 1854 2649 1924 quod
2683 1860 2740 1909 et
2766 1856 3037 1925 gloriosas
3065 1863 3403 1930 martyrum,
3435 1880 3547 1918 non

1921 1944 2105 1999 dicam
2136 1951 2368 2013 mortes,
2404 1948 2497 2001 sed
2528 1946 2985 2004 immortalitates
3022 1952 3280 2021 gloriosis
3315 1959 3371 2008 et
3415 1973 3545 2011 con-

1921 2037 2110 2109 dignis
2138 2038 2405 2093 laudibus
2438 2045 2771 2111 prosecutus
2806 2059 2880 2097 es.
2912 2045 3074 2099 Tales
3116 2047 3266 2101 enim
3294 2064 3549 2106 excessus

1919 2131 2122 2185 talibus
2163 2132 2387 2186 vocibus
2438 2136 2819 2205 prosequendi
2872 2138 2981 2205 (69)
3029 2138 3278 2208 fuerunt,
3318 2148 3381 2198 ut
3422 2160 3548 2215 qua:

1919 2225 2315 2280 referebantur
2352 2226 2431 2279 sic
2476 2227 2806 2283 dicerentur
2842 2232 3088 2301 qualiter
3115 2233 3261 2289 facta
3290 2243 3440 2292 sunt.
3471 2239 3547 2293 Ex

1919 2318 2033 2373 tuis
2060 2335 2198 2390 ergo
2230 2319 2429 2374 litteris
2478 2320 2721 2375 vidimus
2750 2322 3028 2393 gloriosos
3058 2325 3185 2382 illos
3228 2336 3547 2401 martyrum

1920 2411 2263 2482 triumphos,
2293 2416 2351 2467 et
2382 2413 2557 2468 oculis
2603 2417 2811 2471 nostris
2842 2418 3089 2489 quodam
3128 2421 3300 2476 modo
3343 2425 3547 2479 caelum

1921 2505 2045 2559 illos
2076 2511 2333 2576 petentes
2365 2510 2652 2578 prosecuti
2683 2526 2897 2580 sumus,
2936 2517 2991 2567 et
3032 2514 3182 2570 inter
3207 2519 3456 2588 Angelos
3486 2536 3549 2573 ac

1921 2599 2230 2654 Potestates
2286 2601 2832 2675 Dominationesque
2895 2607 3149 2663 ccelestes
3211 2613 3550 2669 constitutos

1921 2695 2289 2764 contemplati
2321 2696 2367 2727 τε
2412 2712 2629 2750 sumus.
2674 2698 2779 2752 Sed
2820 2704 2875 2753 et
2911 2701 3220 2758 Dominum
3251 2706 3398 2775 apud
3447 2708 3545 2760 Pa-

1922 2788 2064 2841 trem
2094 2787 2485 2843 testimonium
2518 2807 2682 2844 suum
2712 2792 2817 2845 illis
2866 2796 3205 2863 promissum
3243 2800 3547 2869 perhiben-

1920 2885 2036 2933 tem
2081 2880 2193 2951 (70)
2240 2882 2285 2914 ⁷⁹
2328 2882 2560 2936 auribus
2613 2886 2817 2939 nostris
2862 2888 3111 2957 quodam
3148 2892 3322 2947 modo
3371 2897 3545 2950 sensi-

1921 2990 2046 3027 mus
2074 2976 2141 3029 ⁸ο.
2178 2976 2289 3029 Hoc
2322 2981 2406 3030 est
2432 2993 2571 3047 ergo
2602 2979 2749 3049 quod
2784 2984 2838 3034 et
2862 2981 3025 3035 nobis
3051 2984 3309 3040 animum
3337 2987 3393 3056 in
3426 2988 3548 3045 dies

1922 3068 2110 3139 erigit,
2146 3073 2201 3123 et
2228 3069 2295 3123 ad
2327 3073 2752 3142 consequendos
2771 3075 2980 3145 gradus
3007 3081 3176 3133 tantae
3202 3079 3547 3151 dignationis

195 3156 427 3221 exoptata
475 3157 881 3227 tranquillitas,
916 3164 973 3214 et
1016 3160 1075 3214 in
1120 3132 1411 3218 laboribus
1456 3166 1709 3236 requies,
1745 3132 2159 3221 utCincendit
2193 3164 2260 3217 3‘.

194 3241 241 3294 in
266 3246 523 3313 periculis
564 3255 621 3304 et
657 3251 946 3307 doloribus
992 3256 1221 3323 sanitas,
1258 3264 1319 3313 ut
1355 3259 1411 3312 in
1460 3258 1809 3314 densissimis

1982 3258 2066 3310 lll.
2096 3256 2239 3320 Quid
2272 3258 2430 3312 enim
2476 3260 2798 3332 gloriosius,
2832 3263 3038 3334 quidve
3064 3265 3281 3322 felicius
3311 3270 3407 3324 ulli
3438 3270 3537 3326 hoc

1535 3412 1744 3477 Variae
1816 3412 2159 3476 lectiones.

241 3550 273 3581 7*
313 3554 534 3607 Desunt
580 3558 794 3624 reliqua
838 3563 895 3611 in
951 3562 1099 3612 Corb.

188 3618 245 3668 Et
282 3629 510 3677 recreati
555 3629 670 3678 Ben.

190 3687 227 3721 ⁷⁵
261 3691 455 3747 Exorta
524 3700 643 3749 Bod.
690 3702 737 3751 2.
786 3704 903 3753 Ben.
948 3706 1086 3755 Lam.
1137 3707 1286 3758 Ebor.
1344 3687 1554 3760 ΝΟ(

188 3760 291 3810 Bod.
329 3765 373 3813 Ξ.
425 3768 583 3818 Ebor.

190 3831 305 3879 nm.
344 3836 494 3886 Ebur.
540 3839 649 3888 ΝΟ.
691 3843 736 3890 l.
769 3831 895 3892 Ben.

186 3903 253 3952 dit
275 3908 420 3969 lmpr.

1188 3564 1232 3646 7"
1263 3566 1514 3650 Fratrum
1558 3570 1760 3650 omittit
1806 3569 1961 3650 Oxon:
2053 3565 2092 3599 ⁷²

766 3630 805 3664 ⁷³
839 3633 1076 3684 Dolendi
1124 3636 1325 3686 animae
1377 3638 1589 3689 roboris
1635 3640 1878 3690 fomenta
1924 3641 2067 3688 Lam.
2125 3639 2238 3687 Lin.
2292 3639 2401 3688 ΝΟ.
2453 3641 2496 3688 1.
2548 3639 2671 3687 Bod.
2724 3639 2771 3689 2.

786 3704 903 3753 Ben.
948 3706 1086 3755 Lam.
1137 3707 1286 3758 Ebor.
1344 3709 1451 3758 ΝΟ.
1509 3712 1554 3760 1.
1654 3708 1696 3743 ⁷⁵
1740 3711 1859 3760 Lux
1910 3708 2191 3770 refulgens
2240 3710 2358 3757 Ben.
2411 3709 2533 3758 Bod.
2589 3710 2637 3760 2.
2728 3708 2769 3742 ⁷⁷

675 3746 914 3834 ῖῖοἶιὶέέί
948 3746 1313 3841 ἓόᾙίθιέᾖῑὲίι
1344 3746 1659 3830 nemo.
1717 3746 2650 3841 ιῗ“ἕδοὲῗ““ἤὲηἶ“ἲςοῖἇῗ”ὶ,”έ.“”νιῖἱ.
2707 3746 3037 3831 ναῗτῖυἱέω.

986 3844 1027 3877 ⁸ο
1053 3846 1323 3898 Similiter
1361 3850 1638 3900 sensimus
1680 3851 1805 3901 Bod.
1845 3853 1891 3899 2.
1937 3853 2076 3901 Lam.
2118 3852 2277 3903 Ebor.
2329 3849 2437 3899 ΝΟ.
2479 3853 2525 3900 1.
2572 3851 2692 3899 Ben.

2053 3565 2092 3599 ⁷²
2131 3566 2202 3617 Et
2253 3568 2597 3619 rectissimus
2653 3571 2775 3621 Bod.
2818 3572 2865 3620 2.
2916 3572 3053 3620 Lam.
3110 3572 3263 3625 Ebor.
3316 3576 3425 3626 ΝΟ.
3486 3580 3503 3629 l

2132 3639 2219 3673 Ι.ιή
2299 3639 2385 3673 NP
2453 3641 2471 3673 Ι
2553 3639 2655 3673 ΩηΑ
2724 3639 2754 3673 9
2871 3640 2912 3673 74
2953 3643 3280 3673 ῐτιοθν-ιιηιειη,
3342 3648 3503 3673 11..-...

2728 3643 2771 3689 2.
2871 3643 2912 3673 ⁷⁴
2953 3643 3283 3693 Instructius
3332 3648 3531 3698 Manut.

2728 3708 2769 3742 ⁷⁷
2813 3710 3107 3762 Certamen
3166 3717 3334 3765 animi
3388 3718 3527 3767 Lam.

2728 3781 2789 3816 ῙρΙ
2852 3784 3016 3816 {annm
3123 3782 3163 3816 79
3187 3784 3524 3816 Dnddnnlnm

2789 3816 2810 3829 ν.
2852 3784 3037 3831 innom.
3123 3784 3528 3839 7"Reddentem

2789 3848 2827 3883 εί
2858 3852 3129 3903 Accendit
3180 3856 3297 3905 Ben.
3344 3858 3525 3909 inten-

1471 4030 1692 4113 Steph.
1741 4031 1982 4096 Baluzii
2028 4038 2228 4097 notas.

233 4158 331 4239 t66)_
373 4159 437 4208 In
485 4164 870 4239 vetustissimo
921 4168 1113 4220 codice
1161 4171 1349 4224 Sancti
1398 4173 1633 4239 Remigii
1688 4176 1789 4226 Re-

183 4232 363 4312 meusis
387 4235 657 4297 scriptum
701 4241 784 4286 est
826 4242 1133 4305 antiquitus
1178 4246 1234 4293 in
1282 4247 1441 4296 titulo
1480 4232 1640 4298 istius
1665 4249 1788 4312 epi-

180 4300 359 4379 stolas:
399 4323 427 4349 ‹‹
485 4306 687 4370 Incipit
746 4300 1067 4375 rescriptum
1127 4316 1296 4379 Mysei
1343 4322 1396 4368 et
1438 4318 1661 4368 Maximi
1698 4300 1787 4369 ‘ad

182 4367 519 4442 Cyprianum,
579 4367 747 4442 quam
800 4367 1028 4434 dictavit
1078 4367 1787 4441 Novatianus.»ﬂlnmGra-r

182 4440 557 4524 tian0politano
584 4440 807 4513 Myseus
831 4467 978 4519 saepe
1016 4456 1220 4507 dicitur
1259 4474 1427 4523 quem
1475 4462 1639 4524 vulgo
1664 4440 1785 4510 γνο-

179 4503 670 4593 cerati-subioysern.
734 4524 792 4572 In
852 4503 1238 4593 Martyrologio
1263 4503 1436 4581 1e—dvit-o
1484 4503 1864 4582 {Floréa-D

180 4582 294 4666 tinio
352 4582 767 4666 lSJFe‘bruarii,
821 4613 850 4641 α
900 4582 1327 4652 ΟἰᾶἰῐθῑθνΑεὶω
1382 4602 1608 4666 Moysei.
1654 4623 1681 4650 »
1724 4604 1784 4652 In

176 4652 479 4737 fragmentis
524 4652 765 4737 Paciani,
797 4666 853 4715 in
905 4670 1097 4720 codice
1142 4671 1308 4730 Flori,
1359 4652 1560 4737 legitur
1604 4675 1659 4722 in
1687 4689 1785 4737 pa-

178 4730 349 4778 renesi
398 4732 468 4780 ad
521 4735 923 4800 pcenitentiam,
955 4757 983 4785 «
1032 4741 1195 4805 Apud
1243 4730 1490 4793 Moseifm
1532 4748 1586 4794 et
1630 4730 1783 4796 vete-

179 4811 267 4882 fes,
300 4820 326 4845 »
352 4809 405 4882 et
450 4808 622 4882 paulo
665 4814 790 4872 post
836 4826 849 4859 :
901 4829 928 4858 α
957 4814 1243 4879 Moyseum
1288 4831 1386 4880 pro
1430 4818 1783 4882 blasphema-

174 4873 286 4953 tore.
318 4892 345 4919 θ
373 4876 975 4953 In‘initioponﬂictus
1026 4873 1255 4937 Arnobii
1288 4873 1431 4939 .cum
1481 4873 1784 4953 Serapione

173 4938 351 5010 legitur
411 4948 606 4998 Moseo.
651 4950 793 5003 Vide
871 4954 1253 5008 Praefationem
1316 4938 1420 5008 viri

173 5008 342 5090 domni
373 5017 645 5090 Bernardi
697 5021 765 5072 de
823 5024 1242 5087 Montefalcone,
1290 5030 1361 5080 ad
1420 5008 1779 5090 Athanasium,

218 5298 301 5360 t6?)
335 5300 886 5376 Caecilio_Cypriano.
945 5310 1102 5362 Hanc
1155 5312 1575 5376 inscriptionem
1626 5328 1778 5365 acce-

166 5367 328 5448 pimus
371 5384 441 5420 ex
492 5373 683 5423 eodem
722 5377 915 5429 codice
956 5384 1131 5431 sancti
1182 5367 1431 5448 Remigii.
1482 5386 1620 5434 Eam
1653 5400 1779 5436 vero

165 5437 222 5519 ob
253 5453 369 5490 eam
428 5444 488 5492 in
542 5447 732 5507 primis
770 5461 993 5500 causam
1032 5437 1374 5515 posuimus:
1400 5457 1549 5519 quod
1594 5470 1662 5507 ex
1715 5470 1780 5506 ea

166 5506 692 5590 discamusformam
721 5520 997 5571 scribendi
1032 5506 1251 5574 illorum
1283 5506 1612 5590 temporum.
1643 5529 1778 5578 Nam

164 5574 294 5663 ξλέιξξῖ
355 5584 529 5663 dubie
584 5588 847 5663 inscripta
900 5592 1003 5642 fuit
1046 5574 1616 5658 epistolaeo‘
1643 5574 1781 5663 'q'ifci

164 5648 344 5712 legitur
365 5656 421 5703 in
454 5657 548 5706 illo
579 5648 929 5712 veteri-libro.

221 5723 319 5805 ($8)-
361 5726 554 5778 Pastas
599 5735 645 5805 et
691 5733 991 5805 saginatas.
1045 5735 1217 5802 Supra
1296 5740 1353 5789 in
1416 5740 1662 5805 Epistola
1714 5740 1782 5789 ad

161 5789 431 5858 Donatum,
458 5811 579 5862 pag.
620 5802 650 5850 3
680 5789 800 5864 (col.
859 5806 964 5870 192)
1006 5822 1018 5855 :
1061 5826 1089 5853 «
1119 5789 1387 5875 impletur
1544 5789 1779 5864 succum

472 5886 745 5957 Punoc.
790 5894 896 5963 ιν.

1888 4176 2027 4227 cibis
2078 4175 2396 4225 fortioribus
2440 4187 2660 4238 corpus,
2722 4176 2785 4223 ut
2847 4176 3133 4237 saginatus
3188 4177 3244 4226 in
3295 4189 3517 4243 pmnam

1888 4247 2070 4296 carius
2102 4251 2303 4309 pereat.
2342 4262 2370 4292 »
2412 4245 2529 4294 Mos
2559 4245 2691 4293 olim
2721 4248 2854 4305 erat,
2905 4250 2968 4295 ut
3012 4251 3237 4297 annotat
3288 4250 3517 4301 Holste—

1887 4330 2012 4366 mus
2062 4316 2128 4365 ad
2171 4318 2299 4366 Acta
2344 4321 2649 4366 sanctarum
2700 4316 2966 4379 Perpetua?
3002 4324 3049 4367 et
3090 4320 3384 4384 Felicitatis,
3421 4337 3516 4375 eos

1889 4389 1984 4451 qui
2014 4388 2105 4439 vel
2136 4400 2313 4451 pmnse
2344 4400 2510 4437 causa
2540 4385 2607 4435 ad
2632 4386 3018 4449 gladiatorium
3051 4391 3138 4440 vel
3171 4398 3512 4446 venatorium

1889 4459 2079 4508 ludum
2107 4460 2216 4508 dati
2244 4464 2448 4519 essent,
2478 4462 2573 4507 aut
2603 4463 2797 4521 sponte
2836 4473 2893 4508 se
2934 4461 3129 4510 iisdem
3171 4464 3511 4527 addicerent,

1887 4531 2124 4593 saginari
2154 4531 2305 4593 prius
2335 4545 2366 4579 a
2403 4531 2678 4594 magistris
2725 4529 2859 4590 ludi,
2902 4535 2963 4579 ut
2998 4531 3296 4585 habiliores
3326 4551 3391 4587 ac
3418 4553 3514 4587 va-

1885 4602 2147 4652 lentiores
2198 4601 2651 4665 producerentur.
2700 4601 2863 4663 Apud
2914 4602 2973 4649 T.
3026 4603 3261 4664 Livium,
3311 4607 3405 4656 lib.
3454 4622 3509 4667 v,

1886 4675 2151 4738 scriptum
2182 4677 2261 4724 est
2289 4673 2539 4735 saginare
2570 4671 2787 4733 plebem
2827 4673 3118 4733 populares
3166 4689 3296 4724 suos
3326 4681 3383 4726 ut
3412 4681 3510 4741 ju-

1885 4746 2163 4808 gulentur.
2192 4746 2414 4794 Tacitus
2452 4744 2507 4792 in
2558 4742 2697 4791 libro
2749 4756 2783 4790 ιι
2815 4743 3170 4791 Historiarum
3204 4760 3220 4792 :
3245 4762 3271 4790 «
3298 4747 3379 4796 Ibi
3407 4751 3509 4797 mi-

1884 4816 2074 4866 litibus
2124 4816 2380 4865 Vitellius
2432 4818 2651 4876 paratos
2693 4813 2846 4863 cibos
2898 4818 2952 4862 et
2998 4813 3374 4877 gladiatoriam
3420 4833 3509 4869 sa-

1885 4887 2067 4949 ginam
2096 4886 2389 4936 dividebat.
2425 4904 2449 4930 »
2490 4885 2863 4947 Hieronymus
2898 4885 2953 4932 in
3000 4884 3141 4935 libro
3185 4900 3221 4936 Π
3260 4890 3510 4942 adversus

1882 4959 2223 5007 Joviniamtm
2247 4972 2264 5006 :
2295 4975 2322 5001 «
2349 4955 2616 5017 Athletas,
2658 4968 2895 5019 quorum
2942 4956 3052 5005 vita
3101 4961 3153 5007 et
3191 4973 3277 5008 ars
3319 4963 3509 5025 sagina

1884 5033 2042 5078 est.»
2071 5029 2135 5090 Q.
2184 5028 2427 5086 Curtius,
2474 5026 2570 5076 lib.
2615 5039 2677 5075 Ix
2734 5040 2744 5074 :
2782 5027 3102 5077 «Intererat
3148 5031 3326 5093 epulis
3375 5034 3509 5082 Dio-

1883 5101 2078 5161 nysius
2131 5099 2507 5159 Atheniensis,
2556 5097 2709 5160 pugil
2772 5098 2992 5157 nobilis,
3033 5103 3087 5148 et
3127 5101 3199 5150 ob
3246 5103 3509 5155 eximiam

1882 5172 2144 5219 virtutem
2175 5171 2373 5219 virium
2428 5184 2458 5218 a
2506 5181 2632 5232 rege
2666 5173 2952 5232 promotus
3000 5174 3054 5219 et
3092 5177 3295 5233 gratus.
3331 5174 3508 5227 Invidi

1882 5241 2221 5305 malignique
2250 5240 2614 5303 increpabant
2643 5253 2741 5303 per
2765 5240 2904 5289 seria
2953 5244 3007 5289 et
3048 5242 3241 5292 ludum
3273 5248 3508 5309 saginati

1882 5313 2128 5375 corporis
2152 5314 2311 5375 sequi
2341 5312 2592 5361 inutilem
2635 5310 2894 5360 belluam.
2923 5329 2949 5355 υ
2986 5312 3123 5363 Vide
3162 5314 3509 5379 Cassianum,

1880 5382 1974 5432 lib.
2006 5395 2075 5443 vr,
2104 5397 2221 5445 cap.
2254 5387 2300 5444 7,
2324 5382 2386 5431 de
2412 5383 2667 5433 lnstitutis
2695 5382 3137 5433 renuntiantium.

1943 5455 2045 5517 (69)
2078 5454 2450 5518 Prosequendi.
2488 5454 2565 5503 Ita
2596 5466 2696 5502 nos
2722 5454 3084 5514 restituimus,
3112 5459 3289 5507 secuti
3314 5465 3506 5510 aucto-

1882 5528 2096 5577 ritatem
2134 5527 2335 5575 vetusti
2384 5523 2589 5574 codicis
2629 5524 2955 5588 Remigiani,
2996 5539 3124 5575 cum
3167 5534 3323 5579 antea
3359 5531 3508 5595 lege-

1883 5600 2033 5646 retur
2059 5596 2402 5660 pcrsonandi.
2422 5596 2489 5645 Et
2509 5600 2658 5646 certe
2677 5599 2861 5647 nostra
2888 5597 3053 5647 lectio
3079 5612 3297 5664 semper
3316 5603 3507 5652 melior

1880 5668 2178 5718 apparebit.

1914 5682 2178 5733 pparemt.

1944 5740 2035 5800 (70)
2073 5738 2444 5788 Perhibentcm.
2485 5738 2674 5799 Codex
2710 5740 2981 5791 Fuxensis
3010 5756 3020 5789 :
3050 5759 3077 5785 «
3121 5742 3505 5793 Perhibentem

1880 5814 2047 5877 atque
2074 5810 2410 5861 reddentem.
2438 5828 2464 5858 »

3158 5906 3243 5969 10
