4160 6216
41 43 54 66 I
113 55 126 68 ι

11 93 22 116 1

11 135 18 182 Ι

13 197 16 214 Ι

13 255 18 272 1

11 309 16 340 ι

11 349 18 372 ι

9 401 16 438 1

9 443 14 474 ι

3 603 12 690 ἕ

0 760 1 777 l

21 3221 28 3242 1

11 3287 106 3388 ἐ

11 3381 106 3472 ὶίἐιξ

9 3453 104 3514 im;

5 3515 106 3605 .Iirt

5 3617 104 3694 ἐξ

19 3695 104 3750 iii

7 3921 102 3962 εί...]

3 3953 100 4056 tit

1 4051 100 4116 ii'

0 4167 72 4244 ’ξε

1 4297 100 4438 ξπ

20 4459 72 4502 ᾧ..

7 4491 68 4564 ‘ié.

9 4563 104 4640 lii,

16 4649 109 4702 ἱ..

5 4705 104 4770 ιξὶ

0 4756 50 4795 '1.

0 4773 102 4980 (ς

414 64 417 67 ,
456 40 491 81 [τι
874 74 879 77 Ἴ
1026 84 1033 89 ν
1140 39 1151 81 ¹ν
1672 39 1685 55 ⁵
2010 39 2029 77 ι,
2092 39 2099 55 ¹
2160 56 2195 95 es
2268 70 2277 77 ι
2310 39 2317 55 ¹
2372 39 2377 55 ¹
2506 39 2537 71 ι’.
2608 39 2637 57 -
2716 39 2725 57 ³
2766 39 2805 65 ¹ν¹
2896 39 2907 61 Ι
2936 84 2939 89 Ξ
3150 40 3203 59 --
3294 42 3343 59 ¹¹¹
3442 45 3453 57 ¹
3484 44 3489 56 ¹
3544 47 3549 57 ¹
3606 49 4033 109 ¹¹¹¹⁹¹¹¹¹¹¹⁹δ⁸¹υιιιἻ
3796 74 3885 109 ὴ-τέ
3930 86 3963 93 Ἃ
4046 90 4051 107 ἲ

641 263 745 315 299
1543 265 1601 320 S.
1642 267 1956 324 CYPRIANI
1995 268 2271 326 OPERUM
2309 270 2479 327 PARS
2518 273 2559 326 Ι.
2601 303 2669 312 -
2708 273 3074 341 EPISTOL/E.
3875 286 3967 342 300

645 399 867 455 minum
920 398 1131 469 poterit
1178 413 1247 452 ex
1296 399 1489 453 divina
1536 400 1870 471 dignatione
1919 401 2272 475 contingere,
2297 405 2356 477 Α
2448 396 2534 477 IV:
2581 397 2659 452 Ad
2703 397 2811 451 hoc
2852 398 3007 452 enim
3057 398 3318 469 praelium
3365 397 3526 470 quasi
3574 397 3811 469 quadam
3858 406 3974 462 tuba

644 510 813 565 quam
850 493 998 547 inter
1026 492 1174 562 ipsos
1203 492 1495 547 carniﬁces
1522 493 1581 548 in
1606 494 1724 564 ipso
1750 496 1984 550 interitu
2013 498 2122 566 (71)
2146 514 2277 551 con-

642 586 793 642 ﬁteri
810 585 1115 639 Dominum
1138 585 1336 660 292
1354 588 1552 656 Deum,
1572 599 1744 659 quam
1760 589 1912 644 inter
1924 591 2209 645 saevientia
2226 591 2273 625 89

643 678 930 735 saecularis
989 680 1286 750 potestatis
1330 681 1485 736 varia
1539 686 1597 735 et
1645 683 1926 754 exquisita
1972 686 2272 754 tormenta,

642 774 815 828 etiam
845 775 1063 829 extorto
1105 777 1162 827 et
1200 774 1521 830 excruciato
1552 776 1598 810 ⁸³
1636 779 1692 831 et
1729 776 2122 833 excarniﬁcato
2152 794 2270 833 cor-

639 883 805 938 pore,
830 867 1121 923 Christum
1148 867 1247 922 Dei
1296 868 1518 936 Filium,
1551 871 1652 925 etsi
1692 870 2015 938 recedente,
2049 871 2146 927 sed
2186 877 2271 927 ta-

640 976 774 1015 men
822 960 1001 1015 libero
1052 960 1276 1031 spiritu,
1306 962 1583 1029 conﬁteri,
1615 978 1786 1033 quam
1835 963 2030 1018 relicto
2057 965 2275 1019 mundo

638 1055 847 1109 caelum
876 1053 1125 1125 petiisse,
1160 1071 1328 1125 quam
1361 1055 1595 1109 desertis
1623 1055 1948 1111 hominibus
1983 1057 2132 1112 inter
2157 1061 2273 1112 An-

640 1149 798 1220 gelos
826 1151 998 1215 stare,
1033 1164 1205 1219 quam
1234 1148 1658 1219 impedimentis
1690 1149 1957 1204 omnibus
1986 1151 2268 1205 saeculari-

636 1243 743 1296 bus
770 1241 955 1312 ruptis
983 1241 1041 1295 in
1072 1248 1379 1312 conspectu
1406 1243 1504 1297 Dei
1522 1242 1647 1313 jam
1681 1259 1741 1297 se
1770 1242 2011 1297 liberum
2053 1244 2268 1313 sistere,

636 1351 811 1406 quam
839 1335 1059 1390 caeleste
1090 1350 1338 1405 regnum
1373 1334 1495 1389 sine
1525 1336 1635 1389 ulla
1668 1337 2026 1392 cunctatione
2054 1342 2267 1408 tenere,

635 1445 809 1503 quam
853 1428 1130 1499 collegam
1182 1429 1455 1499 passionis
1504 1445 1633 1484 cum
1680 1429 1907 1485 Christo
1953 1430 2011 1484 in
2063 1430 2271 1486 Christi

637 1521 873 1576 nomine
906 1522 1119 1575 factum
1148 1520 1339 1588 fuisse,
1372 1536 1544 1591 quam
1567 1522 1781 1593 judicis
1808 1523 1895 1577 sui
1922 1524 2113 1578 divina
2139 1524 2267 1595 dig-

633 1614 859 1668 natione
903 1613 1159 1683 judicem
1201 1614 1412 1668 factum
1458 1615 1630 1669 fuisse
1679 1616 1813 1685 (72),
1844 1632 2019 1686 quam
2060 1616 2266 1672 imma-

633 1709 878 1762 culatam
919 1706 1332 1761 conscientiam
1372 1708 1441 1762 de
1490 1708 1845 1763 confessione
1882 1709 2129 1764 nominis
2171 1727 2264 1765 re-

2380 490 2665 561 Evangelii
2694 490 2778 544 sui
2806 508 2910 569 nos
2937 491 3141 546 excitat
3170 491 3441 547 DOminus
3486 493 3681 546 dicens
3708 510 3722 546 :
3752 494 3845 558 Qui
3866 500 3978 566 plus

2375 584 2557 649 diligit
2579 591 2792 654 patrem
2811 591 2907 639 aut
2938 590 3159 639 matrem
3184 601 3349 655 quam
3374 602 3476 649 me,
3510 602 3615 641 non
3646 592 3723 641 est
3756 605 3830 643 me
3864 591 3972 660 dig-

2382 692 2517 741 nus;
2554 683 2604 731 et
2640 680 2737 747 qui
2766 679 2891 747 plus
2922 679 3113 747 diligit
3150 681 3390 733 animum
3418 679 3465 713 ⁸⁸
3496 678 3606 749 (74)
3630 694 3780 735 suam
3832 700 3980 753 quam

2374 785 2473 832 me,
2505 786 2611 824 non
2656 776 2734 825 est
2774 788 2853 825 me
2886 771 3123 840 dignus;
3155 775 3254 841 qui
3282 788 3391 826 non
3422 773 3563 826 tollit
3607 789 3805 830 crucem
3840 793 3979 834 suam

2380 869 2426 917 et
2455 867 2697 934 sequitur
2725 880 2829 933 me,
2857 881 2963 919 non
2995 870 3070 920 est
3096 881 3176 920 me
3206 866 3406 935 dignus
3450 863 3642 939 293
3685 869 3909 936 (Matth,
3932 889 3981 936 ι,

2377 957 2486 1027 37).
2532 960 2597 1012 Et
2632 957 2840 1012 iterum
2874 977 2884 1011 :
2932 961 3084 1014 Beati
3119 962 3214 1028 qui
3246 962 3673 1028 persecutionem
3717 967 3861 1030 passi
3880 967 3985 1031 fue-

2372 1053 2483 1104 rint
2513 1051 2562 1083 ⁸⁷
2593 1058 2822 1121 propter
2858 1052 3177 1119 justitiam;
3219 1055 3462 1122 ipsorum
3502 1055 3643 1107 enim
3672 1060 3745 1108 est
3782 1071 3986 1124 regnum

2374 1145 2644 1199 malorum.
2681 1148 2836 1200 Beati
2871 1148 3019 1200 eritis
3047 1146 3093 1179 ⁸⁸
3126 1162 3247 1200 cum
3296 1162 3387 1201 vos
3421 1149 3689 1216 persecuti
3711 1150 3911 1215 fuerint
3943 1157 3987 1206 et

2372 1239 2495 1293 odio
2555 1238 2843 1294 habuerint
2894 1239 2939 1274 89
3006 1240 3133 1309 (75).
3181 1239 3420 1296 Gaudete
3470 1244 3521 1294 et
3580 1241 3863 1297 emsultate.
3910 1246 3988 1302 Sic

2371 1333 2514 1386 enim
2540 1337 2591 1387 et
2626 1333 2918 1403 prophetas
2960 1335 3234 1401 persecuti
3268 1338 3417 1395 sunt,
3450 1335 3546 1402 qui
3585 1339 3714 1388 ante
3751 1350 3841 1390 vos
3876 1340 3988 1404 fue-

2369 1431 2521 1488 runt,
2567 1431 2753 1495 patres
2787 1440 2968 1481 eorum
3006 1426 3112 1496 (76)
3160 1425 3403 1496 (Matth,
3437 1441 3489 1489 v,
3521 1429 3606 1489 10,
3656 1427 3759 1497 12).
3792 1428 3856 1483 Et
3892 1430 3988 1486 ite-

2372 1534 2497 1572 rum
2533 1534 2547 1572 :
2596 1520 2860 1586 Quoniam
2898 1523 3025 1574 ante
3070 1534 3219 1588 reges
3260 1524 3309 1574 et
3342 1523 3637 1589 potestates
3668 1520 3718 1553 9°
3757 1520 3862 1592 (77)
3896 1528 3995 1578 sta-

2372 1613 2518 1673 bitis,
2544 1616 2597 1666 et
2637 1612 2819 1666 tradet
2855 1613 3034 1679 frater
3070 1615 3303 1680 fratrem
3345 1613 3419 1668 ad
3458 1618 3703 1677 mortem,
3747 1621 3797 1669 et
3842 1622 3993 1687 pater

2368 1707 2579 1774 ﬁlium;
2635 1711 2685 1759 et
2732 1708 2829 1774 qui
2873 1708 3303 1775 perseveraverit
3356 1721 3523 1775 usque
3571 1706 3649 1760 ad
3698 1709 3876 1776 ﬁnem,
3918 1709 3998 1765 hic

633 1805 911 1873 portasse,
944 1816 1114 1871 quam
1143 1801 1410 1854 humanis
1438 1804 1495 1855 et
1517 1802 1801 1873 sacrilegis
1829 1802 2051 1873 legibus
2076 1768 2346 1861 contraB
2368 1768 2571 1854 salvus?
2604 1801 2706 1853 erit
2740 1768 3000 1867 -(Maith.,
3045 1816 3099 1863 x,
3155 1800 3240 1862 18,
3279 1801 3372 1862 21,
3420 1768 3528 1869 22).
3581 1800 3651 1853 Et
3766 1768 4001 1859 Vincenti

631 1894 809 1948 ﬁdem
839 1910 954 1948 non
1003 1893 1283 1960 ohedisse,
1314 1909 1492 1964 quam
1540 1894 1831 1949 veritatem
1876 1911 2004 1950 voce
2046 1896 2274 1967 publica

631 1989 1012 2042 contestatum
1060 1986 1251 2049 fuisse,
1281 2002 1455 2057 quam
1496 1986 1679 2058 ipsam
1726 2004 1854 2058 qum
1890 1987 1960 2043 ab
2006 1989 2272 2045 omnibus

632 2081 922 2133 metuatur
970 2078 1268 2133 moriendo
1308 2083 1554 2134 mortem
1593 2079 1908 2151 subegisse,
1955 2098 2126 2152 quam
2170 2098 2273 2154 per

631 2174 814 2243 ipsam
846 2175 1090 2226 mortem
1140 2171 1630 2227 immortalitatem
1671 2179 2041 2229 consecutum
2077 2176 2267 2244 fuisse,

630 2283 804 2337 quam
835 2265 1101 2319 omnibus
1127 2266 1356 2320 saevitia:
1387 2266 1777 2321 instrumentis
1806 2269 2268 2325 excarniﬁcatum

632 2366 691 2415 et
719 2362 1002 2413 extortum
1034 2361 1080 2392 ⁸⁵
1108 2358 1245 2429 ipsis
1282 2360 1583 2414 tormentis
1627 2364 1911 2415 tormenta
1946 2378 2264 2432 superasse,

630 2459 802 2524 Quam
833 2452 1108 2507 omnibus.
1132 2451 1397 2506 dilaniati
1436 2453 1689 2524 corporis
1735 2454 2022 2508 doloribus
2062 2455 2266 2510 robore

542 2614 543 2617 η
629 2546 807 2600 animi
845 2546 1189 2600 reluctatum
1239 2545 1432 2613 fuisse,
1480 2563 1653 2617 quam
1706 2548 2045 2619 sanguinem
2095 2565 2265 2604 suum

628 2642 1015 2710 proﬂuentem
1067 2655 1182 2692 non
1237 2638 1549 2705 horruisse,
1598 2657 1766 2711 quam
1823 2642 2101 2713 supplicia
2161 2660 2264 2699 sua

625 2740 752 2803 post
779 2732 946 2786 tidem
973 2748 1165 2786 amare
1194 2732 1448 2803 coepisse,
1477 2750 1648 2804 quam
1685 2734 2096 2790 detrimentum
2135 2736 2263 2790 vitae

623 2843 741 2881 suae
768 2829 968 2898 putare
995 2841 1113 2881 non
1140 2826 1322 2880 exisse
1352 2826 1398 2859 ⁸⁵
1430 2827 1543 2896 (73)
1570 2827 1597 2880 ?

2373 1893 2512 1947 dabo
2557 1893 2739 1948 sedere
2788 1907 2949 1963 super
3002 1894 3252 1948 thronum
3279 1908 3475 1956 meum,
3514 1894 3660 1948 sicut
3686 1900 3742 1949 et
3772 1911 3865 1966 ego
3905 1898 4007 1953 vici

2370 1990 2423 2040 et
2461 1986 2578 2041 sedi
2618 2001 2780 2057 super
2832 1987 3083 2041 thronum
3126 1988 3307 2041 Patris
3353 1987 3459 2043 mei
3511 1987 3732 2058 (Apoc,
3775 2004 3856 2057 iu,
3894 1989 4001 2059 21).

2371 2078 2483 2134 Sed
2511 2082 2566 2133 et
2591 2079 2894 2149 Apostolus
2924 2079 2969 2113 ⁹¹
3006 2095 3019 2132 :
3054 2080 3185 2146 Quis
3210 2094 3306 2135 nos
3345 2081 3625 2150 separabit
3666 2098 3706 2135 a
3749 2083 4011 2138 charitate

2372 2171 2621 2227 Christi?
2661 2174 2946 2234 Pressura,
2994 2188 3068 2227 an
3128 2176 3406 2241 angustia,
3451 2189 3525 2229 an
3566 2178 3895 2245 persecutio,
3939 2192 4009 2232 an

2365 2267 2559 2332 fames,
2592 2282 2665 2319 an
2693 2266 2937 2326 auditas.
2970 2282 3044 2320 an
3089 2267 3411 2336 periculum,
3455 2281 3530 2321 an
3566 2268 3796 2335 gladius
3816 2271 3846 2324 ?
3884 2272 4015 2326 sicut

2366 2359 2636 2428 scriptum
2674 2363 2798 2413 est:
2851 2359 2958 2426 Qui
3000 2363 3224 2429 propter
3255 2364 3305 2414 te
3347 2362 3711 2429 inter/icimur
3747 2367 3863 2418 tota
3907 2364 4012 2429 die,

2365 2454 2618 2507 aestimati
2663 2467 2845 2507 sumus
2890 2453 3036 2507 velut
3090 2467 3208 2507 oves
3242 2455 3471 2508 victimae
3516 2453 3660 2525 (78),
3709 2457 3809 2511 sed
3848 2459 3906 2511 in
3951 2460 4017 2512 iis

2364 2547 2610 2600 omnibus
2642 2547 3069 2614 supervincimus
3119 2547 3224 2616 (79)
3276 2562 3379 2617 pro
3422 2562 3480 2603 eo
3521 2551 3625 2617 qui
3678 2564 3781 2604 nos
3826 2550 4019 2606 dilexit

2367 2641 2554 2707 (Rom,
2586 2655 2701 2705 Vill,
2733 2641 2821 2706 35,
2851 2638 2961 2709 37).
3790 2692 3795 2697 .

2435 2734 2495 2787 V.
2512 2734 2637 2786 Haec
2659 2738 2714 2787 et
2732 2732 3064 2803 hujusmodi
3081 2749 3212 2787 cum
3239 2732 3295 2788 in
3321 2734 3634 2804 Evangelia
3667 2735 3882 2792 collata
3902 2753 4022 2808 per-

2359 2828 2618 2898 legamus
2646 2825 2711 2893 θ’,
2743 2829 2800 2879 et
2829 2826 2988 2897 quasi
3016 2826 3171 2881 faces
3198 2827 3477 2898 quasdam
3515 2828 3597 2882 ad
3641 2829 4024 2887 inﬂamman-

2010 2983 2219 3047 Varizn
2246 3062 2251 3066 ἢ
2275 2982 2613 3045 lectiones.

682 3114 725 3149 ⁸³
755 3113 1061 3165 Saevientes
1107 3115 1241 3163 Lam.
1276 3112 1431 3163 Ebor.
1477 3114 1585 3164 ΝΟ.
1618 3119 1663 3165 1.
1730 3116 1773 3152 ⁸⁵
1803 3116 2137 3169 Excruciato
2176 3131 2258 3168 cm

2366 3130 2405 3168 'e
2444 3118 2583 3166 Lam.
2618 3114 2764 3165 Ebor.
2796 3116 2906 3165 N0.
2940 3117 2985 3166 1.
3019 3115 3145 3165 Bod.
3177 3117 3224 3178 1,
3265 3116 3312 3167 2.
3383 3116 3423 3149 ³⁴
3454 3116 3847 3169 Excoriatum
3881 3120 4023 3170 Lam“

623 3187 746 3236 Bod.
775 3191 821 3234 ‘2.
857 3185 1007 3235 Ebor.
1075 3184 1115 3218 33
1147 3186 1368 3236 Vixisse
1417 3188 1528 3235 Vat.
1580 3188 1700 3236 Bod.
1738 3186 1787 3237 2.
1826 3188 2044 3239 Vicisse
2089 3189 2199 3238 Ver.
2234 3189 2351 3237 Ben.
2419 3186 2462 3221 ⁸⁸
2490 3186 2584 3237 Sic
2629 3186 2744 3235 Ben.
2789 3184 2988 3234 omittit
3028 3184 3184 3234 Oxon.
3252 3183 3295 3218 ⁸⁷
3328 3185 3638 3237 Patiuntur
3675 3188 3832 3239 Lam.
3876 3189 4026 3239 Ebor.

621 3257 728 3307 ΝΟ.
763 3259 806 3307 1.
876 3256 918 3290 ⁸⁸
940 3258 1093 3307 Beati
1122 3258 1258 3307 estis
1290 3256 1411 3306 Bod.
1439 3259 1483 3306 1.
1549 3258 1592 3291 3"
1619 3258 1705 3307 Sic
1736 3260 1873 3307 Lam.
1907 3259 2058 3307 Ebor.
2085 3258 2193 3308 ΝΟ.
2225 3259 2245 3308 1

2366 3257 2535 3309 ierint
2560 3256 2717 3306 Oxon.
2786 3254 2828 3284 9°
2847 3252 3117 3305 Prmsides
3148 3253 3276 3308 Bod.
3309 3255 3427 3317 4,2.
3454 3257 3607 3306 Lam.
3640 3259 3807 3309 Ebor.
3840 3260 3951 3310 ΝΟ.
3986 3262 4030 3308 1.

621 3330 661 3360 θ’
690 3330 895 3380 Paulus
920 3330 1058 3379 Lam.
1094 3327 1245 3378 Ebor.
1267 3329 1373 3379 ΝΟ.
1406 3331 1452 3378 1.
1486 3330 1602 3378 Ben.
1672 3330 1713 3361 θ’
1742 3330 2082 3393 Perlegimus
2109 3330 2266 3379 Oxon.

1928 3447 2152 3536 Steph.
2203 3446 2448 3510 Baluzii
2490 3450 2688 3509 notm.

681 3619 778 3698 (71)
826 3619 1051 3706 Ιτζξ⁹ρερ
1093 3618 1345 3706 interitu:
1389 3619 1470 3706 ‘In
1516 3619 1773 3706 jeditione
1822 3620 2114 3706 ‘Manuti‘i,’
2157 3620 2249 3701 cui
2270 3633 2325 3706 ρ
2351 3616 2711 3706 emendandis
2738 3616 3012 3706 Cypriapi'
3030 3616 3294 3706 operibus
3322 3630 3434 3668 non
3449 3630 3687 3706 uti.er
3715 3619 3865 3685 quid
3886 3633 4039 3685 repe~

616 3690 793 3751 prima
822 3689 990 3739 editio
1015 3690 1176 3738 istius
1209 3691 1458 3753 epistolae
1504 3690 1754 3749 debetur,
1786 3695 1841 3740 et
1888 3692 1942 3740 in
1985 3690 2251 3741 editioni-
2275 3688 2325 3706 ν
2352 3691 2528 3739 riatur
2556 3691 2612 3738 in
2646 3688 2861 3738 Grmcis
2907 3692 2963 3738 et
2990 3688 3200 3738 Latinis
3243 3688 3689 3753 exemplaribus
3738 3704 4036 3743 sacrorum

617 3760 722 3808 bus
782 3772 909 3822 qua:
965 3763 1157 3822 postea
1216 3764 1425 3811 secutae
1487 3764 1617 3811 sunt
1678 3763 1879 3826 legitur
1926 3762 2247 3811 interritum.

620 3829 782 3892 Quod
806 3844 934 3880 cum
978 3831 1061 3879 vir
1105 3831 1461 3881 doctissimus
1508 3832 1811 3895 Dionysius
1848 3832 2104 3882 Petavius
2131 3832 2249 3882 exi-

615 3903 863 3951 stimaret
900 3913 1023 3951 esse
1064 3902 1416 3964 mendosum,
1463 3904 1679 3953 censuit
1726 3904 1783 3952 in
1826 3904 1972 3953 notis
2000 3903 2069 3952 ad
2102 3903 2249 3953 The-

617 3972 864 4021 mistium
914 3973 1104 4034 reponi
1153 3972 1356 4023 debere
1419 3975 1557 4023 inter
1616 3974 1768 4023 ictus.
1828 3973 1968 4035 Quae
2026 3976 2248 4036 conjec-

617 4048 737 4092 tura
765 4042 1054 4092 videbatur
1102 4044 1153 4092 ei
1195 4045 1316 4094 loco
1370 4044 1669 4095 admodum
1720 4045 2056 4106 convenire;
2103 4058 2250 4094 eam-

617 4127 725 4177 que
765 4127 867 4176 ego
909 4114 1071 4163 valde
1110 4115 1432 4178 probabam,
1474 4116 1775 4179 praesertim
1819 4128 1949 4165 cum
1994 4128 2058 4165 ea
2114 4128 2248 4166 con-

615 4185 820 4234 ﬁrmari
856 4198 1017 4247 posse
1062 4184 1343 4235 videretur
1380 4187 1706 4236 auctoritate
1757 4187 1923 4236 etiam
1961 4184 2245 4250 Cypriani,

616 4257 712 4318 qui
742 4256 933 4306 scribit
964 4256 1019 4303 in
1070 4257 1299 4319 epistola
1330 4259 1410 4317 54,
1442 4271 1565 4320 pag.
1606 4259 1684 4307 71.
1721 4274 1749 4303 «
1782 4257 1900 4307 Sub
1932 4257 2045 4307 ictu
2094 4270 2248 4307 mor-

617 4330 712 4387 tis;
740 4345 766 4370 »
798 4328 852 4375 in
884 4326 1110 4388 cpistola
1140 4329 1220 4387 63,
1263 4342 1314 4391 p.
1368 4328 1475 4388 H3,
1518 4345 1546 4371 «
1588 4327 1704 4378 Sub
1748 4330 1863 4377 ictu
1897 4329 2189 4390 passionis,
2218 4345 2246 4373 »

614 4401 676 4445 ut
700 4396 844 4459 apud
872 4397 1125 4446 Pontium
1158 4412 1383 4462 quoque
1432 4398 1729 4449 diaconum
1773 4398 1827 4448 in
1872 4399 1999 4449 Vita
2025 4402 2168 4463 ejus,
2189 4401 2244 4449 in

616 4468 848 4530 epistola
909 4467 989 4523 81,
1041 4480 1163 4531 pag.
1216 4469 1327 4527 165,
1380 4487 1407 4514 ‹‹
1453 4468 1571 4519 Sub
1623 4469 1739 4520 ictu
1794 4472 2059 4533 agonia,»
2098 4476 2152 4521 et
2189 4472 2245 4520 in

614 4538 766 4587 calce
822 4537 947 4586 libri
995 4537 1248 4587 adversus
1292 4538 1701 4597 Demetrianum,
1754 4554 1874 4603 pag.
1916 4540 2027 4597 224,
2069 4559 2097 4587 «
2128 4540 2245 4592 Sub

610 4610 731 4672 ipso
815 4608 964 4657 exitu
1016 4608 1163 4658 vitae.
1219 4628 1245 4655 »
1299 4610 1527 4670 Verum,
1593 4612 1813 4660 inventa
1876 4613 2049 4662 semel
2117 4626 2243 4664 vera

610 4678 869 4738 lectione,
919 4691 1031 4727 non
1077 4693 1217 4743 opus
1265 4684 1349 4730 est
1390 4682 1470 4729 uti
1514 4683 1869 4744 conjecturis.
1925 4683 2243 4735 Lectionem

610 4752 797 4799 autem
830 4763 860 4797 a
888 4762 977 4799 me
1004 4753 1315 4800 restitutam
1346 4752 1525 4815 reperi
1563 4753 1620 4801 in
1650 4753 1847 4803 eodem
1882 4753 2026 4803 libro
2054 4754 2244 4805 Remi-

612 4822 791 4884 giano.
820 4820 1090 4870 Eamdem
1129 4820 1392 4871 habuisse
1436 4822 1644 4883 Anglos
1678 4823 1736 4872 in
1774 4824 1892 4873 suis
1933 4824 2245 4884 codicibus,

613 4892 745 4941 satis
770 4895 1001 4941 constat.

676 4963 772 5025 (72)
798 4963 965 5022 Quam
978 4961 1239 5024 judicia...
1271 4961 1449 5024 fuisse.
1497 4961 1858 5028 Segmentum
1902 4966 2049 5016 istud
2088 4965 2242 5016 deest

697 5032 874 5071 trihng
897 5034 1141 5071 nntimiin
1169 5032 1456 5071 nndinihna
1506 5035 1560 5071 in
1600 5036 1921 5071 Ramirrinnn
1955 5038 2215 5071 nimirum
2259 4998 2319 5071 D

612 5034 667 5081 in
697 5032 874 5083 tribus
897 5034 1141 5096 antiquis
1169 5032 1475 5095 codicibus,
1506 5035 1563 5083 in
1598 5036 1921 5101 Remigiano
1955 5038 2237 5100 nimirum,

612 5105 667 5154 in
694 5104 1019 5153 Divionensi
1048 5108 1104 5153 et
1134 5103 1189 5152 in
1227 5102 1553 5155 Sorbonico.

676 5176 773 5236 (733
818 5177 935 5224 Non
990 5174 1173 5223 emisse.
1230 5174 1293 5223 Id
1346 5179 1446 5235 est,
1495 5189 1608 5225 non
1664 5180 1970 5230 excessisse
2028 5194 2059 5230 a
2107 5180 2242 5233 vita.

614 5247 735 5309 Ipse
811 5244 1127 5309 Cyprianus
1176 5244 1233 5293 in
1318 5244 1460 5294 libro
1546 5247 1610 5296 de
1684 5249 2039 5312 Mortalitate,
2116 5265 2239 5315 pag.

612 5317 705 5367 234
756 5332 766 5364 :
821 5332 851 5364 α
914 5316 1029 5365 Pati
1082 5315 1305 5375 timetis,
1358 5316 1508 5366 exire
1588 5330 1700 5369 non
1763 5319 1948 5370 vultis.
1999 5339 2026 5367 ››
2098 5321 2244 5372 Hinc

612 5389 781 5437 exitus
850 5399 948 5450 pro
1003 5388 1180 5435 morte
1232 5398 1380 5450 saepe
1442 5386 1589 5450 apud
1666 5389 1926 5440 eumdem
2012 5390 2245 5456 Cypria-

616 5472 770 5507 [111111.

682 5531 778 5591 (74)
813 5529 872 5577 Et
928 5528 1022 5592 qui
1073 5527 1193 5591 plus
1240 5527 1416 5591 diligit
1461 5530 1707 5579 animum.
1761 5531 1916 5595 Haec,
1962 5546 2089 5597 qua)
2136 5548 2246 5585 ex-

616 5604 766 5650 stant
795 5600 849 5648 in
881 5598 1124 5650 editione
1162 5599 1412 5659 Manutii,
1462 5601 1516 5649 et
1553 5599 1754 5651 desunt
1796 5604 1853 5652 in
1906 5604 2245 5665 Morelliana,

619 5670 896 5720 Pamelius
937 5670 1169 5720 consilio
1209 5672 1394 5735 potius
1432 5684 1599 5735 quam
1639 5675 1964 5724 auctoritate
2017 5680 2246 5738 praeter-

617 5742 785 5802 misit,
843 5743 971 5806 quia
1028 5755 1140 5792 non
1182 5743 1547 5805 reperiuntur,
1586 5747 1648 5794 ut
1688 5744 1782 5794 ille
1822 5748 2143 5811 ait,‘neque
2191 5748 2247 5798 in

610 5814 824 5869 Graecis
877 5825 1061 5879 neque
1113 5813 1169 5864 in
1217 5814 1426 5865 Latinis
1469 5814 1779 5866 codicibus.
1838 5816 1947 5867 Sed
2019 5831 2121 5884 ego
2190 5819 2247 5868 in

2351 3760 2678 3821 Bibliorum,
2723 3759 2821 3809 sed
2891 3759 3027 3823 quid
3079 3758 3393 3823 Cyprianus
3445 3762 3786 3826 scripserit.
3845 3762 4041 3813 Exstat

2349 3834 2535 3881 autem
2570 3830 2692 3881 hinc
2737 3830 3013 3880 sententia
3056 3831 3112 3879 in
3155 3830 3375 3880 duobus
3418 3833 3696 3897 antiquis
3740 3834 4041 3885 codicibus

2348 3903 2529 3952 sancti
2574 3901 2811 3965 Remigii
2859 3900 3166 3963 Remensis,
3218 3902 3275 3950 in
3319 3900 3656 3955 Sorbonico
3709 3909 3773 3956 et
3824 3905 3887 3954 in
3937 3904 4042 3954 Fu-

2348 3973 2524 4033 xensi,
2552 3972 2606 4021 id
2641 3977 2725 4022 est
2770 3973 2828 4021 in
2886 3971 3151 4022 omnibus
3204 3973 3317 4022 fere
3374 3973 3708 4027 codicibus
3767 3978 4037 4042 antiquis.

2348 4043 2570 4113 Etenim
2662 4055 2759 4092 sex
2850 4045 3070 4113 tantum
3162 4043 3411 4105 epistola
3509 4046 3703 4098 istius
3808 4050 4041 4113 antiqua

2347 4112 2686 4176 exemplaria
2768 4112 2958 4184 habui.
3052 4114 3248 4163 Exstat
3342 4115 3521 4165 etiam
3629 4119 3697 4167 in
3796 4124 4041 4184 quatuor

2349 4185 2592 4248 antiquis
2682 4183 2973 4234 codicibus
3028 4184 3267 4235 laudatis
3356 4187 3414 4235 in
3478 4186 3764 4242 editione
3819 4183 4045 4255 iAngli-

2346 4268 2503 4306 cana.

2409 4326 2514 4389 (75)
2544 4325 2675 4375 Odia
2711 4324 3009 4398 habuerint.
3054 4327 3135 4377 Ita
3178 4331 3340 4377 vetus
3382 4327 3587 4381 codex
3633 4331 4041 4398 Remigianus,

2348 4396 2704 4459 Sorbonicus,
2764 4397 3136 4459 Divionensis,
3182 4397 3790 4464 Gratianopolitanus
3827 4396 3886 4455 et
3937 4405 4046 4455 Fu-

2345 4469 2552 4519 xensis.
2584 4469 2661 4517 Ita
2685 4469 2852 4518 etiam
2878 4467 3048 4517 editio
3080 4469 3422 4519 Manutiana.

2411 4541 2509 4614 (76)
2536 4540 2719 4614 Patres
2739 4550 2936 4588 eorum.
2966 4539 3104 4590 Haec
3134 4539 3337 4590 desunt
3362 4542 3419 4591 in
3449 4543 3680 4597 codice
3701 4546 4049 4614 Remigiano

2344 4615 2399 4662 et
2430 4611 2693 4662 Fuxensi.

2410 4680 2506 4754 (77)
2552 4680 2845 4730 Potestates.
2901 4679 3074 4732 Iidem
3123 4680 3251 4732 libri
3306 4685 3550 4734 veteres
3623 4686 3862 4739 habent
3912 4702 4048 4754 prc-

2343 4751 2503 4800 sides.

2404 4822 2505 4883 (78)
2550 4821 2787 4871 Victima.
2840 4822 2922 4871 Ita
2968 4823 3133 4872 etiam
3186 4824 3245 4872 in
3299 4824 3561 4888 epistola
3605 4829 3687 4879 ad
3761 4831 4051 4882 Fortuna-

2342 4894 2460 4941 tum
2511 4892 2575 4941 de
2628 4893 3000 4943 Ezhortatione
3053 4895 3328 4957 Martyrii,
3381 4907 3525 4960 cap.
3577 4900 3640 4961 6,
3698 4906 3762 4954 et
3824 4901 3928 4954 lib.
3997 4915 4054 4953 [Π

2346 4963 2789 5026 Testimoniorum,
2835 4978 2953 5028 cap.
3016 4965 3092 5015 18.
3166 4967 3240 5014 At
3279 4969 3391 5016 tres
3447 4969 3714 5024 codices
3764 4976 3954 5026 nostri
3998 4979 4056 5025 et

2341 5035 2590 5109 quinque
2640 5036 2703 5109 in
2743 5035 2985 5087 editione
3035 5035 3647 5109 Anglicanaqlaudati
3727 5048 4051 5109 pmferunt

2341 5106 2633 5184 occisionis,
2652 5106 2936 5184 Emensis
2952 5108 3346 5184 jugulationis.‘
3361 5107 3640 5184 vulgata
3668 5106 3862 5169 editio
3914 5118 4054 5184 Epi-

2341 5175 2498 5226 stolas
2537 5176 2690 5226 Pauli
2744 5176 2813 5225 ad
2860 5176 3143 5227 Romanos
3188 5175 3521 5231 occisionis.“
3550 5184 3664 5238 Sic
3704 5192 3891 5240 etiam
3925 5175 4056 5240 citat

2342 5251 2576 5325 sanctus
2617 5248 2984 5325 A_ugus_tinus,
3035 5248 3132 5325 lib.
3191 5261 3209 5298 ι
3259 5250 3605 5325 Retractat.,
3695 5272 3830 5325 cap.
3892 5263 3943 5324 7,
4003 5264 4055 5311 et

2343 5318 2438 5368 lib.
2463 5331 2517 5367 ιν
2543 5318 2606 5368 de
2638 5320 2884 5368 Doctrina
2927 5318 3252 5382 Christiana,
3294 5333 3423 5384 cap.
3469 5324 3566 5377 so.
3614 5318 3794 5382 Item'
3833 5318 4057 5384 Pri'ma-

2344 5390 2477 5439 sius.
2535 5389 2677 5439 Vide
2719 5388 3104 5439 annotationes
3172 5388 3393 5440 Erasmi
3462 5396 3534 5446 in
3616 5400 3792 5454 hunc
3867 5406 4056 5455 locum

2346 5461 2521 5510 Pauli.

2408 5533 2517 5609 (79)
2552 5531 2995 5609 supervincimus.
3041 5531 3187 5609 Cum
3240 5532 3517 5589 viderem
3554 5554 3673 5605 pro
3728 5545 3846 5598 hac
3898 5562 4056 5609 voce,

2347 5618 2472 5669 quae
2496 5605 2691 5654 Latina
2714 5618 2827 5655 non
2865 5608 2965 5666 est,
3014 5606 3283 5669 scriptum
3336 5618 3481 5660 esse
3515 5625 3833 5675 speramus
3861 5619 3923 5669 in
3962 5605 4053 5670 οο..

2345 5676 2468 5749 dice
2523 5675 2847 5749 Remigiano
2901 5676 3091 5738 veteri,
3142 5678 3197 5726 in
3249 5676 3839 5749 Gratianopolitano
3893 5696 3952 5744 et
4000 5693 4055 5743 in

2347 5747 2692 5808 Divionensi,
2738 5753 2857 5797 tum
2904 5749 3176 5823 etiamin
3231 5749 3515 5815 quinque
3554 5747 3838 5823 ‘quomm
3887 5766 4056 5815 varis

2347 5821 2616 5871 lectiones
2649 5824 2868 5872 exstant
2908 5821 2965 5872 in
3009 5820 3251 5873 editione
3288 5820 3673 5901 Anglicana,
3721 5834 3847 5891 huc
3893 5836 4055 5892 valde
