4160 6216
266 230 336 282 301
1615 225 1931 282 EPISTOLA
1970 226 2125 283 XXVI
2133 267 2144 277 .

3477 230 3581 282 302

266 351 367 403 dam
390 348 546 402 fidem
575 347 876 402 Dominicis
906 348 1134 402 vocibus
1162 346 1482 419 suppositas
1518 350 1679 403 nobis
1706 367 1836 403 sen-
1864 362 1920 435 Α
1944 368 2055 404 non
2102 350 2391 403 consuevit
2434 351 2740 405 vulnerari.
2775 352 2872 406 Cui
2927 352 3081 405 enim
3124 351 3305 421 magis
3358 351 3477 405 hinc
3517 354 3578 405 ut

263 444 449 510 tiamus,
482 444 667 495 hostes
696 441 943 496 veritatis
978 443 1103 512 jam
1150 458 1263 495 non
1292 446 1514 495 tantum
1557 460 1671 496 non
1713 460 1838 513 per-

1945 460 2046 515 pro
2077 443 2237 497 nobis
2276 447 2429 513 petat
2460 446 2726 499 mandare
2756 446 3053 511 debemus,
3088 462 3256 516 quam
3290 450 3403 499 tam
3454 448 3575 515 glo-

264 535 616 593 horrescimus,
660 535 756 589 sed
804 538 861 588 et
905 550 1277 605 provocamus
1320 534 1450 606 (80),
1482 540 1538 590 et
1586 535 1847 590 inimicos
1946 537 2093 591 rioso
2122 536 2405 608 episcopo,
2436 543 2497 591 ut
2527 537 2725 591 hostias
2753 538 3019 592 destinati
3042 543 3056 571 ³
3082 543 3279 609 petant
3300 539 3575 593 auxilium

258 630 334 686 Dei
365 630 469 698 jam
512 629 619 682 hoc
666 629 785 697 ipso
832 628 987 698 quod
1034 644 1147 682 non
1188 629 1462 682 cessimus
1500 629 1738 683 vicimus
1774 631 1844 696 93,

261 728 305 777 et
326 722 547 777 nefarias
576 729 773 775 contra
804 720 997 794 294
1028 723 1329 776 veritatem
1358 722 1513 793 leges
1534 724 1581 757 9‘
1623 723 1844 794 subegi-

257 833 374 870 mus.
404 817 464 869 Et
493 815 538 868 si
580 814 838 869 nondum
879 818 1142 870 nostrum
1192 816 1531 887 sanguinem
1572 816 1843 885 fudimus,

260 910 333 963 sed
359 908 588 962 fundere
616 908 665 941 θδ
709 909 816 976 (81)
862 910 1045 979 parati
1093 925 1309 975 sumus,
1342 926 1512 963 nemo
1554 910 1699 963 hanc
1737 910 1846 980 (82)

256 1003 504 1056 dilationis
537 1005 743 1056 nostras
782 1019 1000 1056 moram
1045 1004 1415 1057 clementiam
1455 1003 1692 1074 judicct,
1722 1020 1849 1073 qua:

254 1096 388 1149 nobis
412 1094 603 1163 ofﬁcit,
637 1111 763 1166 qua:
793 1095 1268 1165 impedimentum
1308 1095 1503 1166 gloria!
1544 1096 1678 1150 facit
1715 1098 1847 1165 (83),

255 1206 357 1260 quae
380 1189 579 1242 celum
607 1188 816 1257 differt,
848 1205 975 1259 qua“:
1004 1189 1313 1260 gloriosum
1352 1190 1447 1242 Dei
1484 1195 1849 1260 conspectum

255 1282 460 1336 inhibet.
494 1284 560 1337 In
583 1282 908 1351 hujusmodi
932 1283 1087 1335 enim
1115 1283 1445 1350 certamine,
1475 1287 1530 1337 et
1554 1282 1613 1337 in
1651 1282 1847 1353 hujus-

252 1375 402 1437 modi,
444 1375 544 1429 ubi
591 1375 841 1429 decertat
886 1374 1025 1429 ﬁdes
1065 1376 1133 1441 95,
1177 1375 1394 1445 proelio,
1432 1391 1592 1429 mora
1640 1382 1849 1446 marty-

254 1486 328 1522 res
355 1467 395 1503 97
418 1486 536 1523 non
572 1468 855 1537 detulisse,
885 1484 1014 1523 vera
1052 1468 1362 1522 clementia
1388 1470 1491 1522 est.
1522 1470 1653 1523 Pete
1694 1486 1850 1539 ergo,

250 1562 495 1632 Cypriane
551 1562 904 1629 charissime,
958 1565 1019 1614 ut
1059 1578 1164 1615 nos
1211 1562 1393 1631 gratia
1436 1578 1537 1616 sua
1581 1564 1853 1617 Dominus

252 1658 405 1725 magis
427 1673 487 1710 ac
516 1656 704 1726 magis
735 1656 791 1709 in
824 1656 945 1709 dies
976 1654 1230 1726 singulos
1258 1672 1516 1726 quosque
1545 1655 1772 1710 uberius
1801 1657 1849 1690 9⁸

249 1724 395 1819 atque
446 1724 785 1819 propensius
817 1754 873 1802 et
920 1724 1103 1802 armet
1146 1752 1201 1802 et
1257 1724 1499 1803 illustret
1540 1752 1597 1803 et
1643 1724 1927 1804 viribusB

250 1843 487 1912 potentia:
520 1860 637 1895 suae
669 1843 858 1896 firmet
904 1859 968 1895 ac
1011 1842 1243 1897 roboret
1267 1843 1338 1911 99,
1379 1846 1434 1897 et
1468 1842 1623 1913 quasi
1655 1845 1669 1877 ι
1703 1844 1848 1914 opti-

250 1952 353 1989 mus
392 1937 734 2007 imperator,
766 1936 973 1990 milites
1000 1951 1149 1997 suos,
1178 1952 1315 2005 quos
1356 1953 1533 2007 usque
1571 1938 1752 1991 adhuc
1794 1938 1851 1993 in

248 2031 414 2082 castris
441 2030 684 2083 carceris
710 2030 962 2084 exercuit
1004 2034 1056 2083 et
1105 2028 1372 2100 probavit
1416 2032 1549 2098 (84),
1582 2031 1855 2101 producat

239 2122 341 2190 jam
364 2123 428 2176 ad
456 2123 736 2193 propositi
766 2122 1085 2177 certaminis
1123 2138 1412 2192 campum.
1456 2125 1716 2195 Porrigat
1750 2142 1850 2178 no-

244 2214 314 2267 bis
344 2231 501 2269 arma
533 2215 745 2279 divina,
776 2214 869 2269 illa
912 2218 1019 2270 tela
1050 2232 1178 2286 qua:
1212 2217 1473 2271 nesciunt
1519 2217 1683 2283 vinci,
1719 2216 1851 2270 lori-

246 2324 349 2360 cam
379 2308 619 2378 justitia:
662 2325 791 2379 quae
835 2326 1128 2380 nunquam
1171 2312 1311 2365 solet
1356 2311 1564 2381 rumpi,
1593 2310 1853 2381 clypeum

243 2402 353 2455 fidei
401 2403 499 2472 qui
547 2419 666 2455 non
707 2408 895 2472 potest
937 2405 1236 2474 perforari,
1274 2405 1489 2475 galeam
1522 2404 1712 2457 salutis
1743 2404 1852 2474 (85)

242 2510 351 2565 qua:
376 2512 491 2549 non
534 2498 717 2567 potest
744 2496 930 2567 frangi
962 2497 1005 2564 Ξ,
1044 2503 1099 2552 et
1146 2498 1405 2569 gladium
1460 2496 1709 2568 spiritus,
1757 2498 1853 2567 qui

1947 630 2016 684 de
2045 630 2335 684 sacerdote
2358 630 2385 682 ‘?

2018 724 2105 776 Vl.
2147 724 2286 777 Ecce
2318 723 2467 777 aliud
2495 723 2763 793 gaudium
2802 729 3076 791 nostrum,
3109 726 3262 795 quod
3306 725 3364 779 in
3394 726 3578 782 ofﬁcio

1950 815 2139 889 295
2173 817 2528 887 episcopatus
2552 818 2654 883 tui,
2686 817 2814 871 licet
2842 818 3067 871 interim
3105 820 3213 887 (86)
3249 836 3281 872 a
3313 820 3579 875 fratribus

1949 927 2053 980 pro
2086 910 2360 980 temporis
2399 910 2722 965 conditione
2772 910 3068 963 distractus
3114 927 3193 977 es,
3220 916 3413 965 tamen
3467 932 3578 968 non

1952 1003 2202 1070 defuisti,
2249 1003 2397 1073 quod
2448 1002 2648 1055 litteris
2696 1004 3044 1057 confessores
3085 1006 3418 1075 frequenter
3457 1024 3581 1061 eor-

1952 1096 2250 1163 roborasti,
2276 1096 2427 1167 quod
2454 1096 2623 1149 etiam
2667 1100 2926 1166 sumptus
2974 1098 3321 1151 necessarios
3363 1099 3431 1153 de
3476 1102 3587 1154 tuis

1952 1189 2234 1243 laboribus
2288 1190 2456 1260 justis
2518 1189 2805 1259 przebuisti
2841 1232 2853 1246 .
2905 1190 3059 1260 quod
3104 1191 3162 1244 in
3215 1193 3481 1247 omnibus
3530 1201 3585 1249 te

1952 1288 2289 1354 praesentem
2337 1282 2758 1353 quodammodo
2809 1299 3038 1353 semper
3074 1285 3402 1353 exhibuisti,
3437 1289 3587 1357 quod

1953 1376 2013 1430 in
2080 1376 2233 1429 nulla
2282 1376 2447 1429 officii
2505 1377 2587 1429 tui
2638 1380 2802 1446 parte
2853 1378 3016 1447 quasi
3072 1379 3274 1449 aliquis
3337 1380 3589 1436 desertor

1954 1470 2297 1523 claudicasti.
2333 1470 2438 1523 Sed
2466 1470 2614 1541 quod
2644 1488 2748 1523 nos
2774 1470 2841 1523 ad
2875 1472 3153 1541 majorem
3201 1473 3462 1528 ltetitiam
3494 1492 3589 1530 ro-

1953 1563 2173 1617 bustius
2229 1564 2551 1635 provocavit
2597 1565 2617 1596 ‘
2672 1570 2853 1617 tacere
2908 1581 3023 1617 non
3074 1582 3396 1635 possumus,
3453 1569 3590 1639 quin

1956 1656 2109 1709 omni
2156 1657 2305 1709 vocis
2349 1662 2557 1711 nostra:
2605 1658 2935 1710 testimonio
2983 1674 3416 1729 prosequamur.
3451 1663 3585 1714 Ani-

1954 1750 2369 1803 madvertimus
2414 1750 2567 1802 enim
2614 1754 2668 1803 te
2715 1756 3068 1820 congruente
3110 1768 3348 1807 censura
3383 1756 3491 1824 (87)
3536 1758 3591 1809 et

1954 1859 2050 1897 eos
2083 1842 2255 1913 digne
2287 1841 2617 1911 objurgasse
2648 1843 2760 1911 (88)
2807 1843 2927 1912 qui,
2960 1843 3331 1899 immemores
3356 1847 3587 1901 delicto-

1953 1952 2082 1989 rum
2133 1952 2391 2002 suorum,
2426 1951 2623 2005 pacem
2654 1952 2686 1987 a
2731 1934 3080 2005 presbyteris
3126 1954 3232 2008 per
3275 1938 3590 1994 absentiam

1954 2034 2113 2083 tuam
2162 2031 2268 2099 (89)
2315 2028 2572 2081 festinata
2610 2031 2663 2081 et
2718 2029 2995 2099 praecipiti
3039 2030 3348 2101 cupiditate
3401 2038 3586 2087 extor-

1954 2123 2159 2177 sissent
2187 2124 2228 2189 ⁵,
2269 2126 2327 2175 et
2365 2122 2488 2174 illos
2517 2122 2612 2191 qui
2660 2120 2781 2176 sine
2824 2129 3079 2193 respectu
3111 2125 3403 2195 Evangelii
3430 2143 3589 2180 sanc-

1954 2221 2074 2269 tum
2144 2214 2364 2269 Domini
2429 2214 2666 2268 canibus
2726 2216 2834 2283 (90)
2901 2219 2960 2269 et
3010 2218 3350 2286 margaritas
3408 2221 3593 2289 porcis

1956 2309 2187 2380 profana
2225 2310 2246 2341 ὓ
2292 2308 2555 2362 facilitate
2601 2308 2927 2377 donassent,
2976 2326 3108 2363 cum
3155 2312 3372 2381 grande
3419 2314 3587 2367 delic-

1954 2408 2095 2468 tum,
2139 2405 2195 2455 et
2240 2417 2341 2471 per
2382 2404 2561 2454 totum
2610 2418 2756 2471 pene
2802 2400 3001 2455 orbem
3055 2404 3375 2458 incredibili
3422 2410 3594 2459 vasta-

1955 2495 2104 2549 tione
2134 2498 2468 2565 grassatum,
2503 2510 2620 2548 non
2665 2498 2927 2565 oporteat
2956 2495 3084 2563 nisi,
3124 2502 3186 2552 ut
3221 2498 3340 2568 ipse
3375 2499 3595 2568 scribis,

1607 2620 1811 2682 Varia:
1865 2618 2203 2681 lectiones.

293 2724 328 2753 θ’
356 2724 654 2775 Vincimus
697 2727 835 2775 Lam.
888 2725 1036 2774 Ebor.
1078 2727 1189 2775 ΝΟ.
1232 2728 1275 2775 1.
1324 2727 1451 2775 Bod.
1499 2727 1545 2776 2.

1642 2727 1682 2757 π
1711 2724 2005 2775 Civitatem
2052 2724 2204 2787 leges
2252 2724 2361 2773 Ver.

2452 2725 2491 2755 95
2527 2723 2763 2773 Fudisse
2815 2724 2974 2772 Oxon.
3067 2724 3109 2756 ⁹⁶
3139 2724 3453 2777 Certamina
3496 2728 3594 2778 ubi

241 2790 469 2844 decertat
502 2794 644 2844 ﬁdes
672 2796 810 2843 Lam.
842 2795 991 2844 Ebor.
1020 2795 1127 2844 ΝΟ.
1161 2797 1206 2844 1.
1236 2797 1355 2845 Ben.
1421 2796 1464 2828 97
1492 2797 1758 2859 Martyres
1794 2794 1983 2858 praelio
2020 2808 2130 2843 non
2162 2796 2301 2843 Lam.
2337 2792 2487 2842 Ebor.
2525 2794 2633 2841 ΝΟ.
2664 2795 2707 2842 1.
2744 2795 2859 2843 Ben.
2926 2795 2969 2828 ⁸⁸
2996 2794 3251 2844 Liberius
3275 2796 3412 2845 Lam.
3440 2797 3591 2847 Ebor.

239 2863 331 2911 ΝΟ.
366 2867 410 2913 1.
480 2865 526 2893 99
561 2864 761 2914 Probet
785 2877 849 2914 ac
874 2865 1073 2914 formet
1099 2865 1237 2913 Lam.
1261 2865 1415 2914 Ebor.
1447 2867 1553 2916 ΝΟ.
1594 2868 1637 2915 1.
1674 2867 1790 2913 Ben.
1859 2868 1873 2896 ¹
1907 2863 2031 2925 Qua
2057 2864 2302 2927 Optimus
2341 2864 2450 2912 Ver.
2490 2862 2631 2924 Quia
2677 2864 2793 2911 Vat.
2861 2867 2879 2895 ³
2905 2864 3075 2915 Galea
3104 2891 3163 2901 —
3194 2865 3370 2929 frangi
3398 2869 3597 2916 omittit

242 2932 379 2981 Oxon.
450 2934 796 2984 ’Destinatm
846 2935 957 2983 Ver.
1000 2936 1081 2984 Bei

240 3004 346 3053 Bod.
372 3006 418 3054 2.
445 3006 561 3057 NC.
597 3007 641 3055 1.
707 3007 727 3036 ⁸
754 3007 932 3056 Prona
970 3007 1081 3056 Ver.

450 2934 796 2984 ’Destinatm
846 2935 957 2983 Ver.
1000 2936 1118 2984 Ben.
1186 2936 1575 2987 ‘Provocastis
1623 2937 1761 2985 Lam.
1804 2934 1956 2984 Ebor.
2010 2935 2117 2984 ΝΟ.
2167 2937 2209 2984 1.
2256 2933 2380 2983 Bod.
2422 2934 2468 2983 2.
2540 2931 2896 2984 5Extorsisse
2938 2934 3202 2985 dicuntur
3246 2936 3383 2985 Lam.
3438 2938 3591 2987 Ebor.

1524 3086 1745 3167 Steph.
1796 3086 2043 3149 Baluzii
2086 3090 2282 3148 notae.

238 3204 531 3255 inclinabat
569 3205 788 3253 animus
833 3208 915 3297 ut1
938 3219 1135 3297 vpcem
1187 3207 1427 3297 minime
1463 3207 1715 3256 Latinam
1760 3221 1931 3297 ex-C
1957 3207 2121 3297 etiam
2164 3203 3004 3297 sancatpmnécmbrosium,‘sive
3044 3206 3170 3297 quis
3216 3206 3597 3297 aliu’svauctor

238 3290 549 3341 pungerem,
576 3289 695 3326 eam
726 3289 851 3339 quas
896 3277 1087 3326 Latina
1135 3282 1218 3326 est
1260 3278 1670 3337 substituerem,
1720 3292 1857 3341 prae-

239 3350 407 3397 sertim
439 3362 579 3398 cum
610 3359 673 3396 ea
720 3351 896 3396 exstet
942 3349 997 3396 in
1046 3348 1280 3413 Vulgata
1324 3348 1563 3398 editione
1595 3350 1854 3412 Epistolas

240 3422 398 3467 sancti
456 3419 622 3467 Pauli
675 3418 742 3466 ad
801 3420 1096 3480 Romanos,
1160 3424 1213 3468 et
1256 3419 1349 3467 illa
1397 3433 1617 3483 quoque
1674 3424 1858 3469 utatur

237 3494 445 3539 sanctus
493 3493 709 3551 martyr
760 3489 813 3537 in
868 3489 1008 3539 libro
1060 3492 1123 3539 de
1180 3491 1562 3541 Exhortatione
1608 3492 1857 3553 Martyrii

238 3562 295 3609 ad
322 3562 711 3612 Fortunatam.
740 3561 966 3621 Verum,
992 3575 1121 3611 cum
1146 3562 1390 3612 viderem
1422 3563 1579 3611 illum
1607 3564 1855 3625 posuisse

236 3635 643 3695 mpercincimu:
696 3634 749 3681 in
804 3632 945 3681 libro
994 3644 1050 3681 ιιι
1110 3633 1553 3693 Testimoniorum,
1607 3647 1723 3696 cap.
1780 3636 1853 3691 18,

234 3716 458 3768 eamque
516 3716 715 3752 vocem
782 3708 1055 3752 retentam
1108 3717 1227 3753 esse
1284 3719 1315 3753 a
1379 3705 1721 3753 Tertulliano
1799 3705 1855 3752 in

236 3776 523 3838 Scorpiace,
555 3780 612 3824 et
636 3790 667 3823 a
696 3778 887 3823 sancto
915 3776 1245 3837 Augustino,
1282 3775 1375 3823 lib.
1414 3788 1474 3823 1v
1502 3776 1564 3823 de
1596 3776 1857 3824 Doctrina

238 3846 557 3906 Christiana,
586 3860 704 3909 cap.
736 3846 813 3906 20,
852 3850 905 3893 et
929 3846 1022 3894 lib.
1058 3860 1093 3895 ιι
1121 3847 1184 3895 de
1210 3847 1436 3895 Civitate
1482 3848 1592 3905 Dei,
1620 3860 1740 3910 cap.
1774 3846 1853 3906 23,

234 3923 339 3966 tum
403 3923 582 3969 etiam
645 3919 700 3965 in
760 3918 991 3979 epistola
1061 3917 1260 3967 Evodii
1317 3918 1386 3967 ad
1460 3920 1853 3981 Augustinum,

235 3990 539 4036 existimavi
595 3987 735 4035 nihil
782 4000 903 4037 esse
948 3988 1297 4037 mutandum.
1356 3988 1453 4038 Sic
1511 3989 1567 4036 in
1624 3987 1857 4037 Psalmis

235 4069 367 4121 saepe
438 4060 651 4123 legitur
725 4060 1106 4122 Supersperavi
1134 4074 1146 4117 ;
1212 4059 1359 4123 apud
1430 4058 1855 4119 Tertullianum,

234 4134 282 4176 in
325 4130 465 4179 libro
520 4131 587 4179 de
625 4130 964 4185 Paznitentia,
1003 4131 1440 4194 Superscenditur
1468 4145 1488 4192 ,'
1516 4130 1663 4192 apud
1693 4130 1855 4194 Sym-

233 4202 505 4261 machum,
537 4200 633 4249 lib.
679 4212 712 4261 ι,
762 4201 918 4263 epist.
970 4202 1049 4261 56,
1099 4202 1462 4265 Superpingo;
1498 4200 1645 4264 apud
1688 4200 1855 4251 Sido-

231 4272 392 4331 nium,
436 4273 540 4322 lib.
598 4285 677 4334 ix,
723 4274 880 4335 epist.
930 4273 978 4333 3,
1030 4274 1429 4337 Superinspicis.
1481 4274 1587 4322 Hic
1638 4273 1857 4322 interim

234 4343 642 4394 admonendum
701 4348 784 4393 est
865 4344 1115 4394 codicem
1195 4344 1570 4393 Veronensem
1654 4343 1858 4393 habere

236 4413 653 4475 Supercincimus
709 4416 767 4463 in
814 4414 954 4463 libro
1015 4415 1087 4465 ad
1141 4416 1508 4476 Fortunatam,
1562 4427 1674 4463 non
1727 4426 1857 4463 vero

233 4485 527 4545 Speremus.

287 4556 375 4615 (80)
431 4558 811 4616 Ρνουοοαηημ,
884 4556 940 4605 id
1016 4562 1119 4618 est,
1190 4558 1336 4607 ultro
1399 4570 1500 4606 nos
1576 4554 1857 4607 offerimus

230 4629 690 4688 persecutoribus,
751 4628 887 4677 mori
955 4633 1225 4691 Optantes,
1300 4631 1362 4676 ut
1435 4628 1682 4677 fecerant
1728 4627 1858 4675 olim

231 4704 490 4762 martyres
536 4698 937 4762 Lugdunenses
984 4704 1038 4750 et
1090 4700 1434 4750 Viennenses
1491 4698 1637 4761 apud
1687 4696 1860 4747 Euse-

232 4767 392 4818 bium.
422 4770 810 4820 Tertullianus
829 4772 887 4819 in
915 4770 1055 4821 libro
1080 4772 1153 4821 ad
1169 4770 1453 4834 Scapulam
1479 4786 1495 4819 :
1527 4787 1554 4813 «
1584 4769 1858 4831 Denique,

230 4852 345 4889 cum
391 4844 555 4890 omni
583 4842 795 4891 saevitia
826 4846 1003 4892 vestra
1050 4848 1453 4901 concertamus,
1502 4840 1670 4891 etiam
1717 4840 1859 4887 ultro

229 4916 597 4974 erumpentes.
632 4932 660 4956 ››
710 4910 849 4961 Vide
899 4915 1029 4961 Acta
1083 4914 1343 4975 passionis
1393 4916 1559 4961 sancti
1612 4908 1861 4971 Stephani

228 4982 375 5043 Papae
399 4989 449 5031 et
500 4984 761 5045 martyris
795 4984 851 5031 in
896 4985 1016 5045 ipso
1064 4985 1241 5033 initio.
1280 4983 1353 5031 Et
1406 4988 1589 5031 tamen
1635 4980 1861 5043 publica

227 5056 487 5118 temporis
528 5055 679 5103 illius
718 5054 1008 5117 disciplina
1058 5055 1387 5119 prohibebat
1436 5066 1504 5103 ne
1547 5056 1673 5116 quis
1716 5052 1860 5100 ultro

228 5138 277 5173 se
308 5127 553 5185 oiferret,
577 5140 705 5176 cum
756 5126 860 5176 hoc
895 5128 1177 5191 Scriptura
1224 5127 1415 5177 divina
1466 5126 1772 5188 prohibeat,
1801 5126 1861 5171 ut

228 5196 420 5259 legitur
475 5200 538 5247 in
589 5197 823 5246 Actibus
883 5199 1377 5261 proconsularibus
1449 5198 1518 5247 de
1598 5196 1859 5258 martyrio

230 5270 490 5335 Cypriani
520 5288 534 5331 ;
561 5274 689 5336 quia
714 5285 821 5321 non
854 5275 1147 5332 temeritas,
1180 5274 1277 5323 sed
1320 5273 1458 5322 ﬁdes
1498 5275 1549 5322 et
1591 5270 1859 5320 modestia

230 5348 544 5402 coronatur,
572 5349 633 5393 ut
662 5345 861 5407 legitur
881 5347 937 5393 in
965 5345 1196 5408 epistola
1222 5344 1492 5395 Ecclesia:
1532 5343 1858 5406 Smyrnaea-

229 5426 339 5464 rum
390 5416 548 5480 apud
597 5415 921 5475 Eusebium,
973 5430 1038 5466 ex
1099 5417 1350 5467 versione
1399 5415 1600 5465 Ruﬁni.
1645 5414 1860 5464 Deinde

229 5484 548 5536 Mensurius
585 5488 876 5550 episcopus
913 5486 1365 5552 Carthaginensis
1395 5486 1541 5536 istud
1568 5488 1643 5535 ita
1669 5497 1861 5535 severe

231 5562 515 5621 prohibuit
554 5563 801 5611 utetiam
841 5564 1097 5618 honorari
1136 5564 1480 5628 prohibuerit
1518 5561 1862 5612 Christianos

234 5641 319 5699 qui
350 5652 410 5688 se
464 5637 730 5689 offerrent
771 5642 1247 5704 persecutionibus
1283 5654 1394 5691 non
1453 5639 1859 5705 comprehensi,

233 5713 307 5759 uti
356 5712 618 5774 pluribus
660 5712 867 5763 dictum
918 5729 947 5763 a
998 5716 1157 5765 nobis
1209 5718 1290 5765 est
1344 5716 1411 5765 ad
1469 5718 1637 5778 caput
1690 5712 1861 5763 unde-

238 5783 436 5834 cimum
503 5784 771 5835 Lactantii
824 5786 887 5835 de
946 5788 1198 5838 Mortibus
1267 5790 1671 5838 Persecutorum.
1722 5785 1864 5835 Vide

1957 3284 2042 3328 est
2096 3280 2237 3341 (cap.
2292 3277 2369 3337 27)
2429 3275 2761 3339 Ofﬁciorum},
2824 3279 2877 3325 et
2945 3278 3241 3326 concilium
3306 3278 3594 3329 Eliberita-

1956 3363 2112 3408 num,
2172 3360 2383 3397 canone
2433 3347 2514 3408 60,
2583 3350 2635 3397 et
2688 3346 2990 3411 Rigaltium
3045 3348 3112 3396 ad
3174 3349 3479 3412 Epistolam
3535 3364 3595 3401 IV

1958 3421 2242 3485 Cypriani.

2021 3492 2115 3552 (8|)
2147 3490 2404 3541 Fundere.
2443 3491 2575 3540 Hec
2612 3496 2693 3541 est
2753 3490 2918 3540 lectio
2972 3492 3173 3540 veteris
3228 3491 3352 3541 libri
3396 3493 3590 3544 Remi-

1956 3565 2121 3628 giani,
2166 3570 2315 3615 certe
2366 3568 2589 3628 optima.
2641 3566 2733 3615 Sic
2790 3567 2952 3615 etiam
3010 3565 3217 3615 habent
3277 3572 3385 3617 tres
3466 3569 3590 3618 libri

1956 3642 2171 3686 veteres
2200 3636 2408 3686 laudati
2443 3638 2498 3684 in
2525 3636 2765 3684 editione
2797 3637 3120 3700 Anglicana.

2017 3712 2112 3773 (8:2)
2145 3713 2304 3761 Nemo
2358 3711 2507 3759 hanc.
2555 3710 2703 3759 Idem
2748 3710 2923 3760 codex
2971 3711 3327 3773 Remigianus
3367 3751 3376 3761 .
3417 3731 3445 3759 «
3490 3714 3590 3762 Ne-

1956 3797 2046 3832 mo
2073 3784 2217 3833 hanc
2259 3783 2612 3832 dilectionem
2660 3786 2903 3830 nostram
2961 3796 3111 3831 more
3165 3784 3460 3834 dementias
3497 3788 3589 3848 ju-

1956 3854 2117 3906 dicet.
2159 3872 2187 3899 »

2017 3927 2117 3987 (83)
2150 3928 2273 3985 Quae
2298 3924 2722 3987 impedimentum
2744 3922 2929 3984 glorias
2957 3924 3106 3983 facit.
3152 3926 3300 3975 Istud
3346 3929 3501 3978 deest
3530 3932 3585 3980 in

1956 3998 2152 4049 eodem
2178 3996 2368 4045 codice
2400 3996 2737 4057 Remigiano.

2022 4070 2117 4131 (84)
2161 4069 2411 4117 Εωονσυιί
2463 4072 2507 4115 et
2556 4065 2819 4129 probavit.
2872 4066 3069 4117 Codex
3121 4068 3475 4121 Divionensis
3537 4079 3590 4123 et

1957 4143 2229 4192 recentior
2272 4142 2653 4203 Remigianus,
2688 4145 2742 4189 ut
2794 4140 3041 4203 probavit
3067 4146 3112 4189 et
3154 4143 3359 4204 probat.
3393 4146 3451 4193 In
3478 4147 3587 4197 illis

1957 4218 2140 4263 autem
2172 4214 2442 4262 omittitur
2471 4225 2577 4261 vox
2604 4214 2851 4261 exercuit.

2020 4286 2123 4346 (85)
2163 4284 2377 4334 Galeam
2422 4282 2635 4334 salutis.
2683 4284 2835 4333 Istud
2880 4285 3196 4334 addidimus
3248 4300 3317 4337 ex
3369 4293 3588 4341 vetusto

1958 4358 2299 4419 Remigiano,
2364 4356 2746 4406 auctoritatem
2810 4370 3033 4420 quoque
3101 4361 3280 4408 secuti
3342 4364 3589 4427 quinque

1956 4431 2204 4478 veterum
2235 4427 2635 4489 exemplarium
2668 4427 3121 4489 Anglicanorum.

2023 4499 2119 4560 (86)
2151 4500 2281 4547 Licet
2334 4499 2562 4547 interim.
2620 4499 2681 4545 In
2722 4498 2918 4547 eodem
2965 4503 3184 4549 vetusto
3237 4503 3427 4552 codice
3480 4504 3584 4553 Re-

1880 4572 2203 4660 Dmigiano
2258 4570 2481 4660 legitur,
2538 4585 2565 4611 «
2619 4569 2765 4660 licet.
2800 4571 2943 4660 inter
2988 4572 3143 4660 initia
3190 4574 3447 4660 fratribus
3490 4590 3588 4637 pro

1962 4643 2225 4704 temporis
2280 4640 2594 4690 conditione
2651 4640 2943 4697 destrictis,
2994 4662 3019 4686 »
3071 4642 3218 4691 haud
3272 4644 3439 4694 dubie
3489 4661 3585 4708 pro

1960 4713 2243 4763 distractis.
2274 4712 2353 4760 Ita
2385 4712 2549 4761 etiam
2581 4712 2830 4773 quinque
2860 4711 3079 4761 codices
3119 4715 3427 4775 Anglicani.

2022 4786 2121 4845 (87)
2176 4785 2237 4832 Te
2284 4787 2596 4845 congruente
2665 4796 2900 4831 censura.
2965 4783 3114 4831 Idem
3168 4784 3345 4834 codex
3402 4786 3591 4836 Remi-

1960 4858 2177 4920 gianus,
2207 4873 2233 4901 «
2273 4856 2390 4903 'l‘ua
2432 4859 2775 4919 congruente
2824 4867 3057 4904 censura
3098 4868 3193 4903 eos
3235 4856 3417 4920 digne.
3449 4876 3476 4903 »
3508 4859 3589 4909 Ita

1960 4928 2126 4977 etiam
2165 4927 2437 4975 recentior
2464 4926 2819 4988 Remigianus
2846 4931 2897 4975 et
2931 4925 3404 4987 Compendiensns.

2023 4999 2118 5054 (88)
2153 4997 2251 5044 Eos
2297 4995 2619 5058 objurgasse.
2672 4996 2913 5058 Respicit
2965 4996 3056 5045 lu‘c
3109 4998 3269 5047 locus
3329 4999 3395 5048 ad
3448 5001 3589 5065 Epi—

1959 5066 2155 5115 stolam
2188 5078 2332 5124 xxn,
2374 5067 2427 5112 in
2482 5080 2589 5128 qua
2639 5069 2816 5128 agitur
2857 5068 2925 5115 de
2972 5082 3105 5130 pace
3150 5083 3316 5132 quam
3362 5073 3587 5135 quidam

1960 5136 2265 5186 turbulenti
2318 5136 2421 5185 sibi
2470 5136 2654 5185 datam
2707 5138 2927 5185 aiebant
2991 5154 3018 5185 τι
3072 5142 3481 5193 confessoribus
3535 5153 3590 5197 et

1960 5210 2307 5273 martyribus.
2338 5210 2476 5271 Quas
2519 5221 2606 5258 res
2645 5223 2898 5271 magnam
2945 5212 3210 5261 invidiam
3257 5216 3590 5269 conﬂaverat

1961 5281 2258 5345 Cypriano,
2291 5284 2421 5344 quia
2461 5280 2518 5329 id
2564 5280 2746 5330 aiebat
2777 5280 2981 5329 factum
3032 5297 3151 5332 esse
3196 5291 3387 5335 contra
3430 5289 3592 5341 disci-

1958 5354 2164 5417 plinam
2191 5354 2640 5403 ecclesiasticam.
2672 5352 2811 5402 Vide
2836 5354 2999 5401 etiam
3031 5358 3190 5417 epist.
3235 5361 3303 5407 tt.

2026 5426 2121 5488 (89)
2154 5428 2250 5474 Per
2275 5426 2567 5475 absentiam
2594 5433 2749 5475 tuam.
2784 5426 2966 5474 Editio
3015 5427 3330 5478 Manutiana
3372 5434 3423 5480 et
3456 5448 3592 5497 qua-

1964 5502 2086 5547 tuor
2116 5497 2239 5546 libri
2272 5502 2502 5559 veteres,
2535 5512 2630 5559 per
2675 5499 3081 5561 impatientiam.
3130 5501 3373 5565 Utraque
3425 5504 3591 5556 lectio

1962 5575 2143 5633 potest
2178 5583 2299 5619 esse
2328 5571 2490 5619 bona.

2023 5644 2122 5705 (90)
2153 5644 2397 5693 Canibus.
2434 5646 2568 5695 Haec
2612 5659 2717 5694 vox
2752 5647 2994 5709 itemque
3037 5660 3139 5695 vox
3184 5648 3355 5709 porcis
3394 5646 3605 5701 desunt

1965 5717 2021 5766 in
2050 5717 2307 5765 omnibus
2334 5716 2490 5766 libris
2521 5717 2816 5767 veteribus.
