4160 6216
559 187 657 238 303

1464 184 1521 240 s.
1562 160 1870 242 CYPRle
1911 187 2185 243 OPERUM
2226 189 2397 244 PARS
2437 189 2472 241 ι.
2515 218 2582 229 -
2621 189 2980 244 EPISTOL/E.

3812 188 3913 241 304

557 311 720 361 caute
778 306 1180 377 moderateque
1241 307 1517 374 tractari,
1582 309 1851 364 consultis
1922 309 2186 364 omnibus
2207 326 2265 399 Α
2359 312 2472 364 VII.
2502 311 2772 366 Eluendaz
2801 314 2932 364 sunt
2976 309 3152 380 igitur
3188 308 3363 379 impio
3404 308 3677 363 sacriﬁcio
3713 325 3916 364 manus

555 400 844 471 episcopis,
897 400 1264 470 presbyteris,
1333 401 1682 468 diaconibus,
1746 403 2179 472 confessoribus,

554 499 609 548 et
661 494 794 564 ipsis
834 493 1106 547 stantibus
1149 492 1302 547 laicis
1347 495 1478 563 (91),
1513 499 1574 548 ut
1621 495 1677 548 in
1725 496 1834 549 tuis
1890 497 2088 551 litteris
2131 502 2187 551 et

553 586 676 656 ipse
701 586 955 655 testaris;
1007 603 1101 656 ne,
1133 586 1270 641 dum
1319 588 1579 641 volumus
1627 589 1954 658 importune
2005 589 2184 643 ruinis

551 679 868 748 subvenire,
902 679 1043 733 alias
1073 680 1318 750 majores
1355 681 1552 735 ruinas
1592 681 1890 736 videamur
1930 699 2131 753 parare
2167 699 2180 736 :

550 773 646 826 ubi
677 772 829 826 enim
880 774 989 843 (92)
1035 772 1293 826 divinus7
1337 790 1524 828 sermo
1560 774 1928 846 relinquitur,
1975 776 2022 829 si
2069 779 2184 829 tam

547 867 712 920 facile
761 867 1127 937 peccantibus
1158 866 1324 921 venia
1368 868 1712 938 praestetur?
1760 868 2004 922 Fovendi
2053 873 2184 922 sunt

549 977 684 1013 sane
713 960 964 1029 ipsorum
990 961 1009 993 ⁸
1036 959 1209 1013 animi
1242 965 1296 1014 et
1326 961 1395 1014 ad
1439 959 1630 1032 296
1677 961 2024 1016 maturitatis
2067 978 2183 1016 suae

552 1059 774 1123 tempus
816 1053 1127 1120 nutriendi,
1171 1060 1226 1107 et
1276 1053 1344 1107 de
1391 1054 1699 1124 Scripturis
1751 1055 1955 1109 sanctis
2009 1071 2180 1126 quam

550 1148 753 1218 ingens
779 1152 832 1202 et
877 1164 1043 1218 supra
1082 1147 1273 1200 omnia
1317 1151 1610 1223 peccatum
1648 1148 2042 1202 commiserint
2092 1149 2184 1202 in-

551 1241 804 1295 struendi
871 1242 1002 1309 (93).
1071 1243 1180 1294 Nec
1245 1240 1350 1293 hoc
1426 1241 1754 1296 animentur
1817 1242 1952 1312 quia
2017 1241 2182 1296 multi

551 1339 681 1389 sunt
732 1334 872 1403 (94);
919 1333 1017 1387 sed
1071 1333 1176 1386 hoc
1224 1333 1345 1404 ipso
1395 1335 1574 1404 magis
1624 1334 2006 1405 reprimantur
2052 1336 2181 1405 quia

547 1445 659 1482 non
680 1428 840 1498 pauci
864 1433 1012 1481 sunt.
1036 1426 1185 1480 Nihil
1208 1428 1278 1480 ad
1299 1427 1766 1482 extenuationem
1785 1428 2182 1482 delictinume-

547 1538 645 1576 rus
695 1520 1000 1590 impudens
1044 1521 1232 1575 valere
1284 1519 1393 1589 (95)
1440 1521 1794 1588 consuevitg,
1837 1522 1932 1576 sed
1977 1523 2178 1592 pudor,

548 1615 643 1668 sed
693 1613 998 1679 modestia,
1045 1613 1143 1667 sed
1195 1613 1474 1684 patientia
1525 1617 1656 1683 (96),
1704 1615 1800 1668 sed
1857 1615 2173 1685 disciplina,

2286 403 2600 474 inquinatas
2649 404 2912 474 operibus
2965 403 3128 456 bonis
3177 403 3242 468 ‘7,
3288 409 3344 456 et
3389 401 3604 456 nefario
3651 401 3776 456 cibo
3821 418 3921 456 ora

2285 498 2488 551 misera
2521 499 2564 531 ιε
2604 498 2816 568 polluta
2865 496 3210 567 paenitentiae
3262 497 3396 549 sunt
3428 496 3470 528 ‘9
3517 511 3664 549 verae
3703 512 3916 550 sermo-

2286 591 2454 644 nibus
2493 590 2791 661 expianda,
2821 594 2878 644 et
2923 591 2978 644 in
3029 589 3256 644 secretis
3293 588 3479 642 cordis
3517 588 3698 643 ﬁdelis
3732 589 3921 643 novel-

2286 683 2486 738 landus
2515 689 2571 738 et
2617 684 3039 738 consecrandus
3080 689 3164 738 est
3210 682 3441 737 animus
3468 683 3536 736 9°.
3582 682 3776 738 Crebri
3809 699 3922 753 poe-

2286 777 2594 831 nitentium
2625 779 2871 848 gemitus
2920 777 3261 832 audiantur:
3303 792 3416 830 non
3461 777 3632 831 semel
3676 780 3918 842 tantum,

2285 871 2381 925 sed
2413 869 2602 942 297
2637 871 2847 924 iterum
2876 871 3066 925 ﬁdeles
3097 887 3162 924 ex
3191 870 3368 924 oculis
3392 869 3652 940 lacrymas
3681 869 3919 940 profun-

2284 964 2504 1029 dantur,
2541 968 2607 1018 ut
2652 963 2733 1018 illi
2774 964 2880 1034 ipsi
2923 963 3066 1018 oculi
3107 963 3204 1034 qui
3252 964 3400 1018 male
3449 963 3750 1017 simulacra
3779 977 3916 1016 con-

2283 1058 2609 1123 spexerunt,
2651 1069 2779 1123 quae
2821 1052 3015 1106 illicita
3053 1052 3469 1118 commiserant,
3513 1051 3913 1105 satisfacienti-

2282 1145 2388 1199 bus
2429 1147 2472 1180 ²¹
2523 1147 2636 1200 Deo
2687 1145 2915 1200 fletibus
2962 1146 3210 1200 deleant.
3246 1146 3365 1198 Non
3408 1149 3493 1199 est
3537 1144 3913 1215 nisi.patien-

2283 1240 2362 1293 tia
2405 1240 2515 1309 (99)
2549 1239 2759 1293 morbis
2790 1239 3124 1294 necessaria.
3166 1241 3473 1293 Luctantur
3506 1253 3632 1292 cum
3672 1254 3774 1292 suo
3811 1237 3914 1291 do-

2281 1332 2402 1387 lore
2434 1333 2529 1403 qui
2553 1333 2853 1403 languent,
2885 1338 2940 1387 et
2967 1333 3046 1386 ita
3079 1332 3310 1387 demum
3338 1337 3566 1402 sperant
3593 1331 3917 1400 sanitatem,

2282 1426 2326 1479 si
2393 1426 2699 1480 tolerantia
2756 1425 3082 1497 superarint
3131 1426 3422 1493 dolorem;
3471 1424 3708 1479 inﬁdelis
3761 1425 3920 1479 enim

2281 1519 2506 1573 cicatrix
2571 1536 2742 1590 quam
2808 1520 2921 1573 cito
2985 1519 3257 1574 festinans
3322 1518 3577 1573 medicus
3645 1518 3918 1584 induxit,

2282 1615 2338 1666 et
2382 1611 2454 1666 ad
2493 1613 2810 1683 quemlibet
2852 1629 3044 1666 casum
3095 1612 3324 1667 medela
3363 1611 3715 1666 rescenditur
3751 1612 3821 1680 Ἦ,
3873 1611 3918 1664 si

547 1707 643 1761 sed
672 1706 962 1760 humilitas
996 1711 1168 1776 atque
1197 1706 1472 1775 subjectio
1507 1708 1572 1774 ιο,
1601 1708 1695 1761 sed
1731 1707 1981 1762 alienum
2015 1709 2085 1762 de
2121 1723 2178 1762 se
2202 1694 2254 1765 Β
2279 1722 2392 1760 non
2425 1706 2472 1740 ³³
2502 1705 2746 1760 ﬁdeliter
2783 1705 2852 1761 de
2883 1706 3006 1776 ipsa
3046 1706 3306 1760 tarditate
3346 1705 3602 1760 remedia
3637 1710 3916 1775 praesten-

547 1806 874 1871 expectasse
917 1799 1217 1868 judicium,
1250 1799 1352 1852 sed
1394 1801 1638 1854 alienam
1685 1801 1754 1854 de
1797 1818 1898 1855 suo
1929 1803 1967 1835 ¹¹
2011 1801 2174 1855 susti-

543 1895 732 1948 nuisse
766 1893 1123 1948 sententiam.
1157 1895 1266 1947 lloc
1299 1900 1384 1946 est
1417 1894 1575 1963 quod
1607 1894 2008 1964 pmnitentiam
2041 1912 2174 1966 pro-

543 1986 674 2052 bat;
708 1986 816 2040 hoc
842 1991 925 2040 est
950 1986 1103 2056 quod
1148 1985 1422 2056 impresso
1455 1987 1499 2020 ¹²
1534 1987 1750 2042 vulneri
1782 1987 2003 2042 inducit
2027 1988 2173 2042 cica-

548 2079 784 2147 tricem;
814 2079 920 2132 hoc
952 2079 1202 2150 estquod
1232 2079 1470 2149 dejectaz
1498 2080 1705 2135 mentis
1730 2080 1923 2136 ruinas
1942 2082 2050 2152 (97)
2074 2081 2177 2136 eri-

547 2173 696 2244 gitet
711 2173 936 2239 attollit,
952 2173 1101 2243 quod
1123 2173 1418 2228 ardentem
1443 2173 1788 2228 delictorum
1811 2175 2177 2230 mstuantium

542 2282 818 2337 vaporem
837 2265 1141 2335 restinguit
1169 2266 1275 2334 (98)
1299 2266 1514 2321 etﬁnit.
1539 2268 1657 2320 Non
1683 2267 1836 2322 enim
1857 2285 1984 2338 qua:
2010 2285 2174 2322 sano-

545 2377 673 2414 rum
703 2363 835 2413 sunt
863 2375 1166 2429 corporum
1196 2359 1451 2414 medicus
1476 2361 1644 2431 tegris
1675 2360 1836 2414 dabit
1866 2363 1932 2430 ‘3,
1971 2377 2040 2415 ne
2072 2362 2179 2415 im-

544 2457 822 2524 portunus
841 2453 1000 2506 cibus
1027 2455 1431 2523 tempestatem
1464 2454 1797 2509 valetudinis
1827 2455 2111 2509 scevientis
2131 2456 2175 2490 “

544 2563 661 2601 non
692 2547 988 2617 reprimat,
1031 2548 1126 2602 sed
1173 2547 1478 2614 accendat;
1527 2548 1735 2602 scilicet
1774 2565 1846 2602 ne
1887 2548 2034 2618 quod
2080 2565 2173 2618 po-

541 2640 735 2694 tuisset
766 2641 1046 2694 maturius
1063 2640 1287 2710 jejunio
1316 2641 1616 2694 extenuari
1647 2642 1711 2709 ³⁵,
1740 2658 1842 2712 per
1869 2641 2169 2712 impatien-

548 2735 687 2788 tiam
715 2733 944 2804 longius
970 2737 1127 2804 pasta
1147 2734 1430 2789 cruditate
1457 2733 1730 2804 producat
1765 2735 1829 2788 1⁸.

2277 1804 2379 1853 tur
2411 1816 2423 1854 :
2451 1799 2563 1854 cito
2593 1816 2786 1853 rursus
2815 1799 2871 1853 in
2901 1798 3235 1854 incendium
3262 1799 3495 1853 ﬂamma
3523 1799 3568 1832 ²⁴
3595 1803 3915 1865 revocatur,

2279 1892 2386 1946 nisi
2417 1892 2590 1947 totius
2621 1893 2788 1963 ignis,
2827 1891 2998 1948 etiam
3027 1909 3204 1964 usque
3240 1892 3310 1947 ad
3343 1898 3652 1947 extremam
3698 1891 3915 1946 scintil-

2277 1986 2412 2054 lam,
2462 1986 2702 2041 materia
2747 1986 3174 2057 restinguatur;
3229 1992 3289 2040 ut
3338 1986 3541 2040 merito
3587 1985 3917 2055 hujusmodi

2277 2079 2542 2135 homines
2597 2080 2778 2134 sciant
2825 2079 2936 2134 sibi
2991 2079 3164 2134 etiam
3207 2079 3278 2134 de
3328 2079 3451 2150 ipsa
3514 2095 3677 2134 mora
3727 2079 3918 2150 magis

2277 2173 2493 2227 consuli
2523 2179 2580 2227 et
2607 2172 2870 2228 ﬁdeliora
2907 2172 3239 2228 necessariis
3265 2172 3627 2227 dilationibus
3665 2172 3921 2226 remedia

2276 2266 2563 2338 praestari.
2599 2268 2907 2335 Caeterum,
2944 2266 3038 2320 ubi
3070 2266 3181 2321 erit
3214 2266 3366 2337 quod
3393 2266 3646 2320 custodia
3675 2265 3920 2337 squalidi

2277 2359 2522 2414 carceris
2571 2359 2942 2414 includuntur
2984 2360 3034 2394 ’5
3076 2359 3171 2430 qui
3217 2360 3504 2414 Christum
3547 2360 3917 2427 conﬁtentur,

2277 2453 2320 2506 si
2373 2453 2493 2507 sine
2545 2453 2794 2524 periculo
2847 2453 2978 2508 ﬁdei
3033 2460 3164 2508 sunt
3210 2453 3308 2526 qui
3347 2455 3749 2524 negaverunt?
3795 2452 3918 2522 ubi,

2275 2545 2428 2617 quod
2455 2548 2514 2601 in
2549 2547 2788 2601 nomine
2820 2548 2915 2601 Dei
2943 2552 3279 2602 catenarum
3311 2547 3533 2602 ambitu
3559 2547 3918 2613 vinciuntur,

2272 2640 2316 2693 si
2345 2640 2466 2693 sine
2494 2640 3014 2694 communicatione
3048 2656 3165 2694 non
3193 2643 3327 2694 sunt
3363 2640 3459 2711 qui
3497 2640 3922 2696 confessionem

2275 2733 2371 2787 Dei
2394 2749 2512 2786 non
2541 2733 2904 2788 retinuerunt
2925 2734 2972 2767 ²⁶
3000 2733 3027 2787 ‘I
3057 2733 3174 2803 ubi,
3206 2733 3360 2805 quod
3389 2733 3602 2788 detenti
3631 2737 3924 2804 martyres

1929 2849 2139 2914 Variae
2194 2849 2530 2913 lectiones.

606 2959 624 2993 7
652 2959 835 3010 Divini
879 2962 1062 3010 metus
1101 2960 1238 3009 Lam.
1289 2960 1440 3009 Ebor.
1483 2961 1606 3009 Bod.
1655 2962 1699 3008 1.
1743 2959 1853 3010 NC.
1890 2962 1933 3009 1.

543 3034 664 3084 Hoc
695 3035 780 3081 est
821 3032 967 3080 Lam.
1013 3031 1163 3080 Ebor.
1263 3034 1300 3063 "
1340 3030 1448 3082 Sed
1493 3032 1562 3082 de
1593 3046 1697 3082 suo
1742 3036 1868 3082 actu
1909 3032 2030 3080 Bod.
2071 3033 2113 3080 1.

541 3103 796 3154 medicus
825 3101 1048 3151 dabitur
1075 3103 1214 3151 Lam.
1253 3102 1403 3151 Ebor.
1430 3103 1475 3152 2.
1507 3104 1612 3153 NC.
1645 3107 1687 3153 1.

542 3246 649 3296 ΝΟ.
705 3247 748 3293 1.
855 3242 893 3275 ’⁸
929 3243 1126 3293 Misera
1180 3243 1394 3290 omittit.
1443 3244 1580 3291 Lam.
1641 3245 1750 3293 ΝΟ.
1798 3244 1844 3293 2.
1903 3245 2021 3292 Ben.

542 3316 653 3366 ΝΟ.
705 3316 750 3362 1.
796 3314 913 3362 Ben.

542 3383 696 3434 Ebor.
749 3385 790 3432 1.
843 3382 953 3432 NC.
1005 3383 1048 3431 1.
1120 3384 1237 3432 Ben.
1337 3386 1380 3415 ²¹
1415 3383 1799 3448 Exstinguitur
1855 3387 1970 3433 Vat.

547 3453 809 3504 cendium
862 3451 1100 3502 ﬂammai
1157 3454 1297 3501 Lam.
1356 3452 1507 3503 Ebur.
1556 3455 1664 3503 ΝΟ.
1720 3456 1762 3504 1.
1823 3455 2052 3505 Lamina
2103 3458 2394 3504 revocatur
2446 3453 2556 3501 Ver.

545 3526 793 3582 tiuntur,
849 3521 997 3586 quod
1060 3535 1282 3573 carcere
1341 3523 1703 3574 includuntur
1768 3526 1906 3574 Lam.
1961 3523 2117 3574 Ebor.
2169 3524 2277 3573 ΝΟ.
2338 3525 2383 3572 1.

544 3597 652 3648 NC.
685 3599 728 3646 1.
757 3595 955 3643 Manut.

2024 2959 2042 2990 ⁸
2068 2960 2372 3022 Lapsorum
2414 2959 2526 3006 Vat.

2204 3034 2241 3064 ¹²
2269 3031 2390 3080 Hoc
2441 3031 2727 3093 impresso.
2771 3030 2882 3078 Ver.

1765 3107 1801 3136 τά
1831 3103 2125 3154 Saevientis
2144 3103 2344 3150 omittit
2377 3101 2519 3150 Lam.
2547 3100 2654 3149 ΝΟ.
2690 3101 2731 3148 1.
2761 3099 2916 3148 Ebor.
2992 3102 3028 3132 '5
3055 3101 3398 3148 Attenuante
3421 3099 3600 3147 sanari
3627 3099 3764 3146 Lam.
3786 3097 3926 3146 Bod.

544 3178 590 3232 1,
617 3175 664 3224 2.
701 3174 807 3222 NC.
849 3175 887 3221 l.
927 3173 1224 3221 Attenuari
1261 3173 1366 3220 Ver.
1440 3173 1478 3204 ’δ
1506 3173 1772 3224 Videatur
1796 3173 2023 3236 produci
2059 3174 2199 3221 Lam.
2231 3170 2386 3220 Ebor.
2429 3171 2554 3219 Bod.
2597 3172 2642 3230 1,
2689 3170 2734 3219 2.
2768 3170 2883 3218 Ben.
2914 3170 3112 3218 Manut.

2125 3243 2164 3274 ’τ’
2194 3242 2472 3291 Patienter
2513 3240 2668 3289 addit
2712 3240 2819 3288 ΝΟ.
2871 3241 2916 3288 1.
2967 3239 3125 3306 Veris
3171 3237 3519 3288 sermonibus
3569 3237 3711 3286 Lam.
3754 3235 3926 3285 Ebor.

1012 3316 1054 3344 ὐ
1091 3311 1468 3362 Novellandus
1513 3316 1597 3362 est
1649 3313 1885 3363 animus.
1944 3313 2080 3360 Lam.
2144 3311 2273 3361 Bod.
2337 3312 2382 3371 1,
2435 3312 2484 3360 2.

2070 3385 2110 3415 ³³
2151 3383 2253 3432 Cui
2300 3395 2413 3430 non
2477 3383 2616 3430 Lam.
2675 3379 2824 3429 Ebor.
2868 3379 2974 3428 ΝΟ.
3027 3380 3070 3428 1.
3127 3379 3242 3428 Ben.

2618 2957 2970 3022 91mpudens
3012 2958 3264 3009 contulit.
3306 2958 3420 3006 Vat.
3517 2959 3554 2988 ὀ
3584 2956 3868 3020 Subjectio
3904 2971 3919 3006 :

2978 3031 3016 3061 ¹³
3043 3028 3205 3078 Senis
3247 3027 3589 3092 corporibus,
3614 3027 3712 3078 sed
3752 3027 3930 3090 aegris

3188 3168 3225 3200 '7
3255 3168 3411 3218 Malis
3447 3169 3561 3216 Ben.
3590 3167 3729 3215 Lam.
3760 3166 3931 3216 Ebor.

3224 3309 3268 3340 “
3305 3307 3718 3358 Satisfecientes
3772 3307 3932 3357 Lam.

2547 3310 2697 3360 Ebor.
2747 3309 2854 3359 ΝΟ.
2915 3309 2958 3357 1.
3011 3309 3130 3358 Ben.

3342 3379 3382 3410 ²⁴
3413 3377 3770 3428 Ριιωειθηῑιιτ.
3828 3377 3933 3428 In—

2657 3452 2696 3484 '5
2726 3449 3002 3502 Caeterum
3055 3449 3154 3500 ubi
3205 3449 3308 3500 erit
3357 3448 3506 3513 quod
3555 3448 3767 3512 judicia
3816 3462 3928 3512 pa-

2447 3523 2572 3573 Bod.
2624 3521 2656 3572 2
2707 3523 2824 3572 Ben.
2951 3521 2993 3552 ’⁸
3033 3520 3136 3572 Dei
3194 3522 3501 3572 renuerunt
3559 3519 3698 3568 Lam.
3760 3517 3935 3569 Ebor.

1840 3658 2065 3740 Steph.
2108 3657 2354 3721 Baluzii
2403 3662 2599 3721 notae.

609 3779 708 3841 (91)
735 3777 1014 3869 Stantibus
1047 3778 1219 3860 laicis.
1270 3779 1331 3829 Id
1383 3785 1468 3862 est
1517 3781 1673 3841 laicis
1711 3782 1807 3846 qui
1855 3785 2248 3869 constantesc
2273 3779 2358 3829 dio
2389 3794 2406 3827 :
2443 3778 2869 3869 «LLevitit‘isnet
2923 3776 3148 3858 pessimi
3173 3777 3399 3869 ἐτι-(ξιξ
3426 3779 3928 3869 ⁸ιιιβιονιεθῑιιρθι·

545 3850 762 3900 fuerant
797 3849 851 3897 in
881 3849 1228 3900 confessione
1275 3852 1533 3913 nominis,
1583 3853 1679 3916 qui
1735 3865 1847 3901 non
1891 3847 2248 3902 cesserant”
2277 3854 2360 3900 est
2389 3849 2566 3900 turba.
2598 3867 2626 3894 »
2661 3849 2731 3898 Et
2770 3847 2965 3899 Cicero
3008 3849 3064 3896 in
3111 3847 3266 3897 initio
3312 3847 3440 3898 libri
3492 3847 3929 3898 Tusculanarum

542 3921 852 3981 tormentis,
905 3922 999 3983 qui
1043 3935 1156 3971 non
1205 3923 1658 3974 sacriﬁcaverunt
1693 3923 1871 3973 idolis.
1932 3925 2066 3973 Inde
2123 3927 2176 3972 in

543 3991 774 4055 epistola
814 3992 1069 4055 sequenti
1113 3994 1382 4056 scriptum
1430 3999 1514 4044 est
1544 3995 1853 4044 Ecclesium
1889 4008 2012 4045 esse
2041 4008 2175 4044 con-

543 4066 792 4113 stitutam
823 4065 986 4114 etiam
1011 4065 1068 4114 in
1095 4066 1384 4116 stantibus.
1420 4068 1558 4117 Vide
1585 4069 1752 4118 etiam
1780 4069 1934 4131 epist.
1963 4067 2042 4117 30.

606 4135 707 4197 (92)
736 4134 833 4183 Ubi
856 4138 1006 4184 enim.
1039 4137 1212 4186 Vetus
1239 4137 1598 4201 Remigiauus
1631 4155 1640 4186 :
1670 4156 1698 4186 ‹‹
1735 4139 1815 4188 Ibi
1860 4140 2006 4189 enim
2035 4139 2175 4188 divi-

543 4220 650 4255 nus
694 4208 875 4254 metus
914 4206 1244 4270 relinquitur
1283 4221 1411 4258 cum
1457 4213 1566 4258 tam
1602 4211 1762 4260 facile
1817 4211 2176 4273 peccantibus

543 4278 703 4327 venia
739 4281 1046 4339 praestatur.
1081 4295 1108 4322 »
1148 4278 1354 4328 Vocem
1397 4285 1561 4330 metus
1606 4281 1813 4330 habent
1865 4282 2032 4330 etiam
2081 4282 2178 4330 ali-

545 4352 682 4410 quot.
715 4347 806 4395 alii
843 4347 967 4396 libri
996 4353 1226 4399 veteres.

608 4419 708 4479 (93)
742 4418 802 4466 Et
826 4417 888 4466 de
913 4419 1206 4481 Scripturis
1232 4420 1545 4470 instruendi.
1580 4422 1716 4472 Haec
1745 4422 1945 4472 desunt
1991 4424 2046 4472 in
2083 4425 2177 4474 tri-

544 4490 652 4539 bus
676 4489 921 4552 antiquis
957 4490 1262 4540 codicibus.

605 4562 700 4622 (9t)
734 4560 868 4620 Quia
910 4562 1063 4609 multi
1102 4567 1242 4610 sunt.
1287 4563 1665 4613 Tertullianus
1733 4565 1789 4614 in
1847 4566 2004 4615 initio
2049 4565 2175 4616 libri

541 4631 604 4682 de
649 4631 914 4680 Pudicitia
943 4646 959 4678 :
987 4650 1014 4675 «
1059 4632 1230 4694 Quasi
1276 4646 1386 4682 non
1433 4635 1654 4684 facilius
1701 4636 1772 4684 sit
1817 4649 2000 4686 errare
2045 4650 2174 4686 cum

542 4702 814 4767 pluribus,
869 4703 1095 4766 quando
1147 4705 1350 4754 veritas
1419 4719 1548 4754 cum
1600 4707 1794 4768 paucis
1851 4711 2080 4756 ametur.
2145 4723 2174 4755 »

542 4775 917 4836 Hieronymus
943 4774 998 4822 in
1025 4774 1243 4839 dialogo
1293 4776 1549 4826 adversus
1594 4776 1904 4840 Pelagianos
1935 4793 1952 4825 :
1978 4796 2005 4824 «
2032 4778 2170 4828 Mul-

543 4846 719 4895 titudo
763 4845 1040 4894 sociorum
1087 4860 1376 4910 nunquam
1422 4852 1475 4896 te
1515 4847 1873 4901 catholicum.
1923 4849 2022 4898 sed
2057 4847 2173 4898 hae-

543 4917 779 4966 reticum
808 4929 927 4966 esse
953 4916 1373 4966 demonstrabit.
1405 4937 1432 4963 io
1465 4918 1622 4974 Nam,
1653 4921 1714 4967 ut
1751 4918 1895 4968 idem
1926 4919 2056 4968 alibi
2079 4919 2172 4980 ait,

544 5007 572 5033 «
610 4988 965 5037 Peccantium
1025 4988 1324 5038 multitudo
1366 5002 1477 5038 non
1534 4991 1732 5052 quaerit
1780 4991 1946 5040 errori
1995 4994 2176 5054 patro-

544 5059 773 5108 cinium.
803 5077 830 5104 »
889 5058 1100 5108 Seneca
1159 5059 1214 5106 in
1265 5059 1405 5108 libro
1457 5059 1520 5108 de
1574 5061 1694 5109 Vita
1742 5059 1899 5110 beata
1947 5075 2065 5125 cap.
2103 5063 2172 5110 2:

541 5150 569 5175 ‹‹
604 5130 725 5179 Non
757 5134 866 5178 tam
896 5129 1036 5178 bene
1064 5142 1187 5178 cum
1230 5129 1394 5179 rebus
1445 5129 1704 5179 humanis
1751 5133 1934 5195 agitur
1977 5137 2038 5182 ut
2064 5147 2175 5184 me-

541 5201 679 5250 liora
707 5200 959 5264 pluribus
985 5200 1256 5262 placeant.
1303 5202 1706 5264 Argumentum
1754 5204 1981 5265 pessimi
2013 5206 2176 5255 turba

543 5278 625 5322 est
666 5290 692 5315 »
727 5272 875 5321 Idem
902 5271 997 5320 lib.
1027 5285 1043 5320 ι
1069 5269 1130 5319 de
1158 5269 1451 5331 Clementia,
1481 5285 1598 5336 cap.
1629 5273 1683 5322 21
1725 5289 1735 5322 :
1765 5291 1792 5319 «
1831 5274 1983 5325 Fecit
2026 5277 2173 5326 enim

541 5341 1006 5393 consuetudinem
1065 5341 1331 5404 peccandi
1387 5343 1683 5392 multitudo
1736 5346 2102 5406 peccantium,
2146 5365 2174 5392 »

541 5413 937 5475 Quintilianus,
984 5411 1076 5461 lib.
1123 5426 1158 5472 ι,
1210 5426 1326 5475 cap.
1369 5413 1401 5461 6
1445 5428 1455 5460 :
1495 5430 1523 5461 «
1553 5414 1708 5464 Unde
1747 5417 1893 5466 enim
1955 5423 2175 5468 tantum

541 5483 672 5532 boui
702 5486 764 5531 ut
820 5482 1071 5546 pluribus
1119 5496 1244 5545 quas
1290 5496 1421 5534 vera
1460 5488 1592 5535 sunt
1637 5485 1944 5549 placeant?
1976 5505 2004 5535 ››
2039 5490 2175 5540 Ovi-

541 5555 684 5616 dius,
718 5554 812 5603 lib.
845 5567 862 5602 ι
888 5555 950 5603 de
979 5557 1105 5604 Arte
1137 5554 1360 5603 amandi
1395 5569 1412 5602 :

787 5649 1038 5713 Pleraque
1063 5653 1183 5700 sunt
1209 5663 1418 5714 semper
1443 5649 1702 5700 deteriora
1735 5651 1902 5702 bonis.

532 5744 823 5802 Matthwus
869 5744 1075 5797 Bossus
1113 5745 1170 5796 in
1211 5745 1604 5810 disputatione,
1635 5759 1760 5812 quas
1801 5749 1885 5798 est
1923 5745 1987 5797 de
2035 5748 2176 5797 Gau-

2193 5167 2253 5239 D

2277 3923 2622 3984 quaestionum
2668 3934 2685 3967 :
2719 3936 2748 3964 «
2799 3918 2885 3969 Ad
2936 3920 3071 3968 vitia
3121 3920 3474 3969 consentiens
3525 3919 3843 3970 multitudo.
3892 3938 3929 3965 »

2276 3991 2520 4041 Adnotat
2565 3991 2777 4041 Nonius
2826 3990 3119 4040 Marcellus
3163 3991 3422 4054 antiquos
3463 4004 3768 4054 paucorum
3814 4004 3931 4041 nu-

2275 4076 2492 4113 merum
2523 4063 2778 4126 posuisse
2808 4075 2907 4126 pro
2955 4061 3134 4121 bonis,
3176 4062 3323 4112 sicut
3367 4065 3423 4112 et
3466 4061 3770 4112 multorum
3814 4077 3929 4126 pro

2277 4134 2453 4183 malis.
2488 4134 2548 4183 T.
2586 4133 2794 4194 Livius,
2821 4132 2915 4182 lib.
2951 4146 3049 4182 xxi
3081 4147 3092 4180 :
3125 4149 3150 4177 «
3181 4133 3350 4183 Pauci
3386 4146 3450 4184 ac
3493 4135 3734 4197 Optimus
3760 4135 3933 4197 quis-

2277 4215 2388 4268 que
2416 4205 2677 4253 Hannoni
2707 4203 3171 4253 assentiebantur.
3201 4220 3230 4250 «

2340 4274 2437 4332 (95)
2491 4272 2690 4322 Valere.
2733 4273 2870 4322 Haec
2925 4286 3033 4322 vox
3083 4286 3193 4322 non
3267 4273 3506 4323 habetur
3559 4274 3614 4323 in
3671 4273 3930 4325 editione

2276 4346 2616 4405 Morelliana,
2674 4348 2729 4394 et
2785 4343 2937 4395 deest
2989 4346 3157 4394 etiam
3211 4345 3266 4393 in
3317 4347 3566 4410 quinque
3624 4345 3931 4396 codicibus

2275 4419 2540 4480 antiquis.
2573 4416 2675 4465 Pro
2723 4429 2787 4466 ea
2836 4419 3019 4466 autem
3085 4418 3250 4467 vetus
3294 4417 3656 4480 Remigianus
3692 4417 3934 4479 praefert

2273 4488 2547 4551 proﬁcere.

2339 4559 2434 4620 (96)
2464 4557 2746 4607 Patientia.
2793 4557 3035 4620 Quidam
3075 4557 3298 4609 codices
3339 4557 3548 4608 habent
3584 4558 3928 4622 pmnitentia,

2276 4630 2424 4679 facili
2472 4633 2528 4678 et
2583 4629 2824 4678 multum
2877 4628 3041 4679 obvio
3087 4643 3289 4686 errore,
3343 4633 3422 4679 uti
3475 4631 3802 4680 monuimus
3849 4631 3928 4680 ad

2275 4700 2578 4765 Epistolam
2616 4712 2755 4761 xvn,
2800 4715 2922 4764 pag.
2975 4700 3085 4750 403.
3131 4701 3319 4752 Codex
3363 4701 3925 4765 Gratianopolitanus

2273 4778 2330 4822 et
2364 4773 2534 4822 editio
2562 4773 2799 4823 Morellii
2829 4773 3034 4823 habent
3064 4775 3344 4837 sapientia.

2338 4845 2437 4907 (97)
2498 4844 2715 4906 Dejectas
2770 4845 2958 4894 mentis
3007 4845 3212 4895 ruinas.
3282 4845 3457 4895 Vetus
3525 4844 3919 4908 Remigianus,

2273 4916 2497 4967 declives
2531 4921 2578 4965 et
2607 4921 2876 4965 trementes
2901 4919 3094 4967 ruinas
3117 4917 3272 4979 erigit
3297 4921 3346 4966 et
3381 4917 3602 4967 extollit.

2339 4991 2434 5052 (98)
2473 4989 2725 5050 Vaporem
2750 4989 3048 5052 restinguit.
3090 4990 3226 5039 Tres
3272 4989 3396 5040 libri
3440 4993 3654 5039 veteres
3700 4988 3923 5040 habent

2273 5061 2563 5123 exstinguit
2589 5075 2606 5108 :
2635 5077 2664 5106 a
2687 5059 2974 5122 Congruas
3000 5074 3158 5111 escas
3188 5062 3439 5112 medicus
3461 5061 3624 5125 aegris
3650 5059 3760 5110 dat.
3791 5062 3920 5110 Non

2275 5133 2442 5192 enim,
2475 5149 2501 5175 »
2533 5136 2643 5182 etc.
2674 5131 2844 5181 Vetus
2871 5131 3250 5196 Remigianus,
3277 5132 3513 5183 morbum
3555 5132 3843 5194 restinguit
3873 5138 3925 5182 et

2273 5204 2405 5268 ﬁnit.
2440 5203 2518 5252 Ita
2545 5203 2711 5253 etiam
2739 5203 3308 5267 Gratianopolitanus.

2339 5275 2440 5339 (99)
2479 5273 2590 5326 Nisi
2639 5274 2923 5337 patientia.
2971 5275 3120 5325 Idem
3167 5275 3344 5326 codex
3390 5275 3770 5338 Remigianus,
3814 5287 3922 5324 non

2275 5350 2346 5395 est
2388 5345 2734 5408 impatientia.
2792 5344 2870 5392 lta
2916 5346 3083 5394 etiam
3125 5344 3483 5406 Sorbonicus,
3529 5345 3803 5394 Fuxensis
3861 5350 3922 5395 et

2276 5417 2840 5480 Gratianopolitanus.
2886 5417 2946 5465 In
3002 5419 3310 5469 recentiore
3365 5416 3691 5480 Remigiano
3747 5419 3802 5465 et
3857 5417 3916 5465 in

2276 5489 2599 5538 Divionensi
2637 5490 2794 5539 :Non
2835 5493 2909 5539 est
2951 5490 3058 5540 nisi
3106 5488 3368 5552 patientia
3397 5489 3454 5537 in
3501 5487 3705 5536 morbis.
3737 5489 3918 5539 Luca-

2278 5572 2386 5610 nus
2415 5572 2478 5609 IX
2512 5575 2522 5608 ἒ

3085 5633 3284 5684 Gaudet
3311 5632 3561 5697 patientia
3587 5631 3749 5682 duris.
