4160 6216
269 242 342 294 305
1593 234 1909 290 EPISTOLA
1948 234 2148 288 XXVII.

3456 243 3558 295 306

264 364 473 436 gloriosas
499 362 544 396 ³⁷
589 360 811 415 animas
860 362 1102 431 ponunt,
1157 360 1200 413 si
1243 361 1342 432 qui
1393 360 1822 431 dereliquerunt
1842 367 1971 445 Aet
2021 375 2180 430 super
2233 363 2392 415 istam
2434 365 2646 428 petram
2683 363 2954 430 aadiﬁcabo
3003 367 3292 421 Ecclesium
3357 370 3554 430 meum,

260 458 385 512 ﬁdem
409 455 775 527 periculorum
807 459 863 508 et
904 453 1240 508 delictorum
1280 470 1518 508 suorum
1544 470 1660 508 non
1693 471 1820 509 sen-

260 552 367 604 tiunt
389 547 869 618 magnitudinem?
898 546 1054 610 Quod
1079 547 1124 600 si
1144 547 1384 601 nimiam
1401 547 1826 617 impatientiam

259 642 504 715 praeferunt
532 642 580 675 ³⁸
607 646 663 695 et
689 640 1035 694 intolerabili
1066 639 1429 694 festinatione
1457 639 1534 711 (1)
1565 655 1822 694 commu-

254 737 544 792 nicationem
587 739 914 805 exposcunt,
963 733 1172 787 frustra
1221 734 1460 804 querula
1495 735 1563 803 (2)
1614 733 1719 786 ista
1771 737 1827 787 et

255 828 535 884 individiosa
559 844 623 882 ac
651 827 796 882 nihil
826 828 1090 882 adversus
1122 826 1423 882 veritatem
1448 827 1695 881 valentia
1712 827 1827 896 jac-

253 927 345 977 tant
370 921 630 994 petulanti
660 923 716 976 et
751 921 978 975 infreno
1016 936 1114 974 ore
1157 919 1425 988 convicia,
1457 919 1822 991 quandoqui-

255 1017 350 1070 dem
372 1014 582 1070 licuerit
620 1014 729 1068 illis
758 1029 858 1068 suo
899 1014 1028 1084 jure
1062 1013 1310 1068 retinere
1356 1013 1509 1084 quod
1539 1029 1689 1067 nunc
1723 1029 1824 1067 sua

250 1114 408 1181 sponte
446 1108 678 1180 quaesita
722 1107 1059 1162 necessitate
1081 1107 1133 1142 29
1180 1113 1468 1177 coguntur
1510 1107 1818 1177 postulare.

251 1202 373 1256 Fides
412 1202 563 1256 enim
603 1217 730 1272 quae
770 1200 952 1271 potuit
985 1200 1268 1257 Christum
1307 1199 1584 1267 conﬁteri,
1626 1199 1820 1272 298

249 1295 388 1366 potuit
433 1297 484 1350 et
539 1311 573 1349 a
629 1294 952 1349 Christo-in
999 1294 1514 1349 communicatione
1561 1294 1815 1349 retineri.

247 1388 465 1458 Optamus
493 1393 549 1443 te
568 1388 665 1459 (3),
694 1387 1013 1443 beatissime
1041 1404 1106 1443 ac
1132 1387 1541 1459 gloriosissime
1571 1404 1725 1459 papa
1749 1388 1817 1456 ³ο,

245 1482 287 1535 in
309 1481 518 1536 Domino
545 1497 772 1554 semper
799 1482 943 1537 bene
967 1483 1160 1536 valere
1182 1486 1237 1536 et
1267 1482 1444 1537 nostri
1466 1481 1816 1538 meminisse.

673 1593 996 1649 EPISTOLA
1034 1593 1212 1648 XXVII
1244 1593 1337 1664 (4).

243 1702 432 1764 (mmet,
475 1703 684 1767 Rigalt.,
741 1705 932 1768 Belua,
981 1716 1156 1765 xxvu;
1201 1705 1380 1768 Paris,
1432 1715 1576 1766 xxvr,

819 1766 949 1830 Lips.
960 1802 977 1828 ,
997 1769 1200 1826 xxxiii.)

727 1885 1026 1926 CYPRIANUS
1075 1887 1282 1927 LAPSlS.

237 1973 589 2026 Anceusxrnu.
625 2003 695 2011 —
739 1975 1130 2042 Argumentum
1175 1975 1335 2044 hujus
1383 1977 1622 2044 epistolae
1667 1978 1823 2042 infra

287 2058 423 2114 habes
448 2062 679 2129 epistola
707 2077 853 2117 XXIX.
906 2083 934 2111 «
980 2066 1227 2126 Litteras,
1266 2066 1466 2133 inquit,
1518 2066 1592 2119 ad
1631 2081 1710 2120 me
1736 2068 1818 2132 fe-

288 2155 467 2213 cerunt,
510 2166 705 2219 pacem
747 2167 854 2204 non
893 2152 1135 2206 dandam
1181 2152 1287 2206 sibi
1331 2155 1695 2222 postulantes,
1733 2155 1824 2208 sed

287 2241 423 2306 quasi
457 2239 586 2306 jam
638 2239 826 2294 datam
857 2240 959 2294 sibi
1028 2241 1385 2302 vindicantes,
1436 2243 1583 2310 quod
1637 2243 1823 2295 dicant

213 2304 230 2326 ’
283 2329 492 2380 Paulum
537 2328 784 2382 omnibus
826 2345 1013 2398 pacem
1055 2329 1282 2390 dedisse,
1346 2331 1484 2383 sicut
1518 2332 1578 2384 in
1626 2331 1822 2384 litteris

282 2431 439 2469 eruum
474 2433 708 2485 quorum
745 2419 1050 2486 exemplum
1096 2419 1169 2471 ad
1211 2433 1303 2472 vos
1355 2421 1654 2486 transmisi,
1685 2422 1820 2490 lege-

283 2507 356 2566 tis,
387 2507 554 2562 simul
589 2507 723 2575 quid
764 2511 814 2560 et
853 2523 945 2577 ego
981 2509 1052 2561 eis
1099 2507 1330 2561 breviter
1373 2511 1754 2578 rescripserim.
1790 2531 1817 2560 »

280 2596 617 2650 Desideratur
656 2600 838 2650 autem
881 2597 1152 2666 lapsorum
1187 2598 1417 2666 epistola
1462 2597 1537 2652 ad
1579 2614 1711 2668 quos
1734 2614 1819 2654 re-

277 2685 462 2758 scribit.

277 2786 312 2838 l.
349 2785 621 2840 Dominus
672 2788 883 2853 noster,
933 2786 1092 2856 cujus
1141 2793 1429 2858 praecepta
1476 2788 1547 2858 (5)
1596 2792 1652 2843 et
1697 2805 1819 2844 mo-

221 2878 317 2932 nita
341 2880 639 2935 observare
681 2879 976 2948 debemus,
1020 2880 1266 2951 episcOpi
1312 2881 1590 2937 honorem
1635 2885 1819 2937 etEc-

220 2971 370 3026 etesiae
398 2990 514 3027 suae
537 2973 821 3027 rationem
853 2973 1174 3044 disponens,
1211 2974 1268 3027 in
1302 2976 1612 3046 Evangelio
1641 2977 1824 3048 loqui-

217 3069 289 3118 tur
310 3066 346 3100 ³¹
374 3072 429 3123 et
459 3066 605 3122 dicit
629 3067 794 3122 Petro
825 3082 837 3121 :
871 3070 982 3136 Ego
1012 3068 1111 3122 tibi
1137 3068 1254 3122 dico
1284 3071 1415 3138 quia
1445 3076 1504 3124 tu
1533 3085 1584 3125 es
1606 3074 1817 3135 Petrus,

1928 459 1978 508 et
2000 460 2170 523 porta:
2196 456 2493 520 inferorum
2519 470 2626 507 non
2656 458 2872 510 vincent
2914 473 3030 511 eum
3051 458 3124 528 (6)
3153 478 3168 512 :
3203 465 3252 514 et
3280 461 3385 514 tibi
3411 461 3551 514 dabo

1925 547 2099 601 claves
2147 547 2222 617 (7)
2275 548 2426 614 regni
2471 549 2761 614 caelorum;
2807 555 2858 601 et
2910 566 3027 618 quae
3094 553 3346 618 ligaveris
3394 569 3558 623 super

1930 646 2129 694 terram
2178 646 2337 694 erunt
2379 641 2550 708 ligata
2590 644 2637 694 et
2673 644 2730 694 in
2776 643 2938 704 cazlis,
2979 648 3028 697 et
3067 661 3406 715 quaecumque
3451 649 3553 700 sol-

1924 736 2064 788 veris
2112 749 2277 802 super
2309 738 2507 788 terram
2543 740 2701 788 erunt
2735 735 2914 788 soluta
2961 740 3011 790 et
3052 739 3109 790 in
3135 740 3275 792 caelis
3309 742 3553 809 (Matth.,

1925 841 2037 893 XVI,
2094 829 2179 894 18,
2245 827 2348 896 19).
2395 826 2531 880 Inde
2583 843 2687 897 per
2743 832 3068 899 temporum
3141 834 3196 884 et
3250 834 3551 887 successio-

1923 935 2063 973 num
2111 920 2261 973 vices
2297 920 2696 991 episcoporum
2735 921 3019 976 ordinatio
3064 928 3118 977 et
3160 925 3418 979 Ecclesiae
3464 943 3552 980 ra-

1923 1013 2002 1066 tio
2032 1013 2296 1079 decurrit,
2323 1019 2386 1067 ut
2430 1014 2670 1069 Ecclesia
2707 1032 2877 1086 super
2915 1017 3204 1088 episcopos
3247 1019 3555 1073 constitua-

1922 1111 2016 1161 tur
2043 1109 2100 1160 et
2145 1106 2328 1160 omnis
2368 1110 2525 1161 actus
2567 1108 2824 1162 Ecclesiae
2864 1126 2969 1179 per
3010 1111 3246 1164 eosdem
3279 1113 3546 1182 praeposi-

1921 1205 2009 1255 tos
2042 1200 2586 1286 guberneturj’Cum
2620 1202 2724 1256 hoc
2764 1203 2959 1274 itaque
2986 1204 3175 1258 divina
3205 1207 3330 1276 lege
3354 1204 3399 1239 ³³
3424 1208 3551 1260 fun-

1924 1293 2120 1348 datum
2167 1293 2256 1362 sit,
2304 1296 2482 1349 miror
2534 1294 2809 1366 quosdam
2854 1297 3052 1351 audaci
3103 1299 3425 1353 temeritate
3479 1299 3556 1353 sic

1921 1387 2064 1442 mihi
2093 1386 2284 1460 299
2327 1388 2570 1443 scribere
2617 1389 2874 1458 voluisse,
2922 1393 2985 1444 ut
3023 1391 3284 1445 Ecclesiae
3319 1393 3555 1447 nomine

1918 1481 2135 1536 litteras
2198 1482 2457 1536 facerent
2505 1483 2597 1552 (8),
2664 1503 2692 1531 ‹‹
2723 1483 2949 1554 quando
2980 1485 3025 1517 ³³
3067 1485 3306 1539 Ecclesia
3351 1488 3423 1557 (9)
3494 1488 3553 1540 in

1920 1575 2179 1645 episcopo
2234 1581 2290 1630 et
2344 1576 2490 1629 clero
2559 1578 2614 1630 et
2686 1593 2745 1629 1n
2815 1577 3081 1631 omnibus
3152 1579 3431 1632 stantibus
3484 1581 3557 1633 sit

1921 1669 2305 1722 constituta.»
2341 1668 2498 1722 Absit
2545 1669 2702 1722 enim
2753 1685 2855 1724 nec
2898 1669 3126 1724 Domini
3152 1672 3197 1705 3‘
3239 1672 3556 1726 misericor-

1631 1706 1795 1754 Oxon'
1921 1706 2246 1722 w............
2278 1706 2305 1717 ι.
2341 1706 2498 1722 ...κη
2753 1706 2855 1724 ut.
2898 1706 3126 1724 υυιωυι
3241 1706 3552 1726 "uacuam-

1805 1742 1820 1767 ’
1841 1736 1897 1807 Β
1923 1762 2014 1815 dia
2043 1768 2098 1816 et
2125 1766 2375 1832 potestas
2406 1762 2527 1832 ejus
2566 1762 2772 1816 invicta
2801 1762 2911 1832 (10)
2959 1763 3209 1833 patiatur
3255 1770 3319 1818 ut
3364 1767 3552 1820 Eccle-

1922 1855 2001 1908 sia
2031 1871 2150 1909 esse
2180 1855 2403 1910 dicatur
2447 1857 2736 1925 lapsorum
2781 1872 3077 1924 numerus,
3111 1873 3241 1911 cum
3282 1859 3555 1929 scriptum

1923 1949 1996 2002 sit
2026 1965 2039 2001 :
2067 1951 2208 2003 Deus
2235 1964 2340 2002 non
2382 1953 2459 2002 est
2501 1955 2856 2012 mortuorum,
2888 1951 2980 2003 sed
3023 1953 3267 2005 vivorum
3310 1951 3554 2022 (illailla,

1923 2058 2052 2109 xxu,
2085 2043 2192 2112 32).
2227 2043 2439 2095 Omnes
2480 2042 2714 2112 quidem
2757 2043 3026 2097 viviticari
3060 2049 3346 2114 optamus,
3397 2049 3453 2098 et
3495 2051 3558 2099 ut

1922 2136 1982 2189 in
2029 2140 2234 2189 statum
2283 2135 2585 2205 pristinum
2629 2136 3004 2190 restituantur
3047 2138 3307 2207 precibus
3352 2139 3558 2192 nostris

1924 2234 1981 2283 et
2034 2228 2339 2299 gemitibus
2397 2235 2640 2282 oramus.
2718 2228 2774 2282 Si
2853 2233 3044 2283 autem
3122 2231 3357 2300 quidam
3413 2232 3555 2302 lapsi

1924 2322 2229 2377 Ecclesium
2264 2339 2322 2375 se
2352 2323 2546 2375 volunt
2577 2339 2719 2388 esse,
2756 2327 2811 2376 et
2855 2322 2899 2376 si
2935 2323 3087 2394 apud
3128 2323 3254 2377 illos
3297 2327 3466 2395 atque
3496 2326 3554 2378 in

1923 2416 2032 2470 illis
2060 2418 2144 2470 est
2177 2415 2444 2482 Ecclesia,
2494 2415 2630 2486 quid
2672 2419 2950 2486 superest,
2990 2433 3159 2486 quam
3211 2422 3272 2471 ut
3316 2417 3421 2487 ipsi
3463 2435 3551 2472 ro-

1925 2513 2135 2580 gentur
2160 2525 2193 2563 a
2224 2509 2383 2562 nobis
2418 2515 2476 2564 ut
2524 2526 2625 2563 nos
2663 2509 2734 2562 ad
2770 2509 3072 2564 Ecclesium
3117 2511 3429 2581 dignentur
3454 2512 3554 2566 ad-

1923 2603 2148 2657 mittere
2167 2603 2194 2656 ?
2227 2601 2568 2657 Summissos
2601 2619 2739 2673 ergo
2768 2608 2822 2656 et
2863 2603 3090 2674 quietos
3117 2606 3174 2657 et
3203 2604 3555 2659 verecundos

1925 2713 2046 2751 esse
2112 2699 2335 2766 oportet
2380 2712 2474 2750 eos
2543 2696 2640 2766 qui
2714 2694 2908 2751 delicti
2959 2697 3047 2750 sui
3126 2712 3407 2752 memores
3464 2715 3554 2752 sa-

1922 2789 2177 2844 tisfacere
2253 2790 2368 2844 Deo
2446 2789 2687 2856 debent,
2775 2806 2880 2844 nec
2964 2790 3224 2844 Ecclesia;
3325 2790 3556 2845 nomine

1922 2883 2139 2938 litteras
2191 2883 2412 2947 facere,
2482 2899 2612 2937 cum
2666 2899 2724 2937 se
2797 2884 2978 2955 magis
3055 2884 3236 2939 sciant
3301 2884 3556 2940 Ecclesiae

1923 2977 2189 3032 scribere.

1991 3072 2058 3125 Il.
2113 3069 2470 3141 Scripserunt
2525 3072 2716 3126 autem
2767 3070 2910 3126 mihi
2960 3087 3145 3143 nuper
3193 3071 3426 3142 quidam
3479 3071 3549 3126 de

1559 3203 1767 3267 Variae
1824 3204 2164 3268 lectiones.

262 3325 296 3357 ’7'
315 3327 411 3377 Ubi
432 3329 532 3392 qui
567 3327 779 3378 detenti
812 3328 1094 3390 gloriosas,
1121 3329 1261 3377 Lam.
1299 3328 1451 3378 Ebor.
1483 3329 1594 3380 ΝΟ.
1635 3333 1679 3379 1.
1708 3333 1912 3381 Manut.
1995 3331 2037 3364 ιδ
2066 3332 2374 3382 Praeferunt
2415 3331 2703 3380 minimam
2747 3331 3069 3395 patientiam
3103 3331 3216 3379 Ben.
3261 3331 3370 3379 Vat.
3403 3331 3524 3381 Lam

215 3395 340 3445 Ξὸον.
365 3397 488 3447 Bod.
521 3401 574 3457 1,
598 3399 644 3447 2.
677 3398 786 3448 ΝΟ.
811 3399 860 3447 2.
900 3398 1305 3461 Impatientiam
1331 3413 1444 3462 prae
1465 3413 1527 3450 se
1551 3401 1738 3452 ferunt
1769 3403 1821 3452 0:

1926 3439 1933 3450 .
1998 3405 2042 3435 ’τ’
2069 3403 2228 3453 Nunc
2256 3403 2585 3454 necessitate
2616 3404 2754 3451 Lam.
2783 3402 2932 3450 Ebor.
2960 3403 3068 3452 ΝΟ.
3100 3405 3144 3452 1.
3214 3407 3252 3434 ³ο
3279 3403 3550 3466 Optamus

212 3469 267 3524 te,
290 3469 443 3518 frater
490 3469 694 3531 Rigalt.
735 3471 895 3520 Oxon.
967 3469 1302 3533 “Loquitur
1333 3471 1602 3522 Ecclesim
1644 3473 1768 3522 Bod.
1814 3474 1857 3522 1.
1930 3474 1968 3506 ³¹
1999 3473 2120 3523 Hoc
2149 3474 2223 3523 ita
2258 3472 2448 3522 divina
2476 3472 2619 3536 'lege
2661 3472 2782 3521 Bod.
2829 3474 2873 3521 1.
2943 3473 2982 3505 ³³
3011 3471 3283 3532 Voluisse,
3321 3473 3547 3536 quando

210 3536 342 3600 lmpr.
406 3541 445 3572 ³⁸
473 3540 558 3592 Ne
593 3539 815 3590 Domini
844 3540 1001 3589 Oxon.

1483 3603 1707 3686 Steph.
1754 3605 2001 3668 Baluzii
2047 3611 2242 3668 notae.

257 3724 312 3782 (1)
351 3723 683 3773 Intolerabili
776 3723 1130 3785 festinatione.

206 3793 303 3855 ria,
388 3794 781 3846 intolerabilem
879 3796 1271 3854 festinationem
1385 3799 1819 3848 communicatio—

205 3865 286 3913 nis.
328 3864 435 3916 Sed
474 3866 630 3917 hanc
683 3862 979 3916 lectionem
1025 3865 1307 3915 Pamelius
1349 3867 1425 3916 ait
1471 3881 1590 3918 esse
1642 3870 1819 3932 pessi-

207 3947 350 3984 mam.

255 4006 312 4066 (Ξ)
337 4007 594 4069 Quoi-uta.
625 4006 867 4070 Quidam
897 4006 1022 4056 libri
1047 4011 1279 4068 veteres,
1311 4008 1604 4072 querelosa.

257 4079 314 4136 (3)
364 4082 624 4142 Optamus
687 4082 749 4126 te.
813 4077 1219 4128 Revocavimus
1290 4078 1435 4129 hanc
1512 4081 1820 4130 clausulam

205 4151 426 4198 veterum
455 4150 792 4208 editionum,
820 4161 986 4210 quam
1012 4150 1316 4211 reperimus
1362 4151 1529 4199 etiam
1574 4151 1629 4199 in
1675 4165 1819 4214 qua--

203 4222 304 4266 tuor
355 4220 610 4284 antiquis
654 4218 959 4269 codicibus.
998 4219 1195 4268 Nescio
1233 4223 1418 4269 autem
1461 4234 1570 4283 qua
1625 4226 1820 4271 aucto-

204 4288 338 4339 ritate
383 4291 666 4354 Rigaltius
706 4290 870 4338 aliam
920 4289 1158 4349 induxit,
1204 4303 1371 4352 quam
1411 4304 1514 4355 ego
1564 4292 1820 4355 nuspiam

204 4361 372 4422 reperi.
414 4362 587 4425 Angli
619 4366 804 4410 tamen
827 4373 947 4409 eam
985 4361 1352 4410 retinuerunt.

250 4434 304 4490 (1)
348 4433 490 4483 Haec
563 4431 794 4495 epistola
849 4432 905 4479 in
941 4431 1107 4478 veteri
1156 4429 1298 4480 libro
1346 4433 1523 4481 sancti
1568 4433 1821 4496 Dionysii

204 4499 471 4552 Bernensis
517 4507 577 4552 et
612 4504 669 4551 in
725 4514 840 4550 uno
883 4514 1007 4551 meo
1043 4505 1123 4550 est
1168 4502 1558 4565 anepigrapha.
1593 4503 1655 4552 In
1703 4504 1820 4554 edi-

201 4573 326 4624 tione
349 4574 690 4624 Morelliana
719 4571 922 4621 dicitur
951 4585 1072 4621 esse
1114 4570 1354 4622 Celerini
1399 4574 1467 4622 ad
1523 4573 1721 4638 lapsos.
1758 4575 1819 4623 In

199 4645 417 4697 editione
461 4646 810 4704 Manutiana,
857 4658 984 4708 quae
1018 4644 1194 4707 prima
1248 4645 1499 4695 omnium
1544 4652 1645 4704 est,
1676 4650 1732 4696 et
1765 4647 1820 4695 in

199 4713 318 4764 libro
361 4718 639 4778 Fuxensi,
712 4716 1010 4779 Cyprianus
1084 4715 1264 4779 lapsis.
1327 4718 1461 4775 Quae
1535 4721 1619 4767 est
1695 4731 1821 4768 vera

198 4784 354 4837 lectio.

247 4860 301 4918 (ὅ)
361 4859 530 4920 Cujus
589 4863 865 4920 praecepta.
919 4856 1091 4920 Sequi
1140 4857 1196 4906 in
1255 4857 1362 4908 hoc
1415 4857 1540 4908 loco
1612 4859 1822 4922 placuit

197 4928 510 4991 scripturam
565 4928 692 4977 libri
727 4928 1019 4987 Fuxensis,
1053 4941 1221 4990 quam
1276 4931 1411 4991 puto
1460 4941 1581 4978 esse
1630 4929 1820 4978 melio-

197 5012 292 5048 rem
355 5015 420 5050 ea
477 5013 657 5063 quam
739 4999 1038 5061 praeferunt
1108 4999 1383 5049 editiones
1454 4999 1683 5049 Manutii
1769 5003 1822 5048 et

195 5068 407 5120 Morellii
459 5077 520 5121 et
579 5075 739 5119 vetus
795 5068 934 5118 liber
983 5082 1173 5129 meus,
1233 5069 1331 5119 ubi
1388 5071 1656 5134 scriptum
1716 5073 1818 5131 est,

199 5156 219 5182 et
244 5139 408 5205 Cujus
439 5143 732 5206 praecepta
764 5139 1033 5189 debemus
1061 5144 1307 5190 metuere
1347 5145 1402 5190 et
1450 5141 1760 5190 observare.
1793 5156 1821 5187 θ

197 5211 362 5264 Codex
388 5213 588 5264 sancti
619 5211 870 5274 Dionysii
906 5211 1214 5273 Remensis,
1243 5231 1271 5257 «
1304 5215 1586 5275 praecepta
1614 5212 1824 5264 servire

199 5288 240 5329 et
265 5284 586 5335 observare.
622 5299 651 5329 θ

251 5357 300 5407 ῖ’6’ξ
325 5359 446 5407 Non
477 5357 699 5405 vincent
742 5367 874 5403 eam.
915 5353 996 5402 Ita
1042 5354 1208 5403 etiam
1246 5354 1303 5403 in
1342 5354 1482 5404 libro
1513 5355 1575 5403 de
1620 5355 1826 5404 Unitate

201 5425 433 5485 Ecclesiae,
459 5439 599 5490 pag.
631 5427 732 5475 194.
765 5423 958 5474 Codex
979 5424 1253 5475 Fuxensis
1279 5439 1289 5472 :
1323 5427 1439 5476 Non
1461 5425 1826 5488 praevalebunt

201 5495 426 5548 adversus
456 5512 607 5546 eam.
644 5496 805 5559 Apud
849 5495 1148 5545 Pacianum
1188 5497 1244 5546 in
1289 5497 1519 5560 epistola
1560 5496 1629 5545 ad
1661 5495 1824 5560 Sym-

199 5566 557 5625 phronianum
607 5574 792 5617 contra
844 5570 1105 5617 tractatus
1154 5569 1588 5618 Novatianorum
1638 5584 1648 5616 :
1708 5570 1825 5618 Non

201 5641 548 5690 convalescent
589 5640 838 5689 adversus
864 5653 996 5688 eam.

255 5711 316 5772 (Ἰ)
347 5711 455 5762 Tibi
487 5710 638 5762 dabo
668 5711 848 5761 claves.
881 5711 1153 5774 Quamvis
1185 5711 1312 5762 istic
1354 5711 1538 5762 claves
1562 5725 1674 5762 non
1701 5711 1829 5761 den-

202 5787 280 5831 tur
306 5784 482 5847 Petro,
531 5783 638 5834 sed
685 5785 1090 5849 promittantur,
1141 5787 1356 5838 veteres
1402 5787 1587 5838 tamen
1636 5784 1825 5835 existi-

1841 5100 1899 5171 D

1226 3723 1423 3774 Vetera
1520 3729 2140 3814 exempla-Cmarunt
2199 3731 2252 3776 et
2312 3729 2478 3786 recte,
2535 3725 2693 3814 duitas
2740 3738 2890 3781 esse,
2949 3738 3157 3814 easque
3205 3726 3385 3774 solum
3450 3727 3548 3814 11e-

1921 3803 2067 3848 trum
2125 3798 2406 3860 accepisse
2469 3797 2543 3845 ait
2600 3796 2854 3860 Optatus,
2913 3795 3011 3846 sed
3055 3797 3558 3847 communicandas

1921 3884 2049 3920 cum
2089 3870 2318 3919 caeteris.
2366 3866 2605 3917 Gerebat
2653 3868 2822 3925 enim,
2848 3869 2910 3916 ut
2934 3866 3010 3917 ait
3061 3871 3290 3916 sanctus
3340 3869 3562 3931 Augus-

1922 3941 2090 4001 tinus,
2145 3941 2316 3988 totius
2371 3938 2647 3988 Ecclesiee
2682 3938 2913 4000 ﬁgurata
2959 3939 3312 4000 generalitate
3362 3953 3549 4001 perso-

1919 4025 2084 4070 nam;
2135 4015 2189 4059 et
2237 4013 2391 4059 erant
2456 4009 2652 4071 utique
2706 4006 2896 4058 Caneri
2949 4008 3184 4070 apostoli
3239 4009 3390 4072 quod
3446 4011 3552 4058 fuit

1920 4081 2134 4140 Petrus,
2167 4080 2284 4142 pari
2313 4079 2591 4127 consortio
2625 4077 2840 4140 praediti
2879 4081 2933 4125 et
2972 4076 3198 4126 honoris
3225 4081 3279 4126 et
3305 4080 3544 4138 potesta-

1921 4153 2011 4204 tis,
2054 4154 2113 4199 ut
2160 4151 2235 4198 ait
2281 4148 2591 4212 Cyprianus
2635 4149 2691 4196 in
2747 4148 2884 4196 libro
2930 4146 2993 4195 de
3048 4147 3252 4196 Unitate
3293 4146 3550 4197 Ecclesiae.

1922 4219 2060 4269 Vide
2140 4219 2430 4282 epistolam
2511 4218 2780 4281 Stephani
2836 4218 3080 4282 episcopi
3147 4217 3427 4267 Larissaeus
3481 4217 3550 4267 ad

1921 4292 2265 4341 Bonifacium
2296 4305 2495 4354 papam
2527 4291 2593 4351 ll,
2626 4289 2830 4338 editam
2860 4291 2916 4338 in
2944 4289 3281 4340 collectione
3310 4289 3560 4339 Romana

1922 4363 2213 4423 Ilolstenii,
2269 4361 2555 4424 epistolam
2636 4360 2864 4422 Mapinii
2945 4361 3191 4422 episcopi
3267 4359 3559 4410 Remensis

1921 4435 2068 4496 apud
2124 4432 2425 4482 Freherum
2474 4436 2529 4481 et
2576 4431 3003 4491 Duchesnium,
3073 4434 3126 4480 et
3201 4431 3557 4480 Franciscum

1922 4505 2209 4554 Musonum
2253 4503 2346 4552 lib.
2399 4515 2477 4562 ιν,
2529 4515 2646 4564 cap.
2701 4502 2750 4562 3,
2804 4502 2853 4561 4,
2907 4501 2970 4550 de
3018 4501 3314 4550 Ministerio
3375 4499 3553 4562 Angli-

1921 4590 2072 4626 cano.

1985 4651 2046 4708 (8)
2077 4650 2136 4696 Ut
2160 4647 2449 4697 Ecclesize...
2476 4645 2725 4706 facerent.
2752 4644 2860 4693 Ista
2892 4642 3080 4692 addita
3124 4645 3257 4691 sunt
3300 4657 3368 4692 ex
3417 4641 3560 4690 libro

1920 4733 2046 4770 meo
2108 4722 2290 4769 vetere
2355 4722 2410 4767 et
2471 4729 2537 4764 ex
2589 4714 2830 4763 editione
2887 4713 3140 4763 Morellii.
3204 4713 3344 4774 Quae
3391 4713 3563 4761 miror

1921 4791 2290 4854 praetermissa
2350 4788 2519 4837 fuisse
2586 4800 2616 4835 a
2680 4784 2923 4835 Pamelio
2980 4790 3035 4833 et
3091 4784 3358 4847 Rigaltio,
3428 4798 3558 4834 cum

1922 4863 2132 4924 absque
2189 4861 2254 4909 iis
2310 4872 2507 4908 sensus
2558 4870 2669 4905 non
2746 4859 2818 4905 sit
2884 4856 3112 4917 integer.
3180 4855 3351 4905 Recte
3432 4869 3561 4919 ergo

1921 4932 2176 4980 fecerunt
2280 4929 2446 4992 Angli
2559 4929 2664 4977 ista
2772 4931 3124 4989 reponentes.
3226 4926 3562 4976 Reinhartus

1921 5002 2123 5061 omisit,
2175 5001 2304 5063 quia
2339 5013 2402 5050 ea
2455 5012 2567 5048 non
2615 4996 2936 5048 inveniebat
2989 4997 3045 5046 in
3084 4996 3326 5048 editione
3375 4996 3561 5060 Rigal-

1921 5071 2002 5119 tii.

1984 5142 2052 5203 (9)
2085 5140 2303 5202 Quando
2357 5137 2611 5189 Ecclesia.
2679 5137 2861 5189 Verba
2929 5142 3061 5188 sunt
3129 5138 3412 5202 lapsorum
3493 5139 3562 5189 ad

1924 5211 2288 5275 Cyprianum.

1987 5281 2085 5342 (10)
2109 5281 2326 5331 Invicta.
2387 5282 2506 5332 Non
2540 5279 2897 5331 admonerem
2950 5279 3097 5330 hanc
3149 5293 3361 5340 vocem,
3394 5292 3562 5342 quam

1925 5353 2223 5416 praeferunt
2273 5353 2544 5403 editiones
2599 5351 2850 5412 Manutii,
2901 5350 3155 5409 Morellii,
3205 5356 3257 5398 et
3312 5349 3560 5410 Pamelii,

1926 5437 2052 5488 quas
2085 5427 2259 5474 exstat
2290 5425 2458 5473 etiam
2489 5425 2542 5472 in
2569 5423 2711 5472 libro
2738 5436 2862 5472 meo
2894 5423 3065 5473 veleri
3105 5425 3158 5471 et
3186 5421 3243 5470 in
3273 5421 3560 5471 Gratiano-

1926 5496 2192 5560 politano,
2223 5496 2458 5558 positam
2489 5509 2519 5544 a
2554 5509 2643 5544 me
2679 5509 2802 5545 esse
2833 5496 2889 5543 in
2925 5494 3032 5543 hoc
3068 5494 3211 5551 loco,
3243 5493 3348 5540 nisi
3377 5492 3564 5553 Rigal-

1927 5568 2036 5616 tius
2066 5571 2120 5616 et
2140 5565 2309 5616 editio
2337 5566 2642 5629 Anglicana
2697 5579 2796 5628 pro
2838 5578 2901 5615 ea
2954 5564 3238 5622 haberent,
3283 5563 3566 5622 invidiam,

1929 5638 2084 5687 nullo
2113 5651 2281 5688 sensu
2311 5641 2404 5687 aut
2428 5641 2571 5687 certe
2598 5638 2854 5700 pessimo.
2881 5636 3019 5686 Puto
3048 5641 3233 5686 autem
3260 5632 3566 5698 Rigaltium

1930 5724 2052 5760 eam
2081 5724 2306 5773 pravam
2349 5710 2644 5760 lectionem
2681 5709 2966 5771 accepisse
3004 5722 3075 5759 ex
3119 5707 3260 5758 libro
3300 5704 3571 5766 Fuxensi,

1931 5796 2042 5849 quo
2066 5796 2231 5834 usum
2257 5795 2378 5834 esse
2402 5781 2561 5832 illum
2592 5784 2823 5833 constat.
