4160 6216
549 251 652 305 307

1485 251 1539 306 8.
1580 251 1890 307 CYPRIANI
1929 252 2204 308 OPERUM
2245 253 2414 306 PARS
2444 253 2484 304 l.
2531 279 2591 290 —
2624 250 2983 306 EPISTOLAE.

3788 260 3874 314 308

551 373 724 444 lapsis
752 374 990 426 humiles
1018 377 1072 427 et
1107 374 1272 428 mites
1315 380 1368 428 et
1421 379 1727 429 trementes
1773 381 1828 428 et
1861 382 2179 430 metuentes
2205 389 2260 461 Α
2353 378 2392 429 1.
2424 374 2739 445 Cyprianus
2781 374 3125 445 presbyteris
3169 379 3225 428 et
3267 373 3602 428 diaconibus
3641 374 3878 436 fratribus

554 467 746 532 Deum,
777 472 831 519 et
863 467 1042 536 quiin
1076 469 1311 522 Ecclesia
1353 484 1578 538 semper
1618 469 1863 539 gloriose
1904 473 1961 522 et
2004 485 2176 539 gran-

553 558 699 612 diter
724 560 946 628 operati
977 564 1127 626 sunt,
1157 567 1214 614 et
1243 579 1384 632 opus
1413 578 1576 615 suum
1615 579 1906 634 nunquam
1938 562 2177 616 Domino

553 651 1001 721 imputaverunt,
1042 654 1284 708 scientes
1336 655 1497 708 illum
1540 655 1744 709 dixisse
1785 659 1897 710 :Et
1922 672 2039 709 eum
2074 657 2181 710 haec

548 747 802 813 feceritis,
836 747 996 802 dicite
1025 764 1038 801 :
1067 749 1222 804 Servi
1245 752 1570 818 supervacui
1593 765 1809 814 sumus;
1838 751 1982 818 quod
2000 750 2184 804 debui-

556 856 673 894 mus
700 842 899 906 facere,
931 843 1156 906 fecimus
1200 844 1372 912 (Lue.,
1411 858 1529 910 xm,
1577 845 1684 912 10).
1729 842 1867 906 Quae
1915 842 1995 896 illi
2026 843 2182 913 cogi-

554 937 760 1003 tantes,
791 936 848 987 et
873 934 1128 1004 quamvis
1157 935 1347 988 libello
1389 952 1419 987 a
1465 935 1810 1006 martyribus
1840 940 2089 1006 accepto,
2125 941 2185 990 ut

558 1033 748 1082 tamen
800 1044 833 1082 a
887 1028 1130 1082 Domino
1176 1028 1487 1081 satisfactio
1539 1045 1636 1082 sua
1699 1028 1918 1082 admitti
1983 1017 2219 1098 possit,'

557 1125 785 1175 orantes
811 1122 1155 1192 scripserunt
1185 1122 1326 1175 mihi
1368 1139 1424 1174 se
1471 1122 1738 1176 delictum
1779 1138 1943 1175 suum
1969 1139 2178 1193 cogno-

555 1230 712 1269 scere
739 1219 794 1269 et
842 1216 1231 1286 pcenitentiam
1273 1232 1463 1268 veram
1509 1232 1701 1285 agere,
1733 1232 1836 1269 nec
1872 1216 1939 1269 ad
1989 1232 2184 1286 pacem

555 1312 768 1364 temere
822 1312 920 1363 aut
983 1310 1304 1379 importune
1353 1325 1682 1378 properare,
1718 1310 1814 1362 sed
1858 1313 2183 1380 exspectare

556 1403 921 1474 praesentiam
951 1401 1497 1468 nostram,'dicentes
1514 1419 1710 1472 pacem
1730 1419 1953 1473 quoque
1976 1403 2182 1473 ipsam,

511 1567 514 1576 Ι
557 1497 601 1550 si
628 1511 756 1550 eam
789 1495 949 1548 nobis
979 1495 1353 1565 praesentibus
1374 1497 1716 1565 acceperint,
1741 1495 2055 1550 dulciorem
2081 1496 2186 1551 sibi

559 1589 830 1643 futuram.
865 1589 1080 1652 Quibus
1127 1592 1402 1659 quantum
1436 1590 1753 1659 gratulatus
1782 1589 1886 1642 sim
1919 1591 2188 1644 Dominus

561 1683 720 1736 testis
773 1687 874 1750 est,
915 1683 1011 1753 qui
1052 1683 1314 1752 dignatus
1364 1688 1447 1736 est
1492 1684 1790 1736 ostendere
1840 1684 1978 1753 quid
2046 1684 2188 1754 ejus-

2279 469 2537 522 salutem.
2570 469 2793 538 lntegre
2825 471 2882 520 et
2923 483 3055 522 cum
3107 467 3414 537 disciplina
3443 467 3674 533 fecistis,
3707 470 3878 529 fratres

2281 559 2617 628 charissimi,
2648 560 2819 631 quod,
2849 560 3087 615 consilio
3119 560 3476 632 collegarum
3517 576 3767 617 meorum
3796 568 3882 636 qui

2283 658 2590 724 praesentes
2617 658 2798 721 erant,
2839 653 2977 708 Gaio
3013 653 3286 710 Diddensi
3331 652 3666 725 presbytero
3703 659 3756 709 et
3777 657 3878 713 dia-

2283 763 2428 802 cono
2485 748 2608 818 ejus
2658 748 2953 801 censuistis
3008 764 3124 802 non
3178 746 3735 816 communicandum,
3797 754 3885 822 qui

2283 839 2766 895 communicando
2791 857 2922 894 cum
2951 841 3123 911 lapsis
3168 844 3226 894 et
3273 840 3570 895 offerendo
3601 839 3886 900 oblationes

2283 949 2502 997 eorum,
2543 933 2602 988 in
2649 933 2832 1005 pravis
2873 934 3158 988 erroribus
3194 933 3312 988 suis
3357 934 3680 1004 frequenter
3711 935 3884 1007 depre-

2283 1027 2467 1092 hensi,
2518 1030 2574 1081 et
2619 1026 2797 1080 semel
2864 1032 3036 1098 atque
3089 1029 3323 1096 iterum,
3399 1026 3710 1082 secundum
3753 1031 3889 1099 quod

2285 1119 2427 1173 mihi
2451 1119 2774 1191 scripsistis,
2813 1136 2846 1174 a
2881 1120 3113 1190 collegis
3151 1119 3292 1175 meis
3332 1119 3530 1174 moniti
3577 1135 3647 1172 ne
3692 1121 3791 1176 hoc
3817 1124 3886 1177 fa-

2285 1217 2498 1280 cerent,
2530 1212 2586 1266 in
2614 1213 3066 1287 praesumptione
3098 1218 3155 1268 et
3188 1213 3427 1267 audacia
3457 1229 3567 1280 sua
3612 1215 3889 1283 pertinaci-

2287 1309 2372 1360 ter
2418 1305 2809 1376 perstiterunt,
2857 1306 3207 1376 decipientes
3255 1307 3526 1376 quosdam
3591 1306 3785 1361 fratres
3831 1325 3892 1364 ex

2287 1399 2450 1470 plebe
2480 1402 2709 1468 nostra;
2741 1401 2947 1472 quibus
2991 1417 3093 1454 nos
3137 1399 3291 1454 omni
3338 1400 3664 1454 humilitate
3691 1401 3734 1434 ³⁵
3772 1417 3897 1456 con-

2287 1494 2497 1547 sultum
2525 1494 2807 1564 cupimus,
2837 1497 2895 1546 et
2935 1510 3181 1564 quorum
3221 1493 3386 1547 saluti
3423 1509 3535 1547 non
3585 1493 3893 1549 adulatione

2287 1587 2596 1656 composita
2649 1587 2783 1657 (l3),
2834 1585 2935 1639 sed
2980 1586 3201 1639 sincera
3247 1585 3359 1639 ﬁde
3429 1585 3794 1655 prospicimus
3845 1591 3899 1641 ut

2290 1694 2421 1732 vera
2451 1679 2779 1748 pcenitentia
2809 1685 2867 1734 et
2917 1679 3135 1749 gemitu
3167 1684 3220 1732 et
3260 1678 3460 1732 dolore
3517 1678 3686 1748 pleno
3719 1679 3894 1732 Domi-

563 1776 718 1830 modi
745 1781 803 1829 et
842 1751 981 1829 tales
1029 1751 1171 1829 servi
1222 1776 1290 1830 de
1334 1777 1453 1845 ejus
1508 1751 1873 1846 benignitate
1911 1777 2018 1847 (11)
2067 1751 2426 1830 me-Biium
2459 1773 2506 1806 ³⁸
2556 1773 2951 1842 deprecentur,
2999 1773 3130 1843 quia
3176 1771 3450 1843 scriptum
3497 1774 3626 1825 est:
3660 1773 3905 1827 Memento

563 1875 812 1923 reantur.
869 1870 1018 1933 Quas
1075 1869 1285 1923 litteras
1340 1887 1468 1923 cum
1515 1887 1696 1940 nuper
1745 1871 2083 1942 acceperim,
2132 1877 2190 1924 et

563 1979 715 2016 nunc
742 1962 898 2016 aliud
931 1963 1216 2033 scripsisse
1256 1980 1349 2016 vos
1385 1963 1648 2034 legerim,
1692 1968 1822 2034 pcto
1862 1965 2189 2018 discernatis

563 2056 840 2110 desideria
870 2059 1074 2122 vestra,
1109 2061 1162 2109 et
1200 2057 1546 2126 quicumque
1581 2058 1711 2109 estis
1757 2058 1853 2126 qui
1894 2057 1996 2110 has
2037 2056 2184 2110 litte-

563 2166 654 2204 ras
684 2166 834 2202 nunc
866 2148 1114 2211 misistis,
1148 2150 1378 2202 nomina
1418 2153 1604 2203 vestra
1643 2149 1831 2202 libello
1879 2149 2190 2219 subjiciatis

563 2246 618 2298 et
673 2242 924 2296 libellum
982 2257 1110 2295 cum
1159 2241 1517 2310 singulorum
1593 2242 1918 2295 nominibus
1969 2242 2043 2296 ad
2097 2259 2188 2296 me

564 2336 983 2390 transmittatis.
1036 2337 1179 2389 Ante
1227 2339 1312 2388 est
1351 2336 1504 2388 enim
1556 2336 1694 2390 scire
1751 2337 1956 2406 quibus
1995 2337 2189 2390 rescri-

561 2431 695 2484 bere
718 2429 980 2484 habeam.
1010 2431 1163 2482 Tunc
1204 2429 1273 2482 ad
1314 2430 1540 2498 singula
1585 2445 1714 2499 qua:
1756 2429 2054 2499 scripsistis
2085 2445 2189 2499 pro

561 2523 667 2577 loci
720 2526 776 2576 et
811 2528 967 2576 actus
1009 2523 1185 2576 nostri
1225 2523 1613 2576 mediocritate
1673 2523 1994 2576 rescribam.
2045 2522 2189 2593 Opto

566 2633 682 2683 vos,
720 2615 922 2668 fratres
961 2615 1296 2680 charissimi,
1326 2632 1550 2686 semper
1589 2615 1736 2669 bene
1784 2617 1971 2670 valere
2015 2622 2070 2670 et
2111 2632 2191 2670 se-

563 2709 808 2762 cundum
1083 2708 1302 2762 Domini
1327 2708 1682 2778 disciplinam
1725 2709 1916 2779 quiete
1946 2716 2001 2764 et
2028 2716 2177 2763 tran-

565 2797 736 2868 quillc
767 2813 960 2867 agere.
997 2798 1200 2850 Valete.

1014 2910 1336 2963 EPISTOLA
1365 2910 1559 2963 XXVIII
1592 2908 1722 2978 (12).

560 3071 584 3089 ε
645 3019 874 3082 (Pamel.,
906 3020 1037 3082 Rig,
1067 3020 1258 3089 Balu_z.,
1286 3030 1445 3067 xxvm
1470 3035 1484 3080 ;
1508 3020 1643 3089 Paris
1671 3057 1683 3079 ,

1719 3031 1841 3071 xxvr
1868 3035 1882 3081 ;
1912 3021 2100 3082 Oxon,

1184 3082 1339 3143 Lips.,
1368 3087 1564 3142 XXXIV.)

2213 3113 2264 3184 C

942 3198 1006 3235 AD
1034 3196 1398 3235 PRESBYTEROS
1432 3197 1492 3234 ΕΤ
1524 3197 1802 3235 DIACONOS.

559 3297 957 3349 ARGUMENTUM.
1010 3324 1076 3332 ——
1126 3295 1522 3361 Argumentum
1565 3295 1719 3361 hujus
1766 3296 2001 3362 epistolae
2054 3297 2191 3350 satis

626 3387 876 3438 convenit
902 3400 1019 3437 cum
1045 3384 1390 3451 praecedenti,
1432 3399 1494 3435 ac
1532 3390 1667 3451 puto
1708 3401 1824 3438 eam
1849 3401 1955 3439 esse
1985 3385 2049 3440 de
2081 3401 2192 3455 qua

631 3477 689 3528 in
717 3475 962 3542 sequenti
986 3472 1207 3540 epistola
1248 3473 1526 3540 loquitur;
1576 3473 1768 3526 laudat
1809 3476 1948 3527 enim
1992 3475 2192 3527 clerum

627 3579 803 3626 suum,
849 3563 996 3632 quod
1059 3564 1254 3615 Gaium
1315 3561 1631 3615 Diddensem
1693 3564 2084 3631 presbyterum,
2142 3567 2192 3616 et

629 3654 917 3706 diaconum
947 3652 1074 3718 ejus,
1119 3652 1212 3718 qui
1255 3651 1422 3719 lapsis
1471 3655 1661 3705 temere
1707 3652 2188 3712 communicabant,

631 3744 993 3796 communione
1040 3741 1342 3800 movissent,
1380 3745 1430 3792 et
1480 3746 1540 3792 ut
1583 3739 1646 3793 de
1691 3741 1815 3794 aliis
1864 3740 2192 3809 quibusdam

632 3833 867 3901 idipsum
893 3833 989 3898 fiat
1030 3829 1298 3883 hortatur.

2291 1865 2434 1920 unde
2457 1866 2729 1930 cecideris,
2759 1873 2808 1920 et
2849 1883 2945 1934 age
2979 1869 3357 1936 paenitentiam
3396 1865 3613 1937 (Apoc.,
3646 1880 3706 1930 ιι,
3733 1863 3825 1935 5);
3857 1871 3907 1920 et

2289 1957 2497 2013 iterum
2541 1959 2792 2031 loquitur
2836 1959 3130 2029 Scriptura
3178 1959 3368 2013 divina
3400 1975 3413 2013 :
3443 1959 3530 2015 Sic
3577 1958 3712 2013 dicit
3741 1960 3909 2013 Domi-

2288 2068 2389 2106 nus
2436 2069 2448 2106 :
2495 2052 2627 2106 Cum
2665 2068 2942 2108 conversus
2988 2055 3271 2120 gemueris,
3326 2059 3454 2107 tunc
3489 2052 3812 2115 satvaberis,
3866 2055 3912 2106 et

2287 2148 2416 2200 scies
2437 2146 2529 2200 ubi
2553 2148 2728 2212 fueris
2761 2148 2911 2212 (Isa.,
2940 2162 3068 2212 xxx,
3103 2147 3207 2216 l5).

2363 2241 2428 2292 ll.
2450 2239 2823 2310 lngemiscere
2857 2245 3049 2294 autem
3078 2245 3132 2294 et
3157 2255 3327 2310 agere
3359 2239 3761 2310 paenitentiam
3779 2255 3914 2312 quo-

2295 2333 2464 2386 modo
2493 2339 2732 2404 possunt
2777 2349 3027 2403 quorum
3076 2333 3386 2404 gemitibus
3429 2338 3484 2388 et
3521 2333 3795 2404 lacrymis
3834 2333 3916 2386 in-

2293 2425 2594 2480 tercedunt
2619 2426 2857 2496 quidam
2885 2427 2955 2481 de
2995 2427 3354 2498 presbyteris,
3395 2432 3459 2481 ut
3503 2426 3922 2482 communican-

2291 2518 2426 2572 dum
2455 2535 2584 2573 cum
2627 2519 2735 2574 illis
2774 2526 2989 2575 temere
3025 2520 3394 2574 existiment?
3432 2520 3760 2575 nescientes
3799 2519 3926 2591 quia

2290 2611 2563 2682 scriptum
2593 2615 2679 2666 est
2709 2629 2721 2666 :
2757 2613 2863 2679 Qui
2896 2628 2987 2668 vos
3022 2614 3206 2680 felices
3231 2615 3275 2646 ³⁷
3322 2613 3536 2675 dicunt,
3589 2615 3652 2666 in
3704 2627 3927 2667 errorem

2290 2719 2382 2758 vos
2425 2707 2668 2767 mittunt,
2715 2711 2765 2760 et
2809 2707 3057 2760 semitam
3110 2706 3306 2775 pedum
3346 2710 3657 2760 vestrorum
3712 2705 3930 2760 turbant

2292 2797 2442 2866 (Isa.,
2470 2813 2550 2864 ιιι,
2599 2799 2703 2868 12).
2747 2799 2940 2853 Merito
2987 2799 3238 2853 salubria
3279 2802 3477 2853 nostra
3518 2802 3580 2852 et
3633 2814 3772 2853 vera
3802 2815 3929 2852 cou-

2292 2890 2412 2944 silia
2439 2889 2579 2944 nihil
2602 2897 2959 2962 promovent,
2988 2892 3125 2947 dum
3145 2891 3439 2946 blanditiis
3464 2893 3511 2925 3‘
3531 2893 3650 2963 (14)
3670 2896 3730 2947 et
3751 2891 3939 2964 palpa-

2294 2983 2538 3038 tionibus
2565 2985 2898 3056 perniciosis
2928 2986 3189 3040 salutaris
3217 2985 3397 3060 301
3441 2988 3666 3042 veritas
3699 2986 3935 3058 impedi-

2292 3083 2403 3145 tur,
2433 3083 2487 3132 et
2515 3077 2724 3148 patitur
2753 3079 3043 3150 lapsorum
3071 3081 3263 3135 saucia
3301 3087 3359 3135 et
3402 3097 3565 3152 aegra
3596 3097 3768 3136 mens
3795 3080 3944 3153 quod

2291 3171 2656 3242 corporaliter
2679 3188 2909 3244 quoque
2942 3175 3081 3244 aegri
3108 3178 3165 3228 et
3191 3174 3402 3228 infirmi
3423 3191 3589 3245 saepe
3615 3176 3942 3246 patiuntur,

2290 3270 2371 3328 ut,
2403 3265 2540 3320 dum
2571 3265 2827 3321 salubres
2866 3267 3023 3321 cibos
3059 3270 3116 3322 et
3151 3269 3320 3322 utiles
3358 3271 3534 3337 potus
3569 3268 3743 3340 quasi
3789 3282 3944 3322 ama-

2291 3376 2382 3416 ros
2401 3363 2458 3416 et
2482 3360 2852 3415 abhorrentes
2895 3365 3190 3432 respuunt,
3225 3366 3281 3416 et
3324 3361 3422 3415 illa
3467 3377 3614 3432 quae
3659 3362 3945 3416 oblectare

2291 3457 2348 3508 et
2375 3453 2445 3507 ad
2473 3470 2728 3526 praesens
2774 3454 2961 3508 suavia
2995 3453 3260 3508 videntur
3303 3469 3422 3507 esse
3462 3459 3794 3526 appetunt,
3826 3470 3948 3525 per-

2291 3546 2499 3601 niciem
2529 3547 2632 3602 sibi
2657 3550 2716 3601 et
2745 3550 2991 3601 mortem
3019 3563 3121 3617 per
3161 3546 3596 3602 inaudientiam
3631 3549 3752 3618 (l5)
3787 3555 3843 3601 et
3869 3548 3951 3600 in-

2291 3641 2724 3710 temperantiam
2751 3646 3083 3711 provocent,
3134 3657 3236 3694 nec
3275 3640 3547 3710 proﬁciat
3602 3642 3682 3696 ad
3712 3640 3954 3695 salutem

2291 3734 2520 3788 artiﬁcis
2549 3734 2768 3789 medela
2785 3750 2937 3802 vera,
2961 3735 3101 3789 dum
3129 3733 3554 3790 blandimentis
3585 3735 3814 3806 decipit
3833 3733 3952 3788 dul-

2294 3829 2375 3882 cis
2398 3827 2686 3884 illecebra.

1935 3962 2144 4026 Variae
2197 3963 2534 4028 lectiones.

626 4097 664 4126 ³⁵
697 4092 941 4143 Utilitate
975 4089 1094 4139 Bod.
1136 4091 1174 4137 ι.
1246 4086 1284 4120 ³⁸
1304 4087 1527 4136 Domini
1561 4088 1681 4136 Bod.
1719 4090 1762 4136 1.
1834 4087 1873 4120 ³⁷
1899 4089 2218 4139 Nescientes
2248 4089 2516 4152 scriptum
2545 4100 2669 4139 esse
2699 4102 2710 4136 :
2743 4087 2850 4151 Qui
2878 4100 2980 4138 vos
3027 4091 3081 4139 et
3111 4087 3303 4139 beatos
3330 4089 3466 4139 Bod.
3547 4091 3593 4124 ³⁸
3618 4084 3968 4141 Blandientis

562 4165 743 4227 conjic.
780 4161 972 4225 Rigalt.

1859 4238 2082 4320 Steph.
2131 4237 2377 4302 Baluzii
2420 4245 2615 4302 notae.

625 4371 725 4451 (11)
755 4367 1096 4432 Benignitate.
1142 4364 1306 4415 Liber
1355 4378 1513 4414 meus
1552 4368 1606 4415 et
1648 4363 1814 4414 editio
1859 4363 2197 4424 Morelliana,
2221 4380 2280 4452 D
2307 4367 2415 4448 tate
2440 4364 2708 4452 servanda

564 4443 868 4492 bonitatem.

627 4515 721 4576 (-12)
754 4513 890 4561 Haec
944 4509 1176 4572 epistola
1238 4509 1479 4571 primum
1535 4506 1681 4556 edita
1719 4511 1802 4556 est
1851 4521 1882 4555 a
1933 4505 2198 4556 Manutio.

564 4584 844 4635 Pamelius
896 4582 1112 4629 nullum
1191 4579 1343 4629 illius
1418 4583 1576 4629 vetus
1625 4578 1913 4640 exemplar
1985 4577 2198 4626 habuit.

562 4656 725 4718 Angli
787 4667 961 4702 unum
1017 4652 1333 4701 habuerunt
1380 4666 1445 4700 ex
1493 4649 1834 4700 bibliotheca
1883 4649 2199 4699 Bodleiana.

561 4727 677 4788 Ego
733 4739 907 4773 unum
960 4723 1132 4772 habui
1183 4735 1254 4771 ex
1315 4721 1654 4781 Colbertina,
1713 4720 1864 4785 quod
1908 4721 2015 4769 fuit
2067 4721 2200 4770 olim

562 4798 781 4861 collegii
814 4795 1102 4846 Fuxensis.
1136 4793 1320 4843 Habui
1357 4795 1524 4842 etiam
1553 4807 1729 4842 unum
1775 4806 1848 4842 ex
1881 4806 2022 4852 mea,
2052 4792 2204 4842 aliud

564 4883 634 4918 ex
684 4869 820 4918 urbe
865 4865 1398 4927 Gratianopolitana.
1462 4865 1628 4914 Porro
1687 4865 1918 4927 epistola
1970 4865 2073 4913 ista
2121 4863 2205 4913 bis

565 4940 844 5003 descripta
871 4943 953 4987 est
989 4938 1044 4984 in
1077 4936 1215 4985 libro
1253 4934 1518 4984 Fuxensi.

630 5013 728 5071 (13)
775 5009 1086 5070 Composita.
1145 5007 1221 5055 Ita
1283 5005 1462 5056 codex
1511 5006 1784 5056 Fuxensis
1835 5009 1890 5054 et
1935 5004 2207 5055 editiones

568 5081 801 5133 Manutii
828 5086 882 5131 et
911 5078 1160 5128 Morellii.
1206 5079 1277 5127 At
1313 5077 1490 5128 codex
1544 5092 1702 5128 meus
1753 5082 1809 5127 et
1842 5077 2206 5141 Gratianopo-

575 5155 783 5203 litanus
850 5151 1150 5214 prmferunt
1233 5154 1504 5212 corrupta.
1573 5149 1665 5199 Sic
1733 5149 1898 5198 etiam
1959 5149 2015 5198 in
2093 5162 2207 5198 uno

569 5223 872 5275 Bodleiano
899 5220 1006 5281 legi
1037 5223 1373 5268 monuerunt
1400 5219 1580 5280 Angli.

631 5295 728 5354 (lt)
763 5290 1066 5340 Blanditiis.
1091 5290 1318 5339 Tacitus
1349 5289 1443 5338 lib.
1477 5303 1492 5338 1
1524 5289 1883 5338 Historiarum
1918 5306 1934 5338 :
1982 5307 2011 5338 α
2043 5291 2207 5341 Blan-

573 5364 726 5413 ditim
769 5362 1074 5425 pessimum
1113 5361 1228 5409 veri
1268 5359 1498 5412 affectus
1534 5374 1878 5410 venenum.»
1911 5361 1977 5411 Et
2008 5362 2062 5410 in
2097 5363 2208 5411 Vita

573 5433 831 5498 Agricolae
878 5448 894 5482 :
931 5449 960 5480 «
1005 5432 1310 5482 Pessimum
1356 5433 1709 5482 inimicorum
1757 5446 1933 5496 genus
1980 5433 2211 5482 laudan-

575 5510 671 5555 tes.
703 5521 729 5551 ι)
773 5503 969 5554 Cicero
1015 5505 1069 5553 in
1115 5502 1255 5553 libro
1300 5503 1363 5553 de
1399 5503 1644 5554 Amicitia
1703 5504 1778 5553 ait
1828 5505 2040 5553 nullam
2085 5517 2208 5567 pes-

577 5579 687 5626 tem
732 5587 853 5624 esse
899 5576 1161 5638 majorem
1202 5589 1370 5639 quam
1415 5575 1807 5636 adulationem,
1864 5575 2207 5632 blanditiam,

576 5647 1024 5697 assentationem.
1079 5645 1183 5696 Dio
1234 5647 1682 5712 Chrysostomus,
1720 5651 1854 5696 orat.
1905 5647 1960 5707 3,
2020 5645 2211 5694 scribit

576 5718 827 5768 omnium
877 5717 1137 5766 vitiorum
1199 5719 1582 5782 turpissimum
1635 5731 1757 5768 esse
1812 5716 2202 5767 adulationem.

573 5789 951 5853 Hieronymus
989 5789 1046 5840 in
1095 5789 1328 5854 epistola
1375 5790 1446 5840 ad
1497 5787 1827 5838 Eustochium
1868 5787 1937 5837 de
1975 5787 2206 5852 virgini-

2757 4379 2767 4412 :
2815 4380 2843 4412 «
2889 4363 3161 4413 Adulator
3209 4365 3464 4428 quisque
3516 4367 3837 4416 blandiens
3882 4364 3973 4412 ini-

2303 4437 2481 4486 micus
2507 4442 2608 4486 est.
2652 4456 2680 4484 »
2729 4435 2880 4484 Idem
2943 4437 2998 4484 in
3051 4435 3269 4500 Dmtogo
3326 4442 3544 4487 contra
3607 4439 3974 4502 Pelagianos:

2304 4525 2331 4550 «
2365 4507 2595 4571 Semper
2643 4507 2926 4567 insidiosa,
2975 4507 3193 4570 callida,
3231 4508 3446 4559 blanda
3501 4515 3597 4560 est
3644 4511 3976 4560 adulatio.»

2304 4578 2540 4628 Sanctus
2571 4578 2916 4637 Ambrosius,
2967 4591 3065 4628 seu
3109 4581 3235 4643 quis
3263 4579 3434 4638 alius,
3469 4580 3579 4630 lib.
3625 4596 3688 4630 ιιι
3725 4581 3975 4644 Officium,

2304 4662 2423 4711 cap.
2456 4651 2514 4698 16
2541 4665 2550 4697 :
2575 4667 2604 4697 ‹‹
2631 4651 2746 4698 Νοιι
2771 4653 2855 4699 est
2901 4651 3051 4700 enim
3100 4664 3228 4698 vera
3275 4651 3548 4700 amicitia
3611 4653 3719 4700 ubi
3765 4657 3850 4702 est
3889 4651 3978 4698 lal~

2304 4721 2394 4768 lax
2429 4719 2749 4769 adulatio.»
2791 4720 3000 4769 Seneca
3044 4719 3181 4768 dixit
3223 4720 3377 4782 epist.
3434 4723 3529 4782 45,
3592 4723 3979 4772 adulationem

2305 4803 2425 4840 esse
2467 4791 2703 4840 similem
2748 4791 3009 4839 avaritiae.
3062 4789 3225 4853 Apud
3271 4790 3684 4842 Plutarchum
3722 4795 3906 4843 exstat
3930 4791 3984 4838 li-

2307 4861 2402 4910 ber
2431 4880 2458 4906 «
2485 4860 2774 4922 Quomodo
2805 4862 2977 4924 possit
3012 4860 3266 4909 adulator
3285 4859 3353 4908 ab
3373 4864 3590 4912 amico
3616 4864 3943 4913 internosci.
3963 4881 3986 4904 ν

2307 4931 2682 4995 Symmachus
2726 4931 2818 4980 lib.
2875 4945 2908 4992 ι,
2959 4932 3115 4993 epist.
3169 4931 3222 4977 3t
3287 4945 3298 4976 :
3346 4947 3383 4978 (ς
3419 4931 3672 4993 Quassa
3713 4934 3828 4983 ﬁde
3865 4935 3986 4982 sunt

2308 5004 2402 5065 qui
2422 5004 2625 5066 jugiter
2654 5001 3035 5052 blandiuntur.
3074 5021 3101 5046 »
3146 5000 3386 5051 Ovidius
3436 5004 3548 5054 lib.
3609 5020 3672 5057 ιιι
3726 5009 3987 5062 Amorum,

2308 5076 2442 5140 eleg.
2470 5078 2501 5123 8
2531 5088 2541 5122 :

2586 5172 2747 5236 Impia
2772 5173 2868 5222 sub
2899 5173 3040 5222 dulci
3064 5173 3216 5222 melle
3241 5186 3469 5228 venam
3497 5178 3704 5229 latent.

2311 5289 2662 5341 Placentinos
2685 5293 2841 5340 vocat
2875 5289 3188 5341 adulatores
3224 5295 3400 5341 vetus
3446 5299 3672 5346 auctor
3702 5297 3906 5360 glossae
3930 5292 3992 5341 ad

2309 5362 2614 5424 capitulare
2650 5362 2836 5412 Karoli
2872 5362 2940 5412 M.
2973 5361 3041 5412 de
3067 5363 3251 5412 causis
3291 5361 3520 5427 Italian,
3561 5370 3627 5417 ut
3670 5367 3995 5418 monuimus

2311 5438 2440 5482 tom.
2471 5433 2521 5482 Il
2553 5433 2961 5495 Capitutarium,
2992 5447 3113 5497 pag.
3144 5433 3283 5483 1013.

2373 5504 2466 5565 (15,)
2497 5504 2902 5554 lnaudientiam.
2937 5503 3124 5554 Codex
3177 5505 3506 5568 Fuxensis,
3555 5509 3994 5559 inobedientiam-

2310 5574 2380 5623 Et
2410 5578 2609 5646 tamen
2652 5574 2795 5646 idem
2849 5574 3024 5625 codex
3083 5577 3136 5624 in
3186 5575 3441 5639 epistola
3516 5595 3657 5646 pag.
3694 5584 3780 5641 56,
3820 5581 3998 5638 habet,

2311 5661 2340 5692 α
2373 5657 2500 5708 quae
2561 5643 2917 5695 discordiosis
2964 5650 3018 5696 et
3075 5643 3536 5701 inaudientibus
3580 5643 3943 5703 scanualum.
3973 5669 3996 5694 ν

2310 5715 2689 5766 Tertullianus
2719 5717 2775 5766 in
2805 5716 2948 5767 libro
2978 5716 3043 5766 de
3068 5716 3492 5771 Exhortatione
3536 5724 3831 5776 Castitutis
3867 5723 3999 5774 dixit

2305 5786 2720 5840 obaudientiam.
