4160 6216
261 279 339 331 309
1658 271 1881 327 EPISTC

2008 273 2163 327 XXX.

315 401 393 455 lll.
423 401 528 453 Vos
576 399 790 469 itaque,
821 396 1134 452 secundum
1170 396 1391 450 litteras
1432 413 1590 451 meas
1619 396 1863 451 ﬁdeliter
1884 408 1941 479 Α

259 499 301 547 et
325 492 624 547 salubriter
651 492 1032 559 consulentes,
1064 507 1093 543 a
1134 490 1379 543 consiliis
1426 490 1754 544 melioribus
1792 506 1863 544 ne

256 586 531 641 recedatis.
562 586 757 655 Legite
796 600 931 638 vero
986 584 1085 636 has
1124 583 1351 637 easdem
1392 584 1604 638 litteras
1646 588 1701 637 et
1748 585 1862 637 col-

257 680 376 749 legis
406 678 573 745 meis,
600 678 646 732 si
678 678 775 747 qui
815 682 913 730 aut
951 682 1260 747 praesentes
1292 676 1506 731 fuerint
1545 682 1641 731 aut
1665 693 1865 747 super-

256 771 518 837 venerint,
560 776 613 825 et
638 771 941 825 unanimes
982 775 1037 824 et
1082 770 1385 853 concqrdes
1428 770 1498 823 ad
1546 770 1789 825 fovenda
1816 774 1871 823 et

257 864 496 919 sananda
524 864 817 935 lapsorum
832 863 1069 918 vulnera
1090 863 1391 918 consilium
1418 864 1647 917 salubre
1676 866 1870 917 tenea-

256 974 385 1025 mus,
431 956 727 1013 tractaturi
773 956 1102 1027 plenissime
1148 957 1217 1010 de
1267 956 1530 1010 omnibus
1570 972 1700 1009 cum
1734 972 1868 1010 con-

255 1050 438 1105 venire
472 1051 531 1104 in
561 1066 740 1105 unum
786 1066 891 1121 per
932 1049 1156 1104 Domini
1193 1049 1646 1104 misericordiam
1684 1066 1869 1121 coepe-

255 1144 443 1198 rimus.
494 1146 735 1211 lnterea,
785 1142 830 1195 si
872 1143 1000 1213 quis
1038 1142 1452 1197 immoderatus
1494 1148 1550 1196 et
1596 1158 1870 1212 praeceps,

259 1239 354 1291 sive
385 1237 461 1291 de
493 1236 701 1291 nostris
734 1235 1077 1306 presbyteris
1121 1237 1208 1289 vel
1266 1235 1619 1303 diaconibus,
1650 1236 1762 1290 sive
1803 1236 1873 1290 de

253 1330 583 1401 peregrinis,
626 1345 793 1383 ausus
838 1329 1009 1383 fuerit
1052 1332 1183 1383 ante
1232 1329 1579 1383 sententiam
1621 1334 1875 1383 nostram

254 1423 667 1477 communicare
693 1438 822 1476 cum
847 1421 1038 1492 lapsis,
1070 1439 1103 1475 a
1128 1422 1649 1476 communicatione
1679 1427 1875 1476 nostra

256 1522 524 1581 arceatur,
565 1517 714 1586 apud
761 1532 961 1570 omnes
1000 1531 1103 1570 nos
1149 1532 1381 1570 causam
1417 1516 1670 1570 dicturus
1702 1518 1880 1569 teme-

257 1609 434 1663 ritatis
459 1625 577 1663 suae
604 1608 833 1679 quando
863 1609 919 1662 in
958 1624 1156 1675 unum,
1196 1609 1567 1678 permittente
1612 1609 1876 1677 Domino,

259 1703 711 1757 convenerimus.
731 1702 1098 1756 Desiderastis
1124 1717 1348 1773 quoque
1376 1706 1432 1756 et
1452 1702 1519 1756 de
1536 1702 1877 1756 Philumeno

3489 278 3592 329 310

2447 396 2767 451 EPISTOLA
2800 398 2951 451 xxrx
2987 398 3114 465 (22).

1964 498 2197 559 (Pamcl.,
2242 498 2445 561 Rigalt,
2485 500 2673 608 Bellula...
2710 511 2868 556 xxxx;
2926 500 3110 622 ιῖειτὶεη
3158 511 3365 560 xxxiii;
3409 500 3597 560 Oxon,

2642 575 2759 622 lps.,
2786 572 2939 609 xxxv.

2642 575 2759 623 lpS.,
2786 572 2939 609 xxxv.

2037 663 2104 699 AD
2145 662 2511 701 PRESBYTEROS
2538 663 2600 699 ET
2629 662 2891 701 DIACONOS
2925 662 3084 701 ROME
3111 662 3521 701 CONSISTENTES.

1969 743 2365 795 ARGUMENTUM.
2392 770 2459 780 —
2488 740 2673 793 Clerus
2720 744 2992 795 Romanus
3028 744 3222 794 certior
3258 741 3508 793 redditur
3534 742 3598 793 de

2116 831 2409 882 temeritate
2437 829 2710 897 lapsorum
2749 831 2845 897 qui
2863 844 3053 897 pacem
3081 829 3451 897 deposcebunt.

2041 930 2355 1000 Cyprianus
2394 931 2736 1000 presbyteris
2779 934 2835 983 et
2872 929 3206 984 diaconibus
3246 930 3439 983 Romae
3465 946 3595 983 con-

1975 1023 2305 1077 sistentibus
2331 1024 2599 1077 fratribus
2629 1025 2893 1077 salutem.
2924 1024 2991 1076 Et
3021 1023 3243 1077 dilectio
3284 1024 3603 1076 communis

1974 1121 2031 1172 et
2057 1117 2199 1170 ratio
2228 1118 2502 1188 exposcit,
2532 1118 2741 1171 fratres
2763 1117 3102 1185 charissimi,
3137 1116 3277 1170 nihil
3314 1118 3601 1171 conscien-

1976 1212 2067 1264 tize
2088 1217 2287 1264 vestras
2305 1211 2638 1265 subtrahere
2658 1212 2725 1265 de
2750 1211 2839 1264 his
2858 1227 2987 1281 quae
3008 1210 3157 1280 apud
3177 1226 3278 1263 nos
3300 1214 3602 1279 geruntur,

1976 1310 2038 1358 ut
2067 1303 2137 1358 sit
2182 1294 2347 1357 nobis
2393 1304 2539 1357 circa
2581 1304 2881 1357 utilitatem
2922 1303 3312 1357 ecclesiasticae
3355 1303 3602 1357 admini-

1976 1396 2262 1451 strationis
2295 1412 2605 1451 commune
2648 1396 2965 1450 consilium.
3012 1397 3177 1462 Nam,
3228 1399 3603 1466 posteaquam

1979 1491 2048 1543 ad
2082 1506 2177 1543 vos
2204 1490 2421 1544 litteras
2447 1490 2577 1558 feci,
2612 1505 2752 1559 quas
2796 1489 2923 1543 misi
2976 1505 3081 1559 per
3122 1488 3389 1542 Saturum
3430 1490 3603 1542 lecto-

1980 1599 2103 1637 rem
2132 1586 2189 1636 et
2230 1583 2496 1652 Optatum
2542 1583 2999 1653 hypodiaconum
3044 1582 3176 1651 (23),
3222 1582 3604 1652 quorumdam

1980 1678 2266 1746 lapsorum
2296 1674 2740 1745 conspirata(24)
2776 1676 3068 1728 temeritas
3091 1676 3159 1735 ‘0,
3194 1675 3292 1744 qui
3322 1676 3603 1744 poeniten-

259 1801 308 1849 et
358 1796 677 1848 Fortunato
728 1768 1229 1864 hypodiaconis—et
1256 1768 1547 1848 —Favoriuo
1588 1796 1873 1865 acolytlio,
1898 1771 1953 1840 Β
1979 1770 2118 1865 “iam
2179 1784 2352 1865 agere
2400 1773 2471 1865 et,
2500 1770 2611 1822 Deo
2651 1768 2986 1865 δδίίδῖίξοῗνῖ
3019 1768 3359 1865 ἀθίνθθί-δηίξ
3389 1768 3608 1865 utter???

260 1889 344 1959 qui
368 1888 569 1942 medio
607 1892 863 1957 tempore
900 1892 1256 1942 recesserunt
1288 1890 1347 1941 et
1388 1904 1540 1941 nunc
1580 1894 1877 1955 venerunt,

254 1982 381 2052 quid
433 1981 579 2034 mihi
623 1981 880 2035 videatur
917 1980 1248 2035 rescribam.
1292 1981 1394 2035 Cui
1435 1982 1515 2034 rei
1559 1998 1674 2035 non
1722 1981 1879 2051 potui

255 2091 332 2127 me
355 2076 559 2128 solum
592 2074 695 2145 (16)
720 2074 971 2144 judicem
1005 2075 1163 2141 dare,
1213 2090 1342 2128 cum
1386 2074 1548 2127 multi
1594 2076 1779 2129 adhuc
1811 2074 1879 2129 de

253 2169 393 2222 clero
428 2167 700 2221 absentes
728 2167 863 2234 sint,
894 2184 995 2220 nec
1022 2168 1207 2221 locum
1238 2184 1402 2221 suum
1433 2167 1542 2237 (17)
1570 2168 1655 2221 vel

250 2278 362 2315 sero
400 2262 520 2329 (l8)
576 2260 958 2331 repetendum
998 2263 1362 2331 putaverunt,
1403 2265 1459 2315 et
1503 2261 1625 2314 haec
1675 2261 1873 2331 singu-

249 2358 433 2408 lorum
482 2354 775 2407 tractanda
816 2354 886 2407 sit
925 2358 978 2407 et
1016 2353 1274 2407 limanda
1312 2353 1533 2424 plenius
1569 2353 1735 2420 ratio,
1767 2371 1881 2408 non

250 2451 469 2501 tantum
502 2463 637 2500 cum
669 2446 904 2516 collegis
941 2446 1101 2511 meis,
1148 2446 1247 2500 sed
1298 2450 1355 2499 et
1396 2463 1527 2500 cum
1565 2446 1728 2516 plebe
1760 2447 1881 2517 ipsa

249 2542 531 2594 universa.
568 2541 827 2610 Expensa
876 2540 1029 2593 enim
1074 2540 1465 2593 moderatione
1508 2539 1768 2593 libranda
1825 2546 1882 2594 et

247 2632 678 2702 pronuntianda
709 2649 798 2686 res
829 2636 934 2698 est,
966 2649 1096 2703 quae
1128 2634 1185 2686 in
1231 2635 1527 2703 posterum
1576 2633 1725 2686 circa
1770 2634 1876 2687 mi-

245 2728 453 2780 nistros
500 2728 614 2795 (19)
658 2725 915 2779 Ecclesiae
968 2725 1276 2779 constituat
1324 2727 1672 2796 exemplum.
1739 2730 1883 2781 Inte-

244 2820 346 2873 rim
401 2836 464 2873 se
524 2836 560 2871 a
623 2819 895 2873 divisione
948 2818 1057 2885 (20)
1120 2835 1432 2872 mensurna
1492 2819 1601 2889 (21)
1660 2823 1882 2874 tantum

244 2914 607 2975 contineant,
649 2928 765 2966 non
811 2913 972 2983 quasi
1040 2929 1071 2965 a
1128 2912 1447 2967 ministerio
1500 2913 1880 2967 ecclesiastico

244 3007 443 3076 privati
472 3022 598 3061 esse
628 3005 944 3072 videantur,
984 3005 1083 3060 sed
1134 3009 1197 3059 ut
1231 3005 1469 3075 integris
1507 3006 1771 3061 omnibus
1813 3007 1882 3061 ad

244 3102 494 3152 nostram
538 3098 905 3170 praesentiam
951 3098 1289 3153 differantur
1315 3099 1381 3150 39.
1424 3100 1567 3167 Opto
1608 3116 1726 3168 vos,
1760 3100 1875 3154 fra-

245 3196 351 3245 tres
378 3191 731 3258 charissimi,
762 3206 990 3262 semper
1020 3192 1168 3246 bene
1196 3192 1404 3247 valere.
1443 3191 1878 3248 Fraternitatem

248 3284 574 3339 universam
602 3284 865 3354 salutate,
892 3291 947 3339 et
977 3286 1175 3340 valete.

1977 1862 2047 1916 ad
2089 1878 2179 1915 me
2218 1862 2502 1928 fecerunt,
2552 1877 2749 1931 pacem
2802 1859 2996 1931 303
3050 1876 3166 1913 non
3213 1860 3463 1914 dandam
3501 1860 3607 1914 sibi

1980 1956 2345 2026 postulantes,
2375 1955 2472 2008 sed
2499 1954 2661 2024 quasi
2680 1954 2801 2023 jam
2843 1954 3037 2007 datam
3073 1954 3179 2007 sibi
3226 1954 3606 2019 vindicantes,

1976 2050 2127 2121 quod
2157 2048 2350 2101 dicant
2378 2049 2615 2101 Paulum
2647 2046 2911 2100 omnibus
2950 2063 3149 2116 pacem
3193 2047 3437 2111 dedisse,
3467 2047 3610 2099 sicut

1979 2141 2037 2195 in
2062 2141 2269 2195 litteris
2294 2156 2511 2206 eorum,
2542 2155 2790 2210 quarum
2822 2139 3151 2208 exemplum
3179 2140 3247 2192 ad
3280 2156 3377 2192 vos
3422 2145 3604 2192 trans-

1982 2234 2134 2301 misi,
2166 2234 2391 2303 legetis,
2420 2233 2702 2302 simulque
2739 2232 2879 2302 quid
2918 2248 3027 2302 ego
3067 2232 3147 2286 eis
3188 2232 3434 2285 breviter
3461 2232 3603 2284 inte-

1982 2329 2089 2381 rim
2121 2326 2509 2397 rescripserim
2540 2343 2552 2391 ;
2588 2326 2683 2379 sed
2719 2332 2770 2379 et
2822 2326 3019 2395 quales
3056 2328 3248 2394 postea
3286 2324 3354 2378 ad
3391 2325 3605 2378 clerum

1981 2423 2199 2475 litteras
2225 2420 2459 2474 fecerim
2492 2422 2552 2471 ut
2578 2419 2718 2472 scire
2746 2418 3008 2488 possetis,
3052 2418 3224 2487 hujus
3265 2434 3493 2488 quoque
3528 2419 3608 2471 rei

1982 2515 2302 2583 exemplum
2353 2513 2510 2567 vobis
2560 2512 2708 2565 misi.
2763 2511 2928 2575 Quod
2978 2512 3023 2564 si
3104 2512 3250 2564 ultra
3316 2510 3609 2564 temeritas

1982 2623 2177 2660 eorum
2235 2623 2337 2659 nec
2384 2605 2582 2658 vestris
2633 2604 2836 2657 litteris
2892 2620 3217 2673 compressa
3268 2604 3456 2668 fuerit,
3508 2620 3608 2656 nec

1983 2700 2229 2753 consiliis
2257 2698 2574 2752 salubribus
2610 2700 2719 2766 (25)
2746 2696 3244 2766 obtemperaverit,
3273 2712 3509 2766 agemus
3541 2712 3609 2749 ea

1984 2810 2112 2864 qua:
2151 2792 2465 2847 secundum
2522 2790 2893 2861 Evangelium
2942 2789 3208 2843 Dominus
3254 2806 3423 2859 agere
3470 2805 3610 2858 pra:-

1983 2886 2147 2957 cepit.
2194 2886 2337 2955 Opto
2390 2901 2513 2953 vos,
2556 2885 2760 2938 fratres
2807 2882 3145 2949 charissimi,
3186 2898 3410 2952 semper
3462 2881 3607 2935 bene

1984 2979 2195 3033 valere.
2233 2979 2445 3032 Valete.

2474 3070 2794 3125 EPISTULA
2837 3070 2961 3123 xxx
2992 3068 3119 3138 (26).

1900 3127 1955 3201 Ο
1986 3174 2217 3238 (Pamel..
2248 3171 2667 3238 Rigalt.,_Baluz.,
2690 3181 2796 3219 xxx
2820 3169 3044 3238 ;_Paris:,
3070 3170 3430 3238 xxrx;0_xon‘.,
3460 3169 3588 3232 Lips
3606 3204 3618 3215 .

2189 3230 2348 3284 xxxvi
2375 3250 2389 3295 ;
2419 3236 2601 3283 Novat.
2638 3248 2760 3295 opp.
2801 3230 2884 3281 ed.
2914 3232 3158 3292 Jackson,
3186 3246 3235 3293 p.
3271 3230 3407 3292 309.)

2087 3336 2407 3375 PRESBYTER!
2479 3336 2537 3373 ET
2600 3334 2811 3373 DIACONI
2883 3332 3043 3371 ΒΟΜΕ
3120 3331 3499 3371 CONSISTENTES

2569 3429 2638 3465 Al)
2686 3426 3010 3467 CYI‘RIANUM.

1979 3511 2371 3562 ARGUMENTUM.
2410 3536 2477 3545 —
2523 3506 2752 3560 Ecclesia
2803 3508 3045 3561 Romana
3088 3506 3406 3558 sententiam
3453 3517 3608 3556 suum

1626 3624 1835 3687 Varia:
1893 3624 2230 3687 lectiones.

300 3741 339 3772 39
358 3740 633 3804 Cognitio
659 3738 781 3789 hinc
821 3736 1101 3789 differatur
1142 3740 1263 3788 Bod.
1298 3740 1341 3787 1.
1410 3741 1451 3770 δο
1478 3739 1862 3800 Quorumdam
1905 3744 2192 3804 prospecta
2238 3740 2516 3789 temeritas
2561 3740 2713 3786 Oxon.
2759 3738 2841 3786 De
2880 3734 3248 3799 quorumdam
3294 3734 3602 3783 temeritate

240 3811 390 3857 Manu
402 3816 443 3857 t.

1559 3870 1783 3952 Steph.
1829 3871 2075 3935 Baluzii
2120 3877 2315 3934 notae.

296 3978 402 4035 (16)
442 3978 567 4025 Non
606 3975 757 4035 potui
800 3987 876 4022 me
915 3973 1099 4023 solum.
1152 3974 1230 4022 Ita
1278 3974 1558 4023 Manutius
1602 3977 1656 4023 et
1694 3975 1877 4039 Rigal-

239 4050 359 4096 tius.
395 4052 472 4096 At
500 4048 561 4094 in
593 4044 732 4093 libro
775 4058 897 4093 meo
940 4046 1130 4104 veteri,
1174 4045 1229 4093 in
1266 4043 1778 4107 Gratianopolitano
1826 4050 1880 4094 et

236 4121 289 4167 in
334 4133 456 4167 uno
506 4116 810 4166 Bodleiano
861 4116 1078 4179 legitur,
1122 4134 1149 4160 «
1192 4116 1311 4164 Non
1359 4119 1495 4178 puto
1556 4129 1643 4165 me
1698 4117 1879 4165 solum

236 4190 437 4240 debere
502 4188 837 4237 sententiam
883 4188 1011 4237 dare
1087 4206 1113 4231 »
1162 4187 1253 4237 Sic
1301 4189 1467 4236 etiam
1524 4186 1581 4234 in
1638 4187 1880 4236 editione

236 4260 499 4319 Morellii,
534 4260 638 4308 nisi
668 4258 815 4321 quod
844 4260 1029 4321 posuit
1050 4260 1197 4321 potui
1225 4272 1321 4320 pro
1346 4260 1493 4319 puto.

296 4336 393 4392 (I73
432 4334 627 4381 Locum
654 4344 820 4378 suum.
852 4331 928 4378 Ita
957 4330 1232 4379 Pamelius
1261 4334 1315 4378 et
1355 4329 1555 4378 caeteri.
1599 4328 1881 4377 Manutius

236 4403 405 4452 edidit
440 4404 544 4451 hoc
571 4401 757 4451 solum.
788 4400 910 4462 Quo
941 4401 1105 4450 etiam
1146 4400 1310 4449 modo
1347 4400 1546 4462 legitur
1588 4400 1645 4448 in
1692 4400 1883 4449 codice

235 4475 507 4523 Fuxensi.
558 4472 653 4522 Sic
706 4474 873 4521 etiam
915 4472 1091 4535 reperi
1130 4472 1396 4534 scriptum
1444 4471 1615 4519 fuisse
1665 4471 1719 4519 in
1772 4485 1884 4519 uno

235 4548 432 4597 codice
466 4546 760 4594 Vaticano.

294 4621 392 4677 (18)
424 4618 576 4667 Sero.
623 4616 757 4663 Haec
798 4619 880 4663 est
921 4615 1084 4664 lectio
1135 4614 1397 4664 editionis
1450 4614 1783 4663 Manutianae
1829 4620 1883 4663 et

232 4690 450 4739 codicis
502 4686 1019 4749 Gratianopolitani.
1084 4684 1265 4734 Editio
1318 4684 1575 4733 Morrellii
1639 4690 1693 4733 et
1739 4698 1883 4733 unus

236 4761 607 4818 Bodleianus,
633 4762 791 4806 sorte.
824 4758 885 4805 In
920 4770 1063 4816 meo,
1102 4769 1304 4817 sorore,
1350 4770 1447 4819 pro
1486 4762 1643 4817 sorte,
1672 4761 1731 4805 ut
1759 4759 1884 4820 opi-

235 4846 355 4883 ΠΟΥ.

292 4908 392 4967 (19]
445 4903 740 4952 Minz'slros.
791 4900 1059 4961 Quamvis
1121 4913 1230 4948 non
1274 4898 1522 4948 dubitem
1582 4900 1715 4962 quin
1764 4898 1885 4949 1ὶὶΒο

232 4978 399 5026 lectio
428 4976 503 5024 sit
548 4974 713 5030 bona,
757 4972 1054 5020 admonere
1113 4975 1297 5019 tamen
1357 4970 1531 5019 debeo
1588 4972 1643 5017 in
1693 4970 1887 5019 codice

236 5046 522 5101 anensi,
572 5046 626 5092 in
680 5056 809 5105 quo,
865 5046 927 5090 ut
974 5046 1129 5089 antea
1171 5041 1306 5098 dixi,
1358 5041 1587 5104 epistola
1636 5042 1735 5091 ista
1802 5041 1888 5090 bis

233 5118 523 5180 descripta
555 5118 655 5173 est,
690 5116 1004 5163 constanter
1040 5113 1306 5175 scriptum
1344 5124 1463 5160 esse
1512 5124 1687 5160 omnes
1726 5114 1888 5162 viros.

234 5190 360 5251 Quo
386 5192 568 5237 etiam
598 5186 763 5235 modo
789 5188 1057 5249 scripturn
1108 5186 1275 5234 fuisse
1310 5184 1365 5232 in
1402 5184 1709 5232 Veronensi
1752 5184 1889 5231 mihi

233 5265 483 5310 constat.
520 5257 631 5307 Sed
664 5257 751 5305 alii
778 5257 906 5307 libri
935 5261 1140 5306 veteres
1176 5260 1229 5305 et
1268 5255 1540 5306 editiones
1588 5254 1891 5317 prast‘erunt

238 5335 544 5381 ministros.

294 5403 456 5463 {201A
497 5400 771 5449 divisione.
803 5397 897 5447 Sic
947 5396 1116 5446 edidit
1161 5396 1442 5447 Morellius
1485 5408 1583 5459 pro
1628 5408 1692 5445 eo
1742 5394 1893 5457 quod

236 5474 406 5522 editio
454 5470 694 5520 Manutii
748 5470 915 5519 habet
954 5470 1191 5518 dictione.
1228 5467 1337 5519 Sed
1368 5469 1423 5517 in
1464 5466 1655 5517 codice
1696 5466 1893 5515 Latinii

239 5550 287 5592 et
317 5548 373 5592 in
407 5542 752 5597 Veronensi,
787 5546 903 5589 tum
945 5540 1111 5589 etiam
1154 5541 1209 5587 in
1240 5540 1484 5589 Fuxensi
1516 5539 1787 5602 scriptum
1815 5541 1895 5588 est

240 5631 269 5661 rx
294 5615 554 5664 dictione.
589 5612 741 5660 Meus
763 5612 1053 5661 conﬁrmat
1081 5610 1382 5661 editionem
1424 5610 1675 5659 Morellii.

301 5687 399 5745 (21)
450 5685 764 5733 Mensurnu.
807 5683 953 5731 Infra
1008 5683 1167 5745 epist.
1222 5682 1303 5742 34,
1356 5696 1478 5747 pag.
1525 5682 1588 5731 28
1635 5697 1645 5729 :
1693 5698 1719 5727 «
1748 5680 1897 5730 Divi-

244 5756 427 5805 siones
478 5767 811 5803 mensurnas
857 5755 1091 5817 aequatis
1166 5753 1575 5817 quantitatibus
1650 5752 1893 5815 partian-

247 5834 348 5876 tur.
380 5847 407 5873 ι)
436 5825 681 5876 Ruﬁnus
712 5824 806 5876 lib.
850 5839 926 5887 IV,
958 5839 1077 5890 cap.
1120 5826 1182 5875 28
1219 5840 1229 5873 :
1263 5842 1293 5875 (‹
1321 5823 1564 5876 Centum
1617 5825 1897 5888 quinqua-

1980 3977 2130 4039 ginta
2205 3975 2446 4024 denariis
2516 3976 2816 4021 menstruas
2891 3969 3276 4033 prtestationis.
3328 3986 3355 4013 »
3428 3967 3617 4017 Codex

1982 4047 2259 4095 Fuxensis
2312 4050 2367 4094 et
2422 4044 2966 4105 Gratianopolitanus
3033 4045 3084 4090 et
3156 4040 3323 4088 editio
3386 4040 3621 4089 Morellii

1980 4117 2393 4166 mensurantium
2408 4132 2425 4177 ;
2452 4128 2610 4164 meus
2646 4126 2893 4161 mensura
2922 4116 3146 4161 tantum.

2045 4188 2137 4250 (Ξέ)
2170 4187 2295 4235 Tria
2326 4187 2484 4235 istius
2530 4185 2799 4247 epistolw,
2850 4198 3015 4247 quam
3058 4182 3325 4231 debemus
3379 4180 3616 4229 editioni

1982 4258 2336 4317 Manutianae,
2375 4256 2707 4317 exemplaria
2750 4253 2940 4311 habui,
2974 4267 3147 4301 unum
3181 4266 3247 4300 ex
3282 4250 3619 4299 bibliotheca

1986 4328 2322 4382 Colbertina,
2361 4326 2510 4390 quod
2552 4327 2657 4373 fuit
2698 4325 2828 4373 olim
2874 4324 3091 4387 collegii
3146 4323 3436 4380 Fuxensis,
3468 4321 3619 4369 aliud

1986 4414 2051 4450 ex
2106 4412 2247 4453 mea.
2299 4400 2523 4447 tertium
2583 4410 2650 4445 ex
2697 4396 2834 4445 urbe
2894 4393 3421 4456 Gratianopolitana.
3458 4391 3623 4453 Angli

1986 4484 2163 4520 unum
2191 4469 2507 4518 habuerunt
2538 4481 2606 4516 ex
2639 4467 2956 4517 Bodleiana.

1905 4527 1961 4597 Ι)
2048 4543 2148 4605 (:23)
2174 4541 2621 4605 Hypodiaconum.
2662 4540 2854 4587 Postea
2885 4539 2939 4585 in
2984 4535 3244 4584 omnibus
3286 4533 3624 4605 editionibus

1986 4603 2112 4675 quae
2164 4603 2485 4674 prodierunt
2536 4615 2657 4672 post
2720 4610 3091 4657 Manutianam
3157 4605 3395 4675 additur,
3425 4603 3626 4664 fratres

1984 4674 2212 4733 uestros.
2246 4684 2386 4743 Quae
2419 4681 2605 4735 verba,
2661 4679 2845 4727 addita
2880 4678 3139 4727 videlicet
3178 4691 3209 4724 a
3233 4674 3497 4729 Morellio,
3524 4686 3627 4721 nos

1986 4754 2312 4804 sustulimus
2340 4757 2398 4801 ut
2429 4751 2726 4814 superflua,
2777 4752 2906 4813 quia
2954 4762 3066 4797 non
3108 4750 3325 4796 exstant
3362 4747 3417 4793 in
3472 4744 3626 4792 libris

1986 4828 2185 4875 nostris
2212 4824 2505 4875 veteribus.
2540 4822 2608 4869 Et
2641 4827 2823 4870 tamen
2858 4822 2913 4867 in
2964 4817 3474 4880 Gratianopolitano
3503 4820 3628 4878 post

1986 4897 2403 4959 hypodiaconum
2432 4893 2650 4943 additur
2679 4892 2901 4954 [mtrem
2936 4896 3182 4939 nostrum.

2052 4969 2149 5029 (ιη)
2186 4964 2543 5027 Quorumdam
2584 4965 2899 5026 conspirata.
2935 4962 3129 5011 Nescio
3160 4974 3267 5023 qua
3306 4958 3629 5008 auctoritate

1990 5038 2271 5088 Morellius
2316 5036 2525 5085 addidit
2572 5055 2597 5079 «
2643 5034 3028 5097 Quorumdam
3077 5034 3365 5095 prOSpecta
3409 5029 3627 5079 temeri-

1992 5113 2175 5158 tate.»
2224 5109 2379 5163 Nam.
2422 5112 2789 5171 prmterquam
2838 5106 2985 5170 quod
3028 5119 3134 5152 vox
3188 5106 3465 5166 prospecta
3504 5102 3631 5170 istic

1990 5181 2298 5231 necessaria
2324 5194 2433 5227 non
2458 5183 2559 5239 est,
2589 5193 2651 5227 ea
2682 5192 2791 5227 non
2817 5180 2995 5226 exstat
3016 5177 3071 5224 in
3101 5174 3344 5224 editione
3369 5171 3630 5227 Manutii,

1993 5264 2176 5315 neque
2212 5252 2266 5299 in
2294 5250 2575 5300 veteribus
2608 5248 2900 5299 codicibus
2939 5247 3160 5303 nostris,
3194 5256 3379 5307 neque
3417 5245 3471 5292 in
3524 5244 3634 5292 An-

1994 5324 2241 5387 glicanis.
2278 5322 2461 5383 Quare
2492 5322 2697 5369 mirum
2732 5324 2815 5370 est
2858 5320 3008 5369 illam
3058 5318 3228 5366 fuisse
3269 5318 3535 5364 retentam
3577 5315 3632 5362 in

1995 5393 2235 5444 editione
2262 5393 2590 5456 Anglicana.

2060 5466 2153 5524 (25)
2204 5463 2529 5513 Sulubribus.
2601 5464 2710 5512 Nos
2768 5463 2942 5512 secuti
2990 5462 3045 5510 in
3092 5461 3201 5509 hoc
3268 5462 3391 5509 loco
3440 5471 3635 5507 sumus

1995 5537 2385 5586 auctoritatem
2443 5538 2691 5584 veterum
2765 5533 3165 5596 exemplarium
3224 5536 3277 5581 et
3333 5530 3635 5580 editionem

1997 5607 2250 5657 Morellii.
2304 5607 2575 5669 Rigaltius
2625 5611 2680 5655 et
2725 5605 2889 5669 Angli
2934 5606 3294 5667 praetulerunt
3336 5601 3635 5650 lectionem

1998 5692 2123 5741 quae
2160 5678 2326 5727 habet
2352 5677 2695 5727 salutaribus.

2062 5751 2160 5810 (26)
2230 5750 2445 5797 Primus
2522 5747 2801 5797 Manutius
2858 5746 3030 5796 edidit
3104 5745 3247 5792 hanc
3324 5739 3635 5810 epistolam.

2000 5823 2300 5874 Rarissiuia
2346 5825 2533 5872 autem
2562 5824 2691 5870 sunt
2726 5824 2911 5870 vetera
2943 5818 3091 5867 illius
3129 5812 3484 5879 exemplaria.
3519 5809 3644 5873 Ego
