2080 3108
278 125 308 160 si
317 125 326 152 ι

738 125 765 152 S.
779 124 942 161 ~CYPRIANI
960 124 1098 152 OPERUM
1113 124 1197 153 PARS
1217 125 1237 152 l.
1254 138 1288 145 -
1306 123 1490 152 EPISTOLA'].

1892 131 1940 159 312

314 186 347 214 de
364 187 447 222 lapsis
466 194 526 214 cum
541 186 768 221 'Carthaginensis
789 186 903 215 decretis
922 188 1087 214 consentien-
1100 189 1228 228 Asonat.
1253 187 1408 220 Craterum,
1440 193 1496 221 quo
1523 188 1603 221 pacto
1629 186 1818 223 evangelicam
1844 192 1939 224 poterit

315 236 366 261 tem
376 234 513 268 proponit.
543 248 575 254 —
598 234 694 269 Lapsis
717 234 842 261 adhibita
861 234 1033 269 indulgentia
1052 233 1090 260 ad

313 280 456 314 Evangelii
466 288 588 307 normam
602 281 729 314 easy-itur.
744 281 882 308 —Pacem
896 289 914 307 α
933 281 1090 314 confessori-

314 327 362 354 bus
387 334 534 354 concessam
553 329 644 362 gratia
671 329 776 355 tantum
799 330 825 355 et
843 327 987 361 favoribus
1009 328 1090 355 inniti

313 373 377 401 inde
390 376 496 401 constat
511 374 584 409 quod
598 374 669 409 lapsi
690 374 728 401 ad
749 375 882 409 episcopos
902 375 1087 401 remittantur.

313 435 348 441 —
371 420 504 449 Seditiosa
521 423 598 455 pacis
619 421 767 455 postulatio
789 421 944 449 Felicissimi
974 422 1090 454 factioni

314 468 488 503 imputanda.

314 515 335 541 Ι.
349 514 488 550 Cypriano
502 522 584 550 papae
599 515 654 550 (2‘7)
667 514 826 550 presbyteri
846 515 875 542 et
887 513 1018 542 diacones
1034 514 1087 541 Ro-

278 569 334 588 mae
365 561 548 588 consistentes
584 561 715 588 salutem.
753 561 821 587 Cum
859 560 1087 595 perlegissemns,

275 608 364 635 frater
377 608 549 641 charissime,
570 607 676 634 litteras
698 610 768 640 tuas,
790 615 861 642 quas
880 616 931 642 per
950 608 1086 634 Fortuna-

277 656 338 681 tum
355 654 585 690 hypodiaconum
600 654 725 687 miseras,
749 654 861 689 gemino
878 662 975 681 sumus
991 654 1088 681 dolore

278 701 398 736 perculsi
412 704 439 728 et
455 700 560 735 duplici
577 708 696 727 maerore
713 700 830 734 confusi,
841 701 915 736 quod
932 709 1025 736 neque
1038 701 1088 728 tibi

278 747 390 783 requies
410 747 466 774 ulla
488 747 517 773 in
540 746 626 773 tantis
651 747 855 782 persecutionis
876 747 1088 775 necessitatibus

277 794 448 827 traderetur,
471 795 500 820 et
524 794 668 829 lapsorum
687 794 807 820 fratrum
830 793 1014 821 immoderata
1037 803 1086 829 pe-

277 840 398 867 tulantia
412 848 501 875 usque
514 840 550 867 ad
568 840 754 875 periculosam
769 840 919 868 verborum
943 840 1087 867 temerita-

278 889 337 913 tem
361 887 414 922 (28)
448 886 585 921 producta
607 887 801 914 denotarctur.
829 887 893 918 Sed,
924 875 1127 922 quanquaan

278 941 330 960 nos
345 935 430 968 atque
443 933 573 960 animum
588 936 716 960 nostrum
739 932 835 969 304
857 934 910 960 ista
933 942 995 968 qua:
1018 933 1086 960 dixi-

279 988 342 1006 mus
357 980 481 1015 graviter
494 979 664 1015 afﬂigerent,
677 981 773 1006 tamen
790 980 918 1006 mteroris
932 980 1022 1007 nostri
1032 982 1088 1007 tam

279 1034 392 1062 gravem
408 1026 546 1053 sarcinam
562 1026 640 1061 vigor
662 1029 726 1053 tuus
749 1029 777 1053 et
796 1027 952 1053 secundum
966 1035 1087 1060 evange-

276 1073 358 1100 licam
382 1072 561 1108 disciplinam
587 1073 714 1099 adhibita
738 1073 871 1099 severitas
893 1074 1086 1108 temperat“,

277 1120 344 1147 dum
368 1122 395 1147 et
416 1119 607 1154 quorumdam
635 1119 848 1155 improbitatem
865 1120 942 1155 juste
964 1128 1086 1153 coerces,

277 1168 304 1194 et
319 1166 492 1193 cohortando
504 1166 527 1183 Η
548 1166 582 1193 ad
607 1166 812 1201 paenitentiam,
836 1166 906 1193 viam
930 1167 1087 1201 legitimam

276 1212 374 1239 salutis
387 1212 511 1239 ostendis
521 1214 554 1239 ‘3.
575 1212 651 1244 Quos
668 1213 785 1247 quidem
801 1213 868 1240 satis
881 1213 976 1240 mirati
990 1221 1088 1239 sumus

278 1259 314 1286 ad
329 1259 381 1286 hoc
399 1267 487 1294 usque
504 1259 632 1294 prosilire
647 1259 776 1293 voluisse,
793 1261 823 1286 ut
836 1262 894 1286 tam
912 1263 1048 1294 urgenter
1061 1263 1088 1287 et

277 1306 503 1333 tamimmaturo
526 1308 611 1341 atque
629 1306 729 1333 acerbo
751 1308 891 1341 tempore,
915 1306 945 1333 in
969 1310 1027 1333 tam
1043 1307 1086 1333 in-

277 1352 357 1387 genti
371 1352 547 1380 etimmenso
560 1352 678 1379 crimine
694 1355 779 1387 atque
795 1353 907 1386 delicto,
922 1361 1021 1388 pacem
1035 1353 1088 1380 sibi

277 1407 333 1425 non
350 1400 408 1426 tam
424 1401 553 1434 peterent
571 1407 656 1434 quam
670 1399 859 1433 vindicarent,
875 1400 932 1426 imo
943 1400 1003 1434 jam
1019 1400 1088 1426 etin

279 1445 353 1472 castis
370 1445 475 1473 habere
496 1454 524 1472 se
543 1446 680 1473 dicerent.
699 1445 752 1477 Qui
776 1446 799 1472 si
822 1446 937 1479 habent,
956 1446 1023 1481 quid
1039 1455 1087 1481 pc-

278 1493 342 1518 tunt
356 1492 433 1527 quod
449 1493 570 1519 tenent?
591 1492 618 1519 Si
642 1494 737 1519 autem
754 1500 811 1519 non
829 1492 932 1519 habere
947 1493 1008 1519 illos
1021 1501 1087 1528 pro-

278 1538 362 1565 batur
389 1539 443 1566 hoc
471 1539 531 1574 ipso
556 1539 630 1574 quod
656 1541 766 1574 petunt,
791 1547 840 1566 cur
865 1547 923 1566 non
946 1539 1086 1574 judicium

279 1593 379 1612 eorum
396 1585 535 1612 sustinent
553 1594 568 1612 a
591 1585 692 1620 quibus
711 1586 863 1620 petendam
877 1594 987 1621 pacem,
1002 1594 1088 1621 quam

279 1631 376 1667 utique
400 1640 458 1659 non
477 1632 593 1665 habent,
615 1633 810 1667 putaverunt?
831 1632 913 1664 Quod
934 1633 956 1660 si
976 1633 1091 1660 aliunde

278 1678 495 1714 prterogativam
509 1679 775 1706 communicationis
788 1679 895 1706 habere
915 1687 943 1706 se
957 1680 1089 1714 credunt,

279 1733 344 1751 cum
361 1725 512 1760 Evangelia
529 1725 605 1752 illam
620 1726 748 1753 conferre
764 1731 904 1753 conentur
918 1735 924 1759 ;
940 1728 969 1752 ut
989 1726 1028 1753 ita
1042 1726 1090 1754 de-

279 1780 359 1799 mum
372 1771 493 1799 ﬁrmiter
506 1772 608 1806 valeat,
622 1772 644 1799 si
657 1772 691 1799 ab
703 1773 868 1808 evangelica
883 1773 947 1808 lege
961 1781 1018 1800 non
1034 1773 1090 1800 dis-

1139 234 1274 269 prazstare
1299 232 1588 260 communicationem
1611 233 1687 268 quod
1713 237 1809 261 contra
1830 243 1939 273 evange.

1139 280 1224 307 licam
1239 280 1386 307 decretum
1401 279 1516 307 videtur
1530 279 1678 307 veritatem
1690 280 1704 307 ‘l
1718 281 1798 316 Nam,
1812 289 1874 309 cum
1885 291 1941 311 om-

1139 327 1183 354 nis
1197 326 1388 362 praerogativa
1406 326 1445 354 ita
1458 326 1573 353 demum
1591 326 1627 353 ad
1641 326 1826 362 indulgentia
1839 328 1942 363 privile-

1140 372 1220 409 gium
1256 374 1371 408 spectet,
1399 372 1423 399 si
1452 372 1487 400 ab
1515 381 1549 400 eo
1575 372 1620 400 cui
1642 373 1741 401 sociari
1765 374 1864 409 quierit
1889 384 1941 404 non

1139 420 1289 455 discrepet,
1304 419 1370 455 quia
1383 419 1418 446 ab
1430 427 1463 446 eo
1477 419 1532 455 (29)
1547 420 1593 447 cui
1608 420 1709 447 sociari
1730 421 1831 455 quaerit
1845 421 1942 450 discre-

1139 469 1196 502 pat,
1211 474 1324 494 necesse
1338 467 1381 494 est
1394 466 1604 502 indulgentiam
1617 468 1646 494 et
1666 466 1847 503 privilegium
1859 469 1941 497 socie-

1139 512 1205 540 tatis
1218 512 1337 540 amittat.

1175 560 1207 587 Il.
1236 559 1352 586 Videant
1379 559 1467 594 igitur
1495 559 1563 594 quid
1588 559 1617 586 in
1644 559 1698 587 hoc
1723 560 1837 595 negotio
1863 570 1941 597 agerc

1139 609 1277 633 conentur
1295 607 1329 633 ιι.
1360 607 1440 639 Nam,
1462 606 1484 633 si
1506 606 1583 633 aliud
1605 606 1724 641 quidem
1753 608 1944 643 Evangelium,

1138 653 1215 680 aliud
1236 655 1331 680 autem
1357 656 1495 688 martyres
1517 653 1614 680 dicunt
1639 654 1768 688 posuisse
1792 654 1944 689 decretum,

1139 700 1304 727 collidentes
1319 702 1417 726 contra
1431 699 1615 734 Evangelium
1637 702 1776 735 martyres
1799 701 1946 737 utrobique

1139 746 1384 782 periclitabuntur.
1406 747 1477 773 Nam
1507 748 1535 773 et
1565 747 1710 782 Evangelii
1732 747 1821 773 fracta
1843 747 1903 782 jam
1923 751 1948 776 et

1135 793 1232 827 jaccns
1253 792 1396 819 videbitur
1418 801 1477 820 esse
1505 793 1645 828 majeslas,
1670 793 1691 819 si
1721 793 1817 828 potuit
1838 794 1949 822 alterius

1139 839 1245 866 decreti
1271 839 1394 866 novitate
1410 840 1549 874 superari,
1569 843 1595 866 et
1620 840 1655 866 de
1674 841 1837 875 martyrum
1860 841 1947 876 capite

1140 886 1264 921 gloriosa
1279 886 1463 913 confessionis
1480 894 1584 913 corona
1606 886 1743 919 detracta,
1761 886 1785 913 si
1801 894 1860 914 non
1875 887 1951 915 illam

1139 933 1173 960 de
1193 932 1337 967 Evangelii
1362 933 1574 960 conservatione
1597 933 1782 960 inveniantur
1812 935 1951 962 consecuti

1139 979 1213 1006 unde
1240 981 1379 1014 martyres
1398 979 1470 1006 ﬁunt
1485 979 1560 1014 (30);
1591 983 1620 1006 ut
1643 979 1744 1007 merito
1768 979 1865 1017 305
1885 981 1951 1008 nulli

1139 1026 1229 1061 magis
1245 1025 1281 1053 sit
1296 1028 1460 1061 competens
1480 1026 1553 1053 nihil
1576 1028 1674 1053 contra
1695 1027 1883 1062 Evangelium
1905 1028 1952 1055 de-

1139 1081 1255 1099 cernere
1277 1081 1361 1107 quam
1385 1072 1433 1108 qui
1457 1073 1589 1108 martyris
1610 1081 1717 1101 nomen
1745 1081 1781 1100 ex
1806 1074 1954 1110 Evangelia

1139 1119 1246 1146 laborat
1261 1120 1282 1136 ⁵⁵
1298 1119 1434 1154 accipere.
1458 1119 1527 1147 [llud
1554 1123 1693 1155 praeterea
1718 1120 1859 1148 vellemus
1877 1121 1954 1148 addi-

1138 1174 1215 1193 scere
1243 1174 1249 1192 :
1275 1166 1298 1192 si
1322 1168 1462 1202 martyres
1485 1174 1543 1193 non
1564 1169 1682 1202 propter
1711 1167 1790 1194 aliud
1818 1170 1956 1204 martyres

1139 1213 1210 1240 ﬁunt
1238 1213 1292 1239 nisi
1320 1216 1352 1239 ut
1371 1221 1427 1240 non
1457 1213 1650 1240 sacriﬁcantes
1678 1216 1798 1241 teneant
1827 1214 1957 1242 Ecclesiae

1141 1268 1227 1294 usque
1240 1259 1275 1286 ad
1296 1259 1463 1287 effusionem
1484 1260 1633 1295 sanguinis
1654 1261 1695 1287 sui
1715 1269 1830 1296 pacem,
1845 1270 1882 1288 ne
1896 1270 1958 1288 cru-

1139 1306 1228 1332 ciatus
1252 1306 1351 1333 dolore
1374 1307 1507 1341 superati,
1530 1307 1679 1342 perdendo
1700 1316 1817 1343 pacem,
1840 1308 1960 1343 perdant

1139 1352 1271 1386 salutem,
1288 1360 1345 1387 quo
1360 1354 1441 1387 pacto
1455 1353 1576 1380 salutem
1591 1361 1688 1388 quam,
1700 1354 1724 1381 si
1739 1354 1959 1387 sacriﬁcassent,

1138 1407 1167 1426 se
1189 1399 1335 1426 habituros
1361 1407 1418 1426 non
1444 1401 1626 1434 putaverunt,
1645 1400 1699 1427 illis
1721 1400 1892 1428 existimant
1912 1401 1959 1428 do-

1139 1446 1265 1473 nandam
1288 1446 1336 1481 qui
1351 1446 1523 1473 sacriﬁcasse
1539 1447 1679 1480 dicantur,
1693 1455 1759 1474 cum
1776 1448 1877 1483 legem
1891 1447 1961 1474 hanc

1140 1492 1262 1520 debeant
1283 1492 1395 1520 in’aliis
1413 1496 1512 1520 tenere
1535 1502 1623 1528 quam
1640 1494 1693 1529 ipsi
1713 1494 1892 1522 videbantur
1912 1494 1962 1521 sibi

1140 1541 1206 1566 ante
1221 1539 1366 1574 posuisse?
1376 1540 1406 1566 In
1426 1548 1482 1575 quo
1496 1541 1614 1575 negotio
1634 1541 1687 1568 hoc
1703 1540 1804 1576 ipsum
1818 1541 1898 1577 quod
1912 1549 1961 1576 pro

1140 1594 1170 1613 se
1192 1586 1260 1621 ipsis
1278 1586 1369 1613 facere
1391 1587 1563 1621 putaverunt
1581 1587 1845 1615 animadvertimus
1865 1590 1964 1615 contra

1141 1641 1170 1659 se
1193 1633 1270 1668 ipsos
1291 1633 1453 1668 protulisse.
1472 1634 1554 1667 Nam,
1576 1634 1598 1660 si
1623 1634 1749 1661 dandam
1777 1634 1835 1662 illis
1867 1642 1964 1670 pacem

1142 1683 1280 1715 martyres
1295 1682 1476 1715 putaverunt,
1498 1688 1548 1707 cur
1567 1680 1622 1716 ipsi
1644 1689 1702 1708 non
1728 1681 1906 1709 dederunt?
1918 1689 1966 1708 cur

1142 1727 1202 1753 illos
1223 1727 1258 1753 ad
1281 1726 1455 1762 episcopum,
1479 1728 1510 1753 ut
1542 1727 1596 1762 ipsi
1624 1727 1733 1761 dicunt,
1769 1727 1963 1755 remittendos

1142 1774 1339 1800 censuerunt?
1356 1774 1380 1800 ls
1394 1773 1472 1801 enim
1493 1773 1542 1809 qui
1564 1773 1647 1808 jubet
1670 1774 1732 1801 ﬁeri
1754 1776 1855 1810 potest
1869 1775 1966 1810 utique

960 1851 1065 1883 Varia
1099 1851 1266 1883 lectiones.

309 1924 330 1939 ⁴¹
348 1923 511 1955 Temperata
530 1923 591 1947 Bod.
608 1924 629 1949 l.

279 1960 300 1976 ⁴⁵
310 1958 466 1984 Laborabat
481 1959 559 1984 Oxon.

672 1924 695 1940 ⁴¹
711 1924 789 1949 Juste
811 1925 920 1950 coercet
938 1926 965 1950 et
987 1924 1124 1950 hortando

1143 1925 1222 1950 Oxon.
1262 1925 1283 1941 ⁴³
1298 1924 1423 1950 Ostendit
1440 1925 1518 1949 Oxon.
1552 1926 1573 1941 ⁴⁴
1586 1926 1675 1957 Agere
1695 1927 1844 1958 cogentur
1868 1925 1931 1951 Bod.
1944 1927 1969 1950 1.

923 2009 1035 2050 Steph.
1061 2009 1184 2041 Baluzii
1211 2011 1309 2041 notae.

279 2081 334 2106 duo
347 2081 442 2111 habui,
458 2087 544 2105 unum
560 2087 593 2105 cx
607 2080 776 2106 bibliotheca
790 2087 859 2111 mea,
879 2082 953 2106 aliud
973 2089 1005 2107 ex
1026 2082 1095 2107 urbe

279 2116 542 2148 Gratianopolitana.
564 2116 646 2147 Angli
670 2117 712 2140 usi
736 2118 801 2141 sunt
824 2117 852 2141 in
869 2124 901 2142 ea
923 2117 1095 2142 emendanda

279 2160 336 2178 uno
348 2153 508 2177 Bodleiano.

312 2188 475 2213 Lombertus
491 2189 518 2212 et
531 2186 696 2212 Guillelmus
716 2187 789 2213 Cave
806 2188 883 2212 aiunt
902 2187 978 2212 illam
1004 2187 1094 2218 scrip-

282 2226 338 2248 tam
362 2223 446 2247 fuisse
471 2231 486 2247 υ
509 2222 660 2269 Novatiapo
681 2223 794 2269 nomine
818 2223 883 2247 cleri
907 2222 1134 2269 Ro‘maninan—D

283 2262 392 2269 1‘...-_~
423 2259 444 2269 Ζ,-
469 2258 570 2269 ἒηηιι-ηι
592 2265 620 2269 ην.
645 2258 710 2269 in..."
747 2265 774 2269 ..η
815 2265 868 2269 “Am
893 2264 940 2269 ..-Α
963 2260 1007 2269 η-ιι
1056 2264 1085 2269 Α-

283 2262 395 2291 tequam
422 2259 445 2282 is
469 2258 573 2283 faceret
592 2257 721 2289 schisma,
746 2257 794 2282 sed
815 2265 870 2282 non
892 2258 1017 2289 probant.
1032 2258 1096 2282 For-

282 2295 361 2320 tassis
375 2295 412 2319 ita
427 2295 603 2325 conjecerunt
617 2300 654 2318 ex
665 2293 710 2318 his
724 2293 814 2318 verbis
829 2293 952 2325 epistolae
960 2293 999 2323 52,
1014 2293 1093 2324 p.67:

281 2330 431 2356 Noratiano
460 2332 521 2354 tunc
548 2329 680 2354 scribente.
712 2329 743 2353 In
767 2329 852 2354 veteri
884 2328 979 2353 codice
1002 2328 1095 2353 Remi-

280 2367 362 2398 giano
377 2367 539 2391 annotatum
565 2367 606 2390 est
631 2365 775 2397 epistolam
802 2364 833 2389 26
855 2364 985 2389 dictatam
1009 2370 1096 2389 essen

281 2402 443 2430 Novatiano.
457 2404 488 2426 ut
512 2401 568 2426 illic
592 2401 762 2426 monuimus.
788 2401 975 2431 Hieronymus
995 2400 1022 2424 iu
1037 2401 1096 2431 epi~

281 2438 350 2463 stola
378 2438 410 2462 de
434 2438 550 2469 quinque
583 2437 772 2467 Ouwstionibus
798 2436 832 2460 ad
862 2442 962 2467 papam
995 2436 1096 2460 Dama-

281 2481 354 2505 sum,
369 2474 552 2498 Novatianum
575 2474 655 2498 vocat
674 2472 934 2504 eloquentissimum
956 2471 1055 2501 virum,
1071 2473 1096 2496 et

282 2510 309 2534 in
324 2509 437 2541 epistola
463 2509 499 2533 ad
518 2508 630 2533 Paulum
655 2508 870 2533 Concordiensem
894 2507 960 2532 facit
981 2507 1098 2532 mentio—

281 2551 346 2570 nem
380 2544 558 2576 cpistolarum
594 2543 746 2568 Novatiani.
775 2543 809 2567 Et
842 2542 999 2574 Cyprianus
1037 2542 1098 2574 ipse

281 2580 360 2612 epist.
373 2580 413 2610 52,
428 2586 488 2611 pag.
513 2579 553 2608 73,
579 2578 617 2602 ad
638 2578 828 2608 Auloni’anum,
857 2578 975 2609 loquens
991 2577 1025 2603 de
1046 2577 1097 2602 No-

281 2617 393 2641 vatiano
407 2622 412 2640 :
426 2615 541 2640 «Jactet
561 2621 591 2638 se
610 2614 675 2638 licet
699 2616 725 2638 et
752 2613 955 2645 philosophiam
977 2613 1021 2638 vel
1043 2614 1098 2639 elo-

282 2651 426 2683 quentiam
451 2656 531 2674 suam
554 2649 680 2681 superbis
702 2649 820 2674 vocibus
844 2649 1011 2680 praedicet.»
1030 2649 1098 2680 Ejus

283 2687 420 2711 habemus
440 2687 587 2710 tractatum
611 2685 644 2709 de
668 2685 795 2710 Trinitate
822 2684 927 2710 editum
945 2691 1009 2710 cum
1032 2691 1098 2717 ope-

284 2722 361 2746 ribus
375 2720 547 2746 Tertulliani.

315 2757 363 2787 (27)
387 2757 473 2787 Papa.
501 2756 531 2780 In
558 2755 628 2781 libro
652 2762 714 2781 meo
745 2755 840 2785 veteri,
871 2755 899 2779 in
933 2755 1028 2780 codice
1056 2755 1099 2781 199

284 2792 461 2818 bibliotheca
476 2792 611 2817 Vaticano
633 2794 660 2817 et
685 2792 712 2816 in
736 2791 990 2823 Gratianopolitano
1012 2791 1098 2823 scrip-

284 2830 343 2853 tum
356 2829 397 2853 est
411 2827 510 2859 populi.
537 2827 583 2853 Sic
607 2827 679 2859 apud
700 2827 860 2852 Liberatum
886 2833 946 2858 cap.
972 2827 1011 2857 ‘23,
1030 2833 1099 2858 qua-

283 2865 344 2889 tuor
358 2863 458 2889 vetusti
479 2863 589 2889 codices
612 2863 716 2888 habent
737 2862 841 2888 Menala
856 2869 906 2894 pro
927 2869 960 2888 eo
982 2862 1099 2894 quodin

281 2899 568 2933 editionibuslegitur
578 2899 686 2931 Manna,
706 2900 736 2925 ut
752 2899 914 2925 monuimus
939 2898 974 2924 ad
997 2898 1100 2933 episto-

1145 2082 1200 2106 lam
1214 2082 1250 2106 16.
1271 2081 1341 2106 Vide
1357 2081 1438 2106 etiam
1454 2083 1532 2107 notas
1546 2082 1580 2106 ad
1593 2082 1740 2113 epistolam
1756 2082 1782 2113 2,
1798 2089 1864 2114 pag.
1878 2082 1934 2108 387.

1177 2118 1223 2148 (28)
1257 2116 1398 2141 Verborum
1427 2119 1606 2142 tenterz‘lutem.
1641 2118 1695 2143 llic
1728 2118 1818 2143 locus
1844 2118 1972 2150 adjuvare

1145 2154 1235 2184 potest
1263 2152 1422 2184 opinionem
1447 2153 1628 2177 illustrissimi
1649 2153 1778 2185 episcopi
1806 2152 1974 2179 Oxoniensis

1145 2188 1330 2213 existimantis
1359 2188 1442 2213 verba
1470 2188 1596 2219 quaedam
1633 2189 1728 2213 minus
1766 2189 1890 2215 decocta
1913 2194 1973 2220 qua:

1146 2225 1254 2248 exstant
1276 2224 1303 2247 in
1319 2224 1434 2254 epistola
1461 2224 1490 2248 18
1507 2224 1697 2249 contessorum
1725 2224 1766 2249 ad
1795 2225 1974 2257 Cyprianum,

1147 2259 1289 2284 continere
1309 2259 1399 2283 minas
1432 2259 1739 2284 excommunicationis.
1774 2259 1886 2286 Verum
1912 2266 1974 2285 cum

1147 2293 1306 2325 hujusmodi
1330 2294 1466 2318 minarum
1480 2294 1584 2319 nullam
1602 2295 1779 2320 mentionem
1797 2296 1885 2321 faciat
1900 2301 1976 2320 sanc-

1147 2330 1191 2353 tus
1222 2331 1325 2361 martyr
1344 2330 1372 2353 in
1392 2329 1508 2361 epistola
1530 2329 1569 2360 22,
1593 2330 1620 2354 in
1640 2336 1694 2362 qua
1724 2332 1922 2364 conqueritur
1943 2330 1976 2356 de

1147 2365 1300 2389 temeritate
1325 2364 1450 2394 Luciani,
1475 2365 1653 2390 manifestum
1681 2365 1803 2391 videtur
1826 2366 1976 2392 verborum

1147 2400 1328 2424 temeritatem
1344 2407 1407 2431 qua:
1426 2400 1487 2424 istic
1506 2400 1717 2431 reprehenditur
1749 2403 1901 2434 respicere
1918 2403 1976 2427 tan-

1148 2437 1206 2459 tum
1221 2434 1255 2459 ad
1270 2436 1452 2460 temeritatem
1466 2437 1587 2460 notatam
1601 2436 1628 2460 in
1643 2436 1768 2467 epistola
1789 2437 1917 2469 preced.

1178 2470 1224 2501 (29)
1250 2470 1316 2500 Quia
1334 2470 1368 2495 ab
1388 2477 1426 2495 eo.
1451 2472 1540 2496 Antea
1569 2471 1711 2502 legebatur
1743 2479 1763 2497 α
1790 2474 1858 2498 Deo.
1877 2473 1978 2498 Emen-

1147 2505 1275 2531 davimus
1314 2513 1348 2532 ex
1388 2507 1550 2532 auctoritate
1598 2507 1732 2532 codicum
1775 2508 1979 2535 Vaticanorum

1147 2542 1294 2566 citatorum
1310 2542 1338 2566 in
1352 2549 1398 2567 ora
1418 2542 1548 2567 editionis
1562 2542 1746 2574 Manutianm,
1771 2544 1803 2569 in
1828 2543 1980 2576 exemplari

1148 2584 1251 2602 excuso
1267 2577 1342 2609 quod
1365 2585 1449 2609 penes
1470 2585 1514 2603 me
1539 2580 1588 2608 est,
1608 2580 1667 2602 tum
1695 2578 1789 2604 etiam
1817 2586 1855 2605 ex
1878 2578 1980 2605 Gratia-

1148 2613 1319 2644 nopolitano,
1333 2615 1360 2638 et
1382 2620 1417 2638 ex
1435 2620 1492 2638 uno
1513 2620 1575 2639 meo
1595 2613 1709 2645 optimo.
1735 2613 1791 2640 Sic
1812 2622 1883 2642 vero
1901 2613 1982 2641 scribi

1148 2648 1249 2674 debere
1265 2649 1386 2680 postulat
1402 2649 1486 2674 etiam
1500 2655 1607 2674 sensus.

1180 2684 1227 2716 (30)
1246 2685 1318 2709 Unde
1333 2687 1464 2715 martyres
1477 2685 1550 2716 ﬁunt.
1567 2684 1666 2716 Supra,
1681 2685 1774 2717 epist,
1799 2685 1846 2716 22,
1863 2684 1982 2719 p.533:

1149 2728 1163 2744 ‹
1180 2720 1294 2746 Minime
1317 2719 1504 2745 consideravit
1531 2720 1606 2752 quod
1633 2727 1689 2745 non
1717 2722 1869 2754 martyres
1892 2721 1983 2748 Evan-

1149 2756 1251 2787 gelium
1290 2756 1404 2786 faciunt,
1437 2756 1485 2781 sed
1523 2763 1572 2787 per
1607 2756 1805 2788 Evangelium
1849 2759 1983 2789 martyres

1148 2791 1228 2815 ﬁunt.
1256 2799 1270 2814 »
1296 2791 1377 2821 Infra,
1405 2792 1483 2823 epist.
1509 2791 1549 2821 33,
1572 2798 1633 2823 pag.
1660 2790 1692 2816 48
1721 2798 1728 2815 :
1757 2801 1773 2815 «ι
1794 2792 1982 2823 Evangellum

1150 2826 1251 2852 Christi
1264 2827 1355 2858 legere
1372 2827 1447 2852 unde
1462 2830 1598 2858 martyres
1612 2827 1689 2852 ﬂuat.
1709 2834 1727 2851 ι
1750 2827 1791 2854 Et
1809 2829 1842 2855 in
1862 2828 1934 2855 libro
1951 2827 1983 2853 do

1148 2863 1251 2924 tliapstis,
1279 2870 1340 2895 pag.
1366 2864 1411 2889 188
1437 2871 1442 2888 :
1466 2871 1480 2886 α
1514 2862 1568 2895 Qui
1594 2862 1628 2890 de
1654 2861 1824 2898 Evangelia
1847 2865 1982 2897 martyres

1169 2904 1207 2923 un
1222 2915 1227 2922 .
1243 2905 1257 2924 ››

1169 2899 1227 2923 unt.
1243 2905 1257 2924 ››
