4028 6200
201 278 272 329 313

1550 271 1876 328 EPISTOLA
1915 270 2070 324 XXX.

3381 258 3483 312 314

193 402 333 454 facere
367 396 506 467 quod
546 396 669 450 ﬁeri
701 395 884 467 jubet.
914 397 1044 463 Sed,
1079 400 1145 451 ut
1184 397 1579 468 intelligimus,
1611 398 1744 463 imo,
1771 408 1828 480 Α
1848 392 2231 448 humilitatem
2263 407 2275 445 :
2306 390 2456 444 unde
2484 388 2658 443 etiam
2689 385 2879 440 mirati
2908 399 3104 438 sumus
3132 380 3287 453 quod
3318 397 3473 453 quaa-

193 496 236 546 ut
259 508 328 544 res
354 491 461 561 ipsa
490 492 740 560 loquitur
767 495 823 545 et
848 491 1069 557 clamat,
1099 491 1440 546 sanctissimi
1470 494 1749 561 martyres

189 585 431 653 utrobique
482 584 871 639 adhibendum
923 588 1270 654 putaverunt
1324 587 1746 654 temperamen-

190 683 279 732 tum
317 682 364 730 et
406 677 630 747 pudoris
680 683 735 732 et
780 678 1054 732 veritatis.
1098 679 1258 747 Nam,
1308 678 1439 749 quia
1480 695 1511 732 a
1556 678 1749 731 multis

188 770 500 842 urgebantur,
541 770 678 825 dum
716 771 785 825 ad
829 772 1158 841 episcopum
1179 773 1227 806 ⁴⁶
1268 771 1391 826 illos
1429 772 1746 838 remittunt,

184 863 484 918 verecundia:
536 865 800 934 propriae,
856 881 927 918 ne
982 865 1217 920 ulterius
1267 866 1745 937 inquietarentur,

182 957 533 1012 consulendum
586 961 961 1028 putaverunt;
1017 964 1073 1013 et
1122 959 1260 1014 dum
1309 960 1418 1014 illis
1469 976 1584 1015 non
1642 954 1765 1032 ipsi

181 1051 570 1117 communicant,
619 1051 961 1122 evangelicae
1002 1052 1147 1123 legis
1192 1053 1469 1108 illibatam
1513 1054 1749 1109 sinceri-

180 1149 311 1199 tatem
336 1143 758 1199 custodiendam
781 1146 1196 1216 judicaverunt.

229 1239 302 1292 lll.
329 1239 401 1292 Tu
430 1244 641 1305 tamen,
672 1238 870 1305 frater,
902 1256 1193 1311 nunquam
1219 1256 1322 1311 pro
1352 1244 1446 1296 tua
1476 1242 1747 1297 charitate

178 1331 360 1385 desistas
393 1332 680 1402 lapsorum
710 1332 931 1388 animos
972 1336 1294 1405 temperare
1332 1339 1389 1389 et
1426 1336 1748 1391 errantibus

178 1424 375 1478 veritatis
414 1429 681 1495 praestare
722 1427 1086 1496 medicinam,
1131 1429 1265 1483 licet
1302 1429 1527 1483 animus
1565 1447 1745 1502 {egro-

178 1519 328 1572 rnm”
350 1518 701 1574 medentium
734 1536 1003 1592 respuere
1034 1522 1211 1577 soleat
1240 1522 1593 1578 industriam.
1636 1526 1745 1580 Re-

178 1629 275 1666 cens
298 1611 473 1684 306
495 1619 579 1668 est
608 1615 894 1684 lapsorum
921 1632 1104 1686 nuper
1128 1616 1234 1671 hoc
1253 1618 1455 1672 vulnus
1483 1623 1540 1672 et
1564 1619 1748 1673 adhuc

176 1706 218 1758 in
261 1708 521 1760 tumorem
573 1707 741 1779 plaga
793 1725 1174 1780 consurgens;
1232 1714 1290 1765 et
1341 1710 1553 1766 idcirco
1610 1712 1747 1766 certi

1851 489 1984 542 dam
2010 486 2120 557 (33)
2149 486 2206 539 in
2240 490 2293 539 te
2325 499 2428 554 per
2456 481 2749 552 epistolam
2789 479 2996 549 injecta
3030 477 3226 531 durius
3258 478 3483 530 notare-

1851 597 1996 649 mus,
2027 596 2158 633 cum
2187 592 2438 632 amorem
2479 578 2728 627 vestrum
2759 577 3024 625 mutuum
3061 576 3117 625 et
3142 570 3483 623 charitatem

1850 672 2124 743 exemplis
2152 670 2344 725 multis
2372 668 2677 738 reciprocae
2706 665 3016 719 affectionis
3038 664 3096 717 in
3116 680 3211 717 vos
3239 662 3481 716 invicem

1850 784 2001 839 saepe
2043 765 2540 837 comperissemus.
2579 762 2821 829 Tempus
2863 760 2946 813 est
2988 758 3162 826 igitur
3204 762 3268 811 ut
3307 758 3483 826 agant

1851 862 2043 917 delicti
2069 858 2490 932 pcenitentiam,
2518 860 2577 910 ut
2605 854 2842 926 probent
2868 853 3059 921 lapsus
3086 850 3171 904 sui
3203 850 3475 915 dolorem,

1851 960 1912 1011 ut
1955 955 2259 1010 ostendant
2295 949 2711 1016 verecundiam,
2747 952 2808 1001 ut
2846 947 3162 1000 monstrent
3193 942 3477 997 humilita-

1849 1056 1987 1115 tem,
2022 1052 2082 1102 ut
2119 1047 2428 1101 exhibeant
2468 1042 2836 1108 modestiam,
2880 1045 2945 1093 ut
2996 1039 3064 1092 de
3104 1035 3483 1091 submissione

1848 1146 2157 1215 provocent
2214 1140 2270 1194 in
2323 1156 2383 1193 se
2440 1139 2533 1192 Dei
2588 1134 2978 1199 clementiam,
3034 1134 3093 1185 et
3147 1130 3216 1185 de
3269 1129 3484 1183 honore

1849 1236 2041 1291 debito
2083 1236 2142 1289 in
2189 1235 2288 1288 Dei
2328 1232 2675 1287 sacerdotem
2694 1230 2738 1263 "'9
2774 1228 3003 1282 eliciant
3038 1226 3095 1279 in
3138 1241 3197 1278 se
3230 1223 3483 1277 divinam

1848 1329 2314 1385 misericordiam.
2371 1328 2591 1391 Quanto
2651 1322 2916 1377 meliores
2974 1321 3226 1390 ipsorum
3278 1317 3481 1371 littera:

1847 1425 2083 1479 fuissent
2131 1423 2177 1476 si
2234 1439 2335 1493 pro
2389 1420 2522 1491 ipsis
2575 1434 2771 1489 preces
2828 1413 3102 1470 stantium
3158 1411 3483 1466 humilitate

1848 1520 2107 1590 ipsorum
2132 1516 2340 1587 adjutus
2368 1513 2635 1569 fuissent!
2666 1512 2934 1583 quoniam
2962 1512 3018 1565 et
3042 1507 3264 1563 facilius
3294 1505 3479 1575 impe-

1848 1616 2033 1667 tratur
2067 1612 2216 1682 quod
2252 1609 2466 1680 petitur
2501 1607 2731 1679 quando
2758 1606 2804 1660 is
2836 1622 2937 1676 pro
2965 1619 3075 1675 quo
3102 1600 3315 1673 petitur
3344 1614 3475 1653 con-

1849 1706 2057 1777 dignus
2083 1709 2167 1759 est
2198 1708 2261 1757 ut
2289 1703 2439 1773 quod
2470 1702 2679 1772 petitur
2704 1700 3059 1769 impetretur.

177 1814 327 1853 sumus
364 1800 534 1869 quod,
574 1801 756 1871 spatio
802 1802 1173 1873 productioris
1215 1806 1486 1875 temporis
1528 1780 1824 1877 impetuB
1920 1802 2004 1855 IV.
2034 1800 2191 1864 Quod
2234 1806 2427 1853 autem
2465 1795 2718 1867 pertinet
2753 1793 2825 1847 ad
2863 1792 3149 1846 Privatum
3186 1783 3478 1841 Lambesi-

174 1892 254 1946 isto
276 1901 717 1962 consenescente,
746 1896 1020 1951 amabunt
1046 1896 1151 1952 hoc
1179 1897 1391 1969 ipsum,
1424 1899 1493 1953 ad
1520 1899 1750 1954 ﬁdelem

175 2002 216 2038 se
238 1985 409 2039 dilatus
438 2004 559 2042 esse
591 1988 957 2056 medicinam,
985 1992 1030 2045 si
1064 1996 1258 2047 tamen
1287 1992 1472 2048 desint
1500 1993 1597 2064 qui
1623 1993 1749 2048 illos

174 2084 351 2133 arment
388 2081 457 2134 ad
504 2082 817 2152 periculum
866 2085 1183 2154 proprium,
1224 2090 1279 2141 et
1318 2086 1375 2139 in
1419 2103 1749 2157 perversum

173 2176 487 2242 instruentes,
531 2191 635 2245 pro
672 2176 1009 2231 salutaribus
1047 2178 1380 2234 dilationum
1402 2180 1448 2214 ⁴⁸
1478 2180 1752 2235 remediis

174 2265 357 2320 exitiosa
391 2266 700 2338 deposcant
738 2269 844 2323 illis
881 2277 1191 2342 properatae
1221 2273 1752 2328 communicationis

170 2369 368 2409 venena.
396 2357 589 2428 Neque
629 2357 781 2412 enim
823 2360 1110 2414 credimus
1150 2361 1268 2416 sine
1308 2362 1581 2417 instinctu
1612 2380 1750 2434 quo-

172 2449 387 2503 rumdam
423 2467 660 2505 ausuros
696 2452 867 2507 fuisse
903 2470 1102 2509 omnes
1143 2461 1256 2509 tam
1297 2456 1617 2525 petulanter
1645 2458 1752 2527 (31)

171 2542 249 2595 sibi
279 2560 462 2613 pacem
505 2545 811 2601 vindicare.
844 2548 1114 2602 Novimus
1153 2550 1616 2621 Carthaginensis
1651 2552 1749 2605 Ec-

172 2634 317 2690 clesiae
349 2637 540 2708 fidem,
574 2639 835 2694 novimus
873 2640 1289 2698 institutionem
1329 2644 1461 2713 (32),
1493 2644 1753 2698 novimus

1850 1899 2048 1949 tanum
2088 1894 2215 1963 (34),
2258 1908 2361 1962 pro
2412 1897 2508 1945 tuo
2558 1904 2716 1942 more
2760 1885 2960 1951 fecisti,
3006 1883 3104 1955 qui
3147 1897 3269 1936 rem
3312 1878 3480 1933 nobis

1851 1993 2128 2058 tanquam
2152 1988 2199 2021 ⁵ο
2263 1983 2561 2040 sollicitam
2625 1981 2892 2036 nuntiare
2953 1974 3215 2044 voluisti;
3282 1988 3483 2027 omnes

1852 2081 2004 2136 enim
2038 2098 2137 2134 nos
2169 2079 2355 2152 307
2403 2080 2619 2133 decet51
2665 2093 2764 2147 pro
2806 2088 3039 2144 corpore
3078 2068 3250 2125 totius
3292 2065 3477 2120 Eccle-

1851 2176 1966 2242 size,
1995 2174 2155 2245 cujus
2198 2190 2298 2244 per
2339 2173 2522 2228 varias
2562 2186 2817 2241 quasque
2861 2164 3172 2238 provincias
3219 2159 3480 2215 membra

1852 2269 2073 2340 digesta
2107 2270 2257 2337 sunt,
2288 2266 2580 2321 excubare.
2610 2264 2714 2320 Sed
2753 2278 2854 2316 nos
2888 2260 3060 2315 etiam
3099 2260 3228 2311 ante
3264 2255 3480 2308 litteras

1850 2368 1975 2417 tuas
2009 2362 2165 2417 fraus
2195 2360 2383 2416 callidi
2416 2358 2666 2415 hominis
2704 2357 2884 2411 latere
2915 2370 3031 2408 non
3060 2350 3247 2422 potuit
3276 2365 3288 2403 :
3321 2362 3478 2415 nam,

1853 2473 1985 2510 cum
2034 2455 2275 2510 antehac
2318 2454 2554 2525 quidam
2592 2469 2656 2507 ex
2703 2450 2878 2522 ipsius
2928 2444 3199 2517 nequitiae
3247 2442 3476 2496 cohorte

1853 2550 2094 2605 venisset
2143 2547 2464 2603 vexillarius
2517 2546 2624 2617 (35)
2682 2542 2885 2598 Privati
2942 2544 3183 2596 Futurus
3237 2534 3371 2607 (36),
3423 2535 3480 2587 et

1851 2643 2242 2699 fraudulenter
2290 2642 2505 2697 litteras
2548 2656 2580 2693 a
2620 2638 2783 2697 nobis
2832 2637 3037 2691 elicere
3081 2634 3325 2697 curaret,
3374 2642 3479 2681 nec

1488 2788 1694 2851 Varia;
1748 2788 2086 2851 lectiones.

216 2903 250 2937 ⁸⁸
275 2904 371 2967 Qui
412 2905 480 2954 ad
520 2920 605 2972 ep.
654 2909 777 2958 Bod.
823 2914 869 2961 1.
933 2910 975 2943 ⁴⁷
1004 2913 1292 2977 Egrotans
1329 2912 1455 2963 Bod.
1498 2915 1543 2963 1.
1610 2912 1651 2945 ⁴δ
1686 2913 1759 2963 Di

1862 2914 1975 2963 onis
2011 2912 2136 2962 Bod.
2184 2915 2227 2963 1.
2304 2914 2347 2945 υ
2373 2911 2669 2964 Sacerdote
2710 2910 2864 2960 Oxon.
2934 2906 2973 2941 ⁵ο
3004 2907 3295 2969 Tanquam
3345 2898 3480 2948 delet

173 2978 295 3027 01m.
353 2981 392 3014 ﬂ
416 2982 529 3031 Nos
565 2980 728 3031 docet
755 2981 877 3031 Bod.
915 2984 956 3032 1.

1411 3065 1637 3147 Steph.
1683 3065 1929 3129 Baluzii
1975 3070 2169 3129 notae.

217 3188 793 3281 pergin-nter,
824 3194 879 3244 id
916 3197 1016 3256 est,
1048 3197 1341 3281 commota
1354 3194 1627 3245 seditione
1653 3195 1749 3245 ad-
1771 3207 1825 3281 ρ

171 3271 323 3338 versus
346 3264 669 3338 praepositos
698 3269 760 3338 ut
794 3278 987 3338 pacem
1019 3266 1224 3338 abillis
1254 3268 1665 3330 extorquerent,
1691 3270 1752 3316 ut

172 3328 318 3380 videre
340 3336 417 3381 est
442 3333 495 3382 in
534 3335 769 3397 epistola
796 3337 879 3393 22,
904 3351 1024 3400 pag.
1054 3337 1133 3387 32.

220 3401 295 3462 [32)
345 3405 599 3456 Nouimus
654 3405 1052 3457 institutionem.
1102 3409 1241 3458 Puto
1304 3408 1581 3459 Romanos
1634 3408 1756 3458 istic

171 3470 294 3554 loqui
322 3473 386 3523 de
424 3476 777 3554 institutione
815 3478 931 3554 sive
954 3478 1126 3554 initiis
1156 3478 1427 3529 Ecclesiae
1459 3478 1757 3543 Carthagi—

172 3549 341 3599 nensis,
378 3560 547 3609 quam
593 3551 819 3596 sanctus
859 3549 1204 3612 Augustinus
1248 3550 1305 3599 in
1347 3549 1489 3600 libro
1519 3550 1581 3599 de
1625 3551 1759 3598 Uni-

172 3618 253 3685 ιρις
290 3617 556 3677 Ecclesia,
611 3632 727 3681 cap.
796 3620 890 3680 l5,
954 3633 1023 3669 ex
1080 3633 1146 3670 eo
1206 3621 1429 3684 collegit
1475 3622 1758 3685 accepisse

170 3684 319 3763 ﬁdem
340 3688 541 3763 Christi
582 3690 639 3737 in
675 3689 1123 3763 initiisfundatas
1158 3691 1448 3763 Ecclesiae,
1479 3693 1609 3755 quia
1640 3706 1757 3741 ma-

174 3757 503 3835 nifestissimis
584 3760 913 3835 testimoniis
982 3765 1197 3812 constat
1260 3762 1570 3813 Ecclesium
1640 3766 1758 3812 tum

172 3825 308 3878 fuisse
368 3833 478 3879 toto
540 3831 674 3881 orbe
732 3830 1009 3881 diffusam.
1075 3833 1238 3895 Quod
1294 3835 1461 3883 etiam
1517 3835 1758 3884 sensisse

174 3898 539 3950 Tertullianum
592 3901 795 3965 liquet,
854 3916 922 3952 ex
982 3903 1124 3953 libro
1173 3906 1291 3967 ejus
1338 3904 1610 3954 adversum
1658 3905 1758 3953 Ju-

175 3966 279 4017 daeos
308 3976 355 4020 et
404 3986 467 4022 ex
513 3972 658 4021 libro
703 3973 767 4021 de
792 3966 1309 4037 Prwscriptionibus:
1347 3988 1414 4024 ex
1454 3989 1564 4039 quo
1609 3977 1761 4026 colli-

174 4054 271 4121 gere
311 4043 640 4121 “catillum
687 4045 1033 4121 emistimasse
1075 4046 1389 4097 Ecclesium
1439 4048 1758 4098 Africanam

172 4113 298 4191 initia
341 4114 499 4191 ﬁdei
535 4127 655 4164 suae
718 4115 919 4191 debere
987 4118 1260 4181 episcOpis
1320 4118 1597 4168 Romanis.
1668 4120 1761 4168 Ait

175 4186 289 4231 enim
329 4201 339 4232 :
377 4204 403 4229 α
444 4186 503 4235 Si
550 4191 736 4236 autem
778 4188 945 4238 Italia:
994 4188 1239 4252 adjaces,
1281 4188 1455 4239 habes
1497 4189 1759 4250 Romam,

176 4254 290 4333 unde
322 4256 476 4333 nobis
510 4269 753 4333 quoque
777 4260 1076 4333 auctoritas
1109 4264 1311 4333 praesto
1347 4264 1446 4309 est.
1488 4279 1515 4305 »
1552 4258 1621 4308 Et
1649 4261 1759 4309 Au-

176 4328 791 4404 gustinusginnli‘pistola
839 4330 1262 4404 od_Severinum
1305 4331 1380 4381 ait
1431 4330 1762 4381 Christianas

173 4392 273 4473 ﬁdei
309 4400 779 4473 auctoritatemin
828 4400 1070 4450 Africam
1112 4402 1421 4451 manavisse
1465 4401 1533 4451 ab
1560 4401 1763 4452 Eccle-

176 4470 235 4545 sia
271 4472 657 4545 transmarina,
700 4470 755 4518 id
794 4476 877 4520 est
916 4472 1178 4521 Romana.
1221 4472 1361 4534 Quae
1408 4474 1594 4536 opinio
1634 4486 1763 4523 con-

176 4540 341 4614 tinuari
381 4545 577 4614 potest,
606 4543 929 4614 auctoritate
982 4543 1228 4606 epistolae
1278 4557 1445 4607 quam
1490 4546 1761 4595 Innocen-

179 4610 261 4685 tius
298 4624 426 4685 papa
470 4613 694 4674 scripsit
735 4614 803 4662 ad
852 4614 1183 4664 Decentium
1214 4616 1537 4679 episcopum
1580 4616 1764 4678 Eugu—

178 4677 387 4757 binumL
414 4684 471 4757 in
512 4698 626 4747 qua
671 4687 745 4733 ait
784 4686 1137 4736 manifestum
1186 4677 1305 4737 esse
1348 4677 1568 4737 nullum
1612 4677 1765 4737 insti-

182 4755 315 4802 tuiaze
350 4755 629 4805 Ecclesias
666 4757 718 4804 in
756 4757 935 4817 Italia,
970 4758 1191 4820 Galliis,
1234 4759 1541 4823 Hispaniis,
1579 4760 1764 4809 Africa

181 4828 312 4899 atque
349 4826 557 4888 Sicilia,
598 4830 705 4876 nisi
754 4843 847 4878 eos
886 4844 1025 4893 quos
1064 4830 1396 4881 venerabilis
1439 4832 1629 4881 Petrus
1669 4836 1766 4881 aut

180 4904 274 4951 ejus
304 4910 651 4948 successores
693 4902 1099 4951 constituerunt
1137 4902 1484 4965 sacerdotes;
1535 4907 1591 4953 et
1634 4902 1767 4953 hinc

182 4966 420 5038 concludit
466 4970 756 5020 Ecclesias
798 4971 920 5021 illas
967 4976 1217 5035 Oportere
1259 4974 1365 5024 hoc
1415 4974 1576 5038 sequi
1616 4974 1767 5038 quod

181 5034 389 5088 Ecclesia
442 5042 694 5091 Romana
741 5034 1019 5105 custodit;
1056 5058 1087 5094 a
1133 5059 1243 5108 qua
1290 5058 1383 5096 eas
1430 5034 1766 5109 principium

182 5112 423 5191 accepisse
464 5127 582 5161 non
628 5113 859 5191 dubium
903 5119 1003 5174 est,
1049 5129 1119 5167 ne
1166 5115 1299 5166 dum
1341 5118 1641 5180 peregrinis
1680 5130 1770 5165 as-

182 5183 475 5233 sertionibus
525 5183 773 5243 student,
816 5203 843 5230 α
883 5190 1049 5249 caput
1091 5188 1501 5237 institutionum
1546 5188 1771 5237 videan-

184 5252 544 5329 turloinitteres
568 5274 593 5301 »
621 5257 699 5329 Ita
733 5256 899 5329 etiam
936 5260 1166 5307 sanctus
1200 5256 1500 5321 Gregorius
1538 5257 1631 5307 lib.
1674 5271 1769 5317 vn,

184 5320 339 5371 iudici.
380 5337 414 5384 ι,
456 5326 615 5389 epist.
657 5328 736 5387 32,
777 5327 1027 5377 scribens
1062 5327 1130 5376 ad
1168 5320 1521 5379 Dominicum
1550 5329 1773 5391 episco-

186 5404 287 5467 pum
331 5395 823 5462 Carthaginensem
870 5414 880 5447 :
927 5414 956 5447 α
1008 5398 1259 5449 Scientes
1314 5404 1580 5461 prasterea
1625 5398 1772 5449 unde

188 5475 227 5541 tu
256 5467 515 5518 Africanis
551 5469 799 5532 partibus
832 5470 1128 5533 sumpserit
1154 5468 1423 5519 ordinatio
1453 5469 1773 5520 sacerdota—

189 5533 237 5584 lis
273 5543 568 5605 exordium,
612 5543 962 5593 laudabiliter
1005 5543 1166 5606 agitis
1201 5543 1351 5607 quod
1392 5542 1591 5594 Sedem
1634 5556 1774 5607 apo--

189 5612 396 5680 stolicam
442 5612 723 5680 diligendo
766 5615 835 5665 ad
890 5616 1059 5666 officii
1104 5616 1272 5667 vestri
1325 5616 1591 5679 originem
1643 5630 1772 5679 pru-

192 5678 309 5732 denti
351 5678 729 5738 recordatione
766 5689 1064 5737 recurritis.
1096 5704 1123 5732 »
1155 5687 1363 5739 Eadem
1397 5678 1580 5738 mente
1618 5678 1776 5738 sanc-

193 5756 258 5829 tua
299 5755 397 5808 Leo
446 5775 589 5824 papa
636 5762 707 5810 ita
751 5761 972 5823 scripsit
1026 5759 1093 5810 ad
1145 5760 1433 5824 episcopos
1486 5775 1582 5823 per
1635 5760 1774 5811 Sici-

191 5821 291 5875 liam
325 5821 652 5881 constitutos
685 5846 695 5880 :
735 5849 761 5879 α
795 5821 977 5894 Quam
1016 5821 1239 5897 culpam
1282 5821 1438 5883 nullo
1477 5821 1640 5882 modo
1681 5844 1776 5897 po-

1782 4574 1840 4645 D

1850 3196 2093 3246 tuissetis
2131 3195 2409 3257 incidere,
2451 3195 2497 3244 si
2541 3193 2689 3244 unde
2731 3188 3209 3243 consecrationem
3248 3182 3478 3257 honoris

1857 3266 2167 3329 accepistis,
2195 3266 2321 3315 inde
2351 3251 2531 3329 legem
2570 3264 2736 3313 totius
2766 3258 3133 3312 observantiae
3170 3251 3480 3329 sumeretis,

1856 3340 1910 3387 et
1939 3321 2085 3387 beati
2116 3321 2258 3388 Petri
2297 3321 2533 3401 apostoli
2565 3334 2745 3395 sedes,
2777 3346 2902 3396 quae
2939 3330 3098 3401 vobis
3121 3321 3481 3401 sacerdotalis

1856 3412 2032 3458 mater
2077 3412 2157 3458 est
2215 3394 2516 3471 dignitatis.
2576 3394 2739 3457 esset
2771 3394 3162 3471 ecclesiasticas
3194 3394 3479 3471 _m_agistra

1857 3480 2103 3529 rationis.
2150 3496 2178 3524 »
2228 3466 2444 3543 Sdppar
2499 3477 2823 3527 Innocentio
2872 3478 2927 3525 et
2968 3470 3137 3522 Leoni
3167 3466 3484 3543 Salvianus

1857 3564 1970 3600 non
2004 3550 2290 3600 dubitabat
2309 3536 2457 3613 quin
2476 3548 2729 3598 Ecclesia
2759 3541 3213 3613 Carthaginensis
3235 3536 3483 3613 instituta

1856 3623 2052 3673 fuisset
2090 3622 2159 3671 ab
2198 3607 2477 3685 apostolis.
2521 3620 2657 3669 Evo
2698 3630 2924 3682 quoque
2970 3612 3220 3685 Gregorii
3262 3608 3335 3685 Μ1
3366 3607 3481 3685 lqu-

1858 3695 2021 3744 midaa
2038 3678 2341 3743 credebant
2356 3691 2662 3742 Ecclesiam
2678 3678 2991 3739 Africanam
3008 3683 3296 3735 fundatam
3311 3678 3484 3728 fuisse

1858 3764 1928 3815 ab
1949 3763 2245 3827 Apostolis.
2274 3763 2441 3812 Porro
2465 3760 2872 3811 illustrissimus
2892 3750 3487 3827 episcoppuspxonien:

1858 3838 1934 3885 sis
1977 3818 2033 3884 in
2077 3836 2224 3884 notis
2258 3834 2329 3883 ad
2364 3832 2566 3883 librum
2597 3831 2775 3881 Pontii
2805 3818 3023 3879 diaconi
3059 3826 3127 3876 de
3155 3822 3283 3873 Vita
3306 3818 3485 3871 sancti

1859 3906 2123 3971 Cypriani
2166 3905 2381 3969 putavit
2416 3902 2700 3954 Simonem
2733 3902 2966 3951 zelotem
3005 3897 3176 3947 fuisse
3217 3894 3483 3971 Afrorum

1860 3965 2186 4041 Apostolum
2210 4012 2223 4038 ,
2266 3973 2664 4039 Eysingrenius
2714 3985 2843 4022 vero
2894 3973 3152 4021 sanctum
3209 3965 3485 4017 Crescen-

1860 4053 1989 4100 tem.

1920 4120 2015 4183 (33)
2058 4118 2198 4180 Quod
2232 4116 2490 4181 quaedam.
2538 4115 2781 4167 Difﬁcile
2826 4116 2908 4164 est
2949 4114 3101 4162 certo
3149 4107 3484 4183 constituere

1860 4178 2155 4243 lectionem
2174 4178 2340 4252 hu'jus
2364 4189 2487 4238 loci.
2514 4187 2641 4247 Sed,
2662 4191 2725 4236 ut
2743 4187 2918 4236 lector
2941 4185 3081 4234 scire
3107 4180 3275 4245 possit
3294 4178 3485 4252 inquo

1861 4265 2123 4315 consistat
2149 4248 2463 4322 difficultas,
2495 4258 2718 4310 aﬂ‘eram
2746 4257 3015 4308 lectiones
3050 4257 3298 4304 veterum
3323 4248 3488 4322 libro:

1862 4350 2002 4385 rum.
2032 4335 2092 4383 In
2120 4347 2243 4384 meo
2274 4318 2460 4383 vetere
2485 4334 2693 4395 optimo
2722 4332 2803 4380 sic
2831 4330 3098 4391 scriptum
3124 4328 3229 4385 est,
3258 4338 3288 4371 ‹‹
3325 4318 3487 4395 Quod

1863 4406 2121 4470 quadam
2162 4392 2539 4468 interpretare—
2561 4403 2853 4466 epistolam
2893 4401 3093 4470 injecta
3129 4396 3341 4470 durius.
3368 4411 3395 4440 »
3426 4392 3488 4470 In

1864 4465 2367 4540 Gratianopolitano
2394 4488 2516 4525 vero
2538 4465 2616 4524 sic
2642 4490 2652 4522 :
2682 4491 2710 4521 (ς
2731 4472 2891 4535 Quod
2919 4469 3172 4535 quaedam
3194 4465 3489 4529 interprete

1865 4564 1961 4613 per
1985 4549 2272 4612 epistolam
2295 4547 2556 4607 iiijectam
2587 4546 2797 4594 durius.
2831 4563 2858 4588 »

1926 4604 2036 4683 (84).
2060 4620 2332 4669 Privatum
2354 4604 2798 4667 'Lambesitanum.
2836 4612 2976 4662 Vide
2997 4607 3226 4683 Annales
3242 4604 3486 4683 Cypria:

1863 4674 2030 4749 nicas,
2062 4704 2207 4739 anno
2248 4688 2360 4748 ‘27'2,
2407 4688 2438 4750 ἓ
2480 4689 2527 4749 8,
2561 4692 2614 4737 et
2656 4685 2958 4737 Pamelium
2990 4682 3060 4731 ad
3099 4677 3403 4743 Epistolam
3428 4674 3491 4723 55

1863 4760 2141 4826 Cypriani.

1927 4822 2024 4895 (35)
2065 4831 2407 4887 Vemitlarius,
2448 4829 2500 4878 id
2530 4831 2611 4878 est
2644 4826 2868 4890 signifer
2897 4822 3202 4882 seditionis,
3230 4824 3491 4895 ut_voca-

1864 4890 1952 4954 tur
1980 4890 2037 4952 in
2068 4902 2298 4965 epistola
2324 4902 2405 4959 55,
2435 4914 2485 4963 p.
2513 4900 2596 4958 83,
2632 4898 2703 4947 ad
2737 4895 3054 4953 Cornelium,
3094 4906 3159 4943 eo
3186 4890 3350 4965 modo
3379 4902 3491 4953 quo

1866 4963 2195 5025 Paschasius
2227 4976 2452 5022 vocatur
2488 4970 2714 5033 signifer
2757 4968 2956 5018 furoris
2994 4968 3050 5015 in
3077 4963 3310 5028 epistola
3351 4973 3493 5011 con—

1871 5046 1983 5097 cilii
2028 5043 2399 5108 Aquileiensis
2424 5042 2493 5091 ad
2528 5041 2852 5092 Gratianum
2892 5041 3320 5108 imperatorem,_
3342 5036 3395 5084 et
3428 5044 3494 5082 eo

1870 5119 2033 5167 etiam
2064 5105 2227 5165 modo
2258 5127 2369 5178 quo
2412 5114 2635 5164 Latinus
2671 5113 2906 5161 Pacatus
2943 5108 3253 5172 Drepanius
3293 5105 3497 5178 ducem

1872 5189 2154 5252 copiarum
2184 5175 2404 5237 Maiimi
2434 5184 2652 5248 tyranni
2674 5183 2891 5232 vocavit
2913 5199 2940 5226 «
2961 5180 3311 5231 vexillarium
3331 5175 3500 5252 sacri-

1870 5246 2010 5322 legae
2046 5257 2316 5317 factionis,
2347 5274 2375 5302 »
2402 5246 2469 5305 in'
2494 5255 2833 5317 Panegyrico
2862 5265 3028 5316 quem
3066 5250 3211 5322 dixit,
3233 5246 3493 5322 Theodo-

1872 5320 1953 5380 sio
1985 5330 2252 5392 Augusto,
2299 5332 2355 5378 et
2398 5331 2590 5377 auctor
2627 5324 2948 5388 Panegyrici
2985 5322 3116 5372 dicti
3162 5320 3496 5371 Maximiano

1871 5402 2123 5463 Augusto
2170 5400 2289 5462 ejus
2347 5398 2722 5447 adversarium
2759 5398 2917 5445 vocat
2955 5411 2982 5439 «
3021 5394 3345 5457 signiferum
3391 5402 3497 5438 ne—

1872 5472 2024 5521 farire
2071 5470 2342 5520 factionis.
2384 5488 2412 5514 »
2460 5468 2553 5519 Sic
2596 5467 2868 5518 Robertus
2910 5464 3158 5516 Gervasii
3206 5464 3498 5526 episcopus

1874 5542 2202 5593 Seneceusis
2229 5542 2284 5589 in
2325 5543 2558 5589 tractatu
2589 5539 2651 5588 de
2692 5537 2996 5591 Schismate,
3027 5534 3496 5585 Bartholomazum

1874 5614 2353 5677 archiepiscopum
2384 5614 2680 5662 Barensem
2711 5614 2870 5659 vocat
2898 5625 2927 5657 <‹
2948 5606 3295 5658 vexillarium
3322 5601 3499 5653 schis—

1874 5674 2090 5736 maticze
2118 5674 2419 5749 pravitatis,
2450 5699 2479 5731 ››
2504 5684 2562 5732 in
2588 5681 2730 5732 notis
2754 5680 2827 5734 ad
2882 5681 3023 5730 Vitas
3067 5680 3336 5741 Papurum
3368 5674 3499 5723 Ave~

1876 5758 2227 5817 nionensium,
2251 5770 2371 5820 pag.
2404 5755 2541 5808 1270.

1938 5829 2031 5893 (36)
2073 5814 2439 5883 [θιιιιιὶᾶεἶιιᾶ
2469 5825 2645 5878 codex
2676 5822 3027 5877 Veronensis.
3077 5820 3237 5871 Miror
3275 5814 3500 5879 Anglos,
