4160 6216
133 5893 150 5905 x.
169 5885 174 5892 ’
189 5877 316 5905 λιι-ῖῷ

133 5889 205 5905 «μ’-
292 5889 316 5904 ".

37 5913 46 5928 ι
93 5911 129 5945 μ.
217 5889 384 5993 Ἣ

35 5937 44 5950 ι

26 5955 49 5969 ια
375 5969 382 5974 ρ

477 287 578 341 315
1410 288 1466 345 S.
1507 290 1820 347 CYPRIANI
1862 291 2134 348 OPERUM
2173 290 2349 347 PARS
2379 291 2418 344 Ι.
2448 317 2516 330 —-
2555 286 2918 346 EPISTOLAS.
3729 290 3838 343 316

476 415 603 484 quis
643 419 788 470 esset
828 414 1007 481 latuit,
1039 430 1142 470 nec
1171 415 1387 471 litteras
1424 434 1562 488 quas
1599 418 1825 474 volebat
1863 419 2101 490 accepit.
2129 417 2570 516 Aconsiliorum
2617 415 2896 470 bonorum
2941 413 3269 468 cohaeredes
3287 414 3356 482 ⁵⁵,
3396 413 3531 484 quia
3574 419 3629 466 et
3677 414 3840 467 affir-

480 508 757 577 Optamus
785 512 837 563 te
864 509 921 561 in
953 509 1186 563 Domino
1216 510 1361 564 bene
1390 511 1596 565 valere.

955 645 1276 699 EPISTOIA
1323 646 1468 700 xxxx
1499 646 1632 716 (37).

475 745 715 806 (Erasm.,
756 756 814 806 II,
862 749 922 806 7;
969 747 1181 807 Pamel.,
1228 748 1433 808 Rigalt.,
1481 748 1672 810 Baluz,
1720 760 1880 810 xxxx;
1925 749 2108 812 Paris,

538 825 674 875 xxx;
702 815 890 874 Oxon.,
914 817 1070 879 Lips..
1097 829 1228 879 xxx;
1259 818 1524 867 Novatian.
1553 833 1675 882 Opp.
1706 819 1831 868 edit.
1856 820 2106 871 Jackson.

542 901 594 948 p.
625 890 734 936 277.
761 887 1017 949 Galland.,
1049 888 1289 937 Bibliotb.
1316 889 1449 938 Vett.
1483 891 1578 939 PP.
1611 902 1688 950 tu,
1719 906 1768 953 p.
1800 894 1932 951 291.)

870 998 1020 1037 CLERI
1063 1000 1261 1038 ROMANI
1301 1001 1367 1038 AD
1409 1000 1729 1040 CYPRIANCM.

483 1086 872 1139 ARGUMENTUM.
929 1116 994 1125 -
1051 1087 1201 1153 Quod
1247 1091 1436 1155 paucis
1489 1090 1712 1157 epistola
1765 1089 2110 1157 praiccdenti,

555 1189 700 1227 nunc
741 1174 906 1229 latius
949 1181 996 1228 et
1033 1175 1202 1228 solide
1249 1181 1447 1229 tractat
1487 1177 1655 1230 clerus
1694 1181 1986 1243 Romanus,
2029 1193 2111 1232 re-

554 1263 822 1332 spondens
866 1265 1028 1317 alteri
1077 1279 1283 1333 quoque
1328 1265 1565 1332 cpistola:
1608 1266 1890 1334 Cypriani,
1935 1282 1962 1320 e
2006 1283 2116 1336 qua

554 1353 717 1408 verba
753 1353 959 1422 aliquot
987 1357 1138 1415 citat,
1176 1369 1296 1422 quae
1329 1359 1540 1409 exstare
1577 1371 1682 1408 non
1720 1361 1967 1424 putatur,
2001 1357 2114 1410 obi-

561 1449 641 1497 ter
676 1445 840 1497 etiam
867 1445 1077 1509 gratias
1113 1445 1228 1512 agit
1269 1443 1540 1512 Cypriane
1577 1461 1680 1513 pro
1722 1446 1892 1499 missis
1924 1446 2119 1500 litteris

557 1533 632 1586 ad
673 1538 941 1600 martyres
989 1537 1039 1586 et
1084 1534 1408 1598 confessores
1452 1536 1732 1588 Romanos.
1777 1535 1994 1602 Scripta
2042 1540 2118 1588 est

561 1628 757 1683 autem,
806 1625 891 1676 uti
936 1627 982 1676 et
1030 1623 1382 1698 praecedentes
1431 1623 1560 1675 cie-ri
1604 1624 1851 1684 Romani,
1896 1628 2121 1678 vacante

557 1712 678 1766 sede
698 1717 821 1781 post
852 1717 1072 1766 mortem
1097 1713 1353 1766 Fabiani.

2211 516 2484 573 matores,
2542 526 2661 563 esse
2722 507 3024 579 possimus.
3079 506 3231 561 idem
3287 523 3487 560 omnes
3547 507 3850 561 credimur

2209 603 2423 674 operati
2445 604 2514 670 ⁵⁸,
2565 603 2621 655 in
2679 618 2792 674 quo
2850 600 3339 671 deprehendimur
3393 599 3593 654 eadem
3645 616 3850 654 omnes

2211 713 2466 750 censurae.
2506 700 2561 750 et
2591 695 2904 766 disciplinae
2941 694 3312 748 consensione
3339 694 3553 748 sociati.

2284 791 2346 845 ll.
2379 789 2525 854 Quid
2555 788 2712 843 enim
2744 788 2922 858 magis
2950 792 3046 842 aut
3083 787 3140 841 in
3181 803 3318 857 pace
3354 792 3470 842 tam
3511 791 3708 858 aptum
3747 791 3854 841 aut

2212 885 2270 938 in
2297 883 2444 938 bello
2483 882 2886 953 persecutionis
2912 885 3029 934 tam
3067 880 3445 935 necessarium
3481 897 3650 951 quam
3680 881 3850 934 debi-

2214 953 2332 1031 tam
2354 978 2400 1010 ⁵⁷
2430 976 2787 1032 severitatem
2829 975 3002 1028 divini
3029 973 3240 1045 vigoris
3279 975 3513 1028 tenere?
3541 990 3712 1045 quam
3749 975 3855 1044 qui

2215 1071 2518 1137 remiserit,
2548 1068 2800 1122 instabili
2833 1084 3025 1122 rerum
3057 1083 3223 1122 cursu
3253 1073 3406 1122 erret
3427 1067 3474 1101 ⁸⁸
3502 1083 3732 1138 semper
3757 1083 3856 1122 ne-

2215 1180 2370 1218 cesse
2417 1167 2519 1229 est,
2559 1166 2616 1216 et
2652 1162 2760 1215 huc
2801 1164 2971 1232 atque
3012 1161 3142 1214 illuc
3181 1160 3346 1214 variis
3381 1163 3438 1214 et
3477 1160 3708 1214 incertis
3748 1175 3854 1214 ne-

2218 1258 2502 1326 gotiorum
2535 1255 2967 1326 tempestatibus
3000 1254 3322 1324 dissipetur,
3356 1259 3413 1308 et
3437 1254 3598 1324 quasi
3625 1257 3859 1308 extorto

2219 1350 2289 1404 de
2334 1349 2600 1404 manibus
2640 1348 3009 1403 consiliorum
3055 1347 3468 1417 gubernaculo,
3511 1348 3702 1401 navim
3740 1346 3859 1417 (41)

2220 1443 2613 1498 ecclesiasticae
2663 1441 2864 1496 salutis
2909 1441 3088 1495 illidat
3134 1441 3192 1494 in
3237 1441 3531 1511 sc0pulos;
3573 1446 3634 1495 ut
3676 1457 3856 1512 appa-

2219 1541 2339 1592 reat
2379 1553 2496 1591 non
2542 1534 2735 1608 309
2777 1535 2944 1589 aliter
2993 1535 3158 1589 saluti
3205 1534 3592 1589 ecclesiasticas
3635 1533 3864 1589 consuli

2221 1647 2382 1702 posse
2435 1631 2539 1684 nisi
2589 1629 2632 1682 si
2687 1629 2783 1700 qui
2834 1633 2890 1683 et
2938 1632 3135 1682 contra
3182 1629 3362 1698 ipsam
3409 1627 3641 1694 faciunt,
3688 1628 3860 1699 quasi

2224 1723 2458 1795 quidam
2505 1723 2727 1776 adversi
2773 1722 2978 1776 ﬂuctus
3023 1721 3392 1793 repellantur,
3439 1726 3496 1775 et
3542 1721 3861 1792 disciplinae

557 1824 598 1876 l.
643 1823 925 1893 Cypriane
970 1839 1133 1893 papae
1187 1823 1513 1898 presbyteri,
1549 1827 1605 1876 et
1652 1823 1870 1877 diaconi
1920 1818 2192 1888 RomaeB
2219 1819 2394 1889 ipsius
2419 1833 2645 1886 semper
2691 1815 2973 1871 custodita
3013 1815 3159 1870 ratio
3197 1814 3610 1885 quasisalutare
3632 1815 3870 1886 aliquod

491 1917 859 1969 consistentes
922 1917 1184 1968 salutem.
1242 1917 1576 1986 Quanquam
1640 1917 1782 1968 bene
1846 1915 1952 1968 sibi
2013 1916 2121 1985 (38)

491 2009 749 2063 conscius
778 2007 1021 2076 animus,
1056 2012 1112 2061 et
1140 2008 1482 2078 evangelica:
1511 2009 1821 2078 disciplina:
1862 2010 2054 2079 vigore
2075 2010 2121 2042 ⁵²

492 2102 781 2169 subnixus,
822 2100 1014 2174 308
1051 2107 1107 2155 et
1139 2118 1303 2155 verus
1343 2102 1446 2155 sibi
1491 2103 1546 2155 in
1581 2102 1824 2156 decretis
1845 2104 1892 2135 ⁵³
1931 2103 2120 2156 εωΙθε-

493 2195 641 2249 tibus
693 2198 797 2265 (39)
853 2195 1008 2249 testis
1062 2195 1311 2261 effectus,
1359 2197 1536 2249 soleat
1594 2197 1710 2248 solo
1766 2197 1878 2248 Deo
1927 2196 2123 2265 judice

495 2305 616 2343 esse
651 2294 970 2356 contentus,
1007 2305 1109 2343 nec
1154 2289 1388 2342 alterius
1430 2295 1525 2342 aut
1563 2289 1762 2342 laudes
1800 2294 1992 2359 petere
2030 2291 2128 2343 aut

497 2384 875 2437 accusationes
933 2383 1353 2453 pertimescere,
1412 2387 1601 2436 tamen
1656 2383 1938 2452 geminata
1997 2385 2128 2435 sunt

497 2475 662 2529 laude
702 2476 971 2545 condigni
1016 2478 1134 2546 qui,
1177 2493 1309 2529 cum
1351 2477 1758 2530 conscientiam
1799 2476 1978 2530 sciant
2017 2479 2127 2530 Deo

497 2569 598 2623 soli
629 2569 838 2624 debere
880 2587 938 2624 se
971 2570 1175 2640 judici,
1208 2576 1362 2624 actus
1405 2576 1599 2623 tamen
1640 2586 1772 2623 suos
1807 2569 2128 2623 desiderant

497 2663 670 2718 etiam
707 2663 776 2717 ab
818 2663 952 2733 ipsis
984 2664 1098 2716 suis
1138 2664 1406 2717 fratribus
1445 2664 1817 2734 comprobari.
1849 2663 2005 2727 Quod
2052 2669 2126 2730 te,

498 2756 672 2810 frater
701 2757 1001 2827 Cypriane,
1035 2758 1221 2810 facere
1261 2775 1374 2810 non
1407 2758 1614 2810 mirum
1646 2763 1748 2822 est,
1780 2757 1876 2826 qui
1905 2773 2005 2825 pro
2035 2761 2128 2826 tua

500 2850 839 2904 verecundia
871 2855 927 2903 et
965 2851 1215 2920 ingenita
1236 2853 1279 2884 ⁵³
1315 2851 1590 2904 industria
1617 2850 1981 2904 consiliorum
2009 2852 2130 2903 tuo-

501 2959 629 2996 rum
669 2959 773 2997 nos
802 2958 918 2996 non
965 2947 1075 2997 tam
1110 2945 1329 3014 judices
1362 2945 1585 2997 voluisti
1620 2960 1786 3013 quam
1828 2943 2132 3013 participes

500 3036 765 3101 inveniri,
821 3040 880 3090 ut
930 3038 986 3090 in
1039 3037 1148 3091 tuis
1198 3038 1369 3091 rebus
1423 3039 1594 3108 gestis
1641 3039 1865 3090 laudem
1920 3043 2129 3103 tecum,

2225 1911 2678 1981 gubernaculum
2708 1910 2767 1962 in
2799 1911 3130 1979 tempestate
3169 1914 3441 1962 servetur.
3474 1909 3586 1962 Nec
3623 1909 3726 1962 hoc
3754 1925 3865 1961 no-

2221 2003 2306 2058 bis
2348 2019 2499 2057 nunc
2538 2018 2724 2072 nuper
2763 2001 3063 2056 consilium
3105 2001 3416 2071 cogitatum
3459 2007 3561 2068 est,
3598 2017 3702 2055 nec
3741 2001 3871 2055 haec

2223 2097 2373 2167 apud
2403 2112 2508 2150 nos
2549 2096 2821 2150 adversus
2862 2095 3158 2166 improbos
3199 2095 3369 2149 modo
3408 2100 3872 2164 supervenerunt

2224 2190 2523 2260 repentina
2560 2189 2842 2256 subsidia;
2875 2189 2971 2242 sed
3006 2188 3238 2258 antiqua
3276 2188 3398 2241 haec
3440 2187 3592 2256 apud
3629 2204 3732 2241 nos
3776 2204 3869 2241 se-

2223 2283 2429 2337 veritas
2475 2282 2610 2352 (42),
2649 2283 2886 2352 antiqua
2925 2283 3082 2347 fides,
3128 2280 3424 2350 disciplina
3467 2282 3676 2351 legitur
3713 2281 3868 2334 anti-

2223 2393 2339 2448 qua
2369 2395 2380 2429 :
2416 2375 2687 2447 quoniam
2727 2393 2830 2428 nec
2864 2379 3047 2429 tantas
3085 2375 3156 2428 de
3198 2374 3362 2428 nobis
3399 2374 3594 2427 laudes
3621 2377 3869 2444 Aposto-

2228 2471 2314 2524 lus
2354 2469 2678 2540 protulisset
2695 2471 2742 2502 δ⁹
2775 2468 3016 2522 dicendo
3058 2485 3070 2521 :
3102 2469 3243 2535 Quia
3281 2468 3413 2535 fides
3451 2473 3633 2522 vestra
3662 2468 3867 2536 praedi-

2229 2569 2386 2619 catur
2424 2567 2481 2617 in
2527 2568 2633 2618 toto
2672 2563 2874 2616 mundo
2915 2562 3110 2630 (Rom.,
3154 2579 3190 2627 ι,
3229 2564 3303 2630 8),
3347 2561 3455 2614 nisi
3485 2562 3611 2631 jam
3655 2561 3868 2615 exinde

2228 2659 2391 2729 vigor
2426 2657 2527 2711 iste
2568 2656 2780 2710 radices
2816 2655 2946 2708 fidei
2986 2655 3054 2707 de
3099 2654 3450 2724 temporibus
3491 2654 3601 2707 illis
3633 2657 3866 2708 mutua-

2232 2755 2320 2805 tus
2345 2751 2568 2817 fuisset;
2602 2764 2842 2820 quarum
2880 2747 3111 2802 laudum
3140 2753 3194 2801 et
3229 2747 3424 2818 glorias
3453 2747 3796 2818 degenerem
3817 2749 3869 2780 ⁶⁰

2230 2845 2398 2898 fuisse
2432 2843 2745 2897 maximum
2777 2841 2992 2894 crimen
3025 2847 3128 2893 est.
3159 2841 3337 2894 Minus
3379 2847 3462 2894 est
3498 2840 3652 2894 enim
3690 2839 3869 2895 dede-

2232 2939 2375 2991 coris
2425 2951 2723 3006 nunquam
2775 2933 2846 2987 ad
2902 2934 3254 3004 praeconium
3311 2933 3491 2988 laudis
3544 2935 3863 3001 accessisse,

2233 3048 2405 3103 quam
2439 3031 2507 3084 de
2546 3028 2776 3100 fastigio
2815 3027 2993 3080 laudis
3025 3028 3201 3081 ruisse
3232 3044 3244 3081 :
3277 3028 3464 3081 minus
3485 3029 3530 3062 δι
3561 3031 3646 3080 est
3674 3027 3868 3082 crimi-

501 3128 637 3183 dum
680 3130 802 3184 illas
838 3131 1146 3200 probamus
1188 3130 1321 3201 (40),
1363 3131 1768 3197 inveniremus,
1810 3135 1863 3184 et
1907 3116 2209 3190 tuorumC
2238 3126 2325 3178 nis
2356 3125 2700 3177 honoratum
2740 3121 2891 3174 bono
2937 3120 3264 3175 testimonio
3309 3136 3424 3174 non
3465 3120 3657 3187 fuisse,
3690 3136 3868 3191 quam

1872 3254 2080 3315 Variae
2135 3251 2470 3314 lectiones.

567 3371 607 3401 ⁵²
636 3367 836 3430 Rigore
867 3369 992 3417 Bod.
1028 3371 1068 3416 ι.
1139 3371 1177 3400 ⁵³
1209 3368 1412 3418 Castris
1454 3370 1562 3416 Vat.

666 3437 755 3560 1⁵⁷
779 3439 962 3500 Quam
1016 3443 1076 3488 ut
1129 3439 1327 3488 debeat
1384 3440 1491 3487 Lin.

1597 3439 1633 3470 ς*
1668 3439 1810 3488 liuet
1863 3439 1969 3486 Lin.

1639 3370 1674 3400 3‘
1702 3369 1770 3416 Et
1801 3369 2045 3428 ingenita
2073 3367 2240 3414 omitt.
2279 3367 2390 3414 Lin.
2460 3368 2498 3397 55
2526 3362 2899 3419 Consiliorum
2929 3359 3181 3410 haeredes
3221 3360 3360 3422 Spir.
3395 3360 3500 3409 Lm.

2049 3438 2112 3469 ’⁵³
2142 3435 2376 3486 Protulit
2432 3435 2542 3483 Lin.
2594 3433 2716 3482 Bod.
2774 3433 2820 3482 2.

3574 3359 3610 3390 ³⁸
3641 3360 3872 3422 Operari

2915 3433 2957 3463 δ’
2985 3432 3302 3495 Degeneres
3357 3431 3468 3479 Lin.
3567 3430 3872 3480 "Minoris

1812 3589 2033 3671 Steph.
2081 3588 2327 3653 Baluzii
2370 3591 2564 3650 notae.

505 3716 601 3780 qui
644 3715 1013 3780 Rigaltianam
1054 3715 1359 3767 editionem
1406 3718 1567 3782 sequi
1614 3716 1813 3776 solent,
1845 3714 2136 3766 excudisse

502 3786 732 3849 futurus.
789 3787 1032 3839 Pessime
1085 3787 1442 3850 Reinhartus,
1497 3788 1613 3853 qui,
1668 3787 1962 3851 repudiata
2018 3785 2136 3854 edi-

503 3859 653 3908 tione
701 3859 942 3922 Rigaltii,
979 3872 1106 3922 quas
1142 3860 1285 3910 bona
1332 3863 1432 3920 est,
1479 3863 1723 3910 veterem
1763 3858 2043 3909 revocavit
2084 3860 2138 3907 et

505 3931 726 3994 scripsit
754 3945 765 3977 :
795 3948 822 3975 ‹‹
851 3930 1054 3980 Privati
1075 3935 1131 3982 et
1159 3932 1304 3980 furto
1332 3945 1397 3981 ac
1422 3931 1819 3981 fraudulenter.
1849 3948 1877 3976 »
1911 3931 1970 3978 In
1994 3927 2136 3978 libro

503 4015 630 4052 meo
665 4003 833 4052 veteri
862 4002 1064 4067 legitur
1092 4020 1120 4048 «
1161 4003 1398 4052 Futuros
1442 4018 1505 4053 ac
1538 4002 1935 4052 fraudulenter.
1967 4018 1996 4046 »
2040 4000 2136 4048 Pa-

504 4072 704 4122 melius
750 4073 1086 4123 existimavit
1123 4075 1398 4124 Futurum
1459 4081 1513 4124 et
1563 4075 1971 4124 Felicissimum
2015 4084 2136 4122 esse

509 4143 768 4194 eumdem
798 4144 1102 4196 hominem.

572 4215 665 4277 (37)
695 4217 831 4266 Haec
852 4218 1082 4280 epistola
1109 4217 1268 4268 valde
1290 4217 1484 4266 mutila
1516 4221 1569 4266 et
1591 4216 1954 4265 nihilominus
1972 4215 2135 4263 inter-

504 4287 686 4349 polata
710 4291 793 4336 est
823 4288 877 4336 in
921 4289 1112 4338 codice
1152 4288 1338 4338 Sancti
1383 4289 1654 4350 Arnulphi
1700 4288 1992 4344 Metensis;
2045 4286 2136 4335 cui

507 4357 672 4420 paulo
719 4362 842 4420 post
876 4359 1096 4408 initium
1130 4359 1397 4407 insertum
1429 4364 1511 4408 est
1552 4358 1827 4420 prolixum
1862 4358 2135 4421 fragmen-

508 4431 626 4475 tum
673 4441 742 4477 ex
785 4427 924 4477 libro
975 4429 1037 4478 de
1083 4430 1261 4478 Laude
1303 4430 1578 4490 Martyrii,
1624 4429 1888 4477 nimirum
1938 4428 2006 4476 ab
2053 4427 2140 4476 his

507 4498 692 4549 verbis
717 4513 838 4563 pag.
874 4500 984 4560 343,
1027 4505 1083 4549 ut
1108 4507 1367 4564 quantum
1396 4502 1451 4548 in
1473 4501 1840 4562 exprimenda,
1868 4513 2047 4562 usque
2073 4498 2141 4547 ad

505 4583 675 4620 secum
716 4571 826 4635 ipse
862 4571 1184 4621 convolvens.
1228 4571 1335 4622 Sed
1367 4576 1496 4635 post
1533 4572 1635 4620 ista
1667 4571 1879 4620 reditur
1910 4571 1976 4618 ad
2020 4570 2142 4632 epi—

507 4641 705 4692 stolam
751 4643 807 4691 in
852 4642 937 4692 his
967 4644 1148 4694 verbis
1188 4658 1237 4707 p.
1290 4645 1368 4693 Η.
1414 4643 1660 4692 [lubitum
1701 4644 2010 4706 nuptiarum
2038 4653 2143 4689 non

509 4713 782 4763 habentem
801 4727 982 4778 usque
1013 4713 1079 4763 ad
1102 4715 1289 4764 finem.
1321 4715 1589 4764 Prasterea
1611 4728 1809 4775 magna
1837 4726 1961 4775 pars
1985 4711 2143 4759 istius

522 4785 772 4846 epistolas
820 4785 1096 4847 disjuncta
1135 4790 1315 4835 exstat
1348 4798 1512 4848 supra
1555 4786 1608 4832 in
1651 4783 1843 4833 codice
1882 4782 1975 4830 ilio
2022 4785 2144 4844 post

516 4857 806 4918 epistolam
836 4858 911 4917 i7,
936 4868 1064 4919 quae
1094 4857 1220 4906 data
1251 4861 1332 4907 est
1367 4856 1432 4904 ad
1471 4856 1787 4907 Cornelium
1819 4858 1869 4903 et
1903 4853 2096 4916 incipit
2129 4867 2138 4899 :

519 4927 581 4975 Et
602 4928 762 4988 egisse
791 4941 903 4977 nos.

573 4997 667 5057 (38)
738 5001 1112 5061 Quanquam...
1171 4997 1292 5046 sibi.
1342 4998 1404 5046 In
1469 4997 1634 5046 variis
1697 4995 1970 5058 excerptis
2019 5007 2146 5057 qua:

511 5072 732 5117 exstant
776 5069 831 5117 in
877 5069 1032 5119 calce
1077 5069 1321 5131 Operum
1377 5069 1551 5118 sancti
1579 5067 1843 5130 Cypriani
1885 5067 1940 5114 in
1973 5067 2146 5115 veteri

511 5137 724 5199 codice,
768 5140 865 5202 qui
907 5139 1016 5200 fuit
1050 5139 1182 5188 olim
1226 5140 1550 5189 monasterii
1601 5139 1965 5196 Fossatensis,
1995 5149 2147 5186 nunc

512 5221 644 5258 vero
693 5222 854 5259 meus
895 5213 997 5267 est,
1047 5223 1178 5260 cum
1237 5209 1352 5259 illic
1413 5209 1752 5272 descriptum
1807 5209 1878 5257 sit
1929 5209 2147 5257 initium

514 5279 675 5328 istius
726 5280 993 5343 epistolae,
1054 5281 1136 5330 sic
1193 5280 1394 5344 legitur
1450 5281 1505 5328 in
1556 5279 1718 5328 titulo
1769 5291 1779 5324 :
1841 5279 2030 5340 Incipit
2080 5279 2149 5327 ad

513 5352 788 5401 Romanos.
839 5352 1154 5415 Quanquam
1196 5351 1298 5401 sibi
1338 5350 1463 5400 bene
1505 5351 1760 5400 conscius.
1811 5350 1881 5399 Et
1931 5351 1987 5398 in
2039 5349 2149 5401 ﬁne

515 5420 762 5472 additum
807 5426 891 5472 est
936 5437 947 5470 :
994 5421 1226 5486 Explicit
1264 5422 1334 5472 ad
1379 5424 1654 5471 Romanos.
1693 5420 1803 5472 Sed
1850 5421 1999 5470 istud
2048 5421 2149 5470 fai-

515 5506 639 5543 sum
683 5505 802 5544 esse
853 5496 1067 5544 constat
1117 5507 1184 5543 ex
1238 5498 1426 5543 tenore
1472 5494 1646 5556 ipsius
1695 5491 1964 5556 epistolae,
2023 5505 2150 5555 quas

517 5567 668 5614 certo
710 5565 913 5627 scripta
957 5569 1041 5613 est
1089 5579 1118 5613 a
1169 5563 1318 5613 clero
1370 5563 1617 5613 Romano
1667 5563 1734 5611 ad
1788 5562 2148 5626 Cyprianum,

520 5635 603 5684 uti
645 5635 812 5684 etiam
849 5634 1182 5684 adnotatum
1208 5639 1291 5683 est
1322 5635 1376 5683 in
1424 5634 1612 5684 codice
1638 5633 2152 5695 Gratianopolitano

517 5706 574 5754 in
618 5705 798 5755 fronte
845 5705 1094 5767 epistolas
1141 5719 1152 5752 :
1208 5704 1347 5754 Cleri
1407 5707 1627 5754 Romani
1678 5706 1748 5753 ad
1800 5705 2147 5766 Cyprianum.

517 5775 589 5825 Et
638 5781 822 5825 tamen
873 5776 1208 5825 Hincmarus
1263 5777 1316 5824 in
1385 5776 1526 5826 libro
1582 5775 1644 5825 de
1691 5774 2154 5825 Praedestinatione

522 5845 788 5898 adversus
835 5846 1287 5909 Gothescaicum,
1338 5861 1459 5912 pag.
1513 5848 1592 5910 73,
1641 5849 1775 5898 citat
1807 5859 1876 5898 ex
1905 5843 2154 5910 Epistola

2235 3711 2303 3762 ad
2333 3713 2491 3762 Rom.
2523 3710 2608 3759 Ex
2639 3721 2751 3772 quo
2779 3709 2955 3772 liquet
2979 3720 3219 3759 errorem
3248 3717 3371 3756 esse
3401 3707 3703 3755 vetustum.

2301 3783 2407 3845 (39)
2471 3781 2701 3830 Decretis
2763 3777 3066 3828 cwtestibus.
3128 3777 3286 3826 Hanc
3340 3775 3638 3825 lectionem
3688 3777 3869 3837 reperi

2235 3856 2291 3904 in
2324 3857 2447 3904 octo
2486 3849 2778 3902 codicibus
2823 3849 3083 3913 antiquis.
3118 3847 3280 3910 Angli
3325 3849 3552 3895 monent
3592 3846 3651 3893 in
3678 3845 3873 3897 codice

2237 3925 2502 3974 Vaticano
2566 3921 2675 3984 legi
2733 3919 2923 3969 castris
2980 3916 3283 3967 cwiestibus.
3325 3915 3506 3978 Quam
3571 3915 3874 3966 lectionem

2237 3995 2433 4044 merito
2464 3993 2539 4043 ait
2566 3991 2838 4054 Rigaltius
2865 3988 2970 4038 sibi
3009 4002 3121 4038 non
3156 3987 3394 4051 placere.
3421 3987 3502 4038 De
3534 3987 3726 4036 castris
3756 4000 3874 4038 ccc-

2235 4066 2470 4118 lestibus
2498 4063 2626 4113 vide
2652 4075 2776 4126 quae
2800 4063 3062 4110 notantur
3089 4059 3157 4109 ad
3180 4058 3474 4122 epistolam
3499 4059 3577 4107 44.

2300 4138 2399 4201 (40)
2441 4139 2574 4185 Dum
2606 4134 2730 4184 illas
2772 4131 3074 4197 probamus.
3113 4132 3278 4192 infra,
3320 4130 3480 4201 epist.
3516 4131 3594 4188 7i,
3636 4143 3687 4193 p.
3733 4131 3820 4180 127
3860 4147 3871 4179 :

2237 4227 2264 4255 «
2301 4200 2439 4272 Quae
2484 4205 2780 4256 salubriter
2820 4205 3214 4267 suggeruntur,
3245 4202 3292 4250 si
3328 4200 3440 4272 sint
3483 4213 3612 4250 vera
3651 4203 3706 4250 et
3742 4202 3874 4265 legi-

2235 4271 2389 4339 tima,
2421 4279 2536 4341 ipsa
2559 4276 2742 4340 potius
2764 4277 2950 4324 nostra
2972 4272 3259 4322 ducamus.
3281 4290 3308 4318 »
3331 4271 3492 4334 Quod
3512 4273 3661 4322 enim
3682 4273 3876 4336 proba-

2239 4364 2365 4400 mus
2393 4352 2645 4398 nostrum
2678 4346 2933 4402 facimus,
2973 4346 3033 4393 ut
3073 4344 3149 4392 ait
3190 4344 3485 4406 imperator
3528 4343 3876 4393 Justinianus

2241 4423 2297 4470 in
2342 4419 2750 4471 Constitutione
2794 4417 2864 4465 de
2907 4413 3286 4478 Conceptione
3317 4414 3686 4477 Digestorum.
3739 4415 3875 4465 Item

2245 4493 2578 4544 leestinus
2604 4501 2762 4554 papa,
2795 4488 2913 4536 sive
2941 4487 3068 4550 quis
3104 4485 3247 4534 alius
3273 4489 3466 4534 auctor
3489 4486 3559 4533 sit
3587 4485 3874 4535 collectio-

2244 4565 2330 4612 nis
2371 4561 2660 4624 cujusdam
2700 4572 2825 4622 quae
2869 4559 3011 4606 inter
3055 4555 3275 4604 decreta
3321 4557 3441 4618 ejus
3471 4555 3874 4618 circumfertur,

2241 4635 2474 4697 loquens
2527 4631 2595 4681 de
2644 4630 2932 4680 sententiis
2987 4627 3166 4676 sancti
3229 4627 3524 4690 Augustini
3589 4626 3657 4675 de
3705 4627 3874 4689 gratia

2245 4703 2468 4762 Christi,
2521 4703 2598 4751 ait
2645 4714 2738 4751 eas
2785 4713 2913 4748 suas
2961 4699 3159 4747 fecisse
3214 4697 3489 4746 antistites
3545 4698 3876 4760 apostolicos

2245 4789 2373 4823 cum
2416 4773 2737 4837 probarunt.
2789 4769 3112 4827 Cassianus,
3158 4766 3252 4815 lib.
3296 4779 3353 4815 vx
3397 4766 3460 4815 de
3504 4768 3878 4816 Incarnatione

2247 4845 2479 4899 Domini,
2517 4857 2635 4906 cap.
2663 4844 2695 4891 9
2728 4856 2738 4888 :
2765 4860 2790 4884 «
2820 4840 3157 4902 Repetamus
3197 4838 3606 4887 confessionem
3639 4837 3875 4900 symboli

2246 4920 2299 4966 et
2347 4921 2516 4964 tuam.
2573 4914 2693 4962 Tua
2734 4912 2881 4962 enim
2915 4923 3040 4973 qum
3081 4908 3252 4967 illius,
3297 4909 3427 4972 quia
3471 4909 3876 4958 confessionem

2245 4985 2396 5036 illius
2443 4988 2594 5034 tuam
2649 4980 2966 5034 conﬁtendo
3010 4979 3206 5030 fecisti.
3254 4997 3281 5023 »
3328 4979 3575 5028 Joannes
3623 4978 3878 5030 Saresbe-

2249 5056 2464 5114 riensis,
2502 5057 2557 5104 in
2598 5054 2825 5118 prologo
2867 5050 3196 5113 Polycratici
3232 5065 3242 5097 :
3291 5067 3315 5094 ‹‹
3347 5049 3634 5113 Quidquid
3671 5049 3880 5113 ubique

2248 5129 2390 5178 bene
2428 5127 2640 5178 dictum
2681 5130 2783 5185 est,
2822 5123 2968 5172 facio
3012 5135 3213 5170 meum.
3258 5138 3285 5165 »
3329 5120 3481 5171 Idem
3525 5122 3682 5184 epist.
3729 5121 3822 5170 230
3867 5135 3878 5168 :

2248 5215 2275 5245 «
2305 5198 2499 5246 Nonne
2529 5201 2581 5248 et
2603 5197 2788 5246 omnia
2811 5197 2998 5244 nostra
3025 5193 3263 5242 facimus
3292 5191 3496 5254 quibus
3522 5195 3764 5240 nostram
3783 5191 3880 5239 im-

2248 5270 2516 5334 pertimur
2540 5267 2927 5318 auctoritatem
2950 5265 2977 5312 ‘?
3005 5283 3034 5310 »

2312 5343 2410 5403 (41)
2466 5341 2673 5389 Navim.
2733 5337 2923 5388 Codex
2983 5335 3174 5386 Sancti
3230 5335 3467 5398 Remigii
3528 5334 3817 5385 Remensis
3871 5349 3882 5382 :

2250 5431 2277 5458 «
2310 5415 2514 5463 Navem
2543 5409 2937 5462 ecclesiasticae
2964 5407 3274 5470 disciplinas
3302 5405 3495 5454 illidat.
3519 5425 3547 5451 »
3578 5405 3884 5456 Divionen—

2249 5487 2325 5533 sis
2352 5489 2407 5534 et
2435 5483 2708 5533 recentior
2738 5479 3058 5530 Victorinus
3088 5493 3098 5525 :
3133 5495 3158 5523 α
3181 5478 3386 5528 Navem
3412 5477 3679 5528 Ecclesiae
3710 5477 3876 5526 falsos

2251 5555 2430 5605 illidat
2459 5555 2514 5603 in
2537 5553 2814 5616 scopulos.
2843 5569 2871 5596 ν

2315 5626 2411 5686 (42)
2454 5625 2746 5688 Antiqua...
2784 5622 3054 5673 severitas.
3096 5622 3223 5681 Ista,
3269 5633 3395 5684 quae
3437 5619 3625 5670 addita
3662 5624 3790 5669 sunt
3827 5621 3880 5669 in

2252 5700 2496 5750 editione
2525 5699 2863 5757 Manutiana,
2896 5696 3095 5746 desunt.
3118 5697 3173 5744 in
3216 5695 3459 5757 antiquis
3481 5693 3817 5744 editionibus
3836 5699 3886 5742 et

2254 5774 2312 5820 in
2355 5771 2575 5821 duobus
2613 5772 2859 5836 antiquis
2901 5768 3204 5820 codicibus.
3254 5767 3542 5817 Habentur
3596 5769 3782 5817 autem
3832 5767 3885 5816 in

2255 5843 2379 5893 aliis
2387 5880 2396 5891 .
