4160 6216
285 284 371 336 317
1673 276 1997 332 EPISTOLA
2034 276 2223 332 XXXI.

3430 260 3437 270 ‘
3527 275 3629 327 318

282 410 552 462 honorem
588 406 867 460 bonorum
893 404 1360 459 testimoniorum
1388 403 1709 474 perdidisse
1750 404 1895 457 :mi-
1924 403 2370 488 Aexcusatione
2408 401 2727 472 praestigias
2767 401 2969 471 quaerit
3004 402 3256 471 negavit,
3286 405 3341 456 et
3384 403 3482 472 qui
3519 404 3638 456 vult

276 518 369 555 nus
400 500 636 553 estsine
674 498 1081 570 praedicatione
1107 499 1380 552 virtutum
1424 497 1732 567 ignobilem
1776 498 1899 552 sine

273 594 423 649 laude
460 593 708 663 jacuisse
727 593 797 660 “2,
846 608 1017 662 quam
1070 591 1437 646 exhzeredem
1493 591 1625 645 ﬁdei
1681 592 1894 645 factum

272 686 451 742 laudes
482 686 752 757 prOprias
781 684 1112 757 perdidisse.
1139 686 1213 738 Ea
1240 684 1394 738 enim
1420 700 1547 755 qua:
1575 684 1633 738 in
1662 684 1901 754 alicujus

274 780 503 851 gloriam
546 780 938 850 proferuntur,
972 777 1079 832 nisi
1120 778 1290 831 anxio
1337 782 1393 832 et
1431 777 1666 831 sollicito
1705 777 1898 831 labore

272 875 584 939 serventur,
626 872 683 926 in
730 871 1006 925 invidiam
1050 870 1284 925 maximi
1330 870 1586 925 criminis
1626 870 1897 925 intumes-

273 970 414 1021 cunt.

332 1060 415 1113 Ill.
451 1059 570 1113 Hoc
610 1075 710 1113 nos
750 1074 867 1113 non
905 1058 1047 1112 falso
1086 1057 1273 1113 dicere
1318 1058 1646 1129 superiores
1689 1062 1899 1113 nostra:

270 1154 459 1207 litterae
492 1153 882 1222 probaverunt
907 1150 1015 1223 (43)
1042 1152 1103 1205 in
1132 1151 1339 1221 quibus
1368 1151 1520 1205 vobis
1549 1152 1895 1206 sententiam

271 1250 518 1300 nostram
562 1246 816 1300 dilucida
843 1245 1196 1316 expositione
1227 1245 1565 1315 protulimus
1605 1248 1660 1299 et
1692 1245 1896 1299 adver-

272 1357 353 1393 sus
378 1338 495 1412 31
514 1338 578 1411 ο
614 1355 711 1393 eos
736 1338 836 1409 qui
869 1355 929 1393 se
956 1339 1107 1409 ipsos
1138 1338 1393 1393 inﬁdeles
1424 1338 1615 1393 illicita
1646 1338 1897 1393 nefario-

274 1450 387 1487 rum
414 1433 745 1487 libellorum
778 1432 1127 1503 professione
1158 1431 1547 1503 prodiderant,
1578 1433 1735 1504 quasi
1769 1449 1894 1486 eva-

274 1527 376 1580 suri
400 1526 730 1580 irretientes
758 1524 867 1595 (44)
896 1525 1022 1580 illos
1054 1525 1261 1579 diaboli
1288 1525 1522 1596 laqueos
1549 1525 1893 1591 viderentur,

272 1639 370 1694 quo
386 1624 434 1657 ⁵³
464 1639 590 1677 non
616 1623 810 1677 minus
839 1639 1013 1693 quam
1049 1623 1093 1676 si
1130 1623 1202 1677 ad
1240 1623 1481 1677 nefarias
1506 1640 1681 1694 aquas
1710 1640 1894 1677 acces-

271 1717 478 1783 sissent,
528 1716 640 1770 hoc
694 1717 815 1786 ipso
869 1715 1023 1786 quod
1075 1716 1263 1786 ipsum
1317 1716 1617 1770 contestati
1671 1716 1897 1769 fuerant

2003 496 2183 550 videri
2229 496 2536 567 propositis
2582 496 2844 549 adversus
2890 496 3259 565 Evangelium
3304 497 3393 548 vel
3438 496 3637 549 edictis

2002 592 2086 645 vel
2126 588 2349 660 legibus
2391 588 2749 655 satisfecisse,
2794 589 2898 643 hoc
2939 589 3061 657 ipso
3094 589 3215 658 jam
3256 589 3445 659 paruit
3488 589 3637 659 quod

2002 683 2180 737 videri
2212 684 2463 753 paruisse
2495 699 2553 735 se
2586 681 2790 746 voluit;
2823 697 3039 735 necnon
3071 682 3244 735 etiam
3280 685 3478 736 contra
3510 682 3634 736 illos

2000 793 2225 848 quoque
2273 776 2370 847 qui
2424 775 2635 829 illicitis
2690 774 2975 827 sacriﬁciis
3028 790 3228 827 manus
3284 791 3410 827 suas
3465 779 3633 844 atque

2001 887 2103 925 ora
2160 870 2505 941 polluerant,
2566 868 2795 939 pollutis
2843 870 2974 921 ante
3028 867 3315 921 mentibus
3369 868 3632 937 propriis,

2002 965 2152 1019 unde
2208 964 2382 1018 etiam
2426 966 2559 1017 sunt
2606 963 2743 1032 ipsa:
2792 978 2990 1015 manus
3033 967 3203 1031 atque
3254 976 3351 1013 ora
3398 961 3629 1030 polluta,

1999 1059 2176 1112 ﬁdem
2206 1063 2463 1112 nostram
2503 1071 2958 1125 consensumque
2992 1053 3448 1107 monstravimus.
3482 1053 3637 1108 Absit

2000 1152 2153 1206 enim
2187 1151 2257 1204 ab
2290 1150 2532 1205 Ecclesia
2570 1152 2829 1204 Romana
2860 1149 3113 1218 vigorem
3150 1163 3319 1200 suum
3349 1150 3465 1200 tam
3494 1163 3632 1217 pro-

1997 1244 2130 1299 fana
2157 1243 2430 1298 facilitate
2460 1242 2745 1296 dimittere
2779 1245 2835 1295 et
2864 1257 3068 1296 nervos
3099 1240 3412 1295 severitatis
3439 1257 3633 1294 eversa

1998 1338 2131 1392 ﬁdei
2167 1338 2459 1407 majestate
2488 1336 2822 1401 dissolvere;
2851 1340 2929 1399 ut,
2964 1351 3093 1388 cum
3130 1334 3316 1387 adhuc
3351 1350 3465 1387 non
3508 1337 3633 1386 tan-

2002 1438 2122 1487 tum
2175 1432 2441 1502 jaceant,
2495 1431 2592 1484 sed
2648 1433 2705 1483 et
2759 1429 2959 1483 cadant
3011 1444 3340 1481 eversorum
3391 1428 3634 1482 fratrum

2001 1525 2201 1593 ruinae,
2235 1527 2541 1595 properata
2572 1522 2739 1576 nimis
2770 1521 3025 1576 remedia
3056 1520 3638 1575 communicationem

2000 1619 2195 1689 utique
2244 1633 2357 1671 non
2398 1616 2698 1687 profutura
2747 1619 3108 1684 praestentur,
3152 1612 3333 1685 311
3390 1616 3446 1669 et
3492 1630 3637 1667 nova

2000 1728 2100 1782 per
2130 1710 2573 1765 misericordiam
2602 1709 2797 1762 falsam
2825 1708 3059 1760 vulnera
3074 1708 3121 1742 δε
3149 1707 3434 1762 veteribus
3462 1711 3639 1761 trans-

272 1815 615 1878 tenerentur,
674 1809 774 1863 sed
827 1808 1000 1863 etiam
1052 1808 1321 1863 adversus
1373 1810 1497 1863 illos
1555 1810 1655 1880 qui
1708 1814 1832 1864 acta
1851 1780 2309 1876 “Bgressionis
2347 1802 2676 1857 vulneribus
2720 1800 3148 1871 imprimantur,
3194 1804 3256 1854 ut
3299 1800 3521 1854 miseris
3562 1800 3636 1853 ad

273 1903 547 1969 fecissent,
572 1903 706 1957 licet
731 1906 1040 1973 praesentes
1060 1918 1192 1955 cum
1221 1902 1426 1957 ﬁerent
1451 1918 1565 1957 non
1585 1901 1898 1970 affuissent,

270 2013 385 2050 cum
424 1997 799 2067 praesentiam
842 2012 1007 2049 suam
1049 1996 1243 2066 utique
1292 2001 1355 2050 ut
1395 1996 1472 2050 sic
1513 1996 1900 2051 scriberentur

273 2088 591 2142 mandando
635 2089 739 2156 (45)
779 2088 1064 2142 fecissent.
1112 2089 1235 2142 Non
1282 2094 1368 2143 est
1418 2089 1573 2142 enim
1626 2089 1899 2143 immunis

271 2184 365 2250 (46)
396 2198 429 2235 a
464 2182 681 2236 scelere
721 2180 820 2251 qui
863 2184 924 2234 ut
966 2182 1127 2236 fieret
1166 2182 1470 2252 imperavit
1506 2184 1638 2253 (47),
1673 2198 1777 2236 nec
1817 2186 1902 2238 est

275 2275 480 2329 alienus
527 2292 561 2328 a
605 2274 847 2329 crimine
892 2275 1051 2345 cujus
1096 2291 1394 2345 consensu,
1438 2276 1569 2330 licet
1613 2292 1725 2330 non
1769 2292 1801 2328 a
1840 2292 1900 2330 se

273 2368 577 2422 admissum
620 2368 863 2437 crimen,
894 2374 1089 2422 tamen
1132 2369 1358 2440 publice
1398 2370 1639 2441 legitur;
1674 2373 1731 2424 et
1768 2386 1900 2423 cum

275 2466 446 2516 totum
506 2462 645 2517 ﬁdei
702 2467 1125 2517 sacramentum
1180 2463 1238 2516 in
1293 2463 1647 2518 confessione
1697 2463 1902 2517 Christi

274 2557 512 2611 nominis
544 2556 907 2626 intelligatur
944 2572 1063 2610 esse
1105 2555 1416 2626 digestum,
1445 2558 1543 2628 qui
1581 2557 1807 2612 fallaces
1848 2557 1906 2610 in

2002 1899 2357 1953 eversionem
2403 1896 2677 1966 majorem
2718 1894 2995 1964 eripiatur
3035 1897 3091 1947 et
3127 1892 3492 1963 poenitentia!
3533 1893 3639 1947 Ubi

2002 1993 2157 2046 enim
2184 1990 2392 2062 poterit
2419 1988 2793 2059 indulgentiae
2824 1986 3103 2041 medicina
3131 1985 3404 2056 proﬁcere
3431 1987 3562 2057 (48),
3592 1986 3637 2039 si

2001 2087 2178 2141 etiam
2208 2086 2328 2155 ipse
2361 2082 2610 2137 medicus
2652 2082 2967 2150 intercepta
2999 2079 3335 2149 poenitentia
3376 2079 3638 2148 indulget

1999 2178 2307 2251 periculis?
2346 2177 2390 2230 si
2432 2174 2826 2231 tantummodo
2866 2174 3051 2243 operit
3090 2174 3312 2240 vulnus,
3359 2188 3459 2227 nec
3501 2172 3638 2227 sinit

2003 2271 2317 2327 necessaria
2345 2268 2623 2340 temporis
2663 2268 2915 2321 remedia
2953 2266 3238 2320 obducere
3277 2266 3638 2322 cicatricem?

2003 2369 2115 2421 Hoc
2143 2382 2259 2419 non
2298 2366 2382 2417 est
2411 2378 2630 2429 curare,
2661 2362 2778 2429 sed,
2812 2361 2857 2415 si
2894 2360 3081 2415 dicere
3120 2375 3319 2414 verum
3353 2361 3632 2429 volumus,

2006 2460 2285 2515 occidere.

2079 2555 2161 2608 IV.
2220 2553 2563 2623 Quanquam
2622 2550 3009 2604 confessorum
3068 2564 3293 2621 quoque
3347 2564 3489 2619 quos
3544 2548 3635 2602 hic

1641 2671 1853 2735 Variae
1909 2668 2245 2733 lectiones.

328 2778 368 2808 ⁶¹
400 2777 669 2828 Tacuisse
703 2778 816 2828 Lin.
882 2777 928 2808 δ’
954 2777 1075 2827 Hoc
1101 2778 1321 2827 evasuri
1344 2779 1400 2827 in
1427 2778 1730 2828 retinendis
1772 2778 1897 2827 illos
1937 2776 2144 2827 diaboli
2183 2776 2415 2839 laqueos
2452 2773 2788 2834 viderentur,
2818 2772 2967 2836 quod
2994 2773 3106 2822 Lin.
3174 2771 3214 2804 ⁶⁴
3242 2771 3487 2833 Accepta
3518 2770 3629 2818 Lin.

279 2848 385 2896 Bod.
412 2851 452 2898 l.
487 2850 673 2898 Benev.
705 2849 903 2897 Manut.
938 2849 1094 2898 Oxon.
1120 2850 1256 2912 Lips.
1324 2850 1367 2882 δ’
1398 2849 1565 2900 Facta
1590 2850 1822 2898 vulnera
1848 2850 1958 2897 Lin.

1563 2956 1785 3039 Steph.
1844 2957 2089 3020 Baluzii
2133 2960 2325 3019 notae.

333 3063 425 3123 (Β)
455 3065 666 3112 Litterae
703 3062 1077 3126 probaverunt.
1112 3064 1307 3113 Postea
1329 3066 1581 3128 sequitur
1621 3068 1675 3115 in
1708 3064 1898 3115 codice

280 3133 449 3183 Sancti
485 3133 767 3196 Arnulphi
796 3134 1167 3197 fragmentum
1197 3149 1264 3185 ex
1292 3135 1431 3184 libro
1461 3136 1522 3184 de
1541 3136 1716 3186 Laude
1742 3138 1896 3185 Mar-

279 3205 409 3265 tyrit'.

334 3278 423 3337 (tt)
455 3277 774 3326 Irretientes.
809 3277 869 3324 In
895 3289 1009 3325 uno
1033 3276 1175 3326 libro
1206 3290 1330 3327 meo
1350 3278 1521 3327 veteri
1552 3278 1751 3340 legitur
1770 3279 1895 3327 reti-

280 3352 471 3405 nentes;
506 3349 565 3395 in
593 3347 852 3396 Remensi
879 3347 1069 3397 Sancti
1097 3349 1360 3411 Dionysii,
1388 3349 1444 3397 in
1464 3348 1752 3398 retinendis
1790 3346 1899 3398 illis

283 3415 464 3465 diaboli
496 3418 724 3479 taquez's.

337 3489 426 3547 (ιὸ)
470 3488 808 3537 Mandando.
856 3487 950 3538 Sic
998 3489 1053 3537 in
1105 3490 1244 3538 actis
1289 3488 1614 3539 Collationis
1668 3489 1898 3540 Cartha-

281 3558 505 3618 ginensis
572 3561 722 3608 inter
791 3558 1110 3609 Catholicos
1176 3565 1231 3610 et
1280 3560 1599 3611 Donatistas
1646 3560 1899 3610 videmus

285 3629 452 3689 plures
501 3631 797 3693 episcopos
850 3630 1142 3681 mandasse
1190 3631 1418 3695 collegis
1463 3632 1579 3681 suis
1633 3636 1694 3681 ut
1740 3646 1899 3681 suam

283 3702 616 3760 praesentiam
660 3714 757 3750 sua
786 3715 883 3763 pro
922 3702 1054 3764 ipsa
1097 3702 1505 3765 subscriptione
1546 3703 1900 3753 exhiberent.

285 3769 383 3828 Sic,
427 3784 495 3820 ne
548 3784 580 3819 θ
630 3771 933 3833 longinquo
980 3774 1197 3821 tantum
1243 3772 1497 3834 exempla
1548 3777 1896 3835 repetantur,

288 3840 474 3890 Natalis
517 3841 591 3889 ab
633 3841 745 3892 Oea
775 3843 1105 3891 sententiam
1131 3842 1272 3892 dixit
1297 3844 1353 3891 in
1394 3844 1636 3893 concilio
1667 3843 1898 3893 Cartha-

287 3912 483 3973 ginensi
526 3911 638 3960 sub
666 3911 968 3974 Cypriane
1013 3926 1110 3975 pro
1150 3926 1211 3962 se
1258 3917 1313 3963 et
1353 3928 1452 3975 pro
1499 3915 1759 3977 Pompeio
1798 3914 1897 3963 Sa-

289 3981 511 4032 bratensi
537 3987 596 4032 et
621 3983 796 4045 Dioga
820 3982 1286 4047 Leptimagnensi,
1313 4000 1341 4031 ‹‹
1367 3983 1478 4046 Qui
1501 3984 1638 4033 mihi
1670 3985 1899 4034 manda-

291 4060 483 4103 verunt.
513 4070 543 4101 ς)
1520 4066 1527 4076 ·

344 4127 426 4184 (46)
488 4128 610 4176 Νοη
655 4130 726 4174 est
775 4126 1040 4175 immunis.
1091 4125 1288 4176 Cicero
1340 4127 1486 4189 apud
1540 4127 1899 4176 Ammianum

290 4194 655 4246 Marcellinum
694 4196 787 4245 lib.
824 4209 985 4246 xxvu
1016 4212 1027 4244 :
1066 4215 1092 4242 ‹‹
1132 4197 1279 4259 Quid
1306 4200 1456 4248 enim
1494 4200 1721 4248 interest
1761 4199 1901 4248 inter

289 4279 550 4315 suasorem
597 4268 725 4316 facti
749 4271 805 4317 et
828 4267 1174 4330 probatorem
1195 4270 1221 4316 ?
1248 4286 1276 4313 »
1312 4269 1461 4332 quod
1503 4274 1786 4332 sumptum
1817 4274 1902 4319 est

290 4348 347 4383 ex
375 4337 617 4387 secunda
651 4337 973 4400 Philippica.
1010 4338 1242 4389 Seneca:
1284 4340 1497 4390 Troade
1528 4354 1539 4387 :
1570 4357 1598 4385 «
1642 4340 1752 4401 Qui
1788 4353 1900 4389 non

292 4411 444 4458 vetuit
490 4422 722 4473 peccare
769 4423 897 4459 cum
942 4411 1129 4472 possit,
1164 4410 1339 4473 jubet.
1386 4427 1415 4456 »
1451 4412 1522 4461 Et
1548 4412 1729 4460 infra:
1764 4430 1792 4457 «
1815 4411 1901 4461 Ad

295 4483 561 4529 auctorem
601 4480 743 4530 redit
783 4481 1008 4530 sceleris
1048 4483 1224 4531 coacti
1260 4483 1444 4545 culpa.
1481 4500 1507 4526 »
1546 4483 1754 4532 Auctor
1791 4483 1902 4545 epi-

291 4549 428 4599 stol-ee
450 4551 518 4599 ad
552 4552 870 4609 Celantiam,
899 4553 1041 4599 inter
1071 4552 1249 4614 Opera
1268 4552 1591 4615 Hieronymi
1622 4568 1632 4599 :
1666 4572 1692 4599 ‹‹
1719 4552 1903 4614 Quan-

294 4622 393 4667 tum
419 4623 565 4669 enim
586 4620 655 4669 ad
682 4623 896 4683 peccati
929 4624 1197 4671 rationem
1223 4623 1474 4680 pertinet,
1502 4624 1693 4672 nocuit
1726 4624 1821 4685 qui
1850 4626 1902 4672 et

293 4703 469 4739 nocere
500 4691 789 4753 disposuit.
824 4710 849 4735 »
880 4692 1130 4740 Valerius
1148 4692 1423 4742 Maximus
1450 4693 1542 4741 lib.
1569 4706 1650 4753 1x,
1684 4706 1803 4754 cap.
1836 4696 1897 4738 2:

294 4776 317 4804 ᾳ
362 4761 554 4825 Iniquo
611 4763 797 4810 animo
859 4762 1040 4811 scelus
1096 4763 1299 4812 intueri
1356 4763 1544 4814 scelus
1608 4763 1901 4813 admittere

294 4830 398 4879 fuit.
438 4851 462 4875 »
506 4835 724 4892 Arator,
771 4832 865 4880 lib.
899 4845 934 4882 ιι
968 4834 1208 4882 Actuum
1248 4833 1661 4896 apostolorum:
1717 4852 1742 4879 «
1791 4833 1903 4883 Nec

295 4914 437 4961 paena
465 4906 775 4967 sequestrat
806 4916 943 4965 quos
973 4916 1070 4965 par
1099 4903 1265 4966 culpa
1293 4904 1441 4967 ligat.
1472 4922 1502 4948 »

347 4974 431 5033 (t7)
498 4975 798 5036 Imperavit.
859 4974 993 5022 Haec
1054 4974 1219 5023 lectio
1281 4974 1499 5023 videtur
1548 4974 1769 5037 optima.
1833 4973 1903 5022 Et

298 5044 457 5093 tamen
504 5046 655 5094 illam
706 5058 819 5093 non
866 5045 1054 5094 inveni
1093 5045 1201 5093 nisi
1246 5046 1301 5093 in
1348 5059 1459 5094 uno
1513 5046 1685 5094 veteri
1739 5044 1898 5095 libro.

298 5110 473 5164 Crateri
521 5115 873 5165 eteditiones
927 5115 1261 5165 Pameliante
1322 5117 1651 5166 vetustiores
1690 5116 1901 5166 habent

298 5182 589 5247 nripetravit.
649 5186 924 5235 Pamelius
967 5191 1146 5236 autem
1193 5189 1443 5247 mutavit,
1490 5192 1714 5238 secutus
1769 5200 1901 5236 con-

294 5252 537 5310 jecturam
586 5255 838 5314 Costerii,
892 5258 1149 5320 quamvis
1195 5257 1426 5306 fateatur
1473 5271 1531 5307 se
1574 5256 1783 5319 ubique
1828 5257 1902 5306 le-

299 5324 419 5382 gisse
455 5328 771 5390 impetravit.
806 5328 899 5378 Sic
934 5329 989 5377 in
1037 5330 1269 5392 epistola
1302 5331 1364 5379 4t
1402 5328 1610 5379 codicis
1648 5328 1901 5391 Encyclii

298 5397 535 5459 scriptum
564 5402 649 5448 est
691 5399 746 5447 in
786 5399 976 5449 codice
1018 5399 1420 5456 Bellovacensi,
1463 5418 1491 5446 «
1530 5399 1749 5461 Quibus
1795 5401 1900 5448 im-

299 5470 488 5525 petrare
530 5470 716 5519 divino
749 5470 979 5531 judicio,
1018 5484 1118 5534 pro
1159 5472 1446 5534 imperare.
1494 5487 1518 5519 o
1570 5471 1773 5521 Facilis
1821 5484 1902 5519 er-

303 5548 391 5613 ror,
419 5542 522 5613 qui
564 5541 839 5591 admissus
887 5548 967 5592 est
1021 5542 1185 5591 etiam
1215 5543 1272 5591 in
1320 5544 1427 5592 alio
1477 5543 1647 5592 veteri
1708 5542 1901 5592 codice

302 5610 522 5667 ejusdem
569 5614 822 5664 ecclesias
850 5650 862 5673 ,
907 5615 962 5662 in
1026 5614 1295 5663 breviario
1348 5614 1609 5663 nimirum
1663 5613 1901 5665 Liberali

304 5688 403 5749 ρει).
432 5683 501 5743 18,
546 5682 641 5731 ubi
680 5697 797 5746 pro,
823 5701 853 5732 «
897 5684 1046 5734 Nihil
1088 5685 1449 5749 impetrantes
1489 5685 1718 5745 dimisit,
1748 5701 1777 5731 »
1814 5686 1898 5735 uti

308 5745 791 5827 liabentgeditiones
833 5760 883 5805 et
918 5761 1025 5805 tres
1066 5745 1192 5807 libri
1238 5760 1464 5815 veteres,
1510 5756 1685 5806 codex
1723 5758 1900 5807 eccle-

308 5824 387 5871 81a:
427 5824 824 5880 Bellovacensis
858 5827 1023 5882 habet
1061 5828 1395 5892 imperantes.
1447 5828 1540 5881 Sic
1580 5829 1729 5892 apud
1774 5828 1900 5879 Ful-

1996 3064 2243 3128 gentium
2272 3062 2604 3124 Placiadem,
2642 3061 2735 3110 lib.
2780 3074 2813 3109 il
2841 3059 3082 3123 Mythol.,
3115 3058 3213 3108 ubi
3243 3058 3355 3121 agit
3398 3056 3466 3106 de
3487 3056 3634 3106 Vul-

1999 3148 2137 3185 cano
2182 3139 2238 3184 et
2285 3134 2561 3192 Minerva,
2609 3132 2915 3195 legendum
2956 3135 3037 3180 est
3078 3130 3287 3191 Jupiter
3329 3128 3631 3190 imperavit,

1919 3175 1972 3246 C
2109 3175 2212 3255 veov
2221 3175 2484 3267 qu—od“ivbi'
2500 3175 3067 3267 legitiijr'inip-e—t—ra-uit.
3083 3175 3344 3250 Conﬁrm
3352 3175 3414 3246 at.
3435 3175 3598 3247 lectio
3614 3175 3637 3231 '-

1998 3288 2128 3325 nem
2159 3290 2188 3325 a
2209 3289 2299 3325 me
2344 3277 2613 3325 retentam
2637 3275 2693 3323 in
2718 3274 2827 3322 hoc
2858 3273 2982 3323 loco
3028 3270 3289 3333 Cypriani
3315 3268 3636 3318 Lactantius

1996 3348 2055 3396 in
2083 3346 2337 3409 Epitome
2384 3346 2704 3395 Divinarum
2751 3344 3136 3393 Institutionum
3179 3354 3303 3403 cap.
3344 3340 3405 3390 6t
3440 3354 3451 3386 :
3482 3339 3635 3409 «VVe-

1997 3422 2086 3467 tus
2100 3408 2441 3480 praeceptum
2459 3419 2544 3466 est
2559 3428 2671 3465 non
2686 3413 2956 3464 occidere.
2980 3411 3145 3474 Quod
3162 3412 3243 3461 sic
3258 3410 3437 3473 accipi
3451 3408 3633 3480 debet,

1996 3479 2116 3537 non,
2152 3479 2419 3551 tanquam
2438 3486 2736 3550 jubeamur
2775 3483 2845 3533 ab
2871 3482 3171 3533 homicidio
3212 3485 3450 3541 tantum,
3483 3479 3635 3551 quod

1999 3559 2129 3608 olim
2158 3549 2378 3622 legibus
2420 3557 2661 3620 publicis
2691 3555 2937 3619 jubetur,
2981 3566 3179 3604 manus
3213 3549 3635 3622 abstinere,_sed

1998 3642 2102 3678 nec
2122 3620 2369 3690 jussione
2404 3627 2721 3691 interposita
2752 3639 2859 3675 nec
2885 3625 3052 3674 verbo
3092 3622 3282 3673 licebit
3318 3620 3633 3685 periculum

1998 3699 2219 3748 inferre.
2247 3718 2274 3742 »
2299 3698 2463 3747 Illum
2493 3698 2645 3747 enim
2672 3696 2957 3746 tormentis
2986 3692 3149 3743 subdi
3180 3697 3433 3755 oportere
3471 3692 3635 3753 cujus

2000 3769 2233 3819 consilio
2264 3774 2432 3832 atque
2473 3769 2745 3817 instinctu
2787 3767 2930 3815 alius
2981 3765 3050 3814 ad
3082 3764 3494 3814 accusationem
3535 3774 3629 3811 ac-

1998 3842 2229 3891 cesserit
2253 3840 2629 3903 pronuntiavit
2649 3839 2945 3901 imperator
2971 3836 3373 3887 Constantinus
3394 3836 3449 3884 in
3476 3834 3635 3883 titulo

2000 3911 2223 3961 Codicis
2277 3909 2645 3960 Theodosiani
2704 3908 2774 3958 ad
2838 3909 3015 3971 legem
3064 3907 3271 3956 Juliam
3319 3905 3631 3967 Maiestatis.

2001 3984 2069 4032 Et
2097 3982 2244 4045 apud
2267 3982 2479 4031 Julium
2504 3981 2757 4038 Paulum,
2782 3979 2877 4029 lib.
2900 3993 2958 4039 ν,
2990 3979 3071 4027 tit.
3106 3978 3166 4026 23
3198 3992 3207 4023 :
3237 3994 3263 4022 «
3292 3976 3636 4026 Mandatores

2001 4053 2170 4104 caedis
2211 4052 2439 4115 perinde
2474 4056 2538 4100 ut
2576 4050 2871 4101 homicidas
2902 4051 3219 4113 puniantur.
3251 4062 3280 4095 ››
3322 4048 3632 4107 Salvianus,

2000 4122 2093 4170 lib.
2123 4133 2220 4181 v11,
2249 4135 2369 4184 cap.
2404 4122 2462 4171 19
2491 4137 2499 4167 :
2543 4139 2570 4168 «
2602 4124 2847 4171 Potestas
2891 4122 3094 4185 quippe
3139 4132 3338 4181 magna
3364 4124 3419 4168 et
3442 4122 3635 4181 poten-

2003 4192 2232 4253 tissima,
2266 4206 2392 4256 quae
2426 4193 2676 4242 inhibere
2702 4193 2888 4242 scelus
2908 4193 3217 4241 maximum
3246 4193 3444 4253 potest,
3474 4189 3634 4251 quasi

2000 4263 2193 4326 probat
2235 4262 2437 4313 debere
2474 4263 2615 4323 ﬁeri,
2656 4264 2700 4312 si
2750 4264 2935 4313 sciens
2982 4262 3188 4325 patitur
3226 4258 3538 4325 perpetrari.
3574 4259 3637 4307 In

2001 4336 2162 4396 cujus
2208 4335 2358 4383 enim
2398 4348 2567 4384 manu
2597 4338 2680 4384 est
2706 4338 2769 4383 ut
2808 4333 3111 4397 prohibeat,
3155 4332 3311 4395 jubet
3336 4332 3421 4394 agi
3447 4331 3493 4379 si
3522 4342 3635 4379 non

2000 4404 2256 4467 prohibet
2300 4404 2535 4454 admitti.
2569 4424 2594 4448 »
2625 4404 2934 4465 Ennodius,
2972 4404 3066 4453 lib.
3109 4418 3145 4465 ι,
3194 4403 3353 4466 epist.
3379 4403 3445 4450 5:
3476 4420 3504 4447 «
3533 4400 3636 4450 Fe-

2004 4476 2145 4525 cisse
2171 4475 2355 4525 scelus
2377 4476 2618 4525 creditur
2642 4476 2738 4537 qui
2760 4475 3009 4538 potuisse
3040 4474 3220 4523 facere
3246 4472 3582 4536 perhibetur.
3610 4488 3638 4516 ››

2005 4546 2299 4606 Pacianus,
2348 4546 2403 4594 in
2464 4546 2730 4593 Paramesi
2794 4545 2865 4593 ad
2913 4545 3275 4607 pazm'tentiam
3333 4559 3347 4591 :
3398 4558 3427 4590 «
3475 4541 3636 4590 Addo

2004 4616 2169 4665 etiam
2215 4630 2326 4664 non
2358 4616 2505 4664 solas
2544 4628 2743 4663 manus
2786 4617 2841 4663 in
2882 4614 3183 4664 homicidio
3225 4613 3418 4676 plecti,
3458 4612 3555 4661 sed
3582 4615 3635 4659 et

2002 4699 2169 4736 omne
2211 4686 2505 4736 consilium
2544 4685 2692 4747 quod
2730 4685 2955 4734 alterius
3006 4686 3248 4733 animam
3311 4682 3539 4745 impegit
3577 4682 3633 4729 in

2002 4760 2252 4806 mortem.
2297 4775 2324 4802 »
2355 4757 2601 4819 Epistola
2631 4755 3017 4817 episcoporum
3043 4755 3263 4817 Egypti
3286 4754 3355 4802 ad
3386 4754 3628 4802 Leonem

2004 4828 2394 4891 imperatorem
2436 4827 2491 4875 in
2520 4827 2701 4888 capite
2726 4827 2752 4873 7
2802 4825 3022 4874 Codicis
3067 4825 3319 4888 Encyclii
3346 4839 3355 4870 :
3383 4841 3409 4866 «
3441 4823 3636 4871 Postea

2003 4900 2169 4948 etiam
2214 4897 2498 4947 homicida
2551 4908 2694 4959 pene
2741 4895 3002 4944 manibus
3045 4896 3278 4958 propriis
3323 4894 3431 4943 hoc
3477 4892 3634 4941 nefas

2002 4969 2288 5028 efﬁciens,
2359 4972 2414 5017 et
2488 4971 2775 5031 propterea
2841 4965 3336 5026 condemnandus,
3408 4962 3632 5027 quando

2002 5040 2184 5103 agenti
2223 5040 2317 5103 qui
2339 5038 2496 5102 jubet
2537 5038 2746 5087 malum
2790 5037 2907 5086 ﬁeri
2947 5038 3002 5085 in
3047 5035 3320 5099 supplicio
3349 5034 3634 5097 proximus

2006 5115 2106 5161 est.
2134 5126 2163 5155 >>
2242 5102 2253 5103 7
3659 5102 3677 5139 ί

2065 5182 2159 5243 (48)
2206 5180 2477 5243 Pro/icere.
2528 5181 2606 5229 Ita
2651 5178 3063 5230 emendandum
3121 5189 3242 5226 esse
3293 5176 3679 5237 existimavi,

1999 5255 2225 5302 secutus
2274 5252 2667 5301 auctoritatem
2706 5254 2958 5300 veterum
3004 5248 3401 5310 exemplarium
3431 5250 3484 5295 et
3516 5246 3633 5295 edi-

2001 5323 2214 5371 tionum
2259 5336 2360 5385 pro
2413 5334 2477 5372 eo
2523 5321 2673 5385 quod
2743 5322 3071 5383 posteriores
3118 5318 3389 5367 editiones
3446 5318 3636 5379 praefe-

2002 5397 2133 5442 runt
2155 5393 2449 5455 procedere.
2493 5392 2603 5442 Sed
2648 5392 2795 5441 hanc
2830 5396 3013 5440 tamen
3053 5390 3308 5437 ultimam
3334 5388 3632 5436 lectionem

2001 5476 2103 5527 ego
2133 5476 2223 5513 me
2252 5465 2519 5527 reperisse
2556 5464 2725 5513 fateor
2764 5462 2823 5510 in
2864 5461 3081 5510 duobus
3121 5460 3275 5510 libris
3304 5459 3442 5507 meis
3478 5463 3634 5512 vete-

2002 5537 2174 5597 ribus,
2205 5537 2261 5585 in
2289 5535 2803 5598 Gratianopolitano
2847 5537 2901 5583 et
2943 5533 2999 5581 in
3032 5545 3145 5580 uno
3176 5530 3478 5589 Victorino,
3516 5533 3632 5598 tum
3669 5548 3675 5567 ι

2002 5596 2167 5656 etiam
2234 5606 2291 5655 in
2362 5596 2605 5655 editione
2672 5604 3012 5654 Manutiana.
3080 5599 3269 5653 Codex
3344 5596 3679 5647 Remensis'.

2001 5680 2177 5730 sancti
2196 5680 2441 5743 Dionysii
2462 5682 2516 5730 et
2531 5678 2907 5730 Lamonianus
2928 5676 3139 5726 habent
3154 5672 3414 5737 prodesse,
3438 5668 3634 5718 eodem
3672 5670 3676 5709 l

2001 5762 2185 5800 sensu.
