4160 6216
457 284 558 337 319

1375 285 1431 339 S.
1473 286 1787 344 CYPRIANI
1825 287 2098 344 OPERUM
2138 287 2310 345 PARS
2355 288 2394 341 l.
2427 315 2496 328 —-
2525 286 2885 342 EPISTOLA‘].

3709 292 3814 345 320

458 406 641 462 adhuc
671 406 729 461 in
758 421 1046 462 carcerem
1077 406 1328 478 dignitas
1364 425 1480 464 sua:
1507 411 1874 466 confessionis
1900 412 2081 466 inclu-
2103 417 2381 496 Atamen
2433 411 2493 464 in
2545 409 2814 482 martyrio
2864 425 2965 466 suo
3017 409 3120 465 tibi
3172 426 3240 464 ex
3295 409 3484 482 aliquo
3533 411 3818 466 debitores

458 500 549 569 sit,
585 505 640 554 et
677 500 748 554 ad
783 505 1077 555 certamen
1117 503 1510 572 evangelicum
1550 520 1651 558 sua
1680 504 1820 558 ﬁdes
1859 505 1920 559 in
1949 521 2080 559 con-

457 594 696 648 fessione
726 594 846 664 jam
886 593 1130 664 gloriosa
1169 597 1346 650 semel
1383 598 1691 664 coronavit,
1720 599 1940 654 litteras
1979 599 2080 653 ha-

455 687 586 740 beas
613 686 1000 756 conspirantes
1035 704 1167 742 cum
1205 690 1407 744 litteris
1433 691 1661 758 nostris,
1689 691 1893 762 quibus
1923 709 2080 747 seve-

456 779 688 833 ritatem
710 782 1051 851 evangelicae
1077 781 1387 853 disciplina:
1415 785 1772 854 protulerunt
1791 789 1849 840 et
1868 786 2084 840 illicitas

456 873 761 943 petitiones
793 875 862 929 ab
899 875 1156 930 Ecclesiae
1195 877 1410 946 pudore
1448 884 1796 934 revocarunt.
1828 879 1944 934 Nisi
1978 880 2085 934 hoc

457 967 738 1036 fecissent,
788 967 1099 1039 disciplinae
1145 970 1490 1042 evangelicae
1535 971 1714 1026 ruina:
1759 988 1874 1027 non
1922 973 2084 1027 facile

457 1060 806 1114 sarcirentur
826 1063 906 1131 εδ,
964 1063 1280 1132 prtasertim
1339 1081 1466 1118 cum
1531 1065 1674 1120 nulli
1732 1065 1916 1138 magis
1969 1072 2085 1121 tam

457 1169 774 1224 congruens
809 1158 959 1210 esset
997 1159 1259 1210 tenorem
1295 1158 1605 1229 evangelici
1647 1159 1852 1230 vigoris
1895 1160 2082 1214 illiba-

461 1251 584 1301 tum
623 1247 1078 1320 dignitatemque
1115 1266 1335 1304 servare
1359 1252 1427 1318 ⁸⁷,
1455 1268 1629 1322 quam
1667 1253 1765 1322 qui
1802 1270 1860 1308 se
1888 1270 2082 1307 excru-

459 1340 690 1396 ciandos
719 1345 772 1396 et
800 1341 1280 1398 excarnificandos
1307 1361 1409 1414 pro
1437 1345 1743 1416 Evangelio
1768 1347 2087 1402 furentibus

460 1434 837 1502 tradidissent,
888 1451 962 1490 ne
1015 1436 1335 1506 martyrii“8
1390 1438 1666 1492 honorem
1720 1439 1829 1510 (49)
1883 1439 2086 1494 merito

458 1527 784 1597 perderent,
817 1529 862 1582 si
900 1527 960 1583 in
1001 1530 1295 1584 occasione
1315 1531 1361 1565 ⁸9
1391 1532 1648 1603 martyrii
1692 1533 2086 1603 prevaricato-

459 1635 548 1674 res
597 1621 888 1690 Evangelii
938 1637 1056 1677 esse
1106 1623 1432 1678 voluissent.
1486 1626 1629 1679 Nam
1681 1626 1780 1697 qui
1828 1626 1886 1681 id
1936 1627 2090 1699 quod

456 1711 629 1767 habet
657 1729 772 1768 non
798 1715 1042 1769 custodit
1065 1715 1123 1771 in
1149 1732 1217 1770 eo
1249 1733 1312 1770 ex
1340 1734 1452 1788 quo
1478 1717 1620 1772 illud
1646 1719 1916 1790 possidet,
1952 1721 2086 1775 dum

2184 504 2318 559 facti
2357 520 2480 558 esse
2523 503 2840 558 videantur.
2870 503 3000 572 Sed,
3036 506 3098 557 ut
3134 503 3207 558 ad
3244 503 3300 558 id
3340 505 3487 558 unde
3527 505 3817 577 digressus

2185 613 2373 652 sermo
2430 597 2726 652 videbatur
2780 612 2901 651 esse
2964 613 3158 650 rursus
3209 600 3560 666 revertatur,
3615 600 3818 670 quales

2184 691 2402 745 litteras
2452 691 2513 745 in
2569 690 2813 745 Siciliam
2869 706 3099 761 quoque
3165 689 3486 745 miserimus
3540 692 3821 763 subjectas

2185 783 2419 839 habebis
2473 802 2485 838 :
2543 799 2869 854 quanquam
2916 783 3077 838 nobis
3132 783 3462 839 differendae
3513 785 3683 855 hujus
3733 786 3820 840 rei

2184 878 2488 932 necessitas
2529 877 2712 947 major
2749 876 3058 943 incumbat,
3091 877 3316 948 quibus,
3359 881 3480 948 post
3519 893 3816 932 excessum

2186 967 2554 1022 nobilissima:
2612 966 2906 1021 memorias
2956 966 3063 1020 viri
3117 965 3372 1037 Fabiani,
3427 967 3680 1022 nondum
3734 973 3820 1022 est

2187 1061 2483 1132 episcopus
2510 1065 2746 1131 propter
2775 1075 2971 1114 rerum
3007 1063 3065 1114 et
3101 1065 3428 1130 temporum
3454 1060 3820 1116 difﬁcultates

2186 1155 2543 1222 constitutus,
2572 1153 2670 1224 qui
2706 1153 2900 1208 omnia
2938 1153 3045 1208 ista
3086 1153 3420 1208 moderetur
3436 1156 3484 1189 ⁷⁵
3521 1160 3579 1209 et
3617 1170 3821 1210 eorum

2187 1248 2286 1319 qui
2333 1248 2476 1318 lapsi
2524 1253 2656 1302 sunt
2699 1247 2874 1319 possit
2921 1263 3051 1302 cum
3097 1246 3430 1304 auctoritate
3479 1252 3536 1303 et
3584 1247 3819 1304 consilio

2188 1342 2398 1396 habere
2427 1342 2714 1396 rationem
2751 1358 2762 1396 :
2797 1357 3133 1412 quanquam
3173 1341 3336 1396 nobis
3365 1342 3424 1396 in
3447 1346 3568 1397 tam
3596 1342 3822 1412 ingenti

2191 1435 2422 1507 negotio
2462 1435 2677 1506 placeat
2719 1435 2868 1506 quod
2907 1441 2961 1490 et
2992 1438 3054 1490 tu
3081 1434 3200 1506 ipse
3227 1436 3499 1502 tractasti,
3532 1435 3689 1506 prius
3713 1437 3819 1489 Ec-

2189 1529 2372 1584 clesiae
2401 1545 2603 1599 pacem
2620 1531 2668 1563 τε
2696 1528 3108 1598 sustinendam,
3143 1528 3369 1596 deinde,
3402 1529 3483 1583 sic
3520 1529 3824 1584 collatione

2189 1623 2557 1678 consiliorum
2606 1639 2736 1677 cum
2786 1622 3090 1694 episcopis,
3131 1622 3500 1694 presbyteris,
3547 1621 3823 1691 diaconis,

2191 1716 2612 1772 coufessoribus
2647 1716 2860 1787 pariter
2900 1731 2965 1770 ac
3002 1715 3282 1770 stantibus
3320 1715 3478 1770 laicis
3517 1716 3684 1782 facta,
3710 1715 3825 1785 lap-

457 1805 517 1859 id
547 1822 617 1860 ex
642 1823 755 1878 quo
783 1807 1034 1878 possidet
1057 1808 1242 1879 violat,
1267 1810 1478 1866 amittit
1501 1788 1710 1866 illud?7o
1741 1814 1891 1883 quod
1922 1813 2091 1884 possi-
2112 1788 2168 1859 Β
2192 1827 2385 1866 sorum
2433 1813 2674 1865 tractare
2713 1809 3016 1864 rationem.
3058 1810 3338 1880 Perquam
3379 1808 3533 1864 enim
3571 1808 3731 1863 nobis
3767 1811 3826 1863 et

459 1899 649 1954 debat.

534 1995 593 2046 V.
627 1995 688 2046 In
716 2009 829 2064 quo
861 1995 978 2050 loco
1003 1997 1284 2051 maximas
1310 1998 1413 2053 tibi
1445 2005 1615 2071 atque
1647 2000 1849 2056 uberes
1880 2001 2092 2072 gratias

458 2086 668 2140 referre
697 2086 972 2142 debemus
1002 2094 1058 2144 et
1084 2090 1376 2146 reddimus
1408 2094 1560 2162 quod
1590 2093 1819 2148 illorum
1851 2096 2092 2150 carceris

461 2179 719 2234 tenebras
765 2181 969 2236 litteris
1014 2183 1124 2237 tuis
1168 2183 1596 2253 illuminasti“,
1645 2188 1800 2258 quod
1845 2189 1912 2243 ad
1966 2189 2091 2243 illos

461 2272 682 2340 venisti,
729 2275 1016 2344 quomodo
1067 2276 1302 2332 introire
1353 2279 1606 2348 potuisti,
1655 2281 1804 2351 quod
1859 2281 2089 2337 illorum

461 2366 686 2421 animos
713 2384 817 2423 sua
845 2369 954 2424 tide
979 2373 1036 2424 et
1059 2370 1412 2426 confessione
1443 2372 1704 2428 robustos
1735 2374 1847 2428 tuis
1877 2375 2086 2430 allocu-

457 2458 704 2514 tionibus
725 2461 1038 2533 litterisque
1059 2465 1345 2533 recreasti,
1370 2465 1541 2535 quod,
1566 2467 1867 2522 felicitates
1893 2484 2090 2523 eorum

459 2551 653 2626 312
688 2555 985 2626 condignis
1017 2556 1282 2612 laudibus
1326 2562 1749 2629 prosecutus”,
1784 2562 2090 2618 accendisti

461 2646 534 2700 ad
567 2647 746 2702 multo
773 2649 1153 2704 ardentiorem
1183 2651 1424 2706 caelestis
1453 2653 1651 2723 gloria:
1687 2655 2087 2725 cupiditatem,

458 2740 610 2810 quod
649 2757 860 2811 pronos
900 2742 1196 2814 impulisti,
1227 2745 1401 2816 quod,
1438 2751 1497 2800 ut
1528 2747 1817 2802 credimus
1841 2753 1898 2804 et
1928 2755 2087 2820 opta-

459 2849 615 2902 mus,
665 2834 900 2890 victores
946 2836 1164 2892 futuros
1217 2838 1432 2893 viribus
1482 2841 1568 2894 tui
1619 2842 1903 2896 sermonis
1960 2843 2088 2897 ani-

458 2927 720 2997 masti73;
770 2935 850 2996 ut,
897 2945 1221 3002 quanquam
1269 2932 1372 2986 hoc
1418 2936 1600 2988 totum
1647 2935 1716 2989 de
1761 2936 1872 2990 ﬁde
1923 2937 2093 2990 conti-

458 3020 766 3076 tentium"
795 3025 851 3078 et
882 3023 950 3080 de
981 3024 1166 3079 divina
1194 3025 1552 3096 indulgentia
1579 3028 1775 3083 venire
1806 3029 2087 3097 videatur,

2190 1904 2536 1960 invidiosum
2586 1906 2645 1957 et
2687 1919 2992 1958 onerosum
3041 1902 3264 1956 videtur
3309 1919 3424 1956 non
3467 1918 3568 1972 per
3615 1903 3825 1957 multos

2192 1997 2512 2052 examinare
2561 1996 2714 2068 quod
2756 2012 2859 2067 per
2901 1997 3112 2051 multos
3154 1995 3521 2050 commissum
3562 1995 3824 2051 videatur

2188 2091 2382 2158 fuisse,
2409 2094 2466 2145 et
2489 2106 2670 2146 unum
2700 2089 3041 2144 sententiam
3069 2089 3280 2156 dicere,
3303 2106 3432 2144 cum
3455 2094 3572 2143 tam
3602 2089 3824 2161 grande

2191 2185 2407 2240 crimen
2447 2201 2550 2255 per
2591 2184 2801 2238 multos
2845 2183 3112 2237 diffusum
3153 2187 3386 2238 notetur
3425 2183 3638 2249 exisse;
3671 2199 3820 2254 quo-

2192 2279 2346 2333 niam
2380 2294 2486 2332 nec
2525 2278 2753 2332 firmum
2791 2277 3084 2332 decretum
3129 2280 3317 2346 potest
3345 2293 3464 2332 esse
3508 2275 3664 2347 quod
3705 2292 3823 2330 non

2191 2373 2572 2442 plurimorum
2604 2370 2889 2426 videbitur
2924 2370 3183 2424 habuisse
3221 2386 3582 2424 consensum.
3615 2369 3823 2440 Aspice

2190 2469 2374 2520 totum
2412 2464 2620 2520 orbem‘
2648 2481 2796 2534 pene
2837 2469 3112 2519 vastatum
3147 2467 3204 2518 et
3245 2463 3454 2534 ubique
3484 2464 3678 2534 jacere
3720 2464 3822 2516 de-

2183 2560 2470 2630 jectorum
2522 2558 2792 2629 reliquias
2839 2563 2896 2612 et
2939 2557 3128 2612 ruinas
3169 2558 3302 2628 (50),
3344 2562 3399 2611 et
3441 2557 3653 2611 idcirco
3705 2559 3824 2610 tam

2193 2652 2410 2724 grande
2459 2652 2646 2722 expeti
2695 2651 2995 2706 consilium
3049 2667 3220 2721 quam
3275 2651 3388 2704 late
3443 2653 3823 2720 propagatum

2191 2747 2413 2802 videtur
2469 2763 2589 2801 esse
2643 2745 2934 2802 delictum.
2994 2746 3113 2800 Non
3165 2745 3239 2798 sit
3288 2745 3476 2799 minor
3532 2743 3823 2798 medicina

2191 2857 2364 2912 quam
2422 2841 2654 2906 vulnus,
2711 2855 2827 2894 non
2881 2839 2995 2893 sint
3051 2839 3274 2893 minora
3333 2837 3583 2893 remedia
3645 2852 3820 2907 quam

2190 2935 2393 2988 funera
2434 2935 2568 3002 (5i),
2607 2938 2690 3002 ut,
2742 2933 3028 3004 quomodo
3075 2930 3267 3004 313
3312 2931 3412 3002 qui
3459 2932 3700 2986 ruerunt
3747 2929 3818 2983 ob

2191 3028 2299 3082 hoc
2345 3031 2582 3082 ruerunt
2625 3026 2775 3098 quod
2821 3041 2971 3080 caeca
3022 3025 3345 3080 temeritate
3392 3024 3561 3079 nimis
3607 3022 3821 3078 incauti

1829 3158 2038 3222 Varia:
2094 3159 2427 3222 lectiones.

517 3265 560 3296 ⁶⁶
590 3265 867 3317 Sarcirent
899 3268 1020 3317 Bod.
1051 3270 1098 3318 1.
1166 3268 1208 3301 ⁶⁷
1235 3269 1452 3321 Illibata
1488 3271 1754 3336 dignitate
1797 3287 2016 3324 servare
2057 3275 2168 3323 Vat.
2237 3272 2280 3307 ⁸⁸
2304 3271 2679 3323 Tradidissent
2721 3275 2991 3336 martyres
3028 3272 3154 3322 Bod.
3191 3273 3230 3322 l.
3304 3271 3346 3305 ‘9
3377 3270 3671 3322 Occisione
3704 3274 3818 3321 Lz'n.

456 3335 496 3368 7°
524 3337 724 3398 Violat,
762 3338 933 3388 violat
962 3339 1100 3389 illud
1132 3341 1286 3390 Oxon.
1357 3342 1396 3374 ⁷¹
1426 3335 1703 3393 Animasti
1729 3344 1853 3394 Fab.

457 3405 699 3456 dentiam
732 3407 856 3456 Bod.
886 3411 931 3459 1.
1001 3409 1041 3443 ⁷⁵
1070 3410 1382 3462 Mederetur
1410 3415 1524 3463 Li‘n.

1922 3345 1961 3378 7'
1990 3347 2322 3396 Persecutus
2349 3345 2504 3394 Oxon.
2573 3343 2614 3376 ⁷³
2644 3343 2884 3393 Armasti
2910 3341 3034 3392 Bod.
3068 3343 3113 3391 1.
3185 3340 3225 3374 ⁷⁴
3256 3341 3417 3392 Hanc
3443 3345 3611 3392 totam
3636 3341 3821 3391 confi—

1593 3414 1634 3448 7⁶
1665 3415 1852 3476 Prius;
1890 3416 2159 3468 Ecclesia:
2183 3417 2399 3480 dz'sting.
2435 3416 2593 3465 Oxon.

1747 3533 1973 3616 Steph.
2022 3535 2272 3598 Baluzii
2315 3537 2510 3596 notae.

513 3631 610 3706 (t9)
645 3633 900 3696 Μαι-ιω·ξί
934 3634 1204 3706 honorem.
1233 3637 1355 3689 Hoc
1382 3639 1752 3704 fragmentum
1783 3642 1942 3693 istius
1956 3643 2083 3706 Epi-

453 3702 611 3753 διοιω
654 3708 854 3763 exstat,
880 3709 944 3755 ut
994 3705 1257 3768 diximus,
1287 3709 1345 3759 in
1383 3702 1506 3762 loco
1536 3725 1648 3762 non
1674 3725 1776 3763 suo
1797 3713 1862 3763 in
1889 3702 2082 3765 codice

451 3773 628 3822 sancti
659 3775 958 3838 Arnulphi.

511 3843 607 3905 (50)
656 3845 723 3894 Et
763 3847 963 3896 ruinas.
1015 3847 1210 3899 Editio
1251 3848 1528 3914 Spirensis
1566 3857 1622 3905 et
1660 3858 1769 3905 tres
1819 3855 1947 3906 libri
1986 3868 2082 3905 ve-

453 3917 596 3964 teres
639 3928 750 3964 non
779 3916 987 3968 habent
1017 3917 1139 3970 haec
1184 3919 1296 3970 duo
1338 3923 1630 3975 vocabula.
1665 3927 1877 3978 Veneta
1921 3930 2083 3977 vetus

447 3985 634 4066 habet.
660 3988 784 4037 Duo
831 3988 925 4038 alii
963 3989 1092 4040 libri
1146 3995 1360 4042 veteres
1406 3994 1709 4056 praeferunt
1742 3996 1957 4060 laqueos
1986 4009 2083 4060 pro

457 4069 667 4108 ruinas.

509 4129 608 4191 (51)
639 4130 868 4179 Funera.
915 4130 1106 4182 Codex
1134 4131 1323 4184 Sancti
1349 4135 1624 4200 Arnulphi
1651 4137 1822 4188 habet
1841 4137 2078 4188 vulnera.

455 4198 594 4262 Qua)
609 4200 784 4274 lectio
810 4203 948 4252 mihi
978 4203 1197 4254 videtur
1221 4218 1343 4256 esse
1370 4198 1592 4268 melior;
1614 4222 1849 4274 eamque
1873 4210 2082 4273 posuis-

449 4283 570 4320 sem
604 4272 662 4320 iu
705 4276 992 4330 contextu,
1033 4276 1079 4324 si
1114 4279 1230 4325 tum
1277 4291 1404 4328 cum
1449 4279 1542 4330 hic
1578 4279 1735 4329 locus
1757 4272 2084 4330 'cudebatur

453 4340 770 4393 habuissem
819 4344 1068 4395 codicem
1117 4347 1293 4396 illum.
1345 4351 1417 4398 At
1468 4350 1513 4398 si
1560 4351 1686 4413 quis
1736 4349 2082 4401 retinendam

452 4416 607 4474 putat
651 4427 842 4465 vocem
867 4416 1084 4478 funera,
1131 4419 1437 4483 intelligere
1483 4424 1694 4484 oportet
1724 4425 1944 4482 mortes,
1976 4435 2077 4471 seu

453 4484 638 4546 potius
679 4486 949 4538 cadavera
995 4494 1355 4540 mortuorum.
1404 4491 1582 4554 Supra
1625 4492 1679 4540 in
1733 4492 1976 4554 Epistola
2003 4493 2076 4541 ad

454 4557 736 4621 Donatum,
783 4574 836 4623 p.
885 4561 916 4610 3
971 4577 983 4610 :
1026 4577 1055 4610 α
1109 4562 1375 4613 Viventes
1437 4565 1494 4612 in
1546 4564 1864 4614 ultroneum
1911 4565 2080 4614 funus

454 4632 736 4678 ornantur.
793 4648 820 4677 »
877 4631 1070 4683 Funus
1124 4635 1273 4684 enim
1327 4634 1643 4697 frequenter
1687 4636 1925 4684 sumitur
1979 4649 2079 4698 pro

452 4712 680 4761 corpore
714 4705 930 4751 mortuo
966 4703 1081 4753 sive
1126 4703 1411 4754 cadavere.
1444 4704 1608 4767 Apud
1642 4703 1950 4767 Virgilium,
1984 4706 2078 4755 lib.

451 4782 514 4819 1x
553 4770 824 4833 zEneidos,
865 4772 1027 4833 funus
1074 4772 1326 4834 lacerum,
1372 4773 1426 4822 id
1454 4779 1536 4824 est
1578 4775 1806 4824 cadaver
1837 4775 2076 4825 dilania-

454 4845 594 4962 tsuntr,
647 4845 708 4890 ut
746 4841 972 4893 Servius
1001 4843 1405 4908 interpretatur.
1456 4845 1747 4896 Juvenalis
1796 4847 1852 4895 in
1899 4847 2077 4910 prima

500 4925 528 4961 a
558 4925 635 4962 ira
667 4929 677 4962 :

500 4925 635 4962 atira
667 4929 677 4962 ξ

734 5010 946 5060 Ducitur
970 5010 1110 5060 iratis
1141 5010 1495 5075 plangendum
1521 5011 1673 5060 funus
1701 5012 1898 5061 amicis.

454 5114 660 5166 Statius
690 5117 850 5166 initio
880 5116 1212 5178 Thebaidos,
1249 5137 1276 5163 «
1317 5119 1684 5182 Tumulisque
1713 5120 1958 5171 carentia
1989 5134 2073 5170 re-

452 5199 584 5249 gum
614 5187 827 5237 funera.
854 5206 880 5232 »
908 5186 1080 5238 Silius
1105 5189 1356 5248 Italicus,
1383 5189 1479 5239 lib.
1512 5203 1608 5241 VIII
1637 5205 1650 5238 :

1227 5294 1518 5358 Fratrisque
1542 5295 1759 5359 petebat

608 5361 832 5411 Mancini
859 5365 1073 5413 stratum
1097 5377 1275 5427 sparsa
1302 5365 1436 5414 inter
1459 5365 1640 5414 funera
1670 5380 1879 5430 corpus.

520 5477 746 5527 Tacitus
775 5477 869 5527 lib.
901 5492 917 5528 ι
951 5479 1258 5542 Annalium,
1292 5499 1318 5526 ‹‹
1350 5481 1420 5532 Ut
1458 5485 1614 5546 porta
1640 5483 1959 5546 triumphali
1981 5483 2084 5534 du-

459 5552 678 5598 ceretur
701 5549 888 5598 funus.
911 5565 940 5597 »
966 5550 1069 5601 Ubi
1096 5551 1224 5602 vide
1251 5557 1409 5602 notas
1437 5553 1817 5604 Freinshemii.
1847 5557 2082 5619 Epitome

454 5619 666 5668 Aurelii
713 5620 954 5670 Victoris
993 5622 1050 5670 in
1091 5623 1440 5674 Diocletiano
1480 5639 1491 5671 :
1535 5643 1561 5669 α
1593 5625 1783 5674 Funus
1826 5628 1945 5688 ejus
1976 5626 2084 5677 Ga—

456 5689 588 5738 lieni
640 5691 898 5754 sepulcro
939 5693 1253 5742 infertur.»
1291 5695 1577 5758 Apuleius,
1627 5696 1720 5746 lib.
1772 5709 1867 5748 Vlll
1915 5699 2090 5746 Mela-

457 5759 795 5823 morphoseon
849 5777 867 5810 :
910 5780 938 5809 «
984 5763 1175 5813 Funus
1213 5778 1339 5815 vere
1391 5770 1505 5816 toto
1547 5767 1774 5818 feralem
1826 5782 2088 5832 pompam

451 5837 819 5900 prosequente
885 5835 1088 5900 populo
1154 5835 1449 5889 deducitur
1516 5837 1585 5888 ad
1651 5840 2008 5906 sepulturam.
2063 5858 2092 5886 »

2103 5019 2162 5090 D

2102 3657 2156 3730 C
2183 3641 2528 3730 ἑἮἯίΡΡΗΞ
2542 3638 2896 3730 λέῗῖθῗὲἱίέῗῗ
2903 3637 3198 3730 liba?!)
3225 3654 3254 3730 Ὺ
3280 3637 3820 3730 ξῖθὶίῖξέθὲίῖἶίὲῗ

2184 3715 2300 3763 rius
2340 3713 2530 3775 lapsus
2572 3724 2669 3774 per
2699 3711 2957 3759 funerum
2999 3713 3197 3760 strues.
3226 3727 3254 3755 »
3283 3709 3434 3760 Idem
3458 3710 3553 3760 lib.
3581 3723 3776 3762 xxxrx
3806 3727 3818 3759 :

2182 3803 2212 3831 «
2251 3785 2444 3834 Funus
2483 3784 2606 3846 ejus
2658 3795 2756 3845 per
2806 3780 3144 3844 vespillones
3189 3780 3406 3830 illatum
3449 3781 3644 3844 pullati
3681 3795 3821 3844 prae-

2181 3856 2378 3907 cedere
2419 3854 2675 3904 honorati
2719 3852 3095 3916 quamplures.
3141 3870 3169 3898 ››
3215 3852 3354 3902 Item
3403 3851 3542 3901 liber
3595 3863 3722 3900 xxx
3807 3867 3819 3899 :

2182 3943 2211 3972 ‹‹
2257 3927 2564 3989 Imperator
2608 3923 2742 3973 diris
2786 3923 3084 3986 pavoribus
3149 3923 3573 3986 circumseptus,
3629 3923 3822 3986 paula-

2183 3997 2394 4060 timque
2431 3996 2683 4045 insiliens
2711 3995 2973 4044 funerum
2998 3995 3194 4055 moles,
3239 3994 3308 4044 ad
3336 3995 3647 4045 lancearios
3676 4009 3820 4046 con—

2181 4068 2339 4130 fugit.
2371 4085 2400 4112 ››
2420 4067 2604 4116 Julius
2644 4064 2993 4128 Capitolinus
3029 4065 3086 4114 in
3121 4065 3406 4114 Antonino
3440 4065 3772 4128 philosopho
3805 4081 3817 4114 :

2181 4155 2212 4188 a
2244 4139 2500 4201 Denique
2535 4138 2689 4200 prius
2733 4150 2903 4201 quam
2931 4137 3100 4186 funus
3131 4136 3482 4188 conderetur.
3524 4156 3554 4184 »
3587 4137 3820 4200 Optatus

2182 4210 2555 4269 Milevitanus,
2599 4207 2694 4257 lib.
2738 4221 2775 4258 II
2833 4223 2844 4255 :
2891 4223 2920 4255 α
2956 4207 3273 4271 Unicuique
3321 4209 3576 4272 sepulcro
3615 4208 3822 4258 sufﬁcit

2180 4293 2357 4330 unum
2381 4279 2555 4328 funus
2597 4282 2654 4329 et
2700 4277 2997 4329 clauditur.
3033 4295 3062 4327 »
3083 4279 3459 4343 Hieronymus
3487 4281 3544 4328 in
3575 4279 3822 4342 Epistola

2181 4352 2252 4401 ad
2303 4350 2590 4400 Paulinum
2635 4350 2703 4400 de
2753 4351 3113 4401 Institutione
3156 4350 3416 4402 Monachi
3461 4367 3472 4398 :
3529 4368 3559 4399 α
3611 4350 3822 4412 Quanti

2181 4422 2344 4473 hodie
2382 4423 2464 4472 sic
2505 4421 2746 4472 vivendo
2789 4426 3011 4485 portant
3049 4435 3150 4470 sua
3192 4422 3404 4481 funera,
3452 4425 3507 4471 et
3533 4422 3690 4484 quasi
3736 4434 3821 4472 se-

2181 4493 2371 4558 pulcra
2417 4492 2690 4552 dealbata,
2742 4493 2891 4556 pleni
2940 4497 3073 4542 sunt
3123 4492 3340 4542 ossibus
3375 4496 3737 4542 mortuorum.
3791 4507 3821 4539 ››

2181 4566 2335 4616 Idem
2397 4565 2452 4613 in
2494 4564 2783 4626 Epitaphio
2831 4565 3123 4627 Nepotiani
3177 4578 3188 4611 :
3235 4581 3262 4609 «
3312 4563 3490 4626 Quem
3541 4563 3822 4613 haeredem

2180 4636 2496 4700 putavimus
2549 4635 2719 4684 funus
2767 4639 3039 4684 tenemus.
3093 4649 3122 4680 ›>
3174 4633 3325 4684 Idem
3376 4635 3432 4683 in
3485 4635 3601 4682 Vita
3629 4633 3823 4684 Μαιωιὶ

2180 4706 2423 4757 monachi
2469 4720 2485 4752 :
2542 4722 2570 4753 α
2632 4706 2970 4755 Prosecutus
3022 4717 3152 4768 ergo
3208 4719 3297 4754 me
3353 4704 3423 4755 de
3487 4707 3822 4754 monasterio

2181 4779 2340 4842 quasi
2390 4778 2560 4826 funus
2612 4775 2845 4827 efferret.
2918 4775 3172 4836 Ruﬁnus,
3231 4775 3328 4826 lib.
3385 4789 3419 4835 ι,
3475 4789 3532 4826 c.
3590 4778 3638 4836 8,
3687 4777 3821 4826 Hist.

2180 4849 2354 4899 eccles.
2389 4863 2405 4896 :
2440 4849 2656 4897 Funera
2688 4847 2990 4897 liberorum.
3039 4847 3286 4898 Libellus
3327 4860 3559 4910 precum
3600 4847 3821 4897 oblatus

2181 4919 2577 4969 Valentiniano
2619 4922 2672 4968 et
2729 4918 3007 4968 Marciano
3060 4919 3213 4978 AA.,
3266 4931 3298 4967 a
3345 4918 3516 4967 Basso
3560 4919 3821 4981 episcopo

2185 4989 2468 5053 Ephesino
2506 4991 2562 5038 in
2607 4990 2845 5039 concilio
2889 4988 3337 5039 Chalcedonensi
3378 5003 3388 5036 :
3423 5006 3452 5034 «
3493 4988 3674 5051 Super
3699 4989 3822 5040 haec

2185 5062 2352 5111 etiam
2380 5061 2586 5110 multos
2621 5060 2877 5110 homines
2903 5072 3153 5109 meorum
3193 5060 3427 5110 diversis
3455 5059 3632 5124 plagis
3657 5061 3822 5110 morti

2173 5132 2538 5192 tradiderunt,
2572 5133 2650 5182 ita
2698 5137 2763 5181 ut
2808 5131 3002 5181 funera
3048 5133 3174 5181 ante
3217 5132 3418 5192 januas
3463 5136 3672 5180 sanctas
3718 5127 3822 5181 Dei

2178 5204 2429 5253 ecclesias
2475 5202 2706 5267 quidam
2747 5206 3106 5265 exponerent.
3139 5220 3167 5248 »
3199 5201 3303 5251 Ubi
3332 5215 3430 5264 pro
3465 5200 3660 5262 funera
3687 5215 3822 5252 auc-

2181 5278 2326 5324 tores
2375 5273 2636 5324 editionis
2678 5273 2941 5322 Romanas
2989 5277 3297 5336 posuerunt
3333 5273 3391 5320 in
3432 5273 3681 5335 margine
3723 5287 3823 5322 ca-

2181 5345 2384 5394 davera
2444 5359 2541 5407 per
2587 5343 2832 5407 speciem
2876 5343 3362 5407 interpretationis.
3403 5341 3675 5406 Sulpitius
3728 5343 3826 5394 Se-

2182 5430 2365 5475 verus,
2407 5415 2503 5464 lib.
2550 5427 2585 5463 ιι
2625 5415 2803 5462 Sacrae
2833 5415 3094 5472 Historiae,
3135 5415 3368 5478 loquens
3394 5413 3461 5463 de
3502 5415 3826 5464 inventione

2185 5490 2394 5536 sanctas
2433 5485 2628 5536 Crucis
2667 5485 2892 5534 Domini
2937 5485 3112 5535 nostri
3150 5485 3286 5534 Jesu
3336 5484 3544 5535 Christi
3591 5499 3602 5532 :
3648 5501 3676 5529 α
3719 5484 3825 5534 Ca-

2185 5556 2344 5619 piunt
2385 5553 2584 5604 deinde
2615 5554 2911 5604 consilium
2938 5561 3000 5604 ut
3039 5555 3280 5618 aliquem
3319 5567 3514 5605 recens
3539 5559 3822 5605 mortuum

2189 5625 2454 5676 crucibus
2501 5625 2882 5676 admoverent.
2929 5627 3045 5677 Nec
3092 5641 3261 5687 mora,
3317 5627 3475 5690 quasi
3519 5627 3622 5676 Dei
3680 5632 3824 5676 nutu

2191 5698 2402 5747 funeris
2441 5698 2703 5747 exstincti
2746 5698 3094 5748 solemnibus
3128 5699 3410 5762 exsequiis
3448 5697 3822 5760 deferebatur,

2192 5781 2589 5832 concursuque
2645 5769 2892 5819 omnium
2956 5771 3158 5820 feretro
3225 5782 3427 5832 corpus
3488 5770 3698 5820 eruitur
3760 5796 3825 5806 —-

2191 5840 2361 5892 funus
2385 5853 2706 5906 excussum,
2737 5845 2794 5895 et
2822 5841 2966 5894 inter
3008 5843 3341 5908 spectatores
3367 5853 3499 5895 suos
3535 5839 3758 5894 adstitit.
3791 5855 3823 5889 ι
