4160 6216
274 176 345 229 321

1620 159 1940 215 EPISTOLA
1980 160 2161 214 XXXI.

3462 164 3564 215 322

267 299 477 362 fuerunt,
531 294 606 348 ita
653 292 749 363 qui
815 291 921 345 hoc
979 290 1281 361 disponere
1339 287 1615 353 nituntur,
1683 286 1841 340 omni
1864 298 1917 371 Α
1943 284 2135 358 314
2164 285 2399 340 Multum
2430 284 2538 338 illis
2564 284 2821 354 proﬁciet.
2848 285 3044 355 petitio
3072 285 3346 351 modesta,
3377 290 3565 356 postu-

267 390 586 445 consiliorum
630 384 1022 440 moderamine
1062 386 1295 436 utantur
1337 397 1409 436 ne
1458 380 1593 451 quid
1633 397 1748 434 non
1783 384 1842 433 ut

264 485 449 554 oportet
473 482 676 536 factum
706 484 978 550 tanquam
1024 476 1244 531 irritum
1289 475 1358 529 ab
1393 475 1659 529 omnibus
1683 473 1839 544 judi-

262 581 411 633 cetur.

316 672 387 724 VI.
416 670 526 724 Uno
550 668 723 738 igitur
748 667 1065 737 eodemque
1098 664 1353 731 consilio,
1390 663 1598 718 iisdem
1652 662 1838 733 preci-

258 766 341 818 bus
364 768 414 816 et
438 760 659 815 fletibus
689 764 808 815 tam
848 776 971 823 nos,
1002 758 1099 830 qui
1147 774 1325 830 usque
1370 758 1555 812 adhuc
1582 756 1843 809 videmur

259 856 492 927 temporis
522 855 677 909 istius
724 854 916 909 ruinas
954 851 1378 923 subterfugisse,
1422 866 1595 922 quam
1632 849 1711 903 illi
1741 849 1842 920 qui

256 952 302 1004 in
326 953 412 1004 has
436 950 698 1020 temporis
731 948 994 1003 videntur
1037 946 1224 1001 clades
1264 944 1548 1013 incidisse,
1593 944 1838 999 divinam

256 1044 575 1114 majestatem
609 1042 980 1112 deprecantes
1014 1056 1213 1111 pacem
1251 1039 1624 1093 ecclesiastico
1651 1038 1839 1093 nomi-

254 1138 300 1190 ni
338 1138 434 1206 (5'2)
476 1137 847 1206 postulemus.
884 1134 1086 1188 Mutuis
1130 1133 1273 1187 votis
1318 1150 1422 1187 nos
1466 1133 1706 1187 invicem
1756 1132 1839 1186 fo-

253 1247 475 1299 veamus,
500 1229 908 1295 custodiamus,
930 1243 1241 1282 armemus.
1273 1226 1512 1282 Oremus
1544 1242 1646 1297 pro
1671 1225 1841 1297 lapsis

252 1330 301 1378 ut
323 1325 623 1393 erigantur,
654 1338 885 1377 oremus
909 1338 1011 1392 pro
1040 1321 1318 1376 stantibus
1365 1324 1426 1374 ut
1467 1336 1581 1374 non
1617 1319 1690 1373 ad
1721 1319 1838 1373 rui-

252 1434 331 1471 nas
354 1433 521 1488 usque
551 1422 867 1483 tententur,
898 1431 1129 1470 oremus
1157 1420 1216 1468 ut
1260 1414 1356 1485 qui
1397 1413 1664 1467 cecidisse
1693 1413 1839 1467 refe-

252 1516 444 1575 runtur,
518 1509 708 1564 delicti
782 1510 868 1562 sui
926 1506 1391 1578 magnitudinem
1446 1509 1838 1577 agnoscentes,

254 1603 542 1674 intelligant
565 1618 685 1657 non
719 1604 1187 1657 momentaneam
1224 1600 1334 1671 (53)
1368 1616 1554 1671 neque
1583 1616 1837 1670 praepro-

252 1713 417 1767 peram
469 1696 789 1751 desiderare
847 1696 946 1762 (54)
1020 1694 1383 1749 medicinam.
1466 1695 1701 1748 Oremus
1778 1675 1915 1748 utB

253 1790 448 1844 effectus
474 1789 848 1859 indulgentiae
888 1790 1175 1859 lapsorum
1218 1787 1598 1858 subsequatur
1627 1792 1681 1842 et
1718 1803 1837 1858 pm-

251 1884 459 1938 nitentia
514 1884 640 1952 (55),
700 1885 781 1951 ut,
833 1882 1118 1936 intellecto
1174 1898 1273 1935 suo
1328 1880 1591 1949 crimine,
1669 1881 1844 1934 velint

251 1976 385 2030 nobis
409 1976 636 2031 interim
676 1979 944 2046 praestare
973 1975 1329 2046 patientiam,
1360 1990 1464 2029 nec
1498 1974 1681 2028 adhuc
1709 1974 1841 2028 ﬂuc-

248 2074 471 2125 tuantem
516 2070 755 2124 turbent
800 2069 1058 2124 Ecclesia:
1098 2071 1330 2135 statum,
1388 2084 1458 2123 ne
1505 2068 1841 2124 interiorem

251 2164 385 2217 nobis
418 2164 873 2234 persecutionem
915 2162 1027 2233 ipsi
1066 2161 1388 2217 incendisse
1436 2162 1754 2229 videantur,
1788 2167 1845 2216 et

249 2258 450 2313 accedat
474 2258 542 2312 ad
577 2256 884 2311 criminum
912 2257 1201 2310 cumulum
1233 2256 1378 2327 quod
1409 2255 1578 2310 etiam
1610 2256 1844 2327 inquieti

248 2352 462 2406 fuerunt.
506 2350 749 2405 Maxime
808 2351 958 2405 enim
1013 2350 1124 2404 illis
1189 2350 1453 2420 congruit
1508 2350 1846 2405 verecundia

248 2462 459 2515 quorum
510 2444 569 2499 in
614 2444 834 2499 delictis
882 2444 1187 2499 damnatur
1230 2460 1393 2497 mens
1441 2443 1842 2499 inverecunda.

251 2539 447 2592 Pulsent
474 2555 611 2593 sane
662 2539 833 2606 fores,
874 2537 973 2592 sed
1029 2554 1142 2592 non
1184 2537 1379 2608 utique
1436 2538 1844 2609 confringant;

249 2632 428 2685 adeant
457 2633 525 2687 ad
554 2631 738 2686 limen
782 2631 1061 2698 Ecclesiae,
1110 2631 1209 2686 sed
1253 2647 1369 2685 non
1408 2631 1605 2703 utique
1648 2631 1848 2685 transi-

249 2724 417 2779 lianti7
442 2744 455 2792 ;
482 2731 801 2780 castrorum
840 2725 1157 2781 caelestium
1199 2725 1475 2780 excubent
1517 2724 1719 2796 portis,
1752 2725 1848 2779 sed

251 2819 423 2874 armati
449 2819 746 2887 modestia,
767 2835 881 2889 qua
898 2818 1217 2889 intelligant
1237 2834 1295 2873 se
1317 2819 1633 2873 desertores
1653 2818 1846 2872 fuisse.

249 2912 527 2967 Resumant
572 2928 809 2983 precum
858 2928 1091 2966 suarum
1140 2911 1362 2978 tubam,
1420 2912 1521 2966 sed
1566 2929 1679 2983 qua
1733 2929 1850 2967 non

248 3005 481 3061 bellicum
532 3007 842 3077 clangent;
894 3012 1123 3060 arment
1166 3023 1225 3060 se
1279 3006 1511 3077 quidem
1558 3007 1849 3061 modestiae

250 3099 371 3165 telis,
399 3106 451 3154 et
491 3116 668 3172 quem
707 3100 969 3170 negando
1016 3100 1214 3154 mortis
1253 3106 1410 3154 metu
1453 3100 1584 3154 ﬁdei
1617 3100 1848 3155 dimise-

251 3196 355 3246 rant
375 3195 639 3265 clypeum
670 3198 981 3261 resumaut,
1012 3194 1107 3248 sed
1150 3199 1211 3247 ut
1253 3199 1447 3248 contra
1490 3193 1713 3248 hostem
1742 3195 1851 3248 dia-

252 3284 413 3341 bolum
440 3288 525 3343 vel
550 3304 709 3341 nunc
740 3287 968 3357 armati,
1000 3304 1114 3340 non
1144 3292 1341 3341 contra
1368 3287 1694 3354 Ecclesiam,
1724 3304 1851 3358 qua:

251 3378 451 3437 illorum
501 3383 663 3437 dolet
713 3397 893 3448 casus,
950 3385 1201 3435 armatos
1266 3396 1387 3436 esse
1455 3397 1513 3435 se
1589 3381 1849 3437 credant.

1943 380 2078 434 latio
2146 378 2495 443 verecunda,
2553 378 2846 433 humilitas
2894 380 3242 449 necessaria,
3291 380 3566 450 patientia

1941 495 2054 533 non
2089 478 2291 532 otiosa.
2330 476 2549 531 Mittant
2590 478 2801 545 legatos
2833 478 2936 548 (56)
2974 494 3074 548 pro
3124 478 3237 532 suis
3274 477 3565 532 doloribus

1940 572 2239 643 lacrymas,
2269 571 2632 625 advocatione
2665 571 2977 640 fungantur
3005 588 3076 625 ex
3104 572 3308 625 intimo
3337 574 3564 642 pectore

1941 666 2145 736 prolati
2182 664 2449 736 gemitus,
2484 664 2741 718 dolorem
2784 664 3088 734 probantes
3135 665 3424 720 commissi
3457 665 3562 721 cri-

1943 759 2117 814 minis
2145 762 2201 813 et
2235 758 2533 828 pudorem.

2015 854 2123 907 VII.
2181 854 2319 919 lmo,
2389 852 2432 905 si
2488 851 2781 907 dedecoris
2830 852 3057 906 admissi
3112 853 3566 923 magnitudinem

1941 947 2407 1017 perhorrescunt,
2466 945 2511 998 si
2553 946 2801 1016 pectoris
2846 948 2903 999 et
2945 945 3305 1001 conscientiae
3349 947 3567 1001 suaele-

1946 1040 2157 1095 thalem
2204 1040 2428 1110 plagam
2480 1042 2536 1093 et
2582 1039 2795 1093 sinuosi
2837 1040 3088 1093 vulneris
3132 1040 3277 1093 altos
3322 1056 3572 1095 recessus

1940 1150 2075 1187 vere
2103 1133 2317 1187 medica
2350 1150 2524 1186 manu
2552 1135 2810 1200 tractant,
2861 1133 3209 1188 erubescant
3237 1136 3294 1187 et
3340 1136 3531 1204 petere
3554 1152 3570 1203 ;

1942 1228 2049 1281 nisi
2077 1228 2207 1297 quia
2239 1227 2471 1296 majoris
2501 1232 2585 1280 est
2622 1243 2852 1281 rursum
2893 1231 2949 1281 ct
2992 1227 3227 1296 periculi
3260 1232 3317 1281 et
3340 1227 3574 1298 pudoris

1941 1321 2215 1375 auxilium
2244 1320 2398 1390 pacis
2430 1337 2545 1374 non
2575 1320 2802 1391 petiisse
2836 1337 2848 1373 :
2880 1320 2981 1374 sed
3033 1322 3141 1375 hoc
3179 1324 3359 1374 totum
3398 1321 3456 1374 in
3483 1338 3571 1374 sa—

1942 1419 2253 1481 cramento,
2281 1414 2374 1468 sed
2404 1414 2461 1467 in
2491 1414 2669 1484 ipsius
2690 1413 3092 1484 postulationis
3120 1415 3269 1484 lege,
3301 1414 3575 1485 temporis

1940 1508 2092 1563 facto
2126 1511 2602 1579 temperamento,
2643 1507 2739 1561 sed
2772 1507 3152 1577 postulatione
3183 1507 3446 1575 demissa,
3477 1508 3574 1563 sed

1942 1617 2111 1671 prece
2140 1601 2383 1663 subdita,
2419 1601 2691 1671 quoniam
2720 1606 2775 1655 et
2802 1601 2901 1671 qui
2928 1600 3145 1672 petitur
3197 1599 3348 1655 ﬂecti
3381 1600 3572 1667 debet,

1942 1711 2055 1749 non
2103 1695 2436 1762 incitari”;
2488 1700 2543 1747 et
2592 1695 2735 1750 sicut
2770 1694 2972 1765 respici
3019 1694 3187 1749 debet
3231 1694 3421 1749 divina
3458 1695 3575 1749 cle-

1942 1789 2179 1857 mentia,
2222 1790 2301 1842 sic
2340 1788 2543 1859 respici
2598 1788 2767 1842 debet
2820 1792 2876 1842 et
2933 1787 3125 1841 divina
3192 1804 3472 1858 censura;
3522 1795 3578 1843 et

1942 1883 2088 1937 sicut
2117 1882 2392 1953 scriptum
2424 1886 2509 1936 est
2537 1898 2549 1936 :
2583 1884 2801 1936 Donavi
2830 1882 2932 1935 tibi
2960 1897 3113 1936 omne
3159 1882 3421 1951 debitum,
3450 1884 3579 1951 quia

1942 1992 2023 2031 me
2066 1978 2278 2045 rogasti
2331 1976 2576 2045 (Matth.,
2628 1992 2775 2044 xvni,
2829 1976 2941 2046 32),
2993 1976 3069 2030 sic
3117 1975 3389 2046 scriptum
3447 1981 3573 2030 est:

1945 2072 2049 2137 Qui
2110 2085 2192 2124 me
2226 2072 2504 2137 negaverit
2548 2086 2730 2125 coram
2781 2070 3103 2136 hominibus,
3150 2070 3352 2136 negabo
3391 2076 3442 2123 et
3486 2086 3577 2137 ego

1944 2180 2064 2219 eum
2092 2179 2276 2218 comm
2304 2166 2469 2219 Patre
2494 2180 2607 2219 meo
2648 2168 2697 2218 et
2731 2178 2910 2218 coram
2954 2163 3159 2233 angelis
3203 2164 3313 2233 ejus
3338 2164 3577 2235 (Mutth.,

1944 2275 1998 2323 x,
2030 2257 2140 2327 33).
2170 2260 2316 2313 Deus
2344 2257 2503 2312 enim
2529 2263 2589 2311 ut
2617 2262 2703 2312 est
2733 2256 3060 2329 indulgens,
3090 2256 3166 2311 ita
3196 2260 3282 2312 est
3318 2274 3575 2329 praecep-

1946 2355 2136 2405 torum
2187 2368 2424 2406 suorum
2485 2356 2734 2421 exactor,
2795 2354 2852 2405 et
2904 2350 3139 2422 quidem
3195 2351 3476 2423 diligens;
3526 2358 3581 2406 et

1946 2444 2091 2498 sicut
2116 2445 2183 2499 ad
2225 2444 2551 2499 convivium
2590 2444 2698 2515 (57)
2724 2447 2906 2511 vocat,
2937 2443 3017 2498 sic
3045 2443 3311 2499 habitum
3351 2445 3578 2515 nuptia-

1947 2554 2075 2592 rum
2116 2554 2234 2593 non
2283 2537 2595 2592 habentem
2618 2538 2664 2572 7°
2707 2537 2896 2608 ligatis
2940 2537 3200 2593 manibus
3245 2543 3301 2593 et
3342 2538 3583 2608 pedibus

1950 2634 2106 2686 extra
2133 2635 2461 2687 sanctorum
2493 2637 2702 2687 coetum
2721 2632 2868 2686 foras
2890 2632 3096 2703 jactat.
3118 2632 3339 2686 Paravit
3352 2633 3579 2699 ccelum,

1950 2726 2045 2779 sed
2092 2726 2306 2795 paravit
2352 2730 2409 2780 et
2457 2727 2795 2780 Tartarum:
2852 2726 3079 2797 paravit
3122 2724 3442 2796 refrigeria,
3488 2727 3585 2781 sed

1951 2819 2167 2891 paravit
2196 2820 2366 2873 etiam
2400 2824 2614 2874 aeterna
2641 2818 2923 2891 supplicia
2973 2836 2985 2874 :
3033 2820 3257 2889 paravit
3287 2819 3583 2874 inaccessi-

1949 2913 2121 2968 bilem
2162 2914 2367 2981 lucem,
2418 2914 2520 2967 sed
2567 2914 2783 2984 paravit
2838 2914 3012 2967 etiam
3070 2916 3356 2985 perpetua:
3403 2914 3586 2969 noctis

1952 3011 2168 3062 vastam
2197 3010 2594 3078 aeternamque
2618 3007 2665 3041 ⁸ο
2694 3007 3015 3078 caliginem.

2022 3103 2159 3155 VIII.
2208 3101 2377 3171 Cujus
2424 3100 2863 3172 temperamenti
2909 3100 3283 3157 moderamen
3342 3120 3443 3156 nos
3493 3103 3587 3158 hic

1953 3198 2148 3250 tenere
2179 3200 2502 3265 quaerentes
2532 3196 2649 3262 diu,
2682 3200 2737 3249 et
2777 3196 3012 3267 quidem
3054 3196 3239 3263 multi,
3268 3201 3323 3251 et
3352 3198 3585 3267 quidem

1957 3305 2087 3342 cum
2130 3288 2466 3359 quibusdam
2512 3290 2792 3361 episcopis
2834 3289 3033 3344 vicinis
3067 3290 3175 3362 (58)
3222 3290 3384 3345 nobis
3414 3296 3471 3346 et
3498 3308 3592 3362 ap-

1953 3382 2497 3454 prOpinquantibus,
2527 3388 2584 3438 et
2609 3400 2749 3455 quos
2794 3401 2859 3438 ex
2914 3384 3038 3438 aliis
3080 3385 3384 3455 provinciis
3422 3386 3592 3456 longe

1600 3497 1813 3563 Variae.
1876 3498 2213 3563 lectiones.

302 3613 421 3666 "Ut
473 3616 789 3667 transiliant
836 3618 982 3665 vctu:
1035 3616 1222 3664 innom.
1276 3616 1417 3679 Spir.
1514 3613 1556 3649 ⁷³
1587 3615 1755 3667 Citari
1810 3617 1920 3666 Lin.

259 3686 353 3735 Vat.

1988 3616 2029 3649 79
2081 3618 2203 3669 Non
2248 3618 2577 3669 habentium
2626 3631 2829 3668 manus
2884 3617 3013 3668 Bod.
3060 3620 3105 3669 1.
3207 3617 3246 3650 ⁸ο
3272 3616 3343 3669 Et
3400 3621 3595 3671 tetram

1513 3749 1734 3832 Steph.
1783 3750 2029 3815 Baluzii
2073 3757 2272 3816 notm.

255 3862 509 3920 Commdia
536 3869 768 3932 Queroli
801 3884 813 3919 :
857 3886 885 3915 «
911 3868 982 3919 Et
1020 3881 1123 3919 nos
1169 3869 1274 3932 ipsi
1303 3869 1469 3919 funus
1496 3869 1633 3919 illud
1674 3870 1863 3921 nescio

254 3952 344 4001 quo
371 3942 700 3993 ferebamus.
732 3957 761 3990 »
797 3940 1063 3991 Sidonius
1096 3940 1189 3990 lib.
1221 3954 1321 4002 vn,
1359 3942 1516 4004 epist.
1550 3943 1607 3990 17
1648 3956 1659 3989 :
1692 3960 1720 3987 «
1746 3941 1865 3992 Sibi

254 4014 500 4062 maximus
536 4012 849 4062 honorandi
888 4012 1100 4061 funeris
1145 4016 1328 4074 partes
1367 4013 1487 4075 ipse
1530 4014 1787 4077 praeripit.
1834 4032 1861 4058 »

255 4082 383 4133 Idem
421 4086 667 4135 carmine
707 4098 809 4135 xvr
846 4089 1094 4134 extremo
1125 4100 1136 4132 :
1163 4100 1192 4132 «
1221 4084 1334 4135 Seu
1370 4098 1530 4148 mage
1573 4085 1863 4135 funeribus

255 4161 468 4205 mentem
494 4158 794 4206 distractus
819 4155 1133 4205 humandis.
1174 4170 1204 4202 »
1234 4155 1617 4214 Cassiodorus,
1647 4156 1742 4205 lib.
1786 4170 1862 4217 III,

255 4227 391 4286 epist.
438 4230 493 4277 t9
537 4244 549 4275 :
596 4245 625 4274 α
664 4229 825 4277 Areas
875 4226 942 4276 ad
990 4226 1345 4277 recondenda
1393 4227 1603 4276 funera.
1651 4246 1678 4273 »
1726 4230 1865 4277 Acta

258 4294 464 4347 Concilii
507 4300 849 4363 Bagaieusis,
902 4316 930 4343 «
969 4298 1327 4348 Pereuntium
1371 4298 1661 4348 funeribus
1703 4298 1864 4361 plena

256 4373 363 4417 sunt
395 4370 589 4419 littora.
632 4388 661 4416 »
701 4370 990 4419 Liberatus
1030 4382 1149 4431 cap.
1197 4370 1251 4418 11
1294 4368 1532 4432 loquens
1574 4369 1642 4418 de
1690 4374 1865 4418 morte

2026 3873 2126 3935 (55)
2156 3873 2483 3923 Pwnitentia.
2523 3874 2702 3921 Antea
2733 3870 3020 3933 legebatur
3044 3870 3417 3935 pwnitentiam,
3446 3886 3597 3923 eam-

1964 3958 2074 4008 que
2097 3946 2396 3995 lectionem
2428 3944 2756 3994 confirmant
2775 3945 2989 3992 veteres
3016 3942 3287 3992 editiones
3307 3947 3360 3993 et
3384 3950 3596 4009 septem

1962 4021 2148 4067 vetera
2189 4015 2541 4079 exemplaria.
2576 4015 2850 4075 Nostram,
2892 4025 3021 4075 qum
3054 4011 3276 4062 videtur
3317 4027 3437 4064 esse
3478 4028 3597 4064 me-

1963 4087 2084 4146 lior,
2117 4087 2451 4138 confirmant
2477 4089 2588 4135 tres
2616 4085 2831 4148 antiqui
2856 4083 3094 4134 codices.

2027 4159 2147 4222 (56)
2212 4160 2424 4209 Mittunt
2490 4158 2695 4223 legatos.
2766 4156 3143 4207 Tertullianus
3209 4156 3265 4205 in
3330 4154 3471 4205 libro
3538 4158 3601 4206 de

1965 4231 2299 4292 Pwm’tentia,
2342 4246 2369 4276 «
2417 4229 2765 4292 Presbyteris
2808 4228 3028 4278 advolvi
3072 4232 3126 4277 et
3172 4228 3316 4279 caris
3357 4228 3457 4277 Dei
3502 4228 3600 4277 ad-

1964 4301 2288 4365 geniculari,
2346 4300 2608 4349 fratribus
2664 4300 2969 4363 legationes
3019 4298 3422 4362 deprecationis
3482 4311 3599 4349 sua:

1964 4374 2272 4436 injungere.
2305 4390 2332 4417 »

259 4436 458 4489 Proterii
483 4442 727 4505 epiSCOpi
761 4425 1124 4490 Alexandrini
1156 4454 1167 4487 :
1204 4456 1233 4488 (ς
1266 4425 1569 4501 Occiditur,
1606 4440 1862 4499 laniatur,
1885 4425 1944 4497 D
2024 4425 2160 4506 (57f
2196 4443 2519 4492 Convivium.
2582 4444 2659 4491 lta
2736 4442 3005 4505 scriptum
3079 4444 3163 4491 est
3226 4442 3284 4489 in
3359 4440 3602 4492 editione

258 4510 465 4571 ejicitur,
525 4517 583 4562 et
635 4513 807 4561 funus
864 4512 980 4573 ejus
1032 4511 1381 4570 incenditur;
1429 4515 1763 4574 sparguntur
1812 4516 1865 4561 et

258 4581 444 4631 cineres
468 4585 587 4645 ejus
610 4584 665 4632 in
695 4586 910 4634 ventos.
940 4600 967 4626 »
992 4582 1283 4631 Assentior
1310 4583 1559 4632 Livineio
1588 4587 1643 4631 et
1668 4582 1865 4632 Acida-

259 4648 336 4705 lio,
364 4654 453 4715 qui
480 4667 579 4717 pro
610 4667 677 4704 eo
707 4653 856 4717 quod
892 4653 1038 4716 apud
1078 4654 1418 4717 Drepanium
1446 4656 1503 4702 in
1528 4653 1865 4716 panegyrico

260 4720 532 4774 Theodosii
577 4728 643 4774 A.
694 4726 916 4788 legitur,
950 4742 978 4769 «
1008 4725 1408 4774 Damnatorum
1437 4726 1593 4774 frena
1629 4727 1865 4774 tractas-

258 4800 381 4854 sent,
408 4816 433 4840 ››
461 4800 664 4861 putant
691 4796 1069 4860 reponendum
1100 4810 1223 4847 esse
1250 4797 1460 4859 funera.

312 4866 398 4927 (52)
430 4868 792 4918 Ecclesiastico
824 4869 1047 4918 nomini.
1094 4869 1172 4917 Ita
1212 4882 1315 4918 nos
1352 4869 1720 4932 reposuimus,
1749 4866 1866 4917 edi—

262 4934 445 4986 tionem
470 4939 835 5002 Anglicanam
867 4944 921 4989 et
944 4940 1328 4989 auctoritatem
1368 4940 1738 5003 quorumdam
1775 4951 1869 4987 ve-

260 5007 417 5056 terum
457 5010 725 5060 librorum
769 5012 962 5061 secuti.
994 5011 1053 5060 Si
1096 5012 1221 5073 quis
1266 5015 1444 5061 tamen
1486 5011 1669 5074 legere
1711 5010 1869 5059 malit

259 5086 462 5136 nomine,
484 5093 599 5129 11011
636 5094 901 5143 repugno.

312 5148 401 5207 (53)
447 5151 564 5199 Non
602 5156 1035 5201 momentaneam.
1086 5151 1205 5201 Non
1253 5154 1401 5202 enim
1436 5152 1582 5201 lenta
1626 5150 1870 5203 remedia

260 5227 348 5267 nec
373 5232 567 5284 segnes
606 5222 851 5273 medicos
890 5228 1159 5287 expetunt
1199 5224 1453 5286 quaedam
1498 5230 1765 5287 tempora,
1809 5226 1869 5271 ut

262 5290 384 5350 δρυᾱ
451 5292 515 5354 Q.
586 5293 841 5344 Curtium
901 5295 995 5344 lib.
1057 5308 1113 5344 IlI
1165 5295 1234 5345 de
1286 5307 1345 5345 se
1402 5295 1583 5345 aiebat
1636 5306 1870 5357 magnus

262 5360 563 5430 Alexander.
608 5365 701 5416 Sic
744 5367 803 5415 in
854 5367 1084 5430 epistola
1130 5366 1351 5417 concilii
1398 5366 1873 5417 Chalcedonensis

261 5428 317 5477 ad
348 5434 696 5498 imperatores
736 5439 795 5488 in
833 5428 1078 5489 editione
1116 5439 1329 5489 Rustici
1370 5439 1585 5491 diaconi
1628 5441 1868 5503 legitur:

265 5521 287 5543 α
310 5503 507 5569 Magnae
537 5510 819 5571 passiones
844 5514 898 5561 et
923 5511 1331 5561 medicamenta
1361 5511 1518 5561 fortia
1548 5516 1601 5562 et
1626 5512 1875 5562 medicos

265 5574 489 5644 indigent
519 5586 810 5646 sapientes.
836 5604 865 5630 »

319 5649 405 5713 (54)
436 5654 762 5705 Desiderare.
789 5658 916 5707 Duo
943 5658 1069 5710 libri
1102 5663 1315 5711 veteres
1348 5659 1557 5711 habent
1590 5676 1619 5710 α
1647 5657 1874 5709 deside-

266 5731 370 5774 rare
397 5723 591 5779 debere
621 5728 971 5781 medicinam.
1010 5748 1038 5779 ι»

1964 4514 2287 4565 Morelliana
2322 4519 2379 4564 et
2411 4515 2467 4563 in
2512 4513 2689 4562 tribus
2736 4513 2985 4576 antiquis
3027 4511 3334 4561 codicibus.
3372 4511 3601 4562 Veteres

1966 4586 2236 4635 editiones
2282 4590 2336 4634 et
2379 4585 2631 4647 quinque
2684 4583 2809 4632 libri
2863 4587 3080 4633 veteres
3130 4581 3431 4644 praeferunt
3476 4595 3600 4632 con-

1965 4671 2127 4706 mmo.

2028 4729 2125 4789 (58)
2161 4727 2435 4791 Episcopis
2473 4726 2678 4776 vicinis.
2729 4725 2837 4787 Qui
2886 4737 3015 4773 cum
3057 4725 3314 4776 viderent
3355 4724 3601 4774 diversas

1967 4813 2090 4849 esse
2152 4800 2207 4848 in
2268 4797 2519 4849 Ecclesia
2576 4796 2781 4846 Christi
2838 4795 3127 4858 opiniones
3182 4797 3329 4845 circa
3380 4796 3603 4859 lapsos,

1968 4870 2351 4921 existimarent
2427 4872 2611 4917 autem
2694 4867 2891 4917 orienti
2966 4867 3114 4917 malo
3192 4868 3604 4920 occurrendum

1968 4954 2118 5001 esse,
2187 4942 2412 4990 Romam
2479 4940 2863 4989 commearunt
2926 4941 2988 4986 ut
3048 4937 3117 4988 de
3178 4951 3368 4988 eorum
3436 4952 3607 4992 causa

1969 5016 2283 5062 tractarent.
2336 5009 2516 5061 Causa
2570 5009 2883 5060 communis
2932 5014 3075 5070 erat,
3122 5023 3247 5073 quae
3290 5023 3612 5062 commove-

1970 5083 2062 5133 bat
2103 5084 2419 5133 universam
2460 5082 2786 5131 Ecclesiam.
2839 5080 3103 5130 Sciebant
3142 5085 3324 5131 autem
3371 5081 3450 5131 illi
3493 5084 3609 5133 εἰη-

1970 5155 2115 5219 gulis
2149 5154 2423 5217 episc0pis
2458 5151 2780 5202 incumbere
2810 5155 2871 5199 ut
2908 5150 3235 5215 provideant
3266 5166 3336 5203 ne
3380 5154 3515 5217 quid
3547 5168 3612 5204 ea

1971 5226 2154 5289 capiat
2217 5224 2552 5275 detrimenti.
2624 5224 2818 5286 Itaque
2885 5236 2955 5271 ex
3020 5227 3309 5286 compacto
3374 5223 3610 5274 Romam

1971 5297 2224 5362 profecti,
2268 5309 2379 5345 non
2434 5308 2566 5345 vero
2620 5295 2921 5344 convocati
2968 5308 2997 5343 a
3032 5294 3181 5344 clero
3232 5294 3499 5356 Romano,
3551 5302 3616 5347 ut

1972 5369 2186 5432 putavit
2250 5368 2548 5428 Barouius,
2615 5364 2893 5430 synodum
2959 5378 3090 5415 cum
3156 5366 3494 5429 presbyteris
3560 5371 3614 5416 et

1973 5440 2223 5490 diaconis
2256 5439 2465 5488 urbicis
2508 5437 2959 5498 celebraverunt,
2997 5440 3060 5486 ut
3102 5437 3319 5487 ﬁrmato
3359 5436 3616 5499 consilio,

1975 5511 2446 5575 quemadmodum
2507 5510 2701 5560 scribit
2754 5510 2811 5558 in
2870 5508 3100 5572 epistola
3151 5506 3215 5557 40
3269 5507 3616 5572 Cyprianus,

1974 5583 2109 5648 quid
2183 5583 2329 5634 circa
2408 5595 2701 5647 personam
2776 5593 2969 5631 eorum
3044 5579 3326 5630 observari
3394 5576 3626 5648 deberet

1975 5647 2253 5705 consensu
2296 5655 2549 5704 omnium
2598 5656 2953 5705 statueretur.
2996 5650 3147 5702 Hinc
3192 5649 3417 5715 collegit
3458 5647 3624 5696 Baro-

1975 5730 2103 5781 nius
2154 5727 2458 5781 concilium
2511 5738 2579 5779 eo
2628 5729 2880 5794 tempore
2926 5720 3193 5779 habitum
3242 5733 3275 5769 a
3315 5721 3471 5779 clero
3520 5716 3636 5768 Rm
