4160 6216
493 242 594 293 323

1405 235 1460 289 8.
1502 233 1819 290 CYPRIANI
1859 232 2132 287 ()PERUM
2174 229 2344 286 PARS
2369 232 2423 283 ‘l.
2466 260 2533 269 —
2574 228 2930 285 EPISTOLE.

3742 225 3847 281 324

493 365 688 435 positis
718 362 1128 436 persecutionis
1156 361 1319 415 istius
1345 361 1517 414 ardor
1542 360 1810 429 ejecerat,
1832 363 1962 413 ante
1991 374 2124 414 con-
2145 373 2202 444 Α
2297 354 2488 428 316
2522 357 2732 410 litteras
2767 357 2897 410 cieri
2939 354 3169 409 Romani
3205 359 3257 407 et
3303 352 3568 422 Cypriani
3593 367 3859 422 responsa

495 459 844 513 stitutionem
882 455 999 527 31
1017 454 1074 526 5
1107 454 1353 524 episcopi
1381 454 1522 507 nihil
1548 453 1933 507 innovandum
1956 457 2119 522 puta-

494 552 696 619 vimus,
726 551 825 604 sed
854 551 1144 620 lapsorum
1174 565 1370 603 curam
1399 547 1766 603 mediocriter
1792 549 2121 617 temperan-

492 647 620 700 dam
671 659 790 698 esse
833 643 1166 711 credimus;
1237 646 1302 696 ut
1344 637 1595 708 interim,
1648 640 1784 695 dum
1826 639 2123 710 episcopus

495 739 615 793 dari
671 754 704 792 a
746 739 860 792 Deo
933 736 1097 791 nobis
1167 737 1498 798 sustinetur,
1575 734 1634 788 in
1697 749 1965 803 suspenso
2017 735 2120 799 (59)

494 848 694 885 eorum
747 832 844 901 qui
895 846 1082 884 moras
1138 835 1372 899 possunt
1423 830 1525 898 (60)
1590 827 1873 880 dilationis
1951 825 2118 880 susti-

495 942 629 980 nere
679 940 843 979 causa
890 928 1170 990 teneatur,
1227 940 1422 976 eorum
1468 925 1658 975 autem
1704 936 1948 991 quorum
2000 919 2122 973 vitae

493 1036 608 1072 suae
637 1020 808 1073 ﬁnem
841 1034 1052 1087 urgens
1079 1015 1262 1069 exitus
1289 1015 1621 1068 dilationem
1651 1031 1768 1068 non
1801 1019 1990 1084 potest
2014 1013 2124 1066 fer-

494 1129 575 1181 re,
606 1117 732 1166 acta
758 1110 1088 1182 paenitentia
1118 1113 1175 1163 et
1216 1108 1469 1178 professa
1513 1109 1847 1179 frequenter
1891 1122 2123 1161 suorum

494 1205 868 1260 detestatione
894 1205 1193 1271 factorum,
1233 1202 1279 1255 si
1306 1202 1588 1272 lacrymis,
1626 1201 1672 1254 si
1723 1199 2044 1272 gemitibus,
2079 1199 2125 1254 si

494 1298 722 1353 ﬂetibus
771 1298 1017 1353 dolentis
1066 1313 1128 1350 ac
1184 1312 1314 1351 vere
1361 1295 1687 1366 paenitentis
1737 1293 1916 1348 animi
1959 1294 2126 1363 signa

494 1391 871 1463 prodiderint,
904 1407 1032 1445 cum
1071 1406 1197 1460 spes
1232 1388 1454 1443 vivendi
1489 1388 1801 1442 secundum
1831 1385 2125 1442 hominem

493 1486 646 1539 nulla
669 1484 1006 1550 substiterit,
1040 1483 1116 1537 ita
1145 1483 1376 1537 demum
1407 1487 1566 1536 caute
1605 1486 1663 1536 et
1707 1481 1945 1536 sollicite
1989 1480 2122 1534 sub-

494 1578 697 1647 veniri,
727 1579 841 1632 Deo
889 1577 1014 1647 ipso
1069 1576 1279 1632 sciente
1321 1575 1458 1647 quid
1506 1576 1574 1631 de
1622 1575 1826 1630 talibus
1871 1575 2045 1628 faciat
2071 1579 2127 1628 et

495 1672 741 1744 qualiter
760 1671 960 1741 judicii
985 1670 1071 1725 sui
1098 1671 1389 1724 examinet
1418 1669 1694 1740 pondera,
1739 1668 1898 1723 nobis
1929 1672 2124 1722 tamen

2294 449 2739 503 communicanda
2768 453 2936 502 curet.

2291 543 2602 612 Cyprianus
2655 541 3002 612 presbyteris
3072 546 3128 595 et
3193 538 3523 594 diaconibus
3580 538 3858 592 fratribus

2224 635 2484 689 salutem.
2525 635 2729 698 Quales
2754 635 2969 690 litteras
2995 634 3065 688 ad
3108 633 3323 688 clerum
3365 635 3556 688 Romae
3583 637 3856 703 agentem

2223 729 2477 797 fecerim,
2547 728 2802 799 quidque
2870 727 2953 782 illi
3029 727 3169 782 mihi
3247 725 3659 797 rescripserint,
3715 725 3858 796 quid

2225 822 2398 875 etiam
2425 823 2636 892 Moyses
2664 826 2718 876 et
2754 821 3028 876 Maximus
3067 820 3380 892 presbyteri
3409 823 3466 876 et
3507 819 3859 873 Nicostratus

2225 917 2281 969 et
2310 915 2546 969 Rufinus
2579 916 2624 948 ⁸²
2663 915 2881 969 diaconi
2908 921 2964 968 et
2990 913 3177 968 caeteri
3219 929 3349 968 cum
3387 914 3469 967 eis
3502 913 3860 967 confessores

2224 1009 2284 1062 in
2324 1009 2581 1063 custodia
2623 1007 2935 1074 constituti,
2979 1024 3139 1079 aeque
3189 1007 3262 1062 ad
3305 1008 3520 1061 litteras
3570 1023 3725 1061 meas
3769 1022 3858 1060 re-

2226 1101 2582 1172 scripserint,
2627 1107 2694 1156 ut
2744 1103 2884 1156 scire
2939 1101 3201 1172 possetis,
3264 1101 3466 1155 fratres
3518 1099 3858 1164 charissimi,

2227 1196 2485 1266 exempla
2515 1195 2674 1250 vobis
2704 1195 2955 1266 legenda
2984 1194 3293 1250 transmisi.
3323 1195 3428 1247 Vos
3452 1197 3644 1248 curate
3670 1209 3858 1263 quan-

2226 1294 2349 1342 tum
2384 1289 2615 1359 potestis
2639 1305 2742 1359 pro
2769 1288 3062 1360 diligentia
3087 1292 3276 1342 vestra
3321 1292 3380 1341 ut
3427 1287 3635 1357 scripta
3665 1291 3860 1340 nostra

2228 1387 2286 1436 et
2302 1382 2537 1436 illorum
2559 1382 2835 1453 rescripta
2848 1380 3703 1437 fratribusnostrisinnotescant
3723 1379 3857 1450 (64).

2226 1476 2332 1530 Sed
2358 1479 2414 1529 et
2441 1477 2485 1528 si
2520 1476 2618 1546 qui
2647 1476 2717 1530 de
2759 1476 3082 1546 peregrinis
3121 1474 3368 1545 episcopi
3387 1474 3434 1509 ⁸³
3480 1473 3591 1544 (65)
3627 1474 3862 1543 collegae

2227 1569 2361 1634 mei,
2389 1570 2475 1623 vel
2503 1569 2844 1640 presbyteri,
2878 1570 2965 1622 vel
3001 1568 3270 1623 diacones
3291 1569 3337 1602 ⁸⁸
3384 1570 3697 1638 praesentes
3731 1565 3858 1620 fue-

2227 1662 2342 1716 rint
2362 1664 2448 1716 vel
2477 1661 2935 1733 supervenerint,
2964 1663 3084 1716 haec
3109 1662 3305 1716 omnia
3331 1661 3401 1716 de
3425 1661 3584 1715 vobis
3604 1659 3858 1725 audiant;

497 1766 607 1838 (6i)
662 1765 834 1820 anxie
886 1764 1218 1819 curantibus
1264 1770 1470 1818 utnec
1510 1765 1554 1797 εί
1594 1779 1838 1834 pronam
1874 1767 2125 1816 nostram
2152 1739 2285 1810 Bet
2339 1757 2382 1810 si
2433 1757 2686 1827 exempla
2734 1755 3103 1828 epistolarum
3156 1754 3537 1809 transcribere
3569 1755 3614 1787 ⁸³⁵
3673 1757 3730 1806 et
3787 1753 3860 1806 ad

492 1860 743 1930 improbi
778 1859 1041 1912 homines
1070 1857 1306 1912 laudent
1330 1857 1681 1924 facilitatem,
1711 1873 1817 1910 nec
1846 1873 1978 1910 vere
2008 1872 2124 1927 pos-

495 1953 746 2007 nitentcs
793 1957 1056 2006 accusent
1113 1955 1362 2005 nostram
1419 1951 1576 2022 quasi
1623 1951 1829 2005 duram
1881 1951 2124 2004 crudeli-

496 2049 689 2100 tatem.
724 2046 995 2116 Optamus
1021 2045 1132 2115 (62)
1159 2050 1235 2110 te,
1269 2043 1592 2099 beatissime
1625 2061 1690 2098 ac
1718 2044 2126 2115 gloriosissime

494 2156 660 2211 papa,
725 2139 783 2192 in
838 2140 1077 2193 Domino
1131 2154 1358 2208 semper
1407 2137 1549 2192 bene
1607 2138 1790 2192 valere
1845 2141 1901 2192 et
1949 2139 2126 2192 nostri

497 2233 826 2287 meminisse
839 2273 851 2285 .

957 2352 1282 2407 EPISTULA
1311 2353 1493 2407 XXXII
1531 2352 1660 2422 (63).

494 2471 734 2536 (Erasm.,
775 2485 853 2534 ιιι,
899 2477 960 2535 In;
996 2472 1210 2534 Pamel.,
1261 2471 1464 2606 Rigal)t.,
1507 2473 1696 2532 Baluz.,
1731 2473 1920 2528 Oxon.,
1969 2472 2125 2535 Lips.,

1222 2552 1386 2594 xxxx).

1222 2552 1386 2594 XXXII.

566 2675 636 2712 AD
675 2673 885 2712 CLERUM
926 2673 1402 2712 CARTHAGINENSEM
1445 2673 1510 2711 DE
1551 2673 1721 2711 MISSIS
1761 2673 1948 2712 ROMAM
1995 2674 2054 2711 ET

958 2767 1204 2805 ACCEPTIS
1247 2767 1372 2806 INDE
1402 2767 1656 2805 LITTERIS.

563 2875 964 2928 ARGUMENTUM.
997 2901 1064 2910 —
1089 2872 1336 2926 Monetur
1376 2871 1546 2925 clerus
1595 2869 2037 2940 Carthaginiensis
2066 2879 2125 2929 ut

2229 1866 2361 1904 suos
2389 1851 2499 1920 (66)
2531 1850 2785 1920 perferre
2831 1849 3134 1918 voluerint,
3171 1849 3500 1904 facultatem
3548 1846 3858 1916 transcrip-

2229 1943 2401 1997 tionis
2446 1944 2729 2014 accipiant
2776 1961 2788 1998 :
2840 1943 3096 2014 quamvis
3144 1949 3200 1997 et
3252 1945 3453 1998 Saturo
3501 1940 3694 1996 lectori
3751 1942 3862 2010 (67)

2228 2037 2391 2091 fratri
2421 2041 2614 2092 nostro
2645 2038 2690 2073 ³⁵
2719 2037 3110 2092 mandaverim
3152 2040 3218 2091 ut
3248 2036 3485 2107 singulis
3531 2035 3865 2090 desideran-

2228 2131 2379 2185 tibus
2425 2131 2784 2186 describendi
2827 2131 3000 2184 faciat
3064 2134 3424 2201 potestatem,
3467 2133 3530 2182 ut
3577 2130 3636 2183 in
3688 2127 3868 2182 eccle-

2228 2224 2442 2278 siarum
2482 2230 2631 2280 statu
2683 2241 2912 2296 quoquo
2956 2224 3128 2278 modo
3190 2223 3418 2278 interim
3465 2221 3864 2292 componendo

2228 2323 2488 2373 servetur
2517 2318 2588 2372 ab
2617 2318 2883 2373 omnibus
2917 2334 3032 2372 una
3075 2321 3130 2372 et
3166 2317 3278 2372 ﬁda
3306 2318 3351 2351 ³⁷
3381 2316 3488 2388 (68)
3533 2315 3860 2371 consensio.

2228 2412 2302 2466 De
2330 2411 2546 2466 caeteris
2573 2427 2708 2466 vero
2741 2427 2872 2482 quas
2898 2411 3116 2482 agenda
3153 2416 3339 2477 erant,
3370 2410 3517 2464 sicut
3543 2415 3599 2464 et
3624 2409 3862 2479 collegis

2227 2505 2370 2558 meis
2398 2503 2586 2578 317
2631 2505 2893 2576 plurimis
2924 2504 3141 2576 scripsi,
3189 2504 3408 2576 plenius
3444 2503 3678 2558 concilio
3707 2518 3865 2557 com-

2226 2596 2388 2649 muni
2421 2595 2787 2650 tractabimus
2815 2595 3044 2666 quando
3073 2593 3372 2648 convenire
3398 2593 3506 2663 (69)
3551 2592 3610 2647 in
3653 2607 3860 2658 unum,

2227 2688 2594 2758 permittente
2623 2688 2884 2754 Domino,
2929 2688 3289 2759 ceperimus.
3322 2687 3468 2757 Opto
3503 2703 3615 2755 vos,
3655 2685 3866 2739 fratres

2224 2782 2539 2836 charissimi
2569 2798 2632 2836 ac
2665 2782 3157 2848 desideratissimi,
3185 2797 3414 2852 semper
3452 2781 3600 2835 bene
3643 2780 3860 2834 valere.

2228 2875 2658 2930 li‘raternitatem
2687 2875 2944 2929 salutate.
2971 2875 3181 2930 Valete.

1863 2979 2071 3044 Varias
2132 2981 2467 3045 lectiones.

577 3086 622 3118 εί
647 3086 720 3137 Ut
746 3086 802 3135 in
832 3099 897 3135 eo
925 3085 1048 3135 Bod.
1082 3087 1125 3134 l.
1191 3084 1235 3119 ⁸³
1262 3085 1440 3135 Rufus
1481 3085 1616 3135 Lam.
1684 3086 1726 3122 ⁸³
1758 3087 2047 3151 EpiscOpis
2085 3089 2205 3138 Bod.
2245 3091 2289 3139 1.
2357 3088 2398 3122 ⁸⁴
2422 3089 2651 3140 Diaconi
2686 3090 2779 3140 Ar.
2817 3091 2960 3139 Lam.
3005 3087 3156 3139 Ebor.
3197 3088 3305 3138 NC.
3345 3089 3394 3139 2.
3469 3087 3511 3121 ⁸⁵
3537 3087 3862 3138 Transferre

491 3157 653 3221 Neap.
718 3156 759 3189 ³⁸
784 3155 1000 3206 Lectori
1028 3159 1215 3205 nostro
1236 3156 1374 3203 Lam.
1406 3155 1530 3204 Bod.
1560 3156 1606 3205 2.
1673 3155 1716 3189 ⁸⁷
1748 3157 1870 3207 Una
1893 3157 2004 3207 ﬁde
2036 3159 2150 3208 Lin.
2190 3159 2311 3208 Bod.
2344 3162 2388 3210 l.
2423 3159 2592 3211 Fidea
2611 3159 2718 3210 ΝΟ.
2751 3161 2796 3209 1.
2832 3160 2953 3211 Una
2977 3159 3105 3209 ﬁda.

1788 3258 2013 3340 Steph.
2062 3259 2308 3324 Baluzii
2352 3267 2547 3324 notae.

491 3375 675 3457 m‘anp.
700 3362 816 3428 Ego
841 3363 1313 3457 nonqcontragicq
1338 3365 1475 3428 quin
1498 3377 1564 3446 eo
1591 3369 1838 3457 tempere
1870 3367 2122 3457 habitum
2144 3383 2198 3457 Ο
2224 3372 2358 3457 ξενος
2393 3373 2439 3418 et
2469 3367 2718 3419 diaconos
2747 3369 2915 3457 Romae
2943 3367 3293 3418 consistentes.
3327 3366 3589 3447 Iu.veteri
3615 3363 3862 3457 aditique

491 3437 563 3484 sit
596 3435 787 3485 Romae
826 3435 1146 3485 concilium.
1181 3435 1408 3486 Certum
1451 3437 1658 3500 quippe
1698 3441 1781 3486 est
1822 3437 2123 3489 concilium
2146 3435 2198 3457 ν
2225 3439 2439 3490 Veneta
2485 3455 2496 3487 :

489 3519 610 3557 esse
660 3519 789 3555 cum
841 3505 1086 3568 epiSCOpi
1135 3507 1456 3570 congregati
1510 3507 1566 3556 in
1625 3521 1792 3558 causa
1844 3510 2123 3572 religionis

491 3575 796 3626 consulunt
827 3576 884 3624 in
924 3589 1241 3626 commune.
1279 3576 1352 3626 Et
1379 3580 1564 3627 tamen
1599 3577 1662 3627 R.
1702 3579 1757 3627 P.
1805 3579 2124 3629 Harduinus

488 3649 645 3698 aliter
673 3647 860 3697 sensit.
899 3646 1132 3698 Concilii
1171 3649 1319 3698 enim
1350 3649 1508 3698 istius
1544 3651 1756 3699 nullam
1782 3653 2122 3702 mentionem

491 3719 622 3768 facit
662 3718 717 3766 in
758 3731 859 3767 sua
913 3719 1270 3769 Conciliorum
1321 3719 1584 3780 editione,
1632 3721 1886 3784 quamvis
1933 3722 2124 3770 Biuius

2547 3441 2624 3490 Ad
2671 3439 2995 3502 presbyteros
3047 3441 3216 3489 Romae
3259 3438 3607 3488 consistentes.
3659 3435 3864 3485 Codex

2223 3509 2514 3560 Remensis
2555 3510 2730 3559 sancti
2770 3510 3024 3573 Dionysii
3059 3524 3070 3558 :
3106 3509 3420 3572 Presbyteri:
3459 3514 3507 3557 et
3548 3506 3862 3556 diaconabus

2221 3581 2483 3643 fratribus
2531 3583 2699 3630 Romae
2741 3579 3159 3630 consistentibus.
3209 3580 3293 3629 Ex
3339 3578 3581 3643 quodam
3620 3590 3749 3640 ergo
3785 3577 3865 3625 si-

2223 3652 2340 3701 mili
2401 3653 2592 3702 codice
2651 3651 2875 3702 emersit
2933 3652 3099 3702 lectio
3160 3651 3471 3709 Rembolti,
3530 3649 3743 3698 Erasmi
3804 3652 3863 3696 et

2225 3723 2458 3780 Morelli,
2487 3737 2613 3786 quas
2655 3723 2824 3772 habet
2853 3737 2863 3768 :
2901 3721 3222 3785 Presbyteris
3257 3727 3305 3771 et
3341 3720 3652 3770 diaconibus
3688 3720 3863 3768 Romae

489 3793 543 3838 et
581 3788 834 3839 Labbeus
870 3790 1009 3839 illud
1059 3791 1371 3852 posuissent
1413 3791 1470 3840 in
1515 3792 1647 3840 suis.
1693 3791 1803 3842 Sed
1852 3792 2001 3856 quod
2047 3794 2129 3842 ait
2223 3792 2636 3843 consistentibus.
2693 3793 2967 3842 Pamelius
3020 3804 3188 3842 voces
3243 3793 3410 3841 Roma
3466 3789 3864 3840 consistentibus

493 3858 682 3909 Simon
739 3860 1139 3911 Starovolscius
1188 3863 1488 3912 concilium
1545 3861 1682 3911 illud
1730 3877 1762 3911 a
1809 3865 1956 3913 clero
2007 3863 2124 3913 Ro—

491 3943 656 3979 mano
703 3936 1096 3995 congregatum
1140 3933 1311 3982 fuisse
1346 3933 1415 3982 ad
1451 3933 1868 3997 requisitionem
1902 3935 1967 3984 D.
2007 3935 2124 3998 Cy-

491 4000 687 4063 priani,
719 4015 936 4052 merum
965 4009 1343 4052 commentum
1369 4008 1470 4054 est.

556 4072 651 4134 (59)
690 4072 752 4119 In
793 4085 1060 4136 suspenso.
1108 4072 1204 4124 Sic
1245 4074 1562 4126 emendavit
1599 4075 1882 4126 Morellius
1923 4089 2020 4140 pro
2057 4090 2124 4126 eo

489 4142 636 4208 quod
675 4148 834 4194 antea
864 4144 1150 4207 legebatur
1180 4146 1236 4194 in
1265 4147 1566 4209 suspendio.
1604 4146 1762 4196 Unus
1791 4147 1933 4197 liber
1965 4161 2124 4197 meus

489 4214 658 4264 habet
686 4219 805 4264 voto
830 4228 1096 4279 suspenso.

554 4286 648 4346 (60)
672 4287 855 4336 Maras
883 4292 1116 4348 possunt.
1153 4286 1343 4338 Codex
1371 4280 1934 4352 Gratianopolitanus,
1963 4305 1988 4331 ‹‹
2015 4288 2125 4351 Qui

490 4357 622 4406 foris
677 4362 915 4420 possunt
969 4357 1325 4408 dilectionem
1383 4359 1673 4410 sustinere.
1716 4377 1744 4405 »
1784 4360 2126 4410 Vetustiores

491 4427 779 4489 editiones,
813 4446 840 4473 «
860 4429 991 4478 foris
1018 4434 1252 4491 possunt
1281 4429 1541 4480 dilatione
1570 4431 1848 4481 sustineri.
1879 4447 1907 4476 »

557 4498 654 4562 (61)
681 4498 837 4549 Nobis
863 4505 1054 4550 tamen.
1079 4501 1268 4552 Codex
1296 4502 1481 4553 Sancti
1511 4503 1764 4566 Dionysii
1791 4501 2078 4554 Remensis
2110 4516 2120 4550 :

490 4570 596 4620 Nos
623 4576 798 4620 autem
827 4573 991 4622 anxie
1018 4575 1344 4624 curauimus.

553 4640 651 4704 (62)
713 4642 980 4705 Optamus.
1031 4643 1188 4693 Unus
1238 4644 1414 4694 codex
1469 4657 1628 4694 meus
1680 4649 1838 4694 vetus
1885 4644 2054 4695 habet
2108 4661 2120 4704 ;

2223 3864 2512 3927 expunxit,
2549 3865 2679 3928 quia
2707 3864 2808 3927 ipsi
2845 3877 2911 3912 ex
2949 3865 3067 3927 ipso
3107 3867 3370 3913 contextu
3403 3861 3702 3916 .constabat
3743 3873 3862 3909 non

2223 3935 2294 3985 ad
2341 3935 2674 3996 Romanum,
2711 3934 2807 3984 sed
2853 3935 2921 3982 ad
2962 3934 3455 3998 Carthaginensem
3499 3933 3709 3983 clerum
3757 3931 3863 3980 has

2223 4007 2432 4056 litteras
2462 4006 2639 4069 dirigi.

2285 4079 2381 4138 (64)
2421 4078 2769 4126 Innotescant.
2820 4077 2959 4126 Haec
3005 4077 3169 4126 lectio
3221 4080 3304 4126 est
3364 4077 3571 4139 Optima
3622 4087 3864 4138 eamque

2223 4148 2524 4211 praeferunt
2549 4147 2760 4211 aliquot
2788 4147 2912 4196 libri
2939 4150 3153 4197 veteres
3183 4151 3239 4197 et
3262 4146 3549 4196 editiones.
3579 4146 3652 4194 At
3671 4145 3862 4205 aliam,

2223 4217 2280 4267 id
2309 4222 2391 4267 est
2417 4220 2774 4276 innotescatis,
2806 4217 3016 4268 habent
3051 4218 3218 4267 etiam
3251 4218 3462 4281 aliquot
3489 4217 3613 4267 libri
3643 4219 3865 4267 veteres

2225 4291 2282 4339 et
2303 4289 2470 4339 editio
2501 4289 2795 4352 Spirensis,
2828 4291 2948 4338 tum
2971 4289 3137 4338 etiam
3162 4291 3323 4338 vetus
3358 4289 3584 4339 Veneta.
3617 4287 3717 4337 Est
3750 4301 3862 4336 au-

2225 4364 2338 4410 tem
2366 4373 2430 4410 ea
2458 4374 2683 4424 quoque
2721 4362 2947 4424 optima.
2976 4360 3119 4409 Vide
3157 4363 3315 4409 notas
3354 4360 3423 4409 ad
3465 4358 3668 4408 librum
3708 4360 3866 4423 Ago-

2224 4431 2381 4481 bardi
2408 4431 2472 4481 de
2493 4431 2773 4481 insolentia
2796 4431 3118 4482 Iudaeorum.

2286 4504 2380 4566 (65)
2442 4504 2512 4552 De
2558 4516 2668 4566 per.
2718 4502 2990 4564 episcopis.
3043 4499 3233 4551 Codex
3279 4500 3466 4552 Sancti
3517 4500 3793 4564 Amulphi
3849 4517 3862 4550 :

2224 4590 2255 4622 α
2285 4574 2394 4625 Sed
2429 4578 2485 4623 et
2513 4575 2559 4623 si
2589 4575 2684 4638 qui
2710 4573 2984 4637 peregrini
3013 4572 3275 4636 episcopi.
3302 4588 3331 4618 »

2287 4645 2385 4706 (66)
2413 4646 2476 4694 Et
2508 4645 2578 4693 ad
2614 4657 2752 4694 suos.
2793 4645 3029 4707 Reliqua
3067 4645 3227 4693 istius
3263 4643 3525 4707 Epistolm
3568 4642 3771 4692 desunt
3799 4643 3861 4691 in

491 4731 517 4757 κ
553 4713 694 4776 Opto
738 4716 808 4773 te,
849 4714 1014 4764 frater
1051 4715 1375 4765 charissime
1406 4730 1471 4766 ac
1499 4717 1866 4778 sanctissime,
1908 4729 2127 4779 semper
2147 4762 2197 4779 ἢ
2227 4715 2422 4766 eodem
2457 4715 2651 4766 codice
2677 4716 2865 4766 Sancti
2898 4714 3191 4778 Arnulphi,
3224 4719 3279 4764 et
3307 4717 3363 4764 in
3387 4727 3579 4764 eorum
3609 4714 3732 4763 loco
3759 4725 3861 4776 po-

490 4762 632 4834 best
675 4762 873 4835 valere
906 4762 2203 4851 siessetassiste;;.'e¥a‘a}.ag.aia;D
2226 4762 2422 4837 sit;
2443 4762 2864 4851 ss't'",;;oﬁ;:.s
2898 4762 3275 4850 isseisse.
3309 4762 3577 4849 epistolas
3614 4762 3695 4847 si,
3730 4762 3859 4848 p‘ag.

488 4870 596 4906 nus
643 4873 654 4905 :
689 4874 717 4904 <<
749 4856 892 4921 Opto
931 4860 1002 4918 te,
1045 4858 1440 4921 gloriosissime
1487 4871 1552 4907 ac
1596 4857 1915 4908 beatissime
1961 4860 2126 4922 Papa,

489 4941 707 4991 semper
733 4929 789 4978 in
821 4929 1059 4978 Domino
1083 4929 1228 4978 bene
1253 4929 1449 4978 valere.
1479 4946 1506 4974 »

550 5000 648 5061 (63)
703 5000 839 5050 Haec
884 4999 1113 5063 epistola
1157 5001 1212 5049 in
1249 4998 1488 5050 editione
1531 4998 1798 5063 Spirensi,
1828 5001 1885 5050 in
1929 5000 2124 5051 codice

488 5071 825 5130 Fossatensi,
858 5071 913 5119 in
944 5075 1125 5120 vetere
1157 5070 1607 5134 Compendiensi,
1638 5072 1694 5120 in
1727 5072 2035 5132 Pithceano,
2068 5073 2123 5121 in

489 5143 775 5199 Beccensi,
811 5142 867 5190 in
899 5155 1012 5191 uno
1041 5140 1346 5201 Victorino,
1373 5146 1423 5192 et
1452 5144 1509 5191 in
1550 5143 1882 5193 Michaelino
1922 5143 2124 5192 inscri—

488 5213 638 5262 bitur
679 5213 915 5276 Epistola
955 5213 1130 5277 prima
1172 5213 1242 5262 ad
1281 5215 1560 5274 Romanos,
1602 5215 1658 5262 in
1706 5218 1891 5265 vetere
1934 5215 2124 5264 Victo-

487 5284 629 5341 riuo,
679 5284 732 5331 in
779 5284 1063 5344 Laatiensi,
1114 5284 1170 5332 in
1219 5284 1452 5334 Metensi
1496 5285 1684 5336 Sancti
1727 5285 2022 5350 Arnulphi,
2072 5288 2126 5333 et

488 5355 544 5404 in
613 5353 934 5416 fragmentis
993 5355 1296 5418 Bigotianis
1361 5371 1372 5404 :
1442 5357 1681 5420 Epistola
1739 5357 1992 5420 Cypriani
2057 5355 2126 5406 ad

487 5428 766 5476 Romanos.
829 5426 1030 5476 Melius
1087 5427 1142 5474 in
1199 5429 1504 5478 recentiore
1565 5429 1892 5493 Remigiano
1950 5432 2004 5478 et
2065 5430 2121 5476 in

485 5497 812 5547 Divionensi
862 5512 874 5546 :
921 5496 1162 5560 Epistula
1213 5498 1350 5549 beati
1402 5499 1659 5563 Cypriani
1711 5499 2029 5563 presbyteris
2075 5501 2126 5548 et

484 5567 798 5619 diaconibus
849 5568 1210 5632 Carthaginis.
1263 5570 1422 5620 Unus
1473 5583 1632 5621 meus
1680 5574 1859 5631 vetus,
1903 5570 1985 5621 Ad
2027 5569 2125 5620 cle-

485 5653 608 5689 rum
663 5639 1124 5704 Carthaginensam
1181 5643 1245 5690 de
1290 5643 1373 5692 his
1421 5655 1538 5706 qua:
1594 5643 1666 5692 ad
1711 5642 2026 5705 confessores
2078 5645 2125 5690 et

487 5709 682 5761 clerum
738 5713 1024 5762 Romanum
1071 5713 1358 5775 scripserat
1404 5715 1454 5762 et
1501 5712 1564 5762 de
1609 5727 1786 5764 eorum
1833 5713 2116 5776 rescriptis.

488 5783 562 5837 At
602 5783 664 5834 in
703 5783 811 5835 alio
846 5797 971 5835 meo
1019 5786 1202 5836 vetere
1232 5784 1307 5834 ita
1333 5785 1603 5850 scriptum
1641 5789 1723 5836 est
1754 5800 1765 5835 :
1794 5784 1874 5835 Ad
1904 5783 2123 5850 presby-

2224 4859 2304 4918 42,
2331 4859 2400 4908 ab
2429 4859 2496 4907 iis
2523 4859 2705 4908 verbis
2735 4873 2745 4907 :
2776 4879 2803 4906 «
2838 4857 3012 4908 Vobis
3048 4858 3382 4908 sententiam
3423 4860 3667 4905 nostram
3706 4856 3862 4905 dilu-

2225 4930 2369 4991 cida,
2402 4948 2431 4975 »
2461 4943 2641 4994 usque
2667 4929 2754 4991 ad,
2781 4929 3032 4990 martyrii
3056 4929 3316 4980 honorem.

2285 5002 2381 5061 (67)
2429 5002 2622 5052 Saturo
2668 5002 2861 5051 lectori.
2908 5001 2970 5048 1n
3018 4999 3262 5050 editione
3311 4999 3542 5049 Manutii
3591 4998 3792 5060 legitur
3845 5013 3858 5046 :

2224 5090 2252 5118 «
2284 5072 2485 5121 Saturo
2511 5087 2730 5138 semper
2758 5074 2966 5132 lectori,
2996 5086 3024 5119 ››
3056 5073 3112 5121 in
3147 5073 3337 5122 codice
3381 5070 3566 5120 Sancti
3603 5069 3861 5131 Dionysii

2223 5144 2482 5194 Remensi
2509 5150 2564 5194 et
2585 5147 2642 5194 in
2667 5146 3006 5195 Lamoniano
3033 5160 3045 5192 :
3071 5163 3098 5190 ‹‹
3120 5145 3317 5208 Satyro
3339 5143 3569 5206 collega:
3595 5141 3804 5191 lectori.
3831 5157 3861 5189 is

2225 5214 2430 5264 Verum
2461 5215 2548 5264 has
2577 5216 2846 5267 lectiones
2874 5230 2985 5266 non
3015 5219 3145 5266 sunt
3172 5216 3346 5266 bonae.

2284 5287 2379 5349 (68)
2446 5289 2559 5336 Una
2611 5293 2656 5336 et
2707 5288 2838 5350 fida.
2889 5289 2968 5337 Ita
3023 5289 3195 5339 ferme
3255 5290 3437 5337 vetera
3494 5283 3858 5346 exemplaria.

2225 5357 2495 5420 Quasdam
2540 5363 2723 5407 tamen
2765 5358 2970 5409 habent
3007 5372 3120 5409 una
3160 5359 3272 5422 ﬁde.
3323 5358 3406 5407 Ex
3451 5371 3563 5422 quo
3612 5357 3861 5406 fortassis

2223 5429 2412 5494 colligi
2451 5434 2635 5493 posset
2675 5443 2861 5480 veram
2905 5444 3029 5482 esse
3072 5433 3369 5482 lectionem
3414 5429 3708 5490 Rembolti,
3759 5429 3860 5492 qui

2223 5499 2392 5551 edidit
2428 5517 2438 5550 :
2478 5518 2506 5549 ‹‹
2547 5501 2667 5552 Una
2704 5502 2833 5552 ﬁdei
2872 5505 3186 5555 consensio.
3221 5521 3248 5551 »
3283 5504 3442 5553 Hanc
3482 5513 3612 5552 vero
3657 5501 3860 5550 lectio-

3728 5581 3858 5620 nem

2287 5642 2382 5706 (69)
2414 5644 2636 5705 Quando
2665 5645 2958 5694 conuenire.
2991 5646 3053 5695 In
3086 5644 3276 5696 codice
3317 5644 3559 5694 Fuxensi
3585 5642 3858 5706 scriptum

2223 5718 2310 5797 est
2340 5729 2350 5762 :
2383 5732 2411 5759 «
2437 5714 2673 5777 Quando
2703 5717 2759 5766 in
2786 5730 2980 5780 unum,
3017 5717 3372 5782 permittente
3403 5716 3662 5777 Domino,
3688 5725 3858 5765 vene-

2223 5799 2413 5836 rimus.
2443 5801 2474 5836 ἢ)
