  <div class='ocr_page' id='page_1' title='image "/cluster/home/n/w/nwhite01/storage/ocr_20150623/4/hvd.32044073549446/168.png"; bbox 0 0 4160 6216; ppageno 0'>
   <div class='ocr_carea' id='block_1_1' title="bbox 287 153 2210 213">
    <p class='ocr_par' dir='ltr' id='par_1_1' title="bbox 287 153 2210 213">
     <span class='ocr_line' id='line_1_1' title="bbox 287 153 2210 213; baseline -0.004 -1"><span class='ocrx_word' id='word_1_1' title='bbox 287 162 367 213; x_wconf 79' lang='lat'><em>325</em></span> <span class='ocrx_word' id='word_1_2' title='bbox 1626 153 1945 209; x_wconf 86' lang='lat' dir='ltr'><em>EPISTOLA</em></span> <span class='ocrx_word' id='word_1_3' title='bbox 1986 154 2210 208; x_wconf 79' lang='lat' dir='ltr'><em>XXXIII.</em></span> 
     </span>
    </p>
   </div>
   <div class='ocr_carea' id='block_1_2' title="bbox 752 278 1328 334">
    <p class='ocr_par' dir='ltr' id='par_1_2' title="bbox 752 278 1328 334">
     <span class='ocr_line' id='line_1_2' title="bbox 752 278 1328 334; baseline -0.003 -1"><span class='ocrx_word' id='word_1_4' title='bbox 752 279 1082 334; x_wconf 76' lang='lat' dir='ltr'><em>EPISTULA</em></span> <span class='ocrx_word' id='word_1_5' title='bbox 1109 278 1328 332; x_wconf 81' lang='lat' dir='ltr'><strong>XXXIII.</strong></span> 
     </span>
    </p>
   </div>
   <div class='ocr_carea' id='block_1_3' title="bbox 284 407 1862 471">
    <p class='ocr_par' dir='ltr' id='par_1_3' title="bbox 284 407 1862 471">
     <span class='ocr_line' id='line_1_3' title="bbox 284 407 1862 471; baseline -0.003 -12"><span class='ocrx_word' id='word_1_6' title='bbox 284 412 483 471; x_wconf 80' lang='lat' dir='ltr'><em>(Erasm.,</em></span> <span class='ocrx_word' id='word_1_7' title='bbox 514 410 632 469; x_wconf 70' lang='lat'>11,51</span> <span class='ocrx_word' id='word_1_8' title='bbox 664 423 678 469; x_wconf 89' lang='lat'><strong>;</strong></span> <span class='ocrx_word' id='word_1_9' title='bbox 714 408 930 465; x_wconf 87' lang='lat' dir='ltr'><em>Pamel.,</em></span> <span class='ocrx_word' id='word_1_10' title='bbox 966 407 1173 467; x_wconf 78' lang='lat' dir='ltr'><em>Rigalt.,</em></span> <span class='ocrx_word' id='word_1_11' title='bbox 1213 407 1404 466; x_wconf 86' lang='lat' dir='ltr'><em>Baluz.,</em></span> <span class='ocrx_word' id='word_1_12' title='bbox 1434 418 1605 456; x_wconf 75' lang='lat' dir='ltr'><strong>XXXIII</strong></span> <span class='ocrx_word' id='word_1_13' title='bbox 1636 422 1648 467; x_wconf 91' lang='lat'><strong>;</strong></span> <span class='ocrx_word' id='word_1_14' title='bbox 1680 408 1862 469; x_wconf 65' lang='lat' dir='ltr'><em>Paris,</em></span> 
     </span>
    </p>
   </div>
   <div class='ocr_carea' id='block_1_4' title="bbox 608 479 1491 541">
    <p class='ocr_par' dir='ltr' id='par_1_4' title="bbox 608 479 1491 541">
     <span class='ocr_line' id='line_1_4' title="bbox 608 479 1491 541; baseline -0.001 -14"><span class='ocrx_word' id='word_1_15' title='bbox 608 491 780 541; x_wconf 78' lang='lat' dir='ltr'><strong>xxxn;</strong></span> <span class='ocrx_word' id='word_1_16' title='bbox 815 480 1003 539; x_wconf 68' lang='lat' dir='ltr'><em>Oxon,</em></span> <span class='ocrx_word' id='word_1_17' title='bbox 1047 479 1204 541; x_wconf 75' lang='lat' dir='ltr'><em>Lips,</em></span> <span class='ocrx_word' id='word_1_18' title='bbox 1250 481 1491 538; x_wconf 75' lang='lat' dir='ltr'><em>XXXVIII.)</em></span> 
     </span>
    </p>
   </div>
   <div class='ocr_carea' id='block_1_5' title="bbox 282 619 1859 671">
    <p class='ocr_par' dir='ltr' id='par_1_5' title="bbox 282 619 1859 671">
     <span class='ocr_line' id='line_1_5' title="bbox 282 619 1859 671; baseline -0.003 -9"><span class='ocrx_word' id='word_1_19' title='bbox 282 626 336 662; x_wconf 74' lang='lat' dir='ltr'><em>AD</em></span> <span class='ocrx_word' id='word_1_20' title='bbox 368 621 554 661; x_wconf 63' lang='lat' dir='ltr'><em>CLERUSI</em></span> <span class='ocrx_word' id='word_1_21' title='bbox 594 621 654 657; x_wconf 83' lang='lat' dir='ltr'><em>ET</em></span> <span class='ocrx_word' id='word_1_22' title='bbox 696 620 925 671; x_wconf 67' lang='lat' dir='ltr'><em>PLEBEH,</em></span> <span class='ocrx_word' id='word_1_23' title='bbox 956 621 1021 659; x_wconf 80' lang='lat' dir='ltr'><em>DE</em></span> <span class='ocrx_word' id='word_1_24' title='bbox 1050 620 1281 659; x_wconf 79' lang='lat' dir='ltr'><em>AURELIO</em></span> <span class='ocrx_word' id='word_1_25' title='bbox 1312 620 1546 659; x_wconf 78' lang='lat' dir='ltr'><em>LECTORE</em></span> <span class='ocrx_word' id='word_1_26' title='bbox 1574 619 1859 659; x_wconf 77' lang='lat' dir='ltr'><em>ORDINATO.</em></span> 
     </span>
    </p>
   </div>
   <div class='ocr_carea' id='block_1_6' title="bbox 280 730 1865 800">
    <p class='ocr_par' dir='ltr' id='par_1_6' title="bbox 280 730 1865 800">
     <span class='ocr_line' id='line_1_6' title="bbox 280 730 1865 800; baseline -0.001 -13"><span class='ocrx_word' id='word_1_27' title='bbox 280 738 628 787; x_wconf 70' lang='lat' dir='ltr'><em>Aacrnavrun.</em></span> <span class='ocrx_word' id='word_1_28' title='bbox 659 762 726 769; x_wconf 97' lang='lat'><strong>—</strong></span> <span class='ocrx_word' id='word_1_29' title='bbox 759 730 910 785; x_wconf 74' lang='grc' dir='ltr'><em>ΟΖωό</em></span> <span class='ocrx_word' id='word_1_30' title='bbox 950 737 999 785; x_wconf 86' lang='lat' dir='ltr'><em>et</em></span> <span class='ocrx_word' id='word_1_31' title='bbox 1042 731 1189 800; x_wconf 80' lang='lat' dir='ltr'><em>plebi</em></span> <span class='ocrx_word' id='word_1_32' title='bbox 1228 733 1511 784; x_wconf 80' lang='lat' dir='ltr'><em>renuntiat</em></span> <span class='ocrx_word' id='word_1_33' title='bbox 1560 730 1865 799; x_wconf 79' lang='lat' dir='ltr'><em>Cyprianus</em></span> 
     </span>
    </p>
   </div>
   <div class='ocr_carea' id='block_1_7' title="bbox 335 819 1860 886">
    <p class='ocr_par' dir='ltr' id='par_1_7' title="bbox 335 819 1860 886">
     <span class='ocr_line' id='line_1_7' title="bbox 335 819 1860 886; baseline -0.002 -12"><span class='ocrx_word' id='word_1_34' title='bbox 335 822 597 874; x_wconf 73' lang='lat' dir='ltr'><em>Aurelium</em></span> <span class='ocrx_word' id='word_1_35' title='bbox 650 822 996 886; x_wconf 80' lang='lat' dir='ltr'><em>confessorem</em></span> <span class='ocrx_word' id='word_1_36' title='bbox 1054 836 1086 871; x_wconf 79' lang='grc' dir='ltr'><em>ίι.</em></span> <span class='ocrx_word' id='word_1_37' title='bbox 1142 835 1195 872; x_wconf 90' lang='lat' dir='ltr'><em>se</em></span> <span class='ocrx_word' id='word_1_38' title='bbox 1244 820 1483 872; x_wconf 79' lang='lat' dir='ltr'><em>lectorem</em></span> <span class='ocrx_word' id='word_1_39' title='bbox 1531 819 1860 879; x_wconf 84' lang='lat' dir='ltr'><em>ordinatum,</em></span> 
     </span>
    </p>
   </div>
   <div class='ocr_carea' id='block_1_8' title="bbox 335 909 1861 963">
    <p class='ocr_par' dir='ltr' id='par_1_8' title="bbox 335 909 1861 963">
     <span class='ocr_line' id='line_1_8' title="bbox 335 909 1861 963; baseline -0.001 -1"><span class='ocrx_word' id='word_1_40' title='bbox 335 912 484 963; x_wconf 75' lang='lat' dir='ltr'><em>obiter</em></span> <span class='ocrx_word' id='word_1_41' title='bbox 524 911 736 962; x_wconf 71' lang='lat' dir='ltr'><em>virtutis</em></span> <span class='ocrx_word' id='word_1_42' title='bbox 798 910 947 962; x_wconf 79' lang='lat' dir='ltr'><em>illius</em></span> <span class='ocrx_word' id='word_1_43' title='bbox 994 914 1044 961; x_wconf 81' lang='lat' dir='ltr'><em>et</em></span> <span class='ocrx_word' id='word_1_44' title='bbox 1082 909 1256 960; x_wconf 85' lang='lat' dir='ltr'><em>animi</em></span> <span class='ocrx_word' id='word_1_45' title='bbox 1307 910 1667 961; x_wconf 74' lang='lat' dir='ltr'><em>constantiam</em></span> <span class='ocrx_word' id='word_1_46' title='bbox 1724 924 1861 960; x_wconf 86' lang='lat' dir='ltr'><em>com-</em></span> 
     </span>
    </p>
   </div>
   <div class='ocr_carea' id='block_1_9' title="bbox 333 998 1863 1067">
    <p class='ocr_par' dir='ltr' id='par_1_9' title="bbox 333 998 1863 1067">
     <span class='ocr_line' id='line_1_9' title="bbox 333 998 1863 1067; baseline 0 -16"><span class='ocrx_word' id='word_1_47' title='bbox 333 1000 594 1061; x_wconf 75' lang='lat' dir='ltr'><em>mendans,</em></span> <span class='ocrx_word' id='word_1_48' title='bbox 625 999 820 1067; x_wconf 82' lang='lat' dir='ltr'><em>quibus</em></span> <span class='ocrx_word' id='word_1_49' title='bbox 862 1000 1024 1052; x_wconf 83' lang='lat' dir='ltr'><em>etiam</em></span> <span class='ocrx_word' id='word_1_50' title='bbox 1065 999 1371 1052; x_wconf 72' lang='lat' dir='ltr'><em>ulteriorem</em></span> <span class='ocrx_word' id='word_1_51' title='bbox 1404 998 1636 1066; x_wconf 81' lang='lat' dir='ltr'><em>gradum</em></span> <span class='ocrx_word' id='word_1_52' title='bbox 1681 999 1737 1051; x_wconf 85' lang='lat' dir='ltr'><em>in</em></span> <span class='ocrx_word' id='word_1_53' title='bbox 1780 1014 1863 1051; x_wconf 86' lang='lat' dir='ltr'><em>ec-</em></span> 
     </span>
    </p>
   </div>
   <div class='ocr_carea' id='block_1_10' title="bbox 332 1089 891 1143">
    <p class='ocr_par' dir='ltr' id='par_1_10' title="bbox 332 1089 891 1143">
     <span class='ocr_line' id='line_1_10' title="bbox 332 1089 891 1143; baseline -0.005 0"><span class='ocrx_word' id='word_1_54' title='bbox 332 1091 474 1143; x_wconf 73' lang='lat' dir='ltr'><em>clesia</em></span> <span class='ocrx_word' id='word_1_55' title='bbox 511 1089 834 1143; x_wconf 77' lang='lat' dir='ltr'><em>merebatur.</em></span> <span class='ocrx_word' id='word_1_56' title='bbox 890 1122 891 1125; x_wconf 60' lang='grc' dir='ltr'><strong>η</strong></span> 
     </span>
    </p>
   </div>
   <div class='ocr_carea' id='block_1_11' title="bbox 334 1213 1865 1287">
    <p class='ocr_par' dir='ltr' id='par_1_11' title="bbox 334 1213 1865 1287">
     <span class='ocr_line' id='line_1_11' title="bbox 334 1213 1865 1287; baseline -0.002 -16"><span class='ocrx_word' id='word_1_57' title='bbox 334 1220 367 1272; x_wconf 93' lang='lat' dir='ltr'><em>l.</em></span> <span class='ocrx_word' id='word_1_58' title='bbox 413 1216 717 1287; x_wconf 77' lang='lat' dir='ltr'><em>Cyprianus</em></span> <span class='ocrx_word' id='word_1_59' title='bbox 758 1214 1104 1287; x_wconf 86' lang='lat' dir='ltr'><em>presbyteris</em></span> <span class='ocrx_word' id='word_1_60' title='bbox 1146 1219 1201 1269; x_wconf 92' lang='lat' dir='ltr'><em>et</em></span> <span class='ocrx_word' id='word_1_61' title='bbox 1242 1214 1570 1270; x_wconf 87' lang='lat' dir='ltr'><em>diaconibus</em></span> <span class='ocrx_word' id='word_1_62' title='bbox 1609 1220 1665 1269; x_wconf 89' lang='lat' dir='ltr'><em>et</em></span> <span class='ocrx_word' id='word_1_63' title='bbox 1714 1213 1865 1284; x_wconf 85' lang='lat' dir='ltr'>plebi</span> 
     </span>
    </p>
   </div>
   <div class='ocr_carea' id='block_1_12' title="bbox 276 1307 1866 1381">
    <p class='ocr_par' dir='ltr' id='par_1_12' title="bbox 276 1307 1866 1381">
     <span class='ocr_line' id='line_1_12' title="bbox 276 1307 1866 1381; baseline -0.003 -16"><span class='ocrx_word' id='word_1_64' title='bbox 276 1312 519 1365; x_wconf 79' lang='lat' dir='ltr'><em>universae</em></span> <span class='ocrx_word' id='word_1_65' title='bbox 562 1312 673 1381; x_wconf 85' lang='lat'><em>(70)</em></span> <span class='ocrx_word' id='word_1_66' title='bbox 732 1310 996 1363; x_wconf 80' lang='lat' dir='ltr'><em>salutem.</em></span> <span class='ocrx_word' id='word_1_67' title='bbox 1054 1310 1115 1363; x_wconf 93' lang='lat' dir='ltr'><em>ln</em></span> <span class='ocrx_word' id='word_1_68' title='bbox 1178 1307 1630 1363; x_wconf 85' lang='lat' dir='ltr'><em>ordinationibus</em></span> <span class='ocrx_word' id='word_1_69' title='bbox 1699 1308 1866 1361; x_wconf 90' lang='lat' dir='ltr'><em>cleri-</em></span> 
     </span>
    </p>
   </div>
   <div class='ocr_carea' id='block_1_13' title="bbox 279 1400 1867 1474">
    <p class='ocr_par' dir='ltr' id='par_1_13' title="bbox 279 1400 1867 1474">
     <span class='ocr_line' id='line_1_13' title="bbox 279 1400 1867 1474; baseline -0.003 -16"><span class='ocrx_word' id='word_1_70' title='bbox 279 1406 340 1459; x_wconf 86' lang='lat' dir='ltr'><em>cis</em></span> <span class='ocrx_word' id='word_1_71' title='bbox 365 1406 404 1438; x_wconf 69' lang='grc' dir='ltr'>δδ</span> <span class='ocrx_word' id='word_1_72' title='bbox 449 1404 574 1474; x_wconf 83' lang='lat' dir='ltr'><em>(7i),</em></span> <span class='ocrx_word' id='word_1_73' title='bbox 622 1402 827 1457; x_wconf 85' lang='lat' dir='ltr'><em>fratres</em></span> <span class='ocrx_word' id='word_1_74' title='bbox 868 1400 1059 1474; x_wconf 80' lang='grc'><em>318</em></span> <span class='ocrx_word' id='word_1_75' title='bbox 1099 1401 1435 1468; x_wconf 87' lang='lat' dir='ltr'><em>charissimi,</em></span> <span class='ocrx_word' id='word_1_76' title='bbox 1472 1402 1722 1456; x_wconf 84' lang='lat' dir='ltr'><em>solemus</em></span> <span class='ocrx_word' id='word_1_77' title='bbox 1769 1417 1867 1455; x_wconf 88' lang='lat' dir='ltr'><em>vos</em></span> 
     </span>
    </p>
   </div>
   <div class='ocr_carea' id='block_1_14' title="bbox 3482 157 3585 210">
    <p class='ocr_par' dir='ltr' id='par_1_14' title="bbox 3482 157 3585 210">
     <span class='ocr_line' id='line_1_14' title="bbox 3482 157 3585 210; baseline 0.019 -2"><span class='ocrx_word' id='word_1_78' title='bbox 3482 157 3585 210; x_wconf 83' lang='lat'><em>326</em></span> 
     </span>
    </p>
   </div>
   <div class='ocr_carea' id='block_1_15' title="bbox 1882 278 3586 364">
    <p class='ocr_par' dir='ltr' id='par_1_15' title="bbox 1882 278 3586 364">
     <span class='ocr_line' id='line_1_15' title="bbox 1882 278 3586 364; baseline 0.001 -31"><span class='ocrx_word' id='word_1_79' title='bbox 1882 294 1937 364; x_wconf 77' lang='grc' dir='ltr'><strong>Α</strong></span> <span class='ocrx_word' id='word_1_80' title='bbox 1960 282 2091 333; x_wconf 89' lang='lat' dir='ltr'><em>ante</em></span> <span class='ocrx_word' id='word_1_81' title='bbox 2119 278 2413 332; x_wconf 84' lang='lat' dir='ltr'><em>consulere</em></span> <span class='ocrx_word' id='word_1_82' title='bbox 2442 280 2548 346; x_wconf 82' lang='lat'><em>(72)</em></span> <span class='ocrx_word' id='word_1_83' title='bbox 2582 284 2633 331; x_wconf 90' lang='lat' dir='ltr'><em>et</em></span> <span class='ocrx_word' id='word_1_84' title='bbox 2665 292 2854 331; x_wconf 89' lang='lat' dir='ltr'><em>mores</em></span> <span class='ocrx_word' id='word_1_85' title='bbox 2879 294 2942 331; x_wconf 88' lang='lat' dir='ltr'><em>ac</em></span> <span class='ocrx_word' id='word_1_86' title='bbox 2982 278 3186 333; x_wconf 84' lang='lat' dir='ltr'><em>merita</em></span> <span class='ocrx_word' id='word_1_87' title='bbox 3228 279 3586 348; x_wconf 87' lang='lat' dir='ltr'><em>singulorum</em></span> 
     </span>
    </p>
   </div>
   <div class='ocr_carea' id='block_1_16' title="bbox 1964 370 3584 441">
    <p class='ocr_par' dir='ltr' id='par_1_16' title="bbox 1964 370 3584 441">
     <span class='ocr_line' id='line_1_16' title="bbox 1964 370 3584 441; baseline 0.001 -16"><span class='ocrx_word' id='word_1_88' title='bbox 1964 372 2259 427; x_wconf 89' lang='lat' dir='ltr'><em>communi</em></span> <span class='ocrx_word' id='word_1_89' title='bbox 2282 370 2510 424; x_wconf 84' lang='lat' dir='ltr'><em>consilio</em></span> <span class='ocrx_word' id='word_1_90' title='bbox 2538 371 2877 440; x_wconf 87' lang='lat' dir='ltr'><em>ponderare.</em></span> <span class='ocrx_word' id='word_1_91' title='bbox 2911 371 3017 425; x_wconf 91' lang='lat' dir='ltr'><em>Sed</em></span> <span class='ocrx_word' id='word_1_92' title='bbox 3057 374 3442 441; x_wconf 85' lang='lat' dir='ltr'><em>exspectanda</em></span> <span class='ocrx_word' id='word_1_93' title='bbox 3470 392 3584 429; x_wconf 91' lang='lat' dir='ltr'><em>non</em></span> 
     </span>
    </p>
   </div>
   <div class='ocr_carea' id='block_1_17' title="bbox 1964 464 3587 535">
    <p class='ocr_par' dir='ltr' id='par_1_17' title="bbox 1964 464 3587 535">
     <span class='ocr_line' id='line_1_17' title="bbox 1964 464 3587 535; baseline 0.002 -16"><span class='ocrx_word' id='word_1_94' title='bbox 1964 472 2095 519; x_wconf 88' lang='lat' dir='ltr'><em>sunt</em></span> <span class='ocrx_word' id='word_1_95' title='bbox 2143 464 2472 518; x_wconf 88' lang='lat' dir='ltr'><em>testimonia</em></span> <span class='ocrx_word' id='word_1_96' title='bbox 2526 465 2776 517; x_wconf 86' lang='lat' dir='ltr'><em>humana</em></span> <span class='ocrx_word' id='word_1_97' title='bbox 2829 481 2955 518; x_wconf 91' lang='lat' dir='ltr'><em>cum</em></span> <span class='ocrx_word' id='word_1_98' title='bbox 3014 466 3346 535; x_wconf 65' lang='lat' dir='ltr'><em>praecedunt</em></span> <span class='ocrx_word' id='word_1_99' title='bbox 3395 468 3587 523; x_wconf 89' lang='lat' dir='ltr'><em>divina</em></span> 
     </span>
    </p>
   </div>
   <div class='ocr_carea' id='block_1_18' title="bbox 1963 558 3587 628">
    <p class='ocr_par' dir='ltr' id='par_1_18' title="bbox 1963 558 3587 628">
     <span class='ocr_line' id='line_1_18' title="bbox 1963 558 3587 628; baseline 0.001 -15"><span class='ocrx_word' id='word_1_100' title='bbox 1963 558 2251 628; x_wconf 74' lang='lat' dir='ltr'><em>suffragia.</em></span> <span class='ocrx_word' id='word_1_101' title='bbox 2295 558 2559 612; x_wconf 83' lang='lat' dir='ltr'><em>Aurelius</em></span> <span class='ocrx_word' id='word_1_102' title='bbox 2624 558 2803 610; x_wconf 82' lang='lat' dir='ltr'><em>frater</em></span> <span class='ocrx_word' id='word_1_103' title='bbox 2872 562 3080 623; x_wconf 87' lang='lat' dir='ltr'><em>noster,</em></span> <span class='ocrx_word' id='word_1_104' title='bbox 3156 560 3393 614; x_wconf 86' lang='lat' dir='ltr'><em>illustris</em></span> <span class='ocrx_word' id='word_1_105' title='bbox 3457 562 3587 615; x_wconf 88' lang='lat' dir='ltr'><em>ado-</em></span> 
     </span>
    </p>
   </div>
   <div class='ocr_carea' id='block_1_19' title="bbox 1966 651 3586 720">
    <p class='ocr_par' dir='ltr' id='par_1_19' title="bbox 1966 651 3586 720">
     <span class='ocr_line' id='line_1_19' title="bbox 1966 651 3586 720; baseline 0.002 -15"><span class='ocrx_word' id='word_1_106' title='bbox 1966 654 2181 707; x_wconf 90' lang='lat' dir='ltr'><em>lescens</em></span> <span class='ocrx_word' id='word_1_107' title='bbox 2226 652 2355 719; x_wconf 82' lang='lat'><em>(&#39;73),</em></span> <span class='ocrx_word' id='word_1_108' title='bbox 2407 668 2439 703; x_wconf 77' lang='grc' dir='ltr'><em>ει</em></span> <span class='ocrx_word' id='word_1_109' title='bbox 2504 652 2744 703; x_wconf 90' lang='lat' dir='ltr'><em>Domino</em></span> <span class='ocrx_word' id='word_1_110' title='bbox 2788 651 2910 720; x_wconf 85' lang='lat' dir='ltr'><em>jam</em></span> <span class='ocrx_word' id='word_1_111' title='bbox 2968 651 3235 720; x_wconf 87' lang='lat' dir='ltr'><em>probatus</em></span> <span class='ocrx_word' id='word_1_112' title='bbox 3286 658 3343 706; x_wconf 91' lang='lat' dir='ltr'><em>et</em></span> <span class='ocrx_word' id='word_1_113' title='bbox 3392 655 3500 709; x_wconf 88' lang='lat' dir='ltr'><em>Deo</em></span> <span class='ocrx_word' id='word_1_114' title='bbox 3541 656 3586 691; x_wconf 69' lang='lat'><strong>89</strong></span> 
     </span>
    </p>
   </div>
   <div class='ocr_carea' id='block_1_20' title="bbox 1965 745 3586 811">
    <p class='ocr_par' dir='ltr' id='par_1_20' title="bbox 1965 745 3586 811">
     <span class='ocr_line' id='line_1_20' title="bbox 1965 745 3586 811; baseline 0.001 -12"><span class='ocrx_word' id='word_1_115' title='bbox 1965 747 2191 811; x_wconf 84' lang='lat' dir='ltr'><em>charus,</em></span> <span class='ocrx_word' id='word_1_116' title='bbox 2225 745 2279 798; x_wconf 91' lang='lat' dir='ltr'><em>in</em></span> <span class='ocrx_word' id='word_1_117' title='bbox 2314 745 2477 798; x_wconf 89' lang='lat' dir='ltr'><em>annis</em></span> <span class='ocrx_word' id='word_1_118' title='bbox 2506 745 2689 799; x_wconf 89' lang='lat' dir='ltr'><em>adhuc</em></span> <span class='ocrx_word' id='word_1_119' title='bbox 2737 745 3006 809; x_wconf 86' lang='lat' dir='ltr'><em>novellus,</em></span> <span class='ocrx_word' id='word_1_120' title='bbox 3038 745 3139 798; x_wconf 90' lang='lat' dir='ltr'><em>sed</em></span> <span class='ocrx_word' id='word_1_121' title='bbox 3188 747 3245 799; x_wconf 92' lang='lat' dir='ltr'><em>in</em></span> <span class='ocrx_word' id='word_1_122' title='bbox 3293 747 3516 801; x_wconf 85' lang='lat' dir='ltr'><em>virtutis</em></span> <span class='ocrx_word' id='word_1_123' title='bbox 3538 750 3586 783; x_wconf 72' lang='lat'><strong>90</strong></span> 
     </span>
    </p>
   </div>
   <div class='ocr_carea' id='block_1_21' title="bbox 1964 838 3585 908">
    <p class='ocr_par' dir='ltr' id='par_1_21' title="bbox 1964 838 3585 908">
     <span class='ocr_line' id='line_1_21' title="bbox 1964 838 3585 908; baseline 0.002 -16"><span class='ocrx_word' id='word_1_124' title='bbox 1964 856 2027 893; x_wconf 88' lang='lat' dir='ltr'><em>ac</em></span> <span class='ocrx_word' id='word_1_125' title='bbox 2054 839 2180 894; x_wconf 84' lang='lat' dir='ltr'><em>lidei</em></span> <span class='ocrx_word' id='word_1_126' title='bbox 2228 839 2393 892; x_wconf 86' lang='lat' dir='ltr'><em>laude</em></span> <span class='ocrx_word' id='word_1_127' title='bbox 2435 842 2756 908; x_wconf 88' lang='lat' dir='ltr'><em>provectus,</em></span> <span class='ocrx_word' id='word_1_128' title='bbox 2789 838 2979 891; x_wconf 87' lang='lat' dir='ltr'><em>minor</em></span> <span class='ocrx_word' id='word_1_129' title='bbox 3026 838 3081 891; x_wconf 90' lang='lat' dir='ltr'><em>in</em></span> <span class='ocrx_word' id='word_1_130' title='bbox 3114 840 3293 893; x_wconf 65' lang='lat' dir='ltr'><em>aetatis</em></span> <span class='ocrx_word' id='word_1_131' title='bbox 3348 858 3460 894; x_wconf 70' lang='lat' dir='ltr'><em>sua:</em></span> <span class='ocrx_word' id='word_1_132' title='bbox 3501 843 3585 895; x_wconf 88' lang='lat' dir='ltr'><em>in-</em></span> 
     </span>
    </p>
   </div>
   <div class='ocr_carea' id='block_1_22' title="bbox 1966 931 3590 1003">
    <p class='ocr_par' dir='ltr' id='par_1_22' title="bbox 1966 931 3590 1003">
     <span class='ocr_line' id='line_1_22' title="bbox 1966 931 3590 1003; baseline 0.002 -17"><span class='ocrx_word' id='word_1_133' title='bbox 1966 933 2113 999; x_wconf 89' lang='lat' dir='ltr'><em>dole,</em></span> <span class='ocrx_word' id='word_1_134' title='bbox 2145 933 2241 985; x_wconf 84' lang='lat' dir='ltr'><em>sed</em></span> <span class='ocrx_word' id='word_1_135' title='bbox 2278 932 2457 1001; x_wconf 82' lang='lat' dir='ltr'><em>major</em></span> <span class='ocrx_word' id='word_1_136' title='bbox 2484 932 2539 985; x_wconf 89' lang='lat' dir='ltr'><em>in</em></span> <span class='ocrx_word' id='word_1_137' title='bbox 2568 932 2807 997; x_wconf 85' lang='lat' dir='ltr'><em>honore,</em></span> <span class='ocrx_word' id='word_1_138' title='bbox 2857 931 3086 1001; x_wconf 85' lang='lat' dir='ltr'><em>gemino</em></span> <span class='ocrx_word' id='word_1_139' title='bbox 3124 932 3215 986; x_wconf 91' lang='lat' dir='ltr'><em>hic</em></span> <span class='ocrx_word' id='word_1_140' title='bbox 3264 949 3444 1003; x_wconf 82' lang='lat' dir='ltr'><em>agone</em></span> <span class='ocrx_word' id='word_1_141' title='bbox 3476 952 3590 989; x_wconf 89' lang='lat' dir='ltr'><em>cer-</em></span> 
     </span>
    </p>
   </div>
   <div class='ocr_carea' id='block_1_23' title="bbox 1967 1024 3593 1093">
    <p class='ocr_par' dir='ltr' id='par_1_23' title="bbox 1967 1024 3593 1093">
     <span class='ocr_line' id='line_1_23' title="bbox 1967 1024 3593 1093; baseline 0.003 -15"><span class='ocrx_word' id='word_1_142' title='bbox 1967 1026 2107 1079; x_wconf 80' lang='lat' dir='ltr'><em>tavit</em></span> <span class='ocrx_word' id='word_1_143' title='bbox 2130 1043 2142 1091; x_wconf 91' lang='lat'><strong>;</strong></span> <span class='ocrx_word' id='word_1_144' title='bbox 2172 1024 2257 1079; x_wconf 91' lang='lat' dir='ltr'><em>bis</em></span> <span class='ocrx_word' id='word_1_145' title='bbox 2285 1025 2590 1093; x_wconf 89' lang='lat' dir='ltr'><em>confessus,</em></span> <span class='ocrx_word' id='word_1_146' title='bbox 2625 1028 2682 1078; x_wconf 89' lang='lat' dir='ltr'><em>et</em></span> <span class='ocrx_word' id='word_1_147' title='bbox 2705 1025 2791 1079; x_wconf 89' lang='lat' dir='ltr'><em>bis</em></span> <span class='ocrx_word' id='word_1_148' title='bbox 2818 1025 3189 1079; x_wconf 90' lang='lat' dir='ltr'><em>confessionis</em></span> <span class='ocrx_word' id='word_1_149' title='bbox 3214 1042 3328 1080; x_wconf 61' lang='lat' dir='ltr'><em>sum</em></span> <span class='ocrx_word' id='word_1_150' title='bbox 3360 1027 3593 1083; x_wconf 76' lang='lat' dir='ltr'><em>victoria</em></span> 
     </span>
    </p>
   </div>
   <div class='ocr_carea' id='block_1_24' title="bbox 1969 1118 3593 1190">
    <p class='ocr_par' dir='ltr' id='par_1_24' title="bbox 1969 1118 3593 1190">
     <span class='ocr_line' id='line_1_24' title="bbox 1969 1118 3593 1190; baseline 0.001 -16"><span class='ocrx_word' id='word_1_151' title='bbox 1969 1119 2271 1190; x_wconf 85' lang='lat' dir='ltr'><em>gloriosus,</em></span> <span class='ocrx_word' id='word_1_152' title='bbox 2326 1124 2383 1172; x_wconf 93' lang='lat' dir='ltr'><em>et</em></span> <span class='ocrx_word' id='word_1_153' title='bbox 2426 1118 2659 1189; x_wconf 85' lang='lat' dir='ltr'><em>quando</em></span> <span class='ocrx_word' id='word_1_154' title='bbox 2708 1118 2839 1172; x_wconf 86' lang='lat' dir='ltr'><em>vicit</em></span> <span class='ocrx_word' id='word_1_155' title='bbox 2878 1119 2935 1172; x_wconf 90' lang='lat' dir='ltr'><em>in</em></span> <span class='ocrx_word' id='word_1_156' title='bbox 2982 1120 3215 1174; x_wconf 76' lang='lat' dir='ltr'><em>cursu‘“</em></span> <span class='ocrx_word' id='word_1_157' title='bbox 3262 1121 3365 1190; x_wconf 86' lang='lat'><em>(76)</em></span> <span class='ocrx_word' id='word_1_158' title='bbox 3413 1122 3593 1176; x_wconf 86' lang='lat' dir='ltr'><em>factus</em></span> 
     </span>
    </p>
   </div>
   <div class='ocr_carea' id='block_1_25' title="bbox 1969 1212 3595 1286">
    <p class='ocr_par' dir='ltr' id='par_1_25' title="bbox 1969 1212 3595 1286">
     <span class='ocr_line' id='line_1_25' title="bbox 1969 1212 3595 1286; baseline 0.002 -21"><span class='ocrx_word' id='word_1_159' title='bbox 1969 1213 2226 1280; x_wconf 88' lang='lat' dir='ltr'><em>extorris,</em></span> <span class='ocrx_word' id='word_1_160' title='bbox 2258 1219 2313 1266; x_wconf 90' lang='lat' dir='ltr'><em>et</em></span> <span class='ocrx_word' id='word_1_161' title='bbox 2356 1228 2484 1266; x_wconf 90' lang='lat' dir='ltr'><em>cum</em></span> <span class='ocrx_word' id='word_1_162' title='bbox 2512 1212 2699 1265; x_wconf 89' lang='lat' dir='ltr'><em>denuo</em></span> <span class='ocrx_word' id='word_1_163' title='bbox 2744 1212 3058 1267; x_wconf 76' lang='lat' dir='ltr'><em>certamine</em></span> <span class='ocrx_word' id='word_1_164' title='bbox 3104 1212 3337 1267; x_wconf 80' lang='lat' dir='ltr'><em>fortiore</em></span> <span class='ocrx_word' id='word_1_165' title='bbox 3382 1232 3595 1286; x_wconf 87' lang='lat' dir='ltr'><em>pugna-</em></span> 
     </span>
    </p>
   </div>
   <div class='ocr_carea' id='block_1_26' title="bbox 1970 1305 3591 1378">
    <p class='ocr_par' dir='ltr' id='par_1_26' title="bbox 1970 1305 3591 1378">
     <span class='ocr_line' id='line_1_26' title="bbox 1970 1305 3591 1378; baseline 0.004 -21"><span class='ocrx_word' id='word_1_166' title='bbox 1970 1306 2045 1359; x_wconf 87' lang='lat' dir='ltr'><em>vit</em></span> <span class='ocrx_word' id='word_1_167' title='bbox 2062 1307 2131 1373; x_wconf 60' lang='grc'><em>92,</em></span> <span class='ocrx_word' id='word_1_168' title='bbox 2162 1305 2547 1375; x_wconf 83' lang='lat' dir='ltr'><em>triumphator</em></span> <span class='ocrx_word' id='word_1_169' title='bbox 2578 1308 2638 1359; x_wconf 90' lang='lat' dir='ltr'><em>et</em></span> <span class='ocrx_word' id='word_1_170' title='bbox 2666 1305 2841 1358; x_wconf 89' lang='lat' dir='ltr'><em>victor</em></span> <span class='ocrx_word' id='word_1_171' title='bbox 2869 1305 2925 1358; x_wconf 90' lang='lat' dir='ltr'><em>in</em></span> <span class='ocrx_word' id='word_1_172' title='bbox 2949 1306 3148 1375; x_wconf 62' lang='lat' dir='ltr'><em>praelio</em></span> <span class='ocrx_word' id='word_1_173' title='bbox 3165 1308 3440 1377; x_wconf 84' lang='lat' dir='ltr'><em>passionis</em></span> <span class='ocrx_word' id='word_1_174' title='bbox 3462 1310 3591 1378; x_wconf 80' lang='lat'><em>(77).</em></span> 
     </span>
    </p>
   </div>
   <div class='ocr_carea' id='block_1_27' title="bbox 1966 1399 3595 1469">
    <p class='ocr_par' dir='ltr' id='par_1_27' title="bbox 1966 1399 3595 1469">
     <span class='ocr_line' id='line_1_27' title="bbox 1966 1399 3595 1469; baseline 0.003 -17"><span class='ocrx_word' id='word_1_175' title='bbox 1966 1400 2196 1463; x_wconf 83' lang='lat' dir='ltr'><em>Quoties</em></span> <span class='ocrx_word' id='word_1_176' title='bbox 2247 1400 2351 1469; x_wconf 85' lang='lat'><em>(78)</em></span> <span class='ocrx_word' id='word_1_177' title='bbox 2418 1399 2767 1454; x_wconf 88' lang='lat' dir='ltr'><em>adversarius</em></span> <span class='ocrx_word' id='word_1_178' title='bbox 2842 1415 3150 1468; x_wconf 84' lang='lat' dir='ltr'><em>provocare</em></span> <span class='ocrx_word' id='word_1_179' title='bbox 3226 1418 3413 1456; x_wconf 87' lang='lat' dir='ltr'><em>servos</em></span> <span class='ocrx_word' id='word_1_180' title='bbox 3492 1404 3595 1457; x_wconf 82' lang='lat' dir='ltr'><em>Dei</em></span> 
     </span>
    </p>
   </div>
   <div class='ocr_carea' id='block_1_28' title="bbox 1609 1516 2214 1580">
    <p class='ocr_par' dir='ltr' id='par_1_28' title="bbox 1609 1516 2214 1580">
     <span class='ocr_line' id='line_1_28' title="bbox 1609 1516 2214 1580; baseline -0.005 0"><span class='ocrx_word' id='word_1_181' title='bbox 1609 1516 1820 1580; x_wconf 75' lang='lat' dir='ltr'><em>Variae</em></span> <span class='ocrx_word' id='word_1_182' title='bbox 1881 1516 2214 1579; x_wconf 86' lang='lat' dir='ltr'><em>lectiones.</em></span> 
     </span>
    </p>
   </div>
   <div class='ocr_carea' id='block_1_29' title="bbox 320 1622 3593 1677">
    <p class='ocr_par' dir='ltr' id='par_1_29' title="bbox 320 1622 3593 1677">
     <span class='ocr_line' id='line_1_29' title="bbox 320 1622 3593 1677; baseline 0 -2"><span class='ocrx_word' id='word_1_183' title='bbox 320 1625 355 1659; x_wconf 75' lang='grc'><em>⁸⁸</em></span> <span class='ocrx_word' id='word_1_184' title='bbox 378 1627 451 1675; x_wconf 90' lang='lat' dir='ltr'><em>De</em></span> <span class='ocrx_word' id='word_1_185' title='bbox 474 1625 920 1675; x_wconf 88' lang='lat' dir='ltr'><em>ordinationibus</em></span> <span class='ocrx_word' id='word_1_186' title='bbox 948 1625 1075 1674; x_wconf 84' lang='lat' dir='ltr'><em>Bod.</em></span> <span class='ocrx_word' id='word_1_187' title='bbox 1104 1627 1149 1674; x_wconf 79' lang='lat' dir='ltr'><em>i.</em></span> <span class='ocrx_word' id='word_1_188' title='bbox 1177 1624 1531 1677; x_wconf 88' lang='lat' dir='ltr'><em>Ordinandis.</em></span> <span class='ocrx_word' id='word_1_189' title='bbox 1562 1626 1697 1674; x_wconf 85' lang='lat' dir='ltr'><em>Pem.</em></span> <span class='ocrx_word' id='word_1_190' title='bbox 1730 1624 1874 1673; x_wconf 77' lang='lat' dir='ltr'><em>Coro.</em></span> <span class='ocrx_word' id='word_1_191' title='bbox 1908 1623 2364 1675; x_wconf 89' lang='lat' dir='ltr'><em>Ordinationibus</em></span> <span class='ocrx_word' id='word_1_192' title='bbox 2394 1624 2719 1673; x_wconf 89' lang='lat' dir='ltr'><em>clericorum</em></span> <span class='ocrx_word' id='word_1_193' title='bbox 2750 1623 2877 1673; x_wconf 85' lang='lat' dir='ltr'><em>Bod.</em></span> <span class='ocrx_word' id='word_1_194' title='bbox 2917 1622 2964 1673; x_wconf 91' lang='lat'><em>3.</em></span> <span class='ocrx_word' id='word_1_195' title='bbox 2990 1623 3101 1673; x_wconf 84' lang='grc' dir='ltr'><em>ΝΟ.</em></span> <span class='ocrx_word' id='word_1_196' title='bbox 3137 1623 3184 1673; x_wconf 72' lang='lat'><em>2.</em></span> <span class='ocrx_word' id='word_1_197' title='bbox 3222 1625 3327 1673; x_wconf 77' lang='lat' dir='ltr'><em>Lin.</em></span> <span class='ocrx_word' id='word_1_198' title='bbox 3394 1625 3437 1659; x_wconf 76' lang='grc'>⁸9</span> <span class='ocrx_word' id='word_1_199' title='bbox 3463 1626 3593 1676; x_wconf 90' lang='lat' dir='ltr'><em>Pro-</em></span> 
     </span>
    </p>
   </div>
   <div class='ocr_carea' id='block_1_30' title="bbox 272 1693 3115 1746">
    <p class='ocr_par' dir='ltr' id='par_1_30' title="bbox 272 1693 3115 1746">
     <span class='ocr_line' id='line_1_30' title="bbox 272 1693 3115 1746; baseline -0.001 -1"><span class='ocrx_word' id='word_1_200' title='bbox 272 1696 407 1745; x_wconf 81' lang='lat' dir='ltr'><em>batus</em></span> <span class='ocrx_word' id='word_1_201' title='bbox 432 1701 515 1745; x_wconf 87' lang='lat' dir='ltr'><em>est</em></span> <span class='ocrx_word' id='word_1_202' title='bbox 548 1697 681 1745; x_wconf 83' lang='lat' dir='ltr'><em>Voss.</em></span> <span class='ocrx_word' id='word_1_203' title='bbox 707 1697 755 1745; x_wconf 78' lang='lat'><em>2.</em></span> <span class='ocrx_word' id='word_1_204' title='bbox 784 1696 857 1746; x_wconf 86' lang='lat' dir='ltr'><em>Et</em></span> <span class='ocrx_word' id='word_1_205' title='bbox 880 1697 937 1745; x_wconf 91' lang='lat' dir='ltr'><em>in</em></span> <span class='ocrx_word' id='word_1_206' title='bbox 968 1697 1086 1746; x_wconf 91' lang='lat' dir='ltr'><em>Deo</em></span> <span class='ocrx_word' id='word_1_207' title='bbox 1117 1696 1271 1744; x_wconf 71' lang='lat' dir='ltr'><em>Oxon.</em></span> <span class='ocrx_word' id='word_1_208' title='bbox 1341 1696 1382 1727; x_wconf 73' lang='lat'><em>9°</em></span> <span class='ocrx_word' id='word_1_209' title='bbox 1405 1696 1622 1746; x_wconf 82' lang='lat' dir='ltr'><em>Virtute</em></span> <span class='ocrx_word' id='word_1_210' title='bbox 1651 1697 1783 1745; x_wconf 82' lang='lat' dir='ltr'><em>Lem.</em></span> <span class='ocrx_word' id='word_1_211' title='bbox 1823 1693 1980 1744; x_wconf 83' lang='lat' dir='ltr'><em>Ebor.</em></span> <span class='ocrx_word' id='word_1_212' title='bbox 2012 1696 2121 1743; x_wconf 87' lang='lat' dir='ltr'><em>Lin.</em></span> <span class='ocrx_word' id='word_1_213' title='bbox 2157 1693 2283 1742; x_wconf 85' lang='lat' dir='ltr'><em>Bod.</em></span> <span class='ocrx_word' id='word_1_214' title='bbox 2327 1695 2373 1742; x_wconf 85' lang='lat' dir='ltr'><em>i.</em></span> <span class='ocrx_word' id='word_1_215' title='bbox 2442 1695 2481 1725; x_wconf 72' lang='lat'><strong>9&#39;</strong></span> <span class='ocrx_word' id='word_1_216' title='bbox 2512 1693 2657 1742; x_wconf 85' lang='lat' dir='ltr'><em>Vicit</em></span> <span class='ocrx_word' id='word_1_217' title='bbox 2693 1705 2933 1743; x_wconf 82' lang='lat' dir='ltr'><em>excursu</em></span> <span class='ocrx_word' id='word_1_218' title='bbox 2969 1693 3115 1742; x_wconf 80' lang='lat' dir='ltr'><em>Corb.</em></span> 
     </span>
    </p>
   </div>
   <div class='ocr_carea' id='block_1_31' title="bbox 272 1767 519 1815">
    <p class='ocr_par' dir='ltr' id='par_1_31' title="bbox 272 1767 519 1815">
     <span class='ocr_line' id='line_1_31' title="bbox 272 1767 519 1815; baseline -0.008 0"><span class='ocrx_word' id='word_1_219' title='bbox 272 1767 384 1815; x_wconf 89' lang='lat' dir='ltr'><em>Lam.</em></span> <span class='ocrx_word' id='word_1_220' title='bbox 410 1767 519 1815; x_wconf 84' lang='lat' dir='ltr'><em>Lin.</em></span> 
     </span>
    </p>
   </div>
   <div class='ocr_carea' id='block_1_32' title="bbox 3186 1693 3597 1758">
    <p class='ocr_par' dir='ltr' id='par_1_32' title="bbox 3186 1693 3597 1758">
     <span class='ocr_line' id='line_1_32' title="bbox 3186 1693 3597 1758; baseline 0.005 -15"><span class='ocrx_word' id='word_1_221' title='bbox 3186 1696 3226 1725; x_wconf 78' lang='grc'><strong>⁹²</strong></span> <span class='ocrx_word' id='word_1_222' title='bbox 3252 1693 3597 1758; x_wconf 86' lang='lat' dir='ltr'><em>Repugnavit</em></span> 
     </span>
    </p>
   </div>
   <div class='ocr_carea' id='block_1_33' title="bbox 1533 1826 2288 1908">
    <p class='ocr_par' dir='ltr' id='par_1_33' title="bbox 1533 1826 2288 1908">
     <span class='ocr_line' id='line_1_33' title="bbox 1533 1826 2288 1908; baseline -0.005 -19"><span class='ocrx_word' id='word_1_223' title='bbox 1533 1826 1757 1908; x_wconf 87' lang='lat' dir='ltr'><em>Steph.</em></span> <span class='ocrx_word' id='word_1_224' title='bbox 1800 1826 2046 1889; x_wconf 88' lang='lat' dir='ltr'><em>Baluzii</em></span> <span class='ocrx_word' id='word_1_225' title='bbox 2092 1830 2288 1887; x_wconf 64' lang='lat' dir='ltr'><em>notae.</em></span> 
     </span>
    </p>
   </div>
   <div class='ocr_carea' id='block_1_34' title="bbox 270 1940 2422 2028">
    <p class='ocr_par' dir='ltr' id='par_1_34' title="bbox 270 1940 2422 2028">
     <span class='ocr_line' id='line_1_34' title="bbox 270 1940 2422 2028; baseline -0.001 -37"><span class='ocrx_word' id='word_1_226' title='bbox 270 1955 374 2028; x_wconf 57' lang='lat' dir='ltr'><em>pem</em></span> <span class='ocrx_word' id='word_1_227' title='bbox 415 1943 768 1993; x_wconf 82' lang='lat' dir='ltr'><em>retinuerunt</em></span> <span class='ocrx_word' id='word_1_228' title='bbox 805 1942 1088 2003; x_wconf 89' lang='lat' dir='ltr'><em>Erasmus,</em></span> <span class='ocrx_word' id='word_1_229' title='bbox 1146 1942 1427 1993; x_wconf 89' lang='lat' dir='ltr'><em>Morellius</em></span> <span class='ocrx_word' id='word_1_230' title='bbox 1470 1945 1525 1993; x_wconf 92' lang='lat' dir='ltr'><em>et</em></span> <span class='ocrx_word' id='word_1_231' title='bbox 1569 1942 1863 2028; x_wconf 63' lang='lat' dir='ltr'><em>Pamelius.</em></span> <span class='ocrx_word' id='word_1_232' title='bbox 1887 1957 1944 2028; x_wconf 83' lang='lat' dir='ltr'><strong>B</strong></span> <span class='ocrx_word' id='word_1_233' title='bbox 1969 1940 2422 2028; x_wconf 46' lang='lat' dir='ltr'><em>essevmeliorem.</em></span> 
     </span>
    </p>
   </div>
   <div class='ocr_carea' id='block_1_35' title="bbox 272 2012 1870 2077">
    <p class='ocr_par' dir='ltr' id='par_1_35' title="bbox 272 2012 1870 2077">
     <span class='ocr_line' id='line_1_35' title="bbox 272 2012 1870 2077; baseline 0.001 -16"><span class='ocrx_word' id='word_1_234' title='bbox 272 2012 506 2076; x_wconf 84' lang='lat' dir='ltr'><em>Rigaltius</em></span> <span class='ocrx_word' id='word_1_235' title='bbox 559 2014 813 2063; x_wconf 82' lang='lat' dir='ltr'><em>mutavit.</em></span> <span class='ocrx_word' id='word_1_236' title='bbox 867 2013 1227 2063; x_wconf 84' lang='lat' dir='ltr'><em>Mutationem</em></span> <span class='ocrx_word' id='word_1_237' title='bbox 1278 2014 1502 2077; x_wconf 86' lang='lat' dir='ltr'><em>Rigaltii</em></span> <span class='ocrx_word' id='word_1_238' title='bbox 1546 2012 1870 2076; x_wconf 85' lang='lat' dir='ltr'><em>approbavit</em></span> 
     </span>
    </p>
   </div>
   <div class='ocr_carea' id='block_1_36' title="bbox 269 2083 1871 2148">
    <p class='ocr_par' dir='ltr' id='par_1_36' title="bbox 269 2083 1871 2148">
     <span class='ocr_line' id='line_1_36' title="bbox 269 2083 1871 2148; baseline 0.001 -16"><span class='ocrx_word' id='word_1_239' title='bbox 269 2083 409 2133; x_wconf 86' lang='lat' dir='ltr'><em>editio</em></span> <span class='ocrx_word' id='word_1_240' title='bbox 440 2086 762 2148; x_wconf 85' lang='lat' dir='ltr'><em>Anglicana.</em></span> <span class='ocrx_word' id='word_1_241' title='bbox 795 2084 913 2148; x_wconf 87' lang='lat' dir='ltr'><em>Ego</em></span> <span class='ocrx_word' id='word_1_242' title='bbox 942 2097 1072 2135; x_wconf 89' lang='lat' dir='ltr'><em>vero</em></span> <span class='ocrx_word' id='word_1_243' title='bbox 1111 2097 1302 2134; x_wconf 90' lang='lat' dir='ltr'><em>eorum</em></span> <span class='ocrx_word' id='word_1_244' title='bbox 1338 2086 1583 2148; x_wconf 87' lang='lat' dir='ltr'><em>opinioni</em></span> <span class='ocrx_word' id='word_1_245' title='bbox 1616 2085 1871 2135; x_wconf 86' lang='lat' dir='ltr'><em>lubenter</em></span> 
     </span>
    </p>
   </div>
   <div class='ocr_carea' id='block_1_37' title="bbox 270 2155 1869 2220">
    <p class='ocr_par' dir='ltr' id='par_1_37' title="bbox 270 2155 1869 2220">
     <span class='ocr_line' id='line_1_37' title="bbox 270 2155 1869 2220; baseline 0.001 -17"><span class='ocrx_word' id='word_1_246' title='bbox 270 2156 459 2205; x_wconf 85' lang='lat' dir='ltr'><em>accedo.</em></span> <span class='ocrx_word' id='word_1_247' title='bbox 501 2156 723 2220; x_wconf 88' lang='lat' dir='ltr'><em>Quippe</em></span> <span class='ocrx_word' id='word_1_248' title='bbox 765 2156 891 2205; x_wconf 87' lang='lat' dir='ltr'><em>istic</em></span> <span class='ocrx_word' id='word_1_249' title='bbox 931 2169 1043 2205; x_wconf 90' lang='lat' dir='ltr'><em>non</em></span> <span class='ocrx_word' id='word_1_250' title='bbox 1084 2156 1265 2219; x_wconf 88' lang='lat' dir='ltr'><em>agitur</em></span> <span class='ocrx_word' id='word_1_251' title='bbox 1305 2155 1373 2205; x_wconf 91' lang='lat' dir='ltr'><em>de</em></span> <span class='ocrx_word' id='word_1_252' title='bbox 1425 2155 1676 2205; x_wconf 82' lang='lat' dir='ltr'><em>doctrina</em></span> <span class='ocrx_word' id='word_1_253' title='bbox 1720 2155 1869 2214; x_wconf 91' lang='lat' dir='ltr'><em>ﬁdei,</em></span> 
     </span>
    </p>
   </div>
   <div class='ocr_carea' id='block_1_38' title="bbox 270 2226 1871 2289">
    <p class='ocr_par' dir='ltr' id='par_1_38' title="bbox 270 2226 1871 2289">
     <span class='ocr_line' id='line_1_38' title="bbox 270 2226 1871 2289; baseline -0.001 -14"><span class='ocrx_word' id='word_1_254' title='bbox 270 2227 349 2276; x_wconf 87' lang='lat' dir='ltr'><em>sed</em></span> <span class='ocrx_word' id='word_1_255' title='bbox 375 2226 435 2278; x_wconf 91' lang='lat' dir='ltr'><em>de</em></span> <span class='ocrx_word' id='word_1_256' title='bbox 459 2226 605 2277; x_wconf 89' lang='lat' dir='ltr'><em>bono</em></span> <span class='ocrx_word' id='word_1_257' title='bbox 637 2227 963 2289; x_wconf 56' lang='lat' dir='ltr'><em>disciplina.</em></span> <span class='ocrx_word' id='word_1_258' title='bbox 999 2227 1303 2276; x_wconf 87' lang='lat' dir='ltr'><em>Reinharto</em></span> <span class='ocrx_word' id='word_1_259' title='bbox 1331 2232 1516 2277; x_wconf 89' lang='lat' dir='ltr'><em>tamen</em></span> <span class='ocrx_word' id='word_1_260' title='bbox 1550 2227 1725 2289; x_wconf 87' lang='lat' dir='ltr'><em>magis</em></span> <span class='ocrx_word' id='word_1_261' title='bbox 1752 2226 1871 2288; x_wconf 88' lang='lat' dir='ltr'><em>pla-</em></span> 
     </span>
    </p>
   </div>
   <div class='ocr_carea' id='block_1_39' title="bbox 270 2296 1871 2348">
    <p class='ocr_par' dir='ltr' id='par_1_39' title="bbox 270 2296 1871 2348">
     <span class='ocr_line' id='line_1_39' title="bbox 270 2296 1871 2348; baseline -0.001 -1"><span class='ocrx_word' id='word_1_262' title='bbox 270 2300 363 2347; x_wconf 84' lang='lat' dir='ltr'><em>cuit</em></span> <span class='ocrx_word' id='word_1_263' title='bbox 387 2298 543 2348; x_wconf 85' lang='lat' dir='ltr'><em>editio</em></span> <span class='ocrx_word' id='word_1_264' title='bbox 581 2298 881 2348; x_wconf 87' lang='lat' dir='ltr'><em>Rembolti.</em></span> <span class='ocrx_word' id='word_1_265' title='bbox 915 2297 1073 2347; x_wconf 89' lang='lat' dir='ltr'><em>Illam</em></span> <span class='ocrx_word' id='word_1_266' title='bbox 1113 2298 1443 2347; x_wconf 86' lang='lat' dir='ltr'><em>conﬁrmant</em></span> <span class='ocrx_word' id='word_1_267' title='bbox 1475 2296 1694 2347; x_wconf 91' lang='lat' dir='ltr'><em>codices</em></span> <span class='ocrx_word' id='word_1_268' title='bbox 1738 2296 1871 2347; x_wconf 89' lang='lat' dir='ltr'><em>Car-</em></span> 
     </span>
    </p>
   </div>
   <div class='ocr_carea' id='block_1_40' title="bbox 271 2368 1095 2432">
    <p class='ocr_par' dir='ltr' id='par_1_40' title="bbox 271 2368 1095 2432">
     <span class='ocr_line' id='line_1_40' title="bbox 271 2368 1095 2432; baseline 0.001 -17"><span class='ocrx_word' id='word_1_269' title='bbox 271 2370 486 2419; x_wconf 88' lang='lat' dir='ltr'><em>notensis</em></span> <span class='ocrx_word' id='word_1_270' title='bbox 512 2372 565 2418; x_wconf 91' lang='lat' dir='ltr'><em>et</em></span> <span class='ocrx_word' id='word_1_271' title='bbox 594 2369 777 2418; x_wconf 86' lang='lat' dir='ltr'><em>sancti</em></span> <span class='ocrx_word' id='word_1_272' title='bbox 802 2368 1095 2432; x_wconf 84' lang='lat' dir='ltr'><em>Arnulphi.</em></span> 
     </span>
    </p>
   </div>
   <div class='ocr_carea' id='block_1_41' title="bbox 320 2439 1873 2503">
    <p class='ocr_par' dir='ltr' id='par_1_41' title="bbox 320 2439 1873 2503">
     <span class='ocr_line' id='line_1_41' title="bbox 320 2439 1873 2503; baseline 0 -15"><span class='ocrx_word' id='word_1_273' title='bbox 320 2442 399 2502; x_wconf 79' lang='lat'><em>(70)</em></span> <span class='ocrx_word' id='word_1_274' title='bbox 453 2439 874 2503; x_wconf 74' lang='lat' dir='ltr'><em>Presbyteris.....</em></span> <span class='ocrx_word' id='word_1_275' title='bbox 930 2441 1205 2490; x_wconf 71' lang='lat' dir='ltr'><em>universae.</em></span> <span class='ocrx_word' id='word_1_276' title='bbox 1262 2439 1355 2490; x_wconf 91' lang='lat' dir='ltr'><em>Sic</em></span> <span class='ocrx_word' id='word_1_277' title='bbox 1413 2443 1579 2491; x_wconf 82' lang='lat' dir='ltr'><em>etiam</em></span> <span class='ocrx_word' id='word_1_278' title='bbox 1635 2440 1692 2489; x_wconf 90' lang='lat' dir='ltr'><em>in</em></span> <span class='ocrx_word' id='word_1_279' title='bbox 1749 2439 1873 2502; x_wconf 89' lang='lat' dir='ltr'><em>epi—</em></span> 
     </span>
    </p>
   </div>
   <div class='ocr_carea' id='block_1_42' title="bbox 270 2509 1873 2575">
    <p class='ocr_par' dir='ltr' id='par_1_42' title="bbox 270 2509 1873 2575">
     <span class='ocr_line' id='line_1_42' title="bbox 270 2509 1873 2575; baseline -0.001 -17"><span class='ocrx_word' id='word_1_280' title='bbox 270 2510 387 2558; x_wconf 86' lang='lat' dir='ltr'><em>stola</em></span> <span class='ocrx_word' id='word_1_281' title='bbox 431 2510 703 2574; x_wconf 87' lang='lat' dir='ltr'><em>sequenti.</em></span> <span class='ocrx_word' id='word_1_282' title='bbox 760 2511 821 2559; x_wconf 91' lang='lat' dir='ltr'><em>Iu</em></span> <span class='ocrx_word' id='word_1_283' title='bbox 872 2512 1121 2575; x_wconf 79' lang='lat' dir='ltr'><em>margine</em></span> <span class='ocrx_word' id='word_1_284' title='bbox 1173 2510 1300 2559; x_wconf 89' lang='lat' dir='ltr'><em>libri</em></span> <span class='ocrx_word' id='word_1_285' title='bbox 1354 2511 1605 2574; x_wconf 90' lang='lat' dir='ltr'><em>impressi</em></span> <span class='ocrx_word' id='word_1_286' title='bbox 1662 2509 1873 2559; x_wconf 88' lang='lat' dir='ltr'><em>Nicolai</em></span> 
     </span>
    </p>
   </div>
   <div class='ocr_carea' id='block_1_43' title="bbox 271 2577 1873 2645">
    <p class='ocr_par' dir='ltr' id='par_1_43' title="bbox 271 2577 1873 2645">
     <span class='ocr_line' id='line_1_43' title="bbox 271 2577 1873 2645; baseline -0.002 -16"><span class='ocrx_word' id='word_1_287' title='bbox 271 2580 406 2630; x_wconf 81' lang='lat' dir='ltr'><em>Fabri</em></span> <span class='ocrx_word' id='word_1_288' title='bbox 446 2582 517 2631; x_wconf 89' lang='lat' dir='ltr'><em>ita</em></span> <span class='ocrx_word' id='word_1_289' title='bbox 558 2582 828 2644; x_wconf 89' lang='lat' dir='ltr'><em>scriptum</em></span> <span class='ocrx_word' id='word_1_290' title='bbox 875 2586 960 2630; x_wconf 90' lang='lat' dir='ltr'><em>est</em></span> <span class='ocrx_word' id='word_1_291' title='bbox 1002 2598 1012 2630; x_wconf 93' lang='lat'><strong><em>:</em></strong></span> <span class='ocrx_word' id='word_1_292' title='bbox 1054 2598 1083 2630; x_wconf 81' lang='lat'>«</span> <span class='ocrx_word' id='word_1_293' title='bbox 1124 2581 1208 2631; x_wconf 88' lang='lat' dir='ltr'><em>Ad</em></span> <span class='ocrx_word' id='word_1_294' title='bbox 1259 2581 1609 2645; x_wconf 82' lang='lat' dir='ltr'><em>presbyteros</em></span> <span class='ocrx_word' id='word_1_295' title='bbox 1652 2583 1706 2627; x_wconf 91' lang='lat' dir='ltr'><em>et</em></span> <span class='ocrx_word' id='word_1_296' title='bbox 1749 2577 1873 2626; x_wconf 91' lang='lat' dir='ltr'><em>dia—</em></span> 
     </span>
    </p>
   </div>
   <div class='ocr_carea' id='block_1_44' title="bbox 270 2651 1873 2716">
    <p class='ocr_par' dir='ltr' id='par_1_44' title="bbox 270 2651 1873 2716">
     <span class='ocr_line' id='line_1_44' title="bbox 270 2651 1873 2716; baseline -0.001 -16"><span class='ocrx_word' id='word_1_297' title='bbox 270 2665 411 2700; x_wconf 90' lang='lat' dir='ltr'><em>conos</em></span> <span class='ocrx_word' id='word_1_298' title='bbox 434 2658 484 2701; x_wconf 90' lang='lat' dir='ltr'><em>et</em></span> <span class='ocrx_word' id='word_1_299' title='bbox 517 2652 740 2715; x_wconf 88' lang='lat' dir='ltr'><em>plebem</em></span> <span class='ocrx_word' id='word_1_300' title='bbox 772 2653 1087 2702; x_wconf 84' lang='lat' dir='ltr'><em>universam</em></span> <span class='ocrx_word' id='word_1_301' title='bbox 1119 2653 1556 2716; x_wconf 88' lang='lat' dir='ltr'><em>Hipponensem.</em></span> <span class='ocrx_word' id='word_1_302' title='bbox 1591 2670 1617 2695; x_wconf 88' lang='grc'>»</span> <span class='ocrx_word' id='word_1_303' title='bbox 1653 2651 1737 2700; x_wconf 86' lang='lat' dir='ltr'><em>Ex</em></span> <span class='ocrx_word' id='word_1_304' title='bbox 1762 2660 1873 2712; x_wconf 90' lang='lat' dir='ltr'><em>quo</em></span> 
     </span>
    </p>
   </div>
   <div class='ocr_carea' id='block_1_45' title="bbox 272 2721 1876 2786">
    <p class='ocr_par' dir='ltr' id='par_1_45' title="bbox 272 2721 1876 2786">
     <span class='ocr_line' id='line_1_45' title="bbox 272 2721 1876 2786; baseline -0.001 -16"><span class='ocrx_word' id='word_1_305' title='bbox 272 2723 425 2785; x_wconf 77' lang='lat' dir='ltr'><em>colligi</em></span> <span class='ocrx_word' id='word_1_306' title='bbox 464 2727 651 2785; x_wconf 86' lang='lat' dir='ltr'><em>posset</em></span> <span class='ocrx_word' id='word_1_307' title='bbox 691 2723 837 2773; x_wconf 90' lang='lat' dir='ltr'><em>hanc</em></span> <span class='ocrx_word' id='word_1_308' title='bbox 884 2724 1175 2786; x_wconf 88' lang='lat' dir='ltr'><em>epistolam</em></span> <span class='ocrx_word' id='word_1_309' title='bbox 1222 2724 1394 2772; x_wconf 83' lang='lat' dir='ltr'><em>fuisse</em></span> <span class='ocrx_word' id='word_1_310' title='bbox 1440 2721 1780 2785; x_wconf 88' lang='lat' dir='ltr'><em>encyclicam</em></span> <span class='ocrx_word' id='word_1_311' title='bbox 1821 2724 1876 2769; x_wconf 92' lang='lat' dir='ltr'><em>et</em></span> 
     </span>
    </p>
   </div>
   <div class='ocr_carea' id='block_1_46' title="bbox 271 2794 1875 2851">
    <p class='ocr_par' dir='ltr' id='par_1_46' title="bbox 271 2794 1875 2851">
     <span class='ocr_line' id='line_1_46' title="bbox 271 2794 1875 2851; baseline -0.002 -10"><span class='ocrx_word' id='word_1_312' title='bbox 271 2794 464 2843; x_wconf 85' lang='lat' dir='ltr'><em>missam</em></span> <span class='ocrx_word' id='word_1_313' title='bbox 516 2794 692 2844; x_wconf 81' lang='lat' dir='ltr'><em>fuisse</em></span> <span class='ocrx_word' id='word_1_314' title='bbox 743 2794 814 2843; x_wconf 90' lang='lat' dir='ltr'><em>ad</em></span> <span class='ocrx_word' id='word_1_315' title='bbox 863 2807 1057 2843; x_wconf 90' lang='lat' dir='ltr'><em>omnes</em></span> <span class='ocrx_word' id='word_1_316' title='bbox 1108 2794 1370 2843; x_wconf 88' lang='lat' dir='ltr'><em>ecclesias</em></span> <span class='ocrx_word' id='word_1_317' title='bbox 1416 2794 1723 2851; x_wconf 81' lang='lat' dir='ltr'><em>Africanas,</em></span> <span class='ocrx_word' id='word_1_318' title='bbox 1782 2804 1875 2839; x_wconf 88' lang='lat' dir='ltr'><em>eas</em></span> 
     </span>
    </p>
   </div>
   <div class='ocr_carea' id='block_1_47' title="bbox 270 2865 1867 2930">
    <p class='ocr_par' dir='ltr' id='par_1_47' title="bbox 270 2865 1867 2930">
     <span class='ocr_line' id='line_1_47' title="bbox 270 2865 1867 2930; baseline -0.001 -18"><span class='ocrx_word' id='word_1_319' title='bbox 270 2865 435 2914; x_wconf 81' lang='lat' dir='ltr'><em>saltem</em></span> <span class='ocrx_word' id='word_1_320' title='bbox 483 2878 612 2930; x_wconf 65' lang='lat' dir='ltr'><em>quas</em></span> <span class='ocrx_word' id='word_1_321' title='bbox 664 2866 975 2915; x_wconf 77' lang='lat' dir='ltr'><em>constitutae</em></span> <span class='ocrx_word' id='word_1_322' title='bbox 1021 2868 1175 2915; x_wconf 88' lang='lat' dir='ltr'><em>erant</em></span> <span class='ocrx_word' id='word_1_323' title='bbox 1215 2865 1269 2913; x_wconf 92' lang='lat' dir='ltr'><em>in</em></span> <span class='ocrx_word' id='word_1_324' title='bbox 1311 2866 1595 2928; x_wconf 85' lang='lat' dir='ltr'><em>provincia</em></span> <span class='ocrx_word' id='word_1_325' title='bbox 1638 2874 1867 2926; x_wconf 88' lang='lat' dir='ltr'><em>procon-</em></span> 
     </span>
    </p>
   </div>
   <div class='ocr_carea' id='block_1_48' title="bbox 270 2935 428 2986">
    <p class='ocr_par' dir='ltr' id='par_1_48' title="bbox 270 2935 428 2986">
     <span class='ocr_line' id='line_1_48' title="bbox 270 2935 428 2986; baseline -0.006 -1"><span class='ocrx_word' id='word_1_326' title='bbox 270 2935 428 2986; x_wconf 88' lang='lat' dir='ltr'><em>sulari.</em></span> 
     </span>
    </p>
   </div>
   <div class='ocr_carea' id='block_1_49' title="bbox 318 3006 1872 3067">
    <p class='ocr_par' dir='ltr' id='par_1_49' title="bbox 318 3006 1872 3067">
     <span class='ocr_line' id='line_1_49' title="bbox 318 3006 1872 3067; baseline -0.001 -12"><span class='ocrx_word' id='word_1_327' title='bbox 318 3009 401 3067; x_wconf 80' lang='grc'>(71)</span> <span class='ocrx_word' id='word_1_328' title='bbox 442 3008 877 3057; x_wconf 81' lang='lat' dir='ltr'><em>Ordinationibus</em></span> <span class='ocrx_word' id='word_1_329' title='bbox 918 3007 1136 3057; x_wconf 73' lang='lat' dir='ltr'><em>clericis.</em></span> <span class='ocrx_word' id='word_1_330' title='bbox 1188 3008 1460 3059; x_wconf 75' lang='lat' dir='ltr'><em>Haec-est</em></span> <span class='ocrx_word' id='word_1_331' title='bbox 1507 3022 1635 3059; x_wconf 88' lang='lat' dir='ltr'><em>vera</em></span> <span class='ocrx_word' id='word_1_332' title='bbox 1690 3006 1872 3056; x_wconf 87' lang='lat' dir='ltr'><em>lectio.</em></span> 
     </span>
    </p>
   </div>
   <div class='ocr_carea' id='block_1_50' title="bbox 272 3076 1874 3141">
    <p class='ocr_par' dir='ltr' id='par_1_50' title="bbox 272 3076 1874 3141">
     <span class='ocr_line' id='line_1_50' title="bbox 272 3076 1874 3141; baseline 0.001 -17"><span class='ocrx_word' id='word_1_333' title='bbox 272 3076 480 3138; x_wconf 84' lang='lat' dir='ltr'><em>Quidam</em></span> <span class='ocrx_word' id='word_1_334' title='bbox 526 3082 718 3128; x_wconf 86' lang='lat' dir='ltr'><em>tamen</em></span> <span class='ocrx_word' id='word_1_335' title='bbox 759 3078 977 3141; x_wconf 86' lang='lat' dir='ltr'><em>antiqui</em></span> <span class='ocrx_word' id='word_1_336' title='bbox 1019 3077 1242 3128; x_wconf 88' lang='lat' dir='ltr'><em>codices</em></span> <span class='ocrx_word' id='word_1_337' title='bbox 1289 3078 1497 3129; x_wconf 86' lang='lat' dir='ltr'><em>habent</em></span> <span class='ocrx_word' id='word_1_338' title='bbox 1537 3079 1874 3137; x_wconf 87' lang='lat' dir='ltr'><em>clericorum,</em></span> 
     </span>
    </p>
   </div>
   <div class='ocr_carea' id='block_1_51' title="bbox 272 3149 1876 3213">
    <p class='ocr_par' dir='ltr' id='par_1_51' title="bbox 272 3149 1876 3213">
     <span class='ocr_line' id='line_1_51' title="bbox 272 3149 1876 3213; baseline 0 -17"><span class='ocrx_word' id='word_1_339' title='bbox 272 3149 349 3197; x_wconf 85' lang='lat' dir='ltr'><em>sed</em></span> <span class='ocrx_word' id='word_1_340' title='bbox 375 3164 462 3213; x_wconf 87' lang='lat' dir='ltr'><em>per</em></span> <span class='ocrx_word' id='word_1_341' title='bbox 492 3151 738 3213; x_wconf 89' lang='lat' dir='ltr'><em>speciem</em></span> <span class='ocrx_word' id='word_1_342' title='bbox 770 3149 1190 3199; x_wconf 88' lang='lat' dir='ltr'><em>emendationis.</em></span> <span class='ocrx_word' id='word_1_343' title='bbox 1225 3151 1443 3200; x_wconf 89' lang='lat' dir='ltr'><em>Etenim</em></span> <span class='ocrx_word' id='word_1_344' title='bbox 1476 3152 1533 3199; x_wconf 92' lang='lat' dir='ltr'><em>in</em></span> <span class='ocrx_word' id='word_1_345' title='bbox 1558 3150 1669 3199; x_wconf 89' lang='lat' dir='ltr'><em>illis</em></span> <span class='ocrx_word' id='word_1_346' title='bbox 1702 3150 1876 3211; x_wconf 85' lang='lat' dir='ltr'><em>scrip-</em></span> 
     </span>
    </p>
   </div>
   <div class='ocr_carea' id='block_1_52' title="bbox 272 3219 1877 3284">
    <p class='ocr_par' dir='ltr' id='par_1_52' title="bbox 272 3219 1877 3284">
     <span class='ocr_line' id='line_1_52' title="bbox 272 3219 1877 3284; baseline 0.001 -17"><span class='ocrx_word' id='word_1_347' title='bbox 272 3224 367 3268; x_wconf 88' lang='lat' dir='ltr'><em>tum</em></span> <span class='ocrx_word' id='word_1_348' title='bbox 390 3223 558 3283; x_wconf 88' lang='lat' dir='ltr'><em>primo</em></span> <span class='ocrx_word' id='word_1_349' title='bbox 591 3220 695 3268; x_wconf 82' lang='lat' dir='ltr'><em>fuit</em></span> <span class='ocrx_word' id='word_1_350' title='bbox 722 3219 945 3280; x_wconf 73' lang='lat' dir='ltr'><em>clericis,</em></span> <span class='ocrx_word' id='word_1_351' title='bbox 976 3223 1030 3269; x_wconf 87' lang='lat' dir='ltr'><em>et</em></span> <span class='ocrx_word' id='word_1_352' title='bbox 1057 3221 1372 3270; x_wconf 87' lang='lat' dir='ltr'><em>emendatio</em></span> <span class='ocrx_word' id='word_1_353' title='bbox 1401 3222 1579 3284; x_wconf 86' lang='lat' dir='ltr'><em>posita</em></span> <span class='ocrx_word' id='word_1_354' title='bbox 1604 3223 1687 3271; x_wconf 88' lang='lat' dir='ltr'><em>est</em></span> <span class='ocrx_word' id='word_1_355' title='bbox 1712 3234 1877 3283; x_wconf 89' lang='lat' dir='ltr'><em>supra</em></span> 
     </span>
    </p>
   </div>
   <div class='ocr_carea' id='block_1_53' title="bbox 270 3291 1878 3354">
    <p class='ocr_par' dir='ltr' id='par_1_53' title="bbox 270 3291 1878 3354">
     <span class='ocr_line' id='line_1_53' title="bbox 270 3291 1878 3354; baseline 0.002 -16"><span class='ocrx_word' id='word_1_356' title='bbox 270 3291 458 3342; x_wconf 85' lang='lat' dir='ltr'><em>lineam.</em></span> <span class='ocrx_word' id='word_1_357' title='bbox 488 3293 547 3341; x_wconf 89' lang='lat' dir='ltr'><em>In</em></span> <span class='ocrx_word' id='word_1_358' title='bbox 580 3291 1096 3354; x_wconf 88' lang='lat' dir='ltr'><em>Gratianopolitano</em></span> <span class='ocrx_word' id='word_1_359' title='bbox 1126 3295 1181 3341; x_wconf 89' lang='lat' dir='ltr'><em>et</em></span> <span class='ocrx_word' id='word_1_360' title='bbox 1204 3294 1260 3342; x_wconf 87' lang='lat' dir='ltr'><em>in</em></span> <span class='ocrx_word' id='word_1_361' title='bbox 1290 3294 1460 3343; x_wconf 87' lang='lat' dir='ltr'><em>veteri</em></span> <span class='ocrx_word' id='word_1_362' title='bbox 1503 3292 1743 3342; x_wconf 88' lang='lat' dir='ltr'><em>editione</em></span> <span class='ocrx_word' id='word_1_363' title='bbox 1774 3292 1878 3341; x_wconf 93' lang='lat' dir='ltr'><em>Ve-</em></span> 
     </span>
    </p>
   </div>
   <div class='ocr_carea' id='block_1_54' title="bbox 271 3361 1878 3425">
    <p class='ocr_par' dir='ltr' id='par_1_54' title="bbox 271 3361 1878 3425">
     <span class='ocr_line' id='line_1_54' title="bbox 271 3361 1878 3425; baseline 0.002 -16"><span class='ocrx_word' id='word_1_364' title='bbox 271 3367 373 3411; x_wconf 86' lang='lat' dir='ltr'><em>neta</em></span> <span class='ocrx_word' id='word_1_365' title='bbox 402 3363 597 3425; x_wconf 79' lang='lat' dir='ltr'><em>legitur</em></span> <span class='ocrx_word' id='word_1_366' title='bbox 630 3378 639 3409; x_wconf 91' lang='lat'><strong>:</strong></span> <span class='ocrx_word' id='word_1_367' title='bbox 672 3379 700 3408; x_wconf 88' lang='lat'><strong>«</strong></span> <span class='ocrx_word' id='word_1_368' title='bbox 726 3361 788 3410; x_wconf 89' lang='lat' dir='ltr'><em>In</em></span> <span class='ocrx_word' id='word_1_369' title='bbox 815 3362 1135 3412; x_wconf 86' lang='lat' dir='ltr'><em>ordinandis</em></span> <span class='ocrx_word' id='word_1_370' title='bbox 1155 3363 1393 3414; x_wconf 86' lang='lat' dir='ltr'><em>clericis.</em></span> <span class='ocrx_word' id='word_1_371' title='bbox 1422 3382 1449 3409; x_wconf 88' lang='lat'>»</span> <span class='ocrx_word' id='word_1_372' title='bbox 1476 3363 1665 3414; x_wconf 79' lang='lat' dir='ltr'><em>Codex</em></span> <span class='ocrx_word' id='word_1_373' title='bbox 1688 3362 1878 3414; x_wconf 89' lang='lat' dir='ltr'><em>Sancti</em></span> 
     </span>
    </p>
   </div>
   <div class='ocr_carea' id='block_1_55' title="bbox 271 3433 1376 3495">
    <p class='ocr_par' dir='ltr' id='par_1_55' title="bbox 271 3433 1376 3495">
     <span class='ocr_line' id='line_1_55' title="bbox 271 3433 1376 3495; baseline 0.001 -15"><span class='ocrx_word' id='word_1_374' title='bbox 271 3433 509 3495; x_wconf 78' lang='lat' dir='ltr'><em>Amulphi</em></span> <span class='ocrx_word' id='word_1_375' title='bbox 534 3450 544 3482; x_wconf 90' lang='lat'>:</span> <span class='ocrx_word' id='word_1_376' title='bbox 580 3451 615 3479; x_wconf 91' lang='lat'><strong><em>«</em></strong></span> <span class='ocrx_word' id='word_1_377' title='bbox 639 3434 720 3483; x_wconf 92' lang='lat' dir='ltr'><em>De</em></span> <span class='ocrx_word' id='word_1_378' title='bbox 750 3434 1068 3484; x_wconf 89' lang='lat' dir='ltr'><em>ordinandis</em></span> <span class='ocrx_word' id='word_1_379' title='bbox 1092 3435 1322 3485; x_wconf 87' lang='lat' dir='ltr'><em>clericis.</em></span> <span class='ocrx_word' id='word_1_380' title='bbox 1350 3454 1376 3481; x_wconf 83' lang='grc'><em>»</em></span> 
     </span>
    </p>
   </div>
   <div class='ocr_carea' id='block_1_56' title="bbox 322 3506 1877 3569">
    <p class='ocr_par' dir='ltr' id='par_1_56' title="bbox 322 3506 1877 3569">
     <span class='ocr_line' id='line_1_56' title="bbox 322 3506 1877 3569; baseline 0.001 -17"><span class='ocrx_word' id='word_1_381' title='bbox 322 3506 403 3563; x_wconf 70' lang='lat'><em>(72)</em></span> <span class='ocrx_word' id='word_1_382' title='bbox 457 3506 695 3554; x_wconf 79' lang='lat' dir='ltr'><em>Solemus</em></span> <span class='ocrx_word' id='word_1_383' title='bbox 752 3518 841 3554; x_wconf 83' lang='lat' dir='ltr'><em>vos</em></span> <span class='ocrx_word' id='word_1_384' title='bbox 898 3509 1025 3554; x_wconf 86' lang='lat' dir='ltr'><em>ante</em></span> <span class='ocrx_word' id='word_1_385' title='bbox 1076 3506 1361 3555; x_wconf 77' lang='lat' dir='ltr'><em>consulere.</em></span> <span class='ocrx_word' id='word_1_386' title='bbox 1423 3508 1532 3556; x_wconf 89' lang='lat' dir='ltr'><em>Ista</em></span> <span class='ocrx_word' id='word_1_387' title='bbox 1583 3506 1877 3569; x_wconf 89' lang='lat' dir='ltr'><em>disciplina</em></span> 
     </span>
    </p>
   </div>
   <div class='ocr_carea' id='block_1_57' title="bbox 270 3576 1874 3640">
    <p class='ocr_par' dir='ltr' id='par_1_57' title="bbox 270 3576 1874 3640">
     <span class='ocr_line' id='line_1_57' title="bbox 270 3576 1874 3640; baseline 0.002 -19"><span class='ocrx_word' id='word_1_388' title='bbox 270 3578 364 3624; x_wconf 86' lang='lat' dir='ltr'><em>tum</em></span> <span class='ocrx_word' id='word_1_389' title='bbox 402 3576 611 3640; x_wconf 88' lang='lat' dir='ltr'><em>ubique</em></span> <span class='ocrx_word' id='word_1_390' title='bbox 662 3579 881 3638; x_wconf 89' lang='lat' dir='ltr'><em>recepta</em></span> <span class='ocrx_word' id='word_1_391' title='bbox 928 3580 1062 3637; x_wconf 89' lang='lat' dir='ltr'><em>erat,</em></span> <span class='ocrx_word' id='word_1_392' title='bbox 1101 3581 1162 3626; x_wconf 93' lang='lat' dir='ltr'><em>ut</em></span> <span class='ocrx_word' id='word_1_393' title='bbox 1206 3578 1450 3640; x_wconf 90' lang='lat' dir='ltr'><em>episcopi</em></span> <span class='ocrx_word' id='word_1_394' title='bbox 1497 3579 1776 3627; x_wconf 90' lang='lat' dir='ltr'><em>neminem</em></span> <span class='ocrx_word' id='word_1_395' title='bbox 1820 3577 1874 3624; x_wconf 91' lang='lat' dir='ltr'><em>in</em></span> 
     </span>
    </p>
   </div>
   <div class='ocr_carea' id='block_1_58' title="bbox 270 3647 1878 3698">
    <p class='ocr_par' dir='ltr' id='par_1_58' title="bbox 270 3647 1878 3698">
     <span class='ocr_line' id='line_1_58' title="bbox 270 3647 1878 3698; baseline 0.002 -5"><span class='ocrx_word' id='word_1_396' title='bbox 270 3648 449 3696; x_wconf 88' lang='lat' dir='ltr'><em>clerum</em></span> <span class='ocrx_word' id='word_1_397' title='bbox 503 3647 881 3697; x_wconf 88' lang='lat' dir='ltr'><em>adsciscerent</em></span> <span class='ocrx_word' id='word_1_398' title='bbox 937 3650 1044 3696; x_wconf 88' lang='lat' dir='ltr'><em>nisi</em></span> <span class='ocrx_word' id='word_1_399' title='bbox 1101 3661 1229 3697; x_wconf 90' lang='lat' dir='ltr'><em>cum</em></span> <span class='ocrx_word' id='word_1_400' title='bbox 1292 3662 1570 3698; x_wconf 89' lang='lat' dir='ltr'><em>consensu</em></span> <span class='ocrx_word' id='word_1_401' title='bbox 1630 3649 1761 3698; x_wconf 89' lang='lat' dir='ltr'><em>cleri</em></span> <span class='ocrx_word' id='word_1_402' title='bbox 1822 3652 1878 3697; x_wconf 92' lang='lat' dir='ltr'><em>et</em></span> 
     </span>
    </p>
   </div>
   <div class='ocr_carea' id='block_1_59' title="bbox 272 3716 1877 3783">
    <p class='ocr_par' dir='ltr' id='par_1_59' title="bbox 272 3716 1877 3783">
     <span class='ocr_line' id='line_1_59' title="bbox 272 3716 1877 3783; baseline 0.002 -18"><span class='ocrx_word' id='word_1_403' title='bbox 272 3716 445 3778; x_wconf 84' lang='lat' dir='ltr'><em>plebis;</em></span> <span class='ocrx_word' id='word_1_404' title='bbox 475 3717 645 3781; x_wconf 89' lang='lat' dir='ltr'><em>idque</em></span> <span class='ocrx_word' id='word_1_405' title='bbox 680 3730 897 3780; x_wconf 88' lang='lat' dir='ltr'><em>semper</em></span> <span class='ocrx_word' id='word_1_406' title='bbox 937 3719 1278 3781; x_wconf 87' lang='lat' dir='ltr'><em>servabatur,</em></span> <span class='ocrx_word' id='word_1_407' title='bbox 1308 3720 1411 3769; x_wconf 89' lang='lat' dir='ltr'><em>nisi</em></span> <span class='ocrx_word' id='word_1_408' title='bbox 1450 3735 1648 3783; x_wconf 86' lang='lat' dir='ltr'><em>magna</em></span> <span class='ocrx_word' id='word_1_409' title='bbox 1690 3721 1877 3783; x_wconf 89' lang='lat' dir='ltr'><em>aliqua</em></span> 
     </span>
    </p>
   </div>
   <div class='ocr_carea' id='block_1_60' title="bbox 271 3788 1878 3852">
    <p class='ocr_par' dir='ltr' id='par_1_60' title="bbox 271 3788 1878 3852">
     <span class='ocr_line' id='line_1_60' title="bbox 271 3788 1878 3852; baseline 0.001 -15"><span class='ocrx_word' id='word_1_410' title='bbox 271 3800 408 3837; x_wconf 77' lang='lat' dir='ltr'><em>Causa</em></span> <span class='ocrx_word' id='word_1_411' title='bbox 460 3789 717 3838; x_wconf 87' lang='lat' dir='ltr'><em>subesset</em></span> <span class='ocrx_word' id='word_1_412' title='bbox 771 3788 1086 3839; x_wconf 82' lang='lat' dir='ltr'><em>festinandi.</em></span> <span class='ocrx_word' id='word_1_413' title='bbox 1148 3790 1329 3852; x_wconf 88' lang='lat' dir='ltr'><em>Quare</em></span> <span class='ocrx_word' id='word_1_414' title='bbox 1376 3792 1578 3841; x_wconf 91' lang='lat' dir='ltr'><em>mirum</em></span> <span class='ocrx_word' id='word_1_415' title='bbox 1635 3804 1747 3840; x_wconf 91' lang='lat' dir='ltr'><em>non</em></span> <span class='ocrx_word' id='word_1_416' title='bbox 1794 3794 1878 3839; x_wconf 89' lang='lat' dir='ltr'><em>est</em></span> 
     </span>
    </p>
   </div>
   <div class='ocr_carea' id='block_1_61' title="bbox 271 3860 1879 3924">
    <p class='ocr_par' dir='ltr' id='par_1_61' title="bbox 271 3860 1879 3924">
     <span class='ocr_line' id='line_1_61' title="bbox 271 3860 1879 3924; baseline 0.001 -17"><span class='ocrx_word' id='word_1_417' title='bbox 271 3861 563 3924; x_wconf 88' lang='lat' dir='ltr'><em>episcopum</em></span> <span class='ocrx_word' id='word_1_418' title='bbox 636 3860 950 3909; x_wconf 85' lang='lat' dir='ltr'><em>Romanum</em></span> <span class='ocrx_word' id='word_1_419' title='bbox 1013 3862 1108 3924; x_wconf 89' lang='lat' dir='ltr'><em>qui</em></span> <span class='ocrx_word' id='word_1_420' title='bbox 1176 3863 1543 3912; x_wconf 89' lang='lat' dir='ltr'><em>Novatianum</em></span> <span class='ocrx_word' id='word_1_421' title='bbox 1606 3861 1879 3911; x_wconf 88' lang='lat' dir='ltr'><em>ordinavit</em></span> 
     </span>
    </p>
   </div>
   <div class='ocr_carea' id='block_1_62' title="bbox 273 3930 1878 3993">
    <p class='ocr_par' dir='ltr' id='par_1_62' title="bbox 273 3930 1878 3993">
     <span class='ocr_line' id='line_1_62' title="bbox 273 3930 1878 3993; baseline 0.001 -15"><span class='ocrx_word' id='word_1_422' title='bbox 273 3930 650 3993; x_wconf 78' lang='lat' dir='ltr'><em>presbyterum,</em></span> <span class='ocrx_word' id='word_1_423' title='bbox 696 3945 827 3979; x_wconf 89' lang='lat' dir='ltr'><em>cum</em></span> <span class='ocrx_word' id='word_1_424' title='bbox 871 3932 926 3981; x_wconf 92' lang='lat' dir='ltr'><em>id</em></span> <span class='ocrx_word' id='word_1_425' title='bbox 967 3932 1087 3982; x_wconf 90' lang='lat' dir='ltr'><em>ﬁeri</em></span> <span class='ocrx_word' id='word_1_426' title='bbox 1130 3934 1313 3983; x_wconf 90' lang='lat' dir='ltr'><em>clerus</em></span> <span class='ocrx_word' id='word_1_427' title='bbox 1352 3935 1646 3983; x_wconf 81' lang='lat' dir='ltr'><em>universus</em></span> <span class='ocrx_word' id='word_1_428' title='bbox 1681 3932 1878 3981; x_wconf 90' lang='lat' dir='ltr'><em>multi-</em></span> 
     </span>
    </p>
   </div>
   <div class='ocr_carea' id='block_1_63' title="bbox 273 4002 1875 4068">
    <p class='ocr_par' dir='ltr' id='par_1_63' title="bbox 273 4002 1875 4068">
     <span class='ocr_line' id='line_1_63' title="bbox 273 4002 1875 4068; baseline 0.001 -18"><span class='ocrx_word' id='word_1_429' title='bbox 273 4013 361 4061; x_wconf 83' lang='lat' dir='ltr'><em>que</em></span> <span class='ocrx_word' id='word_1_430' title='bbox 412 4016 476 4051; x_wconf 83' lang='lat' dir='ltr'><em>ex</em></span> <span class='ocrx_word' id='word_1_431' title='bbox 531 4002 741 4065; x_wconf 90' lang='lat' dir='ltr'><em>populo</em></span> <span class='ocrx_word' id='word_1_432' title='bbox 797 4004 1004 4065; x_wconf 88' lang='lat' dir='ltr'><em>justam</em></span> <span class='ocrx_word' id='word_1_433' title='bbox 1066 4005 1137 4055; x_wconf 92' lang='lat' dir='ltr'><em>ob</em></span> <span class='ocrx_word' id='word_1_434' title='bbox 1193 4019 1419 4055; x_wconf 89' lang='lat' dir='ltr'><em>causam</em></span> <span class='ocrx_word' id='word_1_435' title='bbox 1487 4008 1875 4068; x_wconf 81' lang='lat' dir='ltr'><em>repugnarent,</em></span> 
     </span>
    </p>
   </div>
   <div class='ocr_carea' id='block_1_64' title="bbox 273 4071 1879 4139">
    <p class='ocr_par' dir='ltr' id='par_1_64' title="bbox 273 4071 1879 4139">
     <span class='ocr_line' id='line_1_64' title="bbox 273 4071 1879 4139; baseline 0.004 -23"><span class='ocrx_word' id='word_1_436' title='bbox 273 4071 326 4118; x_wconf 86' lang='lat' dir='ltr'><em>ab</em></span> <span class='ocrx_word' id='word_1_437' title='bbox 358 4072 606 4129; x_wconf 75' lang='lat' dir='ltr'><em>omnibus,</em></span> <span class='ocrx_word' id='word_1_438' title='bbox 653 4079 714 4121; x_wconf 91' lang='lat' dir='ltr'><em>ut</em></span> <span class='ocrx_word' id='word_1_439' title='bbox 760 4074 853 4123; x_wconf 89' lang='lat' dir='ltr'><em>lib.</em></span> <span class='ocrx_word' id='word_1_440' title='bbox 890 4088 967 4135; x_wconf 87' lang='lat' dir='ltr'><em>Vl,</em></span> <span class='ocrx_word' id='word_1_441' title='bbox 1006 4089 1125 4139; x_wconf 90' lang='lat' dir='ltr'><em>cap.</em></span> <span class='ocrx_word' id='word_1_442' title='bbox 1167 4077 1247 4137; x_wconf 83' lang='lat' dir='ltr'><em>3t,</em></span> <span class='ocrx_word' id='word_1_443' title='bbox 1294 4078 1423 4125; x_wconf 85' lang='lat' dir='ltr'><em>Hist.</em></span> <span class='ocrx_word' id='word_1_444' title='bbox 1465 4077 1639 4125; x_wconf 85' lang='lat' dir='ltr'><em>ecetes.</em></span> <span class='ocrx_word' id='word_1_445' title='bbox 1685 4075 1879 4125; x_wconf 88' lang='lat' dir='ltr'><em>scribit</em></span> 
     </span>
    </p>
   </div>
   <div class='ocr_carea' id='block_1_65' title="bbox 274 4139 1877 4210">
    <p class='ocr_par' dir='ltr' id='par_1_65' title="bbox 274 4139 1877 4210">
     <span class='ocr_line' id='line_1_65' title="bbox 274 4139 1877 4210; baseline 0.002 -20"><span class='ocrx_word' id='word_1_446' title='bbox 274 4139 492 4203; x_wconf 82' lang='lat' dir='ltr'><em>Ruﬁnus,</em></span> <span class='ocrx_word' id='word_1_447' title='bbox 544 4162 577 4191; x_wconf 69' lang='grc' dir='ltr'>(ι</span> <span class='ocrx_word' id='word_1_448' title='bbox 632 4142 946 4207; x_wconf 90' lang='lat' dir='ltr'><em>Specialem</em></span> <span class='ocrx_word' id='word_1_449' title='bbox 1002 4147 1235 4210; x_wconf 78' lang='lat' dir='ltr'><em>gratiam</em></span> <span class='ocrx_word' id='word_1_450' title='bbox 1294 4147 1612 4210; x_wconf 89' lang='lat' dir='ltr'><em>poposcisse</em></span> <span class='ocrx_word' id='word_1_451' title='bbox 1660 4149 1721 4195; x_wconf 91' lang='lat' dir='ltr'><em>ut</em></span> <span class='ocrx_word' id='word_1_452' title='bbox 1771 4145 1877 4194; x_wconf 90' lang='lat' dir='ltr'><em>sibi</em></span> 
     </span>
    </p>
   </div>
   <div class='ocr_carea' id='block_1_66' title="bbox 273 4211 1877 4282">
    <p class='ocr_par' dir='ltr' id='par_1_66' title="bbox 273 4211 1877 4282">
     <span class='ocr_line' id='line_1_66' title="bbox 273 4211 1877 4282; baseline 0.005 -24"><span class='ocrx_word' id='word_1_453' title='bbox 273 4211 361 4261; x_wconf 88' lang='lat' dir='ltr'><em>hoc</em></span> <span class='ocrx_word' id='word_1_454' title='bbox 406 4213 469 4263; x_wconf 88' lang='lat' dir='ltr'><em>de</em></span> <span class='ocrx_word' id='word_1_455' title='bbox 523 4216 630 4263; x_wconf 87' lang='lat' dir='ltr'><em>isto</em></span> <span class='ocrx_word' id='word_1_456' title='bbox 678 4228 793 4265; x_wconf 90' lang='lat' dir='ltr'><em>uno</em></span> <span class='ocrx_word' id='word_1_457' title='bbox 849 4216 1329 4267; x_wconf 76' lang='lat' dir='ltr'><em>concederetur.»</em></span> <span class='ocrx_word' id='word_1_458' title='bbox 1360 4217 1490 4267; x_wconf 89' lang='lat' dir='ltr'><em>Fuit</em></span> <span class='ocrx_word' id='word_1_459' title='bbox 1540 4218 1704 4282; x_wconf 83' lang='lat' dir='ltr'><em>igitur</em></span> <span class='ocrx_word' id='word_1_460' title='bbox 1753 4230 1877 4279; x_wconf 88' lang='lat' dir='ltr'><em>spe-</em></span> 
     </span>
    </p>
   </div>
   <div class='ocr_carea' id='block_1_67' title="bbox 274 4282 1878 4351">
    <p class='ocr_par' dir='ltr' id='par_1_67' title="bbox 274 4282 1878 4351">
     <span class='ocr_line' id='line_1_67' title="bbox 274 4282 1878 4351; baseline 0.006 -23"><span class='ocrx_word' id='word_1_461' title='bbox 274 4282 393 4331; x_wconf 88' lang='lat' dir='ltr'><em>calis</em></span> <span class='ocrx_word' id='word_1_462' title='bbox 456 4288 629 4347; x_wconf 86' lang='lat' dir='ltr'><em>gratia</em></span> <span class='ocrx_word' id='word_1_463' title='bbox 690 4299 955 4336; x_wconf 89' lang='lat' dir='ltr'><em>concessa</em></span> <span class='ocrx_word' id='word_1_464' title='bbox 1004 4288 1264 4350; x_wconf 89' lang='lat' dir='ltr'><em>episcopo</em></span> <span class='ocrx_word' id='word_1_465' title='bbox 1309 4301 1338 4336; x_wconf 89' lang='lat' dir='ltr'><em>a</em></span> <span class='ocrx_word' id='word_1_466' title='bbox 1385 4288 1535 4337; x_wconf 90' lang='lat' dir='ltr'><em>clero</em></span> <span class='ocrx_word' id='word_1_467' title='bbox 1576 4290 1629 4337; x_wconf 90' lang='lat' dir='ltr'><em>et</em></span> <span class='ocrx_word' id='word_1_468' title='bbox 1658 4301 1689 4336; x_wconf 91' lang='lat' dir='ltr'><em>a</em></span> <span class='ocrx_word' id='word_1_469' title='bbox 1718 4287 1878 4351; x_wconf 89' lang='lat' dir='ltr'><em>plebe</em></span> 
     </span>
    </p>
   </div>
   <div class='ocr_carea' id='block_1_68' title="bbox 273 4355 1878 4421">
    <p class='ocr_par' dir='ltr' id='par_1_68' title="bbox 273 4355 1878 4421">
     <span class='ocr_line' id='line_1_68' title="bbox 273 4355 1878 4421; baseline 0.005 -22"><span class='ocrx_word' id='word_1_470' title='bbox 273 4358 323 4399; x_wconf 89' lang='lat' dir='ltr'><em>ut</em></span> <span class='ocrx_word' id='word_1_471' title='bbox 372 4355 733 4406; x_wconf 86' lang='lat' dir='ltr'><em>Novatianum</em></span> <span class='ocrx_word' id='word_1_472' title='bbox 788 4358 1066 4407; x_wconf 87' lang='lat' dir='ltr'><em>ordinaret</em></span> <span class='ocrx_word' id='word_1_473' title='bbox 1110 4358 1515 4421; x_wconf 84' lang='lat' dir='ltr'><em>presbyterum.</em></span> <span class='ocrx_word' id='word_1_474' title='bbox 1573 4360 1643 4408; x_wconf 89' lang='lat' dir='ltr'><em>Et</em></span> <span class='ocrx_word' id='word_1_475' title='bbox 1694 4364 1878 4409; x_wconf 89' lang='lat' dir='ltr'><em>tamen</em></span> 
     </span>
    </p>
   </div>
   <div class='ocr_carea' id='block_1_69' title="bbox 271 4422 1879 4480">
    <p class='ocr_par' dir='ltr' id='par_1_69' title="bbox 271 4422 1879 4480">
     <span class='ocr_line' id='line_1_69' title="bbox 271 4422 1879 4480; baseline 0.005 -8"><span class='ocrx_word' id='word_1_476' title='bbox 271 4422 510 4476; x_wconf 87' lang='lat' dir='ltr'><em>Baronius</em></span> <span class='ocrx_word' id='word_1_477' title='bbox 546 4428 747 4478; x_wconf 88' lang='lat' dir='ltr'><em>mirum</em></span> <span class='ocrx_word' id='word_1_478' title='bbox 788 4431 841 4477; x_wconf 91' lang='lat' dir='ltr'><em>in</em></span> <span class='ocrx_word' id='word_1_479' title='bbox 869 4430 1099 4479; x_wconf 91' lang='lat' dir='ltr'><em>modum</em></span> <span class='ocrx_word' id='word_1_480' title='bbox 1131 4430 1364 4479; x_wconf 86' lang='lat' dir='ltr'><em>laudans</em></span> <span class='ocrx_word' id='word_1_481' title='bbox 1390 4431 1516 4480; x_wconf 91' lang='lat' dir='ltr'><em>istic</em></span> <span class='ocrx_word' id='word_1_482' title='bbox 1550 4430 1879 4480; x_wconf 89' lang='lat' dir='ltr'><em>modestiam</em></span> 
     </span>
    </p>
   </div>
   <div class='ocr_carea' id='block_1_70' title="bbox 274 4493 1879 4564">
    <p class='ocr_par' dir='ltr' id='par_1_70' title="bbox 274 4493 1879 4564">
     <span class='ocr_line' id='line_1_70' title="bbox 274 4493 1879 4564; baseline 0.005 -22"><span class='ocrx_word' id='word_1_483' title='bbox 274 4493 623 4548; x_wconf 86' lang='lat' dir='ltr'><em>admirandam</em></span> <span class='ocrx_word' id='word_1_484' title='bbox 671 4501 875 4549; x_wconf 89' lang='lat' dir='ltr'><em>summi</em></span> <span class='ocrx_word' id='word_1_485' title='bbox 923 4500 1235 4562; x_wconf 85' lang='lat' dir='ltr'><em>Pontiﬁcis,</em></span> <span class='ocrx_word' id='word_1_486' title='bbox 1285 4503 1447 4564; x_wconf 88' lang='lat' dir='ltr'><em>cujus</em></span> <span class='ocrx_word' id='word_1_487' title='bbox 1499 4516 1627 4552; x_wconf 90' lang='lat' dir='ltr'><em>cum</em></span> <span class='ocrx_word' id='word_1_488' title='bbox 1680 4507 1879 4552; x_wconf 89' lang='lat' dir='ltr'><em>aucto—</em></span> 
     </span>
    </p>
   </div>
   <div class='ocr_carea' id='block_1_71' title="bbox 274 4566 1877 4636">
    <p class='ocr_par' dir='ltr' id='par_1_71' title="bbox 274 4566 1877 4636">
     <span class='ocr_line' id='line_1_71' title="bbox 274 4566 1877 4636; baseline 0.005 -23"><span class='ocrx_word' id='word_1_489' title='bbox 274 4566 383 4615; x_wconf 86' lang='lat' dir='ltr'><em>ritas</em></span> <span class='ocrx_word' id='word_1_490' title='bbox 435 4571 488 4617; x_wconf 93' lang='lat' dir='ltr'><em>in</em></span> <span class='ocrx_word' id='word_1_491' title='bbox 545 4570 799 4620; x_wconf 89' lang='lat' dir='ltr'><em>Ecclesia</em></span> <span class='ocrx_word' id='word_1_492' title='bbox 860 4584 1075 4620; x_wconf 90' lang='lat' dir='ltr'><em>summa</em></span> <span class='ocrx_word' id='word_1_493' title='bbox 1138 4576 1310 4630; x_wconf 87' lang='lat' dir='ltr'><em>esset,</em></span> <span class='ocrx_word' id='word_1_494' title='bbox 1366 4577 1551 4622; x_wconf 88' lang='lat' dir='ltr'><em>tamen</em></span> <span class='ocrx_word' id='word_1_495' title='bbox 1611 4586 1722 4623; x_wconf 90' lang='lat' dir='ltr'><em>non</em></span> <span class='ocrx_word' id='word_1_496' title='bbox 1780 4587 1877 4636; x_wconf 89' lang='lat' dir='ltr'><em>pro</em></span> 
     </span>
    </p>
   </div>
   <div class='ocr_carea' id='block_1_72' title="bbox 274 4638 1877 4703">
    <p class='ocr_par' dir='ltr' id='par_1_72' title="bbox 274 4638 1877 4703">
     <span class='ocr_line' id='line_1_72' title="bbox 274 4638 1877 4703; baseline 0.007 -22"><span class='ocrx_word' id='word_1_497' title='bbox 274 4638 417 4687; x_wconf 86' lang='lat' dir='ltr'><em>animi</em></span> <span class='ocrx_word' id='word_1_498' title='bbox 447 4640 696 4703; x_wconf 87' lang='lat' dir='ltr'><em>arbitrio,</em></span> <span class='ocrx_word' id='word_1_499' title='bbox 733 4642 829 4691; x_wconf 88' lang='lat' dir='ltr'><em>sed</em></span> <span class='ocrx_word' id='word_1_500' title='bbox 866 4642 1097 4690; x_wconf 85' lang='lat' dir='ltr'><em>fratrum</em></span> <span class='ocrx_word' id='word_1_501' title='bbox 1133 4656 1411 4693; x_wconf 89' lang='lat' dir='ltr'><em>consensu</em></span> <span class='ocrx_word' id='word_1_502' title='bbox 1446 4644 1641 4693; x_wconf 92' lang='lat' dir='ltr'><em>solitus</em></span> <span class='ocrx_word' id='word_1_503' title='bbox 1676 4646 1877 4693; x_wconf 88' lang='lat' dir='ltr'><em>cuncta</em></span> 
     </span>
    </p>
   </div>
   <div class='ocr_carea' id='block_1_73' title="bbox 274 4706 1879 4774">
    <p class='ocr_par' dir='ltr' id='par_1_73' title="bbox 274 4706 1879 4774">
     <span class='ocr_line' id='line_1_73' title="bbox 274 4706 1879 4774; baseline 0.006 -20"><span class='ocrx_word' id='word_1_504' title='bbox 274 4706 444 4771; x_wconf 83' lang='lat' dir='ltr'><em>facere,</em></span> <span class='ocrx_word' id='word_1_505' title='bbox 487 4725 626 4774; x_wconf 89' lang='lat' dir='ltr'><em>quos</em></span> <span class='ocrx_word' id='word_1_506' title='bbox 672 4712 777 4761; x_wconf 90' lang='lat' dir='ltr'><em>sibi</em></span> <span class='ocrx_word' id='word_1_507' title='bbox 818 4714 1116 4762; x_wconf 87' lang='lat' dir='ltr'><em>renitentes</em></span> <span class='ocrx_word' id='word_1_508' title='bbox 1140 4713 1367 4774; x_wconf 88' lang='lat' dir='ltr'><em>videret,</em></span> <span class='ocrx_word' id='word_1_509' title='bbox 1405 4729 1516 4764; x_wconf 90' lang='lat' dir='ltr'><em>non</em></span> <span class='ocrx_word' id='word_1_510' title='bbox 1552 4716 1604 4763; x_wconf 90' lang='lat' dir='ltr'><em>vi</em></span> <span class='ocrx_word' id='word_1_511' title='bbox 1633 4714 1748 4764; x_wconf 89' lang='lat' dir='ltr'><em>ulla</em></span> <span class='ocrx_word' id='word_1_512' title='bbox 1783 4719 1879 4763; x_wconf 90' lang='lat' dir='ltr'><em>aut</em></span> 
     </span>
    </p>
   </div>
   <div class='ocr_carea' id='block_1_74' title="bbox 276 4783 1873 4847">
    <p class='ocr_par' dir='ltr' id='par_1_74' title="bbox 276 4783 1873 4847">
     <span class='ocr_line' id='line_1_74' title="bbox 276 4783 1873 4847; baseline 0.006 -24"><span class='ocrx_word' id='word_1_513' title='bbox 276 4783 513 4837; x_wconf 70' lang='lat' dir='ltr'><em>potestate</em></span> <span class='ocrx_word' id='word_1_514' title='bbox 570 4786 825 4847; x_wconf 84' lang='lat' dir='ltr'><em>cogeret,</em></span> <span class='ocrx_word' id='word_1_515' title='bbox 878 4783 975 4833; x_wconf 90' lang='lat' dir='ltr'><em>sed</em></span> <span class='ocrx_word' id='word_1_516' title='bbox 1029 4784 1305 4835; x_wconf 89' lang='lat' dir='ltr'><em>submisso</em></span> <span class='ocrx_word' id='word_1_517' title='bbox 1367 4788 1551 4835; x_wconf 88' lang='lat' dir='ltr'><em>animo</em></span> <span class='ocrx_word' id='word_1_518' title='bbox 1608 4790 1873 4835; x_wconf 81' lang='lat' dir='ltr'><em>exoraret.</em></span> 
     </span>
    </p>
   </div>
   <div class='ocr_carea' id='block_1_75' title="bbox 278 4846 1877 4913">
    <p class='ocr_par' dir='ltr' id='par_1_75' title="bbox 278 4846 1877 4913">
     <span class='ocr_line' id='line_1_75' title="bbox 278 4846 1877 4913; baseline 0.008 -17"><span class='ocrx_word' id='word_1_519' title='bbox 278 4846 792 4904; x_wconf 19' lang='lat' dir='ltr'><em>Rhetoricatur’istic</em></span> <span class='ocrx_word' id='word_1_520' title='bbox 835 4854 1125 4913; x_wconf 88' lang='lat' dir='ltr'><em>Baronius,</em></span> <span class='ocrx_word' id='word_1_521' title='bbox 1165 4860 1219 4905; x_wconf 92' lang='lat' dir='ltr'><em>et</em></span> <span class='ocrx_word' id='word_1_522' title='bbox 1250 4869 1431 4906; x_wconf 89' lang='lat' dir='ltr'><em>mores</em></span> <span class='ocrx_word' id='word_1_523' title='bbox 1472 4856 1691 4907; x_wconf 91' lang='lat' dir='ltr'><em>illorum</em></span> <span class='ocrx_word' id='word_1_524' title='bbox 1740 4863 1877 4908; x_wconf 90' lang='lat' dir='ltr'><em>tem-</em></span> 
     </span>
    </p>
   </div>
   <div class='ocr_carea' id='block_1_76' title="bbox 276 4926 1879 4988">
    <p class='ocr_par' dir='ltr' id='par_1_76' title="bbox 276 4926 1879 4988">
     <span class='ocr_line' id='line_1_76' title="bbox 276 4926 1879 4988; baseline 0.007 -20"><span class='ocrx_word' id='word_1_525' title='bbox 276 4933 442 4981; x_wconf 85' lang='lat' dir='ltr'><em>porum</em></span> <span class='ocrx_word' id='word_1_526' title='bbox 488 4926 933 4986; x_wconf 89' lang='lat' dir='ltr'><em>accommodans,</em></span> <span class='ocrx_word' id='word_1_527' title='bbox 963 4930 1022 4974; x_wconf 91' lang='lat' dir='ltr'><em>ut</em></span> <span class='ocrx_word' id='word_1_528' title='bbox 1048 4927 1204 4987; x_wconf 92' lang='lat' dir='ltr'><em>solet,</em></span> <span class='ocrx_word' id='word_1_529' title='bbox 1236 4927 1305 4976; x_wconf 90' lang='lat' dir='ltr'><em>ad</em></span> <span class='ocrx_word' id='word_1_530' title='bbox 1335 4933 1572 4988; x_wconf 87' lang='lat' dir='ltr'><em>nostros,</em></span> <span class='ocrx_word' id='word_1_531' title='bbox 1607 4930 1674 4978; x_wconf 90' lang='lat' dir='ltr'><em>ad</em></span> <span class='ocrx_word' id='word_1_532' title='bbox 1704 4931 1879 4980; x_wconf 83' lang='lat' dir='ltr'><em>facili-</em></span> 
     </span>
    </p>
   </div>
   <div class='ocr_carea' id='block_1_77' title="bbox 277 4995 1878 5063">
    <p class='ocr_par' dir='ltr' id='par_1_77' title="bbox 277 4995 1878 5063">
     <span class='ocr_line' id='line_1_77' title="bbox 277 4995 1878 5063; baseline 0.008 -27"><span class='ocrx_word' id='word_1_533' title='bbox 277 4995 417 5063; x_wconf 85' lang='lat' dir='ltr'><em>tatem</em></span> <span class='ocrx_word' id='word_1_534' title='bbox 468 4996 597 5046; x_wconf 89' lang='lat' dir='ltr'><em>boui</em></span> <span class='ocrx_word' id='word_1_535' title='bbox 660 4998 817 5046; x_wconf 88' lang='lat' dir='ltr'><em>istius</em></span> <span class='ocrx_word' id='word_1_536' title='bbox 871 4998 1031 5059; x_wconf 74' lang='lat' dir='ltr'><em>Papae</em></span> <span class='ocrx_word' id='word_1_537' title='bbox 1089 4999 1251 5047; x_wconf 85' lang='lat' dir='ltr'><em>refert</em></span> <span class='ocrx_word' id='word_1_538' title='bbox 1304 5000 1601 5062; x_wconf 87' lang='lat' dir='ltr'><em>specialem</em></span> <span class='ocrx_word' id='word_1_539' title='bbox 1650 5002 1878 5063; x_wconf 85' lang='lat' dir='ltr'><em>gratiam</em></span> 
     </span>
    </p>
   </div>
   <div class='ocr_carea' id='block_1_78' title="bbox 277 5062 1879 5133">
    <p class='ocr_par' dir='ltr' id='par_1_78' title="bbox 277 5062 1879 5133">
     <span class='ocr_line' id='line_1_78' title="bbox 277 5062 1879 5133; baseline 0.006 -25"><span class='ocrx_word' id='word_1_540' title='bbox 277 5062 317 5108; x_wconf 86' lang='lat' dir='ltr'><em>ei</em></span> <span class='ocrx_word' id='word_1_541' title='bbox 362 5063 551 5114; x_wconf 83' lang='lat' dir='ltr'><em>factam</em></span> <span class='ocrx_word' id='word_1_542' title='bbox 583 5081 612 5115; x_wconf 89' lang='lat' dir='ltr'><em>a</em></span> <span class='ocrx_word' id='word_1_543' title='bbox 656 5067 803 5117; x_wconf 92' lang='lat' dir='ltr'><em>clero</em></span> <span class='ocrx_word' id='word_1_544' title='bbox 846 5073 899 5116; x_wconf 91' lang='lat' dir='ltr'><em>et</em></span> <span class='ocrx_word' id='word_1_545' title='bbox 940 5067 1118 5131; x_wconf 88' lang='lat' dir='ltr'><em>plebe,</em></span> <span class='ocrx_word' id='word_1_546' title='bbox 1160 5074 1219 5118; x_wconf 90' lang='lat' dir='ltr'><em>ut</em></span> <span class='ocrx_word' id='word_1_547' title='bbox 1270 5070 1559 5120; x_wconf 86' lang='lat' dir='ltr'><em>manifeste</em></span> <span class='ocrx_word' id='word_1_548' title='bbox 1612 5074 1759 5133; x_wconf 90' lang='lat' dir='ltr'><em>patet</em></span> <span class='ocrx_word' id='word_1_549' title='bbox 1811 5084 1879 5119; x_wconf 85' lang='lat' dir='ltr'><em>ex</em></span> 
     </span>
    </p>
   </div>
   <div class='ocr_carea' id='block_1_79' title="bbox 277 5132 1879 5209">
    <p class='ocr_par' dir='ltr' id='par_1_79' title="bbox 277 5132 1879 5209">
     <span class='ocr_line' id='line_1_79' title="bbox 277 5132 1879 5209; baseline 0.005 -28"><span class='ocrx_word' id='word_1_550' title='bbox 277 5132 599 5209; x_wconf 55' lang='lat' dir='ltr'><em>eahistoria.</em></span> <span class='ocrx_word' id='word_1_551' title='bbox 642 5137 703 5186; x_wconf 91' lang='lat' dir='ltr'><strong>In</strong></span> <span class='ocrx_word' id='word_1_552' title='bbox 749 5138 913 5188; x_wconf 89' lang='lat' dir='ltr'><em>rebus</em></span> <span class='ocrx_word' id='word_1_553' title='bbox 962 5139 1239 5189; x_wconf 91' lang='lat' dir='ltr'><em>historicis</em></span> <span class='ocrx_word' id='word_1_554' title='bbox 1279 5154 1391 5190; x_wconf 92' lang='lat' dir='ltr'><em>non</em></span> <span class='ocrx_word' id='word_1_555' title='bbox 1427 5132 1667 5203; x_wconf 81' lang='lat' dir='ltr'><em>speciem</em></span> <span class='ocrx_word' id='word_1_556' title='bbox 1710 5154 1879 5203; x_wconf 82' lang='lat' dir='ltr'><em>expo-</em></span> 
     </span>
    </p>
   </div>
   <div class='ocr_carea' id='block_1_80' title="bbox 278 5202 1882 5271">
    <p class='ocr_par' dir='ltr' id='par_1_80' title="bbox 278 5202 1882 5271">
     <span class='ocr_line' id='line_1_80' title="bbox 278 5202 1882 5271; baseline 0.007 -24"><span class='ocrx_word' id='word_1_557' title='bbox 278 5202 467 5271; x_wconf 72' lang='lat' dir='ltr'><em>sitionis</em></span> <span class='ocrx_word' id='word_1_558' title='bbox 541 5209 875 5270; x_wconf 66' lang='lat' dir='ltr'><em>quaerimus,</em></span> <span class='ocrx_word' id='word_1_559' title='bbox 944 5209 1038 5259; x_wconf 87' lang='lat' dir='ltr'><em>sed</em></span> <span class='ocrx_word' id='word_1_560' title='bbox 1107 5209 1305 5271; x_wconf 91' lang='lat' dir='ltr'><em>ﬁdem,</em></span> <span class='ocrx_word' id='word_1_561' title='bbox 1372 5202 1469 5259; x_wconf 18' lang='lat' dir='ltr'><em>uti</em></span> <span class='ocrx_word' id='word_1_562' title='bbox 1498 5214 1622 5259; x_wconf 91' lang='lat' dir='ltr'><em>utar</em></span> <span class='ocrx_word' id='word_1_563' title='bbox 1698 5202 1882 5261; x_wconf 83' lang='lat' dir='ltr'><em>verbis</em></span> 
     </span>
    </p>
   </div>
   <div class='ocr_carea' id='block_1_81' title="bbox 280 5268 601 5331">
    <p class='ocr_par' dir='ltr' id='par_1_81' title="bbox 280 5268 601 5331">
     <span class='ocr_line' id='line_1_81' title="bbox 280 5268 601 5331; baseline 0.022 -11"><span class='ocrx_word' id='word_1_564' title='bbox 280 5268 601 5331; x_wconf 75' lang='lat' dir='ltr'><em>Quintiliani.</em></span> 
     </span>
    </p>
   </div>
   <div class='ocr_carea' id='block_1_82' title="bbox 328 5345 1882 5406">
    <p class='ocr_par' dir='ltr' id='par_1_82' title="bbox 328 5345 1882 5406">
     <span class='ocr_line' id='line_1_82' title="bbox 328 5345 1882 5406; baseline 0.001 -5"><span class='ocrx_word' id='word_1_565' title='bbox 328 5345 409 5406; x_wconf 81' lang='lat'><em>(73)</em></span> <span class='ocrx_word' id='word_1_566' title='bbox 483 5349 784 5399; x_wconf 76' lang='lat' dir='ltr'><em>Aurelius...</em></span> <span class='ocrx_word' id='word_1_567' title='bbox 852 5349 1164 5402; x_wconf 79' lang='lat' dir='ltr'><em>adolescens.</em></span> <span class='ocrx_word' id='word_1_568' title='bbox 1236 5352 1381 5403; x_wconf 88' lang='lat' dir='ltr'><em>Hinc</em></span> <span class='ocrx_word' id='word_1_569' title='bbox 1447 5355 1663 5403; x_wconf 86' lang='lat' dir='ltr'><em>constat</em></span> <span class='ocrx_word' id='word_1_570' title='bbox 1726 5352 1882 5403; x_wconf 90' lang='lat' dir='ltr'><em>hunc</em></span> 
     </span>
    </p>
   </div>
   <div class='ocr_carea' id='block_1_83' title="bbox 280 5412 1881 5487">
    <p class='ocr_par' dir='ltr' id='par_1_83' title="bbox 280 5412 1881 5487">
     <span class='ocr_line' id='line_1_83' title="bbox 280 5412 1881 5487; baseline 0.009 -27"><span class='ocrx_word' id='word_1_571' title='bbox 280 5412 536 5468; x_wconf 84' lang='lat' dir='ltr'><em>Aurelium</em></span> <span class='ocrx_word' id='word_1_572' title='bbox 582 5434 703 5471; x_wconf 88' lang='lat' dir='ltr'><em>esse</em></span> <span class='ocrx_word' id='word_1_573' title='bbox 744 5421 1023 5472; x_wconf 89' lang='lat' dir='ltr'><em>diversum</em></span> <span class='ocrx_word' id='word_1_574' title='bbox 1068 5423 1136 5473; x_wconf 91' lang='lat' dir='ltr'><em>ab</em></span> <span class='ocrx_word' id='word_1_575' title='bbox 1176 5436 1241 5473; x_wconf 90' lang='lat' dir='ltr'><em>eo</em></span> <span class='ocrx_word' id='word_1_576' title='bbox 1286 5425 1443 5487; x_wconf 88' lang='lat' dir='ltr'><em>cujus</em></span> <span class='ocrx_word' id='word_1_577' title='bbox 1481 5425 1689 5475; x_wconf 90' lang='lat' dir='ltr'><em>mentio</em></span> <span class='ocrx_word' id='word_1_578' title='bbox 1735 5425 1881 5476; x_wconf 82' lang='lat' dir='ltr'><em>facta</em></span> 
     </span>
    </p>
   </div>
   <div class='ocr_carea' id='block_1_84' title="bbox 282 5488 1039 5557">
    <p class='ocr_par' dir='ltr' id='par_1_84' title="bbox 282 5488 1039 5557">
     <span class='ocr_line' id='line_1_84' title="bbox 282 5488 1039 5557; baseline 0.016 -26"><span class='ocrx_word' id='word_1_579' title='bbox 282 5488 419 5537; x_wconf 85' lang='lat' dir='ltr'><em>estin</em></span> <span class='ocrx_word' id='word_1_580' title='bbox 448 5492 677 5553; x_wconf 88' lang='lat' dir='ltr'><em>epistola</em></span> <span class='ocrx_word' id='word_1_581' title='bbox 703 5493 784 5555; x_wconf 66' lang='lat'><em>22,</em></span> <span class='ocrx_word' id='word_1_582' title='bbox 811 5507 933 5557; x_wconf 88' lang='lat' dir='ltr'><em>pag.</em></span> <span class='ocrx_word' id='word_1_583' title='bbox 960 5495 1039 5543; x_wconf 78' lang='lat' dir='ltr'><em>3L</em></span> 
     </span>
    </p>
   </div>
   <div class='ocr_carea' id='block_1_85' title="bbox 332 5558 1876 5629">
    <p class='ocr_par' dir='ltr' id='par_1_85' title="bbox 332 5558 1876 5629">
     <span class='ocr_line' id='line_1_85' title="bbox 332 5558 1876 5629; baseline 0.005 -22"><span class='ocrx_word' id='word_1_584' title='bbox 332 5558 414 5620; x_wconf 71' lang='lat'><em>(74)</em></span> <span class='ocrx_word' id='word_1_585' title='bbox 449 5564 549 5611; x_wconf 86' lang='lat' dir='ltr'><em>Deo</em></span> <span class='ocrx_word' id='word_1_586' title='bbox 580 5564 788 5616; x_wconf 82' lang='lat' dir='ltr'><em>charus.</em></span> <span class='ocrx_word' id='word_1_587' title='bbox 820 5566 898 5615; x_wconf 91' lang='lat' dir='ltr'><em>Ita</em></span> <span class='ocrx_word' id='word_1_588' title='bbox 929 5567 1113 5615; x_wconf 89' lang='lat' dir='ltr'><em>omnia</em></span> <span class='ocrx_word' id='word_1_589' title='bbox 1150 5566 1264 5615; x_wconf 85' lang='lat' dir='ltr'><em>fere</em></span> <span class='ocrx_word' id='word_1_590' title='bbox 1303 5572 1489 5616; x_wconf 86' lang='lat' dir='ltr'><em>vetera</em></span> <span class='ocrx_word' id='word_1_591' title='bbox 1520 5566 1876 5629; x_wconf 85' lang='lat' dir='ltr'><em>exemplaria.</em></span> 
     </span>
    </p>
   </div>
   <div class='ocr_carea' id='block_1_86' title="bbox 285 5627 1881 5703">
    <p class='ocr_par' dir='ltr' id='par_1_86' title="bbox 285 5627 1881 5703">
     <span class='ocr_line' id='line_1_86' title="bbox 285 5627 1881 5703; baseline 0.009 -26"><span class='ocrx_word' id='word_1_592' title='bbox 285 5627 336 5703; x_wconf 75' lang='lat' dir='ltr'><em>I_n</em></span> <span class='ocrx_word' id='word_1_593' title='bbox 359 5632 565 5687; x_wconf 89' lang='lat' dir='ltr'><em>duobus</em></span> <span class='ocrx_word' id='word_1_594' title='bbox 602 5643 784 5689; x_wconf 88' lang='lat' dir='ltr'><em>tamen</em></span> <span class='ocrx_word' id='word_1_595' title='bbox 816 5640 1027 5703; x_wconf 81' lang='lat' dir='ltr'><em>legitur</em></span> <span class='ocrx_word' id='word_1_596' title='bbox 1053 5655 1082 5688; x_wconf 83' lang='lat'>«</span> <span class='ocrx_word' id='word_1_597' title='bbox 1109 5641 1226 5690; x_wconf 90' lang='lat' dir='ltr'><em>Deo</em></span> <span class='ocrx_word' id='word_1_598' title='bbox 1261 5653 1363 5690; x_wconf 91' lang='lat' dir='ltr'><em>suo</em></span> <span class='ocrx_word' id='word_1_599' title='bbox 1407 5640 1625 5691; x_wconf 90' lang='lat' dir='ltr'><em>charus.</em></span> <span class='ocrx_word' id='word_1_600' title='bbox 1657 5627 1881 5703; x_wconf 52' lang='lat' dir='ltr'><em>{Quod</em></span> 
     </span>
    </p>
   </div>
   <div class='ocr_carea' id='block_1_87' title="bbox 288 5700 1880 5777">
    <p class='ocr_par' dir='ltr' id='par_1_87' title="bbox 288 5700 1880 5777">
     <span class='ocr_line' id='line_1_87' title="bbox 288 5700 1880 5777; baseline 0.006 -25"><span class='ocrx_word' id='word_1_601' title='bbox 288 5700 499 5768; x_wconf 79' lang='lat' dir='ltr'><em>Rigaltio</em></span> <span class='ocrx_word' id='word_1_602' title='bbox 542 5712 738 5762; x_wconf 88' lang='lat' dir='ltr'><em>melius</em></span> <span class='ocrx_word' id='word_1_603' title='bbox 787 5700 981 5761; x_wconf 75' lang='lat' dir='ltr'><em>arrisit.</em></span> <span class='ocrx_word' id='word_1_604' title='bbox 1028 5710 1145 5777; x_wconf 86' lang='lat' dir='ltr'><em>Ego</em></span> <span class='ocrx_word' id='word_1_605' title='bbox 1194 5714 1329 5776; x_wconf 91' lang='lat' dir='ltr'><em>puto</em></span> <span class='ocrx_word' id='word_1_606' title='bbox 1378 5710 1544 5762; x_wconf 90' lang='lat' dir='ltr'><em>aliam</em></span> <span class='ocrx_word' id='word_1_607' title='bbox 1584 5700 1880 5763; x_wconf 79' lang='lat' dir='ltr'><em>lectionem</em></span> 
     </span>
    </p>
   </div>
   <div class='ocr_carea' id='block_1_88' title="bbox 2031 2010 3596 2078">
    <p class='ocr_par' dir='ltr' id='par_1_88' title="bbox 2031 2010 3596 2078">
     <span class='ocr_line' id='line_1_88' title="bbox 2031 2010 3596 2078; baseline 0.003 -18"><span class='ocrx_word' id='word_1_608' title='bbox 2031 2012 2126 2073; x_wconf 79' lang='grc'><em>(75)</em></span> <span class='ocrx_word' id='word_1_609' title='bbox 2168 2014 2230 2061; x_wconf 85' lang='lat' dir='ltr'><strong>In</strong></span> <span class='ocrx_word' id='word_1_610' title='bbox 2267 2012 2425 2060; x_wconf 82' lang='lat' dir='ltr'><em>annis</em></span> <span class='ocrx_word' id='word_1_611' title='bbox 2466 2010 2725 2060; x_wconf 81' lang='lat' dir='ltr'><em>novellus.</em></span> <span class='ocrx_word' id='word_1_612' title='bbox 2763 2010 2964 2059; x_wconf 87' lang='lat' dir='ltr'><em>Mirum</em></span> <span class='ocrx_word' id='word_1_613' title='bbox 3010 2024 3123 2060; x_wconf 90' lang='lat' dir='ltr'><em>non</em></span> <span class='ocrx_word' id='word_1_614' title='bbox 3174 2016 3257 2061; x_wconf 89' lang='lat' dir='ltr'><em>est</em></span> <span class='ocrx_word' id='word_1_615' title='bbox 3285 2014 3596 2078; x_wconf 88' lang='lat' dir='ltr'><em>Aurelium,</em></span> 
     </span>
    </p>
   </div>
   <div class='ocr_carea' id='block_1_89' title="bbox 1970 2080 3600 2146">
    <p class='ocr_par' dir='ltr' id='par_1_89' title="bbox 1970 2080 3600 2146">
     <span class='ocr_line' id='line_1_89' title="bbox 1970 2080 3600 2146; baseline 0.004 -16"><span class='ocrx_word' id='word_1_616' title='bbox 1970 2083 2065 2145; x_wconf 89' lang='lat' dir='ltr'><em>qui</em></span> <span class='ocrx_word' id='word_1_617' title='bbox 2095 2083 2220 2131; x_wconf 86' lang='lat' dir='ltr'><em>istic</em></span> <span class='ocrx_word' id='word_1_618' title='bbox 2250 2081 2451 2132; x_wconf 87' lang='lat' dir='ltr'><em>dicitur</em></span> <span class='ocrx_word' id='word_1_619' title='bbox 2478 2082 2534 2130; x_wconf 90' lang='lat' dir='ltr'><em>in</em></span> <span class='ocrx_word' id='word_1_620' title='bbox 2572 2082 2733 2131; x_wconf 91' lang='lat' dir='ltr'><em>annis</em></span> <span class='ocrx_word' id='word_1_621' title='bbox 2752 2080 3008 2131; x_wconf 85' lang='lat' dir='ltr'><em>novellus</em></span> <span class='ocrx_word' id='word_1_622' title='bbox 3028 2085 3084 2129; x_wconf 90' lang='lat' dir='ltr'><em>et</em></span> <span class='ocrx_word' id='word_1_623' title='bbox 3113 2082 3461 2146; x_wconf 89' lang='lat' dir='ltr'><em>adolescens,</em></span> <span class='ocrx_word' id='word_1_624' title='bbox 3488 2086 3600 2136; x_wconf 82' lang='lat' dir='ltr'><em>fac-</em></span> 
     </span>
    </p>
   </div>
   <div class='ocr_carea' id='block_1_90' title="bbox 1971 2150 3598 2216">
    <p class='ocr_par' dir='ltr' id='par_1_90' title="bbox 1971 2150 3598 2216">
     <span class='ocr_line' id='line_1_90' title="bbox 1971 2150 3598 2216; baseline 0.004 -15"><span class='ocrx_word' id='word_1_625' title='bbox 1971 2157 2089 2202; x_wconf 91' lang='lat' dir='ltr'><em>tum</em></span> <span class='ocrx_word' id='word_1_626' title='bbox 2120 2154 2291 2202; x_wconf 87' lang='lat' dir='ltr'><em>fuisse</em></span> <span class='ocrx_word' id='word_1_627' title='bbox 2320 2152 2586 2202; x_wconf 88' lang='lat' dir='ltr'><em>lectorem</em></span> <span class='ocrx_word' id='word_1_628' title='bbox 2622 2153 2677 2201; x_wconf 89' lang='lat' dir='ltr'><em>in</em></span> <span class='ocrx_word' id='word_1_629' title='bbox 2715 2151 2967 2201; x_wconf 88' lang='lat' dir='ltr'><em>Ecclesia</em></span> <span class='ocrx_word' id='word_1_630' title='bbox 2997 2150 3443 2216; x_wconf 90' lang='lat' dir='ltr'><em>Carthaginensi,</em></span> <span class='ocrx_word' id='word_1_631' title='bbox 3469 2171 3598 2207; x_wconf 89' lang='lat' dir='ltr'><em>cum</em></span> 
     </span>
    </p>
   </div>
   <div class='ocr_carea' id='block_1_91' title="bbox 1970 2222 3597 2291">
    <p class='ocr_par' dir='ltr' id='par_1_91' title="bbox 1970 2222 3597 2291">
     <span class='ocr_line' id='line_1_91' title="bbox 1970 2222 3597 2291; baseline 0.004 -21"><span class='ocrx_word' id='word_1_632' title='bbox 1970 2223 2257 2273; x_wconf 88' lang='lat' dir='ltr'><em>videamus</em></span> <span class='ocrx_word' id='word_1_633' title='bbox 2297 2222 2443 2285; x_wconf 90' lang='lat' dir='ltr'><em>apud</em></span> <span class='ocrx_word' id='word_1_634' title='bbox 2481 2223 2762 2273; x_wconf 88' lang='lat' dir='ltr'><em>Victorem</em></span> <span class='ocrx_word' id='word_1_635' title='bbox 2810 2222 3097 2272; x_wconf 88' lang='lat' dir='ltr'><em>Vitensem</em></span> <span class='ocrx_word' id='word_1_636' title='bbox 3138 2223 3233 2273; x_wconf 90' lang='lat' dir='ltr'><em>lib.</em></span> <span class='ocrx_word' id='word_1_637' title='bbox 3285 2238 3342 2286; x_wconf 91' lang='lat' dir='ltr'><em>v,</em></span> <span class='ocrx_word' id='word_1_638' title='bbox 3389 2240 3507 2291; x_wconf 90' lang='lat' dir='ltr'><em>cap.</em></span> <span class='ocrx_word' id='word_1_639' title='bbox 3546 2229 3597 2289; x_wconf 90' lang='lat'><em>9,</em></span> 
     </span>
    </p>
   </div>
   <div class='ocr_carea' id='block_1_92' title="bbox 1971 2293 3599 2357">
    <p class='ocr_par' dir='ltr' id='par_1_92' title="bbox 1971 2293 3599 2357">
     <span class='ocr_line' id='line_1_92' title="bbox 1971 2293 3599 2357; baseline 0.005 -15"><span class='ocrx_word' id='word_1_640' title='bbox 1971 2293 2239 2357; x_wconf 89' lang='lat' dir='ltr'><em>plurimos</em></span> <span class='ocrx_word' id='word_1_641' title='bbox 2262 2294 2319 2342; x_wconf 91' lang='lat' dir='ltr'><em>in</em></span> <span class='ocrx_word' id='word_1_642' title='bbox 2346 2306 2408 2343; x_wconf 89' lang='lat' dir='ltr'><em>ea</em></span> <span class='ocrx_word' id='word_1_643' title='bbox 2433 2294 2684 2344; x_wconf 88' lang='lat' dir='ltr'><em>Ecclesia</em></span> <span class='ocrx_word' id='word_1_644' title='bbox 2710 2293 2946 2344; x_wconf 89' lang='lat' dir='ltr'><em>lectores</em></span> <span class='ocrx_word' id='word_1_645' title='bbox 2970 2294 3277 2344; x_wconf 83' lang='lat' dir='ltr'><em>infantulos</em></span> <span class='ocrx_word' id='word_1_646' title='bbox 3299 2296 3469 2348; x_wconf 88' lang='lat' dir='ltr'><em>fuisse</em></span> <span class='ocrx_word' id='word_1_647' title='bbox 3494 2300 3599 2350; x_wconf 90' lang='lat' dir='ltr'><em>sub</em></span> 
     </span>
    </p>
   </div>
   <div class='ocr_carea' id='block_1_93' title="bbox 1973 2365 2530 2429">
    <p class='ocr_par' dir='ltr' id='par_1_93' title="bbox 1973 2365 2530 2429">
     <span class='ocr_line' id='line_1_93' title="bbox 1973 2365 2530 2429; baseline -0.007 -14"><span class='ocrx_word' id='word_1_648' title='bbox 1973 2366 2232 2428; x_wconf 89' lang='lat' dir='ltr'><em>episcopo</em></span> <span class='ocrx_word' id='word_1_649' title='bbox 2259 2365 2530 2429; x_wconf 89' lang='lat' dir='ltr'><em>Eugenio.</em></span> 
     </span>
    </p>
   </div>
   <div class='ocr_carea' id='block_1_94' title="bbox 2033 2434 3600 2503">
    <p class='ocr_par' dir='ltr' id='par_1_94' title="bbox 2033 2434 3600 2503">
     <span class='ocr_line' id='line_1_94' title="bbox 2033 2434 3600 2503; baseline 0.003 -18"><span class='ocrx_word' id='word_1_650' title='bbox 2033 2438 2133 2499; x_wconf 79' lang='lat'>(76)</span> <span class='ocrx_word' id='word_1_651' title='bbox 2185 2439 2246 2486; x_wconf 87' lang='lat' dir='ltr'><em>In</em></span> <span class='ocrx_word' id='word_1_652' title='bbox 2293 2449 2466 2486; x_wconf 85' lang='lat' dir='ltr'><em>cursu.</em></span> <span class='ocrx_word' id='word_1_653' title='bbox 2516 2437 2593 2486; x_wconf 88' lang='lat' dir='ltr'><em>Ita</em></span> <span class='ocrx_word' id='word_1_654' title='bbox 2637 2435 2910 2486; x_wconf 89' lang='lat' dir='ltr'><em>editiones</em></span> <span class='ocrx_word' id='word_1_655' title='bbox 2970 2434 3204 2487; x_wconf 82' lang='lat' dir='ltr'><em>Morellii</em></span> <span class='ocrx_word' id='word_1_656' title='bbox 3250 2440 3304 2488; x_wconf 90' lang='lat' dir='ltr'><em>et</em></span> <span class='ocrx_word' id='word_1_657' title='bbox 3356 2438 3600 2503; x_wconf 85' lang='lat' dir='ltr'><em>Rigaltii.</em></span> 
     </span>
    </p>
   </div>
   <div class='ocr_carea' id='block_1_95' title="bbox 1973 2506 3601 2575">
    <p class='ocr_par' dir='ltr' id='par_1_95' title="bbox 1973 2506 3601 2575">
     <span class='ocr_line' id='line_1_95' title="bbox 1973 2506 3601 2575; baseline 0.002 -18"><span class='ocrx_word' id='word_1_658' title='bbox 1973 2508 2137 2570; x_wconf 86' lang='lat' dir='ltr'><em>Angli</em></span> <span class='ocrx_word' id='word_1_659' title='bbox 2179 2511 2487 2570; x_wconf 91' lang='lat' dir='ltr'><em>posuerunt</em></span> <span class='ocrx_word' id='word_1_660' title='bbox 2516 2508 2749 2567; x_wconf 78' lang='lat' dir='ltr'><em>incursu,</em></span> <span class='ocrx_word' id='word_1_661' title='bbox 2780 2508 2949 2557; x_wconf 90' lang='lat' dir='ltr'><em>unica</em></span> <span class='ocrx_word' id='word_1_662' title='bbox 2992 2506 3255 2569; x_wconf 90' lang='lat' dir='ltr'><em>dictione,</em></span> <span class='ocrx_word' id='word_1_663' title='bbox 3298 2510 3378 2558; x_wconf 88' lang='lat' dir='ltr'><em>uti</em></span> <span class='ocrx_word' id='word_1_664' title='bbox 3419 2512 3601 2575; x_wconf 90' lang='lat' dir='ltr'><em>scrip-</em></span> 
     </span>
    </p>
   </div>
   <div class='ocr_carea' id='block_1_96' title="bbox 1974 2576 3602 2640">
    <p class='ocr_par' dir='ltr' id='par_1_96' title="bbox 1974 2576 3602 2640">
     <span class='ocr_line' id='line_1_96' title="bbox 1974 2576 3602 2640; baseline 0.004 -14"><span class='ocrx_word' id='word_1_665' title='bbox 1974 2582 2093 2626; x_wconf 89' lang='lat' dir='ltr'><em>tum</em></span> <span class='ocrx_word' id='word_1_666' title='bbox 2137 2581 2220 2626; x_wconf 89' lang='lat' dir='ltr'><em>est</em></span> <span class='ocrx_word' id='word_1_667' title='bbox 2252 2579 2306 2625; x_wconf 91' lang='lat' dir='ltr'><em>in</em></span> <span class='ocrx_word' id='word_1_668' title='bbox 2356 2577 2549 2628; x_wconf 88' lang='lat' dir='ltr'><em>codice</em></span> <span class='ocrx_word' id='word_1_669' title='bbox 2598 2576 2785 2626; x_wconf 89' lang='lat' dir='ltr'><em>Sancti</em></span> <span class='ocrx_word' id='word_1_670' title='bbox 2833 2577 3107 2640; x_wconf 88' lang='lat' dir='ltr'><em>Arnulphi</em></span> <span class='ocrx_word' id='word_1_671' title='bbox 3165 2583 3222 2628; x_wconf 89' lang='lat' dir='ltr'><em>et</em></span> <span class='ocrx_word' id='word_1_672' title='bbox 3283 2580 3340 2628; x_wconf 91' lang='lat' dir='ltr'><em>in</em></span> <span class='ocrx_word' id='word_1_673' title='bbox 3390 2580 3602 2632; x_wconf 90' lang='lat' dir='ltr'><em>Carno-</em></span> 
     </span>
    </p>
   </div>
   <div class='ocr_carea' id='block_1_97' title="bbox 1976 2648 3600 2702">
    <p class='ocr_par' dir='ltr' id='par_1_97' title="bbox 1976 2648 3600 2702">
     <span class='ocr_line' id='line_1_97' title="bbox 1976 2648 3600 2702; baseline 0.002 -3"><span class='ocrx_word' id='word_1_674' title='bbox 1976 2650 2137 2699; x_wconf 88' lang='lat' dir='ltr'><em>tensi.</em></span> <span class='ocrx_word' id='word_1_675' title='bbox 2180 2649 2354 2699; x_wconf 89' lang='lat' dir='ltr'><em>Vetus</em></span> <span class='ocrx_word' id='word_1_676' title='bbox 2402 2648 2578 2698; x_wconf 85' lang='lat' dir='ltr'><em>codex</em></span> <span class='ocrx_word' id='word_1_677' title='bbox 2613 2648 2863 2698; x_wconf 80' lang='lat' dir='ltr'><em>ecclesiae</em></span> <span class='ocrx_word' id='word_1_678' title='bbox 2920 2650 3099 2700; x_wconf 89' lang='lat' dir='ltr'><em>sancti</em></span> <span class='ocrx_word' id='word_1_679' title='bbox 3149 2650 3369 2701; x_wconf 86' lang='lat' dir='ltr'><em>Martini</em></span> <span class='ocrx_word' id='word_1_680' title='bbox 3423 2653 3600 2702; x_wconf 91' lang='lat' dir='ltr'><em>Turo-</em></span> 
     </span>
    </p>
   </div>
   <div class='ocr_carea' id='block_1_98' title="bbox 1974 2717 3602 2779">
    <p class='ocr_par' dir='ltr' id='par_1_98' title="bbox 1974 2717 3602 2779">
     <span class='ocr_line' id='line_1_98' title="bbox 1974 2717 3602 2779; baseline 0.002 -10"><span class='ocrx_word' id='word_1_681' title='bbox 1974 2722 2160 2771; x_wconf 88' lang='lat' dir='ltr'><em>nensis</em></span> <span class='ocrx_word' id='word_1_682' title='bbox 2206 2719 2371 2769; x_wconf 87' lang='lat' dir='ltr'><em>habet</em></span> <span class='ocrx_word' id='word_1_683' title='bbox 2432 2732 2684 2779; x_wconf 74' lang='lat' dir='ltr'><em>excursu;</em></span> <span class='ocrx_word' id='word_1_684' title='bbox 2741 2717 3092 2769; x_wconf 89' lang='lat' dir='ltr'><em>Corbeiensis</em></span> <span class='ocrx_word' id='word_1_685' title='bbox 3152 2734 3215 2770; x_wconf 74' lang='lat' dir='ltr'><em>ex</em></span> <span class='ocrx_word' id='word_1_686' title='bbox 3265 2735 3446 2773; x_wconf 84' lang='lat' dir='ltr'><em>cursu.</em></span> <span class='ocrx_word' id='word_1_687' title='bbox 3511 2724 3602 2775; x_wconf 87' lang='lat' dir='ltr'><em>Ri-</em></span> 
     </span>
    </p>
   </div>
   <div class='ocr_carea' id='block_1_99' title="bbox 1974 2790 3601 2855">
    <p class='ocr_par' dir='ltr' id='par_1_99' title="bbox 1974 2790 3601 2855">
     <span class='ocr_line' id='line_1_99' title="bbox 1974 2790 3601 2855; baseline 0.002 -14"><span class='ocrx_word' id='word_1_688' title='bbox 1974 2792 2176 2855; x_wconf 85' lang='lat' dir='ltr'><em>galtius</em></span> <span class='ocrx_word' id='word_1_689' title='bbox 2220 2791 2442 2840; x_wconf 87' lang='lat' dir='ltr'><em>retinuit</em></span> <span class='ocrx_word' id='word_1_690' title='bbox 2491 2791 2789 2841; x_wconf 91' lang='lat' dir='ltr'><em>lectionem</em></span> <span class='ocrx_word' id='word_1_691' title='bbox 2834 2803 2961 2853; x_wconf 64' lang='lat' dir='ltr'><em>quin</em></span> <span class='ocrx_word' id='word_1_692' title='bbox 3004 2790 3115 2841; x_wconf 91' lang='lat' dir='ltr'><em>duo</em></span> <span class='ocrx_word' id='word_1_693' title='bbox 3162 2793 3437 2843; x_wconf 90' lang='lat' dir='ltr'><em>vocabula</em></span> <span class='ocrx_word' id='word_1_694' title='bbox 3468 2808 3601 2845; x_wconf 90' lang='lat' dir='ltr'><em>con-</em></span> 
     </span>
    </p>
   </div>
   <div class='ocr_carea' id='block_1_100' title="bbox 1975 2861 3603 2929">
    <p class='ocr_par' dir='ltr' id='par_1_100' title="bbox 1975 2861 3603 2929">
     <span class='ocr_line' id='line_1_100' title="bbox 1975 2861 3603 2929; baseline 0.002 -17"><span class='ocrx_word' id='word_1_695' title='bbox 1975 2864 2166 2912; x_wconf 91' lang='lat' dir='ltr'><em>stituit.</em></span> <span class='ocrx_word' id='word_1_696' title='bbox 2222 2862 2289 2911; x_wconf 90' lang='lat' dir='ltr'><em>Et</em></span> <span class='ocrx_word' id='word_1_697' title='bbox 2336 2867 2520 2912; x_wconf 89' lang='lat' dir='ltr'><em>tamen</em></span> <span class='ocrx_word' id='word_1_698' title='bbox 2566 2861 3051 2911; x_wconf 88' lang='lat' dir='ltr'><em>observationibus</em></span> <span class='ocrx_word' id='word_1_699' title='bbox 3102 2864 3218 2912; x_wconf 86' lang='lat' dir='ltr'><em>suis</em></span> <span class='ocrx_word' id='word_1_700' title='bbox 3265 2865 3429 2914; x_wconf 88' lang='lat' dir='ltr'><em>aliam</em></span> <span class='ocrx_word' id='word_1_701' title='bbox 3459 2879 3603 2929; x_wconf 63' lang='lat' dir='ltr'><em>pras-</em></span> 
     </span>
    </p>
   </div>
   <div class='ocr_carea' id='block_1_101' title="bbox 1976 2931 3602 2997">
    <p class='ocr_par' dir='ltr' id='par_1_101' title="bbox 1976 2931 3602 2997">
     <span class='ocr_line' id='line_1_101' title="bbox 1976 2931 3602 2997; baseline 0.003 -14"><span class='ocrx_word' id='word_1_702' title='bbox 1976 2935 2121 2995; x_wconf 88' lang='lat' dir='ltr'><em>tulit,</em></span> <span class='ocrx_word' id='word_1_703' title='bbox 2170 2947 2470 2985; x_wconf 81' lang='lat' dir='ltr'><em>excursum</em></span> <span class='ocrx_word' id='word_1_704' title='bbox 2526 2934 2680 2982; x_wconf 89' lang='lat' dir='ltr'><em>aiens</em></span> <span class='ocrx_word' id='word_1_705' title='bbox 2726 2931 3043 2996; x_wconf 89' lang='lat' dir='ltr'><em>signiﬁcare</em></span> <span class='ocrx_word' id='word_1_706' title='bbox 3109 2935 3488 2997; x_wconf 90' lang='lat' dir='ltr'><em>prolusionem</em></span> <span class='ocrx_word' id='word_1_707' title='bbox 3532 2937 3602 2987; x_wconf 87' lang='lat' dir='ltr'><em>ad</em></span> 
     </span>
    </p>
   </div>
   <div class='ocr_carea' id='block_1_102' title="bbox 1976 3004 3601 3071">
    <p class='ocr_par' dir='ltr' id='par_1_102' title="bbox 1976 3004 3601 3071">
     <span class='ocr_line' id='line_1_102' title="bbox 1976 3004 3601 3071; baseline 0.003 -18"><span class='ocrx_word' id='word_1_708' title='bbox 1976 3007 2169 3055; x_wconf 82' lang='lat' dir='ltr'><em>fortius</em></span> <span class='ocrx_word' id='word_1_709' title='bbox 2203 3009 2481 3055; x_wconf 88' lang='lat' dir='ltr'><em>certamen</em></span> <span class='ocrx_word' id='word_1_710' title='bbox 2503 3042 2515 3066; x_wconf 94' lang='lat'><em>,</em></span> <span class='ocrx_word' id='word_1_711' title='bbox 2562 3004 2712 3067; x_wconf 91' lang='lat' dir='ltr'><em>quod</em></span> <span class='ocrx_word' id='word_1_712' title='bbox 2750 3004 2945 3066; x_wconf 89' lang='lat' dir='ltr'><em>probat</em></span> <span class='ocrx_word' id='word_1_713' title='bbox 2994 3006 3319 3057; x_wconf 87' lang='lat' dir='ltr'><em>auctoritate</em></span> <span class='ocrx_word' id='word_1_714' title='bbox 3367 3009 3601 3071; x_wconf 89' lang='lat' dir='ltr'><em>Vegetii.</em></span> 
     </span>
    </p>
   </div>
   <div class='ocr_carea' id='block_1_103' title="bbox 1978 3075 3602 3141">
    <p class='ocr_par' dir='ltr' id='par_1_103' title="bbox 1978 3075 3602 3141">
     <span class='ocr_line' id='line_1_103' title="bbox 1978 3075 3602 3141; baseline 0.001 -14"><span class='ocrx_word' id='word_1_715' title='bbox 1978 3078 2286 3140; x_wconf 83' lang='lat' dir='ltr'><em>Cyprianus</em></span> <span class='ocrx_word' id='word_1_716' title='bbox 2312 3078 2367 3125; x_wconf 89' lang='lat' dir='ltr'><em>in</em></span> <span class='ocrx_word' id='word_1_717' title='bbox 2407 3076 2546 3125; x_wconf 89' lang='lat' dir='ltr'><em>libro</em></span> <span class='ocrx_word' id='word_1_718' title='bbox 2576 3075 2638 3124; x_wconf 82' lang='lat' dir='ltr'><em>de</em></span> <span class='ocrx_word' id='word_1_719' title='bbox 2666 3077 2873 3139; x_wconf 84' lang='lat' dir='ltr'><em>Lapsis,</em></span> <span class='ocrx_word' id='word_1_720' title='bbox 2905 3089 3025 3139; x_wconf 86' lang='lat' dir='ltr'><em>pag.</em></span> <span class='ocrx_word' id='word_1_721' title='bbox 3075 3077 3184 3138; x_wconf 62' lang='lat'><em>18%,</em></span> <span class='ocrx_word' id='word_1_722' title='bbox 3222 3078 3297 3126; x_wconf 89' lang='lat' dir='ltr'><em>ait</em></span> <span class='ocrx_word' id='word_1_723' title='bbox 3329 3077 3602 3141; x_wconf 80' lang='lat' dir='ltr'><em>perfectio-</em></span> 
     </span>
    </p>
   </div>
   <div class='ocr_carea' id='block_1_104' title="bbox 1976 3146 3601 3212">
    <p class='ocr_par' dir='ltr' id='par_1_104' title="bbox 1976 3146 3601 3212">
     <span class='ocr_line' id='line_1_104' title="bbox 1976 3146 3601 3212; baseline 0.002 -17"><span class='ocrx_word' id='word_1_724' title='bbox 1976 3151 2059 3196; x_wconf 78' lang='lat' dir='ltr'><em>nis</em></span> <span class='ocrx_word' id='word_1_725' title='bbox 2089 3146 2341 3207; x_wconf 84' lang='lat' dir='ltr'><em>incursu;</em></span> <span class='ocrx_word' id='word_1_726' title='bbox 2379 3160 2475 3209; x_wconf 89' lang='lat' dir='ltr'><em>pro</em></span> <span class='ocrx_word' id='word_1_727' title='bbox 2506 3159 2617 3209; x_wconf 91' lang='lat' dir='ltr'><em>quo</em></span> <span class='ocrx_word' id='word_1_728' title='bbox 2653 3146 2829 3196; x_wconf 83' lang='lat' dir='ltr'><em>codex</em></span> <span class='ocrx_word' id='word_1_729' title='bbox 2868 3147 3145 3197; x_wconf 81' lang='lat' dir='ltr'><em>Fuxensis</em></span> <span class='ocrx_word' id='word_1_730' title='bbox 3186 3148 3355 3199; x_wconf 90' lang='lat' dir='ltr'><em>habet</em></span> <span class='ocrx_word' id='word_1_731' title='bbox 3392 3150 3601 3212; x_wconf 80' lang='lat' dir='ltr'><em>impetu.</em></span> 
     </span>
    </p>
   </div>
   <div class='ocr_carea' id='block_1_105' title="bbox 1979 3218 3605 3281">
    <p class='ocr_par' dir='ltr' id='par_1_105' title="bbox 1979 3218 3605 3281">
     <span class='ocr_line' id='line_1_105' title="bbox 1979 3218 3605 3281; baseline 0.003 -15"><span class='ocrx_word' id='word_1_732' title='bbox 1979 3219 2240 3268; x_wconf 90' lang='lat' dir='ltr'><em>lncursus</em></span> <span class='ocrx_word' id='word_1_733' title='bbox 2296 3218 2426 3268; x_wconf 90' lang='lat' dir='ltr'><em>alibi</em></span> <span class='ocrx_word' id='word_1_734' title='bbox 2488 3218 2712 3281; x_wconf 90' lang='lat' dir='ltr'><em>quidvis</em></span> <span class='ocrx_word' id='word_1_735' title='bbox 2772 3218 2925 3267; x_wconf 90' lang='lat' dir='ltr'><em>aliud</em></span> <span class='ocrx_word' id='word_1_736' title='bbox 2987 3219 3295 3281; x_wconf 88' lang='lat' dir='ltr'><em>signiﬁcat,</em></span> <span class='ocrx_word' id='word_1_737' title='bbox 3357 3221 3404 3269; x_wconf 91' lang='lat' dir='ltr'><em>si</em></span> <span class='ocrx_word' id='word_1_738' title='bbox 3475 3234 3605 3271; x_wconf 86' lang='lat' dir='ltr'><em>vera</em></span> 
     </span>
    </p>
   </div>
   <div class='ocr_carea' id='block_1_106' title="bbox 1978 3288 3605 3343">
    <p class='ocr_par' dir='ltr' id='par_1_106' title="bbox 1978 3288 3605 3343">
     <span class='ocr_line' id='line_1_106' title="bbox 1978 3288 3605 3343; baseline 0.003 -5"><span class='ocrx_word' id='word_1_739' title='bbox 1978 3295 2061 3338; x_wconf 87' lang='lat' dir='ltr'><em>est</em></span> <span class='ocrx_word' id='word_1_740' title='bbox 2119 3290 2282 3339; x_wconf 90' lang='lat' dir='ltr'><em>lectio</em></span> <span class='ocrx_word' id='word_1_741' title='bbox 2333 3292 2582 3339; x_wconf 88' lang='lat' dir='ltr'><em>veterum</em></span> <span class='ocrx_word' id='word_1_742' title='bbox 2649 3288 2911 3339; x_wconf 90' lang='lat' dir='ltr'><em>codicum</em></span> <span class='ocrx_word' id='word_1_743' title='bbox 2969 3294 3025 3339; x_wconf 90' lang='lat' dir='ltr'><em>et</em></span> <span class='ocrx_word' id='word_1_744' title='bbox 3086 3295 3339 3340; x_wconf 87' lang='lat' dir='ltr'><em>veterum</em></span> <span class='ocrx_word' id='word_1_745' title='bbox 3409 3293 3605 3343; x_wconf 80' lang='lat' dir='ltr'><em>editio—</em></span> 
     </span>
    </p>
   </div>
   <div class='ocr_carea' id='block_1_107' title="bbox 1978 3360 3604 3429">
    <p class='ocr_par' dir='ltr' id='par_1_107' title="bbox 1978 3360 3604 3429">
     <span class='ocr_line' id='line_1_107' title="bbox 1978 3360 3604 3429; baseline 0.003 -19"><span class='ocrx_word' id='word_1_746' title='bbox 1978 3374 2113 3410; x_wconf 90' lang='lat' dir='ltr'><em>num</em></span> <span class='ocrx_word' id='word_1_747' title='bbox 2143 3364 2409 3425; x_wconf 89' lang='lat' dir='ltr'><em>epitomes</em></span> <span class='ocrx_word' id='word_1_748' title='bbox 2436 3361 2677 3411; x_wconf 88' lang='lat' dir='ltr'><em>Victoris</em></span> <span class='ocrx_word' id='word_1_749' title='bbox 2706 3360 2768 3410; x_wconf 84' lang='lat' dir='ltr'><em>de</em></span> <span class='ocrx_word' id='word_1_750' title='bbox 2800 3360 3110 3421; x_wconf 67' lang='lat' dir='ltr'><em>Cwsaribus,</em></span> <span class='ocrx_word' id='word_1_751' title='bbox 3149 3364 3205 3411; x_wconf 90' lang='lat' dir='ltr'><em>in</em></span> <span class='ocrx_word' id='word_1_752' title='bbox 3233 3363 3437 3425; x_wconf 90' lang='lat' dir='ltr'><em>quibus</em></span> <span class='ocrx_word' id='word_1_753' title='bbox 3471 3365 3604 3429; x_wconf 88' lang='lat' dir='ltr'><em>legi-</em></span> 
     </span>
    </p>
   </div>
   <div class='ocr_carea' id='block_1_108' title="bbox 1978 3431 3607 3495">
    <p class='ocr_par' dir='ltr' id='par_1_108' title="bbox 1978 3431 3607 3495">
     <span class='ocr_line' id='line_1_108' title="bbox 1978 3431 3607 3495; baseline 0.002 -14"><span class='ocrx_word' id='word_1_754' title='bbox 1978 3436 2067 3481; x_wconf 90' lang='lat' dir='ltr'><em>tur</em></span> <span class='ocrx_word' id='word_1_755' title='bbox 2098 3436 2429 3495; x_wconf 83' lang='lat' dir='ltr'><em>Augustum,</em></span> <span class='ocrx_word' id='word_1_756' title='bbox 2462 3431 2651 3481; x_wconf 91' lang='lat' dir='ltr'><em>dolore</em></span> <span class='ocrx_word' id='word_1_757' title='bbox 2674 3435 2984 3495; x_wconf 89' lang='lat' dir='ltr'><em>permotum</em></span> <span class='ocrx_word' id='word_1_758' title='bbox 3010 3432 3082 3482; x_wconf 91' lang='lat' dir='ltr'><em>ob</em></span> <span class='ocrx_word' id='word_1_759' title='bbox 3107 3435 3411 3484; x_wconf 83' lang='lat' dir='ltr'><em>exercitum</em></span> <span class='ocrx_word' id='word_1_760' title='bbox 3444 3436 3607 3485; x_wconf 87' lang='lat' dir='ltr'><em>amis-</em></span> 
     </span>
    </p>
   </div>
   <div class='ocr_carea' id='block_1_109' title="bbox 1976 3502 3604 3568">
    <p class='ocr_par' dir='ltr' id='par_1_109' title="bbox 1976 3502 3604 3568">
     <span class='ocr_line' id='line_1_109' title="bbox 1976 3502 3604 3568; baseline 0.003 -17"><span class='ocrx_word' id='word_1_761' title='bbox 1976 3516 2101 3553; x_wconf 91' lang='lat' dir='ltr'><em>sum</em></span> <span class='ocrx_word' id='word_1_762' title='bbox 2131 3507 2279 3552; x_wconf 85' lang='lat' dir='ltr'><em>trans</em></span> <span class='ocrx_word' id='word_1_763' title='bbox 2309 3503 2587 3563; x_wconf 86' lang='lat' dir='ltr'><em>Rhenum,</em></span> <span class='ocrx_word' id='word_1_764' title='bbox 2633 3502 2847 3553; x_wconf 89' lang='lat' dir='ltr'><em>cerebri</em></span> <span class='ocrx_word' id='word_1_765' title='bbox 2883 3504 3034 3554; x_wconf 88' lang='lat' dir='ltr'><em>vario</em></span> <span class='ocrx_word' id='word_1_766' title='bbox 3071 3504 3301 3554; x_wconf 89' lang='lat' dir='ltr'><em>incursu</em></span> <span class='ocrx_word' id='word_1_767' title='bbox 3338 3507 3604 3568; x_wconf 89' lang='lat' dir='ltr'><em>parietem</em></span> 
     </span>
    </p>
   </div>
   <div class='ocr_carea' id='block_1_110' title="bbox 1976 3574 3606 3638">
    <p class='ocr_par' dir='ltr' id='par_1_110' title="bbox 1976 3574 3606 3638">
     <span class='ocr_line' id='line_1_110' title="bbox 1976 3574 3606 3638; baseline 0.004 -16"><span class='ocrx_word' id='word_1_768' title='bbox 1976 3574 2244 3635; x_wconf 88' lang='lat' dir='ltr'><em>pulsasse.</em></span> <span class='ocrx_word' id='word_1_769' title='bbox 2312 3574 2421 3625; x_wconf 89' lang='lat' dir='ltr'><em>Sed</em></span> <span class='ocrx_word' id='word_1_770' title='bbox 2488 3574 2611 3625; x_wconf 66' lang='lat' dir='ltr'><em>hinc</em></span> <span class='ocrx_word' id='word_1_771' title='bbox 2684 3576 2846 3625; x_wconf 91' lang='lat' dir='ltr'><em>lectio</em></span> <span class='ocrx_word' id='word_1_772' title='bbox 2918 3589 3030 3625; x_wconf 88' lang='lat' dir='ltr'><em>non</em></span> <span class='ocrx_word' id='word_1_773' title='bbox 3096 3576 3305 3638; x_wconf 88' lang='lat' dir='ltr'><em>placuit</em></span> <span class='ocrx_word' id='word_1_774' title='bbox 3367 3576 3606 3628; x_wconf 68' lang='lat' dir='ltr'><em>Andreas</em></span> 
     </span>
    </p>
   </div>
   <div class='ocr_carea' id='block_1_111' title="bbox 1978 3646 3606 3711">
    <p class='ocr_par' dir='ltr' id='par_1_111' title="bbox 1978 3646 3606 3711">
     <span class='ocr_line' id='line_1_111' title="bbox 1978 3646 3606 3711; baseline -0.001 -12"><span class='ocrx_word' id='word_1_775' title='bbox 1978 3648 2226 3706; x_wconf 88' lang='lat' dir='ltr'><em>Schotto,</em></span> <span class='ocrx_word' id='word_1_776' title='bbox 2259 3646 2374 3709; x_wconf 91' lang='lat' dir='ltr'><em>qui,</em></span> <span class='ocrx_word' id='word_1_777' title='bbox 2406 3646 2821 3710; x_wconf 81' lang='lat' dir='ltr'><em>insuperhabita</em></span> <span class='ocrx_word' id='word_1_778' title='bbox 2864 3660 2930 3697; x_wconf 89' lang='lat' dir='ltr'><em>ea</em></span> <span class='ocrx_word' id='word_1_779' title='bbox 2972 3648 3317 3708; x_wconf 89' lang='lat' dir='ltr'><em>auctoritate,</em></span> <span class='ocrx_word' id='word_1_780' title='bbox 3358 3650 3606 3711; x_wconf 88' lang='lat' dir='ltr'><em>reposuit</em></span> 
     </span>
    </p>
   </div>
   <div class='ocr_carea' id='block_1_112' title="bbox 1976 3717 3605 3781">
    <p class='ocr_par' dir='ltr' id='par_1_112' title="bbox 1976 3717 3605 3781">
     <span class='ocr_line' id='line_1_112' title="bbox 1976 3717 3605 3781; baseline 0.001 -14"><span class='ocrx_word' id='word_1_781' title='bbox 1976 3721 2203 3768; x_wconf 86' lang='lat' dir='ltr'><em>incussu.</em></span> <span class='ocrx_word' id='word_1_782' title='bbox 2239 3717 2465 3767; x_wconf 89' lang='lat' dir='ltr'><em>Certum</em></span> <span class='ocrx_word' id='word_1_783' title='bbox 2493 3721 2678 3765; x_wconf 88' lang='lat' dir='ltr'><em>autem</em></span> <span class='ocrx_word' id='word_1_784' title='bbox 2722 3722 2806 3767; x_wconf 87' lang='lat' dir='ltr'><em>est</em></span> <span class='ocrx_word' id='word_1_785' title='bbox 2833 3718 3149 3781; x_wconf 90' lang='lat' dir='ltr'><em>Augustum</em></span> <span class='ocrx_word' id='word_1_786' title='bbox 3175 3731 3239 3767; x_wconf 91' lang='lat' dir='ltr'><em>ea</em></span> <span class='ocrx_word' id='word_1_787' title='bbox 3281 3718 3437 3769; x_wconf 90' lang='lat' dir='ltr'><em>clade</em></span> <span class='ocrx_word' id='word_1_788' title='bbox 3467 3719 3605 3770; x_wconf 91' lang='lat' dir='ltr'><em>adeo</em></span> 
     </span>
    </p>
   </div>
   <div class='ocr_carea' id='block_1_113' title="bbox 1977 3790 3605 3851">
    <p class='ocr_par' dir='ltr' id='par_1_113' title="bbox 1977 3790 3605 3851">
     <span class='ocr_line' id='line_1_113' title="bbox 1977 3790 3605 3851; baseline -0.001 -9"><span class='ocrx_word' id='word_1_789' title='bbox 1977 3794 2390 3842; x_wconf 89' lang='lat' dir='ltr'><em>consternatum</em></span> <span class='ocrx_word' id='word_1_790' title='bbox 2430 3790 2601 3838; x_wconf 84' lang='lat' dir='ltr'><em>fuisse</em></span> <span class='ocrx_word' id='word_1_791' title='bbox 2637 3793 2699 3837; x_wconf 89' lang='lat' dir='ltr'><em>ut</em></span> <span class='ocrx_word' id='word_1_792' title='bbox 2721 3803 2819 3851; x_wconf 89' lang='lat' dir='ltr'><em>per</em></span> <span class='ocrx_word' id='word_1_793' title='bbox 2849 3791 3144 3839; x_wconf 90' lang='lat' dir='ltr'><em>continuos</em></span> <span class='ocrx_word' id='word_1_794' title='bbox 3170 3802 3391 3840; x_wconf 88' lang='lat' dir='ltr'><em>menses</em></span> <span class='ocrx_word' id='word_1_795' title='bbox 3434 3791 3605 3841; x_wconf 90' lang='lat' dir='ltr'><em>barba</em></span> 
     </span>
    </p>
   </div>
   <div class='ocr_carea' id='block_1_114' title="bbox 1977 3860 3605 3926">
    <p class='ocr_par' dir='ltr' id='par_1_114' title="bbox 1977 3860 3605 3926">
     <span class='ocr_line' id='line_1_114' title="bbox 1977 3860 3605 3926; baseline -0.002 -14"><span class='ocrx_word' id='word_1_796' title='bbox 1977 3862 2292 3926; x_wconf 86' lang='lat' dir='ltr'><em>capilloque</em></span> <span class='ocrx_word' id='word_1_797' title='bbox 2336 3860 2632 3921; x_wconf 90' lang='lat' dir='ltr'><em>submisso,</em></span> <span class='ocrx_word' id='word_1_798' title='bbox 2685 3864 2851 3924; x_wconf 89' lang='lat' dir='ltr'><em>caput</em></span> <span class='ocrx_word' id='word_1_799' title='bbox 2907 3860 3187 3910; x_wconf 89' lang='lat' dir='ltr'><em>interdum</em></span> <span class='ocrx_word' id='word_1_800' title='bbox 3244 3860 3455 3910; x_wconf 87' lang='lat' dir='ltr'><em>foribus</em></span> <span class='ocrx_word' id='word_1_801' title='bbox 3502 3860 3605 3909; x_wconf 87' lang='lat' dir='ltr'><em>illi-</em></span> 
     </span>
    </p>
   </div>
   <div class='ocr_carea' id='block_1_115' title="bbox 1977 3934 2149 3985">
    <p class='ocr_par' dir='ltr' id='par_1_115' title="bbox 1977 3934 2149 3985">
     <span class='ocr_line' id='line_1_115' title="bbox 1977 3934 2149 3985; baseline -0.029 -3"><span class='ocrx_word' id='word_1_802' title='bbox 1977 3934 2149 3985; x_wconf 86' lang='lat' dir='ltr'><em>deret.</em></span> 
     </span>
    </p>
   </div>
   <div class='ocr_carea' id='block_1_116' title="bbox 2039 4003 3607 4067">
    <p class='ocr_par' dir='ltr' id='par_1_116' title="bbox 2039 4003 3607 4067">
     <span class='ocr_line' id='line_1_116' title="bbox 2039 4003 3607 4067; baseline 0.002 -15"><span class='ocrx_word' id='word_1_803' title='bbox 2039 4005 2139 4067; x_wconf 87' lang='lat'><em>(77)</em></span> <span class='ocrx_word' id='word_1_804' title='bbox 2188 4003 2474 4053; x_wconf 80' lang='lat' dir='ltr'><em>Passionis.</em></span> <span class='ocrx_word' id='word_1_805' title='bbox 2528 4003 2606 4052; x_wconf 89' lang='lat' dir='ltr'><em>Ita</em></span> <span class='ocrx_word' id='word_1_806' title='bbox 2650 4016 2846 4053; x_wconf 90' lang='lat' dir='ltr'><em>omnes</em></span> <span class='ocrx_word' id='word_1_807' title='bbox 2897 4003 3023 4054; x_wconf 90' lang='lat' dir='ltr'><em>libri</em></span> <span class='ocrx_word' id='word_1_808' title='bbox 3074 4005 3287 4054; x_wconf 88' lang='lat' dir='ltr'><em>veteres</em></span> <span class='ocrx_word' id='word_1_809' title='bbox 3314 4006 3367 4052; x_wconf 90' lang='lat' dir='ltr'><em>et</em></span> <span class='ocrx_word' id='word_1_810' title='bbox 3412 4017 3607 4055; x_wconf 84' lang='lat' dir='ltr'><em>omnes</em></span> 
     </span>
    </p>
   </div>
   <div class='ocr_carea' id='block_1_117' title="bbox 1977 4075 3606 4139">
    <p class='ocr_par' dir='ltr' id='par_1_117' title="bbox 1977 4075 3606 4139">
     <span class='ocr_line' id='line_1_117' title="bbox 1977 4075 3606 4139; baseline -0.001 -12"><span class='ocrx_word' id='word_1_811' title='bbox 1977 4075 2247 4127; x_wconf 90' lang='lat' dir='ltr'><em>editiones</em></span> <span class='ocrx_word' id='word_1_812' title='bbox 2304 4079 2429 4125; x_wconf 88' lang='lat' dir='ltr'><em>ante</em></span> <span class='ocrx_word' id='word_1_813' title='bbox 2488 4075 2876 4139; x_wconf 88' lang='lat' dir='ltr'><em>Rigaltianam.</em></span> <span class='ocrx_word' id='word_1_814' title='bbox 2940 4076 3138 4125; x_wconf 88' lang='lat' dir='ltr'><em>Nescio</em></span> <span class='ocrx_word' id='word_1_815' title='bbox 3205 4079 3390 4125; x_wconf 90' lang='lat' dir='ltr'><em>autem</em></span> <span class='ocrx_word' id='word_1_816' title='bbox 3454 4076 3606 4127; x_wconf 90' lang='lat' dir='ltr'><em>unde</em></span> 
     </span>
    </p>
   </div>
   <div class='ocr_carea' id='block_1_118' title="bbox 1976 4146 3607 4211">
    <p class='ocr_par' dir='ltr' id='par_1_118' title="bbox 1976 4146 3607 4211">
     <span class='ocr_line' id='line_1_118' title="bbox 1976 4146 3607 4211; baseline 0.001 -15"><span class='ocrx_word' id='word_1_817' title='bbox 1976 4148 2078 4198; x_wconf 89' lang='lat' dir='ltr'><em>ille</em></span> <span class='ocrx_word' id='word_1_818' title='bbox 2127 4147 2405 4210; x_wconf 88' lang='lat' dir='ltr'><em>acceperit</em></span> <span class='ocrx_word' id='word_1_819' title='bbox 2450 4160 2646 4197; x_wconf 91' lang='lat' dir='ltr'><em>vocem</em></span> <span class='ocrx_word' id='word_1_820' title='bbox 2689 4146 3050 4209; x_wconf 81' lang='lat' dir='ltr'><em>confessionis,</em></span> <span class='ocrx_word' id='word_1_821' title='bbox 3106 4160 3273 4211; x_wconf 90' lang='lat' dir='ltr'><em>quam</em></span> <span class='ocrx_word' id='word_1_822' title='bbox 3331 4147 3454 4197; x_wconf 90' lang='lat' dir='ltr'><em>istic</em></span> <span class='ocrx_word' id='word_1_823' title='bbox 3500 4161 3607 4211; x_wconf 86' lang='lat' dir='ltr'><em>po—</em></span> 
     </span>
    </p>
   </div>
   <div class='ocr_carea' id='block_1_119' title="bbox 1978 4219 2105 4268">
    <p class='ocr_par' dir='ltr' id='par_1_119' title="bbox 1978 4219 2105 4268">
     <span class='ocr_line' id='line_1_119' title="bbox 1978 4219 2105 4268; baseline -0.016 0"><span class='ocrx_word' id='word_1_824' title='bbox 1978 4219 2105 4268; x_wconf 88' lang='lat' dir='ltr'><em>suit.</em></span> 
     </span>
    </p>
   </div>
   <div class='ocr_carea' id='block_1_120' title="bbox 2038 4288 3606 4354">
    <p class='ocr_par' dir='ltr' id='par_1_120' title="bbox 2038 4288 3606 4354">
     <span class='ocr_line' id='line_1_120' title="bbox 2038 4288 3606 4354; baseline 0.001 -17"><span class='ocrx_word' id='word_1_825' title='bbox 2038 4291 2135 4351; x_wconf 83' lang='lat'><em>(78)</em></span> <span class='ocrx_word' id='word_1_826' title='bbox 2178 4288 2400 4351; x_wconf 84' lang='lat' dir='ltr'><em>Quoties.</em></span> <span class='ocrx_word' id='word_1_827' title='bbox 2450 4290 2512 4338; x_wconf 92' lang='lat' dir='ltr'><strong>In</strong></span> <span class='ocrx_word' id='word_1_828' title='bbox 2545 4289 2827 4339; x_wconf 88' lang='lat' dir='ltr'><em>veteribus</em></span> <span class='ocrx_word' id='word_1_829' title='bbox 2871 4289 3027 4339; x_wconf 90' lang='lat' dir='ltr'><em>libris</em></span> <span class='ocrx_word' id='word_1_830' title='bbox 3076 4290 3385 4354; x_wconf 68' lang='lat' dir='ltr'><em>smpissime</em></span> <span class='ocrx_word' id='word_1_831' title='bbox 3433 4290 3606 4354; x_wconf 87' lang='lat' dir='ltr'><em>scrip-</em></span> 
     </span>
    </p>
   </div>
   <div class='ocr_carea' id='block_1_121' title="bbox 1978 4361 3607 4427">
    <p class='ocr_par' dir='ltr' id='par_1_121' title="bbox 1978 4361 3607 4427">
     <span class='ocr_line' id='line_1_121' title="bbox 1978 4361 3607 4427; baseline 0.002 -18"><span class='ocrx_word' id='word_1_832' title='bbox 1978 4365 2099 4410; x_wconf 88' lang='lat' dir='ltr'><em>tum</em></span> <span class='ocrx_word' id='word_1_833' title='bbox 2142 4361 2399 4410; x_wconf 90' lang='lat' dir='ltr'><em>videmus</em></span> <span class='ocrx_word' id='word_1_834' title='bbox 2445 4363 2685 4423; x_wconf 83' lang='lat' dir='ltr'><em>quotiens</em></span> <span class='ocrx_word' id='word_1_835' title='bbox 2728 4366 2784 4409; x_wconf 92' lang='lat' dir='ltr'><em>et</em></span> <span class='ocrx_word' id='word_1_836' title='bbox 2832 4363 3039 4419; x_wconf 80' lang='lat' dir='ltr'><em>totiens,</em></span> <span class='ocrx_word' id='word_1_837' title='bbox 3085 4362 3253 4411; x_wconf 89' lang='lat' dir='ltr'><em>etiam</em></span> <span class='ocrx_word' id='word_1_838' title='bbox 3298 4364 3353 4411; x_wconf 92' lang='lat' dir='ltr'><em>in</em></span> <span class='ocrx_word' id='word_1_839' title='bbox 3395 4363 3462 4412; x_wconf 89' lang='lat' dir='ltr'><em>iis</em></span> <span class='ocrx_word' id='word_1_840' title='bbox 3508 4364 3607 4427; x_wconf 83' lang='lat' dir='ltr'><em>qui</em></span> 
     </span>
    </p>
   </div>
   <div class='ocr_carea' id='block_1_122' title="bbox 1978 4432 3608 4495">
    <p class='ocr_par' dir='ltr' id='par_1_122' title="bbox 1978 4432 3608 4495">
     <span class='ocr_line' id='line_1_122' title="bbox 1978 4432 3608 4495; baseline 0.001 -13"><span class='ocrx_word' id='word_1_841' title='bbox 1978 4432 2265 4482; x_wconf 87' lang='lat' dir='ltr'><em>continent</em></span> <span class='ocrx_word' id='word_1_842' title='bbox 2307 4432 2485 4495; x_wconf 88' lang='lat' dir='ltr'><em>Opera</em></span> <span class='ocrx_word' id='word_1_843' title='bbox 2528 4433 2703 4482; x_wconf 90' lang='lat' dir='ltr'><em>sancti</em></span> <span class='ocrx_word' id='word_1_844' title='bbox 2739 4432 3018 4495; x_wconf 89' lang='lat' dir='ltr'><em>Cypriani.</em></span> <span class='ocrx_word' id='word_1_845' title='bbox 3072 4432 3214 4483; x_wconf 88' lang='lat' dir='ltr'><em>Cum</em></span> <span class='ocrx_word' id='word_1_846' title='bbox 3244 4437 3429 4483; x_wconf 90' lang='lat' dir='ltr'><em>autem</em></span> <span class='ocrx_word' id='word_1_847' title='bbox 3464 4435 3608 4483; x_wconf 87' lang='lat' dir='ltr'><em>vide-</em></span> 
     </span>
    </p>
   </div>
   <div class='ocr_carea' id='block_1_123' title="bbox 1978 4503 3605 4566">
    <p class='ocr_par' dir='ltr' id='par_1_123' title="bbox 1978 4503 3605 4566">
     <span class='ocr_line' id='line_1_123' title="bbox 1978 4503 3605 4566; baseline 0 -14"><span class='ocrx_word' id='word_1_848' title='bbox 1978 4517 2093 4553; x_wconf 90' lang='lat' dir='ltr'><em>rem</em></span> <span class='ocrx_word' id='word_1_849' title='bbox 2127 4506 2339 4552; x_wconf 90' lang='lat' dir='ltr'><em>tantum</em></span> <span class='ocrx_word' id='word_1_850' title='bbox 2366 4516 2709 4552; x_wconf 88' lang='lat' dir='ltr'><em>consensum</em></span> <span class='ocrx_word' id='word_1_851' title='bbox 2738 4509 2987 4553; x_wconf 89' lang='lat' dir='ltr'><em>veterum</em></span> <span class='ocrx_word' id='word_1_852' title='bbox 3016 4503 3071 4551; x_wconf 91' lang='lat' dir='ltr'><em>in</em></span> <span class='ocrx_word' id='word_1_853' title='bbox 3116 4504 3400 4552; x_wconf 88' lang='lat' dir='ltr'><em>retinenda</em></span> <span class='ocrx_word' id='word_1_854' title='bbox 3430 4504 3605 4566; x_wconf 86' lang='lat' dir='ltr'><em>scrip-</em></span> 
     </span>
    </p>
   </div>
   <div class='ocr_carea' id='block_1_124' title="bbox 1977 4574 3605 4637">
    <p class='ocr_par' dir='ltr' id='par_1_124' title="bbox 1977 4574 3605 4637">
     <span class='ocr_line' id='line_1_124' title="bbox 1977 4574 3605 4637; baseline 0 -15"><span class='ocrx_word' id='word_1_855' title='bbox 1977 4578 2099 4623; x_wconf 89' lang='lat' dir='ltr'><em>tura</em></span> <span class='ocrx_word' id='word_1_856' title='bbox 2141 4575 2254 4633; x_wconf 90' lang='lat' dir='ltr'><em>illa,</em></span> <span class='ocrx_word' id='word_1_857' title='bbox 2299 4574 2459 4623; x_wconf 87' lang='lat' dir='ltr'><em>facile</em></span> <span class='ocrx_word' id='word_1_858' title='bbox 2497 4574 2816 4623; x_wconf 88' lang='lat' dir='ltr'><em>adducebar</em></span> <span class='ocrx_word' id='word_1_859' title='bbox 2850 4578 2914 4621; x_wconf 91' lang='lat' dir='ltr'><em>ut</em></span> <span class='ocrx_word' id='word_1_860' title='bbox 2949 4585 3050 4635; x_wconf 90' lang='lat' dir='ltr'><em>ego</em></span> <span class='ocrx_word' id='word_1_861' title='bbox 3098 4587 3325 4637; x_wconf 90' lang='lat' dir='ltr'><em>quoque</em></span> <span class='ocrx_word' id='word_1_862' title='bbox 3348 4574 3421 4622; x_wconf 89' lang='lat' dir='ltr'><em>ita</em></span> <span class='ocrx_word' id='word_1_863' title='bbox 3460 4575 3605 4622; x_wconf 84' lang='lat' dir='ltr'><em>scri-</em></span> 
     </span>
    </p>
   </div>
   <div class='ocr_carea' id='block_1_125' title="bbox 1979 4644 3603 4703">
    <p class='ocr_par' dir='ltr' id='par_1_125' title="bbox 1979 4644 3603 4703">
     <span class='ocr_line' id='line_1_125' title="bbox 1979 4644 3603 4703; baseline -0.001 -9"><span class='ocrx_word' id='word_1_864' title='bbox 1979 4645 2184 4694; x_wconf 90' lang='lat' dir='ltr'><em>berem.</em></span> <span class='ocrx_word' id='word_1_865' title='bbox 2233 4644 2491 4693; x_wconf 88' lang='lat' dir='ltr'><em>Abstinui</em></span> <span class='ocrx_word' id='word_1_866' title='bbox 2541 4649 2747 4703; x_wconf 87' lang='lat' dir='ltr'><em>tamen,</em></span> <span class='ocrx_word' id='word_1_867' title='bbox 2786 4648 2938 4693; x_wconf 89' lang='lat' dir='ltr'><em>ratus</em></span> <span class='ocrx_word' id='word_1_868' title='bbox 2976 4658 3163 4693; x_wconf 89' lang='lat' dir='ltr'><em>veram</em></span> <span class='ocrx_word' id='word_1_869' title='bbox 3193 4656 3315 4692; x_wconf 89' lang='lat' dir='ltr'><em>esse</em></span> <span class='ocrx_word' id='word_1_870' title='bbox 3345 4644 3603 4693; x_wconf 87' lang='lat' dir='ltr'><em>observa-</em></span> 
     </span>
    </p>
   </div>
   <div class='ocr_carea' id='block_1_126' title="bbox 1981 4714 3606 4778">
    <p class='ocr_par' dir='ltr' id='par_1_126' title="bbox 1981 4714 3606 4778">
     <span class='ocr_line' id='line_1_126' title="bbox 1981 4714 3606 4778; baseline -0.001 -14"><span class='ocrx_word' id='word_1_871' title='bbox 1981 4716 2185 4765; x_wconf 89' lang='lat' dir='ltr'><em>tionem</em></span> <span class='ocrx_word' id='word_1_872' title='bbox 2225 4716 2479 4778; x_wconf 84' lang='lat' dir='ltr'><em>Dionysii</em></span> <span class='ocrx_word' id='word_1_873' title='bbox 2513 4715 2785 4772; x_wconf 84' lang='lat' dir='ltr'><em>Lambini,</em></span> <span class='ocrx_word' id='word_1_874' title='bbox 2814 4716 2915 4762; x_wconf 89' lang='lat' dir='ltr'><em>viri</em></span> <span class='ocrx_word' id='word_1_875' title='bbox 2943 4714 3264 4774; x_wconf 90' lang='lat' dir='ltr'><em>doctissimi,</em></span> <span class='ocrx_word' id='word_1_876' title='bbox 3292 4715 3387 4777; x_wconf 90' lang='lat' dir='ltr'><em>qui</em></span> <span class='ocrx_word' id='word_1_877' title='bbox 3422 4718 3478 4763; x_wconf 89' lang='lat' dir='ltr'><em>in</em></span> <span class='ocrx_word' id='word_1_878' title='bbox 3510 4715 3606 4764; x_wconf 90' lang='lat' dir='ltr'><em>ad-</em></span> 
     </span>
    </p>
   </div>
   <div class='ocr_carea' id='block_1_127' title="bbox 1978 4784 3602 4847">
    <p class='ocr_par' dir='ltr' id='par_1_127' title="bbox 1978 4784 3602 4847">
     <span class='ocr_line' id='line_1_127' title="bbox 1978 4784 3602 4847; baseline 0.001 -13"><span class='ocrx_word' id='word_1_879' title='bbox 1978 4787 2357 4836; x_wconf 87' lang='lat' dir='ltr'><em>notationibus</em></span> <span class='ocrx_word' id='word_1_880' title='bbox 2377 4788 2495 4835; x_wconf 89' lang='lat' dir='ltr'><em>suis</em></span> <span class='ocrx_word' id='word_1_881' title='bbox 2516 4786 2583 4835; x_wconf 90' lang='lat' dir='ltr'><em>ad</em></span> <span class='ocrx_word' id='word_1_882' title='bbox 2601 4787 2905 4836; x_wconf 86' lang='lat' dir='ltr'><em>orationem</em></span> <span class='ocrx_word' id='word_1_883' title='bbox 2926 4784 3208 4835; x_wconf 88' lang='lat' dir='ltr'><em>Ciceronis</em></span> <span class='ocrx_word' id='word_1_884' title='bbox 3227 4798 3325 4847; x_wconf 90' lang='lat' dir='ltr'><em>pro</em></span> <span class='ocrx_word' id='word_1_885' title='bbox 3348 4786 3405 4834; x_wconf 92' lang='lat' dir='ltr'><em>P.</em></span> <span class='ocrx_word' id='word_1_886' title='bbox 3428 4785 3602 4846; x_wconf 89' lang='lat' dir='ltr'><em>Quin-</em></span> 
     </span>
    </p>
   </div>
   <div class='ocr_carea' id='block_1_128' title="bbox 1980 4855 3602 4919">
    <p class='ocr_par' dir='ltr' id='par_1_128' title="bbox 1980 4855 3602 4919">
     <span class='ocr_line' id='line_1_128' title="bbox 1980 4855 3602 4919; baseline 0.001 -12"><span class='ocrx_word' id='word_1_887' title='bbox 1980 4859 2055 4907; x_wconf 89' lang='lat' dir='ltr'><em>tio</em></span> <span class='ocrx_word' id='word_1_888' title='bbox 2086 4859 2301 4907; x_wconf 87' lang='lat' dir='ltr'><em>monuit</em></span> <span class='ocrx_word' id='word_1_889' title='bbox 2350 4857 2551 4907; x_wconf 89' lang='lat' dir='ltr'><em>debere</em></span> <span class='ocrx_word' id='word_1_890' title='bbox 2595 4869 2812 4919; x_wconf 88' lang='lat' dir='ltr'><em>semper</em></span> <span class='ocrx_word' id='word_1_891' title='bbox 2859 4855 3027 4905; x_wconf 88' lang='lat' dir='ltr'><em>scribi</em></span> <span class='ocrx_word' id='word_1_892' title='bbox 3080 4856 3277 4919; x_wconf 88' lang='lat' dir='ltr'><em>quoties</em></span> <span class='ocrx_word' id='word_1_893' title='bbox 3330 4860 3385 4906; x_wconf 88' lang='lat' dir='ltr'><em>et</em></span> <span class='ocrx_word' id='word_1_894' title='bbox 3435 4858 3602 4919; x_wconf 84' lang='lat' dir='ltr'><em>toties,</em></span> 
     </span>
    </p>
   </div>
   <div class='ocr_carea' id='block_1_129' title="bbox 1980 4928 3605 4992">
    <p class='ocr_par' dir='ltr' id='par_1_129' title="bbox 1980 4928 3605 4992">
     <span class='ocr_line' id='line_1_129' title="bbox 1980 4928 3605 4992; baseline 0 -14"><span class='ocrx_word' id='word_1_895' title='bbox 1980 4942 2220 4979; x_wconf 89' lang='lat' dir='ltr'><em>errorem</em></span> <span class='ocrx_word' id='word_1_896' title='bbox 2242 4941 2372 4978; x_wconf 89' lang='lat' dir='ltr'><em>vero</em></span> <span class='ocrx_word' id='word_1_897' title='bbox 2398 4941 2587 4979; x_wconf 88' lang='lat' dir='ltr'><em>eorum</em></span> <span class='ocrx_word' id='word_1_898' title='bbox 2612 4930 2708 4992; x_wconf 89' lang='lat' dir='ltr'><em>qui</em></span> <span class='ocrx_word' id='word_1_899' title='bbox 2728 4930 3037 4991; x_wconf 87' lang='lat' dir='ltr'><em>posuerunt</em></span> <span class='ocrx_word' id='word_1_900' title='bbox 3060 4928 3294 4991; x_wconf 80' lang='lat' dir='ltr'><em>quotiens</em></span> <span class='ocrx_word' id='word_1_901' title='bbox 3322 4932 3377 4977; x_wconf 91' lang='lat' dir='ltr'><em>et</em></span> <span class='ocrx_word' id='word_1_902' title='bbox 3406 4929 3605 4989; x_wconf 82' lang='lat' dir='ltr'><em>totiens,</em></span> 
     </span>
    </p>
   </div>
   <div class='ocr_carea' id='block_1_130' title="bbox 1980 4999 3606 5063">
    <p class='ocr_par' dir='ltr' id='par_1_130' title="bbox 1980 4999 3606 5063">
     <span class='ocr_line' id='line_1_130' title="bbox 1980 4999 3606 5063; baseline 0.001 -16"><span class='ocrx_word' id='word_1_903' title='bbox 1980 5002 2157 5048; x_wconf 90' lang='lat' dir='ltr'><em>ortum</em></span> <span class='ocrx_word' id='word_1_904' title='bbox 2185 5012 2308 5048; x_wconf 89' lang='lat' dir='ltr'><em>esse</em></span> <span class='ocrx_word' id='word_1_905' title='bbox 2337 5012 2405 5047; x_wconf 80' lang='lat' dir='ltr'><em>ex</em></span> <span class='ocrx_word' id='word_1_906' title='bbox 2432 4999 2836 5050; x_wconf 88' lang='lat' dir='ltr'><em>consuetudine</em></span> <span class='ocrx_word' id='word_1_907' title='bbox 2874 5013 2984 5062; x_wconf 86' lang='lat' dir='ltr'><em>qua</em></span> <span class='ocrx_word' id='word_1_908' title='bbox 3010 4999 3308 5048; x_wconf 87' lang='lat' dir='ltr'><em>utebantur</em></span> <span class='ocrx_word' id='word_1_909' title='bbox 3338 4999 3606 5063; x_wconf 87' lang='lat' dir='ltr'><em>antiquis-</em></span> 
     </span>
    </p>
   </div>
   <div class='ocr_carea' id='block_1_131' title="bbox 1981 5070 3605 5133">
    <p class='ocr_par' dir='ltr' id='par_1_131' title="bbox 1981 5070 3605 5133">
     <span class='ocr_line' id='line_1_131' title="bbox 1981 5070 3605 5133; baseline 0.002 -15"><span class='ocrx_word' id='word_1_910' title='bbox 1981 5071 2105 5118; x_wconf 91' lang='lat' dir='ltr'><em>simi</em></span> <span class='ocrx_word' id='word_1_911' title='bbox 2139 5070 2389 5129; x_wconf 87' lang='lat' dir='ltr'><em>Romani,</em></span> <span class='ocrx_word' id='word_1_912' title='bbox 2435 5073 2532 5133; x_wconf 90' lang='lat' dir='ltr'><em>qui</em></span> <span class='ocrx_word' id='word_1_913' title='bbox 2571 5071 2850 5120; x_wconf 88' lang='lat' dir='ltr'><em>interdum</em></span> <span class='ocrx_word' id='word_1_914' title='bbox 2894 5070 3160 5120; x_wconf 89' lang='lat' dir='ltr'><em>notabant</em></span> <span class='ocrx_word' id='word_1_915' title='bbox 3198 5071 3449 5121; x_wconf 88' lang='lat' dir='ltr'><em>vocalem</em></span> <span class='ocrx_word' id='word_1_916' title='bbox 3480 5086 3524 5129; x_wconf 87' lang='lat' dir='ltr'><em>e,</em></span> <span class='ocrx_word' id='word_1_917' title='bbox 3559 5074 3605 5122; x_wconf 88' lang='lat' dir='ltr'><em>si</em></span> 
     </span>
    </p>
   </div>
   <div class='ocr_carea' id='block_1_132' title="bbox 1982 5141 3605 5207">
    <p class='ocr_par' dir='ltr' id='par_1_132' title="bbox 1982 5141 3605 5207">
     <span class='ocr_line' id='line_1_132' title="bbox 1982 5141 3605 5207; baseline 0.002 -18"><span class='ocrx_word' id='word_1_918' title='bbox 1982 5141 2145 5204; x_wconf 88' lang='lat' dir='ltr'><em>longa</em></span> <span class='ocrx_word' id='word_1_919' title='bbox 2172 5145 2335 5199; x_wconf 89' lang='lat' dir='ltr'><em>esset,</em></span> <span class='ocrx_word' id='word_1_920' title='bbox 2362 5141 2511 5190; x_wconf 89' lang='lat' dir='ltr'><em>linea</em></span> <span class='ocrx_word' id='word_1_921' title='bbox 2548 5143 2701 5191; x_wconf 88' lang='lat' dir='ltr'><em>tenui</em></span> <span class='ocrx_word' id='word_1_922' title='bbox 2735 5146 2789 5192; x_wconf 91' lang='lat' dir='ltr'><em>et</em></span> <span class='ocrx_word' id='word_1_923' title='bbox 2824 5155 2937 5191; x_wconf 89' lang='lat' dir='ltr'><em>non</em></span> <span class='ocrx_word' id='word_1_924' title='bbox 2970 5142 3041 5190; x_wconf 86' lang='lat' dir='ltr'><em>ita</em></span> <span class='ocrx_word' id='word_1_925' title='bbox 3065 5142 3249 5204; x_wconf 90' lang='lat' dir='ltr'><em>longa,</em></span> <span class='ocrx_word' id='word_1_926' title='bbox 3287 5142 3394 5191; x_wconf 90' lang='lat' dir='ltr'><em>hoc</em></span> <span class='ocrx_word' id='word_1_927' title='bbox 3420 5141 3605 5207; x_wconf 92' lang='lat' dir='ltr'><em>modo,</em></span> 
     </span>
    </p>
   </div>
   <div class='ocr_carea' id='block_1_133' title="bbox 1983 5212 3609 5278">
    <p class='ocr_par' dir='ltr' id='par_1_133' title="bbox 1983 5212 3609 5278">
     <span class='ocr_line' id='line_1_133' title="bbox 1983 5212 3609 5278; baseline 0.002 -18"><span class='ocrx_word' id='word_1_928' title='bbox 1983 5212 2216 5275; x_wconf 71' lang='lat' dir='ltr'><em>quoties,</em></span> <span class='ocrx_word' id='word_1_929' title='bbox 2246 5213 2424 5273; x_wconf 72' lang='lat' dir='ltr'><em>toties,</em></span> <span class='ocrx_word' id='word_1_930' title='bbox 2454 5213 2698 5277; x_wconf 89' lang='lat' dir='ltr'><em>hincque</em></span> <span class='ocrx_word' id='word_1_931' title='bbox 2728 5215 2939 5262; x_wconf 79' lang='lat' dir='ltr'><em>factum</em></span> <span class='ocrx_word' id='word_1_932' title='bbox 2968 5225 3090 5262; x_wconf 88' lang='lat' dir='ltr'><em>esse</em></span> <span class='ocrx_word' id='word_1_933' title='bbox 3116 5218 3178 5262; x_wconf 90' lang='lat' dir='ltr'><em>ut</em></span> <span class='ocrx_word' id='word_1_934' title='bbox 3207 5213 3416 5264; x_wconf 87' lang='lat' dir='ltr'><em>indocti</em></span> <span class='ocrx_word' id='word_1_935' title='bbox 3440 5216 3609 5278; x_wconf 74' lang='lat' dir='ltr'><em>scrip~</em></span> 
     </span>
    </p>
   </div>
   <div class='ocr_carea' id='block_1_134' title="bbox 1984 5283 3607 5343">
    <p class='ocr_par' dir='ltr' id='par_1_134' title="bbox 1984 5283 3607 5343">
     <span class='ocr_line' id='line_1_134' title="bbox 1984 5283 3607 5343; baseline 0.003 -12"><span class='ocrx_word' id='word_1_936' title='bbox 1984 5287 2126 5332; x_wconf 88' lang='lat' dir='ltr'><em>tores</em></span> <span class='ocrx_word' id='word_1_937' title='bbox 2149 5284 2372 5343; x_wconf 88' lang='lat' dir='ltr'><em>librarii,</em></span> <span class='ocrx_word' id='word_1_938' title='bbox 2402 5298 2532 5335; x_wconf 89' lang='lat' dir='ltr'><em>cum</em></span> <span class='ocrx_word' id='word_1_939' title='bbox 2559 5285 2940 5333; x_wconf 83' lang='lat' dir='ltr'><em>existimarent</em></span> <span class='ocrx_word' id='word_1_940' title='bbox 2965 5284 3226 5335; x_wconf 87' lang='lat' dir='ltr'><em>lineolam</em></span> <span class='ocrx_word' id='word_1_941' title='bbox 3245 5283 3399 5333; x_wconf 87' lang='lat' dir='ltr'><em>illam</em></span> <span class='ocrx_word' id='word_1_942' title='bbox 3425 5287 3607 5336; x_wconf 90' lang='lat' dir='ltr'><em>vicem</em></span> 
     </span>
    </p>
   </div>
   <div class='ocr_carea' id='block_1_135' title="bbox 1981 5353 3607 5418">
    <p class='ocr_par' dir='ltr' id='par_1_135' title="bbox 1981 5353 3607 5418">
     <span class='ocr_line' id='line_1_135' title="bbox 1981 5353 3607 5418; baseline 0.003 -15"><span class='ocrx_word' id='word_1_943' title='bbox 1981 5353 2229 5404; x_wconf 88' lang='lat' dir='ltr'><em>obtinere</em></span> <span class='ocrx_word' id='word_1_944' title='bbox 2282 5355 2481 5405; x_wconf 60' lang='lat' dir='ltr'><em>littera;</em></span> <span class='ocrx_word' id='word_1_945' title='bbox 2520 5368 2585 5415; x_wconf 82' lang='grc' dir='ltr'><em>η,</em></span> <span class='ocrx_word' id='word_1_946' title='bbox 2634 5354 2955 5417; x_wconf 89' lang='lat' dir='ltr'><em>scripserint</em></span> <span class='ocrx_word' id='word_1_947' title='bbox 3012 5355 3242 5418; x_wconf 87' lang='lat' dir='ltr'><em>quotiens</em></span> <span class='ocrx_word' id='word_1_948' title='bbox 3300 5359 3356 5405; x_wconf 90' lang='lat' dir='ltr'><em>et</em></span> <span class='ocrx_word' id='word_1_949' title='bbox 3406 5358 3607 5407; x_wconf 80' lang='lat' dir='ltr'><em>totiens.</em></span> 
     </span>
    </p>
   </div>
   <div class='ocr_carea' id='block_1_136' title="bbox 1984 5424 3612 5489">
    <p class='ocr_par' dir='ltr' id='par_1_136' title="bbox 1984 5424 3612 5489">
     <span class='ocr_line' id='line_1_136' title="bbox 1984 5424 3612 5489; baseline 0.001 -15"><span class='ocrx_word' id='word_1_950' title='bbox 1984 5424 2152 5474; x_wconf 87' lang='lat' dir='ltr'><em>Addit</em></span> <span class='ocrx_word' id='word_1_951' title='bbox 2206 5428 2391 5475; x_wconf 87' lang='lat' dir='ltr'><em>autem</em></span> <span class='ocrx_word' id='word_1_952' title='bbox 2440 5425 2743 5476; x_wconf 88' lang='lat' dir='ltr'><em>Lambinus</em></span> <span class='ocrx_word' id='word_1_953' title='bbox 2806 5425 2954 5475; x_wconf 89' lang='lat' dir='ltr'><em>hanc</em></span> <span class='ocrx_word' id='word_1_954' title='bbox 3002 5426 3332 5489; x_wconf 86' lang='lat' dir='ltr'><em>scripturam</em></span> <span class='ocrx_word' id='word_1_955' title='bbox 3374 5428 3612 5489; x_wconf 85' lang='lat' dir='ltr'><em>jampri-</em></span> 
     </span>
    </p>
   </div>
   <div class='ocr_carea' id='block_1_137' title="bbox 1982 5496 3611 5560">
    <p class='ocr_par' dir='ltr' id='par_1_137' title="bbox 1982 5496 3611 5560">
     <span class='ocr_line' id='line_1_137' title="bbox 1982 5496 3611 5560; baseline 0.002 -16"><span class='ocrx_word' id='word_1_956' title='bbox 1982 5496 2107 5545; x_wconf 91' lang='lat' dir='ltr'><em>dem</em></span> <span class='ocrx_word' id='word_1_957' title='bbox 2162 5499 2328 5546; x_wconf 90' lang='lat' dir='ltr'><em>tacito</em></span> <span class='ocrx_word' id='word_1_958' title='bbox 2376 5499 2625 5547; x_wconf 84' lang='lat' dir='ltr'><em>omnium</em></span> <span class='ocrx_word' id='word_1_959' title='bbox 2680 5510 2960 5547; x_wconf 90' lang='lat' dir='ltr'><em>consensu</em></span> <span class='ocrx_word' id='word_1_960' title='bbox 3024 5498 3259 5558; x_wconf 75' lang='lat' dir='ltr'><em>ejectum</em></span> <span class='ocrx_word' id='word_1_961' title='bbox 3319 5500 3371 5546; x_wconf 89' lang='lat' dir='ltr'><em>et</em></span> <span class='ocrx_word' id='word_1_962' title='bbox 3421 5498 3611 5560; x_wconf 82' lang='lat' dir='ltr'><em>explo—</em></span> 
     </span>
    </p>
   </div>
   <div class='ocr_carea' id='block_1_138' title="bbox 1982 5568 3612 5634">
    <p class='ocr_par' dir='ltr' id='par_1_138' title="bbox 1982 5568 3612 5634">
     <span class='ocr_line' id='line_1_138' title="bbox 1982 5568 3612 5634; baseline 0.002 -19"><span class='ocrx_word' id='word_1_963' title='bbox 1982 5580 2101 5616; x_wconf 87' lang='lat' dir='ltr'><em>sam</em></span> <span class='ocrx_word' id='word_1_964' title='bbox 2151 5580 2291 5618; x_wconf 89' lang='lat' dir='ltr'><em>esse.</em></span> <span class='ocrx_word' id='word_1_965' title='bbox 2352 5569 2494 5620; x_wconf 90' lang='lat' dir='ltr'><em>Vide</em></span> <span class='ocrx_word' id='word_1_966' title='bbox 2556 5569 2725 5619; x_wconf 90' lang='lat' dir='ltr'><em>etiam</em></span> <span class='ocrx_word' id='word_1_967' title='bbox 2788 5582 2915 5634; x_wconf 58' lang='lat' dir='ltr'><em>quas</em></span> <span class='ocrx_word' id='word_1_968' title='bbox 2989 5568 3056 5617; x_wconf 89' lang='lat' dir='ltr'><em>de</em></span> <span class='ocrx_word' id='word_1_969' title='bbox 3115 5568 3224 5619; x_wconf 89' lang='lat' dir='ltr'><em>hoc</em></span> <span class='ocrx_word' id='word_1_970' title='bbox 3288 5574 3612 5632; x_wconf 88' lang='lat' dir='ltr'><em>argumento</em></span> 
     </span>
    </p>
   </div>
   <div class='ocr_carea' id='block_1_139' title="bbox 1981 5639 3610 5705">
    <p class='ocr_par' dir='ltr' id='par_1_139' title="bbox 1981 5639 3610 5705">
     <span class='ocr_line' id='line_1_139' title="bbox 1981 5639 3610 5705; baseline -0.001 -17"><span class='ocrx_word' id='word_1_971' title='bbox 1981 5640 2201 5704; x_wconf 87' lang='lat' dir='ltr'><em>scripsit</em></span> <span class='ocrx_word' id='word_1_972' title='bbox 2248 5643 2526 5693; x_wconf 85' lang='lat' dir='ltr'><em>Antonius</em></span> <span class='ocrx_word' id='word_1_973' title='bbox 2568 5642 2938 5705; x_wconf 84' lang='lat' dir='ltr'><em>Augustinus,</em></span> <span class='ocrx_word' id='word_1_974' title='bbox 2966 5639 3061 5690; x_wconf 92' lang='lat' dir='ltr'><em>lib.</em></span> <span class='ocrx_word' id='word_1_975' title='bbox 3092 5654 3133 5692; x_wconf 86' lang='lat' dir='ltr'><em>II</em></span> <span class='ocrx_word' id='word_1_976' title='bbox 3156 5640 3610 5700; x_wconf 79' lang='lat' dir='ltr'><em>Emendationum,</em></span> 
     </span>
    </p>
   </div>
   <div class='ocr_carea' id='block_1_140' title="bbox 1980 5713 2177 5777">
    <p class='ocr_par' dir='ltr' id='par_1_140' title="bbox 1980 5713 2177 5777">
     <span class='ocr_line' id='line_1_140' title="bbox 1980 5713 2177 5777; baseline 0.005 -15"><span class='ocrx_word' id='word_1_977' title='bbox 1980 5725 2098 5777; x_wconf 89' lang='lat' dir='ltr'><em>cap.</em></span> <span class='ocrx_word' id='word_1_978' title='bbox 2129 5713 2177 5763; x_wconf 89' lang='lat'><em>6.</em></span> 
     </span>
    </p>
   </div>
  </div>
