4160 6216
491 238 592 291 327

1413 230 1469 284 S.
1510 228 1822 284 CYPRIANI
1859 226 2131 284 OPERUM
2171 226 2345 284 PARS
2390 229 2426 282 l.
2468 258 2536 268 —
2576 229 2935 285 EPISTOL/E.

3751 235 3856 289 328

488 358 700 424 voluit,
756 357 920 410 toties
970 351 1430 424 promptissimus
1494 369 1558 407 ac
1611 352 1954 406 fortissimus
2009 352 2117 423 (79)
2142 351 2287 437 Aab
2345 351 2530 407 ofﬁcio
2583 353 2842 408 lectionis
2890 352 3147 425 incipiat,
3190 353 3323 424 quia
3372 358 3430 409 et
3471 355 3613 410 nihil
3665 358 3856 429 magis

492 452 658 506 miles
679 453 736 504 et
764 447 1039 520 pugnavit
1071 452 1124 502 et
1155 445 1306 501 vicit.
1341 447 1549 501 Parum
1577 447 1765 500 fuerat
1806 445 1907 500 sub
1947 445 2122 499 oculis

492 550 627 600 ante
676 558 1012 614 paucorum,
1069 541 1300 612 quando
1347 540 1588 595 extorris
1631 540 1818 607 ﬁebat,
1850 555 2118 610 congres-

487 655 612 693 sum
645 635 838 709 319
872 635 1062 702 fuisse,
1095 633 1303 688 meruit
1331 638 1388 688 et
1419 633 1475 688 in
1519 634 1640 688 foro
1685 632 1957 704 congredi
2003 632 2118 686 cla-

485 732 638 786 riore
689 730 914 798 virtute,
951 731 1014 782 ut
1057 732 1182 799 post
1230 728 1604 799 magistratus
1649 728 1822 781 etiam
1876 742 2117 796 procon-

484 826 669 880 sulem
727 825 1004 892 vinceret,
1063 827 1119 877 et
1171 826 1300 892 post
1361 820 1621 877 exsilium
1675 825 1961 875 tormenta
2025 837 2116 873 su-

487 923 730 991 peraret.
789 919 898 972 Nec
949 916 1176 971 invenio
1233 916 1368 987 quid
1412 916 1469 969 in
1523 931 1588 970 eo
1635 915 1945 985 praedicare
1995 914 2120 984 plus

489 1013 755 1079 debeam,
791 1010 1034 1081 gloriam
1071 1009 1398 1078 vulnerum,
1446 1025 1518 1062 an
1564 1006 1963 1063 verecundiam
2002 1022 2121 1061 mo-

487 1122 638 1174 rum,
674 1104 828 1175 quod
873 1104 1093 1158 honore
1149 1102 1372 1157 virtutis
1417 1101 1657 1172 insignis
1697 1106 1800 1169 est,
1853 1116 1924 1154 an
1969 1099 2119 1170 quod

492 1198 728 1270 pudoris
800 1196 1177 1251 admiratione
1226 1194 1534 1250 laudibilis.
1600 1196 1683 1249 Ita
1737 1195 1792 1248 et
1844 1193 2118 1264 dignitate

484 1293 738 1348 excelsus
765 1293 850 1345 est
888 1294 945 1344 et
989 1288 1314 1344 humilitate
1361 1288 1694 1354 submissus,
1738 1291 1801 1341 ut
1841 1288 2121 1357 appareat

484 1386 644 1440 illum
699 1383 968 1439 divinitus
1008 1384 1360 1437 reservatum
1415 1381 1512 1452 qui
1555 1381 1625 1435 ad
1679 1379 2116 1436 ecclesiasticam

482 1478 841 1550 disciplinam
868 1478 1088 1532 caeteris
1119 1479 1268 1531 esset
1317 1475 1604 1545 exemplo,
1637 1474 1925 1546 quomodo
1973 1473 2116 1528 servi

481 1573 582 1627 Dei
612 1571 671 1626 in
700 1571 1054 1626 confessione
1087 1569 1389 1624 virtutibus
1435 1568 1752 1635 vincerent,
1804 1571 1931 1638 post
1975 1582 2114 1621 con-

480 1665 784 1721 fessionem
817 1663 1074 1718 moribus
1101 1663 1446 1718 eminerent.

2221 447 2484 517 congruit
2513 446 2633 501 voci
2660 463 2786 518 qua:
2817 447 3123 502 Dominum
3153 447 3400 518 gloriosa
3439 449 3854 520 praedicatione

2222 539 2478 593 confessa
2536 543 2640 607 est,
2688 557 2858 612 quam
2918 540 3277 596 celebrandis
3299 542 3347 577 9³
3402 542 3604 598 divinis
3651 544 3854 599 lectio-

2222 632 2389 686 nibus
2412 649 2750 703 personare;
2786 639 2916 705 post
2957 633 3126 689 verba
3168 634 3430 690 sublimia
3463 653 3590 708 qua?
3641 637 3856 692 Christi

2221 726 2558 797 martyrium
2599 728 2892 797 prolocuta
2931 733 3080 798 sunt,
3115 729 3487 799 Evangelium
3535 729 3739 785 Christi
3768 733 3852 785 le-

2223 836 2376 890 gere,
2406 820 2555 874 unde
2600 825 2878 892 martyres
2925 821 3109 890 ﬁunt;
3155 822 3227 876 ad
3271 822 3557 894 pulpitum
3584 824 3692 896 (81)
3720 829 3854 896 post

2220 915 2489 968 catastam
2541 915 2647 984 (82)
2715 915 2945 983 venire,
3023 915 3136 969 illic
3213 916 3385 972 fuisse
3479 919 3850 990 conspicuum

2222 1007 2520 1078 gentilium
2574 1007 2950 1074 multitudini,
3011 1008 3103 1062 hic
3153 1025 3185 1063 a
3233 1009 3500 1065 fratribus
3571 1012 3845 1083 conspici,

2219 1099 2333 1154 illic
2385 1100 2642 1155 auditum
2698 1117 2816 1156 esse
2887 1119 3013 1156 cum
3085 1103 3361 1158 miraculo
3429 1104 3850 1160 circumstantis

2217 1194 2434 1264 populi,
2465 1195 2558 1248 hic
2599 1211 2730 1249 cum
2778 1195 2989 1266 gaudio
3034 1196 3404 1252 fraternitatis
3439 1197 3645 1252 audiri.
3689 1199 3850 1253 Hunc

2217 1286 2413 1357 igitur,
2444 1287 2644 1343 fratres
2670 1287 2862 1361 320
2889 1289 3257 1358 dilectissimi,
3286 1307 3318 1344 a
3353 1307 3444 1345 me
3477 1297 3534 1347 et
3561 1308 3593 1346 a
3620 1293 3851 1364 collegis

2217 1381 2314 1451 qui
2362 1384 2672 1451 praesentes
2731 1381 2974 1438 aderant
3020 1383 3345 1440 ordinatum
3419 1385 3621 1440 sciatis.
3683 1385 3849 1450 Quod

2216 1490 2316 1528 vos
2358 1473 2472 1529 scio
2522 1478 2578 1529 et
2631 1473 2877 1529 libenter
2925 1477 3189 1548 amplecti
3240 1481 3297 1531 et
3351 1484 3546 1550 optare
3597 1481 3737 1534 tales
3787 1481 3846 1535 in

2218 1568 2465 1622 Ecclesia
2489 1570 2682 1623 nostra
2707 1570 3156 1640 quamplurimos
3179 1570 3454 1626 ordinari.
3480 1573 3550 1626 Et
3573 1573 3845 1644 quoniam

2217 1677 2445 1733 semper
2489 1661 2763 1731 gaudium
2815 1669 3087 1734 properat
3130 1665 3260 1734 (83),
3319 1681 3425 1720 nec
3471 1670 3657 1737 potest
3713 1683 3843 1722 mo-

554 1762 619 1814 lI.
648 1758 968 1814 Merebatur
997 1758 1120 1812 talis
1150 1756 1371 1812 clericus
1411 1755 1784 1810 ordinationis
1810 1754 2114 1809 ulteriores
2138 1727 2192 1800 Β
2217 1770 2309 1808 ras
2336 1727 2445 1824 (84)
2472 1727 2622 1808 ferre
2665 1727 2882 1822 laetitia,
2920 1727 3229 1812 Dominico
3249 1727 3375 1827 ’(85)
3420 1727 3564 1830 legit
3607 1761 3840 1815 interim

485 1853 698 1926 gradus
717 1853 1142 1907 etincrementa
1159 1851 1400 1920 majora,
1425 1866 1536 1904 non
1561 1850 1631 1904 de
1650 1849 1816 1903 annis
1841 1848 1958 1902 suis
1981 1847 2111 1918 (80),

2217 1847 2401 1910 nobis,
2433 1847 2491 1901 id
2519 1851 2605 1902 est
2630 1849 2677 1882 9"
2723 1848 2854 1920 (86),
2899 1849 3218 1920 auspicatus
3258 1856 3344 1906 est
3377 1869 3579 1924 pacem
3627 1853 3764 1908 dum
3791 1855 3842 1888 95

485 1948 585 2002 sed
616 1948 684 2001 de
716 1946 932 2001 meritis
960 1944 1344 1999 aestimandus.
1378 1944 1486 1998 Sed
1532 1943 1760 1998 interim
1802 1941 2014 2013 placuit
2052 1947 2115 1996 ut
2214 1940 2440 1995 dedicat
2468 1939 2580 2012 (87)
2609 1941 2929 1998 lectionem.
2975 1944 3082 1997 Vos
3116 1943 3464 2000 orationibus
3502 1947 3846 2018 frequenter

1875 2076 2084 2139 Varia:
2126 2074 2465 2138 lectiones.

543 2197 583 2232 93
613 2198 793 2262 Quam
823 2195 1240 2248 celebrantibus
1267 2195 1408 2244 Lam.
1434 2195 1541 2245 ΝΟ.
1568 2195 1614 2254 1,
1643 2195 1689 2245 2.
1721 2196 1830 2243 Lin.
1899 2193 1943 2226 9‘
1970 2192 2150 2244 Hodie
2176 2192 2327 2242 Ebor.
2392 2192 2434 2226 '5
2460 2193 2801 2257 Auspicatus
2824 2197 2927 2256 est,
2958 2193 3091 2245 dum
3125 2194 3279 2245 Ebor.

1784 2323 2010 2405 Steph.
2051 2322 2298 2386 Baluzii
2341 2327 2536 2386 notae.

539 2444 633 2505 (79)
682 2444 915 2506 Prompt.
965 2455 1026 2491 ac
1073 2441 1244 2505 fortis.
1293 2442 1452 2492 Hanc
1495 2441 1790 2492 lectionem
1830 2441 2006 2505 reperi
2048 2441 2104 2490 in

477 2514 741 2565 undecim
764 2513 1052 2563 codicibus
1074 2514 1336 2577 antiquis.
1365 2513 1486 2563 Alia
1509 2512 1676 2562 habet
1703 2512 2024 2574 fortissimus
2045 2525 2105 2561 ac

474 2584 920 2650 promptissimus.

540 2657 636 2719 (80)
681 2656 800 2704 Νοη
839 2655 902 2704 de
929 2653 1088 2704 annis
1115 2654 1244 2704 suis.
1289 2653 1556 2716 Virgilius
1577 2652 1671 2702 lib.
1718 2667 1780 2703 1x
1805 2653 2054 2703 /Eneidos
2090 2669 2105 2702 :

567 2765 697 2813 Ante
728 2775 893 2812 annos
920 2760 1264 2825 animumque
1290 2774 1478 2825 gerens
1505 2773 1786 2824 curamque
1818 2761 2040 2810 virilem.

473 2870 736 2921 Nazarius
775 2870 841 2928 in
895 2867 1236 2931 Panegyrico
1276 2866 1625 2917 Constantini
1668 2867 1785 2916 ait:
1840 2882 1869 2915 ‹‹
1913 2867 2106 2918 Osten-

474 2942 604 2992 disti
634 2951 859 2990 cursum
903 2939 1083 2988 astatis
1121 2951 1231 2987 non
1281 2937 1719 3000 exspectandum
1769 2940 1823 2987 in
1877 2938 2101 2988 festina-

474 3012 626 3061 tione
654 3011 896 3060 virtutis.
926 3027 954 3054 »
1003 3009 1074 3058 Et
1115 3021 1243 3058 mox
1274 3009 1343 3058 de
1388 3008 1580 3073 Crispo
1611 3025 1674 3058 :«
1705 3011 1766 3059 In
1799 3024 1910 3074 quo
1944 3011 2103 3060 velox

471 3083 650 3132 virtus
693 3082 870 3132 aetatis
919 3093 1074 3130 mora
1124 3093 1236 3130 non
1292 3081 1569 3130 retardata
1635 3081 1877 3144 pueriles
1931 3095 2105 3131 annos

471 3153 671 3216 gladiis
716 3151 1148 3216 triumphalibus
1187 3152 1499 3214 occupavit.
1546 3170 1574 3196 »
1616 3152 1780 3215 Apud
1823 3153 2103 3202 Victorem

471 3224 778 3284 Vitensem,
807 3222 899 3272 lib.
932 3237 983 3280 v,
1008 3234 1129 3285 cap.
1164 3223 1241 3282 10,
1282 3223 1494 3272 mentio
1515 3225 1601 3271 est
1627 3222 1925 3272 duodecim
1949 3224 2104 3273 cleri-

471 3307 665 3346 corum
695 3293 1099 3342 infantulorum
1131 3293 1399 3343 Ecclesiae
1431 3292 1920 3356 Carthaginiensis,
1963 3308 2104 3359 quos

470 3366 663 3416 Ariani
690 3365 805 3413 suis
851 3363 1135 3414 blanditiis
1163 3377 1397 3414 avocare
1439 3377 1550 3414 non
1594 3369 1890 3426 potuerunt
1919 3379 1950 3414 a
1977 3379 2103 3429 pro-

470 3437 712 3486 fessione
752 3438 915 3485 rectae
957 3434 1110 3496 ﬁdei,
1156 3440 1203 3484 et
1243 3435 1543 3498 superiores
1583 3436 1694 3484 suis
1736 3437 1932 3485 inventi
1981 3444 2104 3488 sunt

468 3508 645 3558 annis.
687 3505 1039 3558 Gravissimis
1080 3507 1231 3555 enim
1278 3507 1568 3556 tormentis
1621 3506 1811 3557 afﬂicti
1858 3511 2002 3569 sunt,
2050 3512 2104 3559 et

472 3583 658 3629 tamen
681 3583 816 3628 astas
845 3578 1026 3627 minor
1050 3589 1163 3626 non
1190 3576 1391 3628 defecit
1419 3579 1476 3626 in
1503 3577 1709 3628 dolore.
1740 3578 1890 3628 Istud
1918 3581 2101 3643 ipsum

468 3649 725 3701 versibus
769 3648 1194 3712 elegantissimis
1235 3649 1515 3712 expressit
1561 3649 1644 3698 vir
1687 3663 1816 3700 cum
1858 3651 2102 3714 antiquis

467 3721 871 3788 comparandus
901 3723 1096 3772 Petrus
1122 3721 1415 3773 Cornelius
1438 3724 1494 3772 in
1511 3723 1774 3788 tragaadia
1797 3723 1934 3774 Cidi.
1965 3724 2102 3787 Ejus

470 3796 639 3846 verba
667 3797 954 3846 merentur
978 3794 1072 3844 hic
1106 3793 1344 3844 describi
1373 3810 1384 3842 :

561 3903 620 3954 Je
645 3903 754 3952 suis
774 3903 953 3964 jeune,
978 3901 1014 3952 il
1049 3905 1128 3952 est
1153 3902 1293 3964 vrai;
1318 3901 1448 3953 mals
1470 3917 1576 3953 aux
1606 3903 1750 3953 times
1771 3903 1896 3953 bien
1914 3906 2040 3956 nées

562 3977 631 4025 La
659 3976 834 4025 valeur
866 3974 1098 4025 n’attend
1122 3989 1214 4040 pas
1243 3975 1290 4024 le
1325 3976 1546 4025 nombre
1577 3976 1670 4026 des
1698 3977 1909 4026 années.

529 4083 630 4147 (81)
653 4084 733 4134 Ad
769 4083 1049 4148 pulpitum.
1077 4083 1133 4132 id
1161 4085 1251 4144 est
1278 4083 1521 4133 tribunal
1549 4084 1823 4147 ecclesias,
1846 4088 1909 4135 ut
1937 4085 2098 4146 infra,

465 4158 622 4220 epist.
667 4157 749 4213 34,
780 4169 902 4219 pag.
951 4156 1030 4214 48,
1055 4153 1204 4203 dicet
1249 4152 1579 4217 Cyprianus.
1613 4155 1894 4206 Ambonem
1921 4160 2101 4220 poste-

467 4229 575 4275 rior
602 4229 736 4274 astas
766 4223 998 4273 vocavit.
1047 4221 1360 4272 Concilium
1389 4224 1765 4274 Laodicenum
1794 4239 1917 4275 can.
1946 4229 2008 4276 l5
2031 4240 2100 4277 ex

464 4297 920 4360 interpretatione
959 4294 1214 4357 Dionysii
1251 4294 1455 4358 Exigui
1500 4311 1510 4344 :
1547 4314 1573 4339 «
1620 4297 1702 4347 De
1745 4297 1833 4346 his
1869 4297 1964 4360 qui
2007 4296 2100 4347 de-

466 4369 601 4420 bent
660 4369 717 4416 in
775 4365 1047 4426 ambone,
1110 4365 1164 4413 id
1223 4369 1308 4415 est
1352 4367 1408 4415 in
1460 4367 1708 4430 pulpito,
1766 4369 2016 4431 psallere.
2067 4386 2096 4413 »

464 4413 609 4491 ﬁas
639 4413 993 4500 cassidem
1035 4413 1094 4486 in
1144 4413 1587 4488 11δὲιᾶάῖεᾶσῖἑέ
1598 4413 1996 4503 libertati}:
2007 4413 2174 4502 ‘15,D

463 4510 557 4573 52,
610 4513 663 4560 et
731 4510 787 4558 in
851 4508 1195 4559 Collectione
1266 4513 1515 4559 veterum
1574 4508 2091 4570 Monumentorum,

463 4595 588 4646 pag.
642 4583 719 4632 18.
780 4580 920 4631 Vide
972 4582 1138 4632 etiam
1184 4580 1351 4632 Notas
1377 4585 1593 4631 nostras
1631 4581 1702 4630 ad
1733 4582 2090 4646 Capitularia.

463 4667 586 4716 pag.
621 4654 757 4703 1147.

527 4667 990 4784 (ξέ)ιι4έξιιαειαηι.
1068 4721 1210 4773 Vide
1293 4722 1574 4772 Victorem
1656 4723 1969 4776 Giselinum
2036 4727 2092 4775 in

464 4796 620 4846 Notis
663 4794 731 4844 ad
771 4794 1058 4858 Hymnum
1105 4794 1390 4845 Prudentii
1433 4794 1502 4845 de
1548 4797 1884 4859 martyribus
1931 4798 2092 4848 Cala-

460 4866 775 4930 gurritanis.

527 4938 622 5000 (83)
674 4937 940 4987 Gaudium
992 4942 1262 5001 preparat.
1327 4937 1705 5000 Hieronymus
1749 4939 1806 4987 in
1853 4939 2092 5001 Epistota

460 5010 532 5058 ad
578 5009 964 5058 Demetriadem
1011 5008 1080 5057 de
1127 5009 1443 5072 virginitate
1487 5008 1759 5059 servanda
1794 5010 1871 5059 ait
1897 5024 2092 5062 omnes

460 5093 560 5143 per
603 5079 820 5129 Italiam
862 5083 918 5129 et
964 5080 1210 5128 Africam
1259 5079 1490 5141 insulas,
1537 5080 1726 5129 audito
1754 5085 1959 5132 sanctae
1986 5084 2092 5132 vir—

459 5151 605 5214 ginis
666 5153 990 5215 prOposito,
1042 5151 1280 5214 repletas
1340 5151 1512 5201 fuisse
1565 5152 1673 5203 hoc
1723 5167 1979 5215 rumore,
2037 5161 2093 5206 et

461 5222 734 5272 inoffenso
777 5222 917 5286 pede
957 5220 1159 5286 gaudia
1205 5222 1424 5285 longius
1466 5224 1799 5273 cucurrisse.
1840 5225 2092 5288 Symma—

460 5292 620 5351 chus,
673 5293 768 5343 lib.
820 5306 856 5354 ι,
915 5294 1072 5356 epist.
1124 5293 1205 5347 32.
1265 5292 1456 5342 scribit
1497 5294 1784 5345 difﬁcilem
1831 5310 1954 5348 esse
1999 5312 2091 5362 pa-

457 5364 706 5414 tientiam
760 5363 1109 5426 gaudiorum.
1157 5364 1436 5426 Martialis,
1476 5363 1572 5414 lib.
1624 5379 1740 5429 vm,
1782 5371 1954 5433 epigr.
1982 5370 2038 5419 21
2077 5385 2088 5418 :

459 5453 487 5481 α
539 5434 892 5498 Phosphore,
963 5435 1133 5485 redde
1196 5436 1344 5484 diem
1402 5452 1412 5486 :
1463 5436 1599 5501 quid
1654 5440 1855 5502 gaudia
1905 5444 2091 5490 nostra

456 5506 742 5556 moraris?
779 5523 808 5550 ››
852 5504 1092 5557 Sanctus
1139 5507 1248 5558 Leo
1298 5521 1471 5572 papa,
1518 5510 1676 5573 epist.
1723 5512 1816 5572 52,
1858 5509 1928 5560 ad
1973 5512 2090 5574 epi-

457 5588 654 5641 scopos
687 5577 922 5629 Galliae:
972 5596 1000 5625 «
1043 5579 1180 5629 Nam
1213 5579 1441 5631 fratrem
1480 5581 1790 5645 Ingenuum
1823 5583 2090 5632 nolumus

456 5648 567 5700 hac
602 5653 1023 5716 exspectatione
1066 5651 1285 5713 tardari,
1326 5667 1456 5704 cum
1483 5653 1553 5704 ob
1589 5653 1694 5705 hoc
1737 5655 1920 5719 ipsum
1954 5668 2088 5718 pro-

456 5725 740 5787 perantius
787 5736 1033 5776 remeare
1078 5723 1350 5787 debuerit,
1399 5739 1470 5777 ne
1513 5726 1725 5776 diutius
1765 5726 1922 5777 vobis
1943 5729 2089 5776 esset

457 5794 740 5862 incognita
783 5795 1036 5848 omnium
1089 5799 1321 5848 materia
1393 5796 1740 5862 gaudiorum.
1789 5815 1818 5845 »
1869 5795 2092 5849 Cassio-

2124 3041 2178 3115 C

2205 2439 2389 2499 dorus,
2433 2439 2529 2490 lib.
2580 2453 2660 2501 IV,
2705 2440 2865 2504 epist.
2908 2442 2940 2490 4
2980 2456 2992 2489 :
3033 2455 3062 2489 ‹‹
3092 2440 3309 2492 Gaudia
3354 2453 3570 2506 semper
3624 2441 3847 2493 animos

2203 2511 2534 2574 inquietant.
2575 2510 2774 2560 Modus
2812 2512 2960 2561 enim
2998 2525 3122 2562 raro
3151 2511 3320 2562 rebus
3348 2512 3491 2562 latis
3515 2513 3842 2577 imponitur,

2204 2584 2301 2646 qui
2357 2583 2534 2646 magis
2581 2583 2639 2631 in
2689 2582 2937 2633 tristibus
2993 2583 3295 2633 invenitur.
3347 2601 3376 2628 »
3435 2583 3593 2645 Nam,
3653 2588 3717 2633 ut
3764 2585 3846 2633 ait

2205 2652 2578 2702 Tertullianus
2622 2653 2679 2702 in
2720 2652 2862 2702 libro
2904 2653 2968 2702 de
3012 2653 3297 2712 Pudicitia,
3325 2671 3355 2700 ‹ν
3385 2655 3562 2717 magis
3599 2655 3844 2705 tristiora

2204 2727 2537 2774 cunctantur
2596 2738 2764 2788 quam
2822 2725 2963 2774 laeta.
3027 2742 3056 2770 »
3123 2724 3516 2787 Symmachus,
3578 2724 3672 2774 lib.
3737 2739 3844 2788 vn,

2205 2795 2362 2857 epist.
2401 2796 2422 2844 1
2467 2810 2477 2842 :
2511 2810 2541 2843 «
2578 2795 2848 2858 Longiora
2887 2796 3035 2845 enim
3074 2794 3220 2845 ﬁunt
3252 2807 3378 2859 quae
3417 2794 3764 2845 differuntur.
3811 2813 3842 2841 »

2205 2866 2496 2915 Petronius
2537 2865 2606 2916 de
2647 2866 2894 2929 Ascylto,
2941 2884 2968 2912 α
3012 2866 3253 2916 Tardum
3298 2871 3382 2915 est
3423 2864 3644 2916 differre
3687 2867 3842 2930 quod

2203 2936 2400 2998 placet.
2427 2950 2457 2982 »
2482 2935 2694 2998 Cicero,
2722 2937 2863 2987 libro
2894 2940 3090 3001 quarto
3121 2937 3469 2999 Quaestionum
3511 2937 3840 2988 Tusculana-

2204 3018 2342 3065 rum,
2369 3008 2526 3070 ponit
2554 3007 2851 3058 discrimen
2881 3009 3026 3058 inter
3049 3008 3316 3072 gaudium
3337 3011 3392 3058 et
3409 3007 3676 3057 laetitiam.
3703 3009 3843 3059 Lac-

2208 3079 2429 3140 tantius,
2461 3079 2554 3130 lib.
2588 3093 2664 3140 v1,
2693 3092 2810 3144 cap.
2839 3081 2893 3130 11
2923 3095 2934 3129 :
2960 3097 2989 3125 «
3009 3080 3222 3130 Laetitia
3249 3079 3390 3130 nihil
3413 3085 3497 3130 est
3522 3094 3688 3144 quam
3716 3095 3846 3144 pro-

2205 3147 2392 3198 fusum
2421 3151 2702 3214 gaudium.
2736 3169 2764 3196 »ι
2800 3151 3193 3214 Hieronymus,
3237 3151 3296 3199 in
3333 3163 3448 3214 cap.
3489 3163 3548 3202 IV
3590 3151 3844 3216 Εριέιοιτε

2204 3220 2276 3270 ad
2302 3220 2524 3271 Galatas
2558 3237 2575 3269 :
2602 3239 2629 3267 «
2657 3221 2934 3272 Gaudium
2967 3223 3171 3285 quippe
3207 3233 3330 3272 esse
3361 3223 3515 3271 aiunt
3539 3223 3840 3273 elationem

2203 3291 2375 3341 animi
2418 3305 2587 3356 super
2624 3291 2710 3342 his
2752 3305 2877 3356 qum
2921 3291 3089 3356 digna
3131 3297 3260 3342 sunt
3307 3293 3655 3355 exsultantis,
3697 3294 3842 3345 laeti-

2204 3364 2336 3412 tiam
2382 3376 2512 3414 vero
2557 3362 2811 3415 effrenati
2858 3365 3030 3413 animi
3073 3365 3368 3415 elationem
3412 3377 3539 3429 quas
3587 3364 3838 3416 medium

2203 3434 2414 3483 nesciat
2442 3438 2496 3483 et
2531 3435 2588 3483 in
2609 3430 2706 3483 his
2731 3447 2952 3498 quoque
2987 3446 3113 3498 quae
3151 3435 3286 3484 vitio
3313 3439 3446 3483 sunt
3477 3436 3639 3484 mista
3673 3435 3842 3485 laeta—

2203 3508 2307 3554 tur.
2334 3523 2363 3551 »
2394 3505 2532 3554 Vide
2558 3504 2903 3555 Ludovicum
2943 3504 3179 3556 Cailium
3220 3505 3615 3568 Rhodiginum,
3647 3506 3740 3556 lib.
3774 3521 3838 3570 v,

2202 3590 2323 3641 cap.
2354 3577 2433 3628 33.

2267 3649 2363 3712 (84)
2415 3650 2517 3698 Nec
2570 3661 2762 3699 moras.
2811 3648 3004 3700 Omnis
3054 3650 3203 3700 enim
3259 3650 3430 3699 nimia
3485 3650 3650 3715 longa
3704 3664 3838 3715 pro-

2200 3721 2415 3784 peranti
2465 3732 2617 3770 mora
2669 3723 2771 3782 est,
2818 3725 2882 3770 ut
2934 3721 3011 3770 ait
3052 3720 3265 3772 Seneca
3317 3721 3374 3770 in
3425 3723 3836 3785 Agamemnone.

2201 3791 2446 3854 Epistola
2508 3791 2744 3840 Heronis
2801 3790 2871 3840 ad
2927 3791 3240 3842 Leandrum
3295 3791 3442 3855 apud
3493 3791 3755 3842 Ovidium
3821 3808 3834 3842 :

2200 3877 2231 3910 ς
2263 3863 2447 3926 Longa
2476 3876 2630 3912 mora
2663 3867 2746 3914 est
2770 3861 2931 3913 nobis
2955 3865 3136 3913 omnis
3171 3876 3298 3928 quas
3335 3862 3536 3927 gaudia
3576 3863 3772 3914 differt.
3803 3883 3835 3911 »

2201 3931 2433 3996 Seneca,
2484 3935 2725 3985 Hercule
2776 3935 3036 3986 furente:
3072 3953 3100 3980 «
3127 3934 3258 3986 Odit
3304 3947 3468 3984 verus
3515 3947 3671 3983 amor
3728 3946 3841 3984 nec

2199 4006 2406 4068 patitur
2450 4019 2649 4056 moras.
2681 4005 2905 4069 »Idem,
2949 4005 3232 4056 Thebaide
3269 4021 3280 4053 :
3327 4024 3355 4051 «
3393 4005 3600 4056 Omitto
3638 4016 3838 4069 poenas

2199 4077 2491 4140 languidas
2545 4079 2727 4142 longas
2774 4091 2961 4129 morae.
3005 4093 3035 4126 »
3081 4077 3374 4142 Apuleius,
3417 4077 3510 4127 lib.
3556 4089 3611 4126 1v
3651 4078 3837 4126 Meta—

2197 4151 2559 4215 morphoseon,
2609 4152 2747 4202 dixit
2797 4153 3202 4216 impatientiam
3255 4154 3472 4203 animm.
3511 4151 3836 4214 Juvenalis,

2198 4227 2349 4276 satir.
2381 4240 2438 4279 v1
2470 4241 2481 4275 :
2518 4245 2546 4274 κ
2575 4227 2990 4292 Impatiensque
3010 4240 3179 4278 morae
3208 4228 3401 4277 silet.»
3426 4227 3702 4287 Lucanus,
3730 4227 3832 4277 lib.

2198 4311 2276 4350 VII
2331 4313 2342 4345 :
2393 4315 2422 4346 «
2476 4299 2638 4362 Eger
2690 4300 2896 4362 quippe
2945 4311 3114 4349 morae
3165 4299 3517 4363 ﬂagransque
3566 4298 3834 4361 cupidine

2197 4382 2371 4432 regni.
2401 4388 2430 4415 »

2259 4441 2356 4503 (85)
2391 4441 2676 4492 Dominico.
2728 4442 2791 4491 In
2835 4441 2974 4492 libro
3023 4441 3085 4492 de
3126 4442 3291 4506 Opere
3341 4445 3387 4491 et
3455 4440 3835 4508 Eleemosynis,

2195 4523 2316 4575 pag.
2373 4511 2467 4561 242
2522 4527 2532 4560 :
2587 4530 2616 4560 «
2668 4513 3026 4564 Domimcum
3089 4513 3370 4564 celebrare
3431 4515 3482 4563 te
3538 4511 3734 4562 credis.
3799 4534 3830 4562 »

2193 4582 2368 4646 Epist.
2431 4582 2511 4646 63,
2571 4599 2621 4648 p.
2677 4584 2811 4634 109:
2858 4603 2885 4630 «
2952 4584 3235 4648 Numquid
3285 4597 3414 4647 ergo
3465 4583 3830 4634 Dominicum

2193 4658 2315 4718 post
2345 4667 2560 4706 ccenam
2591 4655 2870 4707 celebrare
2905 4655 3212 4707 debemus?
3233 4672 3262 4704 ››
3291 4656 3430 4706 Vide
3456 4658 3594 4706 Acta
3622 4661 3833 4718 marty-

2194 4739 2317 4775 rum
2348 4726 2762 4776 Donatistarum
2798 4731 2854 4776 in
2893 4728 3034 4778 libro
3058 4726 3304 4777 secundo
3345 4726 3830 4777 Miscellaneorum

2193 4800 2527 4858 nostrorum,
2561 4812 2680 4863 pag.
2710 4799 2790 4859 61,
2817 4798 2898 4861 63,
2929 4799 3008 4861 64,
3038 4800 3116 4850 66.

2257 4869 2354 4929 (86)
2409 4869 2467 4918 Id
2522 4875 2611 4918 est.
2661 4870 2740 4918 Ita
2793 4869 2918 4919 libri
2971 4874 3098 4921 octo
3152 4872 3388 4920 veteres.
3442 4868 3684 4930 Quidam
3729 4868 3836 4918 alii

2192 4939 2400 4990 habent
2441 4940 2595 5003 idem,
2639 4941 2733 4990 alii
2783 4941 2838 4990 id
2881 4941 3017 4990 enim
3062 4957 3079 4989 :
3117 4955 3301 4992 errore
3352 4941 3613 4990 nimirum
3654 4940 3829 4989 libra-

2192 5013 2418 5061 riorum.
2477 5012 2536 5060 In
2595 5011 2921 5062 Carnotensi
2972 5013 3070 5062 hac
3115 5013 3214 5061 die.
3266 5013 3326 5061 In
3379 5012 3669 5061 recentiori
3723 5010 3831 5061 Re-

2192 5083 2436 5146 migiano
2492 5084 2760 5146 scriptum
2816 5087 2901 5133 est
2941 5097 2952 5132 :
2989 5100 3018 5132 (ι
3051 5083 3344 5134 Dominico
3410 5083 3543 5145 legit
3602 5083 3828 5132 interim

2191 5153 2370 5204 nobis.
2429 5154 2653 5204 Interim
2707 5155 2869 5205 nobis
2922 5155 3028 5206 hac
3077 5156 3166 5205 die
3219 5156 3538 5219 auspicatus
3588 5159 3673 5204 est
3726 5167 3828 5216 pa-

2190 5238 2333 5275 cem.
2370 5240 2400 5272 »

2252 5297 2348 5358 (87)
2388 5296 2622 5347 Dedicat.
2654 5297 2713 5346 Id
2745 5301 2828 5348 est
2861 5298 3073 5362 incipit,
3109 5297 3355 5356 inchoat,
3400 5301 3463 5347 ut
3497 5296 3680 5360 palam
3721 5301 3823 5347 est.

2189 5367 2277 5416 An
2308 5381 2438 5417 vero
2478 5369 2608 5417 hinc
2647 5369 2830 5432 colligi
2870 5370 3043 5432 possit
3082 5369 3388 5429 Aurelium,
3420 5382 3550 5419 cum
3585 5369 3635 5418 ei
3674 5370 3829 5418 reci-

2190 5439 2346 5488 tandi
2388 5440 2678 5503 Evangelii
2721 5445 2958 5503 potestas
2986 5444 3131 5492 esset
3170 5441 3332 5503 facta,
3365 5439 3670 5490 allocutum
3699 5452 3828 5489 esse

2189 5514 2245 5558 et
2289 5511 2560 5561 salutasse
2606 5511 2893 5574 populum,
2941 5515 2995 5561 et
3032 5525 3224 5575 pacem
3275 5515 3329 5562 et
3372 5510 3825 5561 benedictionem

2191 5582 2395 5633 Christi
2424 5583 2647 5633 Domini
2682 5582 2940 5634 fidelibus
2974 5583 3338 5645 condonasse,
3373 5583 3495 5632 aliis
3524 5582 3822 5632 excutien-

2190 5652 2320 5703 dum
2359 5655 2628 5720 relinquo.
2671 5653 2811 5704 Vide
2851 5659 3010 5706 notas
3050 5655 3373 5720 Albaspinei
3413 5652 3482 5706 ad
3517 5653 3822 5706 concilium

2190 5726 2412 5776 tertium
2438 5725 2892 5794 Carthaginense.
