4160 6216
277 174 361 230 3'29
1624 172 1947 229 EPISTOLA
1987 168 2207 225 XXXIV.

3498 175 3601 228 330

272 301 499 368 insistite,
541 302 599 354 et
643 315 837 370 preces
888 306 1107 355 nostras
1150 300 1346 355 vestris
1392 300 1653 372 precibus
1698 301 1861 371 adju-
1889 297 2300 385 Adignatione
2360 298 2746 368 conjunctum.
2797 298 2904 362 Qui
2958 313 3084 352 cum
3134 297 3450 353 consentire
3497 298 3599 353 du-

268 399 390 461 vate,
439 396 497 446 ut
550 393 773 448 Domini
822 395 1213 450 misericordia
1272 395 1463 450 favens
1520 395 1698 463 nobis,
1755 396 1866 449 cito

268 489 391 561 plebi
447 504 559 541 sure
627 494 683 541 et
744 489 1094 544 sacerdotem
1159 489 1361 544 reddat
1413 489 1759 545 incolumem
1812 494 1867 544 et

267 590 542 653 martyrem
575 598 704 637 cum
747 584 1035 638 sacerdote
1078 583 1371 638 lectorem.
1417 583 1560 654 Opto
1604 601 1717 651 vos,
1747 585 1862 638 fra-

264 683 361 731 tres
408 677 724 732 charissimi
774 678 844 745 96,
894 678 952 732 in
1003 678 1117 732 Deo
1164 680 1326 733 Patre
1370 681 1427 732 et
1469 678 1689 735 Christo
1737 680 1865 733 Jesu

264 786 463 841 semper
487 771 629 826 bene
657 772 868 826 valere.

690 873 1015 929 EPISTOLA
1059 875 1251 929 xxxuv
1277 874 1408 944 (88).

261 975 471 1037 (Erunt,
500 986 573 1036 ιν,
604 980 664 1039 5;
700 978 914 1037 Pamel.,
958 976 1163 1040 Rigalt.,
1214 978 1407 1037 Baluz.,
1445 988 1632 1038 XXXIV;
1687 976 1866 1039 Paris,

636 1058 804 1097 xxxiii
829 1049 1049 1109 ;Oxon.,
1072 1048 1226 1112 Lips.,
1248 1048 1450 1111 xxxix.)

260 1157 316 1194 AD
350 1156 555 1196 CLERUM
609 1157 673 1196 ET
726 1159 951 1213 PLEBEM,
993 1159 1058 1197 DE
1111 1158 1369 1198 CELERINO
1430 1158 1659 1197 LECTORE
1710 1159 1864 1198 0RD!-

964 1240 1121 1279 ΝΑΤΟ.
1699 1239 1710 1250 ⁸

260 1328 551 1379 Ancrusxri
633 1341 766 1395 pene
836 1327 1074 1394 ejusdem
1153 1333 1227 1382 est
1300 1343 1421 1382 cum
1493 1327 1826 1398 praecedenti
1848 1369 1863 1389 ,

322 1422 675 1485 paertcrquam
721 1416 868 1485 quod
916 1418 1101 1471 multis
1150 1418 1475 1473 commendet
1529 1418 1761 1473 Celerini
1805 1419 1865 1471 in

320 1507 639 1571 confessione
672 1507 805 1576 ﬁdei
841 1510 1226 1562 constantiam.
1264 1510 1554 1577 Utramque
1589 1512 1768 1561 autem
1807 1510 1866 1560 in

314 1609 501 1650 secessu
564 1598 825 1666 scriptam
845 1639 860 1659 ,
920 1598 1053 1667 ipsae
1109 1601 1387 1654 contextus
1448 1599 1867 1653 circumstantiae

313 1688 435 1740 satis
456 1687 727 1741 indicant.

314 1792 349 1845 Ι.
391 1791 710 1862 Cyprianus
754 1790 1103 1862 presbyteris
1140 1796 1197 1846 et
1240 1791 1569 1847 diaconibus
1612 1797 1669 1846 et
1714 1791 1866 1861 plebi

260 1885 532 1953 universae,
594 1883 779 1958 321
839 1884 1107 1940 fratribus
1160 1884 1218 1939 in
1268 1885 1545 1954 Domino,
1602 1886 1859 1939 salutem.

256 1979 614 2049 Agnosceuda
654 1984 712 2034 et
749 1978 1144 2050 amplectenda
1183 1984 1335 2046 sunt,
1379 1979 1579 2033 fratres
1620 1978 1862 2033 dilectis-

257 2073 387 2140 simi,
450 2074 730 2128 beneﬁcia
795 2073 1004 2141 divina,
1058 2072 1264 2145 quibus
1333 2074 1634 2128 Ecclesiam
1701 2090 1863 2128 suam

257 2166 506 2221 Dominus
536 2167 821 2223 illustrare
851 2167 1199 2237 temporibus
1238 2167 1442 2221 nostris
1481 2170 1539 2221 et
1567 2167 1865 2222 honestare

258 2262 500 2332 dignatus
531 2267 639 2330 est,
668 2265 1058 2316 commeatum
1088 2262 1195 2332 (89)
1229 2261 1412 2316 dando
1450 2262 1614 2316 bonis
1643 2262 1863 2316 confes-

256 2354 448 2408 soribus
499 2356 619 2410 suis
675 2360 731 2410 et
782 2355 1127 2427 martyribus
1169 2355 1446 2426 gloriosis,
1501 2361 1581 2422 ut,
1627 2356 1723 2426 qui
1768 2371 1861 2408 su-

256 2447 481 2505 blimiter
506 2450 796 2505 Christum
825 2450 1066 2505 confessi
1107 2455 1308 2517 essent,
1354 2451 1568 2504 elerum
1609 2454 1861 2519 postmo-

256 2541 373 2597 dum
425 2544 638 2598 Christi
680 2544 1010 2599 ministeriis
1057 2543 1446 2598 ecclesiasticis
1497 2543 1861 2598 adornarent.

255 2637 508 2692 Exsultate
558 2637 755 2710 itaque
810 2643 868 2692 et
929 2637 1175 2708 gaudete
1239 2636 1531 2691 nobiscum
1586 2637 1790 2691 litteris
1818 2638 1862 2671 ’Ἰ

252 2731 452 2800 nostris,
482 2732 693 2803 quibus
738 2748 845 2803 ego
875 2736 930 2786 et
968 2732 1204 2802 collega:
1248 2732 1365 2784 mei
1412 2730 1507 2801 qui
1552 2738 1865 2801 praesentes

255 2823 516 2893 aderant,
586 2826 895 2881 referimus
953 2825 1025 2879 ad
1090 2842 1183 2879 vos
1241 2824 1565 2880 Celerinum
1632 2825 1863 2880 fratrem

255 2929 506 2991 nostrum,
536 2924 846 2979 virtutibus
894 2923 1107 2995 pariter
1148 2928 1205 2979 et
1247 2924 1505 2978 moribus
1535 2924 1862 2995 gloriosum,

1968 392 2177 446 bitaret
2232 393 2515 457 ecclesize,
2572 392 2745 463 ipsius
2796 392 3092 447 admonitu
3149 395 3205 447 et
3259 394 3487 446 hortatu
3544 393 3604 447 in

1968 486 2182 540 visione
2214 502 2312 556 per
2341 490 2563 539 noctem
2600 487 2921 556 compulsus
2951 493 3031 540 est
3058 503 3126 540 ne
3158 490 3396 556 negaret
3425 488 3470 519 9"
3500 504 3603 540 n0-

1966 580 2049 634 bis
2081 579 2469 635 suadentibus.
2512 580 2609 633 Cui
2654 581 2780 649 plus
2826 580 2979 633 licuit
3010 581 3112 649 (90)
3154 583 3209 634 ct
3246 582 3429 651 coegit
3468 582 3604 651 quia

1966 690 2072 727 nec
2101 675 2185 728 fas
2214 674 2398 728 fuerat
2428 689 2527 727 nec
2555 673 2790 727 decebat
2820 673 2942 726 sine
2970 673 3189 727 honore
3230 674 3602 728 ecclesiastico

1967 784 2087 822 esse
2119 783 2288 838 quem
2328 768 2405 821 sic
2453 767 2725 822 Dominus
2772 766 3069 820 honoravit
3116 766 3355 821 caelestis
3404 767 3598 837 gloria:

1967 862 2248 931 dignitate
2259 904 2270 915 .

2039 957 2102 1010 ll.
2148 956 2244 1009 Hic
2287 955 2359 1009 ad
2409 954 2681 1025 temporis
2725 954 2904 1008 nostri
2960 953 3217 1024 praelium
3263 955 3478 1025 primus
3526 958 3594 1020 99,

1969 1050 2059 1104 hic
2112 1050 2262 1104 inter
2309 1048 2512 1103 Christi
2567 1048 2777 1102 milites
2826 1047 3259 1119 antesignanus,
3306 1049 3397 1102 hic
3454 1050 3602 1103 inter

1967 1143 2377 1215 persecutionis
2406 1142 2571 1196 initia
2598 1141 2881 1196 ferventia
2912 1159 3041 1195 cum
3071 1142 3192 1213 ipso
3234 1142 3602 1197 infestationis

1967 1237 2223 1308 principe
2253 1240 2309 1290 et
2347 1240 2575 1291 auctore
2609 1252 2963 1307 congressus,
2998 1236 3132 1289 dum
3172 1236 3602 1308 inexpugnabili

1967 1331 2233 1385 ﬁrmitate
2285 1330 2612 1385 certaminis
2664 1330 2748 1383 sui
2804 1330 3187 1384 adversarium
3246 1330 3437 1396 vincit,
3475 1331 3601 1384 vin—

1967 1425 2132 1479 cendi
2160 1425 2380 1479 caeteris
2412 1424 2559 1478 viam
2590 1424 2741 1491 fecit,
2770 1440 2886 1477 non
2921 1423 3076 1477 brevi
3109 1424 3451 1494 compendio
3480 1426 3595 1478 vul-

1964 1535 2167 1575 nerum
2190 1518 2386 1587 victor,
2413 1517 2511 1571 sed
2538 1514 2730 1589 322
2772 1517 3193 1572 adhaerentibus
3234 1517 3327 1571 diu
3373 1523 3427 1572 et
3466 1534 3596 1589 per-

1967 1611 2375 1667 manentibus‘
2409 1610 2587 1682 poenis
2632 1610 2821 1681 longae
2868 1610 3279 1665 colluetationis
3325 1612 3595 1667 miraculo

1886 1694 2369 1776 Btriumphator.
2413 1706 2518 1758 Per
2569 1703 2766 1758 decem
2819 1709 2875 1758 et
2917 1719 3122 1758 novem
3170 1704 3291 1758 dies
3340 1706 3596 1760 costodia

1966 1798 2207 1854 carceris
2235 1802 2429 1869 septus
2467 1798 2525 1851 in
2573 1814 2744 1851 nervo
2791 1813 2857 1851 ac
2899 1798 3047 1851 ferro
3093 1797 3233 1863 fuit;
3268 1800 3381 1865 sed,
3412 1801 3595 1869 posito

1965 1893 2023 1948 in
2051 1892 2283 1948 vinculis
2328 1908 2583 1962 corpore,
2614 1892 2831 1945 solutus
2877 1908 2939 1945 ac
2980 1891 3126 1945 liber
3170 1892 3398 1961 spiritus
3436 1909 3594 1948 man-

1966 1987 2055 2042 sit.
2084 1989 2223 2043 Caro
2266 1986 2437 2039 famis
2482 2002 2544 2039 ac
2583 1985 2701 2039 sitis
2742 1984 3113 2055 diuturnitate
3152 1986 3462 2053 contabuit,
3497 1987 3593 2040 sed

1967 2080 2220 2135 animam
2246 2079 2354 2133 fide
2387 2084 2444 2133 et
2468 2079 2672 2132 virtute
2703 2078 2986 2133 viventem
3026 2079 3391 2134 nutrimentis
3429 2080 3591 2151 spiri-

1965 2175 2172 2230 talibus
2217 2176 2365 2228 Deus
2409 2173 2575 2243 pavit.
2608 2173 2789 2227 Jacuit
2832 2172 2979 2228 inter
3022 2189 3212 2243 pmnas
3259 2174 3438 2244 poenis
3482 2177 3595 2230 suis

1965 2270 2182 2336 fortior,
2228 2268 2475 2321 inclusus
2525 2266 2941 2321 includentibus
2985 2267 3167 2337 major
3217 2268 3347 2337 (91),
3396 2270 3595 2339 jacens

1966 2362 2241 2417 stantibus
2271 2361 2491 2426 celsior,
2521 2359 2895 2424 vincientibus
2932 2360 3148 2414 firmior
3186 2360 3402 2416 vinctus
3429 2364 3470 2431 2,
3501 2380 3593 2418 su-

1964 2456 2197 2510 blimior
2238 2454 2629 2525 judicantihus
2669 2453 2992 2524 judicatus;
3041 2460 3095 2508 et
3136 2457 3393 2526 quamvis
3432 2458 3593 2529 ligati

1967 2566 2137 2605 nervo
2166 2550 2337 2620 pedes
2376 2552 2582 2617 essent,
2613 2547 2854 2601 calcatus
2894 2550 2998 2617 (92)
3046 2564 3281 2619 serpens
3328 2555 3385 2604 et
3414 2551 3588 2605 obtri-

1966 2649 2055 2699 tus
2087 2649 2142 2698 et
2189 2644 2366 2698 victus
2398 2648 2500 2697 est.
2535 2642 2749 2695 Lucent
2793 2641 2850 2695 in
2882 2658 3118 2712 corpore
3150 2643 3392 2712 glorioso
3441 2647 3594 2701 clara

1967 2738 2270 2792 vulnerum
2322 2736 2504 2807 signa,
2550 2736 2810 2789 eminent
2856 2742 2911 2789 et
2956 2743 3233 2806 apparent
3260 2738 3281 2771 ³
3321 2738 3378 2792 in
3409 2739 3594 2794 nervis

1968 2831 2218 2885 hominis
2265 2846 2328 2884 ac
2377 2829 2652 2883 membris
2696 2830 2865 2900 longa
2908 2830 3036 2883 tabe
3083 2832 3438 2903 consumptis
3495 2851 3590 2887 ex-

1968 2940 2162 2997 pressa
2204 2924 2463 2994 vestigia.
2517 2925 2659 2979 Sunt
2706 2939 2937 2993 magna,
2992 2916 3125 2978 sunt
3166 2926 3313 2980 mira
3353 2942 3479 2997 quae
3521 2927 3590 2982 de

1155 2975 1199 2979 --
1969 2975 2161 2997 rm"
3169 2975 3312 2980 ---η
3358 2975 3477 2997 Γπ
3525 2975 3589 2982 _-

256 3016 385 3071 clero
410 3024 631 3087 nostro,
666 3035 783 3073 non
820 3018 1071 3072 humana
1111 3016 1515 3088 suffragatione
1547 3019 1645 3071 sed
1677 3017 1866 3072 divina
1887 2975 1941 3047 Ο
1966 3019 2268 3073 virtutibus
2294 3018 2414 3088 ejus
2452 3034 2514 3072 ac
2558 3017 2819 3072 laudibus
2858 3017 3177 3072 fraternitas
3208 3019 3420 3075 audiat.
3450 3022 3517 3075 Et
3547 3023 3593 3077 si

1612 3142 1820 3207 Variae
1872 3143 2207 3207 lectiones.

308 3262 342 3295 κ
373 3260 604 3327 Semper
659 3262 789 3312 add.
844 3264 980 3313 Pem.
1046 3264 1178 3311 Voss.
1229 3266 1276 3311 2.
1332 3262 1471 3311 Lam.
1532 3262 1642 3310 Lz‘n.
1696 3262 1801 3312 ΝΟ.
1854 3264 1899 3310 1.
1949 3264 1980 3312 2
2058 3262 2122 3312 Et
2169 3263 2343 3313 nostri
2396 3264 2718 3314 meminisse
2778 3263 2919 3312 Lam.
2977 3263 3087 3312 ΝΟ.
3136 3267 3183 3313 t.

255 3331 422 3383 litteris
479 3334 644 3383 Oxon.
694 3348 756 3382 ex
808 3333 997 3383 multis
1051 3333 1166 3383 edd.
1217 3337 1266 3384 et
1319 3332 1466 3383 codd.
1580 3332 1748 3381 98Est
1797 3337 2023 3395 negaret
2076 3334 2271 3397 Rigalt.

253 3402 341 3452 ΝΟ.
384 3407 425 3454 1.
529 3408 543 3435 ⁴
574 3403 990 3455 Adamentibus
1038 3403 1183 3453 Corb.
1283 3407 1301 3435 ¹
1332 3403 1719 3454 Vincentibus.
1762 3441 1772 3451 .
1815 3440 1824 3451 .
1866 3441 1877 3450 .
1918 3404 2136 3454 .victus
2194 3405 2346 3455 Ebor.

253 3472 357 3522 Bod.
388 3476 429 3533 1,
454 3474 499 3525 3.

1520 3550 1743 3632 Steph.
1792 3548 2037 3613 Baluzii
2081 3554 2279 3613 notas.

304 3670 389 3733 (88)
446 3669 505 3721 In
568 3670 770 3721 codice
818 3671 907 3721 137
958 3671 1313 3722 bibliothecas
1383 3669 1719 3722 Colbertinas
1776 3673 1859 3721 sic

254 3740 493 3802 scriptum
557 3746 647 3792 est
707 3743 763 3790 in
821 3742 978 3792 titulo
1039 3744 1198 3791 istius
1270 3742 1533 3806 Epistolas
1611 3757 1620 3789 :
1673 3742 1860 3804 Incipit

255 3810 463 3870 Epistula
503 3812 685 3863 sancti
720 3813 980 3877 Cypriani
1020 3814 1249 3877 episcopi
1288 3814 1351 3864 de
1395 3812 1634 3864 Celerino
1676 3812 1861 3862 lectore

254 3882 312 3930 ad
349 3884 566 3946 plebem,
635 3885 792 3946 cujus
852 3885 1054 3935 natalis
1110 3885 1408 3936 celebratur
1462 3887 1617 3935 tertio
1676 3887 1859 3935 Nonas

255 3951 520 4004 Februarii.
552 3956 749 4006 Recte.
804 3955 937 4019 Ejus
987 3958 1135 4006 enim
1171 3956 1276 4006 hac
1300 3955 1389 4006 die
1432 3956 1640 4007 mentio
1666 3961 1749 4005 est
1800 3957 1855 4004 in

255 4020 654 4089 Martyrologiis.
698 4026 770 4074 At
819 4027 876 4075 in
925 4026 1161 4076 ecclesia
1216 4028 1337 4089 ejus
1384 4028 1593 4077 nomini
1639 4027 1855 4086 dicata,

254 4091 309 4142 de
356 4108 459 4159 qua
508 4110 645 4146 mox
698 4096 898 4154 dicam,
957 4097 1158 4147 festum
1219 4098 1342 4159 ejus
1392 4097 1708 4148 celebratur
1767 4098 1858 4148 die

254 4166 455 4226 septima
521 4167 674 4217 Maii.
729 4168 793 4217 In
845 4168 1236 4218 Vetustissimo
1295 4169 1684 4233 Martyrologio
1736 4183 1856 4218 mo-

254 4239 448 4287 nasterii
507 4238 902 4301 Gellonensis,
967 4253 1096 4290 cum
1164 4253 1276 4302 quo
1339 4241 1638 4292 concordat
1696 4244 1857 4291 vetus

254 4305 403 4356 codex
447 4310 772 4359 monasterii
822 4312 999 4360 sancti
1055 4310 1199 4360 Galli
1250 4311 1305 4360 in
1354 4311 1627 4372 Helvetia,
1668 4312 1857 4361 nomi-
1954 4309 2263 4359 redditibus
2293 4310 2362 4359 ad
2393 4323 2514 4360 eam
2539 4309 2963 4373 pertinentibus.
2997 4328 3025 4353 »

253 4381 391 4428 natur
427 4394 492 4431 eo
543 4381 637 4429 die
672 4380 983 4440 Celerinus,
1014 4380 1111 4431 sed
1148 4382 1358 4445 absque
1402 4383 1579 4438 titulo,
1630 4383 1725 4446 qui
1764 4386 1925 4446 ta-n
2018 4382 2114 4443 (89)
2167 4382 2536 4431 Commeutum.
2581 4380 2640 4429 Id
2686 4385 2769 4430 est
2815 4385 3187 4430 commeatum
3225 4385 3583 4444 permanendi

254 4460 357 4498 men
403 4430 880 4502 inradditionibus
925 4430 993 4502 ad
1027 4430 1237 4503 novam
1267 4430 1578 4503 editionem,
1615 4430 2138 4504 ﬁsuardiDadliu'c
2195 4430 2592 4517 aliquantisper
2654 4453 2709 4501 in
2786 4451 3013 4509 saeculo,
3073 4456 3133 4500 ut

254 4526 454 4572 vocatur
495 4524 797 4587 epiSCOpus
840 4526 895 4572 et
938 4524 1236 4574 confessor.
1300 4525 1359 4573 In
1393 4524 1615 4575 dioecesi
1662 4524 1851 4575 Ceno—
1954 4528 2121 4584 recte,
2153 4523 2440 4585 Rigaltius.
2472 4523 2851 4585 Hieronymus
2893 4524 2947 4570 in
2976 4522 3210 4582 Epistota
3252 4526 3325 4572 ad
3354 4526 3580 4576 Paulam

255 4596 476 4643 manensi
539 4599 725 4645 exstat
783 4594 1115 4657 parochialis
1167 4595 1405 4646 ecclesia
1456 4595 1563 4645 sub
1629 4596 1854 4646 nomine
1956 4608 2120 4657 super
2169 4595 2322 4643 obitu
2376 4594 2633 4643 Blmsillie
2681 4592 2809 4641 filias
2851 4606 2865 4640 :
2904 4593 3148 4656 «Itaque
3189 4594 3323 4643 dum
3357 4597 3580 4658 spiritus

255 4666 405 4713 sancti
441 4665 682 4716 Celerini
727 4666 795 4715 ad
827 4665 1043 4717 Sartam
1072 4666 1324 4729 ﬂuvium,
1367 4666 1566 4725 media,
1594 4674 1653 4716 ut
1679 4670 1850 4726 aiunt,
1954 4666 2054 4714 hos
2111 4670 2262 4715 artus
2322 4666 2498 4728 regit,
2554 4663 2686 4712 dum
2741 4664 2867 4711 vitae
2926 4662 3091 4725 hujus
3144 4665 3379 4714 fruimur
3426 4681 3579 4718 com-

258 4735 328 4783 via
366 4739 499 4786 inter
545 4737 763 4787 Bellum
816 4742 1061 4786 montem
1099 4742 1154 4787 et
1200 4738 1588 4788 Alenconium.
1642 4738 1720 4788 Ibi
1771 4747 1854 4789 est
1955 4742 2214 4785 meatu.»

2018 4809 2112 4868 (90)
2160 4809 2258 4856 Cui
2285 4806 2402 4871 plus
2433 4804 2591 4853 licuit.
2627 4804 2720 4854 Sic
2755 4803 3229 4868 distinguendum.
3273 4807 3343 4858 Ut
3390 4814 3579 4861 autem

1954 4880 2029 4929 ita
2056 4880 2294 4929 facerem
2322 4890 2519 4926 sensus
2560 4877 2678 4939 ipse
2707 4874 2982 4936 monebat,
3017 4881 3071 4927 et
3099 4882 3377 4929 auctorem
3410 4881 3581 4943 habui

1954 4955 2016 4999 ut
2045 4950 2119 4998 ita
2147 4949 2541 5013 distinguerem
2568 4947 2815 4997 codicem
2852 4948 2935 4997 201
2968 4948 3320 5001 bibliothecae
3352 4952 3580 5005 Colber-

1952 5024 2083 5073 time
2112 5026 2168 5071 et
2196 5020 2483 5070 Nicolaum
2526 5019 2785 5079 Fabrum,
2812 5020 3010 5082 quisic
3044 5034 3212 5070 manu
3249 5037 3351 5072 sua
3384 5037 3576 5075 emen-

1954 5094 2104 5144 davit
2138 5093 2195 5141 in
2227 5090 2367 5141 libro
2409 5102 2512 5139 suo
2539 5090 2827 5152 impresso.
2859 5089 2999 5139 Vide
3030 5089 3439 5145 observationes
3469 5098 3580 5147 La—

1952 5164 2053 5215 tini
2091 5164 2290 5213 Latinii
2322 5162 2391 5212 ad
2414 5161 2565 5211 hunc
2595 5162 2799 5211 locum.

2014 5237 2110 5297 (91)
2156 5235 2394 5285 Inclusus
2434 5233 2557 5282 incl.
2582 5235 2775 5297 major.
2817 5233 2909 5283 Sic
2941 5234 3318 5297 Hieronymus
3358 5239 3414 5289 in
3442 5242 3581 5305 Epi-

1952 5306 2083 5357 stola
2128 5307 2200 5356 ad
2251 5305 2565 5363 Paulinum,
2615 5305 2685 5357 de
2736 5305 2940 5355 divinas
2987 5307 3230 5357 historia:
3278 5310 3452 5374 libris,
3504 5315 3582 5363 lo-

1954 5390 2132 5443 quens
2153 5377 2221 5426 de
2249 5377 2476 5426 Platone
2503 5376 2838 5435 venundato,
2865 5377 2938 5425 ait
2967 5392 2977 5424 :
3016 5396 3043 5421 «
3076 5376 3247 5442 Major
3278 5388 3495 5433 emente
3522 5397 3582 5434 se

1952 5450 2070 5499 fuit.
2100 5467 2127 5494 »
2160 5449 2318 5511 Vide,
2346 5449 2537 5507 lector,
2578 5448 2834 5498 scholion
2866 5448 3081 5499 Erasmi
3108 5450 3177 5499 ad
3204 5451 3355 5503 hunc
3376 5455 3580 5504 Hiero—

1952 5518 2108 5583 nymi
2141 5520 2323 5571 locum
2354 5535 2364 5568 :
2398 5518 2617 5569 ridebis.

2013 5590 2114 5653 (92)
2147 5590 2410 5642 Calcatus.
2445 5591 2581 5640 Haec
2610 5590 2777 5643 lectio
2808 5595 2959 5643 certa
3011 5595 3113 5642 est.
3152 5595 3219 5645 Et
3248 5598 3429 5647 tamen
3456 5599 3579 5660 qui-

1952 5665 2079 5716 dam
2110 5666 2235 5717 libri
2266 5673 2479 5719 veteres
2502 5665 2713 5719 habent
2736 5667 2991 5731 galeatus.

3311 3265 3353 3299 ⁸⁷
3395 3267 3581 3320 Lectis

2381 3333 2425 3367 99
2455 3335 2673 3384 Primus
2720 3335 3003 3397 ingressus
3064 3336 3201 3384 Lam.
3264 3336 3414 3387 Ebor.
3468 3340 3589 3389 Bon.

2399 3405 2506 3455 ΝΟ.
2557 3406 2604 3454 4.
2706 3409 2722 3437 ³
2752 3404 3013 3455 Eminent
3065 3411 3390 3469 apparenter
3443 3410 3581 3461 Lam.

1960 3675 2017 3720 et
2076 3670 2286 3733 Anglos
2356 3677 2577 3736 propter
2641 3675 2884 3722 castrum
2945 3672 3123 3722 sancti
3188 3671 3448 3723 Celerini.
3524 3677 3585 3726 In

1962 3739 2314 3791 Chartulario
2358 3755 2522 3805 supra
2551 3742 2853 3802 nominato,
2892 3745 2955 3790 ut
2998 3741 3066 3791 ad
3090 3741 3144 3790 id
3184 3742 3404 3792 redeam
3436 3745 3586 3795 unde

1960 3811 2239 3874 digressus
2265 3826 2409 3875 sum,
2444 3814 2655 3876 reperio
2676 3811 2884 3861 donum
2907 3811 3058 3876 quod
3085 3817 3331 3875 tempore
3359 3816 3586 3867 Bartho-

1958 3883 2141 3932 lommi
2192 3884 2409 3933 abbatis
2462 3885 2592 3934 fecit
2645 3884 2809 3947 Hugo
2852 3883 3112 3932 dominus
3161 3883 3230 3933 de
3275 3885 3583 3950 Brajetello.

1956 3954 2122 4004 Dedit
2165 3960 2369 4017 autem,
2407 3959 2689 4005 annuente
2741 3967 2913 4004 uxore
2958 3967 3077 4014 sua,
3109 3958 3587 4009 consentientibus

1958 4039 2183 4089 quoque
2230 4025 2529 4077 Gauﬂ‘redo
2577 4037 2781 4089 genero
2834 4026 2954 4087 ejus
3007 4028 3060 4072 et
3102 4024 3217 4075 ﬁlia
3264 4028 3383 4089 ejus
3434 4029 3583 4079 Her—

1957 4098 2090 4155 visa,
2121 4112 2149 4144 ς(
2180 4096 2492 4158 Quamdam
2522 4097 2816 4147 ecclesiam
2843 4109 3011 4159 quam
3041 4100 3281 4158 cmperat
3311 4098 3586 4150 aediﬁcare

1958 4168 2013 4215 in
2038 4166 2307 4217 honorem
2338 4173 2545 4218 sanctae
2573 4167 2857 4217 Trinitatis
2882 4167 2939 4215 in
2967 4167 3229 4230 parochia
3258 4172 3438 4219 sancti
3469 4170 3583 4221 Ce-

1955 4238 2135 4297 lerini,
2166 4240 2338 4302 ipsam
2361 4240 2658 4290 ecclesiam
2690 4239 2865 4288 sancti
2899 4237 3138 4288 Celerini
3165 4252 3293 4288 cum
3323 4242 3583 4294 omnibus

258 4807 500 4865 prioratus
550 4807 764 4857 ordinis
825 4808 1000 4857 sancti
1049 4808 1351 4859 Benedicti.
1403 4810 1462 4858 In
1517 4810 1853 4859 chartulario

258 4873 640 4929 Cenomanensi
681 4878 898 4941 Majoris
926 4880 1248 4931 monasterii
1290 4880 1653 4943 Turonensis,
1680 4896 1709 4930 a
1741 4896 1853 4945 quo

257 4945 501 5011 dependet
566 4950 660 5000 hic
727 4952 1027 5013 prioratus,
1098 4955 1320 5002 exstant
1392 4953 1580 5015 plures
1645 4953 1852 5002 chartas

255 5023 443 5087 veteres
474 5023 817 5072 mentionem
864 5022 1127 5072 facientes
1168 5022 1335 5086 hujus
1373 5024 1651 5087 parochias
1676 5023 1852 5073 sancti

258 5086 489 5153 Celerini,
538 5098 593 5144 et
640 5094 699 5142 in
746 5106 937 5143 earum
975 5107 1089 5143 una
1117 5098 1346 5144 vocatur
1376 5086 1706 5157 ’Serenicus,
1756 5108 1854 5158 per

258 5172 487 5225 errorem,
552 5170 614 5215 ut
659 5165 869 5228 Opinor.
920 5165 1055 5215 Nam
1095 5169 1315 5216 constat
1356 5166 1650 5216 ecclesiam
1700 5168 1853 5217 illam

258 5235 302 5279 et
332 5239 558 5285 castrum
602 5237 658 5285 in
697 5234 893 5285 eodem
936 5236 1058 5286 loco
1108 5237 1276 5285 situm
1331 5235 1592 5288 habuisse
1636 5250 1854 5302 semper

258 5305 536 5368 antiquitus
598 5320 803 5356 nomen
863 5308 1037 5356 sancti
1092 5307 1351 5367 Celerini,
1413 5310 1492 5356 uti
1547 5310 1850 5359 etiamnum

255 5370 452 5441 habent.
482 5377 569 5427 Ex
609 5390 720 5441 quo
760 5377 946 5441 colligi
978 5378 1138 5429 facile
1177 5381 1358 5441 potest
1400 5383 1641 5429 castrum
1673 5383 1850 5432 sancti

260 5440 476 5498 Serenici
533 5440 1027 5499 commemoratum
1085 5450 1141 5497 in
1180 5440 1435 5499 ’Historia
1503 5450 1851 5503 ecclesiastica

262 5511 483 5587 prderici
532 5519 728 5568 Vitatis
773 5532 894 5569 esse
949 5519 1233 5569 diversum
1280 5518 1350 5568 ab
1400 5520 1537 5581 isto,
1601 5521 1852 5587 adeoque

259 5583 355 5634 falli
386 5600 476 5638 eos
518 5591 609 5654 qui
651 5594 871 5653 sumpta
901 5590 1228 5641 auctoritate
1262 5603 1331 5640 ex
1361 5590 1624 5644 Orderico
1652 5583 1853 5645 erroris

262 5664 475 5727 arguunt
544 5662 834 5724 scriptores
908 5659 1262 5712 historiarum
1345 5664 1442 5727 qui
1508 5666 1849 5717 mentionem

265 5725 450 5781 faciunt
503 5731 633 5781 belli
687 5731 838 5796 quod
882 5732 991 5782 fuit
1040 5745 1185 5783 anno
1244 5725 1378 5785 M32w
1412 5734 1553 5786 inter
1606 5736 1850 5790 Francos

560 5820 834 5889 PATROL.
879 5819 983 5887 IV.
3253 5835 3325 5892 u
