4160 6216
264 244 342 296 333
1615 235 1932 290 EPISTOLA
1973 234 2169 288 XXXV.
3473 247 3572 300 334

260 369 432 432 luceat,
462 371 515 420 et
541 365 810 435 gloriosos
838 364 1024 418 vultus
1059 363 1117 418 in
1159 364 1284 418 loco
1329 363 1529 418 altiore
1558 363 1844 430 constitui,
1871 362 2142 446 Asedeat
2181 361 2240 414 in
2283 361 2455 429 clero,
2485 362 2610 415 luce
2651 363 2961 418 clarissima
3009 367 3373 422 confessionis
3418 370 3571 424 illus-

261 461 354 528 ubi,
379 460 443 514 ab
489 459 640 513 omni
689 460 1044 514 fraternitate
1097 458 1497 514 circumstante
1542 459 1848 528 conspecti,
1947 457 2048 510 tris
2084 456 2153 522 9“,
2202 459 2259 510 et
2309 457 2532 510 virtutis
2588 474 2650 509 ac
2694 458 2820 511 ﬁdei
2870 459 3084 516 honore
3129 462 3425 532 sublimis;
3478 466 3573 536 qui

257 557 652 610 incitamentum
702 552 896 624 gloriae
940 552 1260 608 videntibus
1305 553 1599 624 praebeant
1674 553 1845 607 Cantc-
1950 550 2175 603 hortatu
2227 567 2325 604 suo
2371 550 2658 619 copiosum
2701 556 3010 621 martyrum
3041 552 3078 584 ²¹
3129 573 3435 610 munerum
3477 561 3573 628 (8),

255 647 713 718 rumpresbyterii
748 647 1024 701 honorem
1052 646 1383 718 designasse
1429 663 1532 700 nos
1575 646 1683 700 illis
1723 647 1847 716 jam
1952 644 2236 715 lapidibus
2291 651 2344 698 et
2391 644 2640 698 ﬂammis
2691 649 2978 711 necatum,
3025 654 3155 702 ante
3205 666 3264 703 se
3307 651 3461 706 misit
3490 654 3573 720 22;

254 743 434 809 sciatis,
461 745 525 796 ut
555 747 614 796 et
638 741 905 812 sportulis
942 740 1142 796 iisdem
1186 757 1315 795 cum
1357 740 1702 812 presbyteris
1743 741 1847 795 ho-
1953 737 2164 807 quique
2197 753 2439 791 uxorem
2469 737 2860 792 adhzerentem
2903 740 3062 794 lateri
3101 758 3202 796 suo
3244 760 3574 801 concrema-

253 839 519 902 noreutur,
554 839 612 890 et
641 835 943 890 divisiones
987 851 1322 890 mensurnas
1354 835 1427 905 (5)
1461 836 1504 869 ¹⁷
1550 834 1784 905 sequatis
1812 836 1850 874 ³⁸
1952 834 2069 884 tam
2101 832 2146 865 2³
2177 830 2250 900 (9)
2291 832 2458 885 simul
2505 849 2634 886 cum
2683 832 2917 900 caeteris,
2959 843 3343 893 conservatam
3395 844 3579 914 magis

251 930 629 1003 quantitatibus
655 930 988 1001 partiantur,
1010 929 1216 984 sessuri
1248 928 1545 984 nobiscum
1576 930 1852 1001 provectis
1953 925 2211 992 dixerim,
2243 925 2403 979 laetus
2447 926 2682 995 aspexit.
2714 927 2836 996 Ipse
2877 927 3300 985 semiustulatus
3342 941 3399 988 et
3437 937 3579 1007 lapi-

249 1029 294 1081 et
319 1024 697 1079 corroboratis
731 1023 896 1078 annis
923 1023 1070 1087 suis;
1104 1023 1361 1094 quamvis
1388 1024 1446 1077 in
1481 1024 1635 1077 nullo
1665 1024 1854 1078 minor
1955 1019 2117 1074 dibus
2173 1019 2410 1074 obrutus
2464 1027 2518 1073 et
2569 1037 2669 1090 pro
2719 1025 2946 1075 mortue
2997 1023 3313 1095 derelictus,
3362 1028 3498 1084 dum
3535 1033 3580 1065 ⁵η

248 1121 401 1191 possit
430 1118 606 1173 videri
634 1118 816 1174 astatis
837 1117 1029 1172 indole
1060 1117 1157 1188 qui
1183 1117 1598 1172 consummavit
1629 1121 1853 1172 aetatem
1954 1113 2321 1184 postmodum
2349 1113 2461 1166 tilia
2496 1114 2728 1167 sollicito
2774 1113 3000 1184 pietatis
3047 1117 3316 1189 obsequio
3347 1122 3584 1178 cadaver

249 1213 414 1286 gloria:
466 1212 766 1283 dignitate.
811 1213 954 1283 Opto
1007 1227 1135 1278 vos,
1192 1212 1396 1266 fratres
1440 1211 1754 1267 charissimi
1801 1218 1856 1266 et
1955 1207 2133 1278 patris
2182 1207 2439 1278 inquirit,
2490 1207 2837 1261 semianimis
2890 1209 3156 1265 inventus
3206 1219 3261 1268 et
3305 1219 3583 1272 extractus

247 1306 752 1373 desiderantissimi,
784 1322 1012 1376 semper
1038 1305 1185 1360 bene
1211 1306 1416 1360 valere.
1957 1304 2016 1355 et
2043 1301 2090 1335 95
2119 1300 2482 1368 refocillatus,
2511 1318 2542 1354 a
2573 1302 2879 1356 comitibus
2902 1306 3012 1373 (t0)
3043 1321 3185 1376 quos
3214 1307 3334 1378 ipse
3363 1313 3586 1380 praemi-

755 1407 1082 1463 ΕΡιδΤΟιΑ
1122 1409 1308 1462 xxxv,
1959 1401 2113 1450 serat
2136 1395 2411 1450 remansit
2439 1395 2678 1450 invictus
2703 1394 2769 1449 ³6.
2805 1396 2915 1451 Sed
2955 1402 3305 1470 remanendi,
3340 1409 3404 1457 ut
3431 1407 3586 1462 vide-

252 1511 460 1571 (gmm,
500 1522 575 1572 ιχ,
611 1514 702 1572 10;
742 1511 963 1571 ρεωεῃη
1002 1509 1185 1572 εῖδει,
1233 1511 1424 1570 δίψη,
1460 1523 1640 1574 xxxv;
1676 1512 1858 1572 paris”
1959 1507 2107 1557 mus,
2137 1490 2255 1544 haec
2281 1488 2385 1543 fuit
2428 1506 2593 1543 causa
2621 1494 2686 1544 ut
2726 1507 2856 1544 eum
2885 1491 3032 1546 clero
3081 1498 3270 1550 nostro
3315 1499 3587 1555 Dominus

671 1590 828 1631 xxxiv
860 1582 1085 1643 ,0xon.,
1122 1582 1279 1644 Lips.,
1303 1583 1410 1644 XL.)
1961 1584 2305 1654 adjungeret
2346 1587 2401 1637 et
2447 1583 2755 1638 desolatam
2798 1601 2899 1654 per
2934 1585 3158 1656 lapsum
3202 1594 3586 1660 quorumdam

317 1694 376 1732 AD
411 1693 648 1745 eoseum,
688 1694 754 1730 ne
795 1693 1073 1744 NUHIDICO,
1116 1693 1384 1732 oanms'ro
1424 1694 1778 1734 PRESBYTERO.
1880 1749 1924 1756 _
1960 1677 2421 1748 presbyterorum
2471 1681 2795 1732 nostrorum
2823 1679 2869 1711 ’7
2921 1680 3146 1750 capiam
3188 1682 3299 1754 (tt)
3331 1686 3588 1756 gloriosis

249 1773 622 1826 Ancuaznrun.
660 1803 725 1812 —
757 1773 994 1829 Nuntiat
1020 1772 1156 1825 clero
1186 1778 1236 1825 et
1261 1772 1411 1841 plebi
1449 1773 1798 1830 Numidicum
1825 1791 1858 1828 a
1880 1749 1936 1821 B
1960 1770 2344 1826 sacerdotibus
2391 1771 2711 1825 adornaret.
2763 1773 2826 1826 Et
2866 1749 3291 1843 promovebitur
3332 1749 3586 1850 quidem,

306 1877 352 1915 se
380 1861 695 1916 ordinatum
722 1861 1118 1930 presbyterum,
1146 1863 1339 1930 paucis
1359 1861 1680 1931 dignitatem
1707 1863 1856 1917 illius
1957 1881 2085 1920 cum
2130 1867 2272 1920 Deus
2328 1865 2653 1935 permiserit
2701 1867 2833 1935 (t2),
2879 1867 2952 1921 ad
3005 1869 3347 1940 ampliorem
3402 1875 3590 1929 locum

306 1951 690 2005 commendans.

1958 1959 2210 2029 regionis
2243 1958 2352 2029 (t3)
2383 1975 2518 2025 suae,
2539 1960 2766 2030 quando
2790 1961 2848 2014 in
2870 1963 3234 2032 praesentiam
3257 1971 3591 2038 protegente

305 2053 611 2124 Cyprianus
645 2052 991 2123 presbyteris
1021 2055 1079 2106 et
1107 2051 1441 2109 diaconibus
1469 2053 1698 2124 etplebi
1725 2055 1854 2109 uni-
1959 2053 2200 2107 Domino
2243 2052 2590 2106 venerimus.
2634 2053 2866 2108 Interim
2917 2057 3070 2126 quod
3118 2060 3432 2114 ostenditur
3477 2062 3592 2132 ﬁat,

249 2165 396 2202 versas
439 2146 632 2220 325
674 2146 1020 2202 charissimis
1065 2163 1129 2201 ac
1168 2146 1701 2201 desiderantissimis
1741 2150 1854 2202 fra-
1959 2151 2022 2200 ut
2049 2164 2179 2200 cum
2208 2147 2521 2217 gratiarum
2555 2147 2775 2201 actione
2802 2150 3174 2220 suscipiamus
3205 2153 3308 2207 hoc
3341 2155 3440 2208 Dei
3472 2173 3593 2211 mu-

251 2242 426 2310 tribus,
473 2242 742 2296 salutem.
788 2241 1172 2295 Nuntiandum
1206 2241 1245 2273 ‘9
1291 2240 1445 2315 vobis
1484 2241 1614 2308 fuit,
1661 2242 1858 2297 fratres
1961 2257 2089 2307 nus,
2144 2247 2438 2311 sperantes
2490 2241 2558 2293 de
2620 2241 3005 2297 misericordia
3049 2245 3266 2300 Domini
3312 2249 3593 2316 ejusmodi

251 2336 558 2402 charissimi,
594 2335 750 2406 quod
781 2335 1070 2405 pertineat
1098 2340 1152 2388 et
1191 2334 1261 2387 ad
1301 2350 1669 2389 communem
1715 2335 1855 2390 laeti-
1963 2331 2154 2406 326
2183 2336 2515 2388 ornamenta
2547 2335 2868 2406 complura,
2898 2343 2979 2400 ut,
3013 2338 3402 2411 redintegrato
3420 2345 3597 2399 Eccle—

249 2433 366 2485 tiam
395 2436 448 2485 et
469 2431 539 2484 ad
569 2429 824 2484 ecclesiae
856 2434 1060 2483 nostrae
1091 2428 1403 2482 maximam
1429 2429 1856 2499 gloriam.Nam
1963 2428 2058 2482 sia:
2114 2445 2228 2482 suae
2278 2428 2504 2497 robore,
2550 2432 2661 2482 tam
2711 2430 2874 2484 mites
2925 2437 2979 2485 et
3027 2433 3271 2488 humiles
3318 2436 3484 2490 faciat
3535 2439 3593 2493 in

249 2525 542 2579 admonitos
578 2541 683 2578 nos
725 2529 781 2578 et
820 2524 1124 2578 instructos
1167 2522 1358 2576 sciatis
1401 2523 1727 2592 dignatione
1773 2524 1857 2577 di-
1963 2539 2257 2577 consessus
2313 2525 2492 2576 nostri
2542 2523 2758 2577 honore
2813 2525 3036 2581 florere.
3097 2527 3240 2598 Opto
3298 2546 3430 2600 vos,
3483 2533 3591 2586 fra-

251 2620 359 2672 vina
386 2622 444 2672 ut
467 2617 808 2673 Numidicus
836 2617 1132 2688 presbyter
1155 2617 1599 2686 (6)adscribatur
1627 2617 1857 2688 presby-
1963 2621 2076 2670 tres
2121 2616 2438 2670 charissimi
2479 2633 2543 2670 ac
2590 2617 3122 2690 desiderantissimi,
3173 2639 3400 2694 semper
3441 2625 3591 2681 bene

250 2715 477 2766 terorum
511 2714 588 2782 (7)
619 2711 1160 2782 Carthaginensium
1206 2726 1448 2765 numero
1484 2715 1539 2764 et
1563 2710 1863 2765 nobiscum
1963 2710 2174 2764 valere.

1601 2849 1809 2913 Variae
1867 2849 2204 2913 lectiones.

306 2975 667 3030 "bienstruas
695 2982 829 3030 Pem.
866 2979 1006 3028 Lam.
1078 2977 1116 3009 ¹⁸
1139 2977 1400 3041 Equales
1437 2978 1559 3028 Bod.
1594 2980 1636 3028 t.
1673 2978 1826 3028 Ebor.
1856 2977 1965 3028 ΝΟ.
1995 2980 2040 3027 1.
2113 2978 2553 3030 19Mandandum
2579 2981 2718 3030 Lam.
2758 2981 2909 3032 Ebor.
2953 2984 3077 3033 Bod.
3106 2985 3148 3033 2.
3221 2989 3260 3018 ²⁰
3284 2984 3594 3039 Confessio-

251 3050 324 3099 nis
350 3052 559 3100 muneri
596 3051 710 3101 ΝΟ.
736 3051 767 3100 2
818 3049 1200 3101 Confessionis
1229 3052 1282 3099 et
1307 3049 1527 3098 virtutis
1551 3063 1616 3100 ac
1641 3049 1769 3099 ﬁdei
1809 3049 2018 3100 honore
2056 3049 2208 3098 Ebor.
2235 3050 2343 3098 Lin.
2414 3051 2456 3080 “
2478 3049 2791 3101 Gloriosum
2820 3056 3114 3117 martyrem
3144 3056 3262 3104 Ben.
3302 3058 3412 3106 Ver.
3454 3061 3591 3108 Lam.

253 3119 520 3194 ᾅδω-[αξη.
564 3122 693 3194 Bod.
736 3123 782 3182 i,
815 3121 860 3169 2.
931 3123 972 3152 ²¹
993 3123 1134 3170 Ante
1168 3121 1594 3194 prmmisit_l3en.
1662 3121 1874 3194 “igne,
1900 3124 2198 3194 crematam
2234 3120 2340 3170 ΝΟ.
2468 3123 2540 3194 μ²⁴
2565 3122 2743 3194 Prope
2779 3122 3005 3194 modum
3047 3125 3291 3177 relictus.
3341 3130 3597 3194 Denique

255 3189 364 3240 dum
389 3191 500 3241 Ben.
569 3194 614 3224 ³⁵
647 3191 718 3240 Et
755 3194 1028 3240 retractus
1065 3195 1120 3240 et
1145 3192 1238 3240 vix
1282 3191 1392 3238 Ver.
1440 3192 1638 3239 Manut.
1708 3189 1748 3223 ³⁸
1770 3190 2133 3242 Refocillatus
2167 3193 2436 3242 remansit
2462 3192 2671 3241 invitus
2717 3192 2839 3241 Bod.
2872 3195 2918 3244 1.
2985 3195 3026 3227 ’⁷
3051 3197 3382 3261 Presbyterii
3414 3189 3594 3250 nostri

255 3263 440 3326 capiam
468 3264 630 3313 Oxon.
661 3263 1114 3326 presbyterorum
1141 3266 1387 3313 nostram
1414 3263 1633 3325 copiam
1664 3263 1802 3312 Lam.
1830 3263 1981 3312 Ebor.
2012 3264 2122 3312 Lin.
2150 3263 2278 3313 Bod.
2307 3264 2352 3312 t.

1528 3391 1750 3474 Steph.
1803 3392 2045 3456 Baluzii
2090 3397 2286 3455 notae.

255 3524 403 3608 teres,
453 3521 667 3571 habent
713 3519 1034 3608 fraternitas
1074 3527 1287 3573 sectata.
1346 3523 1555 3574 Verum
1610 3526 1853 3573 nostram
1883 3535 1936 3608 C
2026 3523 2087 3582 (9)
2133 3521 2551 3572 Concrematam.
2596 3520 2783 3572 Codex
2827 3522 3098 3586 Lamonii,
3130 3527 3344 3576 omnino
3384 3541 3591 3580 crema-

254 3596 518 3648 lectionem
573 3610 700 3647 esse
749 3597 1032 3647 meliorem
1081 3599 1212 3647 satis
1269 3602 1503 3660 constat,
1554 3599 1860 3662 praesertim
1891 3596 2087 3642 “tam.

255 3679 362 3716 cum
388 3673 607 3731 sumpta
636 3667 706 3716 sit
732 3680 800 3717 ex
822 3666 1016 3718 codice
1037 3670 1206 3718 veteri
1233 3671 1541 3733 antiquitus
1567 3669 1862 3719 emendato
2026 3663 2127 3725 (10)
2175 3665 2212 3712 Α
2255 3662 2547 3713 camitibus.
2597 3662 2722 3712 Tria
2767 3665 3104 3728 exemplaria
3149 3672 3333 3718 vetera
3389 3672 3593 3731 praefe-

255 3739 299 3786 in
326 3739 448 3789 urbe
469 3740 649 3789 Roma
672 3752 700 3786 a
728 3737 966 3801 quodam
992 3739 1230 3799 Justino,
1259 3745 1319 3790 ut
1346 3741 1665 3791 adnotatum
1690 3746 1769 3791 es:
1801 3741 1857 3790 in
1963 3741 2093 3786 runt
2135 3748 2198 3784 ex
2238 3734 2530 3795 comitibus,
2576 3735 2723 3798 quod
2759 3734 2904 3785 idem
2933 3743 3030 3787 est.
3066 3739 3155 3787 Ait
3183 3740 3330 3788 enim
3362 3740 3592 3805 Cypria-

257 3810 384 3860 calce
411 3811 662 3874 epistolae
685 3810 739 3858 in
771 3809 961 3860 codice
991 3811 1298 3862 Pithceano.
1963 3821 2069 3856 nus
2107 3807 2461 3856 Numidicum
2507 3809 2835 3856 remansisse
2875 3823 2973 3858 seu
3022 3813 3375 3873 superstitem
3420 3814 3593 3864 fuisse

307 3881 360 3941 (ὅ)
397 3882 1048 3931 Divisionesme-nsurans.
1097 3882 1331 3932 Multum
1363 3885 1576 3932 variant
1604 3882 1730 3931 libri
1754 3895 1858 3932 ve—
1963 3877 2262 3927 comitibus
2309 3891 2409 3927 seu
2453 3879 2618 3927 sociis
2676 3881 2925 3943 martyrii
2986 3883 3104 3942 sui,
3155 3896 3220 3932 eo
3268 3884 3433 3934 modo
3482 3900 3592 3949 quo

258 3953 376 4002 teres
402 3953 452 4001 in
480 3952 590 4002 hoc
619 3952 761 4002 loco.
795 3950 1034 4013 Quidam
1069 3955 1216 4003 enim
1246 3954 1551 4017 praeferunt
1579 3953 1863 4005 divisiones
1961 3953 2235 4001 Dominus
2285 3953 2580 4014 episcopus
2642 3953 3026 4003 Antiochenus
3079 3957 3342 4005 remansit
3384 3958 3453 4008 ab
3503 3973 3592 4008 or-

257 4035 558 4083 mensurnas,
612 4024 704 4072 alii
747 4023 1031 4074 divisiones
1069 4029 1367 4075 menstruas
1413 4025 1693 4075 divisiones
1720 4037 1860 4072 men-
1960 4022 2332 4072 thodoxorum
2357 4023 2723 4086 depositione,
2771 4025 2849 4073 uti
2886 4026 3132 4075 diximus
3158 4029 3212 4074 in
3260 4028 3591 4080 Praefatione

257 4105 405 4154 suras,
451 4095 742 4145 divisiones
783 4097 1064 4144 mensurise
1110 4096 1400 4147 divisiones
1437 4110 1707 4146 mensum.
1748 4098 1860 4147 Ha-
1962 4099 2148 4144 nostra
2191 4094 2258 4144 ad
2305 4095 2602 4144 concilium
2645 4095 3116 4160 Chalcedonense,
3155 4111 3272 4162 cap.
3319 4100 3398 4149 37.
3453 4101 3593 4151 Vide

258 4163 454 4215 drianus
487 4166 719 4217 Saravia
747 4167 942 4215 maluit.
972 4171 1291 4218 menstruas.
1961 4180 2182 4215 rursum
2221 4179 2348 4230 quae
2390 4169 2648 4216 notamus
2679 4167 2745 4216 ad
2790 4167 2991 4218 librum
3020 4169 3083 4219 de
3127 4171 3376 4220 Oratione
3406 4174 3590 4222 Domi-

309 4237 364 4294 16'}
403 4237 712 4287 Numidicus
753 4237 1037 4300 presbyter.
1072 4238 1296 4288 Retinui
1339 4239 1634 4290 lectionem
1660 4241 1856 4303 vulga-
1961 4239 2096 4287 nica.

259 4309 368 4378 tam.
411 4308 528 4358 Vox
569 4307 842 4372 presbyter
872 4307 1027 4358 deest
1048 4310 1102 4358 in
1128 4309 1349 4360 duobus
1379 4311 1621 4374 antiquis
1648 4311 1860 4362 codici-
2025 4309 2125 4370 (tt)
2181 4308 2446 4372 Presbyter
2499 4314 2663 4358 nostr.
2726 4309 2885 4360 Hanc
2946 4311 3239 4361 lectionem
3305 4316 3478 4378 reperi
3534 4318 3589 4366 in

259 4374 358 4425 bus.
395 4379 675 4429 Adscribit
703 4379 862 4428 illum
898 4378 1212 4444 Cyprianus
1238 4394 1473 4431 numero
1504 4382 1861 4446 presbytero—
1963 4384 2085 4429 octo
2110 4379 2400 4431 codicibus
2443 4381 2690 4443 antiquis
2720 4385 2772 4429 et
2803 4381 2858 4429 in
2904 4382 3243 4433 editionibus
3283 4374 3407 4448 qua:
3437 4392 3590 4438 ante-

258 4460 360 4496 rum
408 4449 948 4522 Carthaginensium.
1014 4451 1177 4512 Quod
1234 4465 1366 4502 sane
1425 4451 1645 4502 efﬁcere
1697 4466 1861 4502 nemo
1963 4456 2250 4502 cesserunt
2307 4452 2699 4522 Pamelianam.
2765 4452 3038 4502 Pamelius
3111 4456 3307 4504 maluit
3365 4459 3591 4522 presby—

258 4527 395 4578 posse
428 4519 646 4569 videtur
691 4521 797 4569 nisi
853 4521 1163 4586 epiSCOpus.
1215 4523 1397 4584 Quare
1445 4524 1645 4572 mirum
1690 4524 1860 4574 videri
1964 4525 2084 4571 terit
2145 4525 2334 4573 nostri.
2391 4521 2803 4584 Presbyterium
2865 4523 3081 4585 lapsum
3142 4539 3252 4574 non
3321 4530 3434 4584 est,
3491 4519 3588 4577 sed

259 4592 577 4658 potestquod
603 4594 679 4641 ait
704 4591 1860 4658 Cassianuscollat.tv,cap.1.Danielem,
1963 4594 2266 4658 presbyteri
2331 4592 2575 4658 quidam.
2644 4592 2831 4642 Lectio
2888 4595 3072 4656 itaque
3137 4601 3322 4645 nostra
3395 4599 3590 4647 melior

261 4656 524 4710 diaconum
568 4663 868 4725 Paphuutii
917 4664 1257 4728 presbyteri,
1308 4656 1622 4729 pro—motum
1681 4666 1750 4716 ab
1797 4656 1862 4716 eo
1963 4656 2062 4715 est.

261 4728 406 4782 fuisse
445 4734 508 4782 ad
559 4734 830 4784 honorem
869 4735 1214 4799 presbyterii,
1251 4728 1403 4787 nulla
1433 4738 1679 4801 episcopi
1706 4751 1860 4787 men-
2025 4737 2126 4800 (1:2)
2157 4737 2281 4786 Cum
2335 4737 2468 4785 Deus
2514 4737 2829 4799 permiserit.
2883 4736 2942 4784 In
2987 4737 3321 4799 quibusdam
3358 4741 3588 4789 vetustis

263 4803 402 4852 tione.
449 4805 654 4855 Verum
690 4807 834 4876 satis
877 4806 1168 4856 commode
1214 4808 1282 4856 ad
1323 4807 1476 4858 hunc
1500 4810 1685 4859 locum
1714 4822 1863 4858 com-
1964 4807 2374 4871 exemplaribus
2441 4811 2493 4856 et
2565 4805 2902 4856 editionibns
2961 4808 3164 4870 legitur
3226 4823 3338 4859 cum
3389 4816 3589 4876 tempus

263 4877 509 4924 mentatur
535 4875 774 4975 Alardus
803 4876 1053 4937 Gaza-us,
1079 4891 1189 4927 non
1218 4879 1388 4928 fuisse
1418 4881 1702 4930 Danielcm
1733 4896 1861 4945 pro—
1884 4904 1942 4975 Ι)
1964 4880 2279 4942 permiserit.

264 4949 446 4975 mnium
492 4962 518 4975 η
560 4949 872 4975 Dan".an
934 4949 1026 4975 ..ΛΑ
1062 4950 1288 4975 "tua"...
1340 4951 1402 4975 ηᾹ
1451 4952 1766 4975 nn:-............
1804 4957 1859 4975 .-ι
2032 4951 2123 4975 11οκ
2199 4952 2279 4975 1)....

264 4949 448 5016 niotum
491 4962 521 4997 a
560 4948 892 5012 Paphnutio,
934 4949 1031 4999 sed
1062 4950 1291 5000 missum
1339 4951 1406 5000 ad
1450 4952 1770 5015 episcoPum
1804 4948 1942 5001 ut“
2031 4951 2123 5012 (t3)
2193 4950 2442 5013 Regionis.
2502 4949 2679 4998 Antea
2741 4949 3024 5012 legebatur
3084 4951 3372 5016 religionis.
3434 4954 3590 5005 Hanc

264 5013 395 5086 abeo
414 5023 844 5080 promoveretur.
873 5019 1139 5084 Exempla
1164 5013 1518 5086 sequentium
1553 5013 1861 5086 temporum
1965 5022 2428 5081 emendationem,
2474 5035 2599 5085 quae
2643 5026 2726 5071 est
2769 5023 2995 5084 optima,
3028 5013 3213 5072 inveni
3265 5025 3320 5073 in
3369 5024 3589 5076 duobus

267 5084 404 5136 allata
436 5090 692 5141 aGazseo
718 5092 958 5141 fuerunt.
1247 5084 1261 5086 ”
1669 5084 1683 5086 “
1964 5094 2118 5144 libris
2170 5093 2431 5156 antiquis.
2489 5084 2690 5143 Notum
2744 5097 2825 5143 est
2872 5099 3055 5144 autem
3100 5095 3266 5145 urbes
3310 5097 3479 5148 fuisse
3510 5099 3589 5148 di-

317 5159 371 5233 (7)
401 5161 756 5224 Presbyteror.
803 5163 941 5213 Alite
985 5163 1257 5214 editiones
1301 5167 1354 5215 et
1393 5167 1491 5215 tria
1527 5167 1862 5229 exemplaria
1966 5166 2112 5214 visas
2164 5167 2217 5214 in
2271 5167 2541 5227 regiones.
2601 5165 2852 5229 Amplior
2901 5171 3087 5216 autem
3145 5167 3302 5218 locus
3348 5171 3592 5233 regionis

265 5232 423 5303 yetera
451 5233 658 5282 habent
697 5234 1012 5297 presbyterii
1044 5236 1496 5299 Carthaginiensis.
1531 5238 1669 5300 Quae
1697 5239 1864 5289 lectio
1966 5241 2112 5286 recte
2160 5237 2380 5298 dicitur,
2422 5253 2529 5287 non
2590 5252 2724 5290 vero
2776 5239 3077 5303 religionis.
3139 5241 3303 5303 Apud
3366 5232 3593 5292 Lactan-

267 5294 386 5374 bona
419 5316 640 5368 quoque
671 5294 769 5355 est.
814 5294 919 5356 sed
945 5319 1009 5356 ea
1037 5321 1204 5371 quam
1244 5294 1346 5373 ego
1377 5294 1752 5373 posui,vquam
1779 5311 1862 5359 in-
1967 5309 2125 5368 tium,
2166 5308 2258 5357 lib.
2305 5294 2440 5369 ii,'c.
2488 5312 2546 5360 18
2592 5325 2602 5357 :
2657 5329 2684 5357 «
2726 5310 2849 5359 Non
2881 5294 2952 5359 in
3002 5325 3113 5360 una
3160 5294 3343 5374 pbtius
3387 5313 3483 5362 sed
3536 5315 3590 5363 in

268 5372 376 5448 veni
398 5374 449 5422 in
471 5375 724 5437 pluribus
745 5378 987 5442 antiquis
1009 5372 1320 5441 codicibus,
1342 5380 1474 5429 mihi
1506 5372 1722 5430 videtur
1743 5395 1864 5432 esse
1964 5393 2180 5430 summa
2224 5381 2488 5446 religione
2535 5381 2870 5445 quaerendus
2897 5387 2995 5431 est.
3029 5403 3054 5426 »
3099 5372 3199 5432 Pro
3228 5398 3339 5448 quo
3366 5385 3592 5448 quidam

272 5443 475 5520 melior.
1964 5453 2090 5503 libri
2146 5443 2358 5504 veteres
2408 5443 2615 5504 habent
2661 5454 2892 5517 regione.
2951 5455 3084 5504 Item
3132 5443 3336 5515 lib—IV,
3367 5443 3483 5520 cap.
3513 5459 3592 5519 27,

321 5512 382 5572 (8)
427 5518 646 5581 Martyr.
693 5533 987 5570 numerum.
1052 5521 1110 5570 In
1167 5521 1358 5573 codice
1410 5523 1643 5573 Thuano
1700 5527 1755 5574 et
1807 5523 1863 5572 in
1967 5541 1996 5573 «
2028 5525 2130 5574 Per
2173 5523 2385 5574 diversa
2429 5512 2755 5588 regionum';
2809 5543 2835 5569 »
2884 5540 2982 5589 pro
3037 5538 3147 5588 quo
3193 5512 3371 5576 codex
3412 5512 3595 5577 Bono;

272 5579 486 5636 Furensi
513 5579 774 5654 scriptum
797 5597 1180 5656 estmartyrem
1200 5594 1528 5646 verum.Sed
1554 5596 1677 5646 haec
1699 5596 1863 5646 lectio
1965 5597 2177 5646 niensis
2231 5613 2259 5646 a
2326 5579 2624 5646 Thomvasio
2673 5579 2931 5646 laudatus
2984 5579 3209 5661 praefert
3267 5599 3593 5661 religionum.

275 5664 364 5704 non
416 5663 494 5708 est
540 5661 700 5712 bona.
748 5663 1292 5728 Gratianopolitenus
1332 5666 1499 5716 habet
1550 5682 1560 5714 :
1611 5684 1640 5715 «
1682 5668 1865 5717 Bonos
1967 5669 2152 5717 Lectio
2201 5673 2382 5719 tamen
2442 5682 2567 5733 quae
2618 5667 2784 5720 habet
2829 5668 3104 5731 religionis
3170 5673 3347 5733 potest
3398 5669 3603 5726 habere

275 5733 516 5852 :artyrps
545 5737 598 5782 et
627 5748 782 5784 veros
821 5734 1099 5799 lapidibus
1128 5741 1184 5788 et
1219 5737 1454 5788 ﬂammis
1488 5743 1715 5789 necatos
1738 5743 1863 5790 ante
1964 5739 2175 5790 bonum
2205 5755 2448 5793 sensum.

351 5811 462 5852 ιωει
483 5837 502 5850 ι.
535 5822 564 5850 is

351 5811 502 5852 ιωειι.
535 5822 564 5850 is
