4160 6216
219 232 298 286 337
1529 227 1851 281 EPISTULA
1889 226 2017 280 XXX
2026 227 2155 282 Vlll.
3424 226 3524 282 338

215 357 257 407 et
280 350 482 405 stabiles
520 354 576 404 et
613 349 1086 422 inexpugnabiles
1124 357 1631 421 perseveraverunt
1660 351 1791 422 ('20).
1819 369 1877 441 Α
2325 351 2651 408 EPISTULA
2694 354 2939 409 XXXVIII
2981 348 3113 422 (26).

214 447 325 501 Cum
353 444 611 498 voluntati
650 450 706 497 et
745 444 1081 499 confessioni
1117 444 1369 500 nominis
1395 445 1454 501 in
1486 461 1711 500 carcere
1741 449 1799 499 et
1900 454 2137 518 (Pamel.,
2167 453 2368 518 Rigalt,
2403 456 2594 516 Baluz.,
2630 469 2856 519 xxxviii;
2889 454 3065 515 Paris,
3097 463 3275 503 xxxvn
3294 468 3309 516 ;
3345 454 3532 516 Oxon,

211 542 255 594 in
291 538 506 592 vinculis
551 538 833 593 accedit“
878 541 934 592 et
981 538 1263 593 moriendi
1309 539 1614 607 terminus,
1659 556 1793 594 con-

1214 538 1263 593 di
1309 539 1614 607 terminus,
1659 556 1793 594 con-
2564 527 2718 592 Ῑιίρειι
2752 531 2857 590 XL-)

211 638 450 689 summata
480 633 744 703 martyris
771 632 953 703 gloria
981 638 1085 686 est.
1897 639 1965 677 AD
2024 637 2352 690 CALDONIUM,
2398 638 2754 678 nuncumrzuu
2808 639 2871 677 ET
2918 637 3182 689 cerasos,
3226 638 3291 674 ne
3344 638 3527 676 ABSTI-

263 728 315 782 ll.
354 727 599 797 Denique
641 731 698 781 et
739 726 859 780 dies
904 742 1103 781 eorum
1141 729 1243 795 (2t)
1279 727 1482 797 quibus
1519 728 1797 782 excedunt
2437 734 2611 772 NENDO
2653 730 2995 772 FELICISSIMO-

207 824 452 884 aanotate,
495 823 561 873 ut
612 819 1179 876 commemorationes
1228 835 1427 875 eorum
1476 821 1627 875 inter
1674 838 1794 876 me-
1896 821 2288 875 Aacuussrru.
2322 852 2387 861 —
2415 822 2786 881 Felicissimus,
2826 835 2935 873 una
2969 835 3087 871 cum
3115 818 3393 873 seditionis
3416 833 3528 873 suae

206 914 378 969 morias
407 916 725 986 martyrum
763 914 1047 968 celebrare
1088 914 1371 986 possimus
1404 931 1417 968 :
1447 931 1797 986 quamquam
2101 913 2273 979 sociis,
2306 927 2337 963 (ι
2367 913 2732 965 communione
2755 911 2993 963 omnium
3029 907 3308 961 arcendus.

205 1008 444 1063 Tertullus
483 1008 612 1078 (2'2),
652 1006 844 1081 329
891 1006 1255 1062 ﬁdelissimus
1297 1013 1355 1062 et
1399 1008 1796 1064 devotissimus
1968 1017 2013 1068 Ι.
2044 1014 2360 1086 Cyprianus
2386 1014 2650 1068 Caldonio
2686 1019 2741 1067 et
2772 1011 3087 1066 Herculano
3110 1009 3362 1079 collegis,
3394 1010 3532 1064 item

205 1104 344 1156 frater
367 1105 575 1169 noster,
604 1118 707 1172 pro
736 1105 939 1156 caetera
970 1101 1349 1156 sollicitudine
1372 1103 1420 1136 ³⁵
1452 1108 1508 1157 et
1534 1119 1669 1157 cura
1700 1120 1799 1158 sua
1898 1109 2216 1180 Rogatiano
2273 1113 2327 1162 et
2377 1107 2675 1162 Numidico
2735 1104 3211 1178 compresbyteris
3266 1104 3528 1158 salutem.

205 1211 343 1268 quam
382 1195 651 1249 fratribus
692 1197 750 1250 in
798 1195 952 1250 omni
997 1194 1265 1267 obsequio
1305 1196 1648 1267 operationis
1687 1197 1794 1251 im-
1899 1204 2277 1258 Vehementer
2322 1202 2685 1257 eontristatus
2734 1217 2881 1267 sum,
2931 1200 3135 1254 fratres
3186 1197 3531 1264 charissimi,

205 1290 363 1361 pertit,
401 1289 495 1360 qui
537 1306 643 1344 nec
691 1289 804 1344 illic
843 1290 990 1344 circa
1032 1306 1229 1344 curam
1271 1306 1576 1362 corporum
1623 1290 1795 1359 deest,
1899 1296 2137 1368 acceptis
2181 1295 2389 1350 litteris
2430 1294 2646 1361 vestris,
2690 1297 2773 1359 ut,
2813 1309 2945 1347 cum
2988 1291 3128 1346 mihi
3172 1290 3531 1364 propositum

204 1384 450 1454 scripserit
480 1387 538 1437 et
567 1384 775 1439 scribat
802 1400 866 1438 ac
890 1383 1170 1455 signiﬁcet
1193 1384 1335 1438 mihi
1364 1384 1483 1439 dies
1509 1385 1712 1455 quibus
1739 1386 1798 1440 in
1900 1408 2129 1462 semper
2160 1393 2217 1444 et
2247 1393 2441 1444 votum
2478 1389 2549 1443 sit
2579 1388 2905 1442 universam
2945 1385 3355 1440 fraternitatem
3394 1401 3530 1438 nos-

204 1494 389 1532 carccre
426 1477 579 1532 beati
616 1477 819 1532 fratres
855 1477 1033 1532 nostri
1059 1477 1129 1532 ad
1169 1477 1657 1533 immortalitatem
1688 1478 1797 1550 (‘23)
1898 1490 2043 1540 iram
2090 1484 2432 1538 incolumem
2478 1483 2792 1549 continere,
2842 1484 2898 1534 et
2941 1479 3215 1534 illibatum
3270 1494 3528 1550 gregem,

205 1571 423 1642 gloriosa:
452 1571 652 1625 mortis
691 1572 843 1626 exitu
875 1577 1189 1639 transeunt,
1223 1575 1281 1626 et
1313 1572 1672 1628 celebrentur
1709 1572 1800 1628 hic
1899 1578 2206 1633 secundum
2264 1578 2416 1649 quod
2472 1576 2715 1631 charitas
2768 1574 2961 1646 exigit,
3017 1589 3325 1642 reservare,
3374 1587 3527 1626 nunc

203 1683 225 1717 a
252 1666 391 1719 nobis
429 1665 744 1721 oblationes
784 1671 841 1721 et
879 1665 1147 1720 sacriﬁcia
1189 1665 1260 1720 ob
1301 1669 1796 1721 commemoratio-
1900 1672 2171 1727 nuntietis
2205 1670 2606 1725 Felicissimum
2651 1669 2825 1723 multa
2869 1667 3125 1738 improbe
3166 1670 3223 1720 et
3259 1665 3527 1719 insidiose

204 1774 279 1811 nes
302 1775 511 1826 eorum,
536 1775 667 1830 quae
693 1760 806 1813 cito
833 1758 1145 1827 vobiscum,
1168 1760 1411 1814 Domino
1438 1764 1793 1831 protegente,
1817 1749 1872 1820 Β
1898 1784 2018 1822 esse
2052 1767 2306 1821 molitum
2330 1783 2346 1833 ;
2379 1770 2438 1818 ut
2469 1768 2675 1834 printer
2702 1762 2927 1816 fraudes
2963 1765 3181 1814 veteres
3201 1760 3248 1794 ³⁸
3279 1762 3334 1813 et
3376 1758 3526 1829 rapi-

202 1852 595 1907 Celebmbimus.
652 1852 1001 1924 Pauperibus
1056 1869 1301 1925 quoque,
1358 1856 1421 1908 ut
1476 1870 1624 1926 δεῦρο
1666 1855 1793 1926 jam
1895 1878 2012 1929 nas,
2041 1861 2109 1916 de
2136 1859 2342 1932 quibus
2361 1857 2707 1929 jampridem
2736 1856 2918 1909 multa
2940 1869 3341 1925 cognoveram,
3373 1868 3525 1905 nunc

202 1946 379 2016 scripsi,
414 1963 553 2001 cura
590 1963 657 2001 ac
693 1947 988 2018 diligentia
1033 1951 1214 2001 vestra
1254 1964 1367 2002 non
1411 1947 1574 2015 desit,
1608 1948 1674 2002 iis
1704 1954 1790 2002 ta-
1893 1971 2123 2028 quoque
2182 1970 2312 2008 cum
2379 1951 2646 2023 episc0po
2713 1950 3040 2021 portionem
3097 1945 3290 2020 330
3346 1944 3527 2017 plebis

202 2055 306 2094 men
323 2041 432 2111 qui,
457 2041 516 2094 in
540 2040 657 2096 fide
677 2046 892 2097 stantes
913 2046 968 2096 et
989 2040 1279 2096 nobiscum
1304 2042 1527 2096 fortiter
1551 2041 1793 2096 milituu-
1893 2049 2164 2115 dividere,
2197 2047 2252 2101 id
2299 2049 2401 2115 est,
2440 2063 2471 2100 a
2510 2047 2735 2116 pastore
2781 2059 2914 2097 oves
2957 2047 3013 2097 et
3054 2041 3199 2096 ﬁlios
3234 2057 3264 2093 a
3296 2042 3527 2111 parente

201 2136 280 2202 tes,
309 2134 501 2188 Christi
542 2138 724 2189 castra
754 2152 872 2190 non
910 2135 1295 2206 reliquerunt;
1324 2134 1528 2207 quibus
1558 2135 1790 2206 quidem
1893 2158 2154 2213 separare
2173 2142 2242 2208 ³⁷,
2271 2147 2327 2194 et
2355 2139 2560 2196 Christi
2600 2137 2856 2192 membra
2892 2136 3169 2207 dissipare
3202 2133 3521 2189 tentaverit.

200 2244 321 2281 nunc
358 2229 540 2299 major
567 2246 601 2282 a
635 2228 801 2284 nobis
842 2235 897 2284 et
933 2228 1162 2283 dilectio
1205 2232 1260 2284 et
1291 2245 1424 2283 cura
1467 2229 1792 2301 praestanda
1892 2238 2150 2308 Cumque
2179 2251 2284 2305 ego
2306 2250 2401 2288 vos
2430 2249 2530 2305 pro
2558 2248 2649 2286 me
2672 2231 2903 2285 vicarios
2928 2229 3199 2296 miserim,
3225 2230 3286 2281 ut
3311 2243 3524 2298 expun-

201 2326 263 2373 δεῖ
296 2322 436 2392 quoa
479 2340 583 2377 nec
626 2328 954 2395 Ρδυρθΐῗδίθ
995 2322 1175 2377 “(lacu
1205 2323 1339 2395 (24),
1382 2340 1484 2377 nec
1523 2340 1787 2394 Ρθτεθοιι-
1894 2330 2101 2402 geretis
2131 2328 2239 2402 (27)
2280 2327 2640 2383 necessitates
2677 2327 2919 2380 fratrum
2957 2326 3284 2378 nostrorum
3326 2337 3518 2392 sump-

202 2415 332 2469 tionis
373 2420 704 2488 tempestate
750 2418 1040 2488 prostrati,
1087 2434 1218 2471 eum
1266 2417 1503 2472 Domino
1548 2417 1792 2473 ﬁdeliter
1892 2425 2059 2490 tibus,
2114 2424 2158 2476 si
2213 2423 2309 2494 qui
2368 2422 2536 2475 etiam
2590 2421 2800 2474 vellent
2850 2435 2979 2473 suas
3034 2422 3183 2472 artes
3234 2431 3520 2482 exercere,

200 2510 426 2579 serviunt,
456 2511 679 2566 caeteris
706 2528 931 2583 quoque
956 2512 1299 2583 pauperibus
1327 2511 1437 2584 (25)
1459 2513 1790 2584 exemplum
1891 2519 2286 2573 additamento
2343 2516 2452 2586 (28)
2515 2519 2791 2586 quantum
2850 2513 2980 2567 satis
3039 2514 3185 2566 esset
3242 2509 3524 2563 desideria

199 2602 301 2657 ﬁdtBi
343 2606 728 2675 ρτεεῢυενυηῑ.
771 2605 918 2676 Ορὶο
963 2622 1078 2673 V05,
1116 2605 1317 2661 fratres
1363 2606 1679 2661 chariSSimi
1727 2623 1790 2661 ac
1891 2629 2088 2669 eorum
2122 2611 2413 2682 juvaretis,
2459 2608 2625 2663 simul
2665 2608 2835 2663 etiam
2883 2611 2939 2661 et
2983 2609 3177 2659 aetates
3222 2619 3418 2657 eorum
3467 2605 3525 2656 et

198 2694 686 2766 ἀθδίάετεωῑίεδίωί,
714 2715 941 2770 semper
969 2700 1119 2754 bene
1152 2700 1335 2755 Valere
1373 2704 1427 2754 et
1459 2700 1636 2754 nostri
1664 2717 1785 2754 me-
1890 2706 2240 2762 conditiones
2279 2711 2335 2758 et
2369 2704 2574 2758 merita
2615 2699 3031 2767 discerneretis,
3063 2703 3123 2753 ut
3160 2697 3329 2753 etiam
3370 2712 3522 2749 nunc

198 2788 406 2846 minisse.
433 2792 868 2848 Fraternitatem
893 2811 1015 2848 meo
1036 2793 1272 2848 nomine
1294 2794 1552 2849 salutate.
1577 2794 1784 2849 Valete.
1888 2817 2014 2871 ego,
2063 2801 2152 2853 cui
2204 2814 2338 2853 cura
2387 2796 2663 2852 incumbit
2708 2811 2908 2849 omnes
2956 2793 3171 2864 optime
3223 2806 3410 2855 110838,
3464 2791 3522 2843 et

1888 2894 2091 2965 dignos
2114 2908 2366 2964 quosque
2393 2894 2451 2945 et
2474 2890 2716 2945 humiles
2744 2893 2800 2944 et
2826 2888 2993 2942 mites
3020 2886 3088 2941 ad
3118 2882 3513 2941 ecclesiastica:

884 3014 1053 3023 -—-*-
1886 2985 2399 3042 administrationis
2439 2983 2623 3039 ofﬁcia
2667 2998 3089 3055 promoverem,
3133 2979 3225 3035 ille
3244 2979 3290 3013 ³⁸
3334 2977 3514 3032 inter-

1887 3080 2117 3135 cesserit
2147 3097 2219 3134 ne
2263 3080 2389 3151 quis
2420 3083 2611 3152 posset
2650 3076 2923 3149 expungi,
2962 3091 3101 3130 neve
3143 3090 3207 3128 ea
3248 3088 3377 3145 quas
3421 3071 3518 3125 de-

1538 3207 1747 3271 Variae
1802 3206 2139 3270 lectiones.

244 3309 428 3361 “Cum
485 3313 781 3364 voluntate
834 3316 887 3363 et
933 3314 1303 3365 confessionis
1361 3317 1589 3368 nomine
1650 3317 1706 3365 in
1764 3329 1984 3367 carcere
2041 3315 2241 3365 accidit
2305 3315 2461 3376 Impr.
2525 3313 2651 3363 Bod.
2710 3314 2754 3362 l.
2879 3315 2917 3345 ³⁵
2961 3312 3064 3361 Pro
3112 3313 3260 3361 certa
3303 3308 3514 3358 sollici—

200 3380 505 3518 tpclllilriienger.
602 3385 641 3418 ³⁸
666 3383 912 3435 Fraudes
955 3399 1085 3435 suas
1127 3387 1250 3437 Bod.
1299 3388 1342 3436 1.
1430 3387 1471 3420 ³⁷
1502 3393 1547 3441 A
1596 3392 1813 3452 pastore

1868 3400 1987 3438 )ves
2034 3398 2288 3451 separare
2331 3390 2385 3437 et
2423 3385 2570 3435 ﬁlios
2611 3398 2643 3434 a
2691 3388 2917 3447 parente
2966 3394 3256 3434 secernere
3299 3378 3425 3429 Bod.
3471 3381 3511 3428 ι.

1453 3537 1674 3620 Steph.
1723 3538 1968 3602 Baluzii
2014 3544 2207 3601 notas.

244 3655 326 3751 (iii)
366 3658 856 3710 Perseveraverunt.
909 3659 1150 3722 Quidam
1197 3660 1321 3711 libri
1371 3664 1605 3721 veteres,
1651 3666 1705 3712 et
1746 3661 1859 3751 iiC
1948 3661 2046 3723 (23)
2074 3657 2542 3751 Immortalitatem‘.
2574 3656 2762 3709 Codex
2792 3656 3068 3751 Fuxensis
3094 3669 3104 3702 :
3129 3670 3167 3751 ει⁸
3186 3653 3255 3704 ad
3285 3653 3512 3751 immpr—

244 3728 267 3751 ﬁ
305 3742 376 3751 Α...
410 3731 602 3751 -..ιε-..ε
659 3731 861 3751 L-L-_I
895 3738 1244 3751 ..-μ-.....-μ--..ι
1884 3732 2107 3751 ι-1ιι-ιε-
2152 3731 2396 3751 _I__:-_....
2452 3743 2515 3751 -.ι
2548 3743 2688 3751 ...η-ι.
2736 3729 2928 3751 ..νη-...Ηρ-
2961 3727 3044 3751 ηοξ
3075 3740 3107 3751 η
3174 3737 3409 3751 nonanis“
3481 3740 3508 3751 .a

198 3727 381 3788 quidem
407 3731 625 3795 optimi,
659 3731 868 3781 habent
891 3738 1259 3795 pervenerunt.
1806 3727 1859 3751 υ
1884 3732 2109 3781 talitatis
2148 3731 2398 3795 gloriosae
2450 3729 2689 3794 palmam
2736 3729 2931 3777 mortis
2959 3727 3112 3776 exitu
3152 3727 3453 3774 transeunt.
3481 3740 3512 3773 »

242 3798 322 3857 (2|)
350 3802 462 3853 Dies
496 3816 700 3854 carum.
739 3801 1116 3853 Tertullianus
1147 3803 1202 3852 in
1229 3803 1370 3853 libro
1409 3803 1473 3853 de
1511 3804 1719 3854 Corona
1767 3819 1778 3850 :
1883 3803 2163 3853 Salustius
2206 3804 2262 3852 in
2309 3801 2582 3868 Jugurtha
2622 3815 2632 3848 :
2666 3818 2695 3846 «
2719 3799 2939 3850 Etenim
2964 3811 3132 3849 nemo
3157 3797 3378 3862 ignavia
3402 3798 3507 3846 im-

198 3886 219 3911 s
245 3869 533 3924 Oblationes
566 3887 666 3938 pro
694 3874 1001 3937 defunctis,
1044 3889 1141 3938 pro
1171 3875 1435 3924 natalitiis
1476 3888 1660 3925 annua
1691 3875 1781 3927 die
1882 3875 2129 3924 mortalis
2151 3874 2344 3923 factus.
2374 3889 2404 3921 »

198 3939 403 3993 iacimus.
444 3962 473 3992 ››
512 3944 672 3995 Idem
711 3946 768 3993 in
810 3945 951 3995 libro
999 3946 1062 3995 de
1105 3945 1489 3996 Exhortationc
1528 3948 1780 3996 castitatis
1942 3947 2039 4007 (24)
2066 3944 2266 3994 Adacti.
2310 3945 2388 3994 Ita
2412 3944 2666 4008 plerique
2713 3942 2839 3992 libri
2889 3945 3104 3991 veteres
3138 3943 3194 3991 et
3216 3938 3506 4000 editiones,

198 4016 488 4066 mentionem
517 4018 653 4067 facit
678 4016 1018 4066 oblationem
1045 4030 1168 4081 quas
1187 4016 1393 4067 ﬁebant
1424 4032 1522 4081 pro
1552 4017 1781 4068 defunc-
1881 4017 2162 4068 Morellius
2193 4016 2379 4079 posuit
2422 4015 2631 4079 adjecti,
2660 4028 2825 4079 quam
2865 4014 3166 4064 lectionem
3192 4025 3294 4075 ego
3321 4011 3507 4060 inveni

199 4082 252 4131 tis
284 4088 328 4133 et
375 4101 565 4137 eorum
605 4088 819 4151 spiritu.
876 4088 1017 4139 Vide
1058 4088 1269 4139 scholia
1317 4089 1419 4138 viri
1472 4089 1777 4139 doctissimi
1880 4088 1937 4136 in
1976 4086 2117 4136 libro
2142 4084 2677 4149 Gratianopolitano.
2713 4083 2877 4148 Angli
2910 4083 3253 4147 scripserunt
3282 4081 3410 4130 victi
3438 4092 3505 4129 ex

195 4152 351 4207 Jacobi
376 4158 514 4209 Billii
564 4158 634 4208 ad
684 4159 1003 4210 Orationem
1048 4159 1299 4223 Gregorii
1341 4160 1675 4210 Nazianzeni
1720 4160 1777 4208 in
1880 4158 1991 4209 fide
2019 4157 2228 4208 codicis
2260 4156 2558 4207 itodleiani.
2588 4155 2858 4206 Eamdem
2885 4167 2986 4216 ego
3006 4154 3303 4204 lectionem
3328 4151 3506 4215 reperi

197 4223 375 4278 laudem
432 4230 664 4281 Cassarii
729 4231 910 4280 fratris
973 4235 1026 4282 et
1098 4230 1506 4295 Euchologium
1561 4231 1775 4291 Goaris,
1879 4230 1935 4278 in
1988 4233 2201 4292 septem
2252 4227 2545 4279 codicibus
2592 4228 2855 4292 antiquis.
2911 4226 2979 4276 Et
3029 4230 3213 4276 tamen
3271 4224 3506 4288 praefero

196 4300 642 4438 ὲῶὶίῆξνωιιιιε.
693 4372 835 4435 Quia
880 4377 1109 4425 sanctus
1173 4373 1486 4438 Cyprianus
1530 4375 1655 4424 istic
1702 4373 1778 4423 ait
1878 4306 2423 4437 vagiitlenliuuperibus.
2481 4372 2654 4423 Vetus
2697 4370 2872 4423 codex
2925 4369 3284 4436 Remigianus
3336 4368 3505 4419 habet

198 4436 458 4492 Tertullum
501 4443 611 4493 sibi
639 4442 982 4506 signiﬁcasse
1012 4443 1134 4494 dies
1168 4436 1373 4508 quibus
1409 4449 1679 4508 martyres
1709 4444 1776 4493 ad
1875 4442 2154 4506 fratribus.

197 4509 621 4566 immortalitatem
660 4515 913 4578 gloriosas
970 4516 1162 4564 mortis
1208 4516 1355 4565 exitu
1410 4517 1774 4577 transierant,
1943 4515 2037 4578 (26)
2092 4517 2229 4566 Haec
2285 4515 2515 4580 epistola
2579 4515 2820 4577 primum
2888 4511 3089 4577 prodiit
3146 4513 3202 4560 in
3255 4512 3503 4562 editione

198 4582 535 4635 existimarunt
565 4585 731 4649 Angli
774 4586 1085 4636 Tertullum
1125 4587 1296 4636 artem
1327 4589 1598 4636 notariam
1626 4586 1776 4635 didi-
1878 4587 2210 4637 Manutiana.
2271 4589 2394 4637 Duo
2472 4599 2632 4650 porro
2694 4588 2877 4635 vetera
2947 4584 3100 4632 illius
3164 4582 3503 4645 exemplaria

198 4651 307 4702 cisse
339 4655 434 4706 sub
476 4657 757 4721 Cypriane
804 4656 1057 4718 rhetore,
1107 4670 1274 4722 quem
1324 4663 1576 4709 constare
1642 4661 1775 4708 satis
1876 4654 2194 4709 habuerunt
2238 4658 2428 4721 Angli,
2480 4671 2652 4706 unum
2695 4669 2764 4705 ex
2816 4654 3151 4705 bibliotheca
3204 4653 3503 4713 Vaticana,

198 4728 355 4783 putant
388 4741 503 4778 eam
535 4735 712 4778 artem
737 4730 929 4789 scisse,
958 4733 1010 4778 et
1047 4730 1191 4778 notis
1214 4744 1381 4779 usum
1406 4742 1529 4779 esse
1554 4728 1623 4779 ad
1654 4734 1775 4780 acta
1877 4729 2029 4778 aliud
2066 4742 2134 4779 ex
2176 4730 2490 4780 Bodleiana.
2522 4728 2640 4790 Ego
2684 4726 2833 4775 illam
2861 4725 3072 4775 contuli
3102 4738 3231 4774 cum
3260 4727 3501 4788 quatuor

198 4800 449 4864 {nartyrnm
504 4800 852 4864 excipienda.
902 4799 1111 4850 Verum
1170 4814 1283 4850 non
1332 4802 1515 4864 agitur
1563 4801 1618 4849 in
1669 4800 1775 4851 hoc
1876 4800 2153 4863 antiquis;
2183 4812 2418 4864 quorum
2450 4811 2626 4847 unum
2658 4800 2837 4847 exstat
2873 4796 2927 4844 in
2957 4794 3296 4845 bibliotheca
3321 4797 3501 4845 sancti

198 4860 293 4913 loco
321 4866 380 4918 de
412 4871 547 4919 actis
592 4860 897 4934 martyrum
933 4871 1297 4934 excipiendis,
1331 4860 1425 4921 ubi
1455 4875 1599 4921 notae
1620 4875 1772 4933 pote-
1874 4860 2126 4934 Dionysii
2173 4860 2483 4931 Remensis,
2543 4867 2713 4929 aliud,
2763 4866 2911 4930 quod
2955 4866 3059 4915 fuit
3102 4865 3234 4915 olim
3282 4865 3500 4930 collegii

199 4940 291 5005 rant
312 4951 420 4989 esse
448 4941 796 5002 necessarias,
828 4941 922 4991 sed
957 4945 1169 4991 tantum
1200 4942 1269 4992 de
1298 4942 1627 5005 significatis
1653 4942 1769 4992 die-
1874 4942 2166 5002 Fuxensis,
2222 4945 2401 4992 exstat
2450 4953 2602 4990 nunc
2654 4941 2710 4989 in
2771 4938 3113 4997 Colbertina,
3166 4938 3391 4987 tertium
3441 4939 3498 4987 in

198 5000 278 5077 bus
311 5011 499 5072 quibus
539 5000 811 5075 martyres
846 5015 1214 5062 excesserant.
1250 5000 1411 5074 Quod
1437 5027 1570 5064 sane
1614 5014 1773 5064 facile
1800 5046 1851 5077 η
1874 5027 1996 5064 mea
2032 5029 2043 5062 :
2077 5000 2335 5077 quartum
2365 5013 2539 5062 habui
2574 5027 2642 5063 ex
2671 5012 2810 5062 urbe
2841 5009 3371 5073 Gratianopolitana.

198 5046 278 5054 η-
347 5046 499 5060 am..-
539 5046 679 5061 μιν...
722 5046 811 5060 ,νυ
846 5046 1214 5062 “ceuceu”...
1306 5046 1411 5063 υυι.
1437 5046 1570 5064 sane
1615 5046 1773 5064 ,αυηυ
1875 5046 1996 5064 ww
2032 5052 2042 5062 .
2120 5046 2335 5063 μυιιυιυ
2369 5046 2539 5062 μανι..
2574 5046 2642 5063 ω
2676 5046 2810 5062 mw
2842 5046 3103 5062 unum”...
3148 5046 3371 5059 νωμω..

198 5046 491 5143 ῆετὶΊρυῐρεῑ
536 5046 750 5147 absque
797 5096 903 5132 usu
945 5086 1215 5133 notarum.
1252 5046 1441 5146 auare
1488 5099 1599 5135 non
1631 5046 1851 5136 beneD
1938 5085 2038 5148 (Ξῖ)
2066 5046 2466 5149 ἓωρηηῃσγειίε.
2497 5084 2783 5135 Matricula
2824 5046 3222 5133 necessitatyum
3255 5082 3502 5133 contine-

200 5158 249 5195 ει
281 5150 373 5202 hoc
412 5154 532 5204 loco
565 5156 908 5218 collegerunt
950 5156 1114 5221 Angli
1166 5169 1370 5207 munus
1421 5157 1772 5207 describendi
1872 5156 1965 5207 bat
2012 5159 2237 5207 nomina
2280 5170 2639 5220 personarum
2680 5155 2980 5218 egentium.
3028 5153 3203 5216 Cujus
3231 5165 3360 5218 ergo
3401 5166 3503 5203 ne—

200 5224 290 5267 acta
312 5231 602 5288 martyrum
617 5226 998 5277 concreditum
1025 5228 1195 5277 fuisse
1222 5228 1473 5279 Tertullo
1503 5230 1555 5278 in
1585 5242 1770 5293 perse-
1872 5230 2102 5279 cessitas
2148 5227 2517 5278 beneﬁcentia
2569 5227 2799 5277 fratrum
2841 5224 3257 5285 sublevabatur,
3299 5225 3422 5287 ejus
3448 5230 3501 5276 et

201 5294 377 5344 cutione
416 5298 674 5347 Deciana.
726 5300 811 5347 An
861 5311 990 5347 vero
1037 5298 1347 5363 Cyprianus
1381 5301 1569 5350 scierit
1597 5306 1770 5351 artem
1871 5314 2073 5351 nomen
2112 5299 2550 5364 expungebatur.
2595 5299 2687 5350 Sic
2716 5297 3089 5348 beneﬁcentia
3114 5297 3499 5345 necessitatem

200 5365 439 5434 notariam,
482 5368 603 5418 aliis
644 5368 1076 5419 examinandum
1129 5370 1401 5434 relinquo.
1434 5371 1595 5421 Alius
1637 5372 1771 5422 Ter-
1814 5404 1825 5408 ι
1873 5375 1925 5422 et
1973 5386 2102 5422 cum
2145 5372 2471 5423 necessitate
2512 5384 2715 5420 nomen
2747 5370 2962 5432 egentis
2999 5367 3371 5431 expungebat.
3408 5367 3500 5417 Ri-

203 5430 294 5481 tulli
333 5436 537 5489 diaconi
594 5440 860 5491 Ecclesia;
904 5441 1169 5493 Romana
1219 5430 1429 5494 mentio
1482 5448 1661 5496 exstat
1714 5446 1771 5495 in
1872 5457 2040 5495 GAL'I‘.

203 5513 311 5581 nova
363 5514 535 5560 nostra
604 5511 916 5562 Collectione
985 5513 1360 5574 Conciliorum,
1432 5529 1553 5581 pag.
1628 5516 1768 5575 Hdt,
1934 5516 2035 5577 (‘28)
2067 5515 2453 5566 Additamento.
2501 5512 2692 5566 Codex
2723 5512 3014 5572 Fuxensis,
3044 5528 3071 5555 «
3107 5510 3381 5581 Exercere
3406 5509 3504 5558 ad-

203 5572 400 5652 ίιῗωῐξοΐθ
440 5582 757 5644 Symmachi
806 5597 977 5648 papas.
1009 5584 1217 5636 Eadem
1256 5572 1772 5652 porro'tervnpestate
1872 5572 2027 5636 didit,
2068 5590 2251 5638 tamen
2306 5592 2588 5650 tamquam
2646 5600 2747 5636 sua
2799 5585 2933 5634 satis
2975 5596 3100 5635 esse
3151 5580 3440 5633 desideria.
3480 5600 3508 5626 »

204 5646 382 5699 vivebat
418 5653 551 5704 alter
587 5646 890 5706 Tertullus
914 5656 1052 5706 civis
1091 5646 1394 5715 Roma—nus.
1439 5659 1535 5721 qui
1562 5646 1770 5709 ‘ﬁlium
1871 5658 2027 5709 Meus
2060 5674 2072 5708 ε
2101 5675 2130 5707 ‹‹
2160 5646 2474 5720 Exerceret,
2501 5657 2689 5709 addidi
2723 5661 2904 5709 tamen
2934 5660 3224 5721 tamquam
3249 5666 3350 5703 sua
3376 5652 3512 5702 satis

206 5726 337 5837 ἓξὲξ
358 5721 626 5777 Placidum
661 5726 889 5779 tradidit
915 5728 971 5778 in
1002 5727 1350 5794 disciplinam
1375 5732 1567 5781 sancto
1590 5730 1770 5781 Bene-
1870 5734 2080 5809 essent.
2117 5747 2148 5779 »
