4160 6216
590 267 693 323 339

1516 268 1571 327 s.
1614 230 1925 331 CYPRiANl
1962 274 2236 332 OPERUM
2279 275 2449 332 esas
2487 276 2526 328 ι.
2559 304 2627 314 --
2660 273 3020 331 EPISTOL/E.

3844 275 3943 329 340

588 395 967 452 sideraveram
1011 400 1240 468 possent
1279 397 1535 468 diligenti
1554 400 1601 435 39
1631 401 2053 456 examinatione
2095 402 2207 457 dis-
2237 399 2495 487 A331
2553 402 2609 455 et
2648 399 2956 472 Augendus
2993 398 3129 470 (3t),
3164 398 3281 470 qui,
3329 412 3433 453 nec
3474 392 3813 469 episcopum
3848 416 3945 456 nec

586 490 761 556 cerni,
807 491 1185 546 comminatus
1225 491 1296 546 sit
1339 494 1510 547 etiam
1559 494 1825 548 fratribus
1869 496 2076 550 nostris
2118 497 2216 568 qui

588 584 755 653 primi
795 584 1045 655 expungi
1091 590 1443 641 accesserant
1485 588 1588 657 (29)
1621 592 1907 658 potentatu
1954 589 2213 661 improbo

589 680 646 732 et
693 682 910 732 terrore
965 678 1212 733 violento
1264 682 1411 752 quod
1461 698 1653 737 secum
1702 683 1760 737 in
1807 689 1992 739 morte
2012 684 2060 718 ⁸ο
2106 685 2214 756 (30)

584 785 703 826 non
730 773 1212 830 communicarent
1243 776 1342 847 qui
1371 775 1535 831 nobis
1573 776 1967 849 obtemperare
2002 779 2211 833 voluis-

584 870 728 923 sent.

647 963 711 1015 Il.
741 964 996 1034 Cumque
1023 968 1148 1034 post
1175 964 1297 1018 haec
1324 966 1538 1033 omnia,
1574 982 1678 1021 nec
1707 966 1815 1022 loci
1850 967 1964 1021 mei
1992 967 2213 1023 honore

584 1058 790 1125 motus,
837 1072 944 1111 nec
985 1062 1169 1113 vestra
1217 1060 1554 1114 auctoritate
1605 1063 1665 1114 et
1712 1061 2016 1131 praesentia
2063 1062 2207 1118 frac-

583 1154 694 1219 tus,
725 1150 993 1206 instinctu
1032 1169 1134 1207 suo
1173 1152 1423 1225 quietem
1466 1154 1707 1208 fratrum
1749 1155 1987 1210 turbans
2027 1159 2208 1228 prori-

586 1244 774 1315 puerit
830 1263 886 1300 se
946 1262 1075 1302 cum
1130 1246 1422 1317 plurimis,
1477 1248 1677 1304 ducem
1730 1264 1787 1303 se
1840 1249 2100 1306 factionis
2154 1255 2212 1307 et

582 1339 871 1395 seditionis
910 1340 1233 1412 principem
1277 1341 1578 1397 temerario
1618 1342 1811 1398 furore
1852 1348 2205 1416 contestans;

585 1433 641 1488 in
683 1451 795 1506 quo
837 1433 1071 1507 quidem
1119 1437 1375 1507 gratulor
1419 1436 1695 1508 plurimos
1740 1439 1946 1493 fratres
1992 1440 2061 1496 ab
2103 1440 2209 1497 hac

583 1529 813 1584 audacia
866 1530 1159 1585 recessisse
1214 1534 1271 1585 et
1321 1530 1475 1585 vobis
1519 1532 1872 1603 acquiescere
1924 1535 2205 1606 maluisse,

581 1629 642 1678 ut
660 1639 795 1678 cum
822 1623 1071 1678 Ecclesia
1098 1628 1279 1679 matre
1304 1631 1671 1681 remanerent
1699 1630 1755 1680 et
1782 1628 2063 1699 stipendia
2085 1630 2209 1701 ejus

579 1717 841 1789 episcopo
877 1718 1238 1788 dispensante
1269 1719 1660 1790 perciperent;
1694 1722 1844 1792 quod
1880 1723 2110 1793 quidem
2149 1729 2208 1779 et

579 1816 813 1866 caeteros
852 1828 955 1883 pro
1000 1818 1155 1868 certo
1197 1814 1308 1867 scio
1356 1831 1483 1868 cum
1536 1831 1674 1885 pace
1719 1816 1965 1871 facturos
2004 1821 2060 1871 et
2100 1788 2284 1872 citoB

583 1905 654 1959 ab
682 1922 872 1960 errore
910 1908 1215 1962 temerario
1252 1924 1587 1962 recessuros.
1619 1910 1868 1979 interim,
1904 1928 2033 1965 cum
2066 1912 2203 1966 Feli-

580 1998 840 2053 cissimus
888 2002 1259 2056 comminatus
1307 2002 1377 2056 sit
1430 2020 1542 2056 non
1587 2005 2100 2060 communicaturos
2150 2008 2207 2062 in

581 2099 762 2149 morte
801 2109 988 2147 secum
1030 2095 1127 2166 qui
1169 2096 1329 2149 nobis
1362 2095 1870 2167 obtemperassent,
1904 2098 1960 2152 id
1997 2101 2207 2172 estqui

579 2186 741 2241 nobis
787 2188 1302 2257 communicarent,
1352 2190 1591 2260 accipiat
1644 2193 1982 2246 sententiam
2037 2211 2205 2265 quam

578 2282 736 2353 prior
765 2282 921 2350 dixit,
960 2288 1024 2337 ut
1064 2283 1386 2337 abstentum
1430 2300 1487 2338 se
1525 2300 1556 2336 a
1593 2285 1752 2338 nobis
1785 2287 1939 2353 sciat,
1973 2288 2204 2360 quando

578 2376 646 2429 ad
690 2376 919 2430 fraudes
961 2377 1082 2447 ejus
1126 2380 1183 2430 et
1221 2378 1465 2448 rapinas,
1499 2395 1638 2450 quas
1683 2379 1929 2434 dilucida
1971 2382 2205 2437 veritate

576 2470 962 2541 cognovimus,
996 2471 1259 2525 adulterii
1298 2473 1469 2526 etiam
1513 2473 1732 2528 crimen
1773 2475 2009 2543 accedit,
2052 2477 2204 2547 quod

578 2564 778 2618 fratres
814 2565 994 2619 nostri
1035 2582 1234 2636 graves
1272 2565 1370 2619 viri
1409 2566 1844 2636 deprehendisse
1882 2586 1939 2622 se
1977 2571 2201 2625 nuntia-

577 2663 802 2725 verunt,
836 2663 894 2712 et
927 2659 1266 2729 probaturos
1296 2677 1353 2713 se
1386 2668 1800 2717 asseverarunt.
1837 2663 1973 2727 Quae
2013 2665 2205 2719 omnia

580 2754 714 2806 tunc
759 2768 1161 2822 cognoscemus
1207 2754 1433 2825 quando
1475 2754 1530 2807 in
1579 2772 1759 2810 unum
1804 2774 1932 2811 cum
1974 2760 2206 2830 collegis

577 2845 834 2916 pluribus
884 2848 1249 2917 permittente
1297 2848 1537 2903 Domino
1587 2853 2040 2921 convenerimus.
2091 2852 2206 2909 Sed

2314 494 2616 551 Ecclesiam
2664 495 2938 565 cogitans,
2986 493 3194 564 pariter
3240 510 3297 548 se
3345 509 3473 547 cum
3523 492 3626 547 illo
3670 493 3950 564 conspira-

2313 589 2466 643 tione
2498 592 2553 644 et
2584 587 2830 643 factione
2870 586 3122 654 sociavit,
3152 586 3199 641 si
3240 586 3389 641 ultra
3419 603 3550 641 cum
3588 603 3656 642 eo
3696 603 3942 658 perseve-

2313 682 2542 751 raverit,
2576 681 2916 736 sententiam
2953 680 3097 736 ferat
3134 697 3309 753 quam
3348 680 3441 735 ille
3484 681 3544 736 in
3585 697 3647 735 se
3688 681 3947 737 factiosus

2314 782 2371 832 et
2413 776 2747 832 temerarius
2788 776 3131 848 provocavit.
3172 775 3281 831 Sed
3320 778 3378 830 et
3418 773 3681 847 quisquis
3722 792 3779 831 se
3820 792 3945 832 con-

2314 871 2606 943 spirationi
2656 874 2715 925 et
2757 869 2992 926 factioni
3036 870 3156 941 ejus
3206 869 3553 941 adjunxerit,
3602 870 3744 925 sciat
3787 887 3844 925 se
3888 870 3941 926 in

2314 964 2549 1020 ecclesia
2580 965 2871 1020 nobiscum
2912 981 3025 1019 non
3067 980 3187 1019 esse
3218 964 3808 1033 communicaturum,
3846 966 3942 1036 qui

2312 1064 2514 1131 sponte
2578 1059 2779 1114 maluit
2831 1059 2901 1114 ab
2959 1058 3193 1114 ecclesia
3239 1057 3509 1128 separari.
3568 1057 3679 1112 Has
3732 1058 3942 1113 litteras

2313 1169 2473 1208 meas
2512 1153 2784 1208 fratribus
2831 1153 3033 1207 nostris
3078 1153 3270 1225 legite,
3302 1157 3358 1207 et
3399 1152 3802 1223 Carthaginem
3839 1152 3937 1223 (32)

2310 1246 2383 1301 ad
2423 1247 2639 1302 clerum
2676 1263 2903 1319 quoque
2944 1247 3327 1314 transmittite,
3368 1245 3582 1301 additis
3621 1245 3939 1300 nominibus

2310 1356 2509 1396 eorum
2538 1341 2635 1413 qui
2663 1357 2791 1396 cum
2821 1341 3162 1397 Felicissimo
3200 1357 3258 1396 se
3285 1341 3627 1412 junxerunt.
3656 1340 3796 1411 Opto
3823 1357 3934 1408 vos,

2309 1435 2512 1490 fratres
2560 1435 2899 1505 charissimi,
2948 1451 3177 1508 semper
3225 1435 3367 1490 bene
3415 1434 3609 1490 valere
3662 1436 3719 1487 et
3769 1433 3937 1488 nostri

2309 1529 2660 1585 meminisse.
2692 1530 2900 1585 Valete.

2759 1652 3075 1709 EPISTULA
3114 1652 3311 1707 xxxxx
3354 1650 3485 1722 (33).

2309 1774 2549 1835 (Pamel.,
2579 1774 2749 1837 Rigalt
2777 1812 2788 1833 ,
2827 1775 3015 1830 Batus.
3054 1784 3248 1833 XXXIX;
3282 1773 3465 1830 Paris.,
3500 1782 3730 1833 XXXVIII;
3761 1773 3935 1831 Oxon,

2958 1846 3115 1910 Lips.,
3145 1846 3290 1909 xui.)

2345 1975 2618 2026 CALDONII,
2673 1974 2974 2014 BERCULANI
3026 1975 3086 2013 ET
3136 1973 3469 2013 CETERORUM
3529 1972 3785 2011 RPISTOLA
3833 1974 3897 2012 AD

2403 2056 2726 2109 CYPRIANUM,
2768 2057 2834 2093 DE
2874 2055 3145 2096 ABSTENTO
3186 2053 3521 2095 FELICISSIMO
3563 2054 3670 2093 CUM
3710 2054 3841 2093 SUIS.

2308 2164 2710 2217 Aacunanrun.
2749 2191 2817 2199 —
2857 2160 3007 2225 Quod
3037 2160 3281 2228 jusserut
3322 2161 3434 2214 illis
3476 2160 3708 2229 epistola
3743 2174 3926 2229 prace-

2379 2252 2531 2320 dens,
2556 2253 2840 2321 perﬁciunt
2873 2250 3189 2316 Caldonius,
3220 2250 3565 2304 Herculanus
3591 2264 3654 2303 ac
3678 2251 3862 2304 exteri.

2379 2381 2685 2438 Caldonius
2709 2397 2839 2435 cum
2871 2381 3186 2436 Herculano
3213 2385 3270 2436 et
3287 2381 3510 2436 Victore
3532 2380 3782 2452 collegis,
3801 2381 3926 2435 item

2308 2476 2507 2551 332
2533 2476 2849 2547 Rogatiano
2876 2492 3004 2529 cum
3036 2474 3339 2530 Numidico
3368 2474 3735 2547 presbyteris.
3762 2473 3929 2529 Absti-

2305 2572 2535 2626 nnimus
2563 2587 2597 2625 a
2623 2569 3141 2625 communicatione
3176 2569 3585 2624 Felicissimum
3625 2574 3682 2625 et
3715 2572 3923 2640 Augen-

2308 2666 2469 2733 dum,
2500 2665 2634 2720 item
2666 2665 2972 2736 Repostum
3006 2663 3076 2717 de
3109 2664 3450 2732 extorribus,
3484 2669 3541 2719 et
3574 2665 3787 2717 lrenem
3818 2663 3921 2716 Ru-

2308 2760 2562 2825 tilorum,
2606 2762 2661 2813 et
2714 2758 2945 2814 Paulam
2995 2757 3421 2812 sarcinatricem
3471 2757 3616 2828 (34);
3662 2755 3811 2828 quod
3859 2770 3920 2808 ex

2308 2852 2673 2907 adnotatione
2701 2851 2806 2923 (35)
2842 2867 2971 2906 mea
2997 2851 3137 2906 scire
3165 2851 3408 2907 debuisti
3440 2852 3571 2925 (36).
3603 2853 3740 2906 item
3770 2848 3927 2904 absti.

1946 2963 2155 3029 Varia:
2210 2964 2552 3028 lectiones.

642 3065 682 3099 39
701 3066 1016 3130 Diligentius
1047 3070 1243 3119 vestrm
1268 3066 1391 3116 Bod.
1426 3069 1468 3117 1.
1538 3071 1579 3100 ἰο
1606 3068 1692 3117 Sic
1717 3070 1833 3120 edd.
1863 3076 1911 3120 et
1949 3072 2056 3121 Vat.
2088 3073 2149 3121 In
2180 3076 2370 3123 monte
2398 3074 2598 3123 Manut.
2621 3072 2803 3124 Morel.
2825 3072 3019 3123 Pamel.
3051 3072 3209 3123 Oxon.
3237 3073 3375 3136 Lips.

1872 3175 2094 3258 Steph.
2143 3176 2390 3241 Baluzii
2432 3183 2632 3241 notae.

633 3281 731 3373 (2?)
775 3282 1122 3331 Accesserant.
1173 3281 1365 3331 Codex
1411 3284 1589 3333 sancti
1644 3285 1916 3347 Dionysii,
1970 3299 2277 3373 (πορεῖα-ρ
2301 3287 2586 3373 adquam
2625 3287 2823 3373 vret‘ad
2863 3300 3014 3371 quos
3048 3289 3265 3373 scripta
3300 3289 3390 3373 sit.
3426 3288 3545 3368 Ego
3587 3300 3695 3338 non
3728 3284 3914 3373 dubito

574 3351 785 3401 bantur.

637 3424 735 3485 (30)
773 3426 834 3474 In
867 3430 1050 3474 morte.
1084 3425 1163 3473 Ita
1215 3428 1429 3475 veteres
1464 3425 1604 3475 libri.
1660 3428 1959 3488 Manutius,
2004 3429 2203 3480 Morel-

575 3495 684 3544 lius
734 3499 787 3545 et
835 3495 1111 3546 Pamelius
1164 3495 1597 3563 malueruntgn
1656 3503 1845 3549 monte.
1896 3501 1975 3548 Ita
2034 3502 2201 3551 etiam

577 3567 758 3629 Angli,
787 3569 1003 3618 tametsi
1030 3572 1293 3617 moneant
1318 3568 1373 3616 in
1406 3568 1599 3619 codice
1629 3571 1899 3621 Vaticano
1935 3572 2202 3635 scriptum

576 3651 696 3688 esse
744 3638 799 3687 in
851 3645 1033 3688 morte.
1086 3640 1281 3689 Nescio
1330 3644 1515 3689 autem
1563 3654 1731 3704 quem
1783 3643 1908 3692 istic
1956 3648 2201 3693 montem

578 3708 726 3773 apud
794 3709 1183 3774 Carthaginem
1252 3711 1708 3762 comminiscetur
1774 3714 2071 3764 Pamelius.
2135 3715 2204 3764 Et

572 3785 757 3831 tamen
786 3780 1058 3845 Rigaltius
1084 3782 1324 3831 multum
1367 3783 1693 3845 approbavit
1720 3785 1839 3846 ejus
1860 3787 2199 3849 opinionem.

576 3852 716 3904 Vide
742 3865 868 3916 quae
894 3853 1040 3903 idem
1088 3854 1361 3918 Rigaltius
1400 3854 1471 3904 de
1518 3858 1705 3905 monte
1736 3857 1978 3907 Bellonaa
2011 3859 2205 3909 scribit

572 3926 630 3973 in
665 3924 951 3974 Addendis
995 3925 1063 3974 ad
1102 3925 1518 3976 observationes
1543 3940 1673 3975 suas
1704 3928 1759 3977 in
1792 3929 2202 3981 Tertullianum

576 4009 696 4059 pag.
743 3996 849 4046 127.
906 3997 1175 4046 Baronius
1233 4010 1378 4045 anno
1431 3997 1525 4047 εδι
1592 3997 1725 4060 legit
1777 4001 1833 4047 in
1888 4007 2093 4063 monte,
2147 4007 2203 4052 et

574 4067 706 4118 hinc
750 4068 945 4129 repetit
991 4068 1260 4131 originem
1308 4067 1682 4118 Montensium
1724 4071 1840 4120 sive
1891 4071 2200 4123 Donatista-

574 4152 718 4188 rum.
764 4139 902 4188 Vide
950 4143 1108 4188 notas
1161 4142 1375 4189 nostras
1416 4138 1484 4187 ad
1526 4146 1689 4202 caput
1732 4144 1781 4191 11
1832 4143 2103 4193 Lactantii
2141 4145 2204 4193 de

573 4210 829 4261 Mortibus
856 4216 1245 4274 persecuturum
1273 4215 1325 4259 et
1371 4210 1438 4259 ad
1488 4215 1610 4261 acta
1646 4216 1993 4277 purgationis
2022 4215 2201 4267 Caeci-

575 4281 728 4332 liani.

636 4353 1055 4417 (3|)Augendus.
1105 4354 1213 4404 Hic
1260 4354 1429 4403 homo
1476 4354 1906 4405 confundendus
1958 4370 2072 4407 non
2118 4362 2203 4409 est

576 4436 707 4473 cum
733 4424 1002 4490 Augendo
1045 4426 1379 4485 confessore,
1426 4427 1587 4489 cujus
1634 4428 1845 4477 mentio
1880 4432 1965 4478 est
1994 4428 2050 4478 in
2084 4430 2199 4492 epi-

575 4495 714 4546 stola
743 4498 822 4558 48,
853 4510 977 4562 pag.
1008 4497 1087 4547 62.

633 4567 733 4630 (32)
765 4568 1153 4631 Carthaginem.
1188 4569 1317 4618 Fuit
1341 4581 1518 4631 nuper
1546 4569 1628 4617 vir
1661 4568 1890 4633 quidam
1917 4570 2119 4622 doctus
2146 4578 2203 4623 et

573 4639 823 4692 eruditus
839 4640 934 4703 qui
961 4640 1148 4691 locum
1174 4641 1341 4690 istum
1372 4639 1696 4690 existimans
1724 4654 1845 4691 esse
1872 4642 2200 4694 mendosum

574 4713 792 4764 censuit
837 4711 983 4762 hanc
1026 4725 1222 4763 vocem
1268 4725 1394 4763 esse
1437 4712 1806 4763 amovendam
1850 4713 1918 4763 ab
1947 4714 2054 4765 hoc
2079 4714 2202 4766 loco

571 4789 626 4834 et
654 4783 1014 4836 scribendum
1053 4797 1175 4834 esse
1207 4784 1439 4833 Romam.
1469 4782 1539 4833 Et
1562 4796 1699 4834 sane
1734 4789 2055 4849 argumenta
2081 4789 2204 4851 ejus

571 4857 643 4905 ita
668 4856 826 4905 fortia
871 4860 1004 4905 sunt
1041 4859 1095 4905 et
1123 4855 1304 4904 valida
1345 4857 1407 4903 ut
1435 4855 1747 4906 necessaria
1776 4855 2033 4907 videatur
2079 4857 2203 4909 hac

572 4927 902 4990 emendatio,
950 4927 1209 4992 quamvis
1250 4940 1444 4977 omnes
1489 4928 1764 4979 editiones
1810 4934 1865 4980 et
1894 4930 2078 4980 omnia
2106 4944 2201 4981 ve-

574 5005 689 5051 tera
737 5000 1069 5061 exemplaria
1101 5035 1114 5060 ,
1167 5002 1228 5049 ut
1274 4999 1393 5062 ipse
1442 5003 1672 5050 annotat
1728 5004 1783 5052 et
1831 5015 2024 5052 verum
2081 5008 2200 5064 est,

572 5071 812 5122 habeant
869 5069 1428 5132 CarthaginemQuae
1482 5071 1757 5121 sententia
1798 5071 1930 5122 hinc
1978 5086 2202 5138 quoque

571 5143 887 5195 confirmari
935 5155 1097 5206 posse
1137 5140 1355 5192 videtur
1385 5141 1536 5205 quod
1586 5143 1815 5205 epistola
1869 5144 1973 5193 ista
1999 5145 2202 5209 scripta

572 5219 657 5266 est
681 5215 737 5264 in
760 5214 932 5264 initiis
955 5212 1325 5265 schismaticis
1350 5212 1702 5275 Felicissimi,
1731 5215 1826 5278 qui
1851 5214 1921 5266 de
1952 5215 2201 5267 Romano

572 5287 769 5336 itinere
811 5285 1107 5349 cogitabat,
1152 5288 1213 5334 ut
1261 5284 1318 5333 in
1366 5285 1597 5349 epistola
1642 5287 1723 5347 55,
1766 5300 1885 5350 pag.
1931 5288 2010 5348 85,
2040 5287 2202 5340 docet

572 5355 904 5422 Cyprianus.
944 5357 1013 5407 Et
1058 5356 1184 5408 ideo
1210 5368 1390 5419 operas
1438 5358 1673 5420 pretium
1704 5357 1995 5409 videbatur
2039 5359 2200 5411 illum

574 5429 878 5493 prawenire
931 5432 985 5480 et
1046 5427 1346 5479 admonere
1407 5428 1617 5481 clerum
1665 5429 1976 5481 Romanum
2022 5442 2093 5479 ne
2142 5442 2202 5479 se

573 5501 757 5566 decipi
810 5514 876 5552 ac
924 5501 1039 5552 falli
1088 5502 1294 5552 sineret
1338 5500 1534 5553 fraude
1579 5506 1632 5552 et
1679 5500 1911 5565 perﬁdia
1958 5500 2201 5551 hominis

573 5571 843 5625 scelerati.

633 5642 728 5708 (33)
774 5644 933 5695 Hanc
975 5644 1297 5708 epistolam,
1357 5646 1519 5708 cujus
1575 5644 1687 5694 duo
1740 5648 1955 5696 tantum
2010 5648 2201 5696 vetera

572 5715 908 5780 exemplaria
938 5715 1132 5775 habui,
1171 5729 1347 5766 unum
1396 5730 1464 5766 ex
1499 5715 1839 5768 bibliotheca
1867 5730 2010 5777 mea,
2047 5716 2199 5766 aliud

570 5800 638 5838 ex
690 5786 827 5838 urbe
881 5786 1412 5851 Gratianopolitana,
1465 5787 1703 5851 primum
1761 5786 1963 5852 prodiit
2003 5800 2071 5836 ex
2112 5790 2195 5851 ty-

565 5858 868 5926 pographia
920 5858 1173 5912 Manutii.
1223 5857 1406 5911 Varia:
1470 5862 1599 5909 sunt
1664 5860 1849 5909 autem
1906 5857 2199 5924 Opiniones

2303 3359 2440 3424 quin
2508 3359 2581 3410 sit
2642 3357 2896 3409 Caldonii
2970 3358 3255 3410 reddentis
3319 3360 3600 3424 Cypriano
3666 3357 3913 3408 rationem

2302 3443 2497 3481 eorum
2520 3443 2648 3495 quas
2672 3431 2743 3481 ab
2781 3444 2847 3482 eo
2880 3435 2933 3481 et
2970 3431 3094 3481 aliis
3136 3432 3359 3483 vicariis
3386 3432 3615 3496 collegis
3639 3431 3751 3481 suis
3776 3431 3912 3492 gesta

2303 3503 2521 3552 fuerant
2542 3501 2810 3552 adversus
2839 3503 3248 3555 Felicissimum
3290 3507 3344 3554 et
3364 3505 3549 3555 socios
3580 3505 3711 3567 ejus.
3738 3502 3911 3564 Itaque

2303 3574 2511 3637 optima
2535 3578 2620 3624 est
2645 3574 2813 3625 lectio
2836 3573 3105 3624 librorum
3131 3576 3225 3639 qui
3252 3574 3463 3626 habent
3498 3573 3729 3625 debuisti.
3762 3571 3910 3621 Solus

2304 3644 2453 3693 enim
2499 3642 2803 3694 Caldonius
2846 3644 3040 3695 scribit
3069 3647 3295 3695 nomine
3341 3659 3447 3696 suo
3496 3651 3551 3696 et
3598 3644 3909 3707 collegarum

2303 3728 2553 3764 suorum.
2593 3715 2844 3766 Arbitror
2886 3721 3072 3767 autem
3116 3717 3325 3768 litteras
3366 3718 3599 3782 scriptas
3623 3716 3689 3766 ad
3717 3716 3909 3765 clerum

2304 3785 2612 3836 Romanum
2667 3786 2932 3839 habuisse
2983 3788 3148 3837 aliam
3216 3789 3450 3838 formam
3517 3793 3573 3839 et
3627 3786 3909 3850 explicasse

2301 3856 2488 3916 latius,
2524 3860 2588 3906 ut
2622 3871 2721 3919 par
2744 3862 2877 3917 erat,
2922 3872 3151 3907 causam
3183 3859 3535 3921 Felicissimi,
3564 3857 3741 3909 addita
3764 3865 3907 3918 porro

2302 3928 2472 3977 fuisse
2513 3929 2742 3978 nomina
2777 3942 2969 3979 eorum
2996 3930 3091 3993 qui
3127 3943 3188 3981 se
3225 3930 3572 3982 Felicissimo
3607 3928 3907 3994 junxerant,

2302 4000 2384 4050 uti
2407 3998 2721 4065 Cyprianus
2751 4002 3177 4065 prmseripserat.
3209 4002 3367 4053 Hanc
3394 4016 3578 4054 meam
3616 4001 3907 4065 opinionem

2303 4070 2597 4121 conﬁrmat
2644 4071 2820 4122 codex
2874 4072 3214 4123 Bodleianus
3267 4073 3337 4123 ab
3394 4074 3762 4124 illustrissimo
3807 4069 3907 4132 epi-

2301 4155 2471 4207 scopo
2539 4143 2842 4194 Oxoniensi
2910 4143 3202 4204 laudatus,
3256 4145 3311 4193 in
3370 4159 3483 4209 quo
3548 4142 3768 4210 epistola
3816 4141 3907 4210 ista

2302 4214 2509 4265 dicitur
2550 4216 2755 4279 scripta
2807 4214 2877 4263 ad
2935 4213 3294 4278 Cyprianum.
3350 4209 3625 4267 Caeterum
3674 4209 3903 4266 assentiri

2302 4299 2415 4335 non
2446 4299 2671 4350 possum
2704 4286 2771 4336 iis
2812 4287 2906 4349 qui
2951 4290 3151 4350 putant
3194 4287 3345 4337 illam
3374 4300 3501 4337 esse
3535 4285 3782 4337 tabellam
3813 4294 3903 4345 pu-

2302 4357 2445 4408 blice
2458 4358 2683 4408 affixam
2714 4362 2771 4408 et
2785 4359 3121 4421 propositam
3142 4360 3195 4407 in
3222 4359 3464 4410 ecclesia
3489 4352 3900 4421 Carthaginensi.

2301 4429 2401 4479 Est
2428 4430 2578 4480 enim
2615 4434 2767 4481 certo
2811 4430 3043 4492 epistola
3088 4429 3359 4481 Caldonii.
3406 4431 3556 4481 Istud
3597 4434 3769 4479 tamen
3802 4436 3900 4475 non

2303 4502 2538 4565 impedit
2577 4503 2714 4566 quin
2756 4500 2967 4565 aliquid
3010 4502 3192 4553 simile
3242 4502 3587 4566 publicatum
3627 4503 3694 4551 sit
3733 4501 3782 4549 in
3822 4508 3899 4547 ec-

2303 4573 2489 4623 clesia.

2223 4675 2280 4747 D
2366 4643 2461 4707 (34)
2494 4643 2922 4693 Sarcinatricem.
2949 4643 3254 4695 Salmasius
3283 4645 3353 4695 ad
3378 4647 3667 4710 scriptores
3685 4638 3897 4692 Historia:

2305 4715 2567 4762 Auaustae.
2608 4728 2731 4762 past.
2764 4716 2875 4762 408.
2906 4717 3129 4762 scripsit
3154 4716 3545 4762 farciuntricem
3579 4717 3713 4762 forte
3736 4722 3896 4762 errore

2367 4720 2567 4777 (gustia,
2607 4728 2731 4778 pag.
2764 4716 2876 4777 408,
2906 4717 3129 4779 scripsit
3152 4716 3545 4779 [arciuatricem
3579 4717 3713 4766 forte
3736 4722 3896 4762 errore

2303 4784 2648 4850 typbgraphi.
2712 4787 2922 4837 Nonius
2990 4787 3284 4839 Marcellus
3354 4805 3365 4838 :
3424 4806 3453 4839 α
3519 4782 3893 4840 Sarcinatricis,

2301 4869 2436 4917 non,
2483 4861 2545 4906 ut
2590 4856 2818 4921 quidam
2869 4859 3089 4917 volunt,
3139 4861 3468 4921 sarsitricis,
3512 4859 3665 4925 quasi
3711 4870 3741 4905 a
3793 4865 3895 4902 sar-

2302 4927 2519 4989 ciendo,
2554 4928 2651 4978 sed
2682 4930 2858 4992 magis
2883 4944 2913 4979 a
2956 4931 3213 4989 sarcinis,
3263 4932 3411 4996 quod
3459 4932 3748 4996 plurimum
3786 4936 3895 4973 ves-

2302 4999 2439 5048 tium
2485 5005 2725 5062 sumant,
2768 5001 2939 5052 Varro
2970 5015 3107 5052 onos
3138 5001 3286 5066 lyras
3320 5020 3330 5051 :
3374 5004 3637 5054 Homines
3682 4997 3893 5066 rusticos

2302 5072 2358 5120 in
2421 5071 2699 5122 vindemia
2781 5071 3065 5123 incondita
3128 5065 3353 5125 cantare
3429 5070 3782 5125 sarcinatricis
3844 5065 3891 5113 in

2301 5142 2593 5193 machinis.
2622 5160 2650 5188 ››

2363 5214 2463 5277 (35)
2505 5215 2870 5265 Adnotutione.
2910 5215 2968 5265 Id
3034 5219 3119 5265 est
3152 5216 3574 5281 subscriptione.
3620 5211 3752 5263 Vide
3796 5220 3890 5281 n9-

2299 5298 2423 5334 vam
2468 5289 2709 5335 nostram
2761 5286 3150 5338 collectionem
3195 5277 3565 5349 Concitiorum,
3616 5297 3732 5349 pag.
3764 5277 3887 5331 t0“.

2362 5428 2456 5490 (36)
2513 5426 2761 5478 Debuisti.
2818 5428 2898 5478 Ita
2945 5428 3114 5480 editio
3147 5430 3379 5481 Manutii
3424 5433 3480 5480 et
3521 5427 3641 5478 libri
3677 5425 3881 5474 veteres.

2301 5498 2582 5569 Morellius
2623 5502 2679 5549 et
2726 5499 3006 5550 Pamelius
3034 5507 3340 5565 posuerunt
3367 5500 3625 5560 debuistis,
3667 5497 3885 5569 iteagite

2299 5568 2465 5644 editio
2502 5570 2823 5644 Anglicana.
2863 5571 2971 5622 Sed
3020 5562 3123 5624 ista
3154 5574 3321 5625 lectio
3346 5587 3455 5626 non
3487 5576 3565 5644 est
3594 5571 3742 5621 bona.
3769 5562 3881 5644 Epit

2298 5642 2437 5693 stola
2477 5643 2626 5715 enim
2672 5648 2756 5695 est
2800 5643 3056 5696 Caldonii
3100 5647 3409 5707 scribentis,
3440 5649 3498 5696 ut
3527 5642 3882 5715 dixggnoylme

2296 5726 2398 5763 suo
2424 5718 2478 5763 et
2511 5714 2849 5779 collegarum
2874 5731 3104 5769 suorum
3137 5719 3205 5769 ad
3242 5719 3591 5784 Cyprianum.
3623 5707 3878 5784 Rigaltius.

2299 5786 2591 5835 tamenetsi
2621 5789 2865 5850 posuerit
2893 5788 2953 5839 in
2980 5793 3248 5840 contextu
3271 5780 3530 5846 debuistis,
3562 5786 3618 5836 in
3650 5780 3878 5833 observa-

2297 5855 2544 5912 tionibus
2569 5864 2763 5912 censet
2790 5860 3093 5927 legendum
3120 5875 3243 5915 esse
3273 5861 3510 5915 debuisti.
