4160 6216
246 212 320 264 341
1644 207 1889 262 EPISTOI

1914 208 1961 260 .A
2002 206 2104 260 XL.
3023 169 3025 172 ’
3457 211 3557 266 342

242 337 436 391 nuimus
469 335 870 406 Sophrouium,
911 339 968 389 et
1010 336 1199 406 ipsum
1240 335 1310 390 de
1351 335 1668 390 extorribus
1700 335 1830 406 (37),
1858 334 2094 419 Ameis.
2151 333 2390 401 Litteris,
2446 333 2698 405 inquam,
2755 335 2954 390 fratres
3008 335 3328 392 charissimi
3379 355 3391 392 :
3449 337 3558 393 hoc

237 431 501 487 Soliassum
534 429 899 484 budiuarium
931 428 1064 500 (38).
1933 426 2088 482 enim
2141 427 2516 497 quorumdam
2565 428 3024 498 presbyterorum
3064 430 3175 499 (42)
3232 431 3558 502 malignitas

778 532 1103 589 EPISTOLA
1139 534 1242 588 χι,
1933 524 1988 574 et
2017 521 2251 591 perﬁdia
2287 521 2519 591 perfecit
2535 522 2603 590 ‘3,
2640 539 2709 576 ne
2738 523 2806 575 ad
2839 539 2932 576 vos
2973 527 3104 578 ante
3146 525 3296 579 diem
3333 527 3557 579 Pascha:

233 635 398 696 (Ei-asin
424 671 438 694 ,
463 645 500 696 Ι,
523 637 585 697 8;
619 636 835 696 Pamel.,
868 636 1074 698 Rigalt,
1103 635 1290 696 Baluz.,
1316 647 1409 698 XL;
1437 635 1613 696 Paris.,
1644 646 1830 696 xxxrv;
1932 614 2122 668 Venire
2165 613 2430 681 licuisset,
2479 615 2636 677 dum:
2677 616 3082 686 coniurationis
3126 619 3235 688 (4³)
3280 635 3395 672 sum
3443 636 3558 673 Πνε-

729 708 916 765 Oxon.,
953 707 1106 772 Lips.,
1138 711 1300 768 xuu.)
1357 719 1366 736 λ
1933 723 2140 774 mores,
2173 711 2228 762 et
2268 708 2501 779 antiqua
2543 708 2633 761 illa
2675 714 2869 763 contra
2903 711 3292 782 episcopatum
3338 729 3554 780 meum,

288 818 348 857 AD
384 818 609 872 PLEBEM,
640 819 708 857 DE
736 819 973 864 QUINQUE
1013 819 1361 858 rassnvrnms
1400 817 1758 858 scmsusnms
1929 802 2108 856 immo
2149 805 2347 856 contra
2385 801 2722 871 suffragium
2751 808 3000 857 vestrum
3037 810 3092 858 et
3124 805 3215 858 Dei
3253 806 3551 875 judicium,

689 907 966 947 FACTIONIS
1013 908 1346 948 FELlCtSSlMl.
1930 911 2144 950 venena
2186 895 2513 963 retinentes,
2561 895 2877 950 instaurant
2924 900 3169 952 veterem
3213 905 3408 952 contra
3454 916 3554 953 nos

229 997 594 1050 Ancnuavruu.
641 1025 707 1035 —--
752 996 1211 1061 Quemadmodum
1252 997 1476 1066 epistola
1519 1000 1647 1049 ante
1691 996 1827 1048 hanc
1931 990 2038 1059 (44)
2076 989 2566 1060 impugnationem
2605 1006 2784 1056 suam,
2824 994 2881 1044 et
2921 992 3217 1062 sacrilegas
3260 993 3554 1047 machina-

282 1085 504 1139 secunda
552 1085 714 1147 clero,
759 1087 834 1140 sic
883 1101 1028 1139 nunc
1066 1085 1212 1157 plebi
1258 1087 1478 1139 nuntiat
1523 1084 1828 1154 Cyprianus
1928 1084 2109 1138 tiones
2149 1083 2365 1136 insidiis
2405 1082 2578 1138 solitis
2620 1083 2807 1138 denuo
2843 1089 3118 1139 renovant
3154 1086 3282 1156 (45).
3318 1087 3384 1140 Et
3423 1087 3553 1158 qui-

281 1174 554 1228 vitandum
589 1176 984 1238 Felicissimum,
1013 1191 1133 1229 cum
1164 1190 1278 1229 sua
1305 1176 1561 1241 factionis
1589 1177 1828 1243 quinque
1929 1177 2060 1231 dem
2092 1177 2160 1231 de
2197 1176 2297 1230 Dei
2340 1176 2717 1246 providentia,
2754 1178 2912 1232 nobis
2946 1179 3053 1233 hoc
3095 1196 3198 1233 nec
3240 1180 3554 1234 volentibus

276 1264 610 1334 presbyteris,
654 1267 751 1334 qui
789 1269 899 1318 tum
939 1265 1103 1334 lapsis
1142 1265 1258 1319 sine
1297 1265 1603 1318 discrimine
1641 1278 1827 1333 pacem
1929 1287 2034 1324 nec
2060 1270 2406 1342 optantibus,
2432 1270 2608 1324 immo
2636 1275 2693 1324 et
2718 1272 3138 1341 ignoscentibus
3159 1275 3265 1342 (46)
3291 1280 3346 1327 et
3375 1279 3559 1329 tacen-

281 1352 492 1415 dabant,
545 1359 664 1408 tum
712 1355 1027 1410 seditionem
1072 1359 1122 1408 et
1168 1354 1398 1408 schisma
1445 1353 1731 1408 adversum
1774 1368 1827 1408 se
1928 1365 2092 1429 tibus,
2129 1381 2315 1435 poenas
2353 1379 2492 1435 quas
2535 1371 2864 1420 meruerant
2906 1354 3461 1438 [rependet-autin),
3493 1372 3556 1422 ιη

281 1444 618 1497 concitarent.
1827 1454 1836 1458 ”

1927 1476 1960 1514 a
1985 1458 2147 1513 nobis
2179 1474 2292 1512 non
2334 1457 2498 1528 ejecti
2529 1458 2676 1512 ultro
2711 1459 2819 1528 (48)
2853 1477 2912 1514 se
2945 1460 3237 1530 ejicerent,
3275 1462 3374 1531 ipsi
3409 1462 3461 1516 iu
3493 1480 3552 1516 se

285 1556 318 1609 l.
338 1555 646 1626 Cyprianus
675 1556 822 1626 plebi
849 1556 1128 1611 universae
1155 1555 1822 1627 salutem.Quamquam,
1926 1569 2030 1624 pro
2077 1553 2419 1609 conscientia
2463 1568 2565 1605 sua
2603 1555 2940 1609 sententiam
2983 1554 3199 1623 darent,
3244 1556 3555 1609 secundum

232 1650 402 1702 fratres
429 1649 770 1716 charissimi,
810 1649 1072 1703 VirtiuaM
1103 1648 1233 1720 (39),
1262 1649 1626 1704 ﬁdelissimus
1656 1657 1825 1720 atque
1927 1651 2109 1701 vestra
2150 1654 2205 1702 et
2242 1649 2430 1704 divina
2470 1649 2734 1719 suffragia
2777 1648 3052 1718 conjurati
3093 1658 3148 1704 et
3185 1649 3440 1704 scelerati
3485 1650 3553 1703 de

228 1742 606 1813 integerrimus
637 1744 949 1815 presbyter,
979 1744 1113 1798 item
1146 1745 1500 1814 Rogatianus
1542 1749 1598 1798 et
1629 1745 1819 1798 Numi-
1851 1729 1902 1798 Β
1929 1742 2174 1797 Ecclesia
2203 1749 2404 1813 sponte
2432 1759 2489 1798 se
2516 1743 2811 1815 pellerent.

230 1836 378 1905 dicas,
656 1837 977 1909 presbyteri
1021 1838 1375 1892 confessores
1412 1841 1471 1891 et
1517 1838 1696 1909 gloria
1741 1839 1823 1893 di-
2001 1838 2064 1891 II.
2122 1838 2278 1890 Nunc
2340 1838 2664 1908 apparuit“
2721 1836 3044 1890 Felicissimi
3109 1837 3275 1890 factio
3297 1838 3340 1870 ὀδ
3399 1837 3552 1892 unde

229 1930 345 1982 vina!
393 1931 744 2000 dignationis
797 1931 1068 1998 illustres,
1123 1932 1218 1986 sed
1275 1935 1332 1986 et
1382 1932 1632 1998 diaconi,
1692 1933 1824 1987 boni
1927 1931 2186 1999 venisset,
2216 1932 2421 2002 quibus
2454 1931 2739 1985 radicibus
2777 1937 2831 1984 et
2869 1930 3075 2001 quibus
3110 1930 3321 1984 viribus
3353 1935 3548 1983 staret.

229 2023 306 2077 viri
335 2028 387 2078 et
414 2025 812 2079 ecclesiasticae
840 2025 1318 2080 administrationi
1348 2027 1454 2095 (40)
1489 2043 1592 2097 per
1633 2026 1826 2080 omnia
1927 2025 1992 2078 Ili
2016 2025 2272 2079 fomenta
2298 2026 2432 2078 olim
2461 2025 2799 2095 quibusdam
2833 2024 3243 2078 confessoribus
3273 2030 3328 2078 et
3360 2025 3553 2078 horta-

228 2115 464 2188 obsequia
508 2119 722 2186 devoti,
764 2136 893 2174 cum
939 2119 1160 2173 cmteris
1208 2120 1549 2174 ministris“
1597 2120 1823 2191 plenam
1927 2125 2120 2174 menta
2166 2119 2496 2173 tribuebant
2536 2136 2607 2172 ne
2657 2117 3069 2173 concordarent
3113 2134 3240 2172 cum
3288 2119 3552 2190 episcolio

228 2212 353 2265 vobis
404 2214 724 2283 praesentia:
775 2230 889 2268 suae
942 2214 1296 2286 diligentiam
1346 2215 1639 2286 praebeant
1696 2217 1820 2286 (41),
1925 2231 2046 2275 suo,
2100 2230 2171 2267 ne
2224 2213 2662 2267 ecclesiasticam
2713 2212 3068 2283 disciplinam
3119 2229 3248 2266 cum
3305 2212 3436 2275 tide,
3493 2217 3549 2267 et

228 2313 270 2360 et
308 2307 798 2362 exhortationibus
843 2308 1082 2362 assiduis
1129 2309 1385 2379 singulos
1434 2309 1820 2377 corroborare,
1924 2308 2114 2379 quiete
2154 2308 2316 2377 juxta
2363 2313 2642 2376 praecepta
2694 2306 3000 2371 Dominica,
3047 2307 3426 2375 continerent,
3479 2324 3550 2360 ne

228 2400 299 2453 sed
338 2405 388 2454 et
423 2401 717 2472 lapsorum
753 2406 972 2457 mentes
1003 2402 1249 2456 consiliis
1277 2403 1591 2456 salubribus
1624 2421 1824 2474 regere
1924 2400 2289 2456 confessionis
2319 2417 2434 2454 sua:
2467 2398 2669 2472 334
2712 2401 2949 2470 gloriam
2997 2401 3320 2471 incorrupti
3353 2404 3409 2454 et
3445 2402 3550 2454 im-

228 2495 580 2549 etreformare
602 2512 723 2550 non
746 2495 1030 2563 desinant,
1054 2501 1244 2551 tamen
1275 2514 1381 2567 ego
1403 2500 1680 2568 quantum
1705 2513 1822 2568 pos-
1926 2496 2202 2550 maculata
2248 2494 2678 2548 conservatione
2725 2500 3037 2548 servarent.
3083 2497 3179 2561 Ac,
3230 2513 3299 2550 ne
3346 2512 3550 2566 parum

228 2603 326 2642 sum
348 2589 622 2645 admoneo
655 2596 713 2645 et
739 2590 1029 2661 quomodo
1054 2607 1280 2662 possum
1311 2591 1474 2646 visito
1500 2608 1593 2646 vos
1622 2591 1822 2646 litteris
1921 2590 2118 2644 fuisset
2143 2589 2460 2660 corrupisse
2487 2589 2865 2660 quorumdam
2902 2589 3291 2647 confessorum
3328 2596 3549 2644 mentes

1568 2733 1778 2796 Varia).
1833 2733 2169 2796 lectiones.

272 2859 518 2909 “Vin-itus
562 2861 674 2910 ΜΒ.
731 2862 849 2910 Thu.
917 2863 1296 2914 “Ministeriis
1333 2865 1466 2912 Lam.
1517 2863 1664 2913 Ebor.
1706 2864 1816 2913 ΝΟ.
1867 2865 1912 2914 1.
1963 2865 2081 2912 Thu.
2129 2861 2272 2912 Mich.
2346 2860 2391 2896 ⁴³
2411 2861 2633 2912 Perficit
2669 2862 2860 2925 Rigalt.
2917 2863 3038 2912 Vict.
3086 2864 3293 2915 Perfert
3338 2863 3461 2914 Bod.
3489 2865 3538 2914 3.

227 2929 414 2981 “Nunc
441 2931 732 2996 apparebit
761 2933 868 2982 Lin.
937 2937 978 2968 45
1000 2935 1282 2985 Provectis
1316 2936 1419 2984 νίς.
1455 2937 1570 2984 Fat.
1600 2935 1874 2984 Profectio
1903 2935 2023 2984 Tim.

1492 3074 1716 3156 Steph.
1766 3073 2012 3136 Baluzii
2055 3077 2249 3136 notae.

273 3201 1234 3300 tiilnfz‘ft'orrib‘uf;Xete‘reslibrilft
1246 3209 1670 3300 editionM‘a-nut‘ii
1845 3227 1898 3300 Ο
1924 3214 2137 3300 veteres
2160 3210 2367 3260 habent
2393 3227 2423 3260 α
2449 3210 2839 3261 ecclesiasticae
2862 3209 3170 3274 disciplima
3198 3211 3553 3263 administra-

230 3277 268 3343 et
291 3276 434 3334 paulo
467 3283 594 3338 post
627 3277 837 3328 habent
869 3280 1280 3331 extorrentibus.
1322 3281 1460 3343 Quae
1491 3281 1653 3332 lectio
1690 3295 1822 3331 con-
1847 3276 1898 3300 “‘
1924 3282 2076 3331 tioni.
2106 3303 2132 3328 »

231 3341 397 3416 ﬁrmari
438 3353 623 3409 potest
667 3363 734 3407 ex
780 3349 846 3399 iis
881 3364 1007 3413 quia
1046 3341 1509 3401 observata'sunt
1547 3366 1712 3414 supra
1755 3351 1823 3401 ad
1988 3355 2082 3416 (41)
2113 3353 2395 3404 Praebeant.
2428 3353 2614 3403 Codex
2642 3353 2918 3402 Fuxeusis
2948 3356 3210 3415 praestent.

228 3415 527 3476 θρίδιοῖδεη
551 3425 609 3470 et
634 3423 708 3471 18.
1987 3415 2078 3486 (42)
2147 3426 2504 3486 Quorumdam
2559 3423 3002 3486 presbyterorum.
3065 3425 3432 3474 Nominantur
3493 3425 3547 3473 in

275 3487 350 3564 iiiis;
397 3490 772 3564 Budinarium.
821 3493 995 3544 Vetus
1042 3494 1181 3544 liber
1227 3506 1382 3544 meus
1428 3494 1595 3544 habet
1636 3494 1822 3543 budia—
1920 3497 2149 3560 epistola
2169 3499 2251 3553 53,
2284 3511 2404 3561 pag.
2433 3499 2513 3556 8t,
2543 3509 2707 3559 quam
2740 3497 2988 3546 consule.

229 3562 423 3632 narium.
455 3565 534 3632 At
571 3562 880 3615 Salmasius
923 3567 978 3614 iu
1024 3566 1148 3616 loco
1189 3579 1316 3615 mox
1358 3565 1582 3614 laudato
1631 3571 1822 3616 censet
1985 3569 2080 3630 (43)
2124 3568 2542 3632 Conjurationis.
2589 3567 2784 3630 Agitur
2833 3567 2926 3617 hic
2973 3566 3041 3618 de
3083 3571 3261 3618 causa
3317 3568 3547 3618 Felicis-

228 3631 641 3704 rePOPihdebere
699 3634 1030 3684 butinarmm
1085 3651 1112 3685 a
1172 3650 1307 3686 voce
1363 3636 1555 3687 Graeca
1617 3637 1820 3700 βουτίνῳ
1921 3641 2066 3700 simi,
2113 3645 2175 3690 ut
2216 3631 2366 3704 patet
2404 3640 2570 3689 etiam
2609 3653 2677 3688 ex
2721 3639 2807 3687 his
2855 3653 2980 3703 quae
3025 3645 3337 3703 sequuntur
3385 3644 3435 3690 et
3480 3653 3551 3690 ex

229 3701 365 3776 apud
389 3702 754 3776 I-lesychium,
801 3711 854 3756 et
901 3707 1027 3756 inde
1083 3708 1288 3758 dictum
1342 3708 1616 3767 butinum,
1669 3709 1817 3772 quod
1921 3712 2152 3774 epistola
2181 3701 2300 3776 pag.
2332 3714 2394 3762 57
2434 3727 2444 3759 :
2484 3730 2510 3757 «
2542 3711 2826 3772 Quantum
2861 3701 2989 3759 vero
3015 3701 3188 3760 hic‘et
3223 3710 3290 3758 ad
3318 3710 3549 3774 presby-

230 3772 536 3847 acetabulum
581 3776 878 3839 signiﬁcat.
925 3778 979 3828 Si
1021 3792 1085 3828 ea
1125 3782 1440 3843 conjectura
1476 3783 1622 3828 esset
1649 3784 1817 3838 certa,
1919 3772 2577 3847 tererem—quorumdam
2629 3785 2680 3832 et
2729 3781 3054 3832 Felicissimi
3103 3772 3331 3831 causam
3380 3772 3549 3846 perti-

229 3839 358 3921 facile
391 3846 755 3921 amplecterer
792 3849 1116 3921 opinionem
1149 3839 1596 3921 Salmasii,_cum
1634 3849 1818 3911 Quin-
1918 3858 2030 3915 net,
2060 3873 2086 3900 »
2118 3860 2222 3905 etc.

231 3913 430 3990 tilianus,
483 3918 577 3969 lib.
639 3933 672 3978 ι,
723 3934 841 3983 cap.
892 3921 940 3981 4,
991 3920 1200 3971 scribat
1255 3919 1550 3986 quamdam
1608 3935 1818 3985 cogna—
1919 3921 1937 3934 ⁸
1985 3913 2078 3985 (tt)
2151 3927 2376 3975 Veterem
2442 3931 2632 3974 contra
2695 3938 2808 3975 nos.
2877 3925 3018 3976 Cum
3086 3925 3267 3974 Pontii
3327 3924 3548 3976 diaconi

230 3986 393 4058 tionem
450 4004 569 4040 esse
633 3991 776 4040 inter
833 3992 1043 4042 litteras
1101 3997 1118 4041 t
1177 3997 1229 4042 et
1290 3993 1341 4053 (ι,
1404 4007 1468 4042 ac
1531 3997 1818 4056 propterea
1919 3996 2230 4044 testimonio
2271 3999 2483 4044 constet
2521 3995 2792 4056 quosdam
2833 4007 2893 4045 se
2924 3995 3249 4058 Opposuisse
3291 3995 3549 4046 electioni

230 4055 354 4106 facile
384 4063 763 4113 existimarem
797 4062 1138 4127 Cyprianum
1183 4064 1274 4113 hic
1313 4064 1466 4127 loqui
1501 4055 1568 4114 de
1607 4055 1817 4116 artiﬁce
1920 4065 2200 4129 Cypriani,
2251 4065 2384 4115 hinc
2427 4055 2610 4129 colligi
2662 4079 2823 4129 posse
2873 4055 3090 4115 videtur
3141 4065 3548 4116 Felicissimum

230 4131 599 4201 acetabulorum
678 4136 794 4184 sive
873 4135 1194 4198 lagenarum
1213 4173 1225 4196 ,
1260 4169 1262 4172 -
1294 4139 1357 4184 ut
1429 4136 1818 4198 interpretatur
1919 4137 2088 4186 fuisse
2109 4150 2177 4187 ex
2203 4137 2422 4187 illorum
2450 4151 2704 4196 numero,
2734 4141 2786 4187 et
2813 4138 3042 4187 fortasse
3070 4137 3375 4201 principem
3400 4138 3550 4188 illius

231 4196 447 4264 Cangius,
495 4206 549 4254 id
597 4208 682 4256 est
724 4196 1020 4269 parvorum
1070 4221 1325 4256 vasorum
1370 4208 1424 4256 in
1475 4196 1680 4271 quibus
1723 4221 1816 4259 re—
1917 4209 2189 4258 factionis.

229 4281 466 4331 ponuntur
501 4277 646 4337 olea,
677 4278 821 4338 vina,
859 4281 912 4326 et
941 4277 1044 4326 alia
1085 4278 1314 4342 liquida,
1353 4280 1651 4342 p'msertim
1687 4293 1814 4329 cum
1979 4280 2077 4340 (45)
2123 4282 2404 4329 chovant.
2445 4280 2852 4331 Revocavimus
2900 4281 3189 4344 antiquam
3232 4279 3548 4343 lectionem,

231 4353 335 4415 voce
371 4345 548 4397 butina
593 4352 779 4398 utatur
824 4349 1070 4398 Joannes
1118 4351 1497 4400 Damascenus
1533 4364 1564 4399 a
1605 4349 1814 4414 Cangio
1915 4365 2041 4413 quae
2086 4352 2279 4400 nititur
2318 4353 2642 4401 auctoritate
2681 4351 2924 4415 plurium
2966 4356 3216 4402 veterum
3259 4352 3544 4402 librorum.

231 4414 404 4463 citatus.
465 4419 695 4480 Plinius,
759 4420 852 4468 lib.
916 4433 1039 4481 xxx,
1103 4435 1221 4484 cap.
1280 4421 1360 4482 3t,
1418 4421 1626 4480 scribit,
1686 4435 1812 4471 cum
1915 4421 2186 4484 Rigaltius
2227 4423 2410 4484 posuit
2440 4414 2713 4482 revocant,
2749 4424 2880 4486 quia
2917 4424 2990 4472 ita
3030 4424 3300 4486 scriptum
3335 4425 3550 4473 invenit

232 4487 458 4538 acetabuli
490 4505 751 4542 mensura
783 4491 1002 4552 dicitur,
1043 4492 1344 4556 signiﬁcari
1383 4492 1623 4543 heminae
1654 4506 1816 4556 quar-
1919 4491 1969 4538 in
2004 4491 2260 4541 Fuxensi.
2299 4493 2375 4542 Ea
2408 4506 2535 4542 vero
2579 4494 2744 4543 lectio
2789 4499 2965 4543 exstat
3005 4495 3167 4542 etiam
3211 4495 3264 4543 in
3311 4496 3549 4544 Michae-

233 4560 315 4629 tam
356 4566 567 4623 partem,
598 4563 654 4612 id
703 4566 783 4612 est
823 4562 1120 4612 drachmas
1163 4563 1500 4627 quindecim.
1551 4564 1812 4613 Illustris-
1839 4596 1890 4629 η
1915 4563 2028 4611 lino
2064 4567 2115 4612 et
2153 4563 2208 4611 in
2246 4563 2599 4613 Lamoniano.
2630 4566 2821 4614 Castori
2849 4571 2902 4614 et
2927 4565 3198 4614 editiones
3237 4565 3545 4629 Rigaltiana

236 4596 315 4606 --...
356 4596 567 4623 pum“,
599 4596 654 4612 ,μ
703 4596 783 4612 νο.
823 4596 1120 4612 nmen...“
1163 4596 1500 4627 qu.....w.u..
1551 4596 1812 4613 ...μοιηο-
1917 4596 2028 4611 ...ιν
2064 4596 2115 4612 υι
2153 4596 2208 4611 ι..
2246 4596 2599 4613 μαμιυμιυιιυ.
2630 4596 2821 4614 unum.
2849 4596 2902 4614 οι
2927 4596 3198 4614 υυιιιυμυο
3239 4596 3543 4629 mgmuuuu

232 4627 368 4678 simus
422 4635 713 4696 episcopus
772 4634 1108 4687 Oxoniensis
1168 4635 1454 4684 contendit
1515 4596 2253 4698 legendumDantiquiores
2293 4635 2498 4684 habent
2546 4636 2626 4683 uti
2677 4649 2776 4684 nos
2823 4635 3187 4698 reposuimus.
3241 4635 3312 4683 Et
3355 4639 3543 4684 tamen

233 4709 324 4748 esse
358 4703 469 4753 istic
504 4705 653 4768 apud
695 4705 1036 4768 Cyprianum
1075 4703 1484 4764 burdonarium,
1527 4719 1635 4769 qua
1677 4719 1812 4754 voce
1913 4706 2076 4768 Angli
2122 4706 2437 4756 maluerunt
2477 4707 2635 4769 sequi
2681 4706 2977 4755 editionem
3023 4705 3278 4768 Rigaltii,
3324 4705 3544 4755 nullum

232 4769 482 4830 signiﬁcari
526 4777 832 4827 mulionem
875 4778 966 4826 ait.
1000 4776 1109 4827 Sed
1152 4777 1275 4827 haec
1314 4780 1632 4841 conjectura
1674 4777 1811 4826 mihi
1912 4776 2130 4825 interim
2165 4778 2321 4826 istius
2354 4791 2469 4826 suae
2512 4776 2792 4840 opinionis
2834 4777 3206 4825 testimonium
3244 4777 3543 4827 referentes

233 4852 315 4890 non
342 4848 604 4910 probatur,
640 4863 766 4898 cum
805 4849 945 4898 nihil
977 4851 1030 4898 in
1059 4850 1228 4899 verbo
1260 4849 1603 4899 budinarium
1635 4851 1810 4898 exstet
1912 4859 1980 4894 ex
2015 4846 2171 4895 libris
2205 4848 2502 4908 veteribus,
2541 4849 2710 4898 immo
2742 4848 2897 4911 plura
2934 4846 3271 4896 adducentes
3301 4847 3356 4896 in
3389 4848 3542 4897 favo-

233 4925 282 4961 ex
314 4931 406 4980 quo
440 4935 500 4970 ea
543 4923 690 4971 sumi
731 4923 931 4985 possit,
973 4923 1279 4984 praesertim
1317 4935 1447 4972 cum
1490 4920 1808 4970 burdonarii
1912 4931 2026 4966 rem
2058 4920 2411 4981 antiquarum
2453 4917 2756 4968 editionum
2793 4918 3122 4969 Reinhartus
3157 4931 3380 4982 quoque
3419 4920 3544 4968 reti-

232 4990 440 5057 ljtlspiam
479 4994 822 5055 reperiantur
862 4994 1008 5056 apud
1045 4998 1300 5043 auctores
1339 4993 1544 5057 linguai
1581 4993 1805 5042 Latinae.
1909 4989 2031 5037 nuit
2053 4988 2348 5038 editionem
2375 4989 2612 5052 Rigallii.

233 5051 275 5103 Si
297 5072 446 5121 genus
481 5051 618 5114 illud
661 5051 962 5115 farciminis
1005 5065 1155 5129 quod
1199 5079 1301 5114 nos
1344 5051 1607 5115 vocamus
1649 5063 1807 5114 bodi-
1974 5061 2066 5122 (46)
2094 5051 2486 5129 Ignoscentibus.
2513 5062 2575 5110 In
2598 5076 2710 5112 uno
2731 5061 2922 5113 codice
2945 5062 3251 5126 Anglicano
3275 5062 3542 5126 scriptum

235 5137 308 5175 nos
330 5131 501 5184 fuisset
528 5136 660 5184 olim
694 5136 748 5184 in
780 5136 964 5185 Africa
991 5140 1043 5186 et
1073 5135 1409 5186 vocabulum
1437 5134 1710 5186 accedens
1737 5135 1805 5185 ad
1909 5133 1989 5179 est
2034 5128 2398 5190 ignorantibus
2460 5130 2583 5192 Quo
2627 5133 2792 5182 etiam
2838 5132 3001 5181 modo
3041 5135 3095 5180 in
3137 5132 3386 5197 margine
3415 5133 3546 5184 libri

234 5203 434 5272 nostrum
466 5207 692 5272 vulgare
725 5206 1068 5270 deprehendi
1108 5212 1295 5270 posset
1324 5209 1378 5256 in
1406 5207 1592 5270 aliquo
1636 5210 1804 5257 veteri
1907 5204 1992 5252 sui
2019 5205 2270 5267 impressi
2299 5205 2521 5268 scripsit
2547 5206 2805 5256 Nicolaus
2832 5207 3024 5258 Faber.

237 5271 464 5344 scriptore,
498 5271 748 5328 abSoluta
776 5291 863 5328 res
891 5282 1054 5329 esset.
1085 5278 1291 5329 Verum
1322 5278 1462 5328 nihil
1496 5278 1805 5328 istiusmodi
1970 5276 2066 5336 (47)
2099 5276 2480 5339 Pependerunt.
2517 5277 2634 5326 Non
2665 5281 3021 5329 admonerem
3060 5292 3254 5329 omnes
3286 5281 3542 5344 antiquas

237 5343 418 5415 reperio.
1906 5345 2171 5397 editiones
2211 5349 2266 5397 et
2305 5349 2488 5397 omnia
2528 5348 2640 5396 fere
2684 5352 2864 5399 vetera
2904 5350 3240 5412 exemplaria
3281 5343 3541 5415 praeferre

281 5411 353 5470 {39)
384 5417 583 5469 l’irtius.
615 5421 692 5469 Ita
721 5420 934 5484 scripsi,
963 5424 1194 5472 secutus
1224 5422 1524 5472 editionem
1551 5422 1802 5483 Manutii,
1905 5416 2050 5466 hanc
2084 5419 2398 5480 lectionem,
2431 5420 2536 5468 nisi
2564 5419 2834 5482 Rigaltius
2865 5411 3128 5470 edidisset
3165 5411 3536 5484 rependerem.

239 5482 276 5555 εἰ
292 5486 394 5544 quia
414 5489 477 5536 ita
502 5492 762 5554 scriptum
793 5482 900 5540 vidi
929 5493 982 5540 in
1012 5491 1199 5540 multis
1224 5492 1515 5543 codicibus
1539 5482 1798 5555 antiquis.
1906 5488 2046 5550 Qum
2075 5502 2207 5539 sane
2239 5489 2401 5541 lectio
2432 5492 2625 5540 nititur
2651 5493 2978 5542 auctoritate
3009 5482 3232 5542 codicis
3251 5494 3537 5542 Veronen-

241 5548 452 5628 Quaulam
497 5548 764 5612 editiones
811 5567 863 5612 et
901 5563 1127 5626 quidam
1173 5563 1298 5614 libri
1339 5569 1552 5614 veteres
1596 5548 1804 5615 habent
1903 5548 1977 5610 sis
2008 5565 2060 5612 et
2089 5561 2238 5611 illius
2277 5577 2443 5627 quem
2484 5562 2656 5612 habui
2685 5578 2751 5613 ex
2791 5564 3122 5614 monasterio
3164 5565 3338 5615 sancti
3371 5566 3539 5627 Eligii

244 5619 440 5677 Briccius.
465 5629 566 5682 Ista
601 5637 730 5682 sunt
763 5619 983 5682 levioris
1017 5635 1303 5686 momenti.
1332 5634 1402 5684 Et
1428 5639 1612 5685 tamen
1647 5638 1804 5686 erant
1906 5619 2299 5685 Atrebatensis

244 5700 514 5772 “Flf’ianda-
1973 5707 2066 5771 (48)
2105 5705 2266 5758 Ultro.
2308 5708 2498 5762 Codex
2533 5712 2707 5760 sancti
2741 5708 3012 5772 Arnulphi
3038 5707 3208 5761 habet
3233 5708 3352 5770 ipsi.

292 5765 365 5827 (l0)
419 5773 775 5826 Ecclesiasticze
835 5775 1309 5828 administrationi.
1375 5775 1616 5840 Quidam
1682 5776 1808 5826 libri
