4160 6216
524 267 625 323 243

1429 264 1485 320 S.
1526 265 1840 321 CYPRIANI
1881 263 2152 319 OPERUM
2197 262 2368 318 PARS
2407 263 2443 316 l.
2487 292 2554 301 -—
2594 261 2955 318 EPISTOL/E.

3782 266 3881 319 344

506 401 563 452 et
607 404 804 452 contra
849 394 1227 450 sacerdotium
1272 393 1381 461 (~19)
1429 393 1520 447 Dei
1572 391 1896 463 portionem
1962 394 2141 460 ruptae
2164 390 2419 479 Asemel
2464 389 2737 460 placuerit
2782 393 2895 442 tam
2943 388 3105 444 nobis
3147 405 3322 460 quam
3361 388 3784 445 confessoribus
3829 397 3885 447 et

508 491 875 546 fraternitatis
926 504 1152 542 armare
1204 487 1460 555 voluisse,
1511 504 1661 540 nunc
1717 502 1774 538 se
1826 485 1898 540 ad
1953 484 2134 555 lapso-

510 603 637 640 rum
692 583 1002 656 perniciem
1060 586 1334 637 venenata
1397 598 1498 635 sua
1564 581 1898 651 deceptione
1956 585 2136 633 verte-

510 682 661 744 runt,
703 682 764 731 ut
802 694 1005 747 aegros,
1040 686 1097 730 et
1124 676 1349 731 saucios
1391 682 1446 729 et
1489 675 1559 728 ad
1604 674 1875 744 capienda
1906 673 2141 727 fortiora

510 772 742 827 consilia
772 788 872 843 per
901 772 1284 825 calamitatem
1317 771 1492 824 ruina-
1525 784 1638 822 sure
1680 769 1866 822 minus
1903 769 2141 821 idoneos

510 873 565 922 et
593 867 778 921 minus
806 866 1035 930 solidos,
1067 883 1099 918 a
1126 866 1346 919 medela
1380 863 1628 917 vulneris
1670 866 1755 916 sui
1797 868 2051 928 avocent,
2085 870 2140 915 et

512 960 846 1016 intermissis
891 959 1151 1030 precibus
1194 965 1249 1013 et
1294 957 1665 1022 orationibus,
1706 956 1910 1027 quibus
1951 956 2137 1009 Domi-

515 1072 619 1109 nus
656 1056 832 1124 longa
871 1059 923 1109 et
964 1053 1234 1108 continua
1275 1053 1652 1105 satisfactione
1693 1049 2000 1121 placandus
2036 1055 2138 1117 est,

512 1149 584 1201 ad
618 1147 913 1203 exitiosam
941 1147 1320 1202 temeritatem
1365 1145 1653 1201 mendacio
1686 1143 1946 1213 captiosae
1989 1142 2141 1214 pacis

516 1243 776 1297 invitent.

585 1429 673 1483 lll.
718 1426 822 1481 Sed
870 1441 968 1479 oro
1012 1440 1127 1491 vos,
1160 1423 1381 1489 fratres,
1414 1421 1639 1491 vigilate
1678 1424 1873 1475 contra
1910 1419 2143 1474 insidias

515 1520 746 1590 diaboli,
780 1525 834 1573 et
873 1536 975 1590 pro
1014 1522 1200 1572 vestra
1231 1517 1405 1570 salute
1439 1516 1684 1580 solliciti,
1713 1520 1908 1569 contra
1943 1514 2140 1569 morti-

511 1617 692 1671 feram
748 1613 1027 1669 fallaciam
1081 1610 1411 1681 diligentius
1468 1609 1760 1663 excubate.
1820 1608 2143 1663 Persecutio

518 1714 603 1764 est
646 1710 766 1763 haec
805 1708 933 1773 alia,
967 1712 1023 1760 et
1059 1707 1168 1761 alia
1209 1706 1464 1759 tentatio.
1497 1704 1754 1774 Quinque
1788 1703 1874 1757 isti
1913 1703 2141 1773 presby-

2241 482 2459 537 clericis
2487 482 2695 536 urbicis
2724 483 2854 550 (52),
2886 483 3019 536 item
3059 483 3335 536 universis
3374 483 3662 554 episcopis
3686 483 3879 558 335

2240 576 2325 631 vel
2364 577 2422 630 in
2464 580 2657 631 nostra
2697 576 2987 648 provincia
3022 578 3105 631 vel
3147 583 3302 631 trans
3340 593 3498 631 mare
3527 578 3641 647 (53)
3674 580 3881 633 consti-

2240 671 2376 726 tutis
2424 677 2483 725 ut
2534 670 2673 724 nihil
2725 671 3034 726 innovetur
3082 670 3232 725 circa
3287 672 3577 740 lapsorum
3629 687 3880 739 causam,

2242 764 2349 818 nisi
2409 781 2610 818 omnes
2664 766 2722 817 in
2784 781 2965 819 unum
3020 765 3473 831 convenerimus,
3529 771 3608 831 et,
3666 767 3883 820 collatis

2242 858 2517 925 consiliis,
2574 874 2703 911 cum
2759 858 3053 928 disciplina
3112 859 3321 928 pariter
3375 861 3429 910 et
3493 858 3883 913 misericordia

2241 958 2618 1022 temperatam
2649 954 2994 1007 sententiam
3026 953 3334 1019 ﬁxerimus,
3367 954 3570 1006 contra
3604 952 3714 1006 hoc
3755 970 3881 1007 con-

2243 1047 2436 1101 silium
2496 1052 2752 1100 nostrum
2806 1046 3140 1112 rebelletur,
3186 1050 3243 1100 et
3291 1045 3476 1100 omnis
3523 1045 3886 1101 sacerdotalis

2241 1141 2545 1195 auctoritas
2610 1144 2667 1193 et
2728 1147 2979 1210 potestas
3042 1140 3294 1194 factiosis
3358 1140 3881 1209 conspirationibus

2242 1235 2587 1290 destruatur.

2317 1331 2398 1383 ιν.
2441 1330 2586 1392 Quas
2630 1344 2781 1382 nunc
2822 1344 3013 1397 pinnas
3052 1329 3255 1400 patior,
3298 1329 3497 1383 fratres
3538 1327 3879 1395 charissimi,

2243 1423 2397 1494 quod
2430 1423 2547 1493 ipse
2585 1422 2658 1477 ad
2689 1440 2784 1476 vos
2814 1423 2872 1475 in
2906 1424 3340 1493 praesentiarum
3368 1424 3563 1478 venire
3600 1439 3719 1477 non
3754 1440 3876 1493 pos-

2244 1534 2391 1585 sum,
2440 1518 2553 1587 ipse
2610 1517 2862 1587 singulos
2912 1515 3176 1587 aggredi,
3224 1518 3343 1588 ipse
3394 1534 3513 1584 vos,
3564 1517 3879 1571 secundum

2242 1611 2464 1666 Domini
2512 1614 2568 1665 et
2619 1611 2906 1681 Evangelii
2958 1610 3081 1680 ejus
3132 1612 3531 1681 magisterium
3553 1612 3625 1679 ‘7,
3674 1611 3877 1665 cohor-

2244 1706 2385 1758 tari!
2434 1706 2550 1758 Non
2599 1704 2961 1757 sulfecerat‘8
3007 1705 3265 1759 exsilium
3311 1706 3432 1775 jam
3478 1705 3701 1759 biennii
3752 1708 3806 1757 et
3848 1721 3880 1758 a

516 1805 621 1859 teri
672 1803 808 1856 nihil
855 1801 1003 1854 aliud
1054 1804 1181 1853 sunt
1228 1815 1398 1869 quam
1448 1798 1697 1868 quinque
1744 1797 2018 1867 primores
2064 1786 2218 1856 illiB
2244 1798 2487 1853 vultibus
2515 1801 2689 1868 atque
2721 1798 2789 1851 ab
2830 1798 3005 1852 oculis
3041 1800 3238 1853 vestris
3280 1799 3541 1870 lugubris
3582 1798 3878 1870 separatio,

516 1900 615 1969 qui
661 1898 844 1951 edicto
895 1912 1077 1965 nuper
1132 1892 1559 1963 magistratibus
1615 1892 1835 1946 fuerint
1892 1891 2143 1960 copulati

515 1998 577 2047 ut
619 1991 786 2045 iidem
834 1994 1081 2043 nostram
1127 1987 1467 2041 subruerent
1505 1988 1636 2055 (50),
1678 1992 1738 2039 ut
1776 1986 2000 2056 gracilis
2030 1988 2133 2053 (51)

514 2088 755 2140 fratrum
789 2084 956 2139 corda
984 2083 1055 2136 ad
1085 2081 1319 2135 lethales
1340 2082 1386 2114 λδ
1410 2082 1638 2150 laqueos
1673 2080 2143 2149 prtevaricatione

516 2179 768 2233 veritatis
798 2182 1133 2231 averterent.
1164 2176 1368 2230 Eadem
1407 2191 1555 2228 nunc
1588 2175 1747 2239 ratio,
1782 2172 1982 2228 eadem
2020 2190 2141 2227 rur-

518 2290 612 2327 sus
666 2272 879 2328 eversio
934 2288 1036 2341 per
1088 2271 1338 2341 quinque
1394 2268 1752 2339 presbyteros
1805 2267 2145 2320 Felicissimo

519 2370 811 2439 copulatus
863 2365 933 2419 ad
987 2365 1215 2418 ruinam
1280 2363 1474 2417 salutis
1536 2361 1855 2430 inducitur,
1915 2364 1973 2414 ut
2036 2378 2147 2415 non

521 2469 757 2531 rogetur
796 2462 960 2528 Deus,
995 2476 1098 2513 nec
1140 2458 1235 2529 qui
1271 2456 1502 2527 negavit
1539 2456 1844 2521 Christum,
1878 2455 2143 2510 eumdem

520 2557 805 2611 Christum
840 2570 1010 2625 quem
1041 2556 1346 2623 negaverat
1376 2551 1733 2622 deprecetur,
1765 2555 1890 2620 post
1921 2549 2148 2619 culpam

521 2650 772 2704 criminis
813 2648 1045 2703 tollatur
1083 2650 1138 2699 et
1179 2643 1526 2717 pcenitentia,
1574 2661 1674 2697 nec
1717 2660 1819 2714 per
1858 2644 2152 2714 episcopos

522 2751 574 2798 et
612 2743 924 2797 sacerdotes
964 2740 1203 2794 Domino
1246 2739 1497 2805 satisﬁat,
1530 2738 1646 2805 sed,
1688 2737 1895 2790 relictis
1929 2737 2153 2791 Domini

525 2837 942 2901 sacerdotibus;
974 2840 1170 2888 contra
1205 2833 1584 2903 evangelicum
1619 2832 1972 2902 disciplinam
2005 2847 2150 2884 nova

526 2932 756 2988 traditio
799 2930 1089 2998 sacrilega:
1136 2928 1511 2982 institutionis
1560 2929 1859 2995 exsurgat;
1906 2942 2151 2996 cumque

2246 1894 2407 1947 dolor
2442 1892 2594 1963 jugis
2635 1898 2691 1946 et
2735 1893 3003 1963 gemitus,
3046 1894 3142 1963 qui
3189 1910 3281 1947 me
3329 1894 3515 1948 solum
3563 1893 3686 1947 sine
3730 1892 3884 1948 vobis

2246 1986 2515 2041 continua
2568 1988 2972 2041 lamentatione
3023 1988 3342 2055 discruciat,
3396 1987 3647 2043 lacrima
3694 1986 3884 2041 diebus

2249 2098 2312 2135 ac
2342 2080 2602 2135 noctibus
2629 2082 2997 2151 profluentes,
3026 2082 3183 2153 quod
3212 2081 3496 2135 sacerdoti
3530 2096 3705 2152 quem
3734 2084 3881 2134 tanto

2247 2191 2437 2229 amore
2468 2175 2575 2244 (54)
2605 2178 2659 2227 et
2699 2175 2899 2228 ardere
2931 2175 3164 2241 fecistis,
3203 2174 3450 2229 necdum
3482 2191 3584 2230 vos
3622 2174 3880 2241 salutare,

2250 2269 2491 2323 necdum
2542 2268 2928 2339 complexibus
2983 2268 3180 2323 vestris
3233 2268 3519 2324 inhaerere
3571 2268 3880 2339 contingat.

2249 2362 2498 2416 Accessit
2538 2362 2628 2417 hic
2668 2362 2971 2417 tabescenti
3013 2362 3207 2417 animo
3248 2367 3439 2417 nostro
3480 2362 3647 2418 dolor
3690 2363 3880 2433 major,

2250 2457 2403 2527 quod
2450 2457 2507 2510 in
2556 2460 2713 2510 tanta
2757 2456 3142 2512 sollicitudine
3188 2473 3252 2511 ac
3296 2457 3637 2512 necessitate
3685 2472 3877 2511 excur-

2256 2567 2376 2605 rere
2413 2550 2480 2603 ad
2527 2567 2620 2604 vos
2669 2550 2786 2621 ipse
2830 2566 2946 2604 non
2989 2567 3238 2621 possum,
3277 2551 3435 2617 dum,
3466 2567 3575 2621 per
3616 2551 3797 2604 minas
3831 2555 3883 2603 et

2253 2662 2352 2714 per
2378 2645 2612 2699 insidias
2638 2644 3012 2715 perfidorum,
3041 2661 3305 2699 cavemus
3343 2661 3416 2699 ne
3455 2644 3883 2698 advenientibus

2253 2737 2414 2791 nobis
2452 2739 2727 2792 tumultus
2760 2738 2872 2793 illic
2917 2738 3099 2809 major
3142 2739 3375 2806 oriatur,
3408 2743 3483 2805 ct,
3521 2755 3651 2792 cum
3682 2738 3796 2804 paci
3832 2740 3884 2790 et

2252 2831 2650 2903 tranquillitati
2699 2834 2807 2901 (55)
2853 2833 3149 2903 episcopus
3188 2832 3491 2904 providere
3530 2832 3593 2887 in
3633 2831 3883 2887 omnibus

2254 2925 2479 2991 debeat,
2510 2926 2628 2997 ipse
2657 2926 2955 2983 materiam
2976 2929 3022 2962 ‘9
3052 2925 3318 2983 seditioni
3354 2926 3580 2983 dedisse
3611 2930 3667 2981 et
3708 2942 3883 2997 perse-

1896 3065 2103 3128 Variee
2165 3064 2503 3129 lectiones.

587 3204 631 3236 4³
655 3202 927 3252 Allectare
958 3198 1082 3249 Bod.
1114 3199 1156 3246 l.
1192 3196 1311 3245 Thu.
1380 3195 1423 3228 ‘7
1452 3195 1817 3245 Ministerium
1845 3195 1958 3243 Nic.
1986 3192 2110 3243 Fab.
2177 3192 2220 3225 ιδ
2248 3194 2356 3243 Nos
2392 3193 2611 3246 affectat
2651 3196 2788 3246 Lam.
2831 3194 3087 3246 affecerat
3128 3194 3281 3245 Ebor.
3320 3196 3427 3245 ΝΟ.
3462 3198 3508 3246 1.

530 3276 682 3326 rium
717 3273 835 3323 Thu.

3579 3198 3624 3228 “’
3645 3196 3883 3261 Magiste-

1836 3356 2061 3437 Steph.
2112 3355 2356 3419 Baluzii
2402 3363 2594 3421 noue.

594 3511 685 3573 (49)
724 3509 922 3557 Contra
951 3502 1327 3586 st‘zccrdotium1
1353 3501 1414 3586 in
1440 3512 1553 3549 uno
1584 3498 1778 3586 codice
1803 3498 2101 3586 “Vaticani;
2108 3502 2163 3547 et
2183 3512 2237 3586 Ο
2264 3499 2319 3586 in
2352 3499 2553 3586 tribus,
2595 3500 2843 3586 inquam,
2888 3500 3179 3551 codicibus
3218 3501 3327 3550 illis
3348 3499 3673 3586 “deestnvpir
3707 3501 3881 3586 βρυνξκ,

529 3571 961 3636 inLamonlano
990 3576 1212 3639 legitur,
1240 3590 1269 3620 «
1300 3572 1580 3622 Adversus
1609 3572 2025 3633 dispositionem
2056 3571 2165 3619 Do-

529 3656 663 3705 mini
695 3658 749 3703 et
772 3653 967 3700 contra
992 3644 1365 3696 sacerdotium
1392 3643 1513 3692 Dei.
1540 3658 1569 3690 »
1598 3641 1704 3691 Ubi
1731 3641 2015 3691 admoneri
2039 3654 2170 3691 con-

529 3727 680 3776 venit
714 3725 858 3773 hanc
886 3720 1183 3769 lectionem
1209 3728 1319 3765 non
1355 3715 1582 3778 reperiri
1606 3714 1663 3762 in
1691 3713 1885 3763 codice
1912 3713 2165 3774 Thuano,

529 3811 713 3861 neque
743 3796 799 3843 in
840 3789 1154 3842 Fossatensi
1196 3788 1250 3837 in
1291 3786 1497 3850 quibus
1534 3786 1699 3847 Angli
1739 3784 2001 3834 dixerunt
2045 3797 2166 3834 eam

530 3874 764 3919 exstare.

595 3941 689 3999 (50)
724 3936 1059 3988 Subruerent.
1094 3933 1171 3981 Ita
1203 3943 1397 3980 omnes
1426 3928 1553 3999 libri
1580 3930 1799 3999 veteres
1821 3929 1874 3975 et
1896 3925 2169 3999 editiones

529 3996 841 4074 Rigaltiana
865 4003 1223 4068 antiquiores,
1242 4003 1289 4074 si
1314 4005 1426 4074 tres
1446 3998 1660 4074 priores
1679 3996 1944 4074 cncipias,
1968 3997 2023 4045 in
2050 3997 2172 4074 qui-

532 4067 640 4133 bus
677 4081 875 4144 legitur
905 4067 1199 4126 obruerent.
1236 4072 1400 4122 Solus
1443 4067 1890 4144 excedicibusa
1916 4081 2004 4117 me
2040 4068 2172 4116 visis

532 4140 807 4204 Fuxensis
833 4148 999 4198 habet
1027 4145 1401 4195 subverterent.
1444 4140 1572 4190 Scio
1607 4143 1791 4188 tamen
1831 4140 1904 4187 ita
1947 4152 2172 4202 quoque

533 4226 799 4287 scriptum
830 4221 998 4269 fuisse
1026 4218 1082 4265 in
1115 4213 1441 4287 Veronensi.
1469 4212 1675 4287 Verum
1704 4210 1810 4287 alia
1842 4210 2005 4287 lectio
2030 4211 2173 4287 mihi

537 4280 714 4359 magis
742 4294 941 4357 placet,
973 4302 1093 4339 eam
1120 4299 1279 4349 porro
1316 4285 1492 4346 liquet
1532 4280 1780 4343 adjuvari
1825 4295 1892 4331 ex
1934 4281 2173 4331 lectione

537 4368 891 4429 antiquarum
918 4359 1239 4429 editionum.

604 4423 701 4498 (δι’)
735 4431 993 4484 Graciliu.
1023 4431 1081 4478 In
1110 4428 1302 4478 codice
1331 4423 1637 4498 Veronensi
1663 4426 1714 4472 et
1746 4424 1803 4498 in
1832 4436 1959 4498 uno
1981 4423 2173 4498 Angli-

538 4494 678 4559 enim
698 4505 964 4569 scriptum
987 4506 1069 4552 est
1090 4498 1332 4562 fragilia.
1358 4498 1453 4547 Sic
1480 4497 1647 4545 etiam
1670 4495 1889 4569 scripsit
1917 4494 2175 4569 Nicolaus

540 4582 717 4632 Faber
747 4566 1094 4638 in'margine
1134 4572 1258 4621 libri
1294 4572 1381 4620 sui
1422 4569 1694 4632 impressi.
1739 4568 1800 4616 1n
1846 4566 2175 4638 codicegLa-

540 4653 712 4703 monii
736 4652 935 4715 legitur
960 4636 1259 4711 gracilium,
1288 4646 1549 4705 tanquam
1582 4641 1630 4690 si
1654 4638 1801 4688 istud
1825 4636 2173 4688 referendum

542 4728 686 4776 esset
717 4722 785 4773 ad
821 4723 1031 4770 fratres.

604 4796 698 4855 (5'2)
745 4792 963 4844 Clericis
1008 4787 1222 4837 urbicis.
1270 4784 1329 4834 Id
1379 4788 1463 4834 est
1506 4782 1799 4855 Romanis,
1838 4781 1968 4855 quia
2014 4779 2176 4855 Urbis

542 4852 816 4918 vocabulo
846 4863 980 4914 olim
1011 4857 1425 4921 intelligebatur
1450 4855 1625 4905 Roma
1654 4853 1903 4917 gentium
1934 4852 2175 4908 domina,

545 4947 603 4989 ut
654 4940 729 4988 ait
782 4932 1185 4997 Quintilianus,
1248 4928 1344 4978 lib.
1397 4940 1483 4997 v1,
1532 4939 1651 4997 cap.
1715 4924 1871 4997 3,-et
1913 4922 2005 4972 lib.
2061 4935 2180 4997 viii,

544 5024 664 5072 cap.
722 4992 826 5056 1:7..-
848 5005 1099 5067 Optatus,
1144 5000 1285 5072 lib.)
1325 4994 1919 5072 :Zephyripo__uroico;
1977 4992 2176 5072 etHlib.

543 5095 577 5130 ιι
614 5064 635 5126 ⁸;
689 5064 1307 5127 Urbica—commoratio;
1352 5071 1406 5119 et
1462 5064 1609 5129 apud
1663 5065 1941 5115 Victorem
1994 5065 2182 5115 Viten-

544 5165 682 5205 sein,
734 5147 825 5196 lib.
882 5161 917 5205 ι,
972 5158 1022 5194 c.
1082 5145 1129 5202 8,
1185 5140 1357 5190 Urbici
1404 5138 1658 5202 captivi...
1710 5135 1847 5186 Vide
1906 5136 2182 5186 Heriberti

545 5218 837 5281 Rosweydi
875 5221 1034 5266 notas
1064 5216 1118 5262 in
1151 5215 1216 5263 D.
1264 5212 1575 5267 Paulinum,
1609 5222 1727 5281 pag.
1774 5209 1884 5257 745.
1930 5207 1987 5281 In
2032 5207 2181 5281 Prte-

546 5278 759 5343 fatione'
783 5288 1021 5351 symboli
1064 5285 1194 5335 editi
1228 5285 1282 5333 in
1323 5283 1561 5333 concilio
1596 5280 1861 5330 Toletano
1895 5279 2073 5351 primo
2106 5278 2183 5328 le-

548 5366 710 5429 gitur,
743 5378 770 5409 ‹‹
804 5349 942 5410 Cum
980 5364 1260 5421 praecepto
1290 5356 1451 5429 Papae
1492 5352 1643 5402 urbis
1683 5351 1874 5429 Romae
1910 5349 2184 5429 L-eonisz.»

548 5419 615 5485 Ᾰι
665 5436 719 5482 in
764 5432 939 5482 tribus
984 5419 1387 5491 antiquissimis
1424 5431 1479 5475 et
1512 5421 1986 5488 priestantissiniis
2031 5419 2183 5470 codi—

546 5508 707 5555 cibus
738 5502 1141 5563 manuscriptis,
1176 5512 1289 5546 uno
1326 5496 1708 5546 illustrissimus
1744 5493 1998 5543 ecclesia:
2030 5493 2180 5553 Lug—

548 5577 849 5635 dunensis,
909 5575 1080 5624 altero
1142 5570 1239 5634 qui
1301 5570 1405 5618 fuit
1468 5566 1718 5617 Leidradi
1779 5564 2182 5635 archiepiscopi

547 5633 955 5711 Lugdunensis,
1002 5649 1055 5693 et
1103 5633 1359 5711 censetur
1408 5637 1655 5711 nuncin
1702 5633 2180 5711 bibliotheca-Se-

547 5703 852 5784 guieriaiia,
896 5703 1057 5765 tertio
1094 5710 1451 5763 bibliotheca:
1493 5708 1844 5784 Colba'tinie,
1882 5706 1937 5755 in
1978 5703 2182 5784 quibus

548 5779 862 5843 continetur
906 5791 1066 5838 vetus
1110 5784 1368 5837 collectio
1409 5792 1690 5833 canonum
1736 5779 1910 5839 facta,
1957 5780 2015 5824 ut
2062 5779 2180 5837 opi-

544 5877 663 5928 nor,
696 5862 860 5929 paulo
890 5865 1014 5927 post
1051 5857 1353 5911 concilium
1387 5854 1719 5907 Toletanum
1754 5849 2178 5908 duodecimum;

2199 4885 2256 4956 D

2268 3574 2321 3619 et
2352 3570 2556 3633 legitur
2574 3570 2898 3635 simpliciter
2925 3585 3040 3622 cum
3065 3577 3318 3636 praecepto
3340 3573 3501 3635 Papa
3528 3571 3678 3621 Urbis
3700 3572 3880 3620 Leonis.

2268 3641 2462 3691 Exstat
2486 3642 2830 3705 Hieronymi,
2859 3642 3093 3706 epistola
3118 3642 3190 3691 ad
3216 3642 3441 3691 Paulum
3467 3642 3743 3699 urbicum,
3771 3654 3885 3704 quas

2270 3714 2464 3775 incipit
2489 3713 2691 3763 Nudius
2717 3714 2916 3775 tertius,
2938 3717 2993 3763 et
3009 3714 3063 3762 in
3082 3714 3313 3778 epistola
3333 3715 3632 3777 Augustini
3650 3713 3886 3763 ad‘Casu-

2272 3783 2453 3833 Ianum
2484 3785 2684 3848 legitur
2714 3802 2742 3829 «
2775 3784 3101 3836 Sermonem
3130 3785 3420 3848 cujusdam
3451 3785 3649 3836 urbici.
3683 3801 3709 3831 ››
3740 3781 3885 3847 Apud

2271 3854 2674 3916 Burchardum,
2709 3856 2803 3906 lib.
2857 3868 2929 3917 in,
2982 3870 3102 3919 cap.
3148 3856 3275 3916 236;
3330 3857 3593 3919 Juonem,
3633 3861 3762 3920 part.
3816 3868 3883 3913 lli,

2271 3940 2392 3990 cap.
2422 3926 2544 3987 270;
2577 3930 2632 3977 et
2660 3927 3005 3989 Gratianum,
3048 3927 3171 3977 dist.
3201 3928 3252 3987 2,
3293 3927 3357 3977 de
3395 3932 3700 3983 consecrat,
3744 3938 3885 3989 repe-

2271 3999 2411 4047 ritur
2448 3997 2726 4061 quoddam
2757 3999 3045 4049 decretum
3082 4013 3145 4048 ea:
3174 3998 3393 4049 concilio
3423 3999 3604 4049 ιιι-ὀίω
3638 3997 3780 4063 quod
3814 3997 3886 4046 sic

2272 4068 2440 4119 habet
2470 4085 2480 4117 :
2513 4086 2541 4117 ‹‹
2568 4070 2629 4119 In
2658 4070 2812 4120 altari
2840 4072 2895 4120 in
2937 4085 3049 4134 quo
3080 4071 3371 4134 episcopus
3405 4071 3628 4121 Missam
3665 4069 3886 4121 celebra-

2275 4139 2369 4199 vit,
2398 4140 2686 4204 presbyter
2709 4141 2902 4193 eodem
2931 4142 3019 4191 die
3044 4143 3211 4192 aliam
3237 4142 3519 4193 celebrare
3548 4156 3659 4192 non
3688 4152 3886 4204 praesu-

2274 4212 2413 4269 mat;
2437 4225 2465 4256 »
2487 4210 2637 4273 quod
2660 4213 2824 4260 etiam
2845 4214 3115 4275 reperitur
3138 4214 3194 4261 in
3224 4225 3437 4262 canone
3463 4212 3681 4263 decimo
3706 4207 3887 4275 synodi

2275 4280 2772 4331 Autissiodorensis
2830 4283 2936 4333 sub
2995 4282 3368 4333 Aunacliario.
3427 4283 3499 4333 Et
3552 4288 3731 4332 tamen
3784 4292 3883 4329 non

2274 4362 2493 4413 semper
2552 4365 2743 4401 verum
2805 4358 2886 4403 est
2942 4353 3277 4403 vocabulum
3350 4353 3529 4404 urbici
3596 4352 3886 4418 signiﬁcare

2276 4422 2455 4471 civem
2506 4422 2835 4473 Romanum.
2866 4425 2923 4473 In
2963 4425 3192 4488 epistola
3227 4425 3434 4488 quippe
3473 4425 3670 4475 Evodii
3696 4423 3763 4471 ad
3789 4425 3884 4471 Au-

2275 4493 2539 4554 gustinum
2597 4496 2733 4544 civis
2791 4496 3047 4559 quaedam
3107 4495 3401 4559 cujusdam
3464 4495 3648 4559 oppidi
3705 4493 3884 4543 Africa!

2277 4568 2507 4613 vocatur
2549 4564 2762 4627 urbica,
2796 4567 2848 4615 id
2890 4572 2973 4615 est
3012 4567 3148 4617 civis
3190 4566 3341 4615 illius
3382 4566 3491 4617 loci
3521 4582 3532 4615 :
3565 4585 3590 4613 α
3630 4565 3735 4616 Sed
3771 4574 3887 4613 ecce

2278 4640 2401 4697 post
2455 4634 2743 4686 biennium
2794 4638 3051 4701 quaedam
3106 4636 3271 4687 vidua
3322 4637 3550 4689 honesta
3602 4636 3785 4685 urbica
3828 4631 3886 4679 de

2279 4707 2646 4769 Frigentibus.
2685 4726 2713 4754 »

2343 4780 2443 4839 (53)
2501 4780 2672 4830 Trans
2724 4794 2883 4829 mare.
2937 4780 2995 4828 1d
3045 4785 3128 4831 est
3181 4779 3429 4831 Romam.
3485 4778 3615 4829 Inde
3668 4774 3886 4842 appella-

2281 4850 2459 4902 tiones
2507 4853 2886 4902 transmarinaa
2935 4858 3122 4915 postea
3170 4855 3355 4903 vetitae
3400 4854 3453 4902 in
3499 4852 3685 4902 codice
3730 4860 3886 4898 cano—

2282 4935 2419 4971 num
2479 4922 2751 4973 Ecclesiaa
2809 4925 3116 4983 Africanae,
3172 4930 3226 4973 et
3282 4930 3343 4973 ut
3405 4924 3644 4986 episcopi
3704 4919 3886 4970 Africus

2283 4999 2432 5043 trans
2483 5007 2633 5043 mare
2674 5008 2784 5043 non
2829 4994 3252 5057 proficiscantur
3285 4996 3390 5043 nisi
3427 4993 3677 5044 consulto
3714 4990 3883 5053 prima:

2283 5066 2431 5115 sedis
2474 5067 2762 5129 episcopo:
2811 5065 2959 5129 quod
3004 5069 3058 5115 et
3104 5067 3285 5128 ipsum
3334 5066 3710 5116 conﬁrmatum
3749 5063 3822 5111 est
3859 5069 3885 5103 ει

2284 5151 2422 5201 papa
2473 5137 2811 5187 Innocentio.
2864 5136 3047 5187 Etiam
3110 5139 3473 5186 transmarina
3523 5133 3725 5198 judicia
3776 5142 3885 5192 pro-

2285 5208 2476 5257 hibita.
2508 5208 2651 5257 Vide
2692 5208 2943 5257 codicem
2983 5221 3260 5258 canonum
3308 5208 3573 5259 Ecclesia:
3615 5204 3880 5254 Africamita.

2286 5291 2403 5340 cap.
2437 5278 2518 5334 23,
2548 5279 2627 5335 25,
2659 5278 2739 5339 56,
2770 5280 2849 5329 94.

2347 5352 2443 5413 (51)
2474 5352 2632 5412 Quem
2666 5355 2810 5399 tanto
2850 5364 3046 5401 amore.
3095 5350 3282 5402 Codex
3321 5352 3496 5401 sancti
3533 5346 3692 5421 Eligii
3716 5344 3885 5421 attre-

2286 5421 2545 5472 bateusis.
2589 5440 2615 5467 «
2644 5423 2822 5483 Quem
2862 5427 3013 5471 tanto
3058 5422 3266 5474 honore
3311 5427 3367 5473 et
3409 5432 3590 5471 amore
3628 5415 3885 5483 fecistis.»

2286 5493 2586 5554 Fuxensis,
2619 5510 2644 5537 α
2667 5481 2856 5542 ⁷Τιλῐιῑο
2883 5493 3096 5553 ardore,
3128 5496 3244 5558 pari
3270 5493 3474 5543 dolore.
3507 5510 3534 5537 »
3569 5487 3669 5539 Ubi
3698 5481 3888 5558 videtur

2282 5548 2583 5625 legendum
2624 5564 2747 5625 puri
2786 5562 3002 5614 honore.
3036 5548 3175 5615 Vide
3206 5565 3459 5615 Pontium
3491 5563 3774 5611 diaconum
3801 5548 3885 5597 ubi

2283 5637 2391 5697 agit
2423 5635 2490 5685 de
2522 5634 2794 5684 electione
2826 5634 3107 5699 Cypriani.

2345 5707 2440 5765 (ιδ)
2467 5706 2591 5755 Paci
2619 5711 2665 5756 et
2696 5696 3101 5769 tranquillitati.
3140 5707 3344 5757 Omnes
3386 5704 3500 5756 fere
3539 5698 3659 5751 libri
3693 5696 3882 5744 veteres

2282 5776 2489 5826 habent
2512 5789 2694 5840 pacem
2724 5782 2768 5827 et
2798 5776 3258 5843 tranquillitatem.
