4160 6216
280 168 361 223 (διδ
1430 130 1433 131 ν
1683 167 2006 226 EPISTOI..A
2046 167 2151 221 XL.

3514 155 3614 212 346

270 290 527 345 cntionem
582 289 767 346 denuo
823 290 1181 346 exacerbasse
1233 291 1489 346 videatur
1543 292 1676 362 (56).
1735 292 1871 346 Hinc
1898 293 2165 378 Acadent
2193 289 2435 361 (Matth.,
2470 304 2560 354 xv,
2607 284 2715 355 14).
2764 285 3137 342 lntercedunt
3176 279 3440 378 precibus
3482 296 3608 378 ves~

271 390 458 450 tamen,
493 385 693 439 fratres
736 385 1108 453 dilectissimi,
1139 386 1271 439 hinc
1321 385 1607 440 admoneo
1656 386 1873 456 pariter
1926 376 1949 378 Ὗ
1974 386 2096 452 tris,
2169 402 2308 455 quas
2361 383 2405 417 ⁸³
2459 382 2751 437 nobiscum
2802 380 2999 434 diebus
3057 394 3119 431 ac
3177 376 3435 431 noctibus
3500 376 3611 428 Deo

269 485 312 532 et
333 479 553 532 consulo
584 495 654 532 ne
701 479 1032 549 perniciosis
1075 479 1307 534 vocibus
1342 484 1560 535 temere
1605 480 1868 545 credatis,

265 588 324 627 ne
346 572 624 627 fallacibus
657 572 840 627 verbis
887 590 1229 628 consensum
1270 574 1432 628 facile
1477 574 1868 641 commodetis,

266 683 323 720 ne
362 683 454 737 pro
503 667 628 721 luce
679 668 964 735 tenebras,
1012 685 1113 739 pro
1159 668 1253 722 die
1300 673 1550 734 noctem,
1603 684 1705 740 pro
1746 668 1870 722 cibo

261 761 472 827 famem,
506 777 608 831 pro
638 768 770 832 potu
800 761 993 836 336
1023 764 1198 829 sitim,
1228 778 1513 819 venenum
1552 779 1653 833 pro
1682 778 1866 817 reme-

263 856 360 921 dio,
404 861 650 910 mortem
694 874 799 927 pro
842 859 1020 912 salute
1069 852 1325 913 sumatis.
1369 858 1446 912 Ne
1492 858 1539 891 ⁵ο
1586 863 1724 912 retas
1771 873 1869 912 vos

258 965 431 1004 eorum
458 967 563 1004 nec
596 950 900 1017 auctoritas
929 952 1107 1021 fallat,
1139 952 1237 1023 qui
1263 952 1332 1006 ad
1362 952 1606 1006 duorum
1632 952 1863 1022 presby—

256 1050 481 1098 terorum
507 1050 757 1099 veterem
788 1046 1103 1117 nequitiam
1137 1046 1326 1116 (Dan.,
1356 1046 1473 1115 xm)
1502 1045 1863 1116 responden-

256 1142 341 1203 tes,
393 1138 534 1193 sicut
579 1139 663 1194 illi
721 1140 1046 1195 Susannam
1103 1139 1367 1210 pudicam
1412 1156 1778 1210 corrumpere
1813 1143 1868 1194 et

255 1232 440 1286 violare
480 1234 666 1288 conati
711 1237 864 1302 sunt,
898 1234 976 1288 sic
1015 1239 1069 1289 et
1115 1234 1550 1289 hi'adulterinis
1596 1233 1866 1288 doctrinis

258 1326 484 1380 Ecclesiae
514 1327 851 1398 pudicitiam
880 1344 1242 1399 corrumpere
1269 1331 1328 1382 et
1352 1328 1651 1384 veritatem
1693 1344 1862 1383 evan-

257 1420 467 1489 gelicam
489 1421 704 1477 violare
732 1426 1038 1478 conantur.

312 1516 363 1567 V.
423 1515 640 1571 Clamat
701 1522 755 1571 et
818 1516 955 1572 dicit
1017 1516 1292 1572 Dominus
1357 1534 1370 1571 :
1430 1518 1609 1575 Nolite
1673 1517 1864 1571 audire

252 1625 484 1665 sermones
516 1612 1133 1681 pseudoprophetarum,
1174 1614 1433 1682 quoniam
1470 1614 1698 1665 visiones
1744 1626 1860 1665 cor-

1972 479 2208 534 funditis
2246 481 2305 532 ut
2344 493 2475 532 eum
2513 476 2669 546 justa
2712 472 3092 527 satisfactione
3139 471 3385 542 placetis.
3428 471 3608 523 Inter-

1972 575 2179 630 cedunt
2228 572 2496 643 lacrymis
2542 568 2765 635 vestris,
2810 567 3014 639 quibus
3070 565 3361 620 commissi
3415 562 3607 619 delicti

1974 668 2162 742 337
2191 667 2411 722 crimen
2441 663 2692 719 abluitis.
2724 662 3088 718 Intercedunt
3120 659 3241 729 paci
3272 674 3440 729 quam
3471 673 3606 713 vere

1972 766 2027 818 et
2053 762 2297 817 ﬁdeliter
2337 761 2407 815 de
2444 758 2670 813 Domini
2716 754 3107 811 misericordia
3156 752 3471 823 postulatis,
3504 767 3607 804 nec

1970 857 2157 912 sciunt
2202 855 2477 925 scriptum
2532 868 2696 907 esse:
2754 855 2822 906 Et
2867 848 3133 920 propheta
3183 847 3274 900 ille
3321 852 3419 898 aut
3469 860 3604 898 som-

1968 954 2119 1006 nium
2148 952 2424 1005 somnians
2463 950 2556 1003 ille
2593 950 2691 1017 qui
2736 947 2941 1000 locutus
2967 948 3042 998 est
3072 947 3133 996 ut
3162 956 3344 996 errare
3374 945 3421 993 te
3457 941 3604 1004 face-

1966 1053 2049 1102 ret
2078 1062 2113 1099 a
2150 1047 2375 1100 Domino
2411 1046 2517 1098 Deo
2556 1046 2667 1104 tuo,
2698 1041 3049 1107 interﬁciatur
3102 1038 3202 1105 (59)
3251 1035 3448 1104 (Deut.,
3489 1047 3607 1097 χιιι,

1970 1141 2055 1209 6).
2092 1141 2268 1196 Nemo
2308 1154 2425 1205 vos,
2472 1138 2672 1191 fratres
2717 1131 3056 1198 charissimi,
3088 1144 3273 1185 errare
3316 1144 3349 1181 a
3390 1125 3612 1180 Domini
3686 1178 3689 1181 .

1969 1235 2080 1305 (60)
2109 1233 2212 1288 viis
2241 1235 2285 1271 5"
2319 1232 2488 1288 faciat
2516 1247 2528 1284 :
2577 1245 2752 1284 nemo
2780 1245 2877 1282 vos
2913 1225 3263 1283 Christianos
3309 1221 3378 1275 ab
3424 1221 3604 1274 Evan-

1967 1330 2116 1401 gelio
2144 1327 2352 1384 Christi
2383 1325 2566 1397 rapiat
2599 1342 2610 1379 :
2648 1339 2818 1378 nemo
2849 1321 2995 1376 ﬁlios
3022 1318 3283 1374 Ecclesia:
3312 1317 3381 1371 de
3412 1314 3605 1370 Eccle-

1966 1423 2050 1478 sia
2082 1422 2262 1478 tollat.
2315 1423 2553 1476 Pereunt
2591 1418 2698 1473 sibi
2743 1417 2843 1471 soli
2891 1414 3001 1486 (61)
3044 1413 3141 1485 qui
3186 1412 3374 1482 perire
3414 1409 3606 1464 volue-

1966 1520 2141 1572 runt:
2171 1519 2325 1571 extra
2368 1513 2676 1569 Ecclesiam
2722 1511 2825 1566 soli
2872 1511 3213 1564 remaneant
3258 1505 3356 1577 qui
3398 1503 3468 1558 de
3512 1504 3607 1557 Ec-

1968 1611 2135 1666 clesia
2199 1613 2577 1665 recesserunt.
2633 1606 2746 1662 Soli
2797 1621 2925 1659 cum
2996 1599 3272 1673 episcopis
3328 1614 3445 1652 non
3497 1597 3610 1651 sint

253 1704 321 1758 dis
358 1721 533 1759 eomm
578 1706 926 1772 frustrantur
970 1722 1072 1761 eos.
1124 1707 1461 1776 Loquuntur,
1509 1706 1601 1759 sed
1647 1720 1755 1759 non
1804 1705 1869 1757 ab
1890 1681 1946 1752 Β
1971 1705 2070 1777 qui
2103 1709 2300 1759 contra
2326 1703 2623 1774 episcopos
2648 1700 3015 1755 rebellarunt.
3044 1691 3465 1765 Conjurationis
3490 1706 3607 1744 sua:

253 1815 324 1851 ore
378 1802 613 1854 Domini.
666 1803 866 1855 Dicunt
914 1803 988 1855 eis
1029 1802 1123 1870 qui
1180 1801 1445 1870 ubjiciunt
1492 1800 1713 1854 verbum
1766 1801 1872 1852 Do-

253 1895 414 1946 mini:
467 1895 590 1949 Pan:
653 1896 756 1948 erit
826 1895 974 1949 vobis
1030 1895 1215 1963 (Serm.
1268 1910 1419 1961 XXIII,
1479 1897 1563 1960 16,
1619 1894 1727 1961 17).
1772 1894 1865 1947 Pa-

251 2004 350 2041 cem
378 2004 525 2042 nunc
554 1986 803 2043 offerunt
839 1989 937 2059 qui
984 1988 1088 2059 ipsi
1131 2005 1242 2043 non
1284 1987 1498 2042 habent
1540 2003 1756 2057 pacem.
1804 1988 1865 2041 in

252 2081 528 2135 Ecclesiam
551 2083 598 2115 51
630 2083 814 2153 lapsos
838 2082 1114 2136 reducere
1146 2086 1203 2136 et
1231 2096 1491 2136 revocare
1519 2080 1865 2152 promittunt

253 2175 333 2246 qui
372 2175 440 2230 de
483 2175 734 2232 Ecclesia
780 2177 827 2211 ⁵³
868 2178 1254 2231 recesserunt.
1307 2176 1453 2230 Deus
1500 2191 1646 2229 unus
1690 2178 1774 2229 est
1813 2179 1870 2229 et

252 2270 479 2324 Christus
526 2287 679 2325 unus
726 2270 963 2341 (Ephes.,
1002 2287 1076 2339 1v,
1126 2274 1201 2339 5),
1243 2275 1301 2324 et
1346 2286 1459 2324 una
1500 2269 1766 2335 Ecclesia,
1811 2272 1869 2323 et

252 2363 500 2419 Cathedra
526 2381 648 2419 una
688 2381 862 2436 super
902 2368 1124 2435 petram
1160 2366 1265 2434 (57)
1313 2363 1539 2418 Domini
1569 2379 1700 2417 voce
1737 2364 1863 2417 fun-

255 2457 381 2510 data.
428 2458 599 2513 Aliud
652 2458 828 2512 altare
878 2458 1141 2512 constitui
1189 2459 1290 2512 aut
1336 2457 1715 2512 sacerdotium
1769 2473 1868 2510 no-

252 2568 362 2605 vum
404 2551 520 2607 ﬁeri
582 2558 797 2624 praeter
837 2569 1019 2606 unum
1067 2553 1243 2607 altare
1287 2555 1347 2605 et
1395 2567 1572 2605 unum
1619 2552 1866 2606 sacerdo-

252 2646 372 2701 tium
397 2663 507 2700 non
551 2651 765 2717 potest.
798 2646 1064 2716 Quisquis
1095 2645 1228 2700 alibi
1267 2645 1583 2715 collegerit,
1626 2646 1861 2716 spargit.

253 2739 557 2795 Adulterum
593 2745 698 2807 est,
742 2740 985 2811 impium
1034 2743 1137 2806 est,
1167 2740 1507 2810 sacrilegum
1557 2743 1638 2794 est
1678 2740 1859 2810 quod-

253 2850 465 2905 cumque
516 2836 780 2889 humano
827 2835 1021 2889 furore
1069 2834 1389 2889 instituitur
1444 2837 1507 2887 ut
1569 2833 1862 2904 dispositio

258 2927 418 2983 divina
477 2929 741 2984 violetur.
793 2929 992 2983 Procul
1059 2928 1128 2982 ab
1176 2927 1508 2998 hujusmodi
1561 2928 1860 2982 hominum

1971 1816 2164 1871 pcenas
2214 1797 2321 1853 soli
2367 1797 2609 1851 subeant
2652 1795 2751 1866 qui
2787 1792 2944 1873 olim,
2989 1788 3303 1845 secundum
3345 1788 3528 1840 vestra
3558 1783 3605 1817 ⁵⁵

1971 1893 2257 1965 suffragia,
2313 1908 2465 1947 nunc
2520 1889 2834 1944 secundum
2889 1886 2997 1958 (62)
3053 1883 3154 1938 Dei
3199 1880 3431 1953 judicia,
3479 1893 3604 1932 sen-

1970 1988 2210 2042 tentiam
2263 1985 2670 2057 conjurationis
2721 1988 2777 2037 et
2826 1977 3198 2049 malignitatis
3250 1991 3365 2029 sum
3419 1971 3607 2026 subire

1969 2085 2323 2137 meruerunt.

2043 2177 2130 2231 Vl.
2165 2175 2358 2231 Monet
2386 2190 2489 2228 nos
2516 2172 2789 2228 Dominus
2816 2170 2873 2224 in
2903 2165 3209 2238 Evangelio
3239 2180 3339 2219 suo
3374 2162 3562 2217 dicens
3590 2177 3604 2214 :

1967 2271 2211 2338 chicitis
2274 2268 2599 2323 mandatum
2662 2267 2760 2320 Dei
2821 2270 2882 2317 ut
2948 2262 3294 2317 traditionem
3371 2262 3607 2312 vestram

1968 2366 2231 2419 statuatis
2260 2365 2586 2434 (Marc.,vu,
2619 2360 2690 2430 9).
2726 2357 2831 2422 Qui
2862 2356 3198 2412 mandatum
3219 2352 3313 2408 Dei
3343 2350 3608 2422 rejiciunt

1967 2462 2024 2513 et
2066 2457 2430 2512 traditionem
2473 2471 2631 2509 suam
2684 2456 2929 2507 statuere
2973 2454 3267 2515 conantur,
3314 2446 3538 2501 fortiter
3575 2462 3608 2497 a

1966 2552 2121 2607 vobis
2147 2557 2202 2607 et
2228 2550 2469 2605 ﬁrmiter
2508 2551 2852 2619 respuantur
2881 2562 2894 2599 :
2941 2544 3185 2599 sufﬁciat
3226 2540 3398 2613 lapsis
3432 2540 3599 2593 ruina

1964 2663 2083 2701 una
2109 2646 2241 2717 (63).
2272 2647 2445 2699 Nemo
2466 2644 2719 2697 volentes
2742 2656 2977 2712 surgere
3000 2655 3100 2692 sua
3120 2634 3604 2691 circumventione

1964 2740 2314 2812 praecipitet;
2345 2755 2515 2793 nemo
2537 2738 2815 2808 jacentes,
2843 2751 2947 2806 pro
2975 2733 3180 2804 quibus
3202 2747 3304 2786 nos
3330 2744 3604 2801 rogamus

1963 2840 2026 2888 ut
2066 2835 2167 2889 Dei
2208 2850 2379 2888 manu
2426 2838 2484 2887 et
2534 2831 2769 2886 brachio
2819 2829 3224 2888 subleventur,
3279 2824 3605 2897 prosternat

1965 2928 2188 3001 gravius
2216 2933 2271 2983 et
2300 2926 2588 2998 deprimat
2622 2943 2634 2979 :
2680 2941 2849 2979 nemo
2881 2920 3248 2978 semianimes
3277 2924 3335 2974 et
3361 2922 3423 2972 ut
3448 2917 3597 2972 salu-

256 3023 569 3094 contagione
627 3023 925 3091 discedite,
972 3025 1030 3077 et
1092 3038 1385 3077 sermones
1450 3037 1648 3077 eorum
1711 3022 1864 3076 velut
1886 3056 1940 3129 C
1965 3029 2081 3078 tem
2108 3038 2266 3077 suam
2298 3020 2599 3093 pristinam
2628 3018 2903 3089 recipiant
2928 3016 3326 3088 deprecantes,
3348 3012 3419 3066 ab
3446 3011 3603 3067 omni

486 3119 584 3129 ,ηιμ
691 3120 701 3129 .
869 3122 878 3129 .
1034 3116 1055 3129 ιι
1137 3116 1147 3127 ο
1247 3115 1263 3129 σι
1397 3116 1428 3129 -ι
1476 3120 1486 3129 .
2171 3115 2184 3129 1
2237 3115 2272 3129 ,ο
2399 3114 2413 3129 1
2525 3116 2534 3129 ι
2586 3119 2595 3129 .
2954 3109 3240 3129 ᾐκιΑξκιξι---
3288 3108 3471 3129 1-..,---..
3518 3105 3599 3129 -..ζ

256 3132 429 3171 cancer
481 3119 590 3187 (58)
649 3120 708 3172 et
766 3122 978 3187 pestem
1028 3115 1305 3187 fugiendo
1359 3116 1562 3183 vitate,
1620 3132 1863 3186 priamo-

259 3215 403 3264 ncnte
449 3211 692 3265 Domino
736 3215 794 3265 et
833 3209 1099 3266 dicente:
1152 3210 1290 3266 Caeci
1328 3216 1457 3265 sunt
1499 3210 1661 3265 duces
1707 3225 1867 3265 caeco-

259 3319 370 3357 rum.
416 3305 592 3360 Caecus
635 3312 818 3360 autem
870 3321 1064 3361 caecum
1116 3305 1313 3361 ducens
1348 3305 1512 3360 simul
1556 3306 1616 3359 in
1658 3307 1870 3372 foveam

1970 3133 2068 3187 spe
2108 3115 2305 3171 salutis
2346 3114 2641 3181 advertat;
2693 3129 2865 3167 nemo
2913 3109 3243 3165 nutantibus
3286 3108 3475 3178 lapsus
3517 3105 3604 3159 sui

1970 3209 2213 3280 caligine
2239 3224 2410 3264 omne
2435 3207 2652 3263 itineris
2671 3208 2718 3241 ⁵⁸
2747 3205 3011 3261 salutaris
3037 3206 3229 3258 lumen
3259 3201 3601 3270 exstinguat.

1970 3304 2204 3359 Instruit
2249 3302 2546 3374 Apostolus
2592 3300 2826 3356 dicens:
2873 3300 2936 3354 Si
2978 3301 3101 3369 quis
3146 3298 3308 3352 aliter
3355 3295 3526 3359 docet,
3555 3298 3605 3347 et

1612 3461 1821 3525 Varize
1878 3461 2215 3525 lectiones.

307 3585 462 3637 “Nec
496 3588 632 3635 Pem.
676 3585 803 3635 Bod.
850 3586 898 3635 3.
954 3587 1091 3636 Voss.
1131 3586 1177 3636 9.
1223 3587 1366 3636 Lam.
1412 3586 1532 3636 Tha.
1581 3587 1720 3638 Fors.
1775 3588 1905 3636 Vict.

1990 3587 2112 3636 5'In
2164 3586 2416 3638 Ecclesia
2462 3586 2647 3650 lapsos
2698 3584 2833 3632 Vict.
2916 3584 2954 3615 ⁵³
2978 3582 3059 3631 De
3112 3578 3387 3650 Ecclesia;
3418 3590 3600 3650 eom-

259 3660 489 3709 munione
510 3658 621 3708 ΝΟ.
651 3660 698 3708 1.
767 3661 807 3691 ⁵³
837 3655 1108 3708 Precibus
1134 3670 1275 3721 quas
1310 3658 1417 3707 Ver.
1452 3657 1658 3708 nostris
1689 3659 1800 3720 Rig.
1870 3659 1912 3690 ⁵⁴
1936 3657 2246 3708 Dominicis
2273 3659 2404 3707 Pem.
2446 3647 2570 3705 Boil.
2603 3655 2648 3703 t.
2718 3657 2757 3687 55
2783 3652 2976 3704 Nostra
3006 3652 3119 3702 Nic.
3155 3648 3275 3699 Fab.
3351 3649 3390 3681 ⁵³
3416 3647 3606 3698 Mune-

259 3726 317 3774 ris
341 3728 435 3775 Lin.

1518 3828 1738 3911 Steph.
1804 3829 2051 3893 Baluzii
2106 3834 2304 3893 notae.

307 3965 389 4027 (56)
426 3964 689 4015 Videatur.
725 3964 916 4016 Codex
941 3965 1193 4015 Lamonii
1224 3965 1518 4015 videamur.

308 4036 390 4095 (37)
429 4037 596 4099 Super
638 4041 863 4101 petram.
908 4037 1135 4087 Veteres
1171 4035 1445 4087 editiones
1480 4041 1534 4086 et
1565 4050 1683 4087 xvu
1734 4036 1861 4087 libri

262 4110 444 4155 veteres
472 4108 547 4157 ita
583 4107 857 4158 scribunt.
892 4107 1171 4156 Manutius
1196 4108 1385 4171 posuit
1419 4110 1641 4157 Petrum.
1677 4110 1861 4172 Atque

263 4188 359 4224 eam
404 4177 699 4228 lectionem
756 4177 982 4227 retinuit
1030 4177 1341 4239 Pamelius,
1390 4181 1620 4228 testatus
1677 4183 1861 4228 tamen

263 4246 396 4295 aliain
419 4248 643 4311 reperiri
676 4248 731 4296 in
769 4246 1059 4297 codicibus
1092 4248 1353 4312 antiquis.
1387 4249 1533 4299 Hinc
1563 4253 1862 4313 propagata

263 4322 327 4363 est
361 4316 409 4365 in
450 4318 784 4380 posteriores
830 4317 1121 4379 editiones,
1165 4318 1333 4369 etiam
1375 4320 1429 4369 in
1476 4320 1858 4384 Anglicanam.

264 4384 382 4436 Sane
419 4401 608 4437 verum
660 4392 746 4438 est
794 4387 944 4452 quod
984 4387 1208 4438 adnotat
1255 4389 1533 4439 Pamelius
1578 4390 1710 4442 alibi
1762 4392 1864 4441 fre-

264 4459 592 4518 quentissime
625 4459 966 4522 Cyprianum
1007 4459 1191 4510 dicere
1224 4459 1533 4510 Ecclesiam
1574 4475 1695 4512 esse
1736 4464 1863 4513 fun-

264 4528 416 4591 datam
454 4545 621 4595 super
668 4531 912 4589 Petrum,
963 4530 1215 4593 adeoque
1258 4531 1462 4581 mirum
1501 4545 1613 4583 non
1654 4547 1774 4584 esse
1818 4537 1864 4585 si

264 4599 399 4669 etiam
442 4603 564 4651 istic
592 4614 660 4650 eo
690 4600 857 4650 modo
897 4600 1179 4665 loquatur.
1225 4601 1342 4665 Ego
1378 4617 1489 4653 non
1534 4603 1754 4669 disputo
1794 4621 1863 4656 an

265 4666 479 4721 Ecclesia
528 4670 765 4721 fundata
816 4672 887 4720 sit
930 4685 1097 4736 super
1146 4673 1386 4723 Petrum.
1436 4674 1498 4725 Id
1550 4666 1699 4726 enim
1751 4679 1866 4728 scio

267 4743 471 4808 sensisse
509 4743 871 4808 Cyprianum.
912 4742 1019 4793 Sed
1065 4744 1151 4793 aio
1191 4745 1316 4794 istic
1352 4746 1702 4797 retinendam
1744 4762 1866 4801 esse

266 4807 519 4864 lectionem
560 4807 738 4879 quam
776 4816 952 4878 major
994 4818 1245 4866 veterum
1289 4816 1555 4868 librorum
1600 4833 1868 4871 numerus

266 4887 311 4954 et
336 4890 531 4937 veteres
561 4888 836 4937 editiones
864 4888 1182 4950 praeferunt.
1217 4889 1432 4939 Petram
1461 4890 1667 4954 quippe
1697 4892 1868 4941 fuisse

269 4951 541 5017 Christum,
598 4963 653 5009 et
704 4972 873 5022 super
924 4958 1071 5009 hanc
1128 4963 1342 5022 petram
1404 4951 1693 5012 fundatam
1747 4975 1868 5013 esse

269 5022 537 5079 Ecclesiam
572 5043 741 5080 nemo
768 5030 1015 5093 ambigit.
1048 5030 1173 5092 Qua
1198 5030 1267 5081 de
1297 5046 1357 5081 re
1388 5033 1514 5083 vide
1548 5048 1675 5097 qua:
1703 5039 1867 5084 nota-

268 5107 368 5146 mus
403 5099 538 5148 int‘ra
571 5101 643 5150 ad
684 5099 888 5150 librum
927 5100 991 5150 de
1046 5102 1253 5151 Unitate
1296 5103 1551 5155 Ecclesiae.
1589 5105 1867 5156 Caeterum

270 5176 320 5211 ex
340 5179 490 5227 prava
514 5171 750 5221 lectione
778 5185 903 5235 quas
934 5172 1153 5236 irrepsit
1182 5175 1239 5223 in
1277 5174 1430 5226 hunc
1471 5176 1659 5227 locum
1688 5177 1869 5240 potuit

272 5242 429 5315 aucter
454 5242 698 5315 epistolas
722 5242 750 5291 2
782 5244 987 5308 Pelagii
1021 5244 1069 5293 II
1095 5244 1162 5294 ad
1195 5247 1483 5311 episcopos
1514 5249 1689 5298 Istriaa
1720 5262 1868 5299 acce-

272 5314 389 5367 l‘isse
423 5314 565 5385 quod
600 5316 860 5379 scripsit:
901 5332 928 5365 α
964 5316 1074 5378 Qui
1121 5317 1451 5370 Cathedram
1494 5321 1661 5380 Petri,
1702 5334 1870 5385 super

273 5391 408 5440 quem
435 5383 657 5436 fundata
688 5390 771 5436 est
797 5386 1068 5447 Ecclesia,
1094 5388 1314 5439 deserit.
1343 5409 1369 5435 ››

320 5454 401 5514 (58)
456 5457 668 5508 Cancer.
736 5460 862 5509 Duo
923 5459 1051 5509 libri
1106 5464 1319 5512 veteres
1376 5464 1678 5525 praeferunt
1737 5477 1868 5514 can-

277 5534 426 5586 cerem,
465 5528 554 5578 alii
595 5534 852 5592 quatuor,
892 5544 1160 5582 cancrum.
1190 5533 1560 5585 Michaelinus
1591 5547 1868 5586 cancerum

277 5592 345 5671 vel
365 5608 614 5671 cancrum.
646 5601 764 5666 Ego
796 5602 1003 5653 retinui
1038 5605 1319 5670 vulgatam
1348 5605 1666 5667 lectionem,
1698 5619 1867 5671 quam

280 5662 490 5785 ξξέἓὲἲθ
522 5662 739 5724 codices
772 5672 1058 5737 exhibent,
1103 5662 1230 5740 quia
1262 5676 1418 5727 locus
1461 5677 1561 5728 iste
1595 5662 1668 5728 ita
1698 5662 1866 5743 vulgo

390 5751 463 5788 Ill‘.

1885 4420 1943 4492 D

2024 3965 2120 4027 (59)
2148 3965 2511 4029 Interﬁcielur.
2544 3965 2682 4016 Haec
2710 3976 2817 4015 vox
2846 3962 3001 4014 deest
3034 3963 3092 4012 in
3127 3959 3375 4024 antiquis
3399 3958 3604 4009 editio—

1962 4038 2130 4088 nibus
2160 4042 2213 4088 et
2239 4039 2293 4087 in
2331 4037 2592 4088 omnibus
2620 4036 2865 4099 antiquis
2904 4033 3193 4085 codicibus
3233 4031 3437 4095 quibus
3467 4043 3607 4080 usus

1963 4124 2106 4160 sum.
2134 4108 2263 4161 Scio
2290 4114 2477 4161 tamen
2504 4109 2656 4159 illam
2688 4109 2860 4159 fuisse
2883 4108 2936 4157 in
2968 4105 3274 4157 Veronensi
3304 4107 3359 4154 et
3387 4105 3603 4166 Neapo—

1961 4181 2136 4233 litano
2163 4195 2291 4231 uno.
2332 4183 2393 4231 In
2421 4181 2620 4233 codice
2644 4181 2894 4231 Lamonii
2920 4180 3189 4243 scriptum
3219 4181 3304 4228 est
3328 4177 3603 4235 morietur,

1961 4254 2155 4305 eodem
2183 4267 2370 4306 sensu.
2407 4256 2468 4304 In
2497 4269 2611 4305 uno
2640 4267 2764 4305 meo
2792 4258 2978 4306 vetere
3007 4253 3228 4317 legitur,
3258 4268 3287 4299 «
3325 4250 3397 4301 Ut
3423 4261 3604 4299 errare

1962 4329 2016 4375 te
2044 4326 2251 4377 faceret
2283 4340 2313 4375 a
2353 4327 2593 4377 Domino
2629 4331 2745 4387 tuo,
2775 4330 2829 4375 et
2864 4329 3083 4376 caetera.
3110 4340 3139 4371 ›>
3169 4324 3253 4374 Ex
3293 4335 3403 4385 quo
3444 4319 3605 4370 facile

1966 4400 2048 4446 est
2089 4397 2352 4461 colligere
2388 4397 2639 4449 addenda
2684 4398 2855 4447 fuisse
2904 4395 3170 4447 nonnulla
3208 4396 3264 4444 in
3313 4393 3421 4443 hoc
3463 4391 3604 4441 loco.

1970 4468 2162 4532 Itaque
2209 4483 2338 4518 cum
2391 4470 2547 4532 plura
2598 4468 2851 4519 addenda
2904 4468 3140 4527 fuerint,
3194 4478 3305 4515 non
3352 4462 3606 4513 sufﬁcie—

1966 4539 2062 4589 bat
2109 4538 2309 4590 addere
2358 4554 2551 4590 vocem
2598 4540 2939 4602 inter/icielur
2980 4542 3074 4588 aut
3115 4537 3387 4585 morietur.
3433 4534 3604 4582 Eras-

1967 4622 2091 4658 mus
2134 4611 2346 4673 primus
2390 4610 2608 4672 scripsit
2651 4607 3015 4670 interficiatur.
3064 4605 3372 4656 Addeudus
3417 4605 3603 4652 autem

1967 4684 2084 4730 erat
2130 4681 2342 4743 integer
2385 4681 2541 4730 locus
2575 4694 2643 4731 ex
2678 4681 2857 4743 capite
2902 4692 3003 4729 xm
3036 4673 3473 4733 Deuteronomii,
3509 4674 3606 4720 aut

1969 4751 2219 4802 edendus
2262 4756 2321 4801 ut
2371 4755 2550 4801 exstat
2585 4753 2638 4800 in
2675 4750 2960 4801 veteribus
3004 4749 3179 4809 libris,
3215 4746 3419 4796 omissa
3468 4756 3605 4793 voce

1970 4822 2083 4873 illa.

2032 4894 2131 4956 (60)
2163 4896 2199 4944 Α
2238 4894 2447 4943 Domini
2486 4894 2599 4943 viis.
2646 4893 2783 4943 Haec
2812 4897 2895 4943 est
2925 4893 3091 4943 lectio
3121 4891 3422 4941 multorum
3447 4890 3606 4938 vete-

1969 4977 2091 5014 rum
2117 4966 2519 5028 exemplarium
2551 4970 2606 5015 et
2631 4964 2892 5014 editionis
2926 4964 3277 5015 Manutianae.

2032 5036 2125 5095 (61)
2168 5038 2385 5085 Pereunt
2415 5035 2515 5085 sibi
2550 5036 2666 5086 soli.
2698 5036 2896 5086 Nescio
2925 5049 2995 5086 an
3024 5036 3094 5085 sit
3122 5032 3466 5099 praeferenda
3493 5031 3608 5081 lec-

1970 5107 2046 5156 tio
2073 5108 2240 5157 unius
2266 5120 2335 5157 ex
2366 5108 2598 5157 vetustis
2624 5107 2917 5158 codicibus
2952 5107 3307 5158 bibliothecae
3333 5105 3518 5168 regiae,
3552 5104 3608 5152 in

1970 5192 2081 5244 quo
2112 5177 2314 5242 legitur
2340 5184 2558 5241 pereant
2588 5178 2672 5228 illi
2698 5178 2813 5228 soli.

2033 5249 2134 5312 (62)
2161 5251 2312 5300 Nunc
2350 5250 2651 5300 secundum.
2686 5251 2764 5300 Ita
2806 5249 2977 5299 editio
3018 5249 3250 5300 Manutii
3296 5254 3352 5300 et
3396 5254 3608 5312 septem

1971 5321 2096 5371 libri
2137 5326 2365 5372 veteres.
2400 5324 2459 5371 In
2490 5323 2791 5372 recentiore
2834 5321 3182 5385 Remigiano,
3222 5327 3269 5369 et
3303 5321 3604 5371 secundum.

1970 5393 2111 5443 Male
2152 5395 2209 5442 in
2242 5394 2549 5444 Sorbonico
2581 5407 2690 5453 nec,
2722 5395 2777 5443 in
2822 5393 3077 5457 Eligiano
3116 5406 3238 5442 non.
3273 5394 3332 5442 In
3365 5393 3608 5455 antiquis

1969 5464 2312 5516 editionibus
2337 5471 2392 5515 et
2420 5466 2475 5515 in
2500 5480 2598 5515 sex
2625 5465 2870 5530 antiquis
2902 5464 3190 5516 codicibus
3221 5465 3485 5527 scriptum
3526 5470 3612 5514 est

1967 5535 2092 5586 olim
2118 5536 2403 5587 secundum
2434 5537 2524 5585 Dei
2545 5536 2773 5598 judicia.

2030 5607 2127 5671 (63)
2159 5608 2333 5658 Ruina
2372 5620 2501 5657 una.
2536 5608 2614 5657 Ita
2648 5622 2752 5660 xvx
2781 5607 2908 5659 libri
2955 5612 3178 5659 veteres
3203 5610 3259 5657 et
3292 5605 3459 5657 editio
3495 5605 3613 5654 Ma-

1967 5678 2212 5728 nutiana.
2244 5678 2471 5730 Veteres
2510 5677 2779 5731 editiones
2816 5683 2874 5732 et
2909 5679 3013 5731 tria
3048 5676 3389 5743 exemplaria
3432 5676 3628 5727 vetera

1967 5749 2175 5800 habent
2204 5751 2369 5803 ruina
2398 5766 2513 5801 sua.
