4028 6200
463 248 566 302 347

1393 249 1448 305 S.
1489 251 1804 306 CYPRIANI
1845 251 2119 307 OPERUM
2162 251 2333 306 PARS
2371 251 2412 305 I.
2447 279 2515 290 —
2543 249 2903 306 EPISTOLA'I.

3685 258 3771 314 348

361 419 363 422 .
460 392 566 430 non
614 379 899 447 acquiescit
939 378 1088 431 sanis
1124 377 1299 432 verbis
1341 378 1446 446 (64)
1496 380 1712 432 Domini
1754 381 1926 432 nostri
1969 381 2095 434 Jesu
2118 379 2356 462 Alium,
2412 377 2550 432 sicut
2603 379 2777 433 semel
2834 377 3064 448 placuit,
3126 395 3192 432 ea
3243 394 3368 448 quae
3421 381 3624 450 agenda
3661 389 3781 438 sunt

462 471 662 526 Christi
711 478 761 524 et
818 471 1077 525 doctrinae
1122 472 1253 540 ejus,
1303 477 1516 542 stupore
1562 470 1607 506 ⁵⁷
1653 473 1849 536 elatus,
1890 473 2096 527 discede

460 564 526 616 ab
556 564 866 633 hujusmodi
895 562 1010 634 (65)
1051 565 1089 633 (Ι
1123 566 1280 626 Tim.,
1310 581 1383 630 v1,
1417 568 1467 627 3,
1501 565 1572 634 5).
1610 566 1676 618 Et
1705 565 1913 619 iterum
1962 566 2095 620 dicit

458 656 625 725 ipse:
659 661 823 713 Nemo
868 673 958 711 vos
1004 658 1241 727 decipiat
1284 660 1539 712 inanibus
1583 659 1777 713 verbis.
1807 661 2096 728 Propterea

458 752 600 804 enim
665 754 810 806 venit
870 754 958 806 ira
1016 755 1111 806 Dei
1155 767 1316 821 super
1372 753 1509 820 ﬁlios
1572 756 1915 807 contumaciae
1966 754 2090 824 (66).

457 845 634 900 Nolite
662 861 786 914 ergo
833 861 938 900 esse
983 848 1283 915 participes
1323 862 1503 900 eorum
1547 847 1782 915 (Ephes.,
1831 863 1882 915 v,
1915 849 1967 909 6,
2016 845 2090 915 '7).

457 938 582 993 Non
633 941 719 992 est
768 940 937 1009 quod,
980 940 1200 1011 decepti
1242 939 1505 994 inanibus
1551 940 1756 1006 verbis,
1804 940 2095 1011 pravitatis

458 1048 655 1086 eorum
700 1033 984 1104 incipiatis
1028 1050 1148 1088 esse
1189 1033 1495 1105 participes
1530 1034 1599 1087 ⁵⁸.
1628 1034 1914 1090 Discedite
1947 1050 1979 1087 a
2015 1042 2094 1088 ta-

458 1125 624 1192 libus,
672 1143 861 1198 quaeso
909 1144 1023 1194 vos,
1074 1131 1130 1181 et
1175 1127 1514 1198 acquiescite
1562 1127 1808 1182 consiliis
1863 1129 2089 1195 nostris,

457 1219 554 1290 qui
597 1236 703 1291 pro
753 1219 948 1293 338
1003 1221 1158 1275 vobis
1207 1221 1458 1291 quotidie
1501 1222 1798 1276 continuas
1846 1223 2090 1276 Domino

455 1330 662 1383 preces
693 1315 1010 1380 fundimus,
1043 1315 1137 1386 qui
1171 1331 1265 1368 vos
1309 1315 1381 1369 ad
1427 1315 1731 1370 Ecclesiam
1763 1316 2013 1371 revocari
2042 1317 2089 1350 59

452 1423 556 1478 per
583 1409 804 1463 Domini
831 1409 1197 1464 clementiam
1218 1409 1496 1479 cupimus,
1516 1409 1614 1480 qui
1647 1409 1717 1464 de
1747 1411 1856 1464 Deo
1885 1427 2088 1482 pacem

455 1502 854 1571 plenissimam
888 1503 1044 1573 prius
1074 1503 1262 1564 matri,
1295 1506 1414 1557 tum
1451 1507 1504 1557 et
1535 1503 1662 1558 ﬁliis
1692 1505 1813 1574 cjus
1839 1521 2086 1559 oramus.

456 1595 595 1648 Cum
654 1596 918 1666 precibus
969 1599 1141 1667 atque
1201 1597 1550 1652 orationibus
1611 1598 1818 1652 nostris
1879 1603 2090 1653 vestras

453 1704 683 1760 quoque
729 1690 1019 1745 orationes
1069 1695 1121 1744 et
1167 1707 1362 1761 preces
1403 1691 1656 1762 jungite,
1688 1709 1814 1747 cum
1864 1692 2087 1747 ﬂetibus

454 1784 658 1836 uostris
726 1791 941 1838 vestras
1006 1785 1284 1855 lacrymas
1334 1786 1611 1856 copulate.
1666 1786 1841 1840 Vitate
1902 1788 2083 1857 lupos,

454 1877 551 1946 qui
579 1893 711 1930 oves
753 1894 781 1930 a
831 1884 1056 1948 pastore
1097 1884 1415 1933 secernunt.
1442 1879 1624 1934 Vitate
1669 1881 1931 1950 linguam
1962 1880 2086 1935 dia-

450 1968 562 2023 boli
591 1974 953 2040 venenatam,
987 1973 1104 2044 qui,
1139 1973 1209 2026 ab
1241 1973 1401 2028 initio
1433 1974 1631 2028 mundi
1670 1975 1833 2028 fallax
1862 1992 2089 2046 semper

452 2068 507 2117 et
537 2065 807 2132 mendax,
840 2067 1117 2120 mentitur
1145 2071 1209 2121 ut
1235 2067 1410 2135 fallat,
1443 2067 1737 2123 blanditur
1769 2072 1828 2122 ut
1860 2075 2084 2137 noceat,

447 2157 599 2212 bona
638 2159 927 2229 promittit
952 2167 1015 2214 ut
1056 2161 1271 2215 malum
1319 2163 1548 2229 tribuat,
1584 2163 1754 2217 vitam
1787 2163 2088 2233 pollicetur

449 2257 511 2306 ut
557 2253 822 2322 perimat.
882 2256 1091 2309 Lucent
1149 2271 1302 2308 nunc
1354 2271 1576 2327 quoque
1630 2257 1799 2311 verba
1849 2258 1990 2327 ejus,
2032 2262 2088 2312 et

448 2363 668 2402 venena
699 2348 1002 2403 manifesta
1029 2356 1158 2403 sunt
1185 2372 1193 2402 :
1229 2366 1424 2419 pacem
1457 2351 1781 2421 pollicetur,
1804 2367 1873 2406 ne
1892 2368 2087 2423 perve-

445 2440 557 2494 niri
590 2441 850 2511 possitad
871 2459 1074 2514 pacem
1099 2461 1111 2509 ;
1133 2444 1370 2497 salutem
1396 2445 1702 2514 promittit,
1727 2462 1797 2500 ne
1821 2446 1915 2516 qui
1939 2446 2081 2500 deli-

445 2535 564 2604 quit
601 2535 786 2590 veniat
804 2535 874 2590 ad
903 2537 1146 2592 salutem
1171 2556 1187 2606 ;
1221 2537 1528 2592 Ecclesiam
1556 2538 1817 2609 spondet,
1852 2540 2083 2610 quando

443 2629 498 2683 id
531 2634 662 2698 agat
698 2635 761 2684 ut
786 2631 841 2685 id
875 2630 957 2684 illi
992 2631 1172 2686 credit
1201 2632 1259 2685 in
1288 2637 1467 2686 totum
1497 2632 1566 2685 ab
1597 2633 1837 2687 Ecclesia
1862 2637 2078 2704 pereat.

515 2724 624 2776 VII.
659 2725 818 2778 Nunc
863 2730 969 2793 est,
1004 2726 1203 2779 fratres
1239 2725 1349 2796 (67)
1394 2725 1761 2793 dilectissimi,
1791 2731 1855 2780 ut
1891 2730 1945 2781 et
1981 2729 2078 2798 qui

445 2818 613 2873 statis
649 2818 876 2874 fortiter
915 2819 1300 2890 perseveretis,
1330 2826 1383 2874 et
1422 2820 1787 2874 stabilitatem
1828 2824 2076 2876 vestram

443 2912 771 2982 gloriosam,
797 2929 966 2984 quam
993 2913 1050 2967 in
1081 2913 1471 2983 persecutione
1501 2915 1782 2980 tenuistis,
1802 2919 2079 2986 perpetua

439 3005 710 3063 ﬁrmitate
777 3007 1030 3074 servetis,
1090 3011 1147 3062 et
1209 3008 1251 3061 si
1305 3009 1353 3042 ⁶⁰
1404 3008 1539 3079 qui,
1602 3009 2077 3065 circumveniente

2197 472 2498 542 disponere
2552 472 2770 543 pariter
2821 479 2876 526 et
2932 471 3136 527 limare
3194 472 3514 542 poterimus.
3565 475 3616 529 Si
3665 479 3778 546 quis

2197 569 2389 619 autem
2424 607 2437 634 ,
2513 565 2903 636 paenitentiam
2967 582 3137 636 agere
3204 569 3262 619 et
3321 568 3427 621 Deo
3493 568 3780 625 satisfacere

2196 659 2538 726 detrectans,
2571 659 2642 713 ad
2673 658 2994 714 Felicissimi
3016 660 3122 728 (70)
3153 659 3455 714 satellitum
3480 661 3590 732 ejus
3616 667 3782 732 partes

2197 753 2535 807 concesserit
2567 752 2701 824 (7i),
2736 759 2792 807 et
2832 770 2891 807 se
2919 754 3201 807 haeretica;
3239 753 3463 808 factioni
3501 755 3780 825 conjunxe-

2195 847 2287 914 rit,
2325 845 2516 919 339
2545 847 2682 901 sciat
2720 863 2780 901 se
2825 851 3020 918 postea
3061 848 3136 901 ad
3185 847 3487 902 Ecclesiam
3528 848 3698 904 redire
3733 854 3784 904 et

2195 956 2325 994 cum
2358 941 2638 1012 episcopis
2676 946 2734 996 et
2772 941 2942 1012 plebe
2989 941 3194 998 Christi
3237 943 3646 997 communicare
3683 961 3783 997 non

2195 1050 2380 1105 posse.
2447 1034 2592 1104 Opto
2654 1050 2752 1088 vos
2786 1075 2799 1101 ,
2867 1034 3072 1088 fratres
3138 1034 3504 1102 charissimi,
3583 1052 3785 1106 semper

2192 1128 2336 1182 bene
2413 1129 2599 1184 valere
2672 1131 2729 1183 et
2800 1127 2950 1184 circa
3048 1129 3276 1184 Domini
3375 1129 3785 1184 misericordiam

2195 1221 2304 1292 (72)
2337 1222 2683 1277 exorandam
2725 1222 3008 1277 continuis
3051 1222 3344 1279 nobiscum
3387 1224 3638 1296 precibus
3673 1223 3787 1278 insi-

2193 1322 2359 1370 stere.

2761 1433 3082 1488 EPISTULA
3119 1434 3224 1490 XLI
3237 1475 3248 1487 .

2190 1557 2424 1619 (Emam,
2457 1569 2512 1620 ιι,
2543 1561 2593 1606 11
2623 1573 2638 1620 ;
2664 1558 2876 1620 Fumat,
2899 1557 3102 1620 Rigalt.,
3129 1558 3319 1619 Baluz.,
3349 1569 3468 1621 XLI;
3501 1557 3635 1607 Paris
3659 1595 3671 1617 ,
3694 1568 3786 1619 XL;

2691 1629 2878 1688 Oxou.,
2934 1628 3087 1691 Lips.,
3144 1630 3306 1690 xmv.)

2109 1759 2254 1831 ΒΜ)
2309 1765 2627 1817 CORNELIUM,
2685 1765 2828 1812 QUOD
2886 1765 3288 1804 ORDINATIONEM
3355 1765 3635 1805 NOVATIANI
3689 1764 3787 1803 NON

2849 1845 3150 1885 RECEPERIT.

2187 1961 2581 2014 Ancum-mrum.
2615 1989 2684 1998 —
2709 1961 2912 2016 Nuntii
2949 1975 2984 2012 a
3019 1962 3322 2017 Noratiano
3349 1961 3516 2028 missi,
3539 1961 3630 2028 qui
3659 1959 3792 2012 illius

2258 2049 2658 2104 ordinationem
2712 2051 2957 2104 Ecclesiae
3010 2047 3428 2120 Carthaginensi
3486 2051 3791 2119 signiﬁcave-

2257 2143 2407 2201 rant,
2432 2155 2466 2193 a
2491 2139 2761 2209 Cypriano
2787 2140 3134 2208 rejiciuntur.

2260 2281 2433 2350 (Hanc
2459 2281 2755 2351 epistolam
2787 2283 2856 2336 ad
2883 2288 3107 2337 tomum
3155 2284 3318 2352 l(col.
3349 2287 3495 2349 721),
3528 2299 3649 2336 cum
3689 2281 3792 2352 epi-

2185 2361 2342 2415 stolis
2375 2361 2433 2416 S.
2463 2362 2709 2416 Cornelii
2739 2379 2905 2434 papas
2946 2364 3412 2432 consociandam,
3444 2361 3789 2429 remisimus.)

2736 2501 3063 2557 EPISTOLA
3103 2503 3259 2557 XLII.

2183 2633 2382 2695 (Erasm
2414 2673 2425 2692 ,
2450 2645 2506 2692 II,
2535 2637 2626 2696 10;
2653 2635 2872 2696 Pamel.,
2893 2635 3099 2698 Rigalt,
3121 2637 3312 2698 Baluz.,
3331 2647 3478 2698 xui;
3511 2634 3793 2696 Paris.,xu;

2243 2706 2390 2754 Oxon
2418 2743 2431 2762 ,
2460 2705 2615 2769 l.ips.,
2648 2718 2778 2768 va;
2809 2706 3100 2763 Coustaut..
3137 2708 3294 2771 Epist.
3338 2710 3489 2757 Rom.
3529 2707 3726 2766 Pontif,
3761 2719 3790 2767 ι,

2243 2793 2292 2840 p.
2326 2780 2411 2828 127
2460 2778 2716 2840 Galland.,
2747 2779 2876 2828 Bibl.
2900 2783 3003 2829 vet.
3042 2782 3162 2840 PP.,
3188 2792 3264 2841 ιιι,
3295 2795 3344 2844 p.
3377 2781 3511 2840 336.)

2179 2925 2246 2964 AD
2285 2922 2610 2977 CORNELIUM,
2642 2924 2708 2962 DE
2745 2925 3104 2964 OIIDINATIONE
3132 2926 3251 2964 EJL’S
3291 2927 3322 2963 Α
3364 2925 3427 2964 δε
3467 2924 3789 2964 ΟΟΙΡΗΟΒΑΤΛ

2776 3006 2839 3044 ΕΤ
2879 3005 3216 3046 FELICISSIMO.

439 3101 784 3168 adversario,
827 3102 970 3172 lapsi
1022 3102 1173 3170 estis,
1223 3102 1284 3155 in
1325 3102 1572 3156 secunda
1617 3103 1718 3157 hac
1761 3104 2075 3158 tentationo
2097 3134 2150 3207 Ο
2178 3121 2573 3173 Amyntam“.
2608 3149 2676 3157 _
2712 3122 2944 3174 Εωοηεαι
2974 3135 3026 3174 se
3067 3119 3378 3189 Cyprianus
3409 3121 3554 3190 quod
3581 3118 3786 3174 indum-

437 3195 554 3265 spei
586 3199 642 3248 et
686 3195 807 3266 paci
843 3200 1039 3250 vestrae
1065 3195 1307 3250 ﬁdeliter
1344 3197 1682 3262 consulatis;
1717 3200 1772 3250 et
1815 3201 1876 3250 ut
1915 3198 2073 3251 vobis

437 3289 712 3342 Dominus
754 3289 1030 3358 ignoscat,
1061 3307 1088 3343 a
1133 3289 1516 3344 sacerdotibus
1561 3290 1779 3343 Domini
1827 3308 1939 3344 non
1982 3308 2071 3344 re-

437 3381 671 3450 cedatis,
730 3398 858 3437 cum
909 3383 1180 3453 scriptum
1229 3383 1300 3436 sit
1356 3402 1368 3436 :
1426 3386 1492 3438 Et
1557 3385 1708 3437 homo
1762 3388 2073 3455 quicunque

435 3478 627 3543 fecerit
661 3478 719 3529 in
748 3478 1018 3547 superbia,
1063 3484 1125 3531 ut
1168 3493 1272 3531 non
1321 3478 1582 3531 exaudiat
1624 3479 1950 3548 sacerdotem
1976 3485 2073 3534 aut

425 3570 672 3638 judicem
735 3573 1055 3639 quicumque
1110 3573 1281 3638 fuerit
1336 3575 1393 3625 in
1459 3573 1644 3625 diebus
1706 3572 1834 3636 illis,
1882 3577 2068 3628 morie-

435 3669 525 3718 tur
555 3664 706 3718 homo
746 3666 837 3719 ille
887 3665 1086 3734 (Deut...
1126 3681 1253 3734 xvu,
1294 3666 1400 3734 l2).
1458 3666 1867 3720 Persecutionis
1911 3667 2072 3721 istius

432 3757 736 3812 novissima
774 3759 895 3813 haec
931 3762 1016 3813 est
1045 3764 1101 3812 et
1129 3736 1386 3814 extrema
1414 3759 1674 3826 tentatio,
1705 3777 1829 3831 quae
1861 3766 1917 3815 et
1953 3761 2073 3832 ipsa

434 3852 568 3918 cito,
613 3852 851 3906 Domino
893 3858 1251 3923 protegente,
1280 3853 1566 3921 transibit,
1597 3857 1660 3907 ut
1693 3858 2074 3925 reprwsenter

434 3944 547 4016 (68)
592 3944 750 3999 vobis
794 3951 920 4016 post
965 3947 1193 4000 Paschas
1241 3946 1392 4000 diem
1438 3963 1566 4000 cum
1619 3947 1853 4018 collegis
1895 3947 2068 4017 meis;

433 4038 641 4108 quibus
687 4039 1086 4110 prmsentibus,
1127 4040 1442 4094 secundum
1494 4040 1793 4095 arbitrium
1837 4057 2065 4112 quoque

431 4135 678 4186 vestrum
714 4136 771 4186 et
801 4133 1062 4187 omnium
1095 4136 1353 4188 nostrum
1390 4133 1499 4203 (69)
1538 4150 1841 4188 commune
1876 4135 2059 4188 consi-

2251 3213 2423 3261 talam
2468 3209 2627 3274 fidem
2677 3224 2784 3262 non
2844 3209 3094 3263 habuerit
3153 3211 3495 3264 ordinationi
3548 3209 3785 3264 Comelii.

2241 3301 2564 3367 priusquam
2614 3299 2688 3351 ad
2729 3315 2781 3351 se
2826 3302 3166 3368 per-venirent
3225 3301 3423 3354 litterae
3479 3301 3786 3366 collegarum

2247 3388 2501 3442 Caldonii
2541 3392 2590 3441 et
2632 3389 2942 3450 Fortunati,
2971 3389 3164 3458 quibus
3205 3391 3305 3443 illa
3353 3391 3594 3457 legitima
3633 3390 3788 3452 fuisse

2244 3478 2620 3547 comprobatur
2663 3496 2679 3530 :
2732 3478 2917 3547 idque,
2969 3478 3032 3532 ob
3086 3481 3426 3533 contrariam
3483 3481 3788 3536 Novatiana:

2238 3568 2416 3635 partis
2459 3568 2771 3633 factionem,
2801 3566 2970 3620 obiter
3021 3573 3280 3636 repetens,
3309 3567 3461 3635 quod
3502 3567 3588 3621 illi
3617 3567 3787 3620 statim

2242 3658 2302 3708 in
2361 3656 2491 3725 ipsis
2547 3655 2860 3724 primordiis
2921 3670 3025 3708 non
3085 3656 3374 3709 adhzserit
3399 3698 3414 3719 ,
3477 3656 3569 3711 sed
3625 3656 3790 3724 potius

2245 3745 2507 3806 Cornelio,
2539 3761 2706 3813 usque
2749 3745 2880 3799 adeo
2919 3751 2978 3798 ut
3010 3747 3412 3801 criminationes
3450 3751 3635 3801 contra
3663 3746 3787 3798 lianc

2241 3837 2510 3904 suscipere
2539 3834 2853 3888 detrectarit
2865 3874 2876 3886 .

2247 3974 2422 4042 (lianc
2466 3972 2780 4043 epistolam,
2813 3972 2955 4026 sicut
2991 3972 3410 4042 praecedentem
3459 3979 3516 4028 et
3557 3987 3784 4043 sequen-

2167 4060 2304 4120 tem,
2335 4053 2405 4107 ad
2437 4058 2654 4107 tomum
2687 4054 2706 4105 I
2741 4053 2861 4122 (col.
2891 4050 3038 4121 725),
3062 4051 3154 4105 ubi
3173 4053 3242 4106 de
3271 4055 3324 4108 S.
3357 4053 3610 4110 Cornelii
3638 4067 3786 4124 papa:

2165 4133 2438 4205 epistolis,
2468 4133 2925 4188 transferendam
2957 4132 3269 4201 duximus.)

1797 4322 2008 4386 Variae
2068 4321 2412 4386 lectiones.

491 4491 532 4523 ⁵⁷
559 4491 797 4542 Tumore
827 4493 1025 4541 Erasm.
1095 4493 1136 4527 ⁵⁸
1160 4493 1280 4543 Non
1304 4495 1377 4544 sit
1404 4493 1553 4557 quod
1584 4494 1703 4544 dec.
1738 4506 1854 4543 vos.
1885 4493 1939 4541 in
1965 4491 2117 4542 verb.
2159 4505 2271 4540 non
2311 4490 2597 4554 pravitatis
2635 4502 2828 4540 eorum
2866 4489 3146 4554 incipiatis
3181 4503 3304 4541 esse
3345 4491 3644 4555 participes
3678 4490 3781 4540 Nic.

431 4560 559 4610 Fab.
627 4562 668 4594 ⁵)
691 4562 973 4614 Revocare
1010 4565 1136 4613 Vict.
1165 4567 1302 4615 Foss.
1369 4565 1412 4598 σθ
1441 4565 1507 4614 Et
1536 4566 1629 4630 qui
1661 4565 1796 4614 Pam.
1840 4565 1970 4612 Voss.
2009 4562 2054 4612 2.
2091 4561 2213 4612 Bod.
2253 4562 2297 4620 l,
2323 4561 2368 4610 2.
2407 4562 2545 4610 Lam.

1715 4739 1940 4821 Steph.
2004 4736 2248 4800 Baluzii
2306 4740 2500 4798 notas.

489 4903 582 4964 (64)
617 4905 730 4954 Non
767 4904 1051 4966 acquiescit
1091 4907 1240 4956 sanis
1276 4905 1464 4956 verbis.
1508 4904 1614 4956 Sex
1656 4904 1781 4954 libri
1821 4907 2049 4964 veteres,

423 4987 529 5021 non
560 4975 844 5038 acquiescit
871 4979 1020 5026 sanis
1047 4978 1382 5027 sermonibus.
1408 4977 1500 5028 Sic
1529 4978 1695 5028 etiam
1725 4977 1778 5025 in
1810 4976 2052 5027 editione

423 5045 642 5106 vulgata
677 5045 939 5108 Epistolas
965 5050 1140 5098 sancti
1173 5049 1327 5098 Pauli
1355 5048 1423 5098 ad
1450 5049 1738 5110 Ephesios.

487 5117 580 5176 (63)
653 5117 859 5166 Discede
923 5120 987 5168 ab
1055 5120 1372 5183 hujusmodi.
1443 5122 1521 5170 Ita
1587 5121 1859 5183 scripturn
1937 5118 2051 5168 vidi

424 5187 478 5235 in
510 5199 610 5236 xxv
649 5189 1062 5252 exemplaribus
1101 5192 1359 5255 antiquis.
1405 5191 1638 5255 Reliqua
1679 5191 1917 5240 multum
1958 5205 2051 5240 va-

423 5260 579 5307 riant.

483 5329 577 5391 (66)
613 5328 979 5380 Contumaciae.
1014 5333 1093 5381 Ita
1116 5333 1282 5382 etiam
1315 5333 1470 5396 epist.
1502 5333 1581 5388 64,
1615 5347 1736 5395 pag.
1769 5332 1884 5391 112;
1917 5335 1972 5381 et
1997 5332 2051 5380 in

416 5401 558 5450 libro
594 5401 657 5450 de
691 5403 898 5453 Unitate
923 5402 1183 5463 Ecclesiae,
1211 5419 1332 5468 pag.
1363 5404 1475 5454 202.
1510 5403 1649 5453 Vide
1675 5404 2055 5454 Annotationes

419 5473 636 5522 Erasmi
673 5474 742 5522 ad
772 5473 925 5526 hunc
956 5475 1140 5525 locum
1175 5476 1345 5523 Pauli.

481 5544 574 5604 (67)
629 5546 778 5594 Nunc
829 5549 904 5593 est
953 5543 1178 5606 fratres.
1219 5545 1446 5597 Veteres
1497 5546 1763 5596 editiones
1808 5545 2054 5594 habent:

421 5617 564 5665 Nunc
644 5616 938 5666 curandum
1021 5623 1092 5667 est
1168 5617 1386 5680 fratres.
1469 5617 1651 5667 Editio
1736 5617 2054 5667 Manutiana

420 5687 687 5750 expunxit
722 5701 915 5738 vocem
957 5689 1271 5738 curandum.
1309 5689 1388 5738 Ea
1437 5703 1566 5739 vero
1607 5687 1759 5739 deest
1796 5689 1848 5736 in
1884 5688 2055 5750 quin-
2095 5685 2098 5688 ί

421 5771 531 5820 que
567 5760 807 5824 antiquis
844 5761 1272 5825 exemplaribus,
1302 5766 1357 5812 et
1382 5759 1604 5812 videtur
1644 5773 1765 5812 esse
1803 5775 1868 5812 ex
1911 5758 2056 5824 glos-

432 5836 659 5884 semate.

2217 4902 2314 4964 (68)
2352 4903 2720 4965 Repraesentat
2759 4901 3013 4962 Quatuor
3051 4900 3178 4950 libri
3215 4905 3430 4952 veteres
3465 4902 3674 4953 habent
3707 4915 3780 4948 re-

2153 4978 2452 5036 praesentem
2481 4985 2578 5021 me.

2218 5044 2313 5104 (69)
2341 5043 2583 5092 Omnium
2613 5049 2867 5094 nostrum.
2906 5045 2966 5092 In
3012 5043 3290 5107 plerisque
3326 5044 3558 5094 vetustis
3596 5057 3782 5093 exem-

2155 5114 2400 5178 plaribus
2429 5115 2693 5178 scriptum
2726 5120 2808 5166 est
2840 5115 3012 5164 animi
3043 5115 3224 5164 nostri.

2220 5187 2311 5248 (70)
2338 5185 2417 5235 Ad
2440 5185 2764 5236 Felicissimi.
2799 5187 3026 5236 Veteres
3051 5185 3326 5236 editiones
3355 5186 3780 5237 ante'Manutia-

2153 5271 2281 5307 nam
2307 5261 2362 5308 et
2389 5261 2601 5320 septem
2641 5262 2826 5308 vetera
2857 5257 3194 5320 exemplaria
3223 5260 3526 5322 praeferunt
3560 5257 3631 5307 ad
3659 5255 3782 5316 infe-

2156 5329 2406 5379 licissimi.
2440 5329 2718 5379 Manutius
2753 5333 2808 5378 et
2850 5328 3131 5379 Morellius
3169 5334 3219 5377 et
3259 5333 3384 5380 octo
3421 5330 3554 5378 item
3595 5342 3780 5379 exem-

2152 5401 2327 5464 plaria
2354 5405 2539 5451 vetera
2568 5401 2624 5450 in
2658 5400 2965 5463 felicissimi.
3009 5401 3130 5450 Alia
3163 5401 3274 5451 duo
3316 5405 3525 5463 vetera,
3559 5401 3630 5451 ad
3658 5399 3781 5462 feti-

2152 5485 2364 5521 ειδειηιι.

2220 5546 2316 5602 (7-1)
2349 5545 2684 5594 Concesserit.
2719 5543 2907 5595 Codex
2940 5544 3234 5605 Fuxensis,
3266 5544 3599 5595 consenserit.

2221 5615 2316 5675 (72)
2392 5616 2831 5666 Misen'wrdiam.
2910 5615 3101 5667 Codex
3174 5615 3492 5676 Lmtiensis,
3560 5615 3780 5665 clemen-

2156 5684 2302 5735 tiam.
2340 5686 2448 5736 Sed
2482 5691 2758 5751 postrema
2791 5689 2893 5737 ista
2929 5703 3055 5751 pars
3097 5688 3251 5739 deest
3291 5689 3349 5738 in
3382 5685 3577 5738 codice
3610 5685 3780 5736 sancti

2156 5757 2448 5823 Arnulplii.
