4160 6216
306 209 393 266 349
1698 202 1896 258 EPISTt

2002 218 2019 254 ι
2057 198 2209 256 XLV.

819 335 1141 394 EPISTOLA
1180 334 1328 390 XLIII
1340 375 1351 387 .

301 468 584 530 (Erasm.,II,
612 472 640 515 9
666 482 680 529 ;
710 465 923 527 Pamel.,
948 465 1152 529 Rigalt,
1169 465 1359 524 Balnz.,
1378 474 1503 514 XLIII
1527 478 1541 525 ;
1564 462 1746 521 Paris,
1764 471 1899 522 XLII;

350 540 525 598 Oxou.,
558 538 715 600 Lips,
756 548 926 597 XLVII;
963 536 1255 594 Coustant.,
1291 534 1449 599 Epist.
1481 536 1626 583 Rom.
1669 534 1839 593 Pent,
1861 542 1898 591 I,

349 624 397 674 p.
426 613 529 658 130.
552 609 808 671 Galland.,
841 608 972 658 Bibl.
1004 611 1127 658 velt.
1160 608 1278 669 PP.,
1304 621 1357 671 p.
1393 604 1526 667 335.)

292 741 351 780 AD
387 740 619 792 εωωει,
661 739 801 786 QUOD
838 740 907 780 AD
945 736 1313 778 CONFESSORES
1351 737 1420 774 AB
1458 733 1762 775 NOVATIANO
1804 734 1896 773 SE-

701 818 897 860 DUCTOS
934 820 1187 860 LITTERAS
1224 818 1460 859 FECBRIT.

290 936 651 991 Aacvuen'ruu
698 936 937 1006 epistola
976 936 1167 991 titulus
1211 938 1347 991 satis
1398 935 1643 1003 indicat;
1691 937 1901 989 constat

349 1022 535 1097 340
565 1031 742 1081 autem
770 1041 837 1081 ea:
864 1029 1055 1080 nuntio
1083 1042 1197 1081 una
1220 1027 1439 1083 missam
1463 1026 1605 1081 hanc
1619 1024 1901 1094 epistolam

345 1118 391 1168 et
411 1120 714 1184 sequentem
736 1131 854 1169 cum
875 1118 1155 1185 praesenti.

517 1239 677 1311 (Vide
706 1243 926 1296 tomum
965 1240 1340 1312 superiorem,
1371 1241 1474 1295 col.
1508 1239 1654 1307 73f.)

808 1375 1138 1433 EPISTOLA
1177 1376 1352 1431 XLIV.

287 1506 509 1569 (Erasm,
546 1518 625 1568 III,
668 1511 734 1569 3;
778 1508 997 1569 Pamel.,
1034 1508 1246 1571 Rigalt.,
1280 1507 1471 1564 Belua,
1512 1517 1665 1566 xuv;
1718 1505 1899 1569 Paria,

716 1590 875 1642 XLIII;
903 1580 1053 1629 Oxon
1077 1616 1093 1641 ,
1112 1580 1289 1645 ,Lips.,
1310 1578 1467 1642 XLVI.)

3528 193 3630 249 350

1926 346 1982 419 Α
2003 331 2197 386 minici
2222 330 2417 403 gregis
2436 314 2692 384 animum
2733 329 2790 382 et
2813 343 3018 398 corpus
3043 341 3223 381 unum
3258 315 3369 392 (78)
3403 317 3634 374 discissa

2003 426 2367 481 aemulatione
2396 422 2651 479 lacerari.
2685 423 2841 486 Quod
2887 436 3081 492 quasso
3118 424 3179 474 ut
3219 418 3278 472 in
3319 414 3478 469 vobis
3517 412 3630 466 sal-

2000 524 2115 575 tem
2160 519 2415 576 illicitum
2468 518 2613 572 istud
2662 514 3033 571 fraternitatis
3071 516 3277 567 nostra:
3324 506 3629 563 discidium

2002 629 2118 670 non
2182 618 2523 684 perseveret,
2572 610 2709 679 sed,
2766 615 2822 664 et
2869 606 3238 663 confessionis
3305 605 3506 659 vestrae
3572 602 3634 656 et

2000 708 2204 762 divinae
2260 705 2581 761 traditionis
2643 718 2962 769 memores,
3018 699 3090 754 ad
3138 703 3383 754 matrem
3446 710 3629 749 rever-

2001 801 2205 856 tamini
2271 800 2382 872 (79)
2449 794 2599 854 unde
2663 794 2952 869 prodiistis
2985 838 2999 865 ,
3064 793 3216 848 unde
3274 791 3345 845 ad
3410 788 3630 844 confes-

2000 895 2170 950 sionis
2238 893 2483 966 gloriam
2547 908 2679 948 cum
2742 890 2999 962 ejusdem
3047 886 3246 943 matris
3294 882 3622 939 exsultatio-

1999 1006 2073 1043 ne
2124 988 2369 1045 venistis.
2422 988 2534 1042 Nec
2578 985 2789 1058 putetis
2836 985 2882 1019 ⁶²
2939 982 3045 1051 (80)
3098 980 3177 1035 sic
3230 995 3327 1033 vos
3373 979 3626 1046 Evange-

2000 1082 2139 1137 lium
2186 1081 2392 1139 Christi
2438 1096 2712 1147 asserere,
2746 1078 2882 1132 dum
2930 1074 3303 1145 vosmetipsos
3340 1088 3373 1125 a
3426 1067 3632 1124 Christi

2001 1193 2176 1249 grege
2216 1176 2367 1232 etab
2410 1175 2533 1245 ejus
2569 1190 2705 1246 pace
2749 1179 2807 1228 et
2831 1169 3136 1229 concordia
3178 1164 3469 1239 separatis,
3501 1177 3630 1217 cum

1999 1270 2186 1342 magis
2230 1269 2508 1324 militibus
2540 1266 2800 1340 gloriosis
2846 1272 2900 1322 et
2936 1264 3106 1320 bonis
3151 1263 3435 1332 congruat
3482 1257 3633 1311 intra

2000 1364 2311 1420 domestica
2348 1369 2527 1419 castra
2574 1362 2683 1433 (8i)
2726 1361 3057 1427 consistere,
3095 1360 3153 1413 et
3194 1356 3349 1411 intus
3395 1350 3630 1424 positos,

2000 1475 2068 1515 ea
2087 1474 2217 1531 quae
2243 1459 2302 1514 in
2330 1474 2638 1514 commune
2671 1454 2966 1511 tractanda
2993 1457 3127 1508 sunt
3154 1464 3325 1521 agere
3347 1464 3411 1502 ac
3436 1444 3629 1517 provi-

2000 1552 2152 1608 dere.
2205 1554 2369 1622 Nam,
2421 1550 2605 1625 341
2669 1566 2799 1606 cum
2848 1545 3193 1605 unanimitas
3238 1547 3294 1599 et
3331 1537 3631 1596 concordia

2002 1649 2193 1701 nostra
2221 1646 2403 1701 scindi
2440 1645 2676 1700 omnino
2708 1660 2824 1699 non
2855 1642 3078 1709 debeat,
3112 1637 3245 1711 quia
3281 1651 3405 1705 nos,
3438 1632 3628 1688 Eccle-

285 1696 1895 1808 L,:....C
1914 1722 1971 1795 Β
1996 1741 2079 1796 sia
2113 1740 2403 1808 derelicta,
2433 1741 2580 1795 foras
2608 1738 2762 1793 exire
2787 1743 2843 1793 et
2876 1737 2947 1792 ad
2978 1752 3074 1790 vos
3105 1732 3294 1789 venire
3332 1745 3447 1785 non
3494 1743 3626 1798 pos-

344 1788 554 1840 vatiani
574 1791 627 1841 et
645 1789 848 1845 Novati
871 1787 1116 1842 seductos
1146 1788 1415 1849 hortatur,
1439 1790 1499 1841 ut
1526 1785 1602 1841 ad
1626 1788 1896 1842 unitatem

341 1876 575 1931 redeant.

343 2007 656 2079 Cyprianus
687 2009 928 2063 Maximo
973 2014 1027 2064 et
1070 2009 1384 2064 Nicostrata
1424 2010 1534 2079 (73)
1581 2014 1636 2063 et
1680 2009 1900 2066 cmteris

283 2102 690 2157 confessoribus
715 2104 978 2158 salutem.
1007 2106 1147 2159 Cum
1175 2102 1531 2174 frequenter,
1560 2103 1896 2174 charissimi,

283 2196 645 2267 cognoveritis
684 2213 749 2251 ex
797 2197 1001 2251 litteris
1047 2197 1192 2252 meis
1243 2212 1414 2268 quem
1456 2201 1512 2252 et
1553 2197 1897 2253 confessioni

283 2294 462 2345 vestrae
513 2291 801 2347 honorem
848 2296 904 2346 et
943 2290 1287 2346 fraternitati
1333 2306 1600 2347 connexa:
1650 2291 1899 2348 dilectio-

284 2400 398 2438 nem
425 2400 551 2439 meo
579 2401 847 2441 sermone
897 2385 1265 2455 servaverim,
1299 2384 1560 2448 credatis,
1602 2402 1813 2458 quaeso,
1842 2392 1899 2442 et

282 2478 639 2549 acquiescatis
664 2479 756 2534 his
793 2480 999 2535 litteris
1028 2478 1195 2548 meis,
1230 2479 1433 2551 quibus
1470 2479 1626 2534 vobis
1661 2484 1719 2534 et
1746 2481 1896 2536 actui

282 2588 333 2625 ac
362 2571 627 2628 laudibus
656 2573 852 2629 vestris
892 2579 947 2629 et
977 2573 1161 2629 scribo
1200 2576 1258 2628 et
1285 2572 1616 2644 simpliciter
1644 2591 1710 2629 ac
1751 2573 1891 2628 fide-

2004 1851 2223 1902 sumus,
2258 1841 2320 1890 ut
2346 1850 2446 1889 vos
2490 1833 2677 1905 magis
2720 1832 2792 1887 ad
2830 1831 3133 1887 Ecclesiam
3175 1828 3419 1881 matrem
3462 1826 3520 1876 et
3558 1819 3631 1874 ad

2003 1933 2253 1984 nostram
2284 1931 2331 1965 ⁶³
2375 1928 2790 1984 fraternitatem
2837 1926 2947 1998 (82)
2992 1918 3381 1987 revertamini,
3422 1915 3630 1988 quibus

2001 2039 2303 2095 possumus
2354 2021 2736 2078 hortamentis
2774 2021 3019 2092 petimus
3061 2021 3118 2073 et
3161 2031 3451 2086 rogamus.
3481 2014 3628 2085 Opto

2001 2134 2115 2188 vos,
2145 2118 2348 2172 fratres
2374 2116 2713 2185 charissimi,
2744 2130 2968 2186 semper
2993 2114 3142 2169 bene
3172 2110 3378 2165 valere.

2558 2219 2876 2276 EPISTOLA
2915 2217 3061 2272 XLV.

1954 2365 1956 2367 >
2000 2343 2238 2406 (Emam,
2264 2353 2336 2402 IV,
2361 2346 2388 2391 8
2409 2356 2426 2404 ;
2446 2342 2659 2398 Pamel..
2688 2339 2893 2402 Rigalt,
2917 2337 3109 2395 831112.,
3133 2345 3231 2385 XLV
3256 2350 3271 2397 ;
3296 2333 3478 2392 Paris.,
3501 2341 3623 2381 ων

2059 2416 2249 2475 Oxon.,
2279 2415 2437 2476 L|p8.,
2465 2424 2621 2463 XLVIII
2641 2428 2657 2475 ;
2691 2410 2986 2469 Coustant.,
3008 2407 3171 2472 Epist.
3199 2408 3346 2457 Rom.
3386 2406 3560 2465 Pont.,
3588 2413 3627 2464 Ι,

2057 2501 2109 2550 p.
2137 2488 2254 2548 131;
2282 2484 2538 2544 Galland.,
2568 2483 2699 2533 Bibl.
2723 2485 2848 2531 vett.
2877 2481 2995 2541 PP.,
3024 2492 3101 2541 III,
3126 2494 3179 2543 p.
3211 2481 3300 2527 335
3326 2482 3343 2539 )

2151 2607 2219 2644 AD
2260 2605 2583 2657 CORNELIUM,
2623 2605 2691 2643 DE
2728 2601 3038 2644 POLYCARPO
3077 2596 3477 2640 HADRUMETINO.

282 2665 395 2761 liter
418 2667 683 2722 consulo.
714 2670 917 2724 Gravat
963 2668 1116 2722 enim
1156 2683 1249 2722 me
1287 2670 1460 2738 atque
1497 2668 1793 2723 contristat
1838 2673 1895 2724 et
1995 2695 2394 2749 ARGUMENTUM.
2424 2723 2489 2733 _
2513 2695 2629 2748 Hac
2658 2707 2711 2747 se
2744 2695 2951 2761 purgat
2987 2688 3214 2759 ερίετοια
3240 2685 3375 2756 quid
3408 2686 3623 2752 factum

282 2757 644 2816 intolerabilis
676 2763 922 2833 perculsi
961 2778 1104 2833 pene
1142 2761 1411 2832 prostrati
1454 2763 1695 2833 pectoris
1732 2780 1897 2819 moes-
2064 2788 2154 2847 sit,
2196 2790 2258 2839 ut
2301 2786 2510 2839 ξηιετεα
2568 2769 2698 2837 dum
2744 2757 3074 2835 hadmméti
3135 2778 3323 2845 fuerit,
3377 2789 3486 2828 non
3547 2773 3622 2827 ad

283 2853 386 2908 titia
423 2855 769 2926 perstringit
810 2872 941 2911 cum
968 2872 1068 2911 vos
1106 2855 1222 2910 illic
1266 2856 1669 2928 comperissem
1699 2861 1894 2913 contra
2068 2876 2393 2945 Cornelium,
2424 2875 2517 2931 sed
2566 2875 2639 2929 ad
2678 2874 2876 2927 clerum
2920 2875 3216 2927 Romanum
3260 2868 3453 2921 littera
3491 2865 3621 2918 inde

286 2948 701 3004 ecclesiasticam
751 2952 862 3021 (74)
918 2949 1372 3021 dispositionem,
1421 2957 1617 3005 contra
1657 2967 1895 3023 evange-

2062 2983 2097 3020 a
2122 2966 2414 3035 Polycarpi
2442 2965 2580 3019 clero
2604 2964 2817 3031 fuerint
2858 2963 3043 3027 facta,
3084 2974 3205 3013 cum
3243 2963 3423 3010 tamen
3460 2958 3622 3008 antea

283 3040 423 3095 licam
468 3043 683 3114 legem,
711 3048 912 3098 contra
955 3043 1327 3098 institutionis
1367 3044 1659 3100 catholica:
1706 3046 1890 3101 unita-
1916 3103 1966 3125 ﬂ
2065 3058 2181 3125 ipse
2231 3054 2567 3124 Polycurpus
2615 3052 2691 3107 ad
2734 3049 3037 3107 Cornelium
3097 3048 3280 3117 potius
3322 3045 3618 3113 scripserit.

282 3140 381 3188 tem
403 3137 467 3202 5',
502 3137 685 3191 alium
717 3137 1048 3208 episcopum
1079 3137 1188 3209 (75)
1220 3136 1343 3193 ﬁeri
1379 3139 1729 3194 consensisse
1756 3140 1891 3211 (76),
1913 3136 1969 3178 υ
2069 3144 2293 3200 Constat
2322 3148 2500 3198 autem
2529 3159 2595 3197 ea:
2621 3145 2738 3212 ipso
2773 3142 3020 3195 contemtu
3051 3136 3220 3208 paulo
3254 3138 3381 3204 post
3417 3147 3619 3202 praece-

286 3227 329 3280 id
365 3235 460 3294 est,
502 3232 657 3301 quod
704 3247 810 3285 nec
858 3231 943 3285 fas
990 3237 1076 3285 est
1114 3248 1221 3286 nec
1258 3232 1391 3287 licet
1430 3233 1571 3300 fieri,
1599 3234 1893 3288 ecclesiam
2063 3233 2244 3287 dentes
2267 3232 2407 3288 hanc
2427 3248 2530 3287 esse
2551 3233 2928 3299 conscriptam.

283 3320 428 3376 aliam
474 3324 584 3393 (77)
620 3324 907 3392 constitui,
936 3324 1144 3380 Christi
1187 3326 1443 3382 membra
1482 3326 1748 3398 discerpi,
1780 3328 1889 3382 Do-
2462 3322 2619 3396 (Vide
2644 3327 2784 3393 tom.
2810 3323 2851 3389 Ι,
2882 3322 2986 3376 col.
3019 3320 3165 3389 732.)

1639 3481 1848 3546 Variae
1900 3482 2240 3547 lectiones.

286 3626 370 3743 Eb:
394 3626 698 3748 Gztchoziczaa
724 3626 1011 3676 veritatem
1036 3626 1175 3675 Lam.
1204 3625 1330 3676 Bod.
1367 3626 1415 3676 2.
1483 3627 1526 3660 ⁸³
1541 3628 1654 3678 Nec
1687 3629 1921 3692 potestis
1945 3631 2088 3679 Lam.
2124 3628 2258 3677 Ebor
2300 3630 2411 3679 Lin.
2448 3626 2557 3679 ΝΟ.
2600 3629 2643 3690 l,
2675 3625 2720 3675 2.
2788 3628 2832 3659 6³
2852 3626 3107 3676 Vestram
3134 3623 3249 3674 Ben.
3286 3623 3445 3685 Neap.
3476 3622 3614 3671 Lam.

371 3714 406 3744 π’.
429 3722 443 3747 I
522 3738 532 3748 .
600 3736 614 3748 .
677 3736 687 3746 .

371 3714 406 3744 Γ.
429 3714 532 3748 IVU.
571 3714 614 3760 I,
639 3714 687 3748 Ζ.

1553 3797 1779 3879 Steph.
1825 3799 2072 3863 Baluzii
2117 3804 2314 3864 notae.

2053 3938 2155 4000 (79)
2180 3938 2258 3987 Ad
2283 3941 2504 3986 matrem
2534 3933 2890 3984 recertamini.
2918 3932 3009 3984 Uti
3035 3944 3130 3983 eos
3154 3930 3353 3981 fecisse
3375 3927 3618 3979 diximus

1989 4007 2057 4057 ad
2089 4008 2377 4071 epistolam
2407 4008 2460 4056 ti
2474 4044 2485 4055 .

2051 4070 2154 4140 (80)
2181 4079 2283 4127 Nec
2314 4078 2527 4141 putetis.
2573 4075 2882 4127 Duodecim
2923 4074 3146 4126 codices
3189 4072 3404 4136 antiqui
3444 4070 3617 4120 nostri

1989 4152 2043 4199 et
2071 4160 2167 4198 sex
2199 4148 2493 4213 Anglicani
2518 4148 2726 4199 habent
2748 4149 2849 4198 Nec
2873 4149 3097 4212 potestis.

2051 4220 2154 4282 (81)
2213 4220 2506 4270 Domestica
2558 4225 2753 4271 castra.
2822 4218 3090 4282 Quamvis
3144 4217 3317 4267 sciam
3373 4215 3618 4266 Juvena-

1989 4290 2098 4340 lem
2156 4294 2338 4355 satyra
2387 4290 2447 4340 10
2497 4290 2709 4342 dixisse
2764 4295 2945 4340 contra
2996 4284 3297 4346 domestica,
3344 4299 3446 4352 ego
3497 4285 3621 4334 istic

1990 4362 2214 4413 mallem
2252 4368 2430 4413 castra
2473 4363 2761 4421 dominica,
2790 4365 2852 4412 ut
2880 4362 3013 4412 dicit
3053 4362 3169 4425 ipse
3208 4360 3521 4423 Cyprianus
3562 4357 3620 4405 in

1988 4434 2221 4497 epistola
2260 4434 2345 4496 54,
2387 4449 2438 4498 p.
2484 4436 2577 4491 77;
2626 4433 3028 4497 Prosper,,lib.
3076 4445 3110 4482 II
3156 4432 3219 4483 de
3260 4427 3622 4480 Promissioni-

1985 4502 2076 4555 bus
2104 4509 2149 4553 et
2177 4504 2606 4556 Praedictionibus
2638 4504 2748 4562 Dei,
2787 4518 2907 4567 cap.
2934 4505 2965 4553 6
2991 4518 3002 4551 :
3038 4522 3064 4548 «
3099 4502 3194 4554 Sic
3218 4502 3274 4551 in
3305 4504 3419 4551 toto
3448 4498 3617 4561 lepra:

333 3931 414 3992 (73)
469 3932 786 3981 Nicostrata.
843 3931 1092 3982 Diacono
1143 3931 1413 3983 Ecclesiae
1470 3932 1767 3994 Romanas,
1828 3942 1890 3987 ut

283 4005 411 4050 uolat
462 4002 759 4053 Pamelius.
820 4001 951 4052 Erat
1015 4000 1097 4052 illi
1155 4003 1343 4053 socius
1403 4003 1659 4066 Maximi,
1722 4021 1888 4071 quem

282 4084 421 4135 supra
460 4075 526 4124 ad
571 4073 864 4138 epistolam
897 4075 979 4135 41,
1015 4072 1264 4124 diximus
1306 4073 1374 4124 ad
1418 4076 1730 4128 Ecclesium
1768 4093 1889 4131 esse

284 4155 553 4195 reversum.
639 4145 981 4195 Nicostratus
1057 4147 1244 4194 tamen
1330 4159 1442 4195 non
1523 4148 1713 4210 rediit,
1789 4151 1887 4201 sed

285 4213 432 4266 factus
472 4220 552 4268 est
594 4217 893 4280 episcOpus
934 4217 992 4266 in
1036 4216 1223 4267 Africa
1268 4216 1512 4270 factione
1558 4219 1889 4273 Novatiano—

284 4296 399 4335 rum.

334 4357 416 4421 (7i)
444 4358 647 4409 Contra
670 4357 1086 4409 ecclesiasticam.
1118 4359 1241 4410 Duo
1271 4359 1398 4410 libri
1430 4364 1645 4412 veteres
1680 4362 1890 4414 habent

283 4425 500 4478 divinam.
558 4430 801 4493 Quidam
850 4430 945 4480 alii
994 4444 1178 4495 neque
1224 4430 1625 4482 ecclesiasticam
1675 4433 1886 4485 habent

287 4508 439 4560 neque
479 4488 734 4549 divinam.
776 4488 1110 4560 Gronovius,
1151 4514 1272 4565 cap.
1316 4503 1375 4552 ll
1414 4488 1962 4560 ObservationumD

286 4579 478 4640 suarum
507 4571 563 4621 in
592 4570 959 4634 scriptoribus
1002 4572 1417 4634 ecclesiasticis,
1449 4575 1527 4624 ait
1564 4575 1671 4625 sibi
1710 4578 1886 4640 magis
1985 4576 2208 4626 macula
2256 4577 2407 4626 vitali
2440 4590 2470 4625 a
2507 4576 2702 4626 castris
2749 4575 3044 4625 dominicis
3092 4574 3258 4624 etiam
3311 4572 3417 4635 ipsi
3472 4570 3621 4633 pulsi

286 4638 472 4711 placere
495 4641 646 4705 quod
675 4642 871 4692 eratin
902 4642 1261 4704 membranis,
1288 4649 1474 4695 contra
1499 4638 1885 4709 dispositionem
1984 4651 2132 4699 sunt.
2175 4666 2203 4695 »
2248 4650 2386 4699 Acta
2441 4653 2745 4711 martyrum
2802 4648 3215 4698 Donatistarum
3282 4645 3339 4693 in
3386 4641 3530 4692 libro
3581 4654 3617 4690 Ii

288 4708 374 4756 Dei.
1582 4708 1593 4709 ί
1986 4720 2467 4772 Miscellaneorum
2508 4708 2843 4777 nostrorum,
2882 4731 3004 4781 pag.
3044 4718 3104 4767 57
3139 4731 3150 4763 :
3184 4733 3210 4761 «
3238 4715 3343 4765 Ubi
3379 4714 3619 4777 quisque

336 4782 419 4839 (75)
452 4784 640 4855 Atium
697 4785 996 4848 episcopum
1069 4785 1438 4837 Novatianum
1459 4825 1471 4849 ,
1532 4789 1628 4853 qui
1682 4788 1885 4841 Sedem
1985 4790 2201 4841 hostem
2232 4793 2523 4855 repererat,
2556 4793 2734 4839 castra
2764 4788 2880 4838 illic
2915 4786 3193 4836 dominica
3221 4783 3615 4855 collocabant)

287 4854 611 4925 apostolicam
698 4855 897 4904 invasit
976 4860 1099 4919 post
1183 4856 1514 4908 electionem
1601 4857 1882 4911 Cornelii.
1986 4863 2246 4913 Nicolaus
2294 4853 2438 4925 Papa
2486 4861 2525 4919 Ι,
2573 4861 2732 4924 epist.
2781 4861 2809 4909 7
2861 4873 2871 4906 :
2920 4876 2947 4903 «
2992 4857 3075 4907 Ex
3126 4857 3283 4907 laicis
3331 4854 3517 4905 subito
3562 4853 3619 4902 in

290 4919 404 4994 itide
446 4925 747 4990 Epistulam
793 4926 843 4985 2,
898 4926 1120 4977 Paciani
1172 4927 1244 4976 ad
1298 4928 1783 4992 Symphrouianum
1833 4936 1888 4983 et
1988 4932 2281 4983 dominicis
2349 4919 2545 4981 castris
2606 4919 2823 4994 impetu
2891 4930 3143 4993 irrepere.
3212 4946 3240 4972 »
3307 4925 3620 4992 Cyprianus

289 4991 480 5047 llenrici
514 4997 725 5049 Valesii
763 5000 1146 5050 annotationes
1183 4999 1254 5050 ad
1291 4991 1496 5051 librum
1536 5014 1594 5052 VI
1636 5002 1885 5065 Eusebii,
1989 5005 2125 5054 dixit
2158 5004 2422 5068 spiritalia
2461 5008 2640 5054 castra
2685 4991 2741 5052 in
2779 4991 3019 5066 Epistola
3051 5000 3122 5051 ad
3170 5002 3447 5059 Donatum,
3492 5010 3616 5061 pag.

287 5076 382 5129 cap.
411 5070 483 5121 43,
1985 5078 2017 5126 ϐ
2064 5090 2075 5123 ε

336 5139 419 5198 (76)
456 5140 796 5193 Consensisse.
830 5143 893 5192 In
933 5142 1180 5207 antiquis
1225 5142 1563 5195 editionibus
1596 5148 1650 5194 et
1692 5145 1749 5195 in
1792 5160 1886 5197 ve-

291 5208 371 5282 teri
419 5211 553 5263 libro
605 5215 781 5264 sancti
836 5214 996 5278 Eligii
1050 5214 1457 5266 Altrebatensis
1512 5217 1715 5282 legitur
1768 5231 1889 5268 cen-

289 5279 439 5353 suisse.
483 5283 567 5335 De
606 5285 716 5335 illis
756 5289 942 5335 autem
996 5288 1213 5336 constat
1257 5285 1351 5338 hic
1398 5287 1485 5351 agi
1532 5279 1674 5352 quos
1716 5289 1889 5353 sugil-

291 5349 351 5471 (ἓ,
390 5355 647 5409 Pacianus
690 5360 747 5410 in
788 5358 981 5409 eadem
1020 5360 1253 5422 epistola
1307 5360 1355 5422 2,
1396 5349 1464 5411 ad
1513 5349 1888 5426 Symphonia-

350 5440 408 5471 1η-

350 5440 408 5476 1η.

2125 5075 2257 5126 alibi
2316 5088 2464 5137 saepe
2522 5078 2695 5125 castra
2758 5073 2956 5123 Christi
3013 5078 3061 5122 et
3123 5075 3307 5123 castra
3368 5069 3615 5121 coelestia.

1989 5148 2211 5200 Lucifer
2260 5146 2609 5198 Calaritanus
2662 5146 2718 5195 in
2770 5145 2912 5195 libro
2966 5143 3114 5207 Quod
3162 5143 3496 5193 moriendum
3552 5141 3620 5190 sit

1986 5233 2085 5283 pro
2128 5219 2223 5268 Dei
2265 5217 2400 5268 Fitio
2440 5232 2455 5265 :
2493 5235 2521 5263 «
2563 5218 2677 5267 Nisi
2723 5231 2752 5267 e
2798 5218 2989 5267 castris
3027 5215 3234 5266 diaboli
3283 5214 3351 5264 ad
3398 5212 3621 5264 exerci—

1988 5295 2106 5340 tum
2145 5291 2200 5340 in
2232 5288 2554 5342 cmlestibus
2590 5292 2782 5340 castris
2821 5289 3183 5339 constitutum
3213 5286 3414 5338 feceris
3449 5290 3622 5334 trans-

1988 5364 2143 5413 itum.
2172 5379 2202 5413 λ)

2050 5435 2153 5496 (82)
2198 5436 2442 5486 Nostram
2487 5433 2897 5496 fraternitatem.
2952 5433 3028 5482 Ita
3071 5434 3234 5482 vetus
3281 5430 3447 5482 editio
3501 5427 3624 5490 Spi-

343 5497 422 5561 (Π)
456 5501 729 5553 Ecclesium
771 5501 955 5552 aliam.
995 5501 1237 5564 Quidam
1271 5502 1398 5554 libri
1437 5508 1649 5556 veteres
1680 5504 1888 5556 habent
1988 5508 2165 5558 rensis
2214 5511 2269 5558 et
2320 5508 2458 5557 alite.
2515 5507 2846 5559 Remboltus
2902 5508 3087 5570 posuit
3137 5509 3392 5563 vestram,
3443 5514 3623 5563 eaque

294 5564 498 5631 alterum,
528 5573 718 5624 eodem
744 5587 929 5625 sensu.
1986 5579 2151 5631 lectio
2182 5580 2595 5632 consentientes
2619 5579 2787 5630 habet
2817 5564 2957 5631 Χνὶιι
2998 5578 3170 5627 libros
3213 5581 3434 5626 nostros
3465 5578 3627 5621 vete-

321 5639 647 5715 _(78)Corpus
674 5659 846 5695 unum.
866 5646 1008 5717 AVox
1050 5661 1232 5711 unum,
1264 5662 1393 5713 quas
1432 5651 1581 5700 certe
1620 5662 1887 5701 necessa-
1986 5664 2075 5702 res
2132 5653 2187 5702 et
2247 5657 2460 5717 septem
2520 5650 2878 5715 Anglicanas.
2943 5647 3194 5712 Utraque
3255 5646 3420 5698 lectio
3480 5642 3631 5693 bona

299 5720 359 5784 na
379 5724 474 5763 non
499 5721 597 5777 est,
627 5721 678 5767 et
702 5715 880 5767 omitti
911 5721 1095 5780 potest
1125 5718 1336 5783 absque
1366 5719 1481 5770 ullo
1510 5721 1885 5784 incommodo,
1988 5727 2085 5773 est.

300 5778 422 5835 deest
444 5788 496 5836 in
521 5788 702 5842 codice
728 5778 1268 5858 Gratia—nopolitano'.
