4160 6216
499 306 591 359 35f

1055 421 1386 477 EPISTULA
1423 420 1573 474 XLVI
1585 461 1596 473 .

497 561 738 621 (Erasm.,
784 568 860 616 III,
902 558 995 616 ti;
1032 553 1208 602 Pamel
1236 588 1249 612 ,
1292 551 1494 615 Rigalt,
1535 549 1725 621 Baluz.,
1758 560 1909 621 XLVI;
1944 545 2127 621 Paris,

559 643 656 680 XLV
680 644 693 690 ;
722 630 910 688 Oxon.,
939 627 1097 688 Lips,
1125 636 1279 684 XLIX;
1307 623 1599 681 Constant.,
1620 620 1777 683 Epist.
1818 620 1963 669 Rom.
1998 618 2129 665 Pon-

560 702 656 761 tif.,
677 714 781 764 I,p.
812 705 899 748 135
931 714 946 761 ;
974 694 1491 759 Galland.,Biblioth.
1522 696 1644 743 vett.
1674 692 1793 752 PP.,
1820 703 1898 749 ιιι⁹
1928 704 1979 753 p.
2007 691 2134 749 337;

562 772 768 834 Routh.,
799 769 960 832 Reliq.
992 782 1147 830 sacr.,
1178 778 1254 828 III,
1281 781 1333 830 p.
1359 770 1407 825 6,
1435 766 1534 823 23.)

496 917 742 956 CORNELII
784 916 852 954 AD
908 912 1241 961 CYPRIANUII,
1273 912 1338 947 DE
1379 907 1800 948 CONFESSORIBUS
1837 906 1905 943 AD
1946 902 2130 943 ιιΝιτΑ-

1105 991 1209 1031 TEM
1248 989 1500 1029 REVERSIS
1511 1012 1523 1025 .

497 1114 892 1167 ARGUMENTUM.
925 1139 991 1147 —
1015 1107 1290 1161 Cornelius
1317 1105 1651 1175 Cyprianum
1680 1103 1957 1155 certiorem
1993 1100 2133 1166 facit

573 1202 638 1255 de
653 1199 896 1260 solemni,
913 1213 1067 1267 quem
1081 1196 1358 1259 describit,
1376 1195 1742 1260 confessorum
1756 1178 2130 1245 udEcclesiam

570 1288 773 1343 reditu.

961 1387 1107 1459 (Vid.
1136 1388 1273 1439 tom.
1304 1387 1345 1454 Ι,
1377 1385 1484 1438 col.
1521 1384 1667 1447 738.)

1035 1512 1358 1568 EPISTOLA
1395 1511 1576 1565 XLVII
1587 1550 1599 1562 .

502 1644 740 1704 (Erasm.,
784 1652 841 1699 II,
880 1644 974 1701 ιη
1021 1637 1238 1697 Pamel.,
1280 1636 1481 1700 Rigalt,
1522 1635 1713 1694 Baluz.,
1746 1644 1919 1694 XLVII;
1954 1632 2136 1704 Paris.,

566 1725 716 1775 XLVI;
745 1713 1038 1771 Constant,
1071 1710 1232 1773 Epist.
1270 1710 1413 1757 Rom.
1465 1706 1672 1767 Pontif,
1713 1716 1751 1767 ι,
1780 1708 1985 1770 p.153;
2023 1703 2138 1751 Gal-

565 1785 726 1846 land.,
757 1784 894 1835 Bibl.
918 1785 1044 1831 vett.
1075 1782 1195 1843 PP.,
1226 1791 1302 1838 III,
1332 1794 1382 1843 p.
1413 1780 1546 1841 3w.)

506 1914 752 1954 CYPRIANI
791 1914 860 1952 AD
902 1910 1223 1961 CORNELIUM,
1246 1909 1557 1949 RESPONSIIM
1585 1904 2137 1947 CONGRATULATORIUI

808 1994 874 2033 DE
912 1992 1143 2032 lLLORUM
1184 1990 1375 2028 REDI'IU
1420 1990 1482 2028 EX
1526 1988 1840 2028 SCIIISMATE.

975 2093 1120 2165 (Vid.
1156 2095 1297 2146 tom.
1329 2093 1371 2158 l,
1399 2091 1507 2145 col.
1537 2089 1684 2158 754.)

1032 2223 1346 2278 EPISTOLA
1386 2221 1602 2277 XLVIII.

507 2362 702 2426 (Erasm
731 2399 744 2421 ,
776 2371 852 2419 ιιι,
884 2362 968 2421 1‘2;
1011 2358 1225 2415 Pamel.,
1260 2356 1471 2415 Rigalt,
1508 2354 1699 2412 Baluz.,
1735 2363 1922 2412 XLVIII;
1958 2350 2139 2426 Parim,

565 2444 735 2495 XLVII;
764 2431 1065 2489 Coustant.,
1115 2428 1261 2491 Epist
1317 2429 1459 2476 Rom.
1503 2426 1671 2474 Pont..
1709 2436 1745 2486 I,
1772 2439 1823 2487 p.
1863 2427 1951 2495 1733
1972 2437 1987 2484 ;
2026 2422 2142 2471 Gal-

564 2494 729 2563 land.,
749 2503 881 2553 Bibl.
919 2504 1042 2551 vett.
1088 2500 1164 2548 PP
1192 2536 1205 2561 ,
1234 2509 1310 2557 III,
1337 2513 1387 2562 p.
1412 2496 1756 2559 336;Routh.,
1786 2494 1948 2558 Reliq.
1985 2507 2140 2554 sacr.,

565 2589 643 2637 III,
676 2591 725 2639 p.
763 2580 789 2624 5
819 2578 871 2624 et
899 2573 995 2635 18.)

505 2688 703 2763 342
743 2702 987 2743 CORNELII
1011 2702 1077 2740 Αι)
1111 2698 1442 2749 cvrmsnuu,
1468 2699 1533 2735 ne
1569 2696 1823 2737 FACTIONE
1852 2693 2139 2735 novarum

1184 2780 1291 2818 CUM
1334 2779 1469 2817 SUIS.

506 2900 902 2952 ARGUMENTUM.
934 2924 1000 2932 —
1034 2890 1308 2947 Cornelius
1347 2887 1618 2957 Cypriane
1656 2889 1919 2940 rationem
1960 2885 2140 2939 reddit

1015 2982 1275 3049 factionis
1298 2980 1635 3034 Novatianaa.

952 3104 1094 3174 (Vid.
1138 3106 1274 3156 tom.
1317 3102 1354 3167 I,
1399 3100 1504 3153 col.
1548 3097 1693 3165 735.)

1063 3236 1389 3292 EPISTOIA
1429 3235 1594 3289 XLIX.

509 3380 748 3443 (Erasm,
784 3388 840 3433 II,
879 3377 942 3435 8;
987 3374 1215 3445 Fame},
1250 3372 1454 3445 Rigalt,
1503 3372 1695 3445 Italum,
1749 3381 1929 3445 xux;
1965 3370 2143 3445 Paris"

552 3456 764 3509 XLVIII;
792 3446 1084 3504 Coustant.,
1127 3443 1286 3507 Epist.
1318 3441 1478 3491 'Rom.
1512 3444 1679 3502 Pont.,
1702 3453 1739 3502 ι,
1782 3456 1834 3504 p.
1883 3444 2002 3503 139;
2031 3441 2145 3490 Gal-

569 3519 730 3580 land.,
759 3517 888 3567 Bibl.
910 3521 1033 3566 vett.
1057 3517 1173 3577 PP.,
1204 3527 1282 3577 III,
1310 3529 1361 3579 p.
1391 3516 1523 3576 338.)

509 3666 757 3711 CYPRIANI
795 3665 1109 3705 RESPONSUH
1149 3664 1217 3702 AD
1259 3663 1584 3716 CORNELIUH,
1628 3663 1693 3701 DE
1735 3663 1927 3703 NOVATI
1965 3661 2145 3700 SCELE-

1240 3742 1417 3782 RIBUS.

511 3879 908 3932 Ancuuenruu.
953 3901 1022 3912 —
1063 3872 1281 3927 Laudat
1321 3873 1625 3930 Cornelium
1661 3872 1807 3942 quod
1846 3875 2145 3941 opportune

578 3969 733 4023 illum
763 3965 1125 4025 admonuerit,
1167 3968 1355 4033 utpote
1393 3978 1513 4016 cum
1550 3964 1812 4033 postridie
1856 3980 2022 4033 quam
2064 3977 2145 4017 ve-

579 4061 745 4114 nisset
771 4059 845 4114 ad
886 4073 939 4114 se
969 4070 1156 4113 nocens
1196 4056 1390 4120 factio,
1419 4052 1631 4107 litteras
1674 4054 1824 4109 illius
1862 4059 2141 4126 acceperit.

584 4151 781 4205 Deinde
807 4150 993 4205 multis
1037 4146 1289 4201 describit
1314 4144 1515 4199 Novati
1560 4144 1778 4207 scelera,
1819 4152 1869 4199 et
1912 4148 2144 4202 schismu

580 4242 734 4309 prius
760 4242 817 4293 in
842 4240 1043 4306 Africa
1068 4237 1134 4289 ab
1164 4236 1258 4289 illo
1285 4235 1637 4288 concitatum.

980 4361 1125 4435 (Vid.
1157 4365 1296 4415 tom.
1329 4362 1370 4428 1,
1401 4358 1505 4414 col.
1538 4358 1686 4428 748.)

1414 296 1470 351 8.
1510 294 1823 351 CYPRIANI
1863 290 2137 347 OPERUM
2178 289 2349 345 PARS
2387 289 2427 343 I.
2459 315 2528 327 —
2565 284 2931 342 EPISTOLAE.

2154 432 2213 502 A

3752 280 3851 335 352

2831 405 3153 462 EPISTOLA
3195 405 3254 459 L.

2230 522 2466 584 (Erasm.
2501 531 2576 581 III,
2608 523 2671 581 8;
2728 518 2949 577 Pamel.,
2977 516 3163 580 Rigal.,
3196 515 3387 578 Baluz.,
3417 527 3478 577 L;
3504 512 3681 576 Paris,
3713 525 3857 578 mx;

2771 590 2961 649 Oxon.,
2993 589 3156 651 Lips.,
3180 588 3310 649 LIII.)

2230 712 2416 751 ΙΙΔΧΙΜΙ
2476 711 2539 749 ΕΤ
2593 708 2921 748 (ΣᾸΞΤΕΒΟΒΙΙΜ
2973 706 3361 747 CONFESSORUM
3418 706 3486 744 AD
3538 705 3855 753 CYPRIANIIM,

2596 791 2661 828 DE
2701 789 2800 828 SUO
2838 788 3031 828 REDITU
3074 787 3137 826 EX
3174 787 3487 826 SCHISMATE.

2230 882 2620 935 Ancuuanruu.
2656 908 2723 919 —-
2753 877 3093 946 Cyprianum
3119 877 3395 929 certiorem
3430 873 3671 928 reddunt
3715 888 3766 927 se
3791 872 3860 926 ad

2779 966 3069 1021 Ecclesium
3096 964 3337 1019 rediisse.

2305 1069 2593 1142 Cypriano
2640 1068 2801 1124 fratri
2846 1068 3144 1134 Maximus,
3176 1066 3457 1134 Urbanus,
3501 1064 3771 1118 Sidonius
3810 1066 3863 1118 et

2230 1164 2552 1220 Macharius
2579 1164 2840 1217 salutem.
2870 1161 3020 1218 Certi
3048 1177 3265 1228 sumus,
3295 1160 3475 1214 frater
3515 1158 3858 1225 charissima,

2236 1263 2292 1312 te
2328 1273 2553 1329 quoque
2591 1256 2889 1312 nobiscum
2934 1254 3056 1326 pari
3101 1257 3228 1307 voto
3266 1252 3631 1323 congaudere
3674 1268 3771 1305 nos
3797 1253 3861 1320 ⁵⁸,

2236 1351 2432 1407 habito
2487 1350 2595 1421 (83)
2653 1349 2903 1416 consilio,
2953 1347 3287 1403 utilitatibus
3329 1345 3589 1403 Ecclesiae
3641 1349 3698 1399 et
3742 1346 3860 1415 paci

2236 1445 2422 1515 magis
2447 1444 2833 1511 consulentes,
2869 1442 3135 1497 omnibus
3177 1441 3346 1495 rebus
3393 1438 3785 1510 praetermissis
3811 1442 3865 1493 et

2229 1539 2443 1609 judicio
2472 1538 2573 1593 Dei
2621 1537 2872 1603 servatis,
2901 1552 3030 1590 cum
3072 1534 3331 1590 Cornelio
3380 1533 3644 1604 episcopo
3681 1535 3867 1587 nostin

2237 1632 2447 1705 pariter
2503 1637 2559 1685 et
2608 1648 2737 1686 cum
2790 1630 3048 1686 universo
3104 1628 3257 1682 clero
3310 1642 3511 1698 pacem
3564 1624 3760 1680 fecisse
3798 1628 3862 1679 ⁸⁵.

2236 1728 2378 1780 Cum
2408 1725 2620 1796 gaudio
2646 1726 2817 1779 etiam
2847 1724 3128 1778 universae
3157 1721 3434 1789 Ecclesiae,
3476 1735 3658 1791 prona
3694 1720 3862 1774 etiam

2158 1804 2499 1876 Bomnium
2555 1818 2829 1874 charitate
2875 1817 2985 1872 hoc
3027 1817 3239 1871 factum
3287 1814 3375 1869 his
3419 1813 3624 1868 litteris
3668 1814 3870 1868 nostris

2239 1914 2379 1969 scire
2403 1910 3009 1982 certissimedebuisti.
3040 1910 3278 1965 Oramus
3304 1914 3380 1976 te,
3410 1908 3589 1961 frater
3622 1907 3867 1962 charissi-

2243 2025 2357 2075 me,
2384 2006 2575 2063 multis
2598 2006 2763 2061 annis
2788 2005 2937 2060 bene
2966 2004 3173 2059 valere.

2833 2107 3157 2165 EPISTOLA
3197 2107 3281 2163 LI.

2242 2211 2478 2273 (Erasm,
2505 2223 2561 2261 III
2581 2227 2596 2274 ;
2616 2210 2834 2272 Pamel.,
2863 2210 3050 2331 Rli‘gal,
3084 2210 3272 2340 Balr;z.,
3298 2219 3383 2270 LI;
3412 2206 3669 2267 Paris.,L;
3688 2205 3864 2264 Oxon.,

2933 2294 3014 2340 Ips
3037 2316 3053 2340 ,
3082 2291 3180 2329 LIV.

2933 2294 3014 2345 Ips
3037 2316 3053 2343 ,
3082 2291 3180 2329 LIV.

2241 2394 2482 2433 CYPRIANI
2540 2394 2608 2434 AD
2663 2391 3046 2443 CONFESSORES,
3088 2391 3155 2429 DE
3209 2388 3398 2428 REDITU
3457 2388 3526 2425 EX

2788 2470 3301 2512 CONGRATULATORIA
3310 2495 3321 2508 .

3582 2385 3867 2426 SCHISIATE

2239 2574 2639 2625 ARGUMENTUM.
2669 2601 2737 2609 —
2766 2571 3096 2627 Gratulatur
3139 2569 3453 2637 Cyprianus
3491 2564 3869 2632 confessoribus

2310 2661 2566 2715 Romanis
2590 2660 2656 2713 de
2695 2674 2875 2713 eorum
2920 2658 3098 2712 reditu
3144 2660 3201 2710 in
3246 2656 3539 2712 Ecclesium
3586 2660 3636 2709 et
3683 2653 3868 2708 litteris

2312 2765 2491 2805 eorum
2520 2750 2824 2819 respondet.

2312 2863 2349 2916 I.
2396 2862 2707 2932 Cyprianus
2754 2860 2989 2914 Maximo
3040 2860 3385 2930 presbytero,
3436 2860 3577 2913 item
3624 2856 3862 2923 Urbano,

2243 2962 2299 3011 et
2347 2954 2578 3010 Sidonio
2636 2960 2692 3009 et
2742 2954 3025 3009 Machario
3082 2952 3350 3007 fratribus
3398 2953 3659 3007 salutem.
3706 2951 3869 3006 Lectis

2241 3049 2446 3105 litteris
2491 3046 2685 3121 343
2739 3048 2955 3115 vestris,
2987 3048 3189 3101 fratres
3234 3046 3579 3115 charissimi,
3622 3061 3755 3117 quas
3802 3043 3863 3098 ad

2161 3175 2216 3247 Ο
2244 3160 2335 3197 me
2380 3143 2447 3196 de
2495 3148 2680 3196 vestra
2721 3142 3080 3211 regressione
3118 3143 3174 3195 et
3213 3140 3281 3195 de
3325 3139 3699 3194 ecclesiastica
3742 3153 3868 3209 pace

2248 3253 2311 3290 ac
2340 3237 2592 3290 fraterna
2628 3235 3117 3306 redintegratione
3158 3233 3387 3300 fecistis,
3422 3232 3481 3288 in
3522 3238 3741 3288 tantum
3782 3247 3865 3285 me

2246 3331 2499 3383 laetatum
2533 3345 2651 3383 esse
2696 3328 2974 3383 conﬁteor
3000 3328 3057 3382 in
3098 3333 3374 3398 quantum
3406 3327 3623 3381 fueram
3654 3329 3711 3379 et
3743 3328 3864 3378 ante

2245 3426 2466 3481 laetatus
2514 3425 2738 3496 quando
2779 3424 3148 3478 confessionis
3195 3428 3396 3477 vestras
3443 3423 3680 3493 gloriam
3719 3436 3864 3475 com-

2244 3519 2369 3592 peri
2398 3525 2454 3574 et
2480 3518 2703 3573 militiae
2733 3523 2929 3573 vestrae
2967 3518 3251 3572 caelestem
3296 3533 3359 3571 ac
3406 3515 3727 3587 spiritalem
3762 3514 3868 3567 lau-

2242 3615 2375 3669 dem
2434 3615 2481 3647 ⁶⁶
2532 3611 2981 3684 gratulabundus
3023 3611 3239 3682 excepi.
3286 3611 3425 3665 Nam
3475 3613 3535 3665 et
3578 3610 3697 3664 haec
3741 3606 3867 3662 ﬁdei

2243 3713 2301 3763 et
2330 3707 2517 3761 laudis
2548 3711 2750 3761 vestrae
2778 3706 2890 3760 alia
2930 3704 3212 3760 confessio
3236 3709 3317 3759 est
3344 3720 3527 3758 unum
3553 3720 3673 3759 esse
3699 3701 3867 3757 Eccle-

2244 3802 2383 3856 siam
2428 3800 2707 3868 conﬁteri,
2735 3815 2837 3854 nec
2877 3798 3291 3854 alieni'erroris
3333 3799 3418 3853 vel
3462 3798 3651 3870 potius
3694 3794 3861 3868 pravi-

2240 3896 2377 3950 tatis
2405 3893 2738 3966 participem
2769 3892 2911 3961 ﬁeri,
2939 3897 3198 3963 repetere
3239 3892 3443 3946 eadem
3486 3895 3674 3947 castra
3724 3888 3862 3943 unde

2242 3987 2534 4061 prodistis,
2569 3987 2719 4043 unde
2746 3987 2815 4043 ad
2857 3986 3175 4059 gerendum
3218 3986 3485 4059 praelium
3529 3988 3587 4041 et
3613 3984 3860 4040 adversa-

2242 4084 2395 4138 rium
2450 4081 2834 4152 subigendum
2896 4079 3222 4136 fortissimis
3290 4080 3507 4135 viribus
3568 4074 3859 4151 prosilistis.

2244 4176 2378 4231 llluc
2411 4176 2565 4230 enim
2601 4180 2763 4230 erant
2793 4175 2864 4229 de
2890 4175 3006 4230 acie
3039 4178 3254 4245 tropaea
3280 4173 3593 4242 referenda,
3627 4170 3771 4226 unde
3797 4167 3860 4221 ad

2242 4269 2420 4325 aciem
2462 4269 2693 4324 fuerant
2724 4285 2883 4323 arma
2928 4273 3206 4339 suscepta,
3238 4284 3307 4323 ne
3346 4283 3487 4340 quos
3531 4266 3602 4321 ad
3634 4262 3858 4337 gloriam

2241 4364 2494 4418 Christus
2549 4365 2799 4434 parasset
2851 4361 2963 4433 (84)
2994 4403 3008 4431 ,
3062 4360 3289 4417 eosdem
3342 4360 3620 4432 gloriosos
3667 4354 3861 4413 Christi

1885 4502 2096 4566 Variae
2151 4505 2490 4570 lectiones.

514 4636 613 4756 LI“
647 4635 812 4698 Quod
862 4647 964 4683 nos
1016 4634 1153 4682 Lam.
1202 4630 1354 4681 Ebor.
1416 4628 1539 4679 Bod.
1594 4630 1637 4690 ι,
1684 4627 1730 4677 2.
1777 4629 1885 4679 NC.
1935 4631 1977 4680 t.

556 4723 623 4756 ιη.

556 4723 623 4756 ιη.

2072 4632 2402 4683 “Fecimus
2455 4634 2590 4683 Lam.
2651 4634 2744 4684 Ar.

2837 4632 2881 4665 ⁸⁸
2922 4630 3162 4684 leeste
3209 4633 3265 4680 et
3316 4628 3563 4692 Spiritale
3610 4627 3858 4693 gaudium

1824 4790 2052 4873 Steph.
2100 4792 2347 4856 Baluzii
2391 4799 2587 4856 notas.

572 4923 675 5005 (83)
718 4920 866 5004 Quod
892 4933 997 5011 pos
1041 4918 1240 4969 habito.
1283 4917 1511 4967 Certum
1546 4919 1629 5011 ist
1667 4892 2221 5011 copstructipnemD

509 4995 677 5057 hujus
733 4991 942 5056 periodi
995 5006 1105 5042 non
1163 5002 1486 5052 congruere.
1543 4988 1681 5038 Eam
1738 4991 1919 5039 tamen
1975 4990 2142 5041 talem

510 5064 775 5115 exhibent
832 5076 1023 5113 omnes
1080 5061 1207 5111 libri
1259 5062 1471 5110 veteres
1520 5065 1574 5109 et
1625 5072 1819 5110 omnes
1872 5060 2144 5112 editiones

512 5140 638 5186 ante
686 5134 1079 5184 Pamelianam.
1128 5131 1407 5181 Pamelius
1451 5131 1720 5193 expunxit
1768 5144 1960 5181 vocem
2003 5135 2145 5196 quod

511 5207 723 5270 absque
761 5204 1101 5264 auctoritate,
1144 5216 1209 5254 ea
1248 5204 1443 5266 Opinor
1485 5203 1552 5253 de
1606 5216 1773 5252 causa
1814 5203 1963 5267 quod
2002 5218 2145 5254 con-

511 5278 741 5327 structio
806 5275 1072 5339 peccabat
1138 5274 1403 5325 adversus
1464 5274 1683 5338 regulas
1747 5277 2142 5338 grammaticas.

513 5349 617 5399 Sec
659 5349 760 5397 ista
810 5349 947 5397 ratio
994 5361 1105 5398 non
1153 5347 1380 5397 sufﬁcit.
1424 5347 1656 5397 Exstant
1700 5347 1848 5397 enim
1894 5346 2146 5410 quando-

510 5434 620 5482 que
675 5421 729 5468 in
776 5418 1097 5468 melioribus
1142 5418 1489 5479 auctoribus,
1538 5419 1702 5469 etiam
1750 5418 1806 5465 in
1857 5416 2145 5479 Cicerone,

512 5491 664 5554 paria
725 5494 967 5553 peccata.
1030 5489 1361 5553 Exemplum
1425 5491 1639 5552 insigne
1704 5489 1871 5540 refert
1922 5493 2147 5538 sanctus

513 5562 880 5624 Augustinus,
929 5561 1024 5610 lib.
1072 5574 1107 5610 II
1151 5562 1213 5609 de
1260 5562 1506 5611 Doctrina
1553 5560 1860 5610 Christiana
1901 5573 2020 5623 cap.
2068 5562 2145 5622 15,

513 5633 609 5683 ubi
659 5634 741 5684 sic
788 5634 990 5697 legitur
1034 5651 1045 5683 :
1094 5650 1123 5681 α
1166 5634 1306 5683 Illud
1351 5634 1517 5684 etiam
1569 5631 1720 5696 quod
1771 5633 1884 5694 jam
1934 5632 2150 5682 auferre

514 5719 625 5755 non
670 5719 897 5770 possum
944 5705 1011 5755 de
1051 5718 1144 5756 ore
1188 5705 1531 5755 cantantium
1580 5703 1934 5767 populorum,
1985 5703 2153 5766 Super

516 5778 685 5841 ipsum
723 5784 898 5828 autem
934 5777 1104 5840 [loriet
1143 5776 1487 5839 sanctiﬁcatio
1534 5786 1670 5836 mea,
1718 5773 1858 5823 nihil
1906 5773 2151 5837 profecto

515 5849 808 5903 sententiae
856 5848 1109 5901 detrahit.
1163 5846 1397 5899 Auditor
1454 5850 1640 5897 tamen
1690 5844 1916 5910 peritior
1962 5842 2151 5895 mallet

2243 4920 2352 4972 hoc
2385 4920 2603 4985 corrigi,
2633 4926 2688 4971 ut
2713 4934 2820 4971 non
2857 4921 3022 4984 ﬂoret,
3064 4918 3161 4970 sed
3183 4917 3407 4982 floriebit
3440 4916 3727 4967 diceretur.
3758 4914 3858 4985 Nec

2245 4983 2553 5056 quidquam
2615 4983 2863 5055 impedit
2899 4991 3304 5041 correctionem
3361 4990 3467 5038 nisi
3527 4983 3857 5056 consuetudo

2245 5053 2606 5114 cantantium.
2638 5082 2664 5109 »
2695 5053 2841 5113 Sane
2875 5062 3253 5126 Hieronymus
3281 5061 3338 5110 in
3370 5058 3609 5124 quadam
3639 5053 3858 5120 Epistula

2242 5135 2313 5185 ad
2329 5136 2678 5199 Augustinum
2706 5134 2775 5185 de
2804 5146 2865 5184 se
2890 5136 3117 5183 testatur
3148 5132 3449 5181 incurrisse
3477 5130 3614 5181 sein
3643 5138 3851 5199 gravem

2247 5197 2732 5269 reprehensionem
2756 5205 2887 5269 quia
2911 5205 2967 5254 in
2996 5204 3175 5266 capite
3203 5207 3402 5266 quarto
3425 5201 3582 5252 Jonm
3611 5197 3858 5250 emenda-

2246 5281 2401 5327 verat
2424 5277 2633 5336 locum,
2659 5281 2721 5326 ut
2743 5276 2852 5327 sibi
2886 5274 3193 5329 videbatur,
3220 5273 3569 5331 vitiosum,et
3584 5270 3859 5321 lectionem

2247 5348 2609 5398 substituerat
2655 5362 2825 5412 quam
2883 5346 3113 5412 putabat
3165 5358 3289 5396 esse
3339 5345 3640 5395 meliorem.
3684 5340 3861 5390 Posset

2248 5424 2433 5470 tamen
2476 5421 2531 5470 in
2582 5420 2688 5471 hac
2740 5419 3004 5484 Cypriani
3047 5417 3277 5480 epistola
3315 5415 3505 5479 reponi
3542 5412 3749 5484 fecimus
3771 5422 3860 5484 pro

2248 5489 2446 5552 fecisse,
2501 5503 2628 5540 cum
2678 5482 2928 5554 pleridue
2970 5488 3191 5539 codices
3244 5485 3536 5550 Anglicani
3586 5482 3860 5547 praeferant

2250 5575 2370 5612 eam
2397 5561 2713 5612 lectionem.

2313 5634 2415 5695 (84)
2455 5632 2694 5683 Christus
2731 5637 2994 5697 parasset.
3038 5632 3116 5680 ita
3153 5629 3379 5694 plurimi
3425 5627 3549 5678 libri
3578 5625 3741 5675 nostri
3769 5635 3858 5684 0p-

2250 5704 2387 5754 timi.
2416 5704 2524 5753 Alii
2559 5702 2785 5767 quidam
2812 5707 2865 5753 et
2893 5706 3107 5753 veteres
3137 5701 3410 5751 editiones
3439 5697 3743 5749 Pameliana
3773 5704 3857 5743 an-

2250 5776 2517 5840 tiquiores
2550 5774 2758 5826 habent
2786 5774 2980 5826 Christi
3005 5773 3233 5824 Ecclesia
3261 5774 3520 5837 parasset.
