4160 6216
312 169 397 220 353
1740 162 2054 219 EPISTULA
2099 159 2156 218 LI
2169 207 2178 216 .

3538 162 3637 219 354

311 290 527 345 Ecclesia
551 305 663 342 non
714 289 970 343 haberet.
1010 289 1167 343 Nunc
1201 305 1330 343 vero
1369 294 1423 342 et
1455 306 1550 341 vos
1580 305 1902 370 congruen-
1930 301 1987 373 Α
2011 288 2149 342 uicis
2186 289 2402 342 horreis
2445 287 2609 341 condi
2641 329 2654 354 ,
2703 289 2943 342 fructum
2988 304 3090 359 pro
3131 304 3304 358 opere
3349 291 3541 342 nostro
3585 291 3639 340 et

308 393 403 438 tem
433 383 558 437 ﬁdei
584 386 776 436 vestra:
800 387 1052 436 tenorem
1082 389 1253 453 atque
1287 383 1596 436 individua:
1616 383 1908 436 charitatis

305 486 351 533 et
386 477 688 531 concordia:
727 478 911 547 legem
955 477 1240 531 Dominica
1279 494 1418 546 pace
1442 479 1489 511 (³⁸
1529 478 1806 538 tenuistis,
1855 481 1911 529 et

302 575 601 644 exemplum
631 573 846 627 cmteris
873 573 1190 627 dilectionis
1214 579 1269 626 et
1301 573 1453 643 pacis
1485 578 1667 627 vestro
1702 573 1905 626 itinere

303 673 511 738 fecistis,
569 675 629 724 ut
684 671 941 726 Ecclesia‘
999 672 1202 726 veritas
1251 676 1307 725 et
1356 671 1664 741 evangelici
1721 689 1906 726 sacra-

298 767 454 819 menti
478 767 523 798 “
545 765 752 833 unitas,
784 783 912 837 quas
931 782 962 818 a
985 766 1145 819 nobis
1167 766 1488 834 tenebatur,
1515 769 1696 819 vestro
1727 765 1903 820 etiam

295 877 545 913 consensu
607 877 666 913 ac
727 859 950 914 vinculo
1003 863 1357 928 necteretur,
1432 877 1502 914 ne
1554 860 1905 914 confessores

293 953 479 1008 Christi
519 953 724 1008 erroris
772 954 940 1008 duces
972 954 1164 1008 ﬁcrint
1210 953 1306 1024 qui
1339 953 1561 1008 virtutis
1593 960 1646 1008 et
1674 953 1904 1007 honoris

295 1051 535 1100 auctores
564 1047 870 1102 laudabiles
887 1047 1251 1102 exstitissent.

357 1141 412 1193 ll.
460 1141 709 1194 Viderint
751 1145 1026 1211 quantum
1069 1141 1225 1195 vobis
1266 1142 1454 1196 caeteri
1506 1142 1899 1211 gratulentur,

292 1235 361 1288 vel
402 1239 678 1304 quantum
725 1235 874 1305 apud
921 1251 978 1288 se
1005 1235 1161 1305 ipsos
1187 1235 1396 1306 singuli
1425 1234 1756 1304 glorientur.
1786 1237 1903 1304 Ego

293 1344 368 1381 me
399 1333 450 1381 et
481 1328 755 1398 gratulari
794 1329 980 1399 magis
1008 1329 1166 1383 vobis
1196 1333 1252 1382 et
1272 1329 1397 1399 plus
1426 1329 1641 1383 caeteris
1672 1329 1901 1398 gloriari

291 1423 337 1475 in
383 1422 477 1474 hac
525 1428 707 1476 vestra
760 1423 996 1493 paciﬁca
1048 1423 1473 1494 regressione10
1525 1428 1582 1476 et
1627 1423 1900 1477 charitate

290 1516 556 1570 conﬁteor.
589 1515 934 1587 Simpliciter
978 1516 1131 1571 enim
1160 1517 1297 1588 quid
1328 1517 1384 1570 in
1415 1533 1542 1571 meo
1570 1516 1742 1570 corde
1772 1517 1896 1569 fue-

290 1609 353 1662 rit
381 1608 592 1662 debetis
617 1610 839 1664 audire.
870 1610 1137 1664 Dolebam
1167 1610 1539 1664 vehementer
1566 1615 1621 1664 et
1651 1611 1899 1682 graviter

2012 382 2206 435 labore
2240 381 2546 452 capiamus.
2586 382 2882 452 Apostolus
2923 384 2977 435 in
3021 383 3264 452 Epistola
3305 398 3404 434 sua
3456 381 3634 434 dicit:

2013 479 2072 528 In
2111 478 2263 529 domo
2302 482 2483 528 autem
2534 492 2727 540 "mgna
2776 493 2882 528 non
2925 477 3098 530 solum
3144 494 3272 529 vasa
3315 483 3439 528 sunt
3468 492 3637 529 (nu-ca

2013 572 2118 636 {87)
2161 576 2208 621 ct
2248 576 2532 636 argentea,
2571 570 2663 622 δι’ιί
2703 576 2750 622 ct
2795 571 2971 636 [ig-nm
3026 576 3071 623 et
3117 573 3341 638 fictilia,
3397 577 3443 622 ct
3488 588 3631 638 quau

2009 664 2135 716 dum
2178 665 2391 731 quidem
2432 664 2718 728 honorata,
2762 664 3009 731 quaedam
3049 679 3168 717 vero
3200 665 3525 718 inhonorata
3570 665 3633 731 (ll

2014 759 2175 824 Tim.,
2225 774 2280 821 ιι,
2325 757 2436 825 20).
2468 757 2577 811 Nos
2623 773 2859 826 operam
2906 757 3122 822 demus,
3171 757 3368 810 fratres
3422 757 3631 810 charis-

2009 851 2169 918 simi,
2224 854 2280 904 et
2335 856 2613 921 quantum
2669 867 2968 922 possumus
3018 850 3342 903 laboremus
3388 855 3449 904 ut
3502 867 3634 904 vasa

2007 961 2177 998 aurea
2209 947 2288 998 vel
2327 951 2593 1015 argentea
2624 946 2802 998 simus
2835 945 2901 998 7".
2933 945 3233 1011 Caeterum,
3280 945 3470 997 ﬁctilia
3509 961 3634 998 vasa

2007 1039 2370 1108 confringere
2397 1039 2637 1092 Domino
2663 1039 2762 1092 soli
2791 1055 3116 1092 concessum
3141 1043 3242 1103 est,
3271 1038 3360 1091 cui
3391 1043 3449 1090 et
3479 1038 3633 1107 virga

2007 1132 2196 1186 ferrea
2229 1133 2356 1185 data
2387 1139 2489 1186 est.
2537 1134 2666 1185 Esse
2697 1149 2812 1186 non
2847 1135 3029 1202 potest
3059 1133 3241 1201 major
3271 1131 3499 1184 domino
3530 1148 3631 1186 suo

2004 1242 2235 1294 servus;
2297 1244 2401 1280 nec
2451 1227 2751 1296 quisquam
2799 1226 2902 1279 sibi
2953 1227 3106 1296 quod
3151 1226 3252 1279 soli
3303 1227 3416 1279 ﬁlio
3468 1233 3633 1296 pater

2005 1319 2201 1372 tribuit
2226 1319 2513 1373 vindicare
2539 1325 2741 1390 potest,
2777 1323 2836 1372 ut
2864 1323 3024 1390 putet
3043 1320 3155 1390 (88)
3184 1322 3303 1385 aut,
3332 1320 3400 1372 ad
3435 1336 3632 1374 aream

2002 1413 2387 1467 ventilandam
2435 1420 2489 1468 et
2519 1414 2898 1484 purgandam,
2945 1414 3133 1483 palam
3184 1413 3401 1468 ferre”
3443 1431 3629 1484 posse,

1999 1512 2097 1560 aut
2135 1525 2168 1560 a
2210 1507 2504 1561 frumento
2546 1508 2808 1561 universa
2853 1507 3064 1560 zizania
3118 1507 3370 1561 humano
3414 1508 3630 1578 judicio

1999 1617 2262 1671 separare
2291 1602 2337 1633 75
2381 1603 2508 1671 (89).
2552 1600 2810 1671 Superba
2852 1606 2935 1656 est
2965 1601 3071 1654 ista
3109 1601 3412 1656 obstinatio
3453 1606 3510 1656 et
3539 1620 3626 1655 sa-

289 1702 522 1772 angebar
554 1703 708 1773 quod
735 1704 815 1758 eis
855 1705 1280 1758 communicare
1325 1721 1438 1758 nou
1486 1719 1708 1774 possem
1755 1674 1974 1775 quosB
1999 1694 2210 1764 Cl‘ilega
2251 1694 2621 1766 praesumptio
2664 1710 2835 1764 quam
2883 1694 2986 1748 Sibi
3019 1695 3178 1748 ῙυΓοΓ
3206 1711 3412 1765 Ρτδνυδ
3470 1713 3624 1750 δεδη-

287 1793 440 1847 semel
469 1793 709 1864 diligere
754 1794 1070 1864 coepissem.
1106 1792 1300 1866 344
1333 1795 1704 1865 Posteaquam
1736 1794 1893 1848 vos“

286 1886 344 1939 de
384 1903 609 1941 carcere
661 1887 1012 1958 prodeuntes
1059 1888 1452 1942 schismaticus
1503 1892 1556 1942 et
1601 1886 1898 1941 hazreticus

285 1995 426 2034 error
462 1981 705 2051 excepit,
753 1982 830 2035 sic
876 1998 963 2034 res
1011 1987 1130 2036 erat
1173 1981 1332 2052 quasi
1386 1983 1565 2035 vestra
1612 1979 1791 2050 gloria
1837 1981 1896 2034 in

283 2089 486 2128 carcere
542 2075 931 2130 remansisset.
982 2074 1095 2130 Illic
1137 2075 1291 2129 enim
1335 2074 1607 2129 resedisse
1649 2075 1694 2107 ῖ²
1728 2074 1896 2128 vestri

284 2168 510 2221 nominis
546 2168 797 2238 dignitas
841 2168 1140 2222 videbatur
1178 2168 1405 2238 quando
1450 2168 1660 2222 milites
1689 2167 1896 2223 Christi

285 2277 380 2313 non
424 2261 492 2314 ad
544 2261 858 2317 Ecclesiam
892 2261 962 2314 de
1009 2277 1232 2315 carcere
1275 2261 1528 2314 redirent
1556 2304 1568 2326 ,
1617 2261 1671 2313 in
1725 2277 1896 2330 quem

285 2354 418 2422 prius
448 2372 574 2409 cum
626 2355 889 2410 Ecclesiae
944 2355 1110 2410 laude
1167 2359 1223 2408 et
1277 2355 1660 2425 gratulatione
1718 2354 1895 2408 venis-

283 2453 408 2500 sent.

342 2542 423 2595 Ill.
467 2543 636 2608 Nam,
687 2543 788 2596 etsi
830 2542 1097 2596 videntur
1127 2542 1183 2596 in
1218 2541 1459 2597 Ecclesia
1506 2557 1625 2595 esse
1667 2541 1891 2607 zizania,

283 2651 377 2687 non
421 2640 608 2690 tamen
661 2635 923 2706 impediri
967 2636 1137 2690 debet
1177 2639 1276 2689 aut
1325 2635 1464 2689 ﬁdes
1503 2639 1603 2688 aut
1646 2635 1894 2689 charitas

282 2734 470 2794 nostra,
517 2733 578 2782 ut
633 2730 905 2800 quoniam
951 2729 1166 2783 zizania
1208 2729 1318 2800 (85)
1371 2745 1492 2783 esse
1543 2729 1600 2782 in
1654 2729 1894 2784 Ecclesia

283 2824 546 2876 cernimus
590 2824 722 2894 ipsi,
773 2824 842 2876 de
895 2823 1140 2877 Ecclesia
1166 2821 1521 2878 recedamus.
1552 2822 1717 2876 Nobis
1765 2825 1889 2876 tan-

283 2919 382 2968 tum
428 2917 594 2971 modo
643 2917 1089 2971 laborandum73
1139 2923 1220 2972 est
1263 2920 1326 2970 ut
1370 2916 1725 2970 frumentum
1774 2933 1892 2970 esse

1999 1787 2104 1842 mit
2147 1787 2289 1858 (90);
2336 1793 2412 1854 et,
2459 1787 2594 1841 dum
2637 1787 2961 1842 dominium
3012 1788 3117 1841 sibi
3142 1789 3185 1820 77
3237 1805 3469 1860 semper
3508 1790 3626 1860 qui-

1997 1881 2125 1936 dam
2179 1883 2477 1952 plusquam
2528 1882 2680 1936 mitis
2734 1881 2958 1951 justitia
3005 1881 3257 1952 deposcit
3310 1888 3624 1951 assumunt,

1998 1973 2191 2047 345
2239 1975 2309 2030 de
2343 1975 2589 2030 Ecclesia
2631 1981 2910 2046 pereunt;
2961 1979 3019 2030 et
3055 1975 3194 2030 dum
3224 1993 3282 2030 se
3321 1977 3629 2032 insolenter

1997 2070 2295 2138 extollunt,
2333 2070 2454 2140 ipso
2499 2087 2597 2123 suo
2640 2074 2864 2124 tumore
2909 2069 3121 2138 caecati,
3153 2069 3406 2126 veritatis
3435 2073 3625 2127 lumen

1995 2163 2283 2218 amittunt.
2313 2165 2552 2234 Propter
2581 2164 2729 2235 quod
2759 2169 2815 2217 et
2845 2180 2947 2218 nos
2978 2168 3493 2236 temperamentum
3537 2171 3622 2222 te-

1997 2260 2198 2312 nentes
2244 2260 2297 2311 et
2356 2257 2560 2311 librum
2624 2257 2847 2312 Domini
2904 2260 3374 2330 contemplantes,
3423 2267 3479 2314 et
3528 2262 3624 2315 Dei

1996 2352 2173 2406 Patris
2218 2352 2486 2421 pietatem
2532 2368 2593 2405 ac
2641 2351 3089 2407 misericordiam
3137 2355 3471 2425 cogitantes,
3528 2355 3624 2409 diu

1995 2446 2356 2516 multumque
2391 2449 2634 2500 tractatu
2664 2447 2816 2500 inter
2837 2463 2942 2501 nos
2972 2447 3166 2501 habito
3180 2449 3335 2519 justa
3363 2449 3621 2504 modera-

1994 2537 2146 2593 tione
2177 2555 2303 2610 quze
2329 2542 2460 2592 sunt
2484 2539 2711 2610 agenda
2742 2539 3093 2594 libravimus.

2067 2635 2153 2686 IV.
2203 2634 2341 2695 Quae
2380 2633 2570 2687 omnia
2612 2633 2835 2703 penitus
2865 2635 3100 2704 potestis
3128 2635 3436 2705 inspicere,
3461 2637 3620 2692 lectis

1993 2726 2199 2780 libellis
2237 2743 2376 2798 quos
2418 2727 2510 2781 hic
2551 2744 2737 2800 nuper
2776 2728 3030 2798 legeram
3072 2734 3129 2784 et
3157 2729 3225 2783 ad
3254 2745 3350 2784 vos
3391 2747 3622 2803 quoque

1992 2821 2264 2890 legendos
2302 2838 2407 2892 pro
2461 2823 2744 2876 communi
2795 2822 3097 2877 dilectione
3145 2825 3577 2880 transmiseram
3603 2844 3619 2896 ;

1992 2915 2091 2969 ubi
2120 2915 2290 2985 lapsis
2321 2931 2423 2969 nec
2454 2932 2688 2970 censura
2717 2915 2872 2971 deest
2902 2933 3031 2988 quae
3063 2917 3336 2989 increpet,
3372 2935 3474 2975 nec
3497 2936 3622 2974 me-

283 3009 534 3078 possimus
573 3011 710 3082 (86),
755 3016 836 3077 ut,
884 3027 1012 3066 cum
1042 3011 1278 3082 cmperit
1308 3011 1666 3064 frumentum
1702 3010 1886 3064 Domi-
1912 3044 1966 3118 Ο
1993 3009 2180 3063 dicina
2209 3025 2335 3079 quia
2376 3016 2554 3064 sanet.
2590 3010 2693 3065 Sed
2725 3015 2781 3065 et
2813 3011 3102 3066 catholicae
3127 3012 3174 3045 ⁷⁸
3213 3013 3473 3068 Ecclesiae
3501 3013 3622 3068 uni-

1650 3206 1860 3271 Variae
1913 3205 2256 3269 lectiones.

331 3353 366 3387 ⁸⁷
393 3355 565 3419 Hujus
610 3354 740 3406 ﬁdei
795 3357 882 3405 Ar.
934 3357 1071 3406 Lam.
1117 3357 1221 3406 NC.
1270 3359 1310 3407 1.
1358 3358 1510 3408 Ebor.
1593 3357 2012 3408 “Dominicam
2057 3369 2251 3419 pacem
2301 3356 2440 3405 Lam.
2487 3355 2604 3404 Berl.
2653 3355 2700 3405 2.
2752 3357 2860 3407 Mli.
2906 3358 2997 3408 Ar.
3047 3357 3154 3408 ΝΟ.
3208 3357 3254 3408 2.
3302 3357 3451 3409 Ebor.
3507 3360 3622 3412 Μία.

281 3422 608 3489 "Evangelii
638 3440 703 3476 ac
730 3427 848 3476 Ben.
877 3428 995 3476 Bod.
1036 3429 1078 3476 1.
1126 3430 1239 3477 Ver.
1274 3429 1608 3493 Evangelica
1650 3430 1742 3479 Ar.
1785 3427 1922 3477 Lam.
1957 3424 2112 3475 Ebor.
2146 3426 2253 3474 NC.
2288 3427 2330 3474 1.
2373 3426 2494 3475 Bod.
2524 3429 2568 3476 2.
2638 3425 2680 3458 7"
2711 3428 3062 3492 Ingressione
3091 3430 3182 3479 Ar.
3251 3427 3292 3462 ⁷¹
3324 3430 3624 3495 Postquam

284 3508 364 3544 vos
386 3497 542 3544 enim.
583 3496 700 3546 Ver.

771 3496 814 3529 7’
839 3497 1151 3548 Recessisse
1177 3501 1266 3548 Ar.
1293 3501 1432 3549 Lam.
1459 3500 1608 3549 Ebor.
1646 3499 1754 3550 ΝΟ.
1789 3501 1833 3548 1.
1902 3496 1943 3529 ⁷³
1972 3497 2188 3546 Fratres
2212 3497 2522 3546 charissimi
2549 3497 2937 3548 Laborandum
2973 3500 3083 3548 Ver.
3155 3499 3199 3532 ⁷⁴
3231 3503 3341 3551 Aut
3373 3505 3623 3565 argentei

284 3578 382 3614 esse
406 3569 607 3628 possim
621 3581 683 3616 us
724 3569 831 3616 Ver.
865 3567 974 3618 Vas
999 3582 1230 3619 aureum
1255 3569 1343 3620 vel
1373 3576 1695 3636 argenteum
1722 3572 1915 3620 simus.
1985 3567 2026 3600 ⁷⁵
2060 3567 2230 3617 Ferre
2273 3581 2330 3618 se
2367 3568 2742 3618 ventilabrum
2786 3569 2908 3618 Cod.
2949 3571 3188 3620 Goulart.
3259 3571 3299 3604 ⁷ο
3325 3571 3624 3636 Segregare

286 3636 415 3684 Oxon.
446 3639 573 3694 Lips.

283 3707 431 3758 ritatis
461 3723 524 3760 ac
550 3711 707 3774 pacis
738 3711 1011 3761 unitatem
1040 3713 1136 3761 Ar.
1172 3712 1320 3760 Ebor.

651 3638 690 3670 ⁷⁷
711 3639 776 3688 Et
815 3639 946 3688 dum
979 3640 1086 3689 sibi
1112 3642 1349 3704 amplius
1379 3643 1642 3705 quiddam
1675 3644 1762 3692 Lin
1817 3641 1922 3690 ΝΟ.
1957 3641 2002 3690 2.
2034 3638 2264 3701 Semper
2306 3638 2570 3703 quiddam
2609 3641 2718 3688 Ver.
2762 3641 2884 3688 Ben.
2920 3643 3050 3704 Aug.
3121 3641 3162 3676 ⁷⁸
3187 3642 3456 3693 Ecclesiae
3493 3645 3623 3694 cha-

1536 3822 1755 3903 Steph.
1831 3818 2077 3882 Baluzii
2136 3823 2332 3880 notae.

334 3967 416 4028 (83)
467 3967 724 4018 Zizam’a.
759 3969 998 4032 Quidam
1049 3972 1271 4023 codices
1320 3973 1410 4023 hic
1449 3977 1506 4024 et
1546 3975 1710 4036 paulo
1759 3975 1882 4035 post

282 4035 455 4088 habent
501 4041 810 4090 zizaniam.
861 4041 1444 4107 GratianOpolitanus:
1495 4035 1625 4096 Nam
1669 4046 1769 4093 etsi
1801 4045 1882 4093 vi-

281 4107 410 4179 detur
453 4115 500 4159 in
533 4110 766 4162 Ecclesia
817 4127 923 4163 esse
966 4116 1203 4165 zizam’a.
1250 4118 1474 4166 Avenas
1517 4129 1613 4179 pro
1663 4115 1884 4164 zizaniis

280 4178 508 4230 dixerunt
583 4183 962 4233 Tertullianus
1021 4190 1076 4236 et
1131 4178 1532 4250 Symmachus:
1583 4187 1660 4236 Ita
1716 4187 1882 4236 etiam

281 4256 473 4321 putasse
526 4253 746 4304 videtur
793 4256 1169 4320 Hieronymus
1219 4260 1273 4308 in
1325 4259 1556 4321 Dialogo
1616 4257 1882 4307 adversus

282 4320 648 4374 Luciferianos.
682 4344 710 4372 ‹‹
744 4327 864 4376 Non
910 4329 1088 4377 solum
1136 4331 1191 4378 in
1239 4320 1508 4389 Ecclesia,
1531 4330 1729 4393 inquit,
1768 4342 1882 4378 mo-

282 4399 445 4442 rantur
471 4409 620 4450 aves,
665 4410 770 4448 nec
800 4398 1023 4448 mundze
1074 4405 1287 4449 tantum
1338 4415 1467 4451 aves
1500 4401 1750 4461 volitant,
1784 4399 1880 4449 sed

281 4463 592 4516 frumentum
643 4471 698 4518 in
748 4482 878 4531 agro
917 4472 1115 4520 seritur
1148 4476 1202 4520 et
1263 4474 1405 4522 inter
1447 4473 1679 4522 nitentia
1727 4473 1880 4522 cultu

281 4533 542 4601 lappzeque
567 4544 619 4588 et
656 4539 844 4589 tribuli
881 4547 933 4590 et
977 4543 1193 4592 steriles
1236 4543 1592 4593 dominantur
1625 4557 1828 4593 avenas.
1855 4562 1880 4588 υ

330 4609 417 4667 (86)
467 4611 804 4659 Frumentum
845 4625 950 4662 esse
996 4614 1278 4675 possimus.
1335 4616 1700 4679 Augustinus,
1740 4615 1880 4664 libro

281 4688 326 4749 in
350 4685 518 4728 contra
554 4681 907 4741 Cresconium,
940 4696 985 4732 c.
1023 4686 1054 4732 5
1110 4700 1120 4730 :
1154 4701 1182 4731 «
1213 4686 1357 4734 Audi
1379 4685 1739 4749 Cyprianum,
1798 4691 1880 4734 to-

282 4745 372 4796 lera
417 4752 668 4812 zizanias,
714 4759 834 4803 esto
881 4754 1235 4805 frumentum.
1289 4775 1316 4800 ι›
1369 4745 1508 4806 Vide
1553 4758 1718 4805 etiam
1762 4757 1880 4819 epi-

282 4819 448 4869 stolam
498 4838 508 4870 :
562 4823 634 4872 ad
681 4824 1028 4878 Macrobium,
1068 4827 1160 4876 ubi
1215 4827 1376 4876 verba
1427 4827 1688 4891 Cypriani
1740 4829 1878 4877 refe-

283 4896 466 4940 runtur.
513 4893 906 4955 Tertullianus,
950 4898 1002 4946 in
1050 4897 1192 4947 libro
1233 4899 1295 4948 de
1347 4899 1496 4960 Fuga
1544 4901 1601 4947 in
1647 4912 1880 4961 persecu-

281 4961 395 5008 tione
436 4980 444 5010 :
483 4982 510 5010 «
563 4965 698 5015 Haec
754 4967 876 5030 pala
921 4967 1015 5016 illa
1077 4982 1202 5032 qua:
1255 4973 1310 5018 et
1357 4984 1509 5020 nunc
1545 4969 1877 5021 dominicam

283 5042 436 5082 aream
484 5042 697 5098 purgat,
753 5037 1059 5088 Ecclesiam
1107 5040 1347 5102 scilicet,
1394 5042 1685 5091 confusum
1725 5054 1877 5092 acer-

279 5113 387 5152 vum
435 5105 679 5156 ﬁdelium
729 5108 1060 5166 eventilans,
1090 5115 1146 5160 et
1186 5111 1510 5162 discernens
1537 5114 1876 5163 frumentum

282 5179 550 5237 martyrum
613 5184 666 5229 et
718 5180 904 5243 paleas
955 5187 1297 5244 negatorum.
1326 5199 1354 5231 ›>
1383 5184 1630 5247 lgnatius
1663 5187 1877 5248 episco-

283 5255 368 5320 pus
407 5250 778 5302 Antiochenus
823 5253 967 5314 apud
1010 5254 1330 5315 Eusebium,
1371 5255 1462 5304 lib.
1512 5269 1586 5316 Ill,
1627 5270 1746 5320 cap.
1775 5258 1874 5306 36:

283 5333 304 5358 ι
336 5316 677 5372 Frumentum
751 5323 956 5374 Christi
1022 5339 1174 5385 sum,
1243 5326 1501 5376 dentibus
1578 5316 1877 5378 bestiarum

285 5389 443 5437 molar.
492 5410 518 5436 λ»
555 5393 693 5444 Vide
730 5394 1048 5446 Samuelem
1097 5399 1335 5448 Petitum
1383 5400 1437 5447 in
1478 5401 1878 5449 commentario

284 5455 337 5503 ad
359 5458 495 5524 leges
523 5466 753 5527 Atticas,
784 5482 833 5530 p.
864 5468 972 5518 136.

309 5532 418 5608 ..(87)
452 5534 582 5585 Vasa
607 5551 793 5587 aurea.
841 5539 922 5588 Ita
971 5552 1073 5589 nos
1123 5541 1410 5604 posuimus
1451 5543 1629 5592 secuti
1681 5544 1880 5593 aucto-

286 5604 471 5679 ritatem
505 5613 763 5679 Aveterum
805 5612 1223 5676 exemplarium.
1269 5615 1348 5663 Ita
1395 5616 1565 5666 etiam
1610 5617 1878 5679 scriptum

289 5675 354 5751 9?}
396 5675 445 5724 in
501 5677 743 5742 Epistola
797 5682 860 5732 52
904 5675 976 5732 ad
1025 5684 1410 5746 Antonianum,
1464 5699 1598 5751 pag.
1651 5675 1738 5736 78.—
1786 5685 1880 5735 Sic

290 5745 427 5796 etiam
464 5755 682 5802 sanctus
732 5752 840 5805 Leo
900 5754 957 5804 in
1004 5755 1242 5820 Epistola
1293 5755 1366 5808 ad
1398 5745 1675 5822 rep-iacvopos
1722 5759 1878 5808 Mau-

1900 4425 1958 4495 D

1983 3968 2198 4018 ritaniw
2229 3967 2588 4017 Caesariensis.

2049 4039 2147 4100 (88)
2197 4039 2255 4088 Ut
2284 4052 2336 4088 sc
2366 4042 2524 4102 putet.
2553 4037 2710 4087 Unus
2753 4037 2935 4088 codex
2984 4051 3142 4089 meus
3183 4041 3341 4089 vetus
3387 4039 3555 4092 habet
3606 4056 3616 4091 :

1985 4129 2012 4158 α
2048 4111 2208 4161 Putet
2267 4111 2334 4159 ad
2386 4123 2567 4160 aream
2622 4109 2998 4160 ventilandam
3043 4114 3095 4160 et
3135 4111 3476 4175 purgandam
3523 4128 3620 4177 pa-

1983 4184 2125 4233 leam
2153 4184 2265 4246 jam
2307 4183 2446 4232 ferre
2477 4195 2537 4232 se
2585 4180 2990 4232 ventilabrum.
3021 4197 3050 4227 »
3095 4183 3280 4232 Lectio
3334 4197 3463 4234 vero
3516 4186 3621 4235 ista

1982 4258 2106 4309 libri
2138 4259 2244 4308 mei
2271 4258 2450 4307 exstat
2495 4253 2643 4317 apud
2679 4257 2936 4304 sanctum
2964 4255 3343 4317 Augustinum
3380 4257 3434 4305 in
3486 4257 3620 4321 Epi-

1981 4331 2116 4380 stola
2167 4331 2236 4378 ad
2286 4324 2632 4378 Macrobium.
2685 4325 2822 4374 Eam
2881 4338 3108 4389 quoque
3157 4326 3482 4377 Goulartius
3539 4329 3619 4378 in-

1982 4404 2203 4452 venisse
2249 4413 2308 4450 se
2348 4397 2539 4448 scribit
2577 4398 2631 4445 in
2684 4396 2826 4446 libro
2863 4398 3107 4461 episcopi
3155 4400 3516 4450 Acconensis.
3559 4401 3617 4449 In

1981 4473 2121 4523 libro
2166 4472 2344 4522 sancti
2382 4467 2648 4532 Arnulphi
2688 4469 2955 4530 scriptum
3002 4473 3085 4517 est
3120 4470 3396 4519 vindicare
3432 4484 3486 4519 se
3518 4484 3617 4532 pu-

1982 4548 2068 4594 tet.
2121 4542 2508 4594 Ventilabrum
2569 4553 2664 4600 pro
2717 4538 2840 4600 pala
2880 4540 3065 4601 posuit
3120 4541 3285 4589 etiam
3334 4547 3492 4591 vetus
3539 4542 3618 4589 in-

1982 4620 2188 4680 terpres
2245 4612 2506 4666 Mattbmi.
2546 4611 2615 4659 Et
2640 4614 2825 4658 tamen
2866 4609 3236 4659 ventilabrum
3282 4612 3615 4660 instrumen-

1981 4691 2098 4737 tum
2156 4691 2238 4737 est
2287 4683 2653 4749 agricolarum
2692 4680 2974 4729 diversum
3016 4695 3045 4730 a
3093 4683 3241 4743 pala.
3287 4682 3613 4739 Columella.

1980 4759 2074 4808 lib.
2103 4772 2159 4818 ιι,
2205 4771 2325 4820 cap.
2365 4755 2423 4804 10
2461 4768 2523 4801 :«
2561 4755 2693 4802 Nam
2736 4765 2866 4801 cum
2906 4765 3137 4801 acervus
3185 4753 3357 4815 paleis
3400 4755 3614 4816 granis-

1980 4843 2088 4894 que
2131 4830 2326 4877 mistus
2370 4828 2424 4874 in
2463 4838 2638 4873 unum
2687 4823 2846 4871 fuerit
2887 4827 3202 4884 congestus,
3240 4825 3503 4887 paulatim
3546 4839 3616 4876 ex

1980 4914 2046 4950 eo
2090 4899 2411 4950 ventilabris
2442 4909 2538 4960 per
2569 4895 2790 4958 longius
2837 4895 3076 4956 spatium
3109 4897 3364 4958 jactatur.
3397 4914 3423 4939 »
3452 4897 3614 4946 Plau-

1981 4974 2067 5019 tus
2109 4972 2164 5019 in
2221 4969 2492 5019 Pmnulo:
2534 4967 2692 5016 Palas
2741 4963 3072 5014 vendundas
3113 4966 3216 5015 sibi
3266 4967 3342 5015 ait
3379 4971 3434 5016 et
3463 4981 3616 5016 mar-

1980 5055 2076 5106 gas
2129 5040 2286 5091 datas
2343 5045 2404 5088 ut
2457 5038 2676 5088 hortum
2727 5036 2896 5086 fodiat
2951 5040 3116 5101 atque
3166 5041 3228 5086 ut
3275 5039 3613 5088 frumentum

1979 5116 2164 5163 metat.
2216 5131 2242 5158 »
2305 5112 2548 5174 Margam
2607 5110 2957 5171 grammatici
3019 5113 3171 5158 aiunt
3230 5123 3350 5160 esse
3400 5110 3613 5161 furcam

1982 5200 2092 5248 qua
2120 5185 2303 5235 acervi
2340 5183 2558 5247 frugum
2601 5181 2757 5231 ﬁunt.
2789 5180 2925 5229 Vide
2964 5187 3120 5230 notas
3160 5181 3260 5230 viri
3305 5183 3616 5233 doctissimi

1979 5257 2275 5305 Frontonis
2311 5256 2502 5304 Ducaai
2551 5254 2605 5302 in
2651 5252 2922 5302 Homilias
2955 5253 3135 5301 sancti
3190 5253 3376 5303 Basilii
3403 5255 3459 5302 in
3505 5258 3611 5304 He—

1977 5341 2284 5382 xaemeron,
2319 5341 2444 5389 pag.
2476 5327 2521 5374 4.

2041 5400 2138 5457 (89)
2192 5399 2432 5447 Humano
2475 5397 2682 5458 judicio
2748 5409 3017 5457 separare.
3077 5397 3236 5446 Hanc
3276 5398 3610 5462 lectionem,

1977 5484 2143 5534 quam
2170 5474 2304 5532 puto
2341 5482 2461 5518 esse
2492 5468 2799 5527 meliorem,
2833 5468 3019 5516 inveni
3067 5468 3124 5516 in
3156 5468 3348 5520 codice
3380 5470 3525 5520 Flori
3559 5478 3613 5522 et

1979 5543 2034 5590 in
2090 5541 2343 5603 pluribus
2388 5539 2536 5589 aliis.
2585 5539 2727 5587 Infra
2788 5540 2842 5587 in
2900 5539 3131 5601 epistola
3182 5541 3246 5590 5?.
3296 5556 3434 5608 pag.
3486 5545 3549 5593 74
3603 5561 3614 5594 :

1980 5629 2009 5656 α
2046 5612 2237 5662 Paleas
2261 5615 2494 5663 conetur
2513 5625 2542 5658 a
2574 5611 2753 5660 tritico
2777 5623 3035 5674 separare
3070 5629 3098 5655 »

2047 5685 2140 5747 (90)
2202 5684 2377 5736 Furor
2428 5683 2674 5733 assumit.
2731 5682 2790 5731 In
2843 5681 3040 5732 codice
3096 5682 3409 5738 Veronensi
3459 5690 3513 5734 et
3565 5687 3624 5736 in

1986 5756 2228 5808 Fuxensi
2262 5757 2463 5825 legitur
2491 5767 2690 5822 pravus
2721 5754 3038 5822 insipienter
3064 5757 3298 5806 assumit.
