4160 6216
373 81 404 100 ἣν

195 597 202 606 ι

209 1231 216 1246 ἢ

233 1251 240 1260 ι

165 1899 178 1916 Ι

195 2477 202 2488 ι

305 2509 314 2520 ι

225 4183 234 4192 ο

179 5429 182 5438 ι

193 5525 206 5536 ι

175 5585 202 5629 ςῗ
263 5605 322 5622 ’⁸.

658 240 760 294 352i

656 390 828 440 tatem
861 384 972 453 (9|)
1013 384 1288 452 quantum
1318 377 1500 450 potuit
1531 377 1814 448 expressit
1852 381 2045 430 nostra
2073 373 2286 428 medio-
2309 363 2367 435 A

658 479 845 531 critas.
893 476 1073 539 Quem
1122 474 1371 527 libellum
1414 471 1597 541 magis
1635 488 1698 524 ac
1743 471 1923 538 magis
1955 485 2104 522 nunc
2131 468 2284 521 vobis

659 575 876 642 placere
906 569 1148 635 coniido,
1193 567 1424 638 quando
1466 583 1595 620 cum
1617 566 1740 635 jam
1770 565 1845 618 sic
1872 563 2058 635 legitis
2089 564 2191 630 (9‘2)
2224 565 2285 614 ut

661 673 717 719 et
755 663 1004 734 probetis
1045 667 1101 717 et
1141 661 1381 727 ametis;
1423 660 1707 731 siquidem
1753 659 1906 730 quod
1956 675 2058 711 nos
2099 655 2284 709 verbis

660 757 1100 828 conscripsimus
1131 771 1225 808 vos
1257 754 1420 808 factis
1449 753 1698 824 impletis
1725 751 1959 824 quando
1993 750 2062 804 ad
2095 750 2280 804 Eccle-

660 851 803 905 siam
835 849 1118 904 charitatis
1146 865 1210 902 ac
1239 847 1388 918 pacis
1435 846 1646 900 unitate
1676 845 1956 900 remeatis.
1989 844 2134 913 Opto
2169 859 2280 906 vos,

655 945 858 999 fratres
890 941 1200 996 charissimi
1231 957 1292 994 ac
1326 938 1848 1005 desiderantissimi,
1880 953 2104 1007 semper
2138 935 2282 990 bene

657 1039 862 1092 valere.

1241 1114 1554 1169 EPISTOLA
1600 1113 1702 1166 LII.

658 1225 895 1286 (Erasm.,
927 1234 994 1282 1v,
1026 1226 1089 1283 2;
1136 1222 1349 1280 Pamel.,
1381 1219 1588 1282 Rigalt.,
1620 1219 1810 1276 Baluz.,
1841 1227 1940 1278 LII;
1973 1216 2156 1274 Paris,
2199 1225 2283 1274 LI;

717 1298 1004 1350 Constant,
1026 1292 1188 1356 Epist.
1215 1293 1359 1340 Rom.
1389 1293 1521 1339 Pont
1547 1301 1614 1351 ,1,
1645 1305 1692 1353 p.
1718 1293 1838 1351 159;
1861 1287 2120 1346 Galland.,
2151 1285 2280 1335 Bibl.

722 1371 844 1417 vett.
876 1367 991 1424 PP.,
1028 1375 1102 1422 in,
1135 1379 1184 1426 p.
1215 1367 1347 1424 357.)

793 1479 858 1518 AD
899 1475 1272 1526 ANTONIANUK,
1316 1475 1382 1512 DE
1422 1473 1678 1512 CORNELIO
1718 1473 1779 1511 ET
1818 1471 2144 1512 NOVATIANO.

657 1583 1050 1634 Anounsuruu.
1087 1606 1154 1615 —
1185 1575 1317 1630 Cum
1356 1576 1718 1638 Antonianas,
1750 1574 1977 1641 acceptis
2017 1573 2211 1626 litteris
2249 1588 2282 1625 a

728 1671 1054 1728 Novatiano,
1075 1669 1134 1719 in
1157 1670 1344 1734 partes
1368 1665 1518 1717 illius
1543 1664 1724 1716 animo
1748 1661 2080 1731 propendere
2106 1663 2284 1730 coepis-

726 1764 825 1821 set,
869 1732 1337 1825 conﬁrmat‘illum
1363 1753 1671 1822 Cyprianus
1706 1754 1764 1804 in
1791 1753 1967 1821 priori
1995 1754 2280 1815 sententia,
2305 1732 2361 1802 Β

727 1855 788 1904 ut
815 1863 998 1916 nempe
1019 1863 1137 1901 cum
1170 1845 1430 1902 Cornelio,
1464 1844 1556 1897 hoc
1587 1847 1664 1897 est
1689 1857 1810 1896 cum
1833 1843 2068 1895 Ecclesia
2097 1842 2279 1894 catho-

730 1940 835 1992 lica
863 1939 1256 1991 communicare
1281 1939 1490 2003 pergat.
1535 1933 1687 1998 Quod
1719 1937 1778 1985 ut
1821 1933 2169 2001 persuadeat,
2202 1937 2279 1985 to-

728 2030 835 2082 tius
863 2025 1136 2092 tragtrdiae
1164 2026 1304 2076 inter
1329 2023 1629 2079 Cornelium
1656 2028 1706 2075 et
1727 2023 2097 2077 Novatianum
2123 2022 2284 2075 histo-

727 2119 868 2170 riam
897 2117 1051 2175 temit,
1080 2119 1129 2167 et
1168 2110 1360 2183 346
1401 2112 1707 2166 Cornelium
1736 2113 1914 2165 virum
1953 2114 2207 2178 optimum
2235 2118 2284 2165 et

730 2207 966 2274 legitime
989 2204 1227 2261 electum.
1260 2205 1624 2258 Noratianum
1647 2218 1768 2255 vero
1793 2203 1976 2255 multis
2003 2201 2282 2256 sceleribus

727 2296 1018 2349 obnoxium
1047 2293 1384 2359 itlegitimam
1413 2292 1712 2345 electionem
1753 2305 2041 2359 usurpasse
2077 2291 2226 2344 docet
2267 2307 2279 2343 :

730 2385 898 2439 obiter
923 2385 1087 2438 etiam
1111 2382 1204 2436 sub
1229 2383 1449 2434 initium
1471 2381 1704 2450 epistola:
1723 2395 1774 2433 se
1799 2394 2060 2434 excusans
2088 2380 2152 2434 de
2171 2396 2284 2433 mu-

729 2481 847 2530 tata.
868 2474 1013 2544 quod
1043 2472 1116 2527 ad
1147 2471 1423 2542 lapsorum
1464 2473 1730 2524 rationem
1767 2472 1961 2523 attinet
1996 2473 2280 2531 sententia,

730 2571 779 2618 et
828 2564 924 2617 sub
969 2566 1127 2631 ﬁnem
1175 2563 1231 2614 in
1271 2576 1372 2630 quo
1420 2561 1728 2616 Novatiana.
1772 2559 1984 2614 haeresis
2029 2562 2283 2614 consistat

728 2653 1030 2721 explicans.

731 2755 889 2827 (Huic
926 2753 1174 2824 epistolae
1217 2750 1682 2822 opportuniorem
1722 2750 1908 2804 locum
1949 2751 2068 2805 dari
2103 2751 2284 2806 visum

659 2849 742 2899 est
787 2843 844 2897 in
889 2846 1027 2896 tom.
1075 2842 1095 2894 Ι
1135 2841 1255 2911 (col.
1303 2840 1426 2907 787)
1479 2839 1573 2893 ubi
1605 2844 1726 2893 tota
1770 2839 2059 2894 Novatiani
2107 2841 2280 2894 schis-

658 2935 824 2990 matis
851 2932 1088 2988 historia
1140 2948 1268 2986 cum
1317 2931 1582 2986 omnibus
1628 2931 2024 2984 instrumentis
2073 2931 2281 2986 descri-

659 3023 859 3093 bitur.)

1671 225 1984 287 CYPRIANI
2025 225 2298 283 OPERUM
2343 225 2512 282 PARS
2552 226 2588 281 I.
2633 256 2700 266 —
2741 225 3098 284 EPISTOL/E.
3893 236 3981 293 356

2960 349 3279 406 EPISTOLA
3320 350 3447 405 LIII.

2387 462 2622 524 (Erasm.,
2643 474 2717 520 ιιι,
2745 466 2802 510 23
2831 478 2844 524 ;
2876 462 3089 522 Pamel.,
3113 463 3320 525 Rigalt.,
3340 463 3532 522 Baluz.,
3563 473 3679 525 Llll;
3704 465 3870 531 Paris,
3893 483 3978 532 Lu;

2932 536 3123 592 Oxon.,
3152 535 3307 597 Lips.,
3343 545 3426 582 LVI
3456 536 3470 593 )

2387 665 2451 702 AD
2500 663 2854 727 FORTUNATL'I
2911 663 2971 702 ET
3010 663 3156 702 ALIOS
3212 663 3504 714 COLLEGAS,
3558 665 3622 703 DE
3675 665 3736 704 IIS
3777 669 3860 713 QUI
3899 672 3984 711 PER

2848 756 3130 797 TORMENTA
3171 758 3537 798 SUPERANTUB.

2384 853 2778 904 Ancuuaxrun.
2821 879 2888 888 —
2931 848 3216 903 Consultus
3245 849 3553 918 Cyprianus
3577 866 3610 903 a
3637 851 3842 920 collegis
3866 872 3983 911 num

2454 938 2779 992 admittendi
2820 945 2990 994 essent
3032 939 3108 992 ad
3146 942 3562 994 communionem
3609 941 3748 1011 lapsi
3786 947 3985 1012 quidam

2449 1043 2550 1097 per
2577 1033 2839 1082 tormenta
2861 1031 3124 1098 superati,
3154 1029 3458 1098 respondet,
3489 1032 3619 1099 quia
3648 1034 3862 1088 triennio
3879 1036 3985 1104 jam

2449 1119 2825 1186 pamitentiam
2853 1119 3093 1186 egissent,
3123 1118 3228 1172 sibi
3255 1119 3469 1187 quidem
3498 1119 3671 1174 videri
3717 1123 3982 1179 admitten-

2454 1207 2547 1261 dos
2583 1221 2710 1267 esse,
2754 1207 2848 1260 sed
2881 1222 2999 1260 cum
3036 1213 3156 1276 post
3194 1209 3409 1262 Paschae
3432 1210 3688 1264 solemnia
3731 1214 3985 1268 concilium

2454 1300 2820 1368 episcoporum
2841 1298 2989 1368 apud
3014 1313 3068 1352 se
3088 1299 3341 1364 futurum
3362 1303 3512 1366 esset,
3542 1315 3596 1355 se
3622 1316 3740 1354 cum
3761 1303 3864 1358 illis
3889 1320 3984 1358 rem

2458 1391 2844 1441 tractaturum.

2457 1505 2494 1556 l.
2543 1501 2860 1573 Cyprianus
2907 1502 3232 1570 Fortunato,
3277 1503 3576 1575 Ahymmo,
3610 1505 3846 1575 'Optato,
3889 1508 3988 1562 Pri-

2382 1595 2648 1663 vatiano,
2715 1595 2988 1650 Donatulo
3053 1601 3110 1650 et
3180 1596 3345 1650 Felici
3414 1597 3685 1652 fratribus
3743 1598 3983 1654 salutem.

2385 1689 2694 1760 Scripsistis
2746 1689 2907 1759 mihi,
2940 1690 3141 1744 fratres
3186 1689 3522 1759 charissimi,
3557 1691 3729 1763 quod,
3761 1709 3884 1746 cum
3936 1694 3987 1748 in

2386 1782 2654 1854 Capsensi
2716 1783 2938 1838 civitate
2995 1788 3232 1854 propter
3291 1784 3713 1840 ordinationem
3761 1787 3990 1857 episcopi

2384 1877 2599 1945 essetis,
2645 1876 2939 1948 pertulerit
2985 1878 3056 1931 ad
3104 1894 3202 1932 vos
3251 1878 3526 1949 Superius
3586 1879 3690 1948 (93)
3736 1879 3903 1934 frater
3945 1887 3995 1934 et

2383 1969 2602 2040 collega
2645 1975 2836 2024 noster
2876 1970 3083 2024 Ninum
3113 1972 3243 2042 (9t),
3274 1971 3755 2042 Clementianum,
3787 1973 3991 2027 Florum

2385 2063 2593 2118 fratres
2645 2069 2888 2131 nostros,
2947 2065 3042 2135 qui
3105 2065 3162 2118 in
3222 2065 3622 2137 persecutione
3675 2065 3992 2136 apprehensi

2384 2158 2539 2228 prius
2579 2158 2830 2220 fuerant,
2877 2163 2934 2212 et
2976 2174 3191 2213 nomen
3238 2159 3464 2214 Domini
3506 2159 3750 2214 confessi
3790 2159 3989 2214 violen-

2384 2252 2523 2304 tiam
2559 2251 2927 2322 magistratus
2949 2257 3006 2306 et
3031 2253 3228 2324 populi
3249 2253 3542 2308 frementis
3566 2255 3616 2288 79
3645 2253 3906 2324 impetum
3929 2253 3994 2307 vi-

2384 2349 2600 2411 cerant,
2653 2345 3025 2416 postmodum
3071 2363 3201 2402 cum
3251 2348 3401 2418 apud
3456 2349 3845 2418 proconsulem
3900 2347 3992 2415 (95)

2384 2439 2562 2510 pmnis
2611 2439 2875 2510 gravibus
2929 2440 3422 2507 excruciarentur,
3481 2443 3533 2494 vi
3592 2445 3989 2498 tormentorum

2386 2531 2574 2605 347
2625 2533 2882 2587 subactos
2913 2550 3052 2600 esse,
3099 2539 3155 2589 et
3183 2534 3251 2590 de
3296 2535 3476 2606 gradu
3506 2535 3721 2606 gloriae,
3747 2535 3814 2589 ad
3839 2551 3994 2606 quam

2385 2628 2552 2698 plena
2578 2627 2710 2681 lidei
2739 2627 2944 2682 virtute
2976 2627 3285 2682 tendebant
3310 2630 3380 2697 ³ο,
3413 2629 3652 2683 diutinis
3683 2629 3994 2683 cruciatibus

2386 2721 2681 2789 excidisse,
2717 2736 2820 2774 nec
2849 2726 3043 2776 tamen
3073 2725 3201 2792 post
3221 2722 3373 2777 hunc
3401 2740 3635 2793 gravem
3661 2724 3869 2794 lapsum
3896 2738 3995 2776 non

2386 2815 2680 2870 voluntate
2711 2814 2806 2870 sed
2840 2815 3171 2870 necessitate
3201 2819 3524 2888 susceptum
3552 2833 3589 2872 a
3621 2816 3934 2888 poenitentia
3954 2816 3992 2849 ⁸¹

2385 2909 2612 2980 agenda
2663 2926 2762 2980 per
2808 2908 2914 2964 hoc
2961 2909 3268 2964 triennium
3325 2910 3631 2967 destitisse.
3683 2913 3756 2966 De
3811 2909 3997 2981 quibus

2386 3003 2804 3058 consulendum
2835 3003 3073 3074 putastis
3099 3021 3170 3058 an
3215 3021 3311 3059 eos
3338 3005 3411 3060 ad
3435 3004 3992 3061 communicationem

2313 3105 2367 3178 ρ
2387 3097 2508 3167 jam
2539 3098 2622 3151 fas
2653 3101 2803 3152 esset
2828 3097 3157 3153 admittere.

2045 3212 2252 3278 Variae
2310 3215 2650 3280 lectiones.

723 3324 764 3360 ⁷⁹
793 3323 1117 3390 Frequentis
1144 3322 1271 3374 Bod.
1301 3324 1342 3372 1.
1420 3319 1463 3355 ⁸ο
1490 3321 1862 3372 Pervenerant
1889 3322 1998 3370 Ver.
2067 3321 2108 3355 θ’
2137 3323 2444 3387 Susceptos
2475 3324 2544 3374 ad
2573 3325 2957 3388 pmnitentiam
2991 3325 3264 3390 agendam
3306 3327 3426 3376 Tha.
3453 3328 3612 3377 Hich.

1957 3422 2180 3504 Steph.
2230 3423 2473 3488 Baluzii
2518 3431 2714 3488 notae.

725 3536 824 3598 (9t)
889 3531 1162 3582 Catholicae
1228 3529 1467 3581 Ecclesiae
1530 3532 1811 3580 unitatem.
1868 3530 2112 3593 Respicit
2179 3529 2288 3594 Cy-

661 3609 890 3672 prianus
929 3603 997 3652 ad
1025 3603 1226 3653 librum
1277 3616 1441 3652 suum
1487 3601 1550 3650 de
1590 3603 1799 3650 Unitate
1835 3600 2094 3659 Ecclesiae,
2123 3615 2288 3665 quem

660 3680 795 3729 hinc
839 3679 1053 3726 constat
1102 3675 1371 3736 scriptum
1407 3686 1530 3724 esse
1573 3687 1638 3722 eo
1680 3678 1925 3736 tempore
1965 3686 2077 3735 quo
2118 3673 2290 3722 Nova-

660 3752 847 3799 tianus
876 3747 1119 3796 scliisma
1155 3747 1305 3796 fecit.

725 3821 822 3882 (92)
874 3819 958 3868 Sic
1019 3818 1204 3881 legitis.
1264 3817 1546 3866 Imitatum
1603 3829 1671 3865 ex
1735 3816 1982 3865 carmine
2043 3813 2111 3865 de
2159 3828 2289 3879 Ope-

661 3891 817 3942 ribus
839 3889 1050 3952 Virgilii
1075 3887 1223 3952 quod
1254 3890 1508 3952 Augusto
1538 3885 1829 3935 tribuitur:

834 3978 1106 4037 laudetur,
1140 3977 1331 4040 vigeat,
1359 3977 1584 4040 placeat,
1611 3974 1890 4037 relegatur,
1915 3980 2132 4033 ametur.

661 4069 798 4120 Item
847 4069 901 4118 in
952 4067 1196 4116 carmine
1247 4075 1528 4116 sacrorum
1566 4063 1870 4114 Bibliorum
1921 4078 2046 4128 quin
2091 4063 2290 4114 Karolo

661 4142 819 4194 calvo
848 4141 961 4202 regi
993 4138 1176 4188 oblata
1203 4140 1334 4186 sunt
1361 4150 1392 4186 a
1424 4135 1660 4184 Viviano
1688 4135 1872 4185 abbati
1924 4135 2113 4186 Sancti
2141 4136 2289 4185 Mar—

663 4215 763 4264 tini
822 4210 1162 4262 Turonensis
1214 4206 1382 4258 editio
1427 4207 1481 4256 in
1540 4211 1689 4256 tonio
1746 4205 1819 4254 lll
1879 4205 2288 4269 Capitularium,

703 4323 714 4334 .
745 4285 865 4335 1572
897 4298 907 4330 :

703 4323 714 4334 .
745 4299 865 4335 tot:
897 4299 907 4330 :

661 4299 696 4349 Ρ
783 4373 940 4437 Cujus
967 4372 1166 4420 honore
1201 4373 1386 4433 rogant
1411 4369 1632 4432 placeat,
1662 4367 1916 4428 laudetur,
1947 4369 2166 4416 ametur.

723 4465 816 4526 (93)
844 4463 1108 4527 Superius.
1147 4461 1228 4510 Ita
1274 4460 1542 4523 scriptum
1583 4459 1752 4508 fuisse
1797 4457 1853 4506 in
1909 4455 2291 4506 vetustissimo

2391 3534 2508 3581 tum
2558 3538 2642 3582 est
2699 3535 3083 3584 Saturninum.
3127 3533 3411 3584 Saturnini
3473 3536 3684 3585 mentio
3737 3537 3905 3586 exstat
3949 3535 3996 3583 in

2391 3604 2556 3652 variis
2611 3604 2856 3668 epistolis
2902 3605 3047 3669 apud
3079 3605 3446 3669 Cyprianum.
3497 3608 3624 3657 Nini
3670 3607 3820 3656 nulla
3863 3605 3997 3662 alibi,

2392 3675 2539 3737 quod
2565 3676 2758 3736 sciam,
2792 3679 3001 3727 mentio
3040 3677 3293 3727 habetur.
3323 3677 3486 3738 Quod
3540 3679 3787 3728 fortassis
3821 3691 3997 3741 appro-

2390 3744 2520 3794 bare
2555 3753 2739 3809 posset
2787 3747 3079 3799 lectionem
3119 3749 3315 3798 horum
3363 3749 3602 3799 duorum
3652 3755 3893 3800 veterum
3941 3747 3997 3796 li-

2389 3814 2632 3864 brorum.
2687 3817 2892 3867 Verum
2946 3818 3096 3867 nulla
3147 3819 3362 3882 uspiam
3420 3822 3686 3870 memoria
3743 3820 3808 3870 de
3859 3820 3997 3881 lapsu

2391 3887 2694 3938 Saturnini.
2731 3891 2924 3954 Itaque
2960 3895 3053 3940 aut
3101 3891 3242 3941 alius
3280 3892 3382 3940 fuit
3405 3890 3764 3952 Saturninus,
3795 3892 3838 3941 si
3886 3903 3998 3939 vera

2390 3963 2474 4009 est
2529 3959 2719 4021 lectio,
2770 3966 2862 4012 aut
2916 3966 3063 4013 certe
3114 3962 3464 4012 retinendum
3515 3971 3599 4014 est
3655 3964 3774 4012 istic
3814 3973 3997 4011 nomen

2391 4031 2548 4080 Nini.
2606 4031 2943 4096 EpisCOpum
2995 4035 3166 4084 fuisse
3201 4034 3334 4084 hinc
3399 4035 3587 4099 colligi
3634 4038 3817 4098 posset
3867 4030 3997 4096 quod

2391 4100 2703 4166 Cyprianus
2776 4117 2903 4153 eum
2981 4109 3146 4155 vocat
3221 4105 3475 4164 fratrem,
3569 4108 3675 4156 nisi
3743 4107 3997 4156 constaret

2390 4173 2744 4236 presbyteros
2799 4188 3024 4238 quoque
3073 4174 3143 4224 ab
3192 4187 3258 4224 eo
3301 4181 3527 4226 vocatos
3581 4177 3752 4226 fuisse
3805 4176 3996 4224 fratres.

2393 4245 2728 4296 Pmnituisse
2798 4247 3001 4296 Ninum
3041 4245 3188 4310 quod
3263 4246 3430 4297 ﬁdem
3489 4248 3745 4311 fregisset
3790 4247 3998 4295 testatur

2391 4316 2615 4366 abunde
2691 4317 3033 4380 Cyprianus;
3095 4317 3346 4382 adeoque
3405 4323 3542 4382 puto
3605 4319 3760 4368 illum
3828 4318 3997 4379 postea

2393 4387 2622 4452 gloriam
2683 4401 2842 4438 suam
2919 4401 3230 4452 reparasse.
3303 4389 3441 4440 Nam
3511 4391 3568 4438 in
3645 4387 3998 4439 vetustissimo

2396 4460 2783 4525 Martyrologio
2827 4461 2896 4510 ad
2947 4475 3050 4513 xv:
3097 4462 3226 4511 Kal.
3271 4461 3598 4512 Decembris
3636 4463 3855 4511 notatur
3896 4473 3907 4505 :
3947 4457 3998 4504 In

662 4523 856 4589 codice
910 4523 1214 4583 Veronensi
1269 4531 1406 4581 mihi
1467 4533 1711 4590 constat,
1772 4531 1824 4578 et
1893 4531 2083 4577 monet
2125 4527 2291 4576 etiam

2394 4523 2729 4585 Mauritania
2773 4533 2924 4590 Nini,
2964 4538 3010 4582 et
3052 4546 3193 4584 xvm
3231 4533 3351 4583 Kal.
3404 4533 3700 4583 Januarii:
3733 4533 3790 4582 In
3836 4527 3997 4591 Africa

661 4606 962 4670 Rigaltius.
1027 4604 1120 4654 Sic
1183 4603 1348 4652 etiam
1415 4601 1588 4652 edidit
1657 4600 1964 4651 Manutius.
2034 4599 2292 4670 Testatur

658 4669 843 4730 autem
874 4676 1149 4725 Pamelius
1189 4673 1440 4724 codicem
1488 4673 1858 4737 Anglicanam
1901 4684 2012 4734 quo
2051 4669 2144 4720 ille
2170 4674 2292 4720 ute-

659 4751 826 4800 batur
854 4748 1059 4798 habere
1081 4747 1226 4796 sicut
1252 4745 1533 4795 Manutius
1567 4743 1750 4792 habet.
1775 4741 1844 4790 Et
1871 4745 2054 4791 tamen
2081 4755 2292 4805 nupera

661 4822 832 4872 editio
863 4819 1169 4883 Anglicana
1199 4817 1414 4867 nullum
1452 4815 1599 4864 illius
1636 4814 1890 4863 lectionis
1914 4820 2074 4862 vetus
2102 4825 2290 4863 exem-

657 4896 779 4960 plar
809 4893 1010 4954 allegat
1039 4903 1207 4954 quam
1239 4887 1899 4960 Veronense._Adjuvant
1927 4884 2293 4960 nihilominus

659 4955 812 5016 illam
867 4962 1089 5013 codices
1155 4959 1442 5024 Eligianus
1499 4961 1550 5007 et
1602 4957 1923 5018 Beccensis,
1985 4957 2038 5004 in
2088 4955 2292 5020 quibus

661 5040 929 5100 scriptum
983 5037 1066 5084 est
1105 5045 1360 5095 superus,
1411 5035 1463 5079 et
1519 5029 1713 5100 decem
1765 5028 1856 5076 alii
1908 5032 2143 5100 veteres,
2195 5029 2291 5092 qui

659 5099 870 5159 habent
915 5117 1102 5169 super.
1163 5102 1222 5150 In
1270 5101 1573 5163 exemplari
1643 5099 1903 5150 editionis
1956 5099 2292 5150 Basileensis

661 5181 792 5230 anni
831 5177 972 5235 1540.
1002 5172 1151 5238 quod
1193 5173 1298 5222 fuit
1334 5172 1527 5222 Jacobi
1559 5170 1794 5234 Cujacii,
1828 5176 1882 5220 et
1926 5184 2077 5220 nunc
2121 5185 2292 5235 penes

660 5264 748 5300 me
779 5253 881 5307 est,
930 5247 1010 5294 vir
1053 5245 1145 5293 ille
1183 5243 1538 5293 doctissimus
1575 5242 1794 5305 scripsit
1829 5242 1885 5290 in
1929 5242 2177 5304 margine
2222 5255 2290 5292 ex

659 5319 902 5384 quodam
958 5316 1129 5366 veteri
1183 5314 1324 5364 libro
1371 5328 1609 5377 superus,
1659 5318 1721 5362 ut
1777 5313 1831 5361 in
1883 5311 2076 5362 codice
2112 5315 2289 5362 sancti

659 5391 824 5453 Eligii
881 5392 935 5439 et
995 5390 1051 5438 in
1114 5388 1410 5438 Beccensi.
1451 5387 1678 5436 Veteres
1747 5384 2055 5443 editiones,
2121 5385 2288 5434 etiam

661 5461 983 5513 Morelliana
1048 5463 1103 5509 et
1167 5460 1267 5508 tria
1330 5462 1509 5508 vetera
1581 5456 1917 5520 exemplaria
1993 5457 2292 5518 praeferunt

657 5546 844 5597 nuper.
886 5533 1048 5582 Alius
1101 5531 1367 5595 Superius
1411 5529 1698 5594 presbyter
1732 5529 1786 5577 in
1845 5527 1986 5578 libro
2044 5526 2291 5576 secundo

657 5604 1138 5657 Miscellaneorum
1167 5605 1506 5660 nostrorum,
1567 5614 1684 5664 pag.
1749 5599 1871 5660 101,
1920 5602 1975 5648 et
2025 5598 2291 5662 Superius

659 5677 1014 5730 stationarius
1060 5674 1207 5740 apud
1263 5674 1528 5738 Optatum
1591 5671 1974 5722 Milevitanum
2024 5671 2079 5719 in
2137 5671 2289 5720 calce

657 5749 786 5802 libri
815 5748 994 5813 primi.

722 5832 818 5903 (9t)
864 5830 1090 5882 Ninum.
1149 5827 1212 5881 In
1239 5825 1458 5879 duobus
1505 5823 1754 5890 antiquis
1783 5821 2074 5875 codicibus
2121 5821 2293 5888 scrip-

2392 4605 2539 4657 Nini.
2580 4605 2698 4654 Non
2736 4603 2938 4654 dicitur
2983 4604 3156 4655 fuisse
3197 4609 3424 4668 martyr.
3469 4606 3662 4669 Itaque
3717 4597 3997 4654 existimari

2391 4680 2575 4741 posset
2599 4688 2728 4725 eum
2779 4689 2892 4725 non
2938 4688 3061 4726 esse
3101 4675 3380 4726 diversum
3423 4690 3455 4726 a
3508 4677 3649 4726 Nino
3684 4674 3997 4726 confessore.

2392 4749 2555 4810 cujus
2581 4748 2786 4796 mentio
2824 4747 3058 4798 habetur
3101 4749 3157 4796 in
3181 4749 3496 4798 narratione
3530 4747 3600 4796 de
3655 4745 3886 4811 quodam
3915 4741 3997 4805 qui

2393 4817 2529 4866 vidit
2572 4817 2773 4866 Filium
2845 4818 2975 4867 Dei.
3026 4818 3104 4868 Ea
3175 4820 3415 4868 narratio
3472 4823 3652 4869 exstat
3717 4820 3774 4866 in
3827 4815 3998 4866 codice

2393 4890 2721 4940 Fossatensi.
2753 4889 2848 4941 Sic
2893 4896 3077 4941 autem
3123 4892 3313 4955 incipit
3349 4909 3415 4940 :«
3451 4891 3694 4954 Quidam
3735 4887 3998 4953 presbyter

2392 4961 2494 5010 fuit
2552 4961 2842 5025 religiosus
2911 4962 3068 5012 valde
3132 4964 3328 5025 Airgils
3394 4964 3653 5025 nomine,
3707 4959 3998 5024 frequenter

2392 5033 2684 5081 missarum
2741 5033 3009 5082 solemnia
3081 5034 3370 5084 celebrans
3446 5035 3514 5085 ad
3589 5047 3792 5098 corpus
3841 5026 3997 5079 sancti

2394 5103 2517 5152 Nini
2545 5103 2792 5166 epiSCOpi
2822 5107 2875 5154 et
2904 5104 3252 5155 confessoris.
3290 5125 3317 5152 ››

2455 5175 2551 5236 (95)
2596 5174 2978 5236 Proconsulem,
3029 5175 3230 5226 Africae
3277 5176 3560 5225 nimirum.
3609 5175 3820 5239 Magnae
3858 5170 3997 5220 illum

2391 5245 2728 5310 dignationis
2783 5251 2838 5296 et
2893 5247 3240 5297 auctoritatis
3294 5248 3467 5297 fuisse
3520 5249 3698 5311 liquet
3756 5258 3821 5295 ex
3870 5239 3998 5291 testi

2391 5319 2580 5369 monio
2638 5318 2901 5379 Salviani,
2952 5321 3068 5383 qui,
3117 5319 3212 5369 lib.
3263 5332 3358 5380 vn,
3387 5333 3519 5383 cap.
3582 5319 3660 5379 16,
3714 5316 3786 5365 ait
3838 5312 3996 5383 illum,

2391 5394 2664 5454 quantum
2739 5389 2805 5440 ad
2872 5378 3075 5441 nomen
3141 5378 3367 5454 quidem
3440 5378 3845 5454 proconsulem,
3915 5378 3996 5431 sed

2392 5466 2663 5525 quantum
2717 5459 2784 5510 ad
2841 5463 3139 5524 potentiam
3193 5462 3481 5511 consulem
3541 5461 3738 5510 fuisse.
3781 5457 3996 5505 Procon-

2391 5533 2577 5582 sulum
2608 5532 2810 5582 Africus
2854 5532 3027 5581 multa
3057 5533 3266 5582 mentio
3300 5536 3384 5583 est
3420 5531 3568 5596 apud
3600 5534 3811 5580 veteres
3839 5525 4002 5596 hieto--

2391 5606 2599 5654 riarum
2639 5605 2948 5667 scriptores.
2996 5604 3181 5655 Multas
3230 5595 3495 5669 printer-ea
3537 5605 3756 5653 exstant
3809 5600 3859 5647 in
3904 5595 3996 5644 ϐο·

2391 5676 2512 5725 dice
2600 5674 2985 5726 Theodosiano
3085 5676 3519 5726 constitutiones
3622 5673 3996 5736 lmperatorum

2391 5747 2618 5800 directas
2644 5747 2711 5798 ad
2742 5748 3104 5813 proconsules
3130 5747 3349 5800 Africae.
