4160 6216
312 182 400 235 357
1708 174 2021 231 EPISTULA
2069 172 2153 229 LV
2171 218 2183 229 .

3537 185 3639 236 358

367 307 423 359 ll.
472 304 533 356 Et
580 302 803 373 quidem
849 302 1003 372 quod
1053 302 1121 356 ad
1174 302 1281 357 mei
1328 302 1502 356 animi
1552 302 1894 357 sententiam
1922 301 2252 386 Atractabo
2284 316 2413 353 cum
2442 300 2675 371 singulis
2706 300 2947 371 plenius,
3003 310 3065 357 ut
3098 302 3167 357 de
3212 319 3279 357 eo
3311 305 3462 374 quod
3497 320 3636 359 con-

305 399 549 469 pertinet,
586 401 714 467 puto
746 397 831 449 his
876 396 1293 461 indulgentiam
1330 396 1546 450 Domini
1604 414 1715 451 non
1743 397 1902 450 defu-

302 498 469 546 turam
515 508 655 561 quos
699 496 911 545 constat
963 491 1181 544 stetisse
1234 492 1289 544 in
1346 492 1484 555 acie,
1540 508 1747 545 nomen
1802 495 1901 546 llo-

301 585 424 638 mini
448 586 492 619 ⁸³
541 585 649 653 (96)
694 584 977 639 confessos
1021 601 1163 651 esse,
1223 584 1549 639 violentiam
1603 587 1902 655 magistra-

297 686 442 733 tuum
483 684 537 733 et
569 678 761 749 populi
798 678 1037 733 furentis
1088 678 1375 733 incursum
1419 678 1731 733 immobilis
1771 680 1903 734 fidei

297 777 659 831 obstinatione
709 777 941 844 vicisse,
1014 794 1205 848 passos
1256 794 1373 832 esse
1430 794 1751 845 carcerem,
1806 779 1901 832 diu

294 876 426 930 inter
454 876 636 929 minas
664 876 1020 946 proconsulis
1042 879 1099 929 et
1129 876 1420 929 fremitum
1450 876 1643 946 populi
1665 877 1902 930 circum-

292 970 475 1023 stantis
525 970 826 1024 tormentis
881 969 1231 1024 laniantibus
1274 986 1337 1023 ac
1385 971 1559 1040 longa
1600 970 1900 1024 iteratione

292 1064 658 1118 cruciantibus
681 1064 727 1097 ⁸³
800 1080 1185 1135 repugnasse;
1244 1068 1302 1117 ut
1376 1065 1523 1135 quod
1598 1064 1655 1117 in
1708 1064 1897 1118 novis-

291 1158 486 1211 simo“
542 1157 647 1227 (97)
704 1157 1033 1212 infirmitate
1074 1156 1259 1212 carnis
1304 1157 1597 1212 subactum
1653 1157 1896 1224 videtur,

289 1252 607 1305 meritorum
658 1252 1101 1322 przecedentium
1154 1251 1483 1307 defensione
1516 1235 1813 1319 relevetur,
1845 1255 1900 1305 et

291 1345 351 1398 sit
373 1346 498 1399 satis
544 1346 744 1399 talibus
772 1346 1012 1415 gloriam
1059 1346 1393 1415 perdidisse,
1426 1362 1543 1400 non
1578 1349 1769 1399 tamen
1798 1346 1897 1400 de-

287 1438 403 1493 bere
433 1456 535 1493 nos
567 1439 647 1494 eis
683 1444 738 1493 et
776 1440 949 1493 venia
989 1440 1173 1493 locum
1215 1440 1479 1494 claudere
1518 1445 1687 1511 atque
1731 1457 1824 1493 eos
1865 1457 1897 1493 a

288 1540 508 1602 paterna
553 1534 763 1605 pietate
816 1537 871 1588 et
914 1552 947 1587 a
995 1537 1190 1588 nostra
1227 1533 1737 1588 communicatione
1789 1534 1897 1604 pri-

286 1642 402 1680 vare
428 1669 441 1693 ,
468 1627 677 1697 quibus
694 1627 1089 1681 existimamus
1113 1628 1184 1681 ad
1204 1627 1617 1699 deprecandam
1652 1629 1896 1681 clemen-

2010 394 2256 447 suluistis
2286 395 2495 463 figatur
2521 396 2664 464 apud
2696 412 2795 447 nos
2827 402 2882 448 et
2919 397 3258 451 rescribatur
3288 399 3446 451 vobis
3474 400 3636 453 firma

2008 488 2290 541 sententia
2320 490 2624 541 multorum
2655 490 3006 543 sacerdotum
3034 492 3267 545 consilio
3292 493 3630 561 ponderala.

2007 582 2150 652 Opto
2174 598 2293 647 vos,
2324 582 2529 635 fratres
2556 583 2894 649 charissimi,
2928 600 3153 655 semper
3181 585 3325 640 bene
3354 587 3560 641 valere.

2574 684 2892 739 EPISTOLA
2930 687 3058 739 LIV.

2237 804 2302 841 AD
2345 804 2666 853 CORNELIUM,
2708 805 2773 842 DF.
2813 806 2940 842 PACE
2982 805 3159 845 LAPSlS
3199 808 3394 847 DANDA.

2004 879 2241 939 (Erasm,
2280 892 2316 939 ι,
2344 884 2403 941 2;
2440 880 2656 939 Pamel.,
2684 882 2890 943 Rigalt,
2928 883 3119 943 Baluz.,
3150 895 3264 943 uv;
3306 886 3491 944 Paris,
3520 897 3636 948 LIII;

2064 951 2209 999 Oxon
2241 988 2254 1010 ,
2295 952 2449 1014 Lips.,
2494 962 2628 1012 LVII;
2668 953 2951 1010 Coustant.,
2996 954 3156 1017 Epist.
3198 956 3343 1004 Rom.
3392 958 3561 1017 Pont.,
3601 970 3636 1017 Ι,

2064 1038 2113 1085 ρ.
2157 1023 2557 1083 167;Galland.,
2590 1023 2719 1072 Bibl.
2767 1029 2889 1073 vett.
2924 1026 3043 1085 re,
3074 1037 3150 1085 ιιι,
3186 1040 3235 1088 ρ.
3280 1030 3397 1089 350;
3428 1028 3640 1090 Routh.,

2066 1096 2171 1143 Ret.
2201 1109 2355 1156 sacr.,
2394 1106 2467 1155 In,
2502 1110 2551 1158 p.
2581 1096 2682 1157 69.)

2213 1197 2280 1235 AD
2321 1196 2649 1237 CORNELIUM.
2708 1198 2772 1235 DE
2826 1198 2958 1236 PACE
3000 1199 3183 1238 LAPSIS
3225 1201 3419 1241 DANDA.

1998 1284 2394 1337 Ancuussruu.
2428 1313 2495 1321 —
2523 1283 2657 1337 Cum
2678 1286 2837 1353 prius
2880 1288 3201 1339 statuissent
3230 1288 3490 1353 Africani
3516 1291 3628 1358 epi-

2068 1373 2214 1440 scopi
2263 1374 2319 1424 in
2359 1372 2581 1425 concilio
2630 1374 2887 1442 quodam,
2937 1381 2997 1428 ut
3044 1376 3185 1445 lapsi
3234 1393 3358 1439 non,
3390 1380 3498 1432 uisi
3540 1380 3636 1432 diu

2066 1462 2383 1528 paenitentia
2418 1468 2563 1523 acta,
2593 1462 3016 1517 admitterentur
3042 1464 3117 1518 ad
3131 1480 3336 1533 pacem,
3360 1469 3465 1520 nisi
3488 1469 3633 1533 forte

2066 1550 2365 1617 periculum
2409 1552 2747 1617 inﬁrmitatis
2788 1558 3038 1621 urgeret;
3065 1552 3183 1621 jam
3219 1556 3459 1609 instante
3495 1572 3631 1610 nova

2063 1641 2427 1707 persecutione
2471 1644 2800 1702 statuerunt,
2844 1643 3088 1695 omnibus
3137 1646 3233 1711 qui
3256 1647 3629 1713 pmm’tentium

286 1720 405 1772 tiam
432 1722 543 1789 (98)
576 1721 797 1775 Domini
823 1738 986 1792 posse
1021 1722 1279 1777 sufficere
1298 1722 1446 1792 quod
1480 1720 1890 1791 trienniojugi-
1916 1688 1996 1761 B-
2069 1729 2297 1793 egissent
2322 1743 2512 1796 pacem
2552 1728 2812 1791 dandum,
2843 1735 2902 1783 ut
2926 1731 3178 1796 fortiores
3216 1688 3385 1787 cs’scnt
3412 1734 3487 1786 ad
3511 1750 3632 1802 pas-

284 1816 360 1867 ter
384 1830 443 1867 ac
470 1814 755 1883 dolenter,
788 1821 851 1869 ut
893 1815 1159 1885 scribitis,
1194 1832 1322 1870 cum
1361 1832 1585 1869 summa
1614 1815 1891 1885 poeniten-

283 1907 362 1961 tia:
390 1908 797 1963 lamentatione
817 1910 1175 1979 planxerunt.
1196 1910 1357 1965 Certe
1377 1926 1489 1963 non
1512 1914 1647 1979 puto
1673 1910 1895 1964 incaute

283 2006 329 2055 et
354 2007 558 2056 temere
588 2003 679 2057 his
708 2019 908 2073 pacem
932 2004 1211 2057 committi
1234 2019 1376 2073 quos
1397 2003 1651 2057 videmus
1678 2003 1895 2057 militias

282 2110 380 2148 sum
417 2095 755 2151 fortitudine
804 2113 907 2151 nec
955 2097 1110 2167 prius
1156 2113 1365 2167 pugna:
1411 2096 1691 2164 defuisse,
1744 2100 1801 2150 et
1851 2097 1894 2150 si

284 2188 411 2241 acies
441 2189 617 2243 etiam
650 2189 837 2243 denuo
866 2191 1103 2258 venerit,
1145 2190 1385 2260 gloriam
1417 2206 1576 2244 suam
1610 2207 1772 2261 posse
1804 2207 1890 2244 re-

282 2298 477 2351 parare.
526 2286 696 2349 Nam,
746 2301 875 2337 cum
916 2284 972 2337 in
1019 2283 1254 2338 concilio
1302 2285 1574 2355 placuerit
1620 2284 1893 2355 pmniten-

284 2375 405 2429 tiam
434 2377 736 2446 agentibus
769 2378 824 2430 in
860 2377 1205 2432 infirmitatis
1248 2379 1494 2448 periculo
1521 2378 1803 2433 subveniri
1838 2381 1894 2431 et

284 2484 455 2536 pacem
482 2467 624 2529 dari,
663 2468 875 2523 debent
904 2469 1101 2539 utique
1135 2469 1193 2522 in
1227 2468 1557 2539 accipienda
1590 2485 1723 2539 pace
1756 2485 1894 2538 pra:-

285 2559 462 2614 cedere
512 2578 662 2632 quos
719 2562 971 2616 videmus
1015 2578 1129 2616 non
1175 2562 1357 2615 animi
1387 2561 1717 2617 infirmitate
1747 2561 1888 2615 ceci-

285 2648 431 2713 disse,
475 2651 569 2705 sed
618 2651 675 2703 in
714 2650 910 2721 praelia
950 2667 1279 2721 congressos
1324 2658 1380 2706 et
1428 2653 1745 2706 vulneratos
1790 2668 1894 2722 per

284 2739 709 2799 imbecillitatem
764 2744 950 2798 carnis
1006 2744 1377 2799 confessionis
1447 2762 1561 2799 sua:
1624 2762 1891 2800 coronam

282 2851 378 2889 non
424 2838 678 2907 potuisse
723 2838 1007 2907 perferre;
1060 2839 1309 2893 maxime
1364 2855 1493 2893 cum
1536 2840 1892 2909 cupientibus
1956 2912 1961 2917 Ι

283 2929 406 2983 mori
455 2947 568 2984 non
623 2931 1092 3001 permitterentur
1137 2932 1247 3001 (99)
1299 2932 1500 3000 occidi,
1557 2932 1652 2986 sed
1694 2933 1890 2986 tandiu

283 3022 435 3077 fessos
460 3027 757 3079 tormenta
788 3024 1070 3079 laniarent
1097 3025 1349 3095 quandiu
1382 3042 1494 3080 non
1528 3025 1726 3094 fidem,
1759 3043 1888 3097 quae

282 3111 465 3167 invicta
510 3121 619 3181 est,
665 3114 976 3182 vincerent,
1025 3114 1123 3169 sed
1180 3131 1433 3183 carnem,
1479 3133 1607 3187 quin
1660 3116 1887 3171 infirma

285 3212 353 3259 est
376 3208 436 3274 ⁸⁵,
465 3208 799 3279 fatigarent.

341 3300 417 3355 Ill.
458 3301 741 3365 Quoniam
786 3306 975 3357 tamen
1014 3302 1313 3373 scripsistis
1352 3310 1411 3358 ut
1457 3321 1585 3358 cum
1632 3305 1887 3375 pluribus

282 3393 484 3464 collegis
506 3396 553 3429 εδ
595 3396 668 3449 de
713 3396 818 3450 hoc
858 3396 976 3466 ipso
1004 3396 1329 3467 plenissime
1369 3402 1613 3452 tractem
1639 3400 1683 3433 ⁸⁷
1714 3406 1767 3453 et
1796 3416 1885 3454 res

283 3484 449 3560 348
478 3494 637 3543 tanta
666 3490 1039 3560 exigitmajus
1060 3490 1441 3561 etimpensius
1470 3491 1540 3545 de
1570 3494 1884 3548 multorum

282 3584 551 3637 collatione
604 3583 940 3650 consilium,
996 3588 1052 3638 et
1106 3602 1258 3638 nunc
1312 3602 1511 3640 omnes
1559 3586 1678 3641 fere
1734 3588 1885 3642 inter

283 3675 481 3731 Pascha:
510 3679 698 3747 prima
738 3679 1017 3732 solemnia
1064 3680 1212 3749 apud
1245 3696 1302 3733 se
1330 3696 1459 3733 cum
1492 3682 1753 3735 fratribus
1783 3684 1879 3736 de-

283 3775 565 3837 morentur,
631 3772 854 3841 quando
919 3772 1268 3827 solemnitati
1320 3774 1679 3829 celebranda:
1732 3776 1881 3846 apud

283 3876 389 3915 suos
433 3866 809 3919 satisfecerint
865 3871 917 3918 et
976 3866 1043 3920 ad
1100 3883 1191 3921 me
1235 3867 1424 3923 venire
1465 3870 1740 3940 cmperint
1786 3873 1879 3939 (l),

2067 1820 2235 1873 sionis
2258 1819 2529 1887 praelium.
2566 1819 2631 1871 Id
2659 1821 3027 1888 episcoporum
3047 1825 3330 1881 statutum,
3361 1826 3526 1875 totius
3549 1840 3633 1891 sy-

2067 1907 2203 1960 nodi
2228 1909 2456 1969 nomine,
2486 1910 2711 1961 nuntiut
2743 1908 2983 1963 Cornelio
3001 1924 3162 1979 papae
3189 1912 3518 1979 Cyprianus,
3548 1918 3630 1967 at-

2066 2012 2167 2065 que
2207 1997 2339 2050 adeo
2386 2012 2491 2050 non
2531 2002 2643 2051 tam
2690 2000 2860 2067 ipsius
2906 2000 3170 2067 Cypriani
3215 2016 3378 2069 quam
3432 2004 3627 2070 synodi

2064 2087 2347 2151 Africanae
2368 2093 2441 2139 est
2471 2086 2584 2140 hac
2602 2087 2846 2155 epistola.

2072 2180 2243 2245 (Hanc
2290 2179 2622 2249 Epistolam,
2672 2184 2729 2232 ut
2776 2185 2831 2233 et
2856 2179 2993 2233 alias
3022 2182 3275 2249 omissas,
3310 2183 3458 2238 inter
3485 2202 3625 2255 pon-

1995 2266 2194 2320 tificias
2243 2273 2375 2320 tom.
2429 2268 2803 2337 praecedentis
2850 2270 3116 2339 epistolas
3156 2272 3264 2325 col.
3310 2276 3411 2327 877
3459 2291 3623 2345 repe-

1993 2372 2124 2409 nes.

2135 2355 2149 2423 )
2564 2435 2893 2490 EPISTOLA
2944 2437 3050 2491 LV.

1994 2537 2234 2599 (Erasm.,
2278 2548 2314 2599 ι,
2343 2542 2369 2585 3
2396 2553 2411 2599 ;
2444 2538 2656 2599 Pamel.,
2699 2538 2900 2600 Rigalt.,
2942 2540 3135 2602 Baluz.,
3166 2552 3227 2591 LV
3246 2558 3262 2604 ;
3296 2543 3474 2601 Paris.,
3516 2556 3629 2607 LIV;

2055 2609 2241 2669 Oxon,
2291 2609 2447 2672 Lips.,
2491 2620 2607 2670 LIX;
2648 2610 2931 2671 Coustant.,
2977 2610 3140 2674 Epist.
3184 2615 3328 2662 Rom.
3377 2616 3546 2676 Pont,
3592 2629 3628 2675 ι,

2054 2694 2104 2742 p.
2144 2683 2262 2742 172;
2287 2680 2547 2741 Galland.,
2579 2680 2708 2729 Bibl.
2736 2684 2860 2729 vett.
2894 2682 3010 2743 PP.,
3033 2694 3109 2744 III,
3142 2699 3193 2748 p.
3229 2688 3361 2747 352.)

1992 2791 2060 2829 AD
2115 2790 2448 2842 CORNELlUM,
2510 2793 2574 2830 DE
2626 2792 2941 2831 PORTUNATO
2996 2794 3057 2833 ET
3114 2796 3461 2847 FELlCISSlMO,
3503 2795 3621 2835 SlVE

2514 2887 2721 2925 CONTRA
2777 2886 3095 2927 HERETICOS.

1992 2966 2397 3022 Aacunsuruu.
2449 2998 2516 3007 —
2564 2970 2626 3021 In
2680 2970 2869 3037 primis
2926 2974 3103 3024 monet
3165 2970 3466 3026 Cornelium
3519 2971 3624 3042 Cy-

2057 3058 2292 3125 prianus
2338 3056 2433 3111 hac
2474 3058 2720 3125 epistola,
2766 3064 2826 3112 ut
2871 3059 3185 3114 Felicissimi
3241 3066 3291 3115 et
3334 3064 3629 3118 Fortunati

2060 3154 2249 3201 contra
2288 3162 2342 3201 se
2370 3147 2671 3201 calumnias
2716 3163 2824 3201 non
2856 3148 3073 3211 audiat,
3121 3165 3212 3203 nec
3245 3152 3404 3206 minis
3446 3168 3625 3207 eorum

2061 3243 2354 3299 terreatur,
2376 3237 2468 3291 sed
2493 3238 2629 3301 forti
2658 3238 2728 3289 sit
2748 3240 2950 3299 animo,
2979 3240 3142 3293 sicuti
3172 3241 3271 3293 Dei
3299 3243 3626 3298 sacerdotem

2058 3334 2249 3383 contra
2283 3328 2555 3381 haereticos
2597 3327 2775 3395 decet;
2810 3331 2992 3397 utpote
3021 3331 3117 3397 qui
3140 3344 3241 3399 pro
3288 3346 3429 3385 more
3468 3333 3626 3388 haere-

2061 3420 2184 3472 ticis
2213 3419 2440 3483 usitato,
2472 3416 2695 3471 hzeresin
2722 3432 2875 3471 suam
2909 3421 2956 3471 et
2986 3418 3277 3472 schismata
3314 3422 3627 3491 incaperint

2056 3525 2121 3561 ea:
2167 3511 2467 3576 contemptu
2522 3503 2713 3577 349
2766 3509 2929 3559 unius
2976 3510 3033 3560 in
3081 3508 3303 3563 ecclesia
3350 3512 3621 3581 episc0pi;

2056 3604 2222 3656 obiter
2249 3604 2409 3655 etiam
2446 3601 2693 3654 indicans
2738 3600 2882 3654 unde
2908 3603 3043 3654 oriri
3078 3602 3285 3655 soleant
3317 3605 3537 3660 haereses
3569 3612 3618 3660 et

2054 3693 2361 3751 schismata,
2393 3696 2450 3743 ut
2495 3693 2682 3743 merito
2727 3707 2757 3742 (ι
2800 3691 3021 3745 Morelio
3050 3692 3379 3747 inscribatur
3405 3695 3621 3753 CONTRA

2057 3795 2379 3834 HERETICOS.

2233 3867 2391 3940 (Vide
2419 3873 2644 3922 tomum
2676 3868 3046 3939 superiorem,
3078 3870 3184 3925 col.
3220 3873 3365 3939 821.)

1642 3991 1852 4056 Variae
1910 3991 2244 4055 lectiones.

1238 4117 1615 4177 '3,Cruciatus
1668 4119 1819 4168 Mich.
1920 4118 1961 4152 δι
2004 4117 2313 4168 Novissima
2370 4117 2524 4166 Oxon.
2573 4118 2766 4180 Rigalt.

756 4184 963 4237 8'Cum
1019 4188 1242 4251 plurimi
1289 4190 1517 4254 collegae
1569 4191 1679 4239 Ver.
1734 4190 2025 4241 Celebrate
2067 4189 2203 4238 Lam.
2261 4188 2406 4237 Ebor.
2456 4187 2578 4237 Bod.
2634 4188 2680 4237 2.

2869 4119 2909 4152 ⁸⁵
2945 4117 3083 4181 Quis
3137 4119 3283 4170 victa
3340 4122 3419 4170 est
3478 4120 3619 4174 Lam.

2781 4189 2822 4223 ⁸⁷
2858 4190 3086 4243 Plenius
3135 4195 3426 4243 tractarem
3472 4193 3619 4243 Ebor.

330 4110 367 4146 ⁸³
397 4114 616 4165 Domini
669 4113 808 4164 deest
872 4118 923 4164 in
978 4118 1137 4167 Oxon.

283 4184 410 4235 Eber.
457 4188 561 4237 ΝΟ.
614 4189 658 4236 1.

280 4252 371 4301 Lin.
394 4256 494 4306 ΝΟ.
524 4260 568 4306 1.

1547 4342 1773 4425 Steph.
1822 4341 2067 4406 Baluzii
2114 4346 2312 4403 notas.

331 4460 657 4552 (98).Nom.enn
694 4462 919 4512 Domini.
956 4463 1158 4514 Addidi
1191 4478 1381 4548 vocem
1416 4466 1645 4552 Domini,
1691 4480 1960 4552 quam-D
1985 4463 2248 4552 cupiebat
2290 4461 2570 4552 jugulare,
2610 4466 2765 4552 etupt
2812 4464 2929 4527 ipse
2958 4467 3052 4546 qui
3106 4464 3176 4516 ab
3206 4478 3271 4515 eo
3316 4472 3619 4552 pa‘ssus‘est

280 4528 348 4579 vis
373 4532 534 4582 sciam
580 4534 733 4583 illam
775 4547 886 4583 non
911 4548 1031 4585 esse
1076 4538 1441 4586 necessariam
1486 4538 1543 4586 in
1587 4528 2295 4599 hoc—loco,"Cyprianus
2342 4538 2435 4595 ait,
2480 4534 2802 4584 volentibus
2851 4538 2989 4585 mori
3038 4550 3148 4587 non
3195 4528 3615 4600 permittebatur

280 4603 388 4662 quia
433 4606 500 4653 ita
546 4607 726 4668 reperi
775 4608 1041 4669 scriptum
1088 4608 1140 4655 in
1186 4608 1444 4659 omnibus
1492 4610 1603 4659 fere
1648 4610 1881 4658 vetustis
1982 4611 2179 4661 occidi.
2234 4630 2259 4653 »
2314 4609 2505 4659 Codex
2562 4608 2837 4658 Fuxensis
2892 4610 3017 4657 istic
3066 4610 3213 4671 apud
3268 4610 3610 4673 Cyprianum

280 4676 662 4748 es-emplaribus
688 4678 894 4748 quibus
931 4692 1069 4729 usus
1097 4694 1221 4729 sum
1248 4686 1301 4730 et
1332 4682 1385 4730 in
1417 4681 1661 4745 antiquis
1682 4681 1879 4730 editio-
1978 4686 2147 4736 habet
2186 4690 2515 4748 paterentur.
2562 4682 2671 4733 Sed
2717 4683 3090 4745 Hieronymus
3143 4684 3381 4733 habebat
3425 4685 3479 4733 in
3515 4699 3617 4734 suo

279 4744 435 4824 nibus.
466 4749 744 4824 Ramelius
771 4745 1066 4824 bnpunxit.
1556 4744 1559 4745 ν
1753 4823 1757 4824 ν
1979 4744 2281 4824 exemplari
2300 4758 2754 4822 permitterentur.
2790 4744 3067 4817 Lucanus,
3098 4758 3193 4807 lib.
3228 4772 3284 4808 v1
3319 4774 3328 4807 :

312 4816 419 4893 ,(97)
459 4821 771 4903 Novissima.
822 4822 883 4871 Id
923 4826 1037 4903 est“
1049 4828 1259 4903 postea.
1305 4825 1407 4903 Sic‘
1427 4825 1641 4903 restitui
1675 4823 1878 4875 debere

2167 4841 2240 4891 Ah
2272 4840 2444 4899 miser,
2467 4840 2757 4887 extremum
2784 4840 2869 4887 cui
2896 4839 3075 4887 mortis
3098 4852 3286 4889 munus
3303 4839 3492 4903 iniquae

279 4896 448 4974 visum.
473 4896 551 4941 est
592 4906 697 4974 pro.
720 4906 784 4943 eo
811 4894 959 4957 quod
998 4894 1266 4974 Rigaltius
1295 4901 1351 4974 et
1381 4897 1544 4959 Angli
1563 4900 1879 4974 posuerunt
2166 4911 2393 4974 Eripiun-
2421 4894 2525 4958 ﬁon
2544 4924 2694 4973 posse
2723 4910 2870 4958 mori.

279 4963 810 5057 ﬁfii‘ﬂf;
836 4979 1052 5057 L033???
1083 4967 1878 5057 ξξίξί,Ῡξῖίξῖξθῗμθίξέίξξοξλῗῗ
1979 4990 2192 5042 Seneca
2247 4963 2595 5039 'l‘hebaide.:
2661 4989 2900 5037 Occidere
2951 4995 3024 5039 est
3085 4996 3265 5041 vetare
3324 4992 3613 5057 cupientem

282 5034 389 5081 ante
433 5034 800 5112 Rigaltianam
836 5038 1044 5112 habent
1078 5052 1198 5088 eam
1238 5039 1533 5090 lectionem
1579 5054 1754 5112 quam,
1777 5052 1878 5102 ego

283 5109 547 5196 Le‘vo‘cavi.‘
579 5108 926 5196 Quaproptei'
973 5110 1158 5196 miror.
1194 5112 1432 5196 Anglos,‘
1481 5113 1575 5175 qui
1627 5111 1878 5196 sciebant

2126 5108 2325 5181 Venire
2355 5131 2626 5194 coeperint.
2662 5132 2804 5181 lIinc
2826 5131 3010 5196 colligi
3038 5146 3201 5195 posse
3233 5134 3451 5185 videtur
3476 5149 3616 5185 con—

282 5171 644 5268 ﬂimexstare
691 5178 745 5258 in
792 5179 1193 5268 librLisanstris
1240 5181 1879 5268 veteribusnpljwmlifﬁe
1978 5171 2227 5255 subiisse
2254 5218 2319 5253 eo
2363 5171 2608 5268 tempore
2648 5206 2937 5268 episcopos
2958 5171 3282 5255 OAl‘lricanos
3315 5171 3615 5258 donvenire

283 5249 1878 5341 3331,‘IEEELWf'P‘f:EEEB‘HLfIEaE},_i{‘,_e‘}ﬂ[9{13_§ij
1978 5276 2370 5341 Carthaginem
2418 5249 2561 5339 ap‘ud
2607 5249 2929 5338 episcopum
2966 5289 3181 5338 magna:
3225 5278 3376 5327 illius
3423 5278 3615 5328 Eccle-

279 5315 702 5411 gglggggigosi
745 5321 1011 5371 mendum
1048 5322 1198 5371 unus
1234 5324 1494 5372 editionis
1540 5324 1878 5385 ίτηριιιοηιυε
1978 5315 2541 5411 satiassatias
2576 5315 2837 5396 usus“;
2870 5315 3613 5411 είρῑῆεξεςηέίῑηῑῑιηῖιξιῑίιῑ,

284 5387 645 5510 tygggmpho‘l
731 5464 739 5471 .
1422 5466 1431 5475 .
1651 5466 1657 5472 .
1754 5466 1762 5475 .
1978 5387 2287 5469 sed,tamen
2328 5387 2560 5468 necesse
2603 5417 2775 5467 fuisse
2807 5423 2864 5466 ut
2894 5420 2949 5466 in
2976 5387 3275 5482 prmci‘puis
3306 5387 3615 5470 festivitati:

402 5465 412 5510 l
494 5462 845 5510 Clementiam.
930 5463 1120 5510 Codex
1202 5467 1496 5510 Fuxensm.
1585 5479 1878 5510 misericor-
1980 5490 2081 5510 L---
2137 5493 2315 5510 --η-ι
2362 5492 2410 5510 ε-
2469 5490 2581 5510 ---ε-
2653 5488 2963 5510 ,ιηειηιειηη
3059 5490 3236 5510 naua-
3326 5492 3612 5510 .__.:-___

287 5462 412 5571 dtW)
494 5462 845 5512 Clementiam.
930 5463 1121 5515 Codex
1200 5466 1496 5527 Fuxensis,
1585 5466 1878 5515 misericor-

314 5540 419 5576 iam.

2037 5504 2085 5539 IS
2133 5493 2320 5541 essent
2362 5492 2416 5539 in
2467 5490 2584 5539 suis
2650 5462 3005 5539 civitatibus.r
3057 5462 3241 5540 Εάῆἰο
3312 5492 3619 5556 Anglicana

1978 5562 2122 5611 male
2188 5562 2340 5611 hunc
2413 5561 2601 5611 locum
2665 5562 3018 5623 interpretata
3102 5566 3185 5611 est
3254 5563 3322 5611 de
3391 5562 3620 5626 synodis

1981 5631 2256 5683 habendis
2304 5633 2389 5684 bis
2422 5634 2474 5683 in
2512 5645 2675 5682 anno.
2729 5630 2807 5681 Ea
2853 5631 3045 5696 regula
3087 5633 3335 5683 nondum
3394 5637 3619 5683 inventa

1986 5709 2118 5755 erat.

336 5599 424 5662 (99)
470 5603 916 5656 Permitterentur.
961 5606 1109 5657 Citat
1157 5608 1307 5658 hunc
1360 5608 1546 5659 locum
1598 5609 1875 5672 Hierony-

289 5678 391 5719 mus
414 5673 464 5722 in
496 5674 613 5725 Vita
661 5677 815 5726 Pauli
855 5678 1114 5728 monachi
1153 5694 1163 5727 :
1208 5697 1237 5727 α
1282 5680 1485 5730 Verum
1510 5680 1689 5731 hostis
1716 5681 1877 5731 calli—

289 5734 374 5789 dus
406 5745 549 5795 tarda
586 5747 655 5798 ad
701 5754 935 5799 mortem
975 5750 1253 5815 supplicia
1300 5754 1639 5817 conquirens
1670 5754 1884 5804 animas
