2014 3100
293 128 342 154 339

577 183 740 211 EPISTOIA
766 183 827 210 LVI.

290 255 389 281 (Erasm
404 271 409 281 ,
427 257 459 281 iv,
478 253 505 280 ﬁ;
524 250 628 279 Parin-1.,
649 248 750 278 Rigalt,
767 248 861 276 Bnluz.,
880 252 935 276 va;
951 245 1041 274 Paris,
1065 251 1107 275 Lv;

558 286 651 313 Oxon,
670 284 749 314 |.ips.,
767 283 847 311 LVIII.)

348 359 379 376 At)
400 357 605 378 ΤΙΗΒΑΙΗΤΛΧΟΞ,
635 356 667 374 DE
696 353 895 373 liXHORTATIONE
916 352 1054 371 MARTYRH.

293 417 493 443 ARGL‘MENTUM.
511 430 543 433 —
558 414 676 439 Emcusu!
700 413 817 446 primum
837 417 864 437 se
878 409 1031 444 Cyprianus
1046 409 1108 435 ΤΙιὶ-

331 461 465 487 (laritanis
480 459 549 493 quod
562 458 621 484 illos
636 465 686 483 non
702 456 836 482 iiwisisset
848 457 872 481 et
885 454 917 481 de
929 453 1109 488 persecutione

329 506 480 531 inuninentc
500 503 623 529 admouet
638 511 645 531 ς
666 504 721 527 tum
736 500 858 527 stimulos
871 498 960 525 subdit
982 498 1018 523 ad
1035 505 1107 524 mar-

329 551 429 583 tyrium
445 548 571 574 alacri/vr
592 546 769 572 subeundum.
794 559 825 562 —
839 545 906 570 Hinc
918 545 1110 577 proponuntur

329 595 450 627 exempla
457 594 563 627 piorum
576 600 591 617 α
603 590 696 617 mundi
708 590 785 616 initio
795 590 842 623 qui
851 589 1012 621 martyrium
1023 589 1107 622 passi,

328 641 355 665 in
381 639 475 673 primis
501 644 559 671 qum
589 637 674 662 omnia
698 634 820 668 exempla
845 636 967 667 superat,
1003 634 1110 659 Domini

328 685 413 711 nostri
424 684 522 717 passio.
539 696 572 700 —-
582 680 661 712 Quid.
678 679 751 712 quod
763 678 847 705 studii
860 681 885 704 et
901 678 1001 704 theatri
1011 685 1108 711 agones

327 729 436 761 fortiter
450 730 473 753 ct
486 726 613 751 alacriter
626 724 733 750 (olm‘uti
742 724 916 750 incitamento
924 723 977 749 sint
990 722 1026 748 ud
1038 730 1106 748 mar-

329 774 394 806 tyrii
419 772 577 806 passiones?
603 784 635 787 —
666 770 776 794 lhxmum
801 767 985 794 consideretur
1009 767 1108 800 futuro

328 825 433 846 merces,
445 823 503 849 quae
509 815 570 848 jum
579 821 712 848 superun
726 813 762 839 ad
776 812 865 838 omnia
876 811 1039 839 sustinenda
1052 812 1109 838 ani-

328 865 384 888 mal
399 864 422 888 et
440 859 570 886 accendit.

328 930 346 955 l.
371 926 525 962 Cyprianus
551 924 623 960 plebi
647 922 762 950 Thibari
783 922 820 958 (2)
844 922 1010 950 consistenti
1032 923 1104 949 salu-

294 978 363 1003 tcni.
384 974 579 1008 Cogitavoram
595 970 722 1006 quidem,
742 970 842 997 fratres
866 969 1047 1004 dilectissimi,
1064 971 1105 995 at-

293 1032 347 1058 que
363 1020 475 1048 invotis
501 1019 652 1050 habebam,
674 1018 694 1043 si
712 1024 806 1044 rerum
830 1016 900 1043 ratio
918 1025 949 1043 ac
972 1017 1107 1051 temporis

293 1069 417 1097 conditio
446 1066 634 1102 permitteret,
661 1063 818 1090 secundum
840 1063 916 1098 quod
941 1063 1107 1098 frequenter

295 1115 486 1147 desiderastis,
504 1114 563 1148 ipse
579 1112 613 1138 ad
625 1120 671 1138 v0s
683 1111 788 1144 venire,
802 1113 829 1137 et
843 1110 1105 1146 quantulacumque

294 1162 491 1191 mediocritate
516 1158 720 1186 exhortationis
746 1159 849 1184 nostrae
872 1158 1028 1192 prmsens”
1053 1157 1106 1184 illic

292 1209 500 1238 fraternitatem
527 1208 563 1241 tit)
595 1205 786 1232 corroliorare.
814 1204 876 1238 Sed,
902 1204 1036 1239 quoniam
1067 1204 1106 1231 sic

294 1258 377 1284 rebus
398 1254 566 1290 urgentibus
588 1253 749 1279 detinentur
762 1255 793 1277 ut
812 1251 897 1286 longe
912 1251 994 1277 istinc
1008 1258 1106 1277 excur-

294 1313 356 1331 νει-(ι
373 1305 402 1329 et
416 1302 463 1328 diu
481 1310 496 1327 a
520 1300 599 1335 plebe
616 1308 661 1325 cu;
682 1299 716 1324 tle
731 1298 827 1325 divina
845 1297 1022 1332 indulgentia
1036 1305 1106 1332 prte-

293 1359 390 1378 sumus
411 1349 509 1375 abesse
532 1356 587 1374 non
612 1347 693 1372 datur
718 1345 846 1377 facultas,
862 1345 911 1371 has
925 1344 1039 1371 interim
1056 1352 1106 1379 pro

292 1406 338 1426 me
352 1397 386 1423 ad
409 1405 455 1422 vos
470 1395 583 1421 vicarius
599 1393 704 1419 littcros
727 1392 801 1419 misi.
817 1392 897 1426 Nam,
909 1399 973 1418 cum
994 1391 1105 1418 Domini

291 1443 455 1473 iusti-uentis
483 1440 647 1476 dignatione
677 1439 845 1474 instigemur
877 1439 979 1473 saepius
1012 1439 1049 1474 (4)
1078 1442 1104 1465 et

294 1493 512 1522 admoneamur,
544 1488 576 1514 ad
611 1490 732 1513 vestram
762 1494 875 1521 quoque
904 1485 1103 1512 conscientiam

292 1536 495 1566 admonitionis
515 1537 618 1561 nostra)
640 1532 858 1560 sollicitudinem
875 1533 1000 1568 perferre
1022 1531 1105 1558 debo-

291 1592 364 1611 mus.
380 1580 475 1618 350
491 1580 565 1607 Scire
579 1579 653 1605 enini
667 1577 774 1605 debetis
789 1580 817 1604 et
832 1585 883 1612 pro
895 1578 971 1604 certo
987 1576 1104 1603 credere

758 121 784 146 s.
805 112 962 147 cvrn'iANI
983 118 1119 146 orenuu
1141 119 1226 146 mus
1244 119 1264 144 ι.
1281 132 1315 138 -
1334 118 1515 146 EPISTOL/E.
1896 124 1938 151 350

1121 186 1191 222 Aac
1207 183 1305 207 tenere
1321 188 1458 215 pressurae
1474 179 1549 206 diem
1569 187 1654 215 super
1671 183 1748 215 caput
1767 189 1822 208 esse
1841 185 1941 218 cepisse

1160 230 1187 254 ut
1209 236 1338 254 occasum
1365 227 1458 254 saeculi
1472 229 1556 262 atque
1570 226 1730 253 Antichristi
1743 229 1843 263 tempus
1855 238 1940 265 appro-

1160 274 1323 309 pinquassc,
1338 276 1369 301 ut
1382 276 1471 309 parati
1488 282 1586 301 omnes
1597 274 1631 301 ad
1645 274 1769 309 praelium
1782 277 1886 311 stemus,
1901 286 1943 305 nec

1159 321 1314 356 quidquam
1341 322 1394 348 nisi
1419 321 1539 356 gloriam
1559 322 1625 348 vita:
1650 323 1759 348 aeternos
1782 323 1808 348 et
1827 331 1944 352 coronam

1159 368 1343 395 confessionis
1375 368 1529 395 Dominicaz
1558 368 1723 403 cogitemus.
1753 369 1803 396 Nec
1829 373 1946 405 putemus

1160 414 1226 442 talia
1247 423 1307 442 esse
1332 423 1395 450 quo:
1422 415 1539 442 veniunt
1565 415 1659 450 qualia
1687 415 1797 442 fuerunt
1826 416 1868 443 illa
1892 426 1945 453 qua-

1161 462 1334 488 transiorunt
1352 470 1358 488 ί
1380 462 1493 497 gravior
1513 470 1588 489 nunc
1612 465 1640 488 et
1661 462 1780 489 ferocior
1803 471 1890 498 pugna
1905 465 1947 491 im-

1160 506 1260 539 minet,
1275 506 1310 533 ad
1334 514 1421 542 quam
1439 506 1495 534 ﬁde
1510 507 1674 541 incorrupta
1690 509 1718 534 et
1737 507 1835 535 virtute
1849 508 1947 536 robusta

1160 561 1260 588 parare
1285 562 1314 580 se
1343 553 1467 581 debeant
1494 553 1598 580 milites
1627 553 1740 587 Christi,
1760 555 1948 583 considerantes

1160 598 1265 625 idcirco
1278 606 1308 625 se
1323 598 1448 633 quotidie
1464 598 1580 625 calicem
1593 598 1738 633 sanguinis
1750 598 1844 625 Christi
1854 599 1948 632 bibere,

1160 647 1190 671 ut
1206 645 1314 680 possint
1327 648 1355 671 et
1370 645 1422 680 ipsi
1438 647 1552 680 propter
1566 645 1709 672 Christum
1724 645 1881 680 sanguinem
1893 646 1948 673 fun-

1160 691 1237 719 dere.
1260 692 1314 718 lloc
1338 695 1380 719 est
1402 692 1479 719 enim
1491 692 1562 719 velle
1577 692 1613 726 (5)
1628 700 1693 718 cum
1708 691 1814 720 Christo
1834 692 1949 725 inveniri,

1159 738 1188 765 id
1208 739 1283 773 quod
1307 738 1435 766 Christus
1454 739 1492 774 (6)
1518 740 1546 766 et
1563 739 1660 766 docuit
1681 741 1709 766 et
1728 739 1791 766 fecit
1814 739 1910 766 imitari
1921 741 1948 772 λθ,

1158 786 1314 813 secundum
1326 787 1467 813 Joannem
1484 786 1644 821 apostolum
1659 785 1799 813 dicentem
1814 795 1819 812 :
1836 786 1884 819 Qui
1895 787 1950 813 dicit

1157 840 1183 859 se
1202 834 1232 859 in
1251 832 1354 860 Christo
1371 840 1489 864 munere,
1512 833 1589 860 debet
1612 833 1742 867 quomoda
1757 833 1801 860 ille
1814 833 1949 860 ambulavit

1093 899 1101 907 .
1117 874 1145 909 Β
1157 880 1182 904 et
1194 878 1252 912 ipse
1264 878 1404 905 ambulare
1422 878 1440 911 (ι
1452 879 1543 911 Joan.,
1564 885 1594 909 ιι,
1608 878 1648 911 6).
1669 878 1739 905 Item
1753 877 1848 905 beatus
1861 878 1951 904 Paulus

1158 924 1304 959 apostolus
1318 924 1486 951 exhortatur
1495 927 1523 951 et
1537 924 1618 951 docet
1632 924 1745 951 dicens:
1757 925 1850 953 Sumus
1859 925 1950 959 ΜΨ).

1156 971 1186 999 Si
1204 973 1292 998 autem
1313 971 1365 1005 ﬁlii
1387 972 1445 1005 Dei,
1462 973 1487 998 et
1509 971 1624 998 ham-edes
1644 972 1703 1003 Dei,
1718 971 1861 999 coheredes
1874 974 1952 998 autem

1158 1018 1266 1049 Christi,
1289 1018 1422 1053 siquidem
1443 1019 1649 1053 compatiamur,
1665 1022 1696 1045 ut
1713 1021 1738 1045 et
1762 1019 1952 1053 commagniﬁcc-

1157 1073 1216 1092 mur
1230 1066 1328 1099 (Rom,
1341 1073 1398 1096 vni,
1416 1066 1458 1100 l6,
1475 1066 1528 1100 l7).

1193 1159 1224 1186 ll.
1239 1159 1308 1191 Quos
1321 1167 1398 1186 nunc
1413 1159 1509 1187 omnia
1528 1159 1735 1187 consideranda
1749 1162 1815 1187 sunt
1829 1158 1911 1191 nobis,
1927 1161 1953 1185 ut

1157 1211 1242 1230 nemo
1257 1203 1412 1238 quidquam
1426 1204 1461 1231 de
1474 1204 1576 1231 saeculo
1585 1204 1646 1239 jam
1662 1204 1802 1231 moriente
1815 1204 1953 1236 desideret,

1156 1250 1203 1276 sed
1219 1254 1352 1285 sequatur
1372 1250 1524 1284 Christum,
1539 1251 1586 1286 qui
1601 1253 1629 1278 et
1644 1251 1712 1278 vivit
1732 1251 1762 1278 in
1778 1254 1917 1284 aeternum,
1930 1253 1954 1276 et

1157 1297 1277 1323 viviticat
1290 1305 1386 1324 servos
1402 1305 1468 1324 suos
1483 1297 1511 1324 in
1526 1297 1582 1324 ﬁde
1596 1298 1639 1324 sui
1654 1298 1777 1325 nominis
1791 1297 1953 1325 constitutos.

1157 1343 1237 1370 Venit
1254 1343 1330 1370 enim
1355 1345 1476 1380 tempus,
1497 1344 1600 1371 fratres
1622 1345 1809 1378 dilectissimi,
1824 1344 1954 1379 quodjam

1157 1390 1266 1425 pridem
1300 1390 1436 1417 Dominus
1467 1394 1563 1418 noster
1590 1391 1793 1426 praenuntiavit
1818 1393 1845 1418 et
1871 1390 1955 1417 docuit

1157 1436 1290 1463 advenire
1312 1436 1430 1464 dicens:
1450 1438 1543 1465 Veniet
1568 1438 1635 1465 hora
1656 1441 1687 1465 ut
1701 1440 1787 1466 omnis
1805 1439 1851 1473 qui
1864 1445 1905 1464 vos
1918 1445 1955 1464 oc-

1155 1484 1249 1510 ciderit
1269 1487 1346 1518 putet
1369 1492 1395 1511 se
1416 1485 1535 1518 ofﬁcium
1557 1485 1594 1519 (8)
1609 1486 1662 1512 Deo
1674 1486 1774 1518 facere.
1790 1485 1841 1513 Sed
1858 1485 1907 1511 hac
1917 1485 1954 1517 fu-

1155 1531 1235 1564 cient,
1260 1532 1388 1565 quoniam
1406 1539 1458 1559 non
1477 1534 1657 1566 cognoverunt
1672 1533 1792 1566 Putrem,
1812 1539 1891 1566 neque
1909 1539 1953 1557 me.

1156 1578 1217 1605 Haec
1237 1581 1327 1605 autem
1347 1578 1449 1605 locutus
1468 1586 1527 1606 sum
1546 1579 1628 1610 vobis,
1652 1582 1682 1606 ut
1703 1587 1764 1607 cum
1784 1580 1882 1607 venerit
1899 1578 1956 1604 hora

982 1652 1086 1683 Variae
1114 1651 1281 1685 lectiones.

321 1734 341 1750 μ
354 1733 519 1757 Praesentem
535 1730 622 1757 libat,
639 1728 716 1759 Bod.,
732 1728 747 1753 2
761 1728 815 1753 ΝΟ.
831 1728 853 1752 t.
871 1726 996 1752 Vestram
1012 1727 1089 1752 Oxon.
1125 1726 1145 1743 ⁸⁹
1156 1727 1228 1752 Fieri
1243 1728 1360 1753 voluerit
1376 1728 1517 1753 imitemur
1529 1729 1598 1753 Lam.
1617 1728 1693 1753 Ebor.

938 1801 1050 1842 Steph.
1075 1801 1197 1833 Baluzii
1219 1805 1317 1834 notae.

320 1877 356 1909 (Ξ.)
373 1876 440 1900 Plebi
461 1874 576 1899 Thibari.
596 1873 624 1897 In
639 1873 757 1909 concilio
775 1871 1103 1909 Carthaginepsthabito

289 1906 341 1938 sub
356 1913 451 1936 sancto
466 1910 605 1941 Cypriano
630 1909 717 1932 adfuit
732 1907 922 1933 Vincentiusa
937 1906 1061 1937 Thihari,
1076 1909 1103 1931 et

289 1948 429 1974 collationi
455 1945 667 1975 Carthaginensi
692 1945 764 1968 inter
788 1942 949 1968 Catholicos
962 1945 989 1967 et
1011 1942 1102 1967 Dona-

289 1986 366 2010 tistas
388 1982 482 2007 Victor
501 1981 647 2012 episcopus
671 1979 867 2004 Thibaritanus
891 1978 1053 2003 Catholicus
1076 1980 1103 2003 et

289 2020 449 2046 Victorinus
475 2019 623 2049 cpiscopus
650 2015 848 2040 'I‘hibaritanus
874 2014 1027 2044 Donatista,
1054 2014 1102 2046 qui

288 2056 467 2081 nominantur
493 2054 563 2077 inter
588 2052 734 2083 episcopos
762 2050 913 2082 provincim
940 2050 1100 2081 Byzacenm.

289 2093 381 2122 Quare
405 2089 556 2114 existimari
579 2090 669 2119 potest
693 2086 836 2110 ’l‘hibarim
858 2086 944 2122 fuisse
957 2086 1030 2110 inea
1042 2092 1103 2116 pro-

287 2120 389 2155 vincia,
410 2125 562 2156 prmsertim
582 2130 645 2147 cum
671 2130 704 2147 ex
727 2122 779 2146 hac
795 2120 910 2152 epistola
924 2122 1032 2145 constet
1041 2127 1102 2146 eam

289 2163 385 2188 urbem
406 2168 460 2185 non
482 2160 568 2183 fuisse
592 2159 709 2182 multum
733 2158 865 2182 remotum
889 2164 904 2180 a
926 2156 1101 2187 Carthagine.

288 2197 399 2228 Alioqui
414 2197 487 2220 enim
502 2194 579 2226 plebs
589 2194 634 2218 illa
651 2201 703 2218 non
719 2193 881 2224 expetiisset
891 2199 907 2216 δ
918 2191 1057 2223 Cypriane
1071 2194 1102 2217 ut

288 2235 321 2260 ad
338 2240 366 2258 se
378 2232 492 2257 veniret.

319 2271 352 2300 (3)
378 2267 588 2292 Fi-nlcrnilalem.
615 2264 743 2296 Expunxi
767 2270 865 2300 vocem
890 2266 1014 2300 vestram,
1039 2270 1101 2295 quas

286 2307 381 2338 postea
405 2301 573 2334 sequebatur
597 2301 622 2338 in
648 2299 828 2338 editionibus,
847 2306 901 2338 non
924 2299 1015 2338 solum
1037 2300 1102 2331 quia

286 2335 355 2366 inihi
376 2338 514 2370 superﬂua
536 2336 688 2361 videbatur.
706 2335 755 2360 sed
771 2336 799 2359 in
820 2335 916 2366 primis
931 2335 996 2367 quia
1010 2341 1101 2367 neque

286 2378 314 2402 in
329 2374 451 2406 antiquis
465 2372 669 2404 exemplaribus
685 2371 803 2396 habetur
822 2376 914 2402 neque
930 2371 957 2395 in
979 2370 1101 2402 antiquis

285 2405 460 2437 editionibus.
477 2409 615 2433 Pamelius
635 2408 710 2431 illam
728 2405 829 2437 adjecit
852 2413 885 2431 ex
897 2406 1100 2438 manuscriptis,

286 2448 383 2478 utipse
395 2447 440 2471 ait.
457 2443 675 2468 Camberoncnsi
690 2445 723 2478 et
734 2441 932 2478 Afﬂigemensi.

318 2476 348 2512 (5)
378 2481 487 2512 Saepius.
511 2480 607 2503 Postea
633 2477 799 2509 sequebatur
814 2477 840 2501 in
855 2476 1023 2502 editionibus
1047 2484 1101 2502 vox

285 2518 397 2547 amplius
414 2522 495 2546 quam
511 2514 621 2542 sustuli,
639 2514 702 2544 quia
720 2519 810 2544 neque
828 2513 856 2537 in
870 2512 1009 2537 veteribus
1022 2513 1100 2538 libris

286 2555 374 2577 exstat
388 2558 478 2582 neque
498 2551 525 2574 in
539 2550 658 2580 antiquis
671 2548 848 2573 editionibus.
865 2548 1003 2573 Pamelius
1025 2548 1099 2573 illum

287 2587 386 2619 adjecit
398 2594 431 2611 ex
446 2586 542 2610 iisdem
556 2584 665 2609 duobus
676 2584 753 2608 libris
770 2583 916 2609 veteribus.

318 2625 349 2653 ιδ)
371 2623 423 2646 Hoc
446 2625 480 2646 es!
504 2622 572 2645 enim
598 2620 670 2644 velle.
701 2621 753 2644 lsta
779 2626 870 2651 usque
892 2619 926 2644 ad
944 2620 1038 2644 Sumus
1051 2620 1101 2651 ﬁlii

286 2659 385 2684 desunt
402 2658 429 2682 in
445 2657 541 2682 codice
567 2656 707 2681 Becccnsi.
728 2655 778 2679 Pro
805 2655 848 2679 his
870 2661 935 2680 vero
956 2657 1098 2686 sequentia

286 2695 433 2720 substituto
458 2694 531 2722 sunt,
561 2701 573 2713 κ
599 2692 713 2716 Sacrum
742 2690 844 2715 Christi
872 2691 1036 2722 sanguinem
1065 2691 1099 2716 ad

285 2730 424 2763 quoddam
447 2728 646 2753 documentum
671 2727 774 2751 Christi
789 2726 947 2757 ﬁguratum.
961 2727 1098 2752 Joannem

285 2773 396 2799 quoque
416 2766 563 2796 Baptistam
579 2766 660 2795 atque
681 2763 1024 2799 praecursoremrDomini,
1051 2763 1098 2795 qui

285 2798 426 2829 Christum
442 2801 469 2824 in
483 2806 556 2831 aqua
577 2799 670 2828 tinxit,
686 2801 770 2830 atque
784 2798 818 2822 ab
834 2805 866 2823 eo
884 2798 974 2823 factus
983 2800 1025 2822 est
1040 2799 1098 2830 ipse

285 2839 399 2871 spiritus
416 2837 463 2869 qui
486 2836 561 2860 venit
583 2841 665 2866 super
678 2834 813 2871 Joannem
829 2833 916 2866 ﬁgura
932 2840 1004 2871 qua?
1016 2833 1099 2859 hodie

285 2869 327 2900 est
351 2874 379 2898 in
404 2872 494 2902 nobis,
507 2872 579 2896 sicut
603 2870 743 2902 apostolus
759 2869 885 2894 hortatur
906 2876 957 2894 nos
979 2869 1096 2893 dicens:

284 2911 342 2945 Ipso
357 2909 473 2942 Spiritus
497 2906 676 2932 testimonium
698 2904 785 2930 reddi!
799 2904 908 2937 spiritui
922 2906 1013 2930 nostra
1028 2904 1098 2937 quod

1152 1878 1241 1896 sumus
1254 1871 1304 1902 ﬁlii
1318 1872 1373 1896 Dei.
1386 1879 1401 1895 is
1422 1871 1456 1896 Et
1468 1872 1561 1897 statim
1579 1872 1708 1904 sequitur
1723 1881 1728 1897 :
1744 1873 1840 1898 Sumus
1849 1871 1894 1903 ﬁlii
1909 1873 1954 1895 etc.

1153 1906 1207 1932 Sed
1222 1908 1271 1932 ista
1287 1906 1353 1931 alibi
1369 1914 1423 1932 non
1440 1908 1530 1939 reperi
1547 1914 1631 1939 quam
1647 1908 1674 1932 in
1691 1908 1764 1933 libro
1778 1907 1915 1933 Beccensi.

1184 1943 1216 1973 (6)
1231 1942 1258 1967 Id
1274 1942 1344 1974 quod
1360 1943 1485 1967 Christus.
1504 1942 1624 1973 Quidam
1640 1943 1703 1968 libri
1720 1945 1828 1969 veteres
1842 1942 1937 1967 habent
1951 1949 1956 1963 :

1153 1986 1168 2000 «
1182 1977 1210 2003 Si
1226 1977 1253 2002 id
1267 1979 1342 2009 quod
1358 1978 1487 2004 Christus
1502 1978 1560 2003 ﬁeri
1581 1979 1667 2004 voluit
1684 1979 1834 2004 imitemur.
1851 1986 1863 2002 ν
1878 1978 1956 2002 Etiam

1153 2012 1265 2045 quidam
1281 2014 1329 2045 qui
1345 2013 1447 2038 habent
1460 2014 1483 2037 si
1495 2013 1522 2038 id
1547 2014 1618 2045 quod
1639 2014 1772 2044 Christus,
1797 2021 1852 2039 non
1865 2012 1958 2038 habent

1152 2048 1293 2073 imitemur.

1182 2085 1217 2115 (7)
1239 2084 1333 2109 Sumus
1351 2084 1410 2116 ﬁlii.
1440 2084 1510 2116 Lege
1533 2085 1629 2110 Sumus
1643 2084 1693 2116 ﬁlii
1715 2085 1774 2110 Dei.
1797 2085 1877 2110 Error
1890 2086 1957 2116 typo.

1152 2120 1309 2151 graphiCus.

1185 2156 1216 2186 (8)
1241 2155 1366 2186 Ofﬁcium.
1388 2156 1428 2179 Ita
1451 2162 1549 2181 omnes
1575 2156 1638 2180 libri
1660 2157 1749 2181 nostri
1771 2158 1798 2181 et
1813 2154 1956 2188 Anglicani.

1152 2192 1212 2216 tum
1234 2192 1316 2216 etiam
1329 2190 1464 2216 editiones
1486 2192 1616 2223 antiquas.
1636 2191 1787 2221 Pamelius,
1810 2192 1857 2224 qui
1877 2190 1958 2223 posuit

1153 2226 1313 2258 obsequium,
1337 2226 1432 2251 scribit
1454 2232 1483 2251 se
1513 2233 1574 2252 eam
1603 2233 1701 2252 vocem
1733 2228 1906 2253 substituisse
1929 2232 1958 2250 es

1112 2246 1141 2281 Ι)
1153 2246 1594 2293 ῑᾶιῖῐιῖιῖίέὧὶιιῖιῖἷιᾙιῖάιῖξιῖιιε
1608 2246 1957 2295 ἰζᾶἇὲίδιῖἴιζὲῒέῖἆυόἆ

1152 2299 1210 2322 erat
1224 2296 1346 2327 ofﬁcium.
1368 2297 1440 2321 Sane
1458 2298 1485 2321 in
1504 2297 1622 2328 Vulgata
1642 2298 1767 2323 editione
1786 2298 1854 2323 Novi
1869 2298 1958 2322 Testa-

1152 2333 1237 2357 menti
1259 2333 1359 2364 legitur
1383 2332 1545 2364 obsequium.
1567 2332 1621 2358 Sed
1641 2340 1672 2358 ea
1693 2335 1847 2358 auctoritas
1863 2333 1958 2357 nullius

1152 2369 1285 2393 momenti
1299 2371 1340 2392 est
1354 2371 1449 2393 contra
1464 2368 1546 2393 ﬁdem
1560 2371 1601 2393 tot
1624 2371 1749 2394 veterum
1766 2369 1957 2401 exemplarium

1151 2406 1178 2429 et
1193 2404 1355 2428 editionum.
1375 2403 1476 2428 Contra
1499 2403 1525 2427 id
1549 2411 1660 2436 quoque
1682 2401 1780 2436 probat
1795 2404 1958 2430 retinendam

1151 2446 1206 2465 non
1227 2446 1288 2464 esse
1311 2440 1373 2464 istic
1394 2445 1490 2463 vocem
1513 2439 1662 2472 obsequium
1684 2441 1761 2472 quod
1786 2442 1893 2465 constet
1912 2439 1959 2469 Cy-

1151 2476 1278 2507 prianum
1305 2475 1357 2499 alia
1382 2475 1506 2500 versione
1529 2482 1611 2500 usum
1635 2483 1695 2500 esse
1722 2483 1810 2507 quam
1832 2483 1863 2501 ea
1882 2481 1958 2507 quam

1150 2511 1289 2542 vulgatam
1307 2516 1449 2540 vocamus,
1464 2512 1490 2535 et
1505 2511 1571 2542 quia
1588 2511 1701 2542 ofﬁcium
1722 2512 1826 2543 legitur
1841 2512 1919 2536 etiam
1934 2511 1958 2534 in

1151 2547 1241 2578 capite
1265 2547 1290 2570 Μ
1317 2545 1438 2577 Epistotw
1462 2546 1497 2570 ad
1521 2547 1693 2572 Fortunatam
1716 2547 1752 2572 de
1768 2547 1958 2572 Exhortatione

1151 2582 1284 2613 martyrii,
1299 2583 1325 2606 et
1339 2582 1411 2613 apud
1428 2582 1616 2613 Augustinum
1631 2583 1658 2607 in
1672 2582 1792 2613 Epistola
1809 2583 1843 2608 ad
1858 2581 1959 2612 Bonifn-

1150 2618 1219 2642 cium
1235 2617 1363 2641 comitem.
1381 2617 1486 2642 Tamen
1503 2617 1637 2643 adversus
1652 2625 1682 2643 ea
1699 2625 1766 2650 qua:
1782 2618 1959 2643 disseruimus

1150 2654 1252 2685 opponi
1280 2655 1373 2684 potest
1401 2653 1495 2678 referri
1523 2654 1550 2678 in
1583 2654 1654 2679 libro
1675 2661 1702 2679 Ill
1731 2654 1959 2683 Testimoniorum,

1150 2696 1208 2720 cap.
1226 2689 1264 2718 16,
1286 2692 1313 2714 et
1326 2689 1382 2714 illic
1407 2689 1459 2720 legi
1476 2689 1636 2722 obsequium.
1654 2691 1696 2715 Ad
1719 2690 1798 2722 quod
1814 2689 1960 2722 respondeo

1149 2726 1321 2752 vocabulum
1343 2726 1410 2751 illud
1433 2728 1540 2752 exstare
1564 2734 1630 2752 sane
1652 2728 1679 2752 in
1694 2727 1865 2759 quibusdam
1889 2726 1960 2751 codi-

1150 2761 1230 2787 cibus
1245 2763 1374 2793 antiquis,
1390 2761 1484 2786 deesse
1497 2762 1526 2786 in
1539 2762 1612 2793 aliis,
1622 2764 1756 2788 nimirum
1767 2764 1851 2794 prout
1859 2761 1960 2786 diverse

1149 2798 1252 2829 placuit
1267 2799 1388 2830 antiquis
1414 2798 1541 2823 librariis.
1556 2798 1626 2824 Vide
1645 2798 1841 2824 adnotationes
1858 2796 1960 2822 Erasmt

1150 2834 1177 2857 in
1192 2833 1267 2859 hunc
1281 2834 1375 2859 locum
1387 2834 1502 2859 Joannis
1522 2836 1548 2859 et
1563 2834 1590 2859 in
1607 2836 1690 2866 caput
1702 2840 1734 2859 Ix
1748 2833 1872 2866 Ερίειοιεν
1887 2832 1959 2857 Pauli

1149 2868 1183 2893 ad
1216 2870 1343 2895 Romanos
1369 2871 1396 2895 et
1428 2870 1456 2894 in
1484 2872 1567 2902 caput
1594 2877 1611 2896 n
1646 2869 1771 2903 Epistolas
1796 2869 1834 2894 ad
1862 2867 1960 2902 Philip-

1148 2910 1248 2937 pensas.
