4160 6216
295 172 375 227 361

1680 170 2001 227 EPISTOLA
2038 171 2165 228 LVI.

3517 176 3619 229 362

291 303 470 351 eorum,
506 300 755 342 memores
789 288 911 341 sitis
940 285 1016 355 (9)
1054 288 1186 355 quia
1225 301 1321 355 ego
1357 286 1479 341 dimi
1506 287 1654 373 vobis
1683 288 1886 358 (Joan.,
1910 301 1970 373 Α
2042 289 2153 345 'Ill.
2194 289 2452 345 Gaudere
2493 304 2595 343 nos
2631 291 2689 343 et
2717 288 2999 344 exsultare
3038 290 3215 344 voluit
3254 291 3311 345 in
3351 304 3615 361 persecu-

290 393 384 445 xvt,
428 376 568 441 2-4).
624 376 731 429 Nec
777 375 1079 447 quisquam
1122 375 1364 430 miretur
1408 367 1890 446 persec‘utionibus

286 487 375 525 nos
400 468 637 524 assiduis
664 468 890 540 fatigari
921 474 978 523 et
1004 469 1284 540 pressaris
1322 468 1657 540 augentibus
1694 467 1875 542 351

281 563 594 634 frequenter
619 561 832 633 urgeri,
859 561 1091 634 quando
1120 561 1241 637 hinc
1266 562 1458 617 futura
1484 562 1542 617 in
1572 562 1888 618 novissimis

282 655 618 727 temporibus
657 654 933 710 Dominus
974 661 1103 710 ante
1143 654 1497 726 prtedixerit,
1537 658 1592 711 et
1626 656 1888 711 militiam

280 755 513 804 nostram
571 748 898 820 magisterio
946 751 1003 803 et
1056 749 1417 805 hortamento
1470 749 1556 804 sui
1612 750 1888 805 sermonis

280 842 615 897 instruxerit.
649 844 845 897 Petrus
881 857 1109 914 quoque
1150 842 1443 914 apostolus
1474 842 1596 913 ejus
1629 843 1888 898 docuerit

278 937 388 991 ideo
423 936 849 1008 persecutiones
885 936 1007 991 ﬁeri
1044 941 1110 991 ut
1142 937 1477 1007 probemur,
1518 940 1575 991 et
1611 942 1676 992 ut
1711 938 1884 992 dilec-

276 1030 398 1085 tioni
445 1030 577 1099 Dei,
619 1030 912 1101 justorum
956 1029 1400 1101 praecedentium
1438 1031 1732 1102 exemplo,
1782 1046 1886 1085 nos

275 1124 424 1178 etiam
450 1128 634 1178 morte
663 1128 722 1178 et
751 1123 1106 1195 passionibus
1144 1123 1482 1194 copulemur
1518 1123 1651 1195 (l0).
1697 1123 1887 1179 Posuit

277 1215 411 1272 enim
463 1217 521 1271 in
573 1217 821 1289 Epistola
871 1233 970 1272 sua
1025 1216 1216 1272 dicens
1263 1234 1275 1272 :
1333 1217 1667 1281 Charissimi,
1718 1218 1885 1273 nolite

274 1313 447 1366 mirari
474 1310 587 1381 (11)
632 1312 881 1367 ardorem
915 1312 1242 1367 accidentem
1279 1312 1448 1375 vobis,
1479 1314 1574 1382 qui
1604 1311 1680 1366 ad
1717 1315 1886 1366 tenta-

276 1407 449 1460 tiouem
498 1412 736 1462 vestram
781 1408 865 1474 ﬁt,
915 1421 1009 1461 nec
1056 1406 1320 1461 excidatis
1373 1411 1636 1476 tanquam
1689 1420 1885 1459 novum

275 1500 469 1569 aliquid
497 1502 601 1568 (12)
638 1502 790 1555 vobis
820 1504 1131 1571 contingat;
1167 1502 1261 1556 sed
1296 1501 1715 1571 quotiescunque
1752 1515 1886 1554 com-

276 1596 544 1649 municatis
590 1594 795 1649 Christi
832 1597 1206 1665 passionibus,
1246 1611 1347 1665 per
1393 1597 1575 1650 omnia
1617 1593 1881 1661 gaudete,

1987 385 2240 439 tionibus
2260 382 2555 452 Dominus,
2584 383 2735 453 quia,
2757 384 2985 455 quando
3006 384 3427 455 persecutiones
3451 386 3615 449 ﬁunt,

1987 484 2121 533 tunc
2148 478 2361 543 dantur
2385 492 2608 531 coronae
2629 477 2679 511 ⁸ο
2701 477 2857 544 fidei,
2888 480 3024 532 tunc
3060 478 3371 549 probantur
3404 480 3616 535 milites

1987 571 2086 627 Dei
2111 571 2242 644 (l5),
2274 569 2467 643 352
2496 573 2630 624 tunc
2659 569 3000 640 martyribus
3026 574 3225 641 patent
3248 572 3393 627 coeli.
3421 574 3616 644 Neque

1987 666 2142 720 enim
2173 665 2252 719 sic
2278 680 2487 719 nomen
2517 662 2733 718 militia:
2761 662 3021 717 dedimus
3048 667 3113 717 ut
3139 681 3337 735 pacem
3364 669 3612 721 tantum-

1986 759 2153 813 modo
2197 758 2471 830 cogitare,
2513 763 2571 812 et
2612 757 2929 811 detrectare
2960 760 3017 812 et
3046 774 3310 813 recusare
3353 759 3613 815 militiam

1986 853 2313 921 debeamus,
2346 851 2573 922 quando
2612 850 2670 904 in
2705 850 2829 921 ipsa
2868 850 3066 905 militia
3105 851 3325 922 primus
3364 853 3614 908 ambula-

1986 947 2128 1001 verit
2156 946 2445 1013 Dominus,
2477 944 2814 999 humilitatis
2833 950 2887 1000 et
2921 944 3233 999 tolerantiae
3262 948 3319 998 et
3346 946 3614 1016 passionis

1985 1041 2279 1112 magister,
2300 1044 2365 1094 ut
2392 1039 2542 1111 quod
2570 1038 2695 1092 ﬁeri
2723 1037 2910 1093 docuit
2938 1037 3098 1109 prior
3121 1038 3351 1107 faceret,
3380 1042 3436 1094 et
3462 1041 3613 1111 quod

1984 1133 2097 1205 pati
2145 1134 2437 1200 hortatur,
2483 1132 2641 1204 prior
2668 1133 2714 1167 ⁹¹
2748 1149 2853 1203 pro
2909 1131 3074 1187 nobis
3127 1131 3248 1202 ipse
3299 1136 3611 1203 pateretur.

1951 1228 1957 1232 ’
1986 1227 2069 1282 Sit
2089 1228 2137 1262 9’
2165 1229 2296 1282 ante
2327 1227 2522 1282 oculos
2549 1231 2785 1295 vestros,
2820 1225 3022 1280 fratres
3059 1224 3428 1296 dilectissimi,
3463 1228 3613 1298 quod

1984 1322 2082 1393 qui
2108 1337 2274 1375 omne
2292 1320 2574 1391 judicium
2601 1336 2633 1373 a
2658 1321 2819 1374 Patre
2847 1320 2998 1373 solus
3028 1319 3247 1389 accepit
3274 1324 3329 1374 et
3355 1320 3450 1391 qui
3481 1338 3612 1376 ven-

1984 1419 2145 1469 turus
2170 1419 2254 1469 est
2273 1413 2649 1485 judicaturus,
2670 1413 2794 1484 jam
2820 1412 3024 1483 judicii
3062 1413 3147 1466 sui
3177 1418 3232 1467 et
3267 1415 3614 1483 cognitionis

1982 1504 2189 1559 futura
2242 1502 2586 1557 sententiam
2628 1502 2677 1537 9³
2717 1501 3051 1572 protulerit,
3108 1503 3504 1573 przenuntians
3558 1508 3616 1559 et

1983 1600 2300 1653 contestans
2340 1597 2729 1651 confessurum
2767 1611 2824 1649 se
2861 1612 3048 1650 coram
3092 1597 3254 1651 Patre
3298 1613 3399 1651 suo
3432 1598 3613 1651 conti;-

276 1694 325 1740 ut
364 1694 409 1741 et
442 1690 499 1742 in
542 1689 873 1744 reuelatione
916 1691 1067 1756 facta
1113 1691 1386 1745 claritatis
1428 1688 1543 1758 ejus
1585 1687 1959 1772 gaudentes];
1984 1695 2168 1747 tentes
2209 1694 2265 1746 et
2305 1692 2651 1762 negaturum
2697 1693 2989 1759 negantes.
3025 1688 3081 1744 Si
3123 1694 3370 1745 mortem
3414 1707 3612 1763 posse-

274 1781 549 1837 es'sultetis.
584 1783 647 1839 Si
682 1784 1089 1853 improperatur
1125 1783 1274 1839 vobis
1310 1785 1369 1838 in
1409 1784 1622 1837 nomine
1660 1782 1879 1850 Christi,

278 1873 401 1929 beati
426 1877 568 1944 estis,
598 1877 732 1945 quia
757 1876 1060 1946 majestatis
1086 1883 1137 1932 et
1175 1879 1402 1932 virtutis
1438 1879 1654 1931 Domini
1694 1891 1883 1931 nomen

274 1968 321 2021 in
340 1967 478 2022 vobis
501 1971 812 2038 requiescit,
844 1970 989 2039 quod
1024 1970 1240 2041 quidem
1266 1970 1556 2025 secundum
1583 1970 1704 2025 illos
1739 1969 1880 2023 blas-

273 2061 552 2130 phematur,
592 2065 890 2118 secundum
931 2080 1025 2119 nos
1056 2070 1237 2119 autem
1278 2065 1578 2119 honoratur
1626 2063 1668 2134 (Ι
1710 2064 1880 2130 Petr.,

275 2169 334 2220 Iv,
378 2155 580 2226 12-14).
620 2159 951 2212 Docuerunt
994 2160 1189 2213 autem
1228 2174 1333 2212 nos
1372 2157 1607 2229 apostoli
1647 2173 1714 2211 ea
1756 2172 1883 2227 qua:

276 2246 335 2301 de
357 2249 646 2320 praeceptis
678 2250 990 2306 Dominicis
1027 2257 1083 2306 et
1112 2251 1430 2306 ccelestibus
1466 2249 1750 2305 mandatis
1777 2248 1882 2320 ipsi

276 2355 479 2413 quoque
519 2342 866 2412 didicerunt,
914 2344 1154 2400 Domino
1198 2344 1321 2416 ipso
1366 2343 1575 2399 scilicet
1617 2342 1879 2398 corrobo-

1983 1802 2113 1841 mus
2147 1784 2407 1852 evadere,
2450 1783 2654 1838 merito
2694 1782 2840 1837 mori
2883 1782 3217 1839 timeremus
3252 1800 3264 1838 :
3298 1800 3470 1853 porro
3510 1802 3611 1840 au-

1981 1885 2127 1949 tem,
2170 1895 2299 1934 cum
2343 1878 2647 1932 mortalem
2694 1875 2843 1931 mori
2890 1876 3000 1946 (16)
3061 1893 3287 1932 necesse
3332 1878 3437 1947 sit,
3489 1895 3608 1934 am«

1981 1975 2297 2045 plectamur
2354 1970 2705 2027 occasionem
2765 1970 2833 2024 de
2887 1969 3076 2024 divina
3134 1971 3509 2041 promissione
3560 1977 3617 2027 et

1983 2068 2315 2139 dignatione
2344 2066 2392 2099 9‘
2423 2063 2773 2131 venientem,
2804 2068 2862 2118 et
2887 2064 3203 2135 fungamur
3232 2065 3388 2119 exitu
3418 2066 3617 2120 mortis

1983 2178 2113 2216 cum
2150 2159 2388 2231 praemio
2428 2157 2893 2227 immortalitatis,
2923 2174 3029 2212 nec
3073 2174 3374 2213 vereamur
3409 2160 3613 2231 occidi,

1982 2272 2124 2327 quos
2151 2255 2372 2309 constat
2402 2251 2632 2323 quando
2665 2251 2980 2306 occidimur
3009 2253 3289 2307 coronari.

2054 2349 2141 2403 IV.
2174 2349 2285 2402 Nec
2322 2345 2650 2419 quisquam,
2684 2345 2884 2400 fratres
2925 2344 3297 2416 dilectissimi,
3338 2363 3470 2402 cum
3504 2364 3607 2420 po-

276 2438 416 2489 rante
434 2452 539 2491 nos
562 2441 621 2491 et
642 2436 1086 2499 dicente:Nemo
1115 2443 1191 2494 est
1218 2441 1316 2509 qui
1340 2439 1618 2509 relinquat
1643 2438 1879 2507 domum,
1980 2442 2182 2514 pulum
2230 2445 2490 2496 nostrum
2530 2438 2716 2510 fugari
2765 2439 3120 2510 conspexerit
3156 2446 3311 2496 metu
3347 2456 3612 2512 persecu-

277 2534 357 2581 aut
381 2544 590 2599 agrum,
615 2535 720 2585 aut
736 2536 1007 2601 parentes,
1030 2537 1128 2587 aut
1151 2533 1374 2600 fratres,
1404 2537 1724 2587 autsorores
1747 2531 1880 2603 (13),
1981 2535 2154 2590 tionis
2196 2538 2253 2590 et
2294 2532 2509 2605 spargi,
2549 2531 2926 2588 conturbetur
2966 2533 3116 2603 quod
3160 2534 3454 2590 collectam
3495 2530 3614 2591 fra-

276 2627 355 2676 aut
394 2639 635 2690 umorem,
686 2630 783 2680 aut
823 2626 961 2694 ﬁlios
994 2631 1223 2696 propter
1264 2641 1487 2695 regnum
1532 2628 1649 2693 Dei,
1691 2630 1741 2680 et
1774 2640 1884 2678 non
1984 2629 2313 2683 ternitatem
2360 2643 2473 2682 non
2525 2627 2742 2693 videat,
2800 2642 2906 2680 nec
2957 2630 3262 2683 tractantes
3315 2629 3613 2701 episcOpos

274 2719 470 2787 recipiat
509 2720 710 2789 septies
758 2718 869 2790 (14)
910 2724 1124 2774 tantum
1166 2721 1225 2774 in
1262 2722 1363 2775 isto
1404 2726 1652 2790 tempore,
1696 2720 1754 2772 in
1789 2733 1883 2772 εστ·
1981 2721 2197 2777 audiat.
2227 2720 2404 2776 Simul
2431 2726 2567 2774 tunc
2594 2734 2797 2774 omnes
2831 2735 2950 2774 esse
2978 2735 3095 2774 non
3126 2727 3379 2791 possunt,
3411 2723 3617 2793 quibus

275 2811 374 2865 culo
410 2818 587 2867 autem
633 2818 861 2869 venturo
901 2815 1071 2869 vitam
1116 2818 1372 2869 aeternam
1416 2814 1629 2883 (Marc,
1679 2829 1733 2879 ι,
1779 2814 1879 2878 29;
1982 2815 2236 2870 occidere
2296 2830 2413 2869 non
2462 2813 2590 2868 licet
2643 2812 2779 2884 (17),
2837 2813 2936 2867 sed
2991 2814 3166 2869 occidi
3223 2831 3450 2871 necesse
3508 2820 3611 2871 est.

275 2904 398 2965 Lua,
433 2921 582 2973 xvnt,
618 2907 711 2974 29,
741 2906 851 2975 30).
892 2908 959 2962 Et
998 2907 1231 2975 iterum,
1274 2909 1451 2977 Beati,
1488 2905 1692 2978 inquit,
1733 2907 1883 2961 eritis
1982 2908 2331 2979 Ubicumque
2387 2906 2445 2961 in
2504 2906 2616 2960 illis
2671 2904 2870 2960 diebus
2925 2908 3314 2979 unusquisque
3371 2910 3612 2966 fratrum

277 3011 373 3052 cum
407 3000 525 3055 odio
562 3014 661 3055 vos
702 3000 992 3055 habuerint
1029 3002 1265 3057 homines
1293 3006 1343 3057 et
1366 3002 1739 3072 separaverint
1766 3015 1877 3062 vos,
1914 3066 1950 3072 Α
1982 2997 2154 3052 fuerit
2181 3014 2212 3051 a
2240 3012 2413 3068 grege
2442 2995 2670 3050 interim
2707 2994 3040 3050 necessitate
3069 2998 3343 3068 temporis
3372 3015 3611 3071 corpore

278 3096 319 3142 et
355 3094 689 3162 mpulerint,
735 3099 788 3149 et
835 3096 1219 3151 malediacerint
1255 3066 1465 3150 nomini
1502 3099 1675 3149 vestro
1722 3066 1954 3163 quasiC
1978 3108 2096 3147 non
2144 3066 2365 3161 spiritu
2409 3094 2700 3161 separatus
2730 3090 2799 3156 95,
2830 3105 2943 3143 non
2999 3066 3301 3147 moveatur
3340 3093 3412 3148 ad
3459 3066 3614 3165 iuga:

278 3198 475 3254 nequam
501 3194 733 3258 propter
772 3189 973 3244 Filium
1013 3190 1262 3244 hominis.
1303 3189 1545 3244 Gaudete
1573 3191 1630 3242 in
1666 3189 1765 3243 illa
1793 3188 1880 3242 die
1980 3185 2129 3239 illius
2165 3185 2493 3251 horrorem,
2532 3199 2639 3238 nec
2665 3183 2939 3238 recedens
2967 3189 3023 3239 et
3052 3185 3236 3239 latens
3272 3185 3481 3242 deserti
3506 3187 3613 3242 loci

278 3282 318 3331 et
352 3281 600 3337 exsultate
651 3298 665 3336 :
711 3297 825 3337 ecce
850 3284 992 3338 enim
1034 3297 1230 3338 merces
1278 3286 1458 3338 vestra
1503 3282 1679 3337 multa
1719 3285 1795 3337 est
1820 3283 1879 3335 in
1978 3280 2281 3336 solitudine
2324 3280 2631 3333 terreatur.
2663 3277 2825 3332 Solus
2864 3293 2979 3332 non
3017 3281 3103 3333 est
3146 3279 3237 3334 cui
3271 3280 3523 3336 Christus
3553 3281 3613 3337 in

277 3373 391 3429 catis
415 3377 577 3446 (Lue.,
612 3393 687 3444 γι,
715 3379 804 3445 22,
837 3376 952 3446 23).
1978 3375 2117 3447 fuga
2154 3389 2345 3429 comes
2384 3375 2499 3442 est;
2538 3371 2691 3426 solus
2728 3387 2848 3426 non
2883 3373 2971 3427 est
3012 3373 3114 3443 (t8)
3160 3373 3294 3445 qui,
3332 3376 3611 3447 templum

1626 3499 1837 3565 Variae
1878 3499 2215 3564 lectiones.

326 3621 359 3653 9°
397 3627 564 3678 Datur
613 3641 837 3680 coronas
882 3630 1006 3679 Lam
1056 3630 1181 3680 Bod.
1225 3630 1271 3680 3.
1353 3628 1393 3664 9'
1431 3629 1541 3692 Qui
1592 3631 1740 3694 prior
1792 3629 2043 3680 hortatur
2086 3628 2208 3678 Bod.
2258 3629 2301 3678 1.
2343 3627 2394 3677 4.
2468 3626 2510 3660 9'
2564 3626 2624 3678 Si
2674 3630 2805 3678 ante
2856 3626 3051 3678 oculos
3107 3628 3229 3677 Lam
3279 3627 3405 3678 Bod.
3463 3629 3508 3691 t,
3556 3630 3604 3693 2,

276 3691 316 3755 3,
360 3697 401 3746 4.
456 3699 565 3762 Rig.
662 3698 706 3732 ⁸³
747 3698 1019 3750 Futuram
1057 3702 1386 3751 sententiam
1429 3691 1569 3749 Lam.
1595 3691 1611 3694 ⁷
1660 3702 1701 3732 et
1746 3699 1942 3750 Divina
1990 3697 2308 3762 dignatione
2353 3698 2490 3748 Lam.
2541 3696 2695 3748 Ebor.
2747 3697 2871 3748 Bod.
2918 3698 2964 3748 2.
3009 3698 3121 3749 NC.
3164 3701 3206 3748 1.
3304 3700 3346 3733 “5
3391 3691 3602 3764 Spiritu

279 3772 559 3831 segregatus
578 3769 697 3818 Lin.

1570 3830 1795 3913 Steph.
1829 3831 2075 3896 Baluzii
2105 3836 2301 3895 notae.

330 3954 385 4015 (9)
431 3957 683 4008 Hemores
735 3958 867 4009 sitis.
926 3958 1176 4022 Quatuor
1222 3960 1348 4011 libri
1408 3963 1620 4012 veteres
1665 3960 1874 4011 habent
1972 3959 2118 4009 cham
2142 3956 2248 4008 ΟΡ.
2277 3955 2424 4021 apud
2452 3956 2620 4008 Odor.
2649 3955 3023 4021 Raynaldum,
3049 3968 3139 4004 an.
3168 3955 3307 4017 1232,
3333 3956 3367 4019 §
3392 3957 3471 4008 51.

279 4028 677 4096 [πκίηὶδοαηιίηὶ.
726 4028 819 4080 Sic
856 4032 1022 4081 etiam
1068 4032 1123 4081 in
1176 4032 1419 4083 editione
1464 4033 1686 4096 vulgata
1731 4031 1870 4082 Novi

280 4094 597 4168 Testamenti.
647 4100 854 4151 Verum
900 4103 1186 4154 retinenda
1215 4108 1298 4155 est
1340 4105 1467 4155 istic
1508 4094 1672 4155 lectio
1702 4116 1868 4168 quam

279 4166 509 4288 edittiones
559 4176 620 4223 et
682 4174 859 4236 major
916 4177 1166 4226 veterum
1224 4176 1489 4226 librorum
1554 4188 1681 4240 pars
1720 4166 1869 4225 asse-

279 4249 361 4287 run
387 4278 399 4288 .

279 4249 399 4288 runt.

327 4311 407 4373 {10)
450 4312 780 4379 Copulemur.
814 4315 1049 4380 Reliqua
1098 4317 1256 4368 istius
1296 4318 1546 4382 epistola
1576 4316 1777 4368 desunt
1809 4316 1866 4366 in

280 4376 393 4430 libro
415 4376 731 4435 monasterii
750 4376 1069 4437 Beccensis.

2032 4031 2130 4093 (ίὸ)
2159 4028 2349 4079 Milites
2370 4029 2482 4078 Dei.
2510 4027 2758 4091 Quatuor
2784 4028 2910 4078 libri
2938 4029 3149 4078 veteres
3178 4026 3387 4078 habent
3412 4027 3599 4081 milites

1971 4101 2184 4162 Christi,
2209 4101 2291 4150 uti
2317 4103 2465 4150 amat
2493 4100 2679 4151 dicere
2704 4099 3033 4164 Cyprianus.
3055 4099 3375 4150 Lactantius
3397 4113 3517 4162 cap.
3538 4101 3598 4151 16

1968 4173 2031 4223 de
2054 4172 2309 4223 Mortibus
2335 4172 2729 4222 Persecutorum
2759 4171 2961 4222 :«Hoc
2991 4174 3073 4221 est
3101 4184 3225 4223 esse
3257 4171 3595 4236 discipulum

1966 4245 2088 4306 Dei,
2120 4244 2227 4294 hoc
2253 4248 2334 4295 est
2362 4243 2591 4293 militem
2628 4242 2852 4295 Christi.
2884 4261 2911 4290 ››

2030 4316 2125 4378 (16)
2168 4317 2325 4366 Mori.
2368 4316 2777 4367 Revocavimus
2807 4315 2953 4365 hanc
2991 4315 3309 4376 lectionem,
3347 4329 3513 4380 quam
3539 4320 3596 4367 et

1968 4400 2162 4438 omnes
2190 4386 2316 4437 libri
2366 4392 2579 4437 veteres
2604 4391 2657 4437 et
2686 4400 2879 4436 omnes
2917 4390 3134 4436 veteres
3160 4386 3431 4437 editiones
3452 4399 3594 4450 prm-

326 4454 413 4513 (tl)
444 4457 613 4530 Nolite
640 4458 853 4530 mirari.
896 4459 974 4508 Ita
1000 4460 1165 4509 etiam
1197 4461 1252 4510 in
1301 4461 1541 4525 Epistola
1566 4461 1638 4511 ad
1676 4462 1865 4510 Fortu—
1888 4458 1946 4530 D
1970 4459 2171 4510 ferunt.
2202 4459 2479 4508 Pamelius
2509 4458 2691 4521 posuit
2717 4463 2930 4530 mortem
2961 4470 3028 4506 ex
3071 4458 3237 4530 unico
3266 4470 3366 4506 ms.
3396 4463 3450 4507 et
3473 4459 3592 4521 glo-

279 4530 431 4575 natum
464 4527 529 4578 de
572 4528 968 4580 Exhortatione
1012 4533 1278 4596 martyrii,
1325 4546 1444 4597 cap.
1482 4534 1533 4584 9.
1567 4532 1868 4595 Sumptum

281 4599 346 4668 est
387 4597 521 4647 istud
549 4601 672 4649 exl
721 4600 966 4664 Epistola
1002 4605 1182 4654 sancti
1229 4605 1397 4665 Petri,
1440 4619 1488 4655 c.
1546 4618 1623 4663 1v,
1675 4604 1731 4653 in
1758 4618 1868 4668 qua

280 4662 465 4730 legitur,
501 4671 672 4722 Nolite
715 4662 1050 4737 peregrinari
1086 4675 1143 4723 in
1166 4662 1388 4736 fervore:
1438 4662 1673 4726 Multum
1705 4662 1868 4726 ab-ea

282 4739 324 4784 et
368 4737 615 4804 Cypriani
665 4744 924 4794 versione
975 4744 1269 4796 discedunt
1317 4748 1655 4797 recentiores
1696 4748 1868 4797 inter-

281 4813 446 4868 pretes.
480 4814 617 4865 Vide
642 4829 771 4880 quas
796 4816 873 4866 ibi
900 4822 1302 4870 commentatur
1336 4820 1615 4869 Erasmus.

331 4880 413 4944 (l2)
438 4884 630 4935 Novum
660 4885 888 4952 aliquid.
917 4887 1119 4939 Addidi
1154 4904 1351 4941 vocem
1400 4889 1612 4954 aliquid
1638 4892 1868 4941 secutus

282 4956 625 5025 auctoritatem
666 4958 903 5009 duorum
946 4965 1195 5013 veterum
1221 4962 1507 5012 librorum.
1552 4962 1622 5011 Et
1659 4961 1870 5025 alioqui

283 5018 482 5076 habetur
502 5029 559 5078 in
586 5029 838 5093 Epistola
868 5032 1027 5082 Petri.

332 5094 413 5169 (l3)
440 5098 535 5148 Aut
573 5112 798 5151 sorores.
841 5102 977 5153 Haec
1004 5104 1207 5155 desunt
1235 5105 1291 5155 in
1318 5105 1577 5156 omnibus
1606 5103 1870 5169 Cypriani

285 5168 547 5245 codicibus.
583 5174 820 5226 Exstant
846 5182 1031 5229 tamen
1080 5180 1137 5229 in
1167 5181 1347 5245 capite
1392 5194 1433 5230 x
1467 5168 1756 5244 Evangelii
1780 5191 1868 5228 se-

287 5240 493 5316 cundum
522 5244 787 5308 Marcum,
818 5249 917 5300 sed
947 5263 1058 5301 non
1085 5253 1141 5301 in
1170 5240 1350 5316 capite
1378 5265 1519 5304 xvm
1561 5240 1745 5310 Lu'cae,
1774 5250 1870 5300 ubi

286 5306 414 5361 locus
438 5314 534 5365 iste
561 5306 809 5369 refertur.

334 5383 416 5445 (ll)
458 5386 664 5451 Septies.
724 5390 857 5455 Legi
906 5394 1094 5444 centies
1144 5395 1201 5444 in
1252 5394 1429 5445 tribus
1470 5394 1627 5445 libris
1673 5393 1870 5445 veteri-

289 5447 715 5532 thuti'etiam
765 5447 965 5526 levgitur
1009 5465 1065 5514 in
1107 5464 1413 5532 Evangelio
1466 5468 1531 5516 D.
1569 5465 1755 5517 Marci.
1805 5464 1874 5514 Et

293 5525 335 5602 in
359 5525 464 5577 aliis
490 5533 726 5596 antiquis
764 5525 835 5584 et
861 5536 916 5584 in
944 5525 1297 5587 editionibus'
1326 5539 1594 5602 scriptum
1643 5542 1724 5587 est
1755 5549 1871 5600 sep-

293 5595 494 5676 tinguti
534 5595 697 5654 etiam
746 5606 802 5654 in
848 5606 988 5658 libro
1033 5607 1096 5657 de
1145 5610 1348 5673 Lapsis,
1395 5595 1456 5660 et
1496 5610 1590 5658 lib.
1637 5622 1693 5659 ιιι
1722 5595 1875 5658 Testi-

294 5675 562 5736 moniorum,
592 5688 706 5740 cap.
747 5678 822 5725 16.
874 5676 968 5728 Sic
991 5679 1156 5729 etiam
1205 5680 1403 5743 legisse
1439 5680 1770 5743 Gregorium
1798 5678 1874 5729 IX

297 5745 459 5801 Piliam
483 5743 652 5810 liquet
674 5761 744 5799 ex
768 5748 1017 5812 Epistola
1046 5753 1164 5815 ejus
1191 5753 1263 5803 ad
1284 5754 1607 5804 Germanum
1633 5752 1875 5817 patriar-

574 5835 848 5906 PATROL.
895 5840 999 5909 lV.

1970 4531 2106 4580 riam
2150 4532 2332 4593 captat
2383 4541 2457 4580 ex
2500 4542 2565 4578 ea
2621 4528 3022 4579 emendatione.
3091 4528 3159 4578 Et
3217 4530 3399 4578 tamen
3452 4530 3594 4580 infra

1970 4602 2127 4665 epist.
2159 4602 2239 4661 57,
2264 4615 2387 4664 pag.
2415 4602 2494 4660 95,
2526 4600 2839 4663 Cyprianus
2868 4599 2944 4648 ait
2975 4597 3318 4649 Christianos
3339 4599 3443 4649 hoc
3474 4600 3595 4663 ipso

1970 4674 2206 4723 invictos
2234 4686 2355 4723 esse
2384 4672 2511 4735 quia
2540 4674 2678 4721 mori
2711 4684 2819 4719 non
2848 4670 3043 4719 timent.

2032 4744 2136 4805 (l7)
2167 4744 2412 4793 Occidere
2441 4755 2540 4792 non
2568 4742 2699 4792 licet.
2735 4741 3111 4792 Tertullianus
3134 4743 3191 4792 in
3223 4740 3547 4806 Apologetico
3575 4758 3591 4794 :

1969 4832 1998 4864 α
2024 4815 2080 4867 Si
2109 4828 2219 4865 non
2249 4814 2395 4879 apud
2426 4814 2587 4864 istam
2615 4813 2962 4876 disciplinam
2997 4815 3173 4879 magis
3194 4814 3370 4863 occidi
3402 4815 3599 4867 liceret

1970 4902 2138 4953 quam
2180 4887 2452 4937 occidere.
2505 4901 2533 4931 »
2580 4885 2799 4935 Lucifer
2849 4882 3198 4935 Calaritanus
3244 4887 3298 4934 in
3338 4884 3479 4935 libro
3527 4887 3600 4937 ad

1973 4960 2374 5010 Constantinum
2412 4958 2480 5007 de
2522 4955 2804 5007 Moriendo
2852 4970 2949 5020 pro
2994 4958 3093 5007 Dei
3123 4957 3261 5007 Filio
3292 4972 3303 5005 :
3341 4974 3370 5004 «
3410 4957 3599 5009 Hostis

1970 5032 2176 5096 quippe
2205 5030 2307 5080 Dei
2334 5029 2634 5092 religionis,
2661 5026 2714 5078 in
2743 5042 2851 5093 qua
2879 5029 3082 5092 pietas,
3123 5028 3460 5090 humanitas,
3484 5044 3599 5080 om-

1969 5108 2171 5169 nisque
2194 5104 2405 5169 justitia
2429 5107 2696 5165 versatur,
2752 5105 2805 5151 in
2839 5116 2949 5166 qua
2993 5116 3097 5153 nec
3125 5103 3334 5153 malum
3360 5118 3458 5167 pro
3488 5118 3604 5157 ma-

1969 5178 2025 5228 lo
2060 5177 2288 5227 discitur
2318 5174 2561 5235 reddere,
2609 5176 2665 5223 in
2726 5188 2834 5238 qua
2881 5188 2994 5225 non
3044 5176 3316 5236 occidere,
3370 5176 3467 5226 sed
3514 5191 3603 5229 oc-

1971 5249 2082 5300 cidi
2151 5251 2371 5312 propter
2437 5247 2539 5297 Dei
2612 5245 2817 5295 Filium
2881 5246 3208 5296 docemur...
3264 5262 3293 5293 »
3346 5247 3604 5298 Gerohus

1972 5319 2528 5383 Reicherspergensis
2553 5319 2611 5367 in
2642 5317 2783 5367 libro
2813 5316 2876 5365 de
2898 5318 3158 5381 Corrupto
3186 5318 3423 5369 Ecclesiae
3445 5325 3603 5379 statu,

1971 5409 2095 5459 pag.
2126 5395 2219 5444 215
2248 5408 2258 5441 :
2288 5410 2317 5441 «
2348 5392 2569 5442 Semota
2600 5393 2825 5455 penitus
2851 5392 3164 5443 intentione
3188 5392 3431 5458 aliquem
3462 5396 3604 5446 occi-

1973 5464 2160 5526 dendi,
2183 5462 2331 5528 quod
2357 5477 2387 5513 a
2416 5462 2717 5526 spiritualis
2738 5465 3003 5526 propositi
3029 5464 3159 5513 viris
3187 5478 3301 5514 non
3320 5466 3447 5516 licet
3468 5467 3605 5529 fieri,

1974 5538 2068 5602 qui
2093 5536 2256 5585 malle
2277 5534 2480 5585 debent
2507 5533 2690 5583 occidi
2718 5546 2882 5597 quam
2905 5534 3174 5585 occidere.
3198 5555 3225 5581 »
3254 5535 3395 5586 Vide
3421 5551 3608 5600 supra,

2014 5623 2100 5668 ag.
2136 5606 2250 5668 402,
2272 5607 2383 5655 161.

1975 5623 2100 5673 pag.
2136 5623 2250 5668 402,
2272 5623 2383 5655 sui.

2040 5681 2143 5744 (l8)
2172 5680 2319 5730 Solus
2354 5691 2463 5728 non
2488 5680 2577 5725 est.
2606 5673 2794 5728 Refert
2833 5675 2985 5727 hunc
3009 5678 3194 5726 locum
3222 5682 3450 5729 sanctus
3473 5678 3614 5728 Ful-

1979 5752 2265 5820 gentiusin
2297 5753 2483 5818 capite
2511 5748 2567 5801 l7
2602 5748 2732 5800 libri
2763 5760 2802 5799 It
2833 5748 2904 5800 ad
2937 5747 3263 5798 Trasimund
3277 5761 3385 5799 um.

3269 5838 3345 5897 1‘2
