4160 6216
561 245 658 297 363

1483 242 1537 294 S.
1579 240 1890 294 CYPRIANI
1929 239 2200 294 OPERUM
2235 237 2404 294 PARS
2442 239 2483 291 l.
2518 267 2585 278 —
2623 237 2988 293 EPISTOLE.

3791 246 3880 299 364

563 366 659 420 Dei
704 381 954 432 servans,
996 363 1336 434 ubicumque
1371 362 1544 417 fuerit
1584 363 1703 416 sine
1751 363 1862 417 Deo
1909 379 2026 417 non
2074 367 2177 417 est.
2203 362 2469 448 Aminus
2508 361 2652 415 dixit
2695 364 2710 394 ¹
2755 377 2766 415 :
2815 363 2947 418 Cum
2999 363 3178 413 autem
3227 373 3321 412 vos
3365 359 3796 428 apprehenderint
3844 368 3882 428 ε,

560 461 628 513 Et
651 460 695 513 si
723 459 1040 529 fugientem
1069 458 1126 511 in
1155 456 1462 512 solitudine
1493 473 1555 510 ac
1585 456 1871 509 montibus
1903 459 2010 526 (19)
2043 457 2182 510 latro

561 552 919 624 oppresserit,
947 552 1064 606 fera
1085 551 1369 618 invaserit,
1393 551 1571 603 fames
1599 555 1698 602 aut
1719 547 1911 621 353
1940 549 2060 603 sitis
2087 553 2184 602 aut

561 647 742 716 frigus
764 645 1051 710 afﬂixerit,
1072 645 1158 698 vel
1187 660 1288 714 per
1315 642 1493 696 maria
1521 642 1798 713 prmcipiti
1824 643 2183 712 navigatione

561 743 969 811 properantem
1018 739 1324 807 tempestas
1374 753 1439 790 ac
1489 736 1737 806 procella
1796 735 2182 803 submerserit,

459 843 462 846 ’
565 836 777 904 spectat
804 832 1042 885 militem
1067 846 1235 883 suum
1270 829 1524 885 Christus
1551 828 1890 899 ubicumque
1917 844 2183 900 pugnan-

564 933 705 994 tem,
735 931 790 980 et
821 922 1223 996 persecutionis
1251 939 1421 977 causa
1446 939 1548 993 pro
1573 921 1821 976 nominis
1853 922 1936 975 sui
1967 922 2186 976 honore

563 1018 836 1075 morienti
871 1017 1171 1088 praemium
1207 1016 1398 1071 reddit
1431 1016 1582 1086 quod
1619 1016 1887 1069 daturum
1920 1031 1977 1070 se
2005 1014 2060 1068 in
2095 1031 2185 1068 re-

565 1112 918 1167 surrectione
960 1111 1070 1180 (20)
1111 1109 1392 1180 promisit.
1429 1110 1538 1163 Nec
1581 1108 1766 1162 minor
1809 1114 1894 1162 est
1931 1108 2189 1179 martyrii

569 1206 754 1277 gloria
794 1221 911 1258 non
955 1203 1179 1274 publice
1224 1207 1279 1256 et
1326 1202 1474 1256 inter
1513 1202 1720 1256 multos
1764 1201 2009 1272 perisse,
2058 1217 2188 1255 cum

567 1297 847 1370 pereundi
892 1313 1059 1351 causa
1107 1295 1177 1348 sit
1221 1298 1452 1366 prOpter
1496 1294 1782 1349 Christum
1821 1294 1934 1365 (2t)
1974 1293 2183 1365 perire.

569 1391 789 1446 Sufﬁcit
812 1390 885 1444 ad
911 1388 1298 1444 testimonium
1327 1386 1585 1458 martyrii
1608 1387 1655 1422 οδ
1677 1387 1761 1442 sui
1786 1387 1943 1442 testis
1970 1387 2061 1441 ille
2093 1387 2190 1457 qui

565 1485 766 1557 probat
795 1487 1071 1554 martyres
1097 1485 1152 1536 et
1177 1484 1428 1536 coronat.

641 1581 701 1632 ν.
753 1577 1067 1642 Imitemur,
1115 1575 1319 1629 fratres
1359 1573 1727 1642 dilectissimi,
1771 1573 1912 1627 Abel
1955 1574 2190 1643 justum,

569 1672 667 1743 qui
705 1670 948 1724 initiavit
989 1669 1095 1740 (22)
1138 1668 1408 1739 martyria
1455 1668 1592 1722 dum
1637 1671 1875 1738 propter
1914 1666 2192 1738 justitiam

2281 457 2445 509 nolite
2484 458 2718 521 cogitare
2765 454 2898 523 quid
2933 454 3268 522 loquamini;
3316 452 3536 508 dabitur
3579 457 3715 509 enim
3758 460 3888 513 vobis

2282 551 2343 601 in
2382 550 2482 601 illa.
2528 549 2659 602 hora
2687 548 2825 616 quid
2871 548 3170 615 loquamini
3202 562 3214 599 :
3243 561 3349 598 non
3380 549 3518 600 enim
3547 563 3634 601 vos
3661 553 3780 603 estis
3806 555 3889 620 qui

2287 643 2593 711 loquimini,
2628 641 2721 695 sed
2760 641 3004 709 Spiritus
3043 641 3224 694 Patris
3249 642 3414 693 vestri
3451 643 3545 708 qui
3586 642 3813 710 loquitur
3837 647 3888 700 in

2283 736 2430 790 vobis
2477 734 2712 804 (Matth,
2760 750 2811 800 x,
2858 736 2939 800 l9,
2985 732 3096 802 20).
3142 731 3336 803 354
3384 732 3530 787 Dixit
3575 734 3703 804 quid
3748 737 3890 806 loqui

2289 835 2346 882 et
2394 827 2734 898 respondere
2784 826 3069 897 possimus
3127 825 3250 879 dari
3301 826 3461 880 nobis
3514 826 3572 880 in
3619 828 3707 880 illa
3760 829 3889 884 hora

2287 921 2555 976 divinitus
2588 926 2645 976 et
2674 919 2863 974 offerri
2892 921 2933 986 3,
2975 936 3078 974 nec
3116 935 3218 974 nos
3260 923 3393 974 tunc
3432 936 3549 974 esse
3591 920 3683 991 qui
3721 922 3889 992 loqui-

2288 1031 2446 1082 mur,
2496 1015 2592 1068 sed
2631 1013 2906 1085 Spiritum
2949 1013 3051 1067 Dei
3090 1013 3288 1077 Patris,
3334 1014 3460 1083 qui,
3507 1030 3630 1068 cum
3671 1031 3702 1067 a
3738 1017 3893 1070 conﬁ-

2289 1109 2538 1163 tentibus
2575 1125 2689 1162 non
2721 1107 2958 1161 discedit
2987 1123 3173 1178 neque
3197 1106 3485 1176 dividitur,
3517 1108 3634 1179 ipse
3664 1108 3718 1162 in
3747 1109 3893 1164 nobis

2290 1208 2346 1257 et
2385 1201 2635 1272 loquitur
2665 1207 2720 1256 et
2751 1203 3076 1255 coronatur.
3121 1201 3209 1256 Sic
3249 1205 3306 1255 et
3344 1201 3539 1256 Daniel
3584 1218 3708 1256 cum
3753 1219 3888 1257 com-

2290 1295 2594 1367 pelleretur
2621 1295 2861 1350 adorare
2891 1294 3104 1348 idolum
3139 1294 3251 1362 Bel,
3285 1309 3457 1364 quem
3501 1299 3634 1349 tunc
3673 1297 3893 1366 populus

2291 1395 2348 1444 et
2390 1405 2482 1444 rex
2527 1388 2760 1457 colebat,
2813 1388 2872 1442 in
2919 1387 3337 1442 asserendum‘
3379 1388 3477 1443 Dei
3515 1389 3598 1442 sui
3641 1389 3892 1444 honorem

2291 1483 2463 1554 plena
2489 1482 2596 1536 ﬁde
2625 1485 2680 1536 et
2708 1483 2964 1536 libertate
2993 1482 3013 1515 ⁵
3046 1481 3306 1553 prorupit
3345 1483 3538 1537 dicens
3584 1499 3596 1537 :
3629 1483 3770 1540 Nihil
3797 1485 3894 1538 colo

2291 1592 2384 1646 ego
2413 1579 2523 1631 nisi
2548 1576 2569 1610 ⁶
2597 1578 2884 1630 Dominum
2909 1578 3079 1630 Deum
3103 1591 3296 1639 meum,
3323 1591 3422 1646 qui
3454 1575 3692 1631 condidit
3730 1577 3898 1631 caelum

2293 1675 2344 1725 et
2374 1675 2573 1725 terram
2601 1671 2786 1739 (Dan.,
2817 1686 2927 1737 x1v,
2957 1670 3034 1740 4).

569 1765 788 1837 primus
816 1761 1110 1818 occiditur.
1144 1761 1446 1816 Imitemur
1480 1761 1769 1814 Abraham
1797 1759 1894 1813 Dei
1919 1760 2190 1825 amicum,
2216 1743 2270 1814 Β
2366 1765 2452 1817 VI.
2507 1763 2652 1827 Quid
2711 1763 2768 1816 in
2833 1762 3203 1830 Machabaeis,
3255 1761 3558 1817 beatorum
3610 1767 3900 1834 martyrum

571 1859 667 1930 qui
696 1873 814 1912 non
851 1861 935 1911 est
975 1859 1265 1910 cunctatus
1292 1861 1356 1909 ut
1382 1854 1562 1908 filium
1601 1853 1893 1907 victimam
1934 1853 2048 1907 suis
2079 1869 2198 1907 ma-

573 1952 739 2006 nibus
767 1949 1016 2016 offerret,
1049 1948 1184 2002 dum
1221 1949 1333 2002 Deo
1361 1947 1471 2007 ﬁde
1500 1947 1809 2002 devotionis
1849 1947 1895 1981 97
1935 1946 2197 2017 obsequi-

573 2053 686 2099 tur.
731 2045 1024 2099 Imitemur
1064 2048 1178 2096 tres
1219 2057 1454 2112 pueros,
1495 2040 1794 2107 Ananiam,
1843 2040 2100 2094 Azariam
2147 2042 2204 2095 et

572 2137 920 2204 Misahelem,
967 2135 1083 2207 qui,
1129 2151 1234 2188 nec
1275 2138 1439 2189 aetate
1477 2133 1692 2200 territi,
1734 2149 1838 2186 nec
1883 2133 2203 2204 captivitate

574 2231 760 2298 fracti,
813 2230 1006 2284 ludaea
1059 2228 1280 2282 devicta
1331 2232 1388 2282 et
1436 2226 1834 2298 Hierosolymis
1875 2226 2083 2297 captis,
2144 2226 2202 2279 in

576 2325 698 2396 ipso
746 2340 922 2394 regno
975 2339 1076 2376 suo
1116 2337 1314 2392 regem
1354 2320 1486 2374 ﬁdei
1524 2321 1731 2374 virtute
1766 2319 2052 2387 vicerunt;
2083 2319 2201 2390 qui,

578 2419 813 2471 adorare
855 2420 1096 2468 statuam
1127 2431 1300 2484 quam
1327 2412 1850 2470 Nabuchodonosor
1879 2429 1972 2467 rex
1999 2413 2207 2466 fecerat

569 2510 735 2582 jussi,
777 2513 833 2565 et
872 2508 1042 2562 minis
1082 2509 1233 2578 regis
1276 2511 1332 2562 et
1374 2506 1625 2560 ﬂammis
1675 2506 1938 2560 fortiores
1976 2506 2204 2560 exstite-

578 2607 734 2671 runt,
777 2603 1198 2673 proclamantes
1236 2603 1293 2654 et
1329 2600 1501 2654 ﬁdem
1542 2616 1698 2653 suam
1742 2616 1843 2670 per
1882 2600 2003 2653 haec
2037 2599 2209 2653 verba

578 2700 850 2751 testantes
887 2711 900 2748 :
938 2695 1424 2752 Nabuchodonosor
1465 2710 1590 2755 rem,
1629 2709 1735 2746 non
1773 2708 1904 2762 opus
1947 2697 2022 2746 est
2060 2692 2208 2745 nobis

576 2792 641 2844 de
695 2791 789 2844 hoc
840 2789 998 2842 verbo
1041 2788 1359 2857 respondere
1403 2787 1519 2840 tibi.
1565 2788 1662 2841 Est
1719 2789 1862 2840 enim
1909 2789 2070 2849 Deus,
2121 2787 2210 2839 cui

577 2899 673 2938 nos
721 2884 1006 2945 servimus,
1056 2885 1245 2952 potens
1297 2883 1498 2951 eripere
1541 2895 1634 2934 nos
1686 2880 1751 2934 de
1807 2881 2015 2934 camino
2067 2881 2210 2948 ignis

579 2977 842 3040 ardentis,
884 2981 934 3030 et
975 2975 1041 3030 de
1079 2975 1327 3029 manibus
1369 2975 1494 3040 tuis,
1534 2989 1652 3040 recc,
1703 2973 1952 3027 liberabit
2000 2986 2096 3026 nos
2139 2972 2207 3024 9⁸.

2301 1851 2496 1923 gravia
2544 1855 2854 1920 tormenta,
2903 1855 2961 1906 et
3009 1851 3390 1906 multiformes
3431 1855 3644 1923 septem
3685 1852 3903 1908 fratrum

2299 1961 2500 2017 paenae,
2532 1951 2589 2000 et
2626 1945 2950 2000 confortans
2992 1945 3200 2000 liberos
3226 1962 3358 2000 suos
3383 1951 3566 2001 mater
3591 1989 3605 2013 ,
3651 1946 3710 2000 in
3741 1946 3899 2017 poenis

2303 2041 2360 2092 et
2382 2037 2630 2093 moriens
2656 2037 2778 2109 ipsa
2800 2054 3028 2109 quoque
3055 2054 3186 2093 cum
3206 2038 3422 2106 liberis,
3450 2054 3638 2093 nonne
3659 2040 3898 2109 magnm’

2301 2132 2524 2186 virtutis
2565 2135 2622 2186 et
2667 2131 2802 2186 ﬁdei
2853 2131 3194 2186 documenta
3238 2134 3554 2200 testantur,
3603 2136 3657 2186 et
3699 2149 3792 2186 nos
3840 2132 3901 2186 ad

2303 2224 2565 2295 martyrii
2589 2224 2944 2295 triumphum
2977 2225 3090 2280 suis
3122 2225 3481 2297 passionibus
3514 2225 3900 2280 adhortantur?

2306 2318 2453 2381 Quid
2498 2318 2813 2388 prophetae,
2855 2335 2998 2390 quos
3033 2319 3101 2373 ad
3144 2319 3561 2389 praescientiam
3603 2320 3900 2374 futurorum

2306 2411 2548 2481 Spiritus
2610 2415 2836 2466 sanctus
2903 2412 3224 2467 animavit?
3275 2413 3413 2483 quid
3463 2413 3726 2484 apostoli,
3776 2428 3902 2482 quos

2305 2507 2575 2560 Dominus
2636 2505 2850 2576 elegit?
2907 2506 3110 2560 Nonne
3167 2507 3346 2561 cum8
3402 2507 3546 2577 justi
3600 2505 3904 2561 occiduntur

2307 2603 2543 2670 propter
2593 2599 2878 2670 justitiam
2933 2600 3076 2653 mori
3133 2616 3236 2654 uos
3290 2616 3519 2671 quoque
3572 2599 3902 2654 docuerunt?

2307 2693 2510 2749 Christi
2549 2693 2816 2746 nativitas
2847 2711 2881 2747 a
2924 2693 3215 2764 martyr-iis
3259 2694 3571 2748 infantium
3608 2694 3782 2748 statim
3805 2708 3902 2746 οω-

2308 2787 2411 2858 pit,
2457 2791 2517 2840 ut
2554 2785 2623 2841 ob
2657 2803 2870 2840 nomen
2918 2788 3039 2858 ejus
3077 2804 3109 2840 a
3148 2786 3361 2842 bimatu
3409 2792 3466 2841 et
3503 2787 3645 2841 infra
3679 2785 3768 2858 qui
3793 2786 3904 2839 fue-

2311 2882 2436 2933 rant
2486 2882 2824 2934 necarentur
2875 2895 2888 2934 :
2950 2885 3088 2934 aetas
3137 2879 3384 2934 necdum
3438 2879 3644 2934 habilis
3691 2879 3794 2951 (24)
3842 2876 3905 2931 ad

2311 2989 2568 3044 pugnam
2594 2972 2799 3028 idonea
2841 2973 3054 3028 exstitit
3083 2973 3156 3028 ad
3183 2989 3460 3029 coronam
3489 2991 3502 3029 :
3541 2977 3604 3028 ut
3627 2973 3906 3044 appareret

577 3074 646 3128 Et
670 3073 718 3126 si
751 3085 876 3133 non,
913 3075 1103 3123 notum
1127 3070 1200 3123 sit
1231 3068 1330 3122 tibi
1355 3069 1484 3136 quia
1511 3067 1616 3121 diis
1656 3069 1762 3120 tuis
1792 3082 1899 3120 non
1928 3067 2206 3133 servimus,
2229 3109 2288 3180 D
2311 3066 2646 3122 innocentes
2691 3083 2811 3122 esse
2856 3067 2952 3136 qui
3007 3071 3241 3139 propter
3289 3067 3576 3122 Christum
3624 3071 3903 3131 necantur,

579 3171 630 3219 et
673 3167 963 3233 imaginem
1005 3178 1229 3217 auream
1266 3177 1431 3231 quam
1476 3163 1720 3215 statuisti
1761 3175 1868 3214 non
1921 3159 2286 3215 adoramus”
2311 3161 2554 3215 infantia
2582 3160 2852 3215 innocens
2885 3161 2955 3216 ob
2994 3177 3205 3215 nomen
3231 3161 3351 3232 ejus
3392 3161 3575 3217 occisa
3598 3166 3696 3216 est.
3727 3159 3903 3214 Osten-

578 3260 764 3328 (Dan.,
809 3273 887 3322 ιιι,
923 3257 1129 3325 16-18).
1179 3254 1501 3310 Credebant
1548 3270 1608 3308 se
1653 3253 1736 3307 illi
1786 3253 2099 3308 secundum
2152 3251 2211 3306 ﬁ-

581 3351 713 3404 dem
751 3350 798 3383 ⁹⁹
838 3365 1000 3420 posse
1035 3348 1305 3414 evadere;
1353 3347 1452 3402 sed
1501 3347 1856 3414 addiderunt,
1905 3353 1955 3400 et
1997 3349 2046 3402 si
2082 3362 2207 3408 non,

584 3449 646 3499 ut
683 3444 853 3498 sciret
893 3459 989 3497 rex
1022 3442 1146 3496 illos
1185 3444 1423 3513 propter
1453 3443 1628 3496 Deum
1661 3458 1833 3512 quem
1869 3439 2130 3495 colebant
2155 3443 2212 3494 et

583 3538 731 3592 mori
769 3552 948 3608 posse.
998 3537 1112 3590 Hoc
1155 3539 1239 3589 est
1279 3535 1433 3589 enim
1484 3535 1659 3590 robur
1706 3534 1925 3589 virtutis
1973 3537 2030 3588 et
2078 3532 2210 3587 fidei

581 3632 816 3685 credere
844 3633 900 3684 et
924 3629 1068 3683 scire
1100 3629 1255 3699 quod
1297 3630 1441 3683 Deus
1470 3645 1500 3682 a
1534 3634 1716 3684 morte
1750 3631 2031 3699 praesente
2069 3626 2207 3681 libe-

583 3741 712 3780 rare
738 3723 934 3794 possit,
963 3727 1020 3778 et
1048 3730 1246 3778 tamen
1281 3727 1529 3777 mortem
1571 3739 1688 3776 non
1724 3721 1928 3776 timere
1969 3737 2076 3776 nec
2117 3737 2208 3776 ce-

2312 3270 2438 3308 sum
2487 3258 2573 3308 est
2624 3256 2914 3309 neminem
2962 3271 3084 3309 esse
3129 3272 3162 3310 a
3217 3255 3472 3326 periculo
3533 3249 3906 3326 persecutionis

2312 3347 2665 3415 immunem,
2735 3348 2959 3420 quando
3015 3353 3073 3404 et
3131 3349 3270 3403 tales
3329 3348 3606 3420 martyria
3660 3347 3902 3402 fecerunt.

2312 3441 2490 3504 Quam
2543 3458 2676 3497 vero
2708 3443 2728 3476 θ
2760 3442 2948 3513 gravis
3001 3458 3166 3497 causa
3215 3443 3287 3497 sit
3335 3441 3588 3497 hominis
3634 3437 3907 3496 Christiani

2313 3551 2532 3589 servum
2581 3535 2696 3606 pati
2743 3537 2894 3590 nolle
2939 3553 3068 3590 cum
3105 3536 3265 3608 prior
3295 3552 3494 3606 passus
3524 3537 3595 3590 sit
3640 3535 3904 3598 Dominus,

2313 3633 2368 3682 et
2399 3645 2499 3699 pro
2528 3629 2771 3699 peccatis
2797 3630 3005 3684 nostris
3031 3646 3132 3684 nos
3157 3629 3276 3700 pati
3303 3631 3480 3696 nolle,
3499 3645 3624 3685 cum
3645 3630 3906 3700 peccatum

2311 3737 2478 3775 suum
2509 3722 2806 3794 pr0prium
2846 3739 2959 3777 non
3002 3723 3219 3778 habens
3252 3739 3448 3794 passus
3475 3723 3546 3777 sit
3579 3722 3671 3776 ille
3700 3736 3792 3792 pro
3817 3733 3904 3772 no-

583 3819 738 3886 dere,
778 3821 842 3872 ut
879 3817 1099 3888 probari
1130 3816 1334 3871 fortius
1373 3815 1513 3870 ﬁdes
1544 3815 1735 3887 possit.
1765 3815 1964 3886 Erupit
2001 3831 2106 3887 per
2149 3830 2212 3869 os
2311 3815 2438 3869 bis?
2470 3815 2638 3869 Filius
2683 3817 2775 3871 Dei
2817 3833 3013 3887 passus
3044 3820 3129 3871 est
3155 3819 3218 3870 ut
3245 3833 3349 3871 nos
3387 3817 3532 3872 ﬁlios
3569 3815 3661 3871 Dei
3700 3815 3904 3875 faceret,

584 3929 781 3967 eorum
809 3911 1049 3982 Spiritus
1078 3910 1261 3965 sancti
1287 3909 1650 3980 incorruptus
1678 3914 1733 3964 et
1758 3909 1998 3964 invictus
2023 3909 2208 3980 vigor,
2311 3913 2370 3964 et
2415 3910 2562 3963 ﬁlius
2610 3909 2854 3964 hominis
2906 3909 3025 3980 pati
3071 3926 3188 3965 non
3230 3910 3348 3965 vult
3396 3914 3458 3964 ut
3502 3926 3619 3964 esse
3658 3907 3746 3962 Dei
3781 3905 3909 3959 ﬁlius

586 4011 647 4060 ut
674 4009 993 4078 appareant
1020 4021 1149 4061 vera
1182 4020 1303 4060 esse
1339 4003 1566 4076 quaejn
1605 4003 1911 4075 Evangelio
1953 4019 2056 4058 suo
2098 4004 2208 4058 Do-
2311 4003 2658 4076 perseveret!
2727 4002 2784 4059 Si
2846 4003 2975 4059 odio
3050 4004 3237 4059 saeculi
3312 4003 3670 4070 laboramus,
3737 3999 3906 4056 odium

1952 4163 2162 4228 Varia;
2221 4164 2558 4229 lectiones.

2440 4306 2480 4340 97
2535 4305 2670 4356 Fide
2713 4310 2765 4356 et
2809 4305 3106 4356 devotione
3161 4305 3268 4355 NO.
3326 4305 3373 4355 2.
3441 4304 3482 4340 ³⁸
3524 4302 3770 4354 Manibus
3812 4296 3904 4347 tuis

581 4381 837 4431 liberabit
861 4392 962 4428 nos
997 4379 1134 4426 Lam.
1163 4377 1288 4426 Bod.
1322 4381 1366 4440 I,
1393 4378 1440 4426 2.
1505 4378 1546 4412 99
1587 4377 1780 4430 Fidem
1825 4392 1983 4428 suam
2017 4377 2168 4427 Ebor.
2219 4381 2325 4429 ΝΟ.
2373 4381 2420 4428 2.
2461 4378 2601 4425 Lam.
2641 4376 2765 4426 Bod.
2803 4376 2850 4424 2.
2922 4381 2934 4408 ¹
2984 4376 3173 4426 Edixit
3214 4377 3340 4426 Bod.
3386 4379 3432 4426 1.
3481 4377 3527 4426 2.
3567 4375 3710 4426 Dixit
3738 4371 3906 4420 dicens

580 4451 719 4499 Lam.
748 4449 868 4498 Bod.
895 4449 944 4510 3,
972 4450 1018 4498 4.
1088 4449 1107 4478 ³
1138 4446 1508 4497 Tradiderunt
1528 4446 1666 4494 Lam.
1703 4446 1826 4494 Bod.
1854 4445 1898 4493 2.
1971 4448 1988 4478 ³
2015 4447 2183 4498 Nobis
2209 4454 2296 4498 est
2335 4450 2389 4498 in
2418 4451 2511 4498 illa
2549 4449 2686 4498 hora
2721 4448 2988 4498 divinitus
3018 4448 3201 4497 olIerri
3237 4448 3344 4497 Bod
3402 4449 3450 4498 3.
3517 4449 3538 4478 ⁴
3565 4441 3904 4510 Asserendo...

581 4521 792 4570 honore
832 4507 954 4570 Bod.
994 4522 1039 4569 3.
1111 4522 1128 4552 5
1170 4519 1325 4568 Fidei
1365 4517 1622 4568 libertate
1674 4517 1829 4566 Oxon.
1896 4517 1917 4550 ο
1956 4519 2074 4568 Nisi
2116 4533 2293 4570 unum
2341 4522 2523 4570 Deum
2560 4519 2679 4568 Bod.
2708 4518 2755 4566 2.
2823 4517 2844 4550 ⁷
2879 4518 3076 4581 Magna
3123 4519 3260 4568 Lam.
3313 4518 3435 4568 Bod.
3479 4517 3526 4566 2.
3595 4513 3612 4546 ⁸
3658 4512 3760 4574 Qui
3791 4507 3908 4573 justi

584 4591 738 4640 Oxon.
805 4590 825 4624 9
854 4591 998 4655 Ergo
1027 4590 1182 4638 Oxon.

637 4309 684 4343 9°
738 4307 1142 4358 Testimonium
1186 4306 1445 4370 martyris
1495 4305 1652 4356 Ebor.
1700 4305 1826 4356 Bod.
1880 4309 1927 4369 i,
1977 4307 2024 4356 2.
2074 4306 2182 4356 NC.
2238 4308 2286 4366 I,
2324 4311 2369 4356 2.

1875 4650 2099 4733 Steph.
2147 4651 2393 4716 Baluzii
2438 4657 2637 4716 notm.

647 4804 847 4890 (Immin
894 4800 1178 4890 sqlitugtine
1230 4803 1280 4849 et
1332 4797 1605 4848 montibus.
1664 4798 1918 4890 Ruﬁnus,
1976 4799 2073 4890 l‘i‘b:
2125 4814 2288 4890 XLD
2319 4801 2476 4890 "(22)
2533 4800 2656 4851 Abel
2712 4800 2967 4890 initit‘w’it.
3000 4800 3102 4890 “Ita
3164 4800 3354 4890 etiam“
3385 4799 3440 4848 in
3498 4797 3661 4890 linron
3684 4795 3742 4844 de
3779 4793 3907 4873 bona

580 4863 700 4940 cap.
726 4863 786 4925 '31
826 4889 836 4922 ε
870 4892 896 4918 ‹‹
933 4871 1080 4934 Quid
1121 4884 1252 4921 vero
1286 4882 1588 4920 memorem
1624 4874 1849 4934 quantae
1888 4863 2287 4922 multitudi—u
2310 4875 2602 4933 Patientia,
2659 4887 2779 4936 pag.
2998 4872 3247 4935 Prosper,
3296 4872 3391 4922 lib.
3445 4885 3462 4920 ι
3511 4872 3573 4919 de
3623 4863 3908 4940 Promissio-

579 4931 680 4997 ιιθέ
733 4948 789 4995 in
847 4931 1078 4995 desertis
1129 4947 1184 4993 et
1228 4943 1285 4991 in
1339 4931 1995 4994 montibus—oberrantes
2041 4943 2209 5006 fame,
2309 4947 2463 4996 nibus
2523 4931 2593 4995 eti
2624 4931 3062 4994 Praedictionibus
3122 4931 3243 5003 Dei,
3299 4957 3418 5007 cap.
3470 4943 3528 5004 6,
3581 4941 3802 5004 loquens
3851 4931 3908 5007 de

578 5021 687 5078 siti,
735 5019 954 5080 frigore,
1003 5016 1288 5078 languore,
1337 5013 1660 5075 latronibus,
1712 5013 2016 5079 bestiisque
2067 5004 2210 5067 coné
2310 5017 2463 5068 ctede
2511 5016 2702 5068 Abelis
2761 5029 2770 5062 :
2828 5033 2855 5062 «
2909 5015 3176 5066 Praeclara
3225 5004 3381 5064 hinc'
3405 5013 3608 5063 fulsere
3654 5004 3908 5080 martyria.

579 5094 813 5154 sumptae
843 5089 1010 5137 sunt?
1037 5105 1065 5134 »

645 5163 741 5224 (20)
764 5161 1167 5210 Rosu-rrectione.
1196 5156 1425 5208 Veteres
1445 5158 1717 5208 editiones
1747 5163 1799 5209 et
1826 5158 2002 5211 codex
2032 5160 2209 5210 Turo-

577 5234 769 5284 nensis
817 5231 1027 5280 habent
1071 5229 1402 5279 surrectione.
1454 5231 1534 5279 Ita
1581 5231 1745 5279 etiam
1790 5231 2005 5293 Arator,
2053 5231 2147 5282 lib.
2194 5244 2210 5280 ι

577 5309 798 5356 Actuum
844 5300 1270 5366 apostolicorum.
1321 5303 1393 5350 At
1440 5314 1633 5351 omnes
1685 5302 1778 5352 alii
1825 5303 1950 5354 libri
1999 5307 2211 5354 veteres

577 5377 879 5442 praeferunt
930 5374 1340 5438 resurrectione;
1397 5389 1632 5440 eamque
1687 5376 1986 5428 lectionem
2043 5375 2210 5440 Angli

577 5451 879 5512 posuerunt
925 5448 981 5496 in
1031 5459 1128 5495 sua
1183 5446 1441 5496 editione.
1493 5448 1632 5498 Alias
1683 5449 1955 5499 editiones
2002 5447 2212 5498 habent

573 5519 946 5583 persecutione,
975 5517 1138 5568 etiam
1172 5517 1493 5581 Rigaltiana.
1525 5519 1596 5569 Et
1617 5524 1802 5570 tamen
1826 5521 1919 5570 ille
1943 5521 2001 5568 in
2026 5519 2214 5568 obser-

576 5591 894 5641 vationibus
927 5591 1042 5640 suis
1072 5591 1146 5639 ait
1174 5603 1286 5640 non
1324 5590 1515 5642 videre
1550 5605 1609 5642 se
1644 5605 1743 5642 cur
1783 5593 2053 5656 scriptura
2085 5604 2210 5656 quae

576 5661 747 5712 habet
776 5662 1157 5712 resurrectione
1183 5662 1357 5712 deleri
1388 5661 1662 5713 debuerit.

640 5735 736 5794 (21)
800 5736 1014 5799 Propter
1071 5734 1345 5784 Christum.
1402 5733 1558 5783 Unus
1617 5735 1790 5796 codex
1848 5735 2208 5800 Remigianus

574 5807 743 5862 habet
781 5821 881 5875 pro
929 5808 1151 5870 Christo,
1188 5803 1384 5856 eodem
1424 5819 1612 5856 sensu.

2310 5090 2445 5140 dum
2482 5089 2614 5152 justi
2653 5087 2988 5137 occiduntur
3029 5087 3098 5136 ab
3144 5087 3345 5150 impiis.
3386 5101 3413 5132 ν
3457 5084 3596 5134 Vide
3640 5077 3908 5152 Homiliam

2310 5147 2561 5212 octavam
2602 5161 2780 5210 sancti
2821 5160 3064 5208 Joannis
3099 5147 3481 5220 Chrysostomi
3533 5155 3783 5206 adversus
3821 5147 3908 5197 Ju-

2311 5232 2462 5282 daaos
2490 5235 2545 5282 in
2577 5246 2719 5281 nova
2745 5231 3008 5290 editione,
3037 5244 3160 5296 pag.
3197 5231 3307 5279 686.

2370 5304 2471 5366 (23)
2495 5304 2619 5354 Fide
2647 5309 2692 5352 et
2727 5302 2980 5352 libertate.
3016 5294 3424 5353 Revocavimus
3455 5301 3741 5351 lectionem
3768 5294 3909 5342 vste-

2310 5389 2434 5425 rum
2464 5377 2790 5434 editionum,
2817 5387 2986 5438 quam
3011 5375 3178 5423 etiam
3208 5387 3400 5424 omnes
3437 5373 3551 5421 fere
3578 5369 3698 5420 libri
3722 5369 3909 5439 veteres

2311 5447 2593 5498 exhibent.
2639 5433 3100 5496 Emendationem
3148 5447 3296 5496 enim
3340 5444 3574 5503 Erasmi,
3619 5440 3710 5504 qui
3749 5433 3910 5512 posuit

2309 5519 2429 5582 fidei
2481 5518 2734 5578 libertate,
2789 5519 2843 5566 in
2899 5518 3053 5568 nullo
3101 5517 3209 5567 alio
3260 5516 3400 5566 libro
3447 5513 3618 5578 reperi
3663 5520 3824 5582 quam
3860 5513 3906 5551 In

2314 5578 2641 5639 Turonensi.
2688 5589 3023 5638 Reinhartus
3067 5594 3250 5640 tamen
3295 5589 3445 5637 illam
3487 5584 3722 5640 retinuit,
3763 5578 3906 5628 aliam

2311 5660 2636 5724 repudiavit.
2904 5710 2908 5714 _

2371 5714 2469 5792 (ἳι)
2504 5733 2654 5783 ditas
2682 5734 2899 5782 necdum
2938 5731 3143 5782 habilis.
3179 5731 3320 5782 Vide
3358 5743 3483 5796 quae
3515 5739 3692 5792 supra,
3728 5737 3776 5787 p.
3809 5714 3904 5775 393.

2308 5804 2479 5855 relata
2505 5809 2636 5854 sunt
2671 5803 2737 5854 de
2767 5808 2958 5856 sancta
2985 5807 3198 5870 Agnete
3228 5815 3296 5853 ex
3322 5801 3628 5855 Ambrosio.
