4160 6216
281 178 366 230 365

1671 178 1986 233 EPISTOLA
2026 177 2152 232 LVI.

3491 187 3592 239 366

279 296 441 350 szecnli
481 295 740 350 sustinuit
779 295 938 367 prior
983 296 1254 354 Christus.
1287 297 1347 352 Si
1383 300 1760 354 contumelias
1801 301 1856 354 in
1881 313 1938 385 Α
1962 317 2054 354 nec
2089 300 2360 355 habebunt
2399 304 2636 370 requiem
2683 303 2769 357 die
2815 319 2876 357 ac
2915 310 3067 358 nocte
3114 307 3424 376 quicunque
3469 309 3598 362 ado-

277 395 368 448 hoc
399 394 624 460 mundo,
655 394 700 448 si
727 394 941 464 fugam,
972 395 1017 448 si
1045 399 1330 451 tormenta
1368 396 1693 467 toleramus,
1736 414 1864 467 gra-

273 487 403 541 viora
429 490 690 558 expertus
720 493 804 542 est
833 489 1030 543 mundi
1062 489 1240 544 factor
1276 493 1332 543 et
1362 491 1655 561 Dominus,
1689 490 1786 562 qui
1813 495 1869 545 et

271 581 512 634 admonet
539 581 732 634 dicens
770 599 783 636 :
815 581 876 636 Si
904 584 1178 650 saeculum,
1217 583 1421 653 inquit,
1460 601 1551 639 vos
1591 585 1728 646 odit,
1766 600 1868 638 me-

269 678 475 728 mentote
526 676 656 742 quia
706 690 788 728 me
830 677 1067 744 priorem
1117 675 1228 744 (25)
1282 672 1430 731 nobis
1485 677 1640 732 odiit.
1690 677 1752 731 Si
1805 677 1868 731 de

267 767 433 822 saeculo
481 771 679 830 essetis,
731 770 978 823 suculam
1028 771 1174 838 quod
1225 785 1385 825 suum
1430 778 1562 825 esset
1606 775 1811 825 amaret
1850 789 1865 823 :

266 861 358 924 sed,
398 864 523 930 quia
569 862 632 915 de
671 863 866 916 seculo
911 879 1018 916 non
1067 866 1195 919 estis
1244 870 1296 918 et
1345 879 1436 933 ego
1487 865 1624 931 elegi
1668 879 1758 919 vos
1804 865 1869 918 de

263 955 451 1014 seculo,
503 953 694 1027 355
729 961 1020 1026 propterea
1061 957 1176 1011 odit
1209 972 1303 1012 vos
1342 958 1597 1012 saeculum
1643 958 1713 1012 ¹⁰.
1755 960 1866 1012 Me-

265 1054 467 1103 mentote
507 1051 762 1104 sermonis
801 1065 954 1118 quem
996 1050 1117 1104 dimi
1150 1051 1298 1106 vobis
1343 1067 1356 1104 :
1403 1054 1524 1105 Non
1565 1057 1643 1105 est
1689 1066 1871 1106 seruus

263 1141 412 1209 major
435 1142 651 1197 domino
677 1157 806 1210 suo;
832 1145 882 1197 si
903 1159 986 1197 me
1010 1146 1280 1212 persecuti
1302 1150 1449 1207 sunt,
1478 1149 1526 1199 et
1562 1160 1655 1198 vos
1685 1160 1865 1214 perse-

264 1241 467 1304 quentur
493 1235 694 1304 (Joan.,
722 1252 810 1303 xv,
843 1237 1055 1304 l8-20).
1086 1237 1362 1291 Dominus
1403 1240 1461 1291 et
1501 1238 1646 1292 Deus
1679 1241 1872 1292 noster

265 1328 520 1399 quidquid
568 1329 776 1398 docuit,
818 1332 876 1384 et
920 1329 1082 1397 fecit,
1123 1334 1184 1385 ut
1223 1331 1525 1401 discipulus
1569 1336 1870 1386 excusatus

265 1439 366 1477 esse
394 1439 502 1477 non
539 1422 715 1494 possit
742 1422 840 1494 qui
872 1423 1034 1478 discit
1058 1427 1117 1478 et
1142 1440 1259 1479 non
1285 1424 1440 1480 facit.

321 1518 418 1570 νη.
451 1517 642 1587 Neque
671 1516 878 1587 aliquis
921 1533 991 1571 ex
1029 1516 1209 1585 vobis,
1255 1518 1454 1573 fratres
1502 1517 1868 1586 dilectissimi,

265 1610 444 1663 futura:
473 1609 885 1680 persecutionis
926 1613 1083 1665 metu
1125 1610 1238 1681 (26)
1278 1617 1378 1666 aut
1411 1612 1742 1666 Antichristi
1769 1612 1872 1666 im-

1967 402 2093 449 rant
2123 396 2340 450 bestiam
2370 400 2418 450 et
2446 398 2732 464 imaginem
2759 399 2871 465 eius
2894 398 3063 467 (Apoc
3095 441 3108 459 ,
3145 416 3250 466 xlv,
3281 402 3446 471 9-H).

2040 491 2175 544 Vlll.
2204 489 2289 542 Ad
2316 505 2557 559 agonem
2599 491 2923 544 saecularem
2957 496 3297 547 exercentur
3333 493 3594 549 homines

1968 587 2024 637 et
2051 588 2362 653 parantur;
2397 588 2456 637 et
2483 600 2752 653 magnam
2784 584 3021 653 gloriam
3053 591 3384 656 computant
3409 589 3591 642 hono-

1968 675 2045 729 ris
2096 677 2183 730 sui
2238 677 2281 729 si
2332 676 2479 743 illis,
2540 681 2830 747 spectante
2882 678 3092 747 populo
3148 683 3204 733 et
3257 679 3596 750 imperatore

1968 774 2272 840 praisente,
2315 769 2619 840 contigerit
2654 770 2940 825 coronari.
2969 772 3106 825 Ecce
3143 789 3290 842 agon
3340 774 3594 829 sublimis

1971 870 2026 917 et
2074 879 2314 934 magnus
2360 868 2417 918 et
2461 880 2680 918 coronae
2729 865 2972 918 caelestis
3023 867 3265 936 praemio
3321 868 3596 937 gloriosus

1971 961 2033 1010 ut
2075 961 2291 1028 spectet
2337 974 2441 1012 nos
2487 961 2766 1013 certantes
2816 959 2980 1026 Deus,
3024 961 3079 1012 et
3109 975 3278 1029 super
3324 977 3420 1014 eos
3461 978 3601 1031 quos

1969 1049 2114 1104 filios
2163 1051 2344 1106 facere
2397 1050 2664 1121 dignatus
2691 1049 2883 1122 356
2922 1054 3007 1105 est
3053 1053 3245 1106 oculos
3285 1069 3418 1108 suos
3456 1071 3598 1124 pan-

1970 1144 2110 1198 dens
2144 1145 2277 1214 (29),
2320 1143 2646 1199 certaminis
2671 1144 2863 1213 nostri
2899 1145 3221 1215 spectaculo
3254 1147 3598 1216 perfruatur.

1971 1238 2298 1292 Prailiantes
2362 1254 2468 1292 nos
2523 1240 2579 1292 et
2627 1238 2758 1291 fidei
2823 1239 3222 1308 congressione
3287 1247 3605 1310 pugnantes

1973 1334 2194 1402 spectat
2260 1331 2422 1399 Deus,
2489 1334 2743 1402 spectant
2808 1333 2999 1402 angeli
3068 1333 3211 1402 ejus,
3276 1341 3488 1404 spectat
3550 1340 3605 1390 et

1970 1425 2225 1479 Christus
2270 1426 2339 1479 ¹¹.
2387 1426 2602 1488 Quanta
2651 1428 2735 1478 est
2777 1424 2975 1494 gloriae
3018 1425 3266 1495 dignitas
3297 1433 3353 1480 et
3397 1434 3608 1498 quanta

1979 1516 2234 1585 felicitas,
2265 1523 2547 1588 praesente
2579 1517 2623 1551 ¹²
2652 1519 2760 1571 Deo
2787 1519 3058 1588 congredi
3089 1524 3145 1573 et
3172 1520 3395 1573 Christo
3414 1523 3605 1590 judico

1980 1611 2267 1664 coronari!
2326 1615 2647 1677 Armemur,
2711 1611 2912 1665 fratres
2967 1611 3334 1680 dilectissimi,
3394 1615 3608 1668 viribus

264 1703 505 1758 minentis
546 1703 792 1758 adventu
831 1704 908 1758 sic
951 1707 1256 1772 terreatur,
1287 1711 1349 1760 ut
1377 1721 1495 1760 non
1538 1689 1960 1777 evangelicisB
1986 1705 2117 1760 totis
2144 1709 2200 1758 et
2229 1721 2504 1776 paremur
2528 1704 2596 1758 ad
2625 1721 2872 1775 agonem
2894 1711 3086 1760 mente
3113 1705 3460 1777 incorrupta,
3494 1707 3606 1762 ﬁde

264 1797 728 1853 exhortationibus
767 1802 824 1852 et
869 1799 1164 1868 praeceptis
1195 1815 1270 1853 ac
1291 1799 1522 1854 monitis
1565 1800 1882 1854 coelestibus

262 1891 318 1944 ad
349 1891 535 1944 omnia
573 1889 909 1946 inveniatur
953 1896 1224 1947 armatus.
1273 1893 1439 1947 Venit
1479 1893 1878 1963 Antichristus,

265 1983 345 2037 sed
394 1987 449 2037 ct.
500 1984 838 2056 supervenit
889 1984 1142 2040 Christus
1193 2005 1204 2039 :
1257 1991 1549 2058 grassatur
1607 1994 1666 2041 et
1724 1987 1884 2040 szevit

262 2077 515 2143 inimicus,
557 2077 656 2132 sed
697 2083 754 2133 et
795 2077 988 2132 statim
1031 2079 1288 2150 sequitur
1333 2081 1625 2150 Dominus,
1670 2080 1880 2151 passio-

263 2187 345 2224 nes
403 2177 623 2226 nostras
681 2175 740 2225 et
797 2171 1031 2226 vulnera
1100 2172 1489 2228 vindicaturus
1544 2191 1557 2228 :
1616 2173 1879 2228 irascitur

263 2265 588 2320 adversarius
621 2268 680 2319 et
705 2266 972 2333 minatur,
1020 2266 1119 2320 sed
1162 2272 1246 2321 est
1289 2267 1384 2338 qui
1427 2267 1604 2338 possit
1643 2268 1713 2322 de
1757 2268 1878 2337 ejus

265 2358 496 2412 manibus
541 2359 812 2414 liberare.
858 2360 958 2413 Ille
1007 2361 1346 2416 metuendus
1393 2367 1478 2415 est
1520 2362 1680 2432 cujus
1728 2362 1876 2414 iram

266 2469 409 2506 nemo
433 2453 643 2523 poterit
670 2453 930 2520 evadere,
958 2453 1078 2524 ipso
1100 2460 1494 2524 praemonente
1523 2459 1578 2509 et
1603 2456 1833 2510 dicente
1860 2471 1873 2508 :

263 2548 326 2600 Ne
357 2550 639 2602 timueritis
682 2563 766 2602 eos
807 2549 904 2617 qui
949 2549 1194 2602 occidunt
1240 2565 1452 2619 corpus,
1500 2552 1739 2603 animam
1781 2565 1876 2603 au-

266 2650 347 2696 tem
380 2659 478 2696 non
509 2648 745 2712 possunt
775 2643 1029 2697 occidere.
1061 2644 1240 2712 Magis
1281 2650 1461 2698 autem
1502 2646 1718 2697 metuite
1759 2660 1875 2697 eum

265 2739 342 2804 qui
376 2743 540 2805 potest
585 2741 639 2790 et
678 2751 870 2806 corpus
915 2742 965 2790 et
1014 2739 1254 2790 ani-mam
1295 2738 1529 2791 occidere
1573 2739 1629 2790 in
1677 2738 1870 2803 gehen-

265 2846 371 2883 nam
418 2831 519 2900 (27)
583 2829 826 2898 (Matth,
876 2845 932 2898 x,
993 2829 1102 2900 28).
1150 2830 1218 2884 Et
1267 2831 1474 2884 iterum
1520 2848 1530 2882 :
1578 2832 1681 2896 Qui
1725 2834 1875 2884 amat

267 2925 477 2977 animam
527 2940 720 2990 suam,
767 2922 957 2992 perdet
1007 2923 1186 2984 illam,
1241 2927 1291 2977 et
1335 2925 1430 2992 qui
1471 2923 1584 2977 odit
1633 2925 1873 2977 animam

268 3033 398 3070 suam
434 3021 492 3070 in
529 3020 633 3073 isto
672 3016 886 3084 saeculo,
930 3019 988 3070 in
1029 3018 1198 3070 vitam
1241 3022 1493 3071 aeternam
1536 3019 1871 3072 conservabit

266 3109 396 3164 illam
428 3113 633 3181 (Joan.,
679 3127 774 3177 xu,
807 3111 922 3179 25).
951 3110 1019 3163 Et
1061 3109 1122 3162 in
1166 3109 1505 3180 Apocalypsi
1545 3109 1778 3164 instruit
1819 3113 1876 3164 et

271 3210 552 3274 praemonet
598 3205 793 3258 dicens
839 3221 852 3258 :
894 3205 954 3260 Si
995 3206 1116 3273 quis
1166 3203 1362 3258 adorat
1399 3205 1618 3258 bestiam
1659 3209 1708 3259 et
1745 3206 1877 3258 ima-

268 3301 412 3364 ginem
445 3300 556 3368 ejus
587 3301 720 3369 (28),
751 3306 800 3352 et
831 3301 1028 3368 accipit
1075 3303 1259 3352 notam
1287 3300 1344 3351 in
1375 3299 1559 3364 fronte
1595 3314 1693 3352 sua
1743 3302 1789 3352 et
1819 3301 1877 3351 in

267 3408 423 3455 manu,
454 3395 592 3449 bibet
631 3398 681 3448 et
714 3396 828 3463 ipse
861 3393 926 3446 de
960 3395 1087 3446 vino
1128 3395 1225 3446 irae
1272 3394 1364 3447 Dei
1398 3395 1552 3446 misto
1588 3395 1647 3445 in
1684 3393 1875 3462 poculo

270 3489 346 3539 ira
384 3490 521 3557 ejus,
573 3495 627 3543 et
673 3491 932 3559 punietur
988 3490 1110 3557 igne
1155 3491 1204 3542 et
1255 3487 1514 3556 sulphure
1564 3487 1660 3540 sub
1711 3487 1876 3541 oculis

266 3591 536 3638 sanctorum
582 3584 894 3651 angelorum
936 3587 984 3636 et
1025 3582 1126 3636 sub
1174 3582 1340 3636 oculis
1381 3580 1547 3648 Agni,
1595 3588 1644 3635 et
1691 3583 1876 3646 fumus

267 3676 319 3729 de
361 3682 627 3734 tormentis
664 3694 847 3732 comm
895 3677 1144 3732 ascendet
1193 3679 1252 3731 in
1295 3675 1491 3730 saecula
1533 3676 1870 3742 saeculorum,

1895 3060 1949 3133 (3

1982 1798 2227 1869 integra,
2258 1797 2461 1851 virtute
2493 1798 2717 1852 devota.
2748 1798 2830 1852 Ad
2858 1799 3038 1852 aciem
3066 1816 3192 1870 quae
3220 1799 3383 1854 nobis
3411 1802 3611 1855 indici-

1981 1896 2075 1945 tur
2127 1892 2230 1945 Dei
2283 1895 2464 1945 castra
2515 1891 2868 1962 procedant:
2905 1899 3202 1946 armentur
3250 1894 3479 1964 integri,
3536 1911 3609 1950 ne

1981 1985 2183 2056 perdat
2207 1985 2434 2056 integer
2461 1985 2613 2056 quod
2638 2002 2820 2056 nuper
2846 1985 2998 2040 stetit
3021 2003 3032 2040 :
3057 1992 3350 2042 armentur
3371 1993 3425 2042 et
3445 1989 3608 2060 lapsi,

1983 2081 2045 2131 ut
2070 2082 2128 2132 et
2172 2079 2362 2149 lapsus
2401 2078 2636 2148 recipiat
2677 2078 2829 2148 quod
2865 2079 3074 2133 amisit.
3116 2081 3368 2152 lntegros
3407 2081 3608 2150 honor,

1979 2171 2164 2240 lapsos
2195 2171 2356 2226 dolor
2383 2171 2453 2225 ad
2495 2172 2755 2242 prmlium
2797 2179 3079 2243 provocet.
3111 2174 3333 2228 Armari
3373 2179 3430 2228 et
3460 2193 3608 2246 pra:-

1977 2265 2168 2335 parari
2215 2265 2322 2336 (30)
2367 2280 2467 2318 nos
2514 2265 2715 2319 beatus
2756 2267 2954 2320 Paulus
2989 2267 3278 2336 apostolus
3323 2269 3502 2335 docet,
3533 2270 3614 2324 di-

1978 2375 2108 2412 cens
2152 2375 2164 2412 :
2212 2362 2332 2415 Non
2363 2364 2438 2412 est
2480 2360 2630 2413 nobis
2666 2361 2974 2414 colluctatio
3011 2361 3267 2415 adversus
3306 2378 3520 2417 carnem
3562 2368 3611 2418 et

1976 2455 2316 2520 sanguinem,
2357 2454 2451 2506 sed
2497 2453 2757 2507 adversus
2789 2459 3076 2524 potestates
3111 2461 3161 2508 et
3198 2458 3470 2526 principes
3509 2459 3610 2512 hu-

1964 2545 2060 2614 jus
2109 2547 2303 2600 mundi
2341 2552 2390 2600 et
2433 2548 2626 2601 harum
2673 2549 3030 2616 tenebrarum,
3079 2549 3336 2606 adversus
3387 2554 3612 2621 spiritus

1973 2643 2227 2709 nequitia
2269 2642 2312 2673 ¹³
2351 2643 2409 2693 in
2485 2642 2799 2696 ccelestibus.
2875 2644 3100 2712 Propter
3173 2645 3318 2712 quod
3399 2646 3611 2700 induite

1976 2738 2088 2788 tota
2130 2750 2284 2788 arma
2330 2734 2466 2804 (3t),
2514 2742 2573 2787 ut
2615 2737 2831 2804 possitis
2878 2739 3117 2791 resistere
3165 2740 3223 2790 in
3265 2738 3352 2790 die
3403 2742 3612 2808 nequis-

1971 2830 2132 2895 simo;
2202 2833 2263 2880 ut
2329 2844 2451 2882 cum
2519 2831 2699 2882 omnia
2754 2831 3121 2898 perfeceritis,
3176 2833 3327 2885 stetis
3389 2835 3616 2887 accincti

1975 2921 2178 2975 lumbos
2222 2926 2418 2976 vestros
2469 2924 2527 2975 in
2575 2925 2824 2984 veritate,
2871 2923 3056 2976 induti
3097 2925 3318 2978 loricam
3354 2926 3608 2993 justitiaa,

1976 3020 2030 3068 et
2077 3016 2298 3068 calciati
2336 3015 2505 3084 pedes
2552 3017 2609 3068 in
2650 3019 3056 3085 praeparatione
3111 3019 3395 3086 Evangelii
3434 3022 3610 3088 pacis,

1977 3114 2306 3162 assumentes
2348 3114 2556 3162 scutum
2592 3109 2739 3178 ﬁdei,
2770 3111 2825 3163 in
2855 3125 2958 3178 quo
2980 3113 3198 3180 possitis
3227 3115 3408 3166 omnia
3433 3115 3612 3182 ignita

1975 3201 2157 3268 iacula
2193 3205 2508 3271 nequissimi
2552 3205 2925 3272 emstinguere,
2970 3210 3019 3257 et
3054 3205 3266 3274 galeam
3301 3207 3518 3275 salutis,
3562 3212 3612 3262 et

1975 3296 2220 3363 gladium
2273 3299 2530 3366 spiritus,
2587 3300 2683 3366 qui
2731 3304 2806 3352 est
2852 3313 3020 3352 sermo
3067 3301 3167 3353 Dei
3215 3299 3318 3370 (32)
3369 3301 3605 3371 (Ephes.,

1976 3406 2048 3458 vn
2085 3392 2291 3460 12-17).

2046 3483 2129 3538 lX.
2185 3486 2315 3538 Haec
2369 3501 2529 3538 arma
2589 3501 2912 3553 sumamus,
2969 3486 3056 3540 his
3112 3504 3216 3541 nos
3272 3491 3605 3544 tutamentis

1974 3581 2321 3652 spiritalibus
2375 3588 2432 3637 et
2485 3583 2808 3638 coelestibus
2867 3585 3226 3653 muniamus,
3289 3592 3347 3641 ut
3401 3587 3458 3641 in
3515 3588 3606 3642 die

1974 3675 2326 3745 nequissimo
2374 3678 2635 3732 resistere
2683 3678 2892 3733 diaboli
2944 3679 3115 3733 minis
3165 3686 3220 3734 et
3274 3697 3602 3752 repugnare

1609 3831 1819 3894 Varia:
1878 3831 2213 3897 lectiones.

317 3961 348 3989 ’θ
373 3957 444 4006 De
470 3953 740 4005 mundo...
778 3951 1025 4003 mundus
1051 3951 1174 4000 Bod.
1200 3951 1229 4001 3
1328 3951 1364 3984 Η
1386 3949 1642 4001 Christus
1670 3952 1790 4014 ejus
1823 3951 1960 4001 Lam.
2002 3953 2150 4000 Ebor.
2185 3953 2307 4002 Bod.
2345 3953 2390 4002 2.
2427 3954 2530 4004 ΝΟ.
2560 3957 2602 4004 l.
2677 3954 2718 3986 ¹¹
2745 3955 2984 4006 Prasside
3014 3957 3140 4007 Bod.
3177 3958 3220 4017 1,
3259 3957 3306 4020 2,
3351 3957 3461 4009 Lin.
3492 3961 3602 4012 NC‘

271 4028 359 4087 1,2.
389 4026 532 4076 Ebor.
609 4028 648 4058 ¹³
679 4024 928 4088 Nequam
959 4023 1112 4073 Ebor.
1140 4022 1246 4072 ΝΟ.
1329 4061 1338 4071 .

1535 4103 1760 4186 Steph.
1804 4103 2049 4168 Baluzii
2093 4111 2291 4169 notas.

320 4254 404 4316 (25)
454 4257 531 4304 Me
592 4253 844 4318 priorem.
903 4253 1026 4302 Duo
1081 4251 1204 4302 libri
1263 4255 1474 4302 veteres
1529 4250 1738 4300 habent
1792 4264 1870 4300 me

265 4338 425 4385 primo.

1971 4252 2049 4300 Ita
2097 4252 2348 4314 splendor
2394 4267 2490 4316 pro
2539 4253 2831 4318 explendor
2868 4256 2923 4305 in
2978 4256 3118 4306 libro
3169 4257 3492 4309 Tertulliani
3538 4259 3603 4312 de

1967 4324 2180 4381 Anima,
2217 4326 2280 4372 ut
2320 4329 2473 4374 notat
2504 4324 2795 4389 Rigaltius.
2835 4326 2929 4376 Sic
2968 4328 3022 4375 in
3054 4331 3202 4376 tomo
3233 4329 3281 4376 II
3316 4330 3601 4392 Capitula-

318 4398 400 4480 (26)
425 4398 633 4480 Futura:
659 4397 1032 4473 persecutionis
1069 4401 1222 4444 metu.
1257 4395 1412 4444 Unus
1446 4393 1623 4444 codex
1662 4392 1868 4455 Regius
1886 4409 1945 4480 D
1970 4396 2279 4480 rium,.pag:
2309 4397 2419 4456 984,
2443 4398 2681 4480 ‘straneis
2710 4410 2808 4476 pro
2843 4398 3131 4477 extraneis.
3155 4397 3245 4448 Sic
3282 4413 3428 4480 saepe
3467 4403 3601 4480 alibi

271 4464 423 4527 habet,
450 4467 688 4528 futuram
719 4465 1128 4528 persecutionem
1157 4469 1374 4514 metuat.

1971 4466 2025 4514 in
2069 4466 2312 4529 antiquis
2355 4467 2646 4517 codicibus
2689 4472 2743 4516 et
2787 4467 3166 4516 instrumentis
3210 4470 3448 4530 publicis
3491 4473 3600 4538 legi

319 4539 398 4600 (Ξῖ)
430 4540 669 4589 Occidere
707 4539 764 4586 in
803 4537 1102 4601 gehennam.
1142 4536 1314 4585 Iidem
1352 4535 1462 4586 duo
1502 4534 1627 4583 libri
1659 4531 1867 4582 habent
1964 4541 2259 4586 stramenta
2292 4552 2388 4601 pro
2429 4540 2788 4587 instrumenta.
2823 4538 2961 4588 Vide
2999 4539 3334 4601 Obsopaaum
3373 4543 3439 4591 ad
3473 4531 3598 4607 epi—

270 4611 466 4669 perdere.

321 4681 401 4743 (28)
453 4682 741 4744 Imaginem
803 4681 933 4741 ejus.
999 4680 1194 4730 Postea
1246 4679 1496 4742 sequitur
1553 4678 1608 4725 in
1672 4675 1865 4724 codice

272 4749 764 4816 Gratianopolitano,
791 4769 817 4796 «
849 4750 1022 4812 Magis
1054 4751 1306 4800 insistere
1342 4749 1600 4812 precibus
1629 4751 1683 4796 et
1711 4757 1868 4796 orare

273 4825 313 4869 et
361 4825 521 4886 primo
578 4827 762 4886 ipsum
820 4835 1040 4885 rogare,
1100 4826 1235 4871 tunc
1289 4820 1488 4870 deinde
1546 4821 1662 4869 Deo
1720 4817 1866 4866 Patri

272 4895 552 4946 satisfacere
615 4895 898 4944 debemus.
953 4893 1237 4942 Habemus
1295 4897 1479 4941 autem
1537 4890 1866 4939 advocatum

273 4967 317 5011 et
346 4963 743 5029 deprecatorem
782 4978 879 5027 pro
919 4964 1160 5026 peccatis
1201 4964 1403 5011 nostris
1446 4962 1638 5010 Jesum
1683 4959 1868 5009 Chris-

276 5038 370 5084 tum
404 5039 698 5087 Dominum
743 5040 992 5085 nostrum
1037 5041 1091 5084 et
1134 5035 1332 5094 Deum,
1372 5035 1416 5082 si
1463 5031 1626 5081 modo
1668 5044 1769 5080 nos
1812 5031 1866 5078 in

276 5112 575 5168 praeteritum
614 5121 878 5173 peccasse
918 5109 1183 5170 paeniteat
1226 5111 1275 5156 et
1325 5105 1658 5156 conﬁtentes
1699 5107 1868 5166 atque

277 5179 609 5244 intelligentes
660 5181 845 5231 debita
902 5183 1106 5239 nostra,
1160 5177 1365 5242 quibus
1420 5190 1572 5226 nunc
1630 5175 1868 5224 Domino

279 5247 590 5314 offendimus,
622 5254 710 5303 vel
740 5253 809 5303 de
839 5257 1040 5302 caetero
1075 5264 1177 5300 nos
1205 5250 1489 5300 ambulare
1527 5249 1580 5297 in
1618 5248 1722 5296 viis
1748 5248 1869 5309 ejus

281 5323 322 5387 et
349 5329 601 5387 praecepta
631 5329 879 5374 metuere
913 5323 1306 5386 spondeamus.
1338 5338 1367 5367 »
1394 5321 1514 5370 Non
1547 5333 1715 5368 ausus
1745 5331 1869 5366 sum

281 5386 364 5439 ista
408 5386 602 5456 ponere
652 5396 708 5444 in
757 5399 1043 5453 contextu,
1091 5395 1218 5454 quia
1271 5406 1381 5442 non
1430 5390 1685 5441 videntur
1732 5389 1870 5438 mihi

283 5461 523 5516 cohaerere
552 5481 679 5518 cum
709 5471 1036 5530 argumento
1065 5465 1212 5529 quod
1248 5467 1371 5515 istic
1401 5467 1682 5514 tractatur.

337 5532 416 5592 (29)
461 5539 717 5588 Pandens.
769 5537 958 5588 Codex
1009 5537 1205 5587 Pithoei
1249 5536 1529 5600 spondens.
1576 5535 1738 5584 Forte
1785 5547 1870 5584 re-

287 5607 567 5663 ponendum
615 5614 696 5660 est
738 5609 1063 5670 expandens,
1102 5609 1248 5657 sicut
1286 5621 1434 5670 saepe
1479 5607 1591 5656 vidi
1640 5607 1696 5654 in
1741 5605 1870 5668 plu-

289 5673 417 5743 ribus
468 5679 616 5729 libris
672 5686 906 5743 spectans
966 5693 1062 5743 pro
1121 5684 1418 5743 exspectans
1472 5682 1526 5728 et
1580 5691 1610 5726 e
1661 5681 1870 5727 contra.

293 5741 409 5798 Vide
447 5741 762 5817 glossarium
805 5741 1060 5802 Latinum
1101 5741 1294 5816 Cangii
1335 5751 1390 5800 in
1430 5749 1600 5800 verbo
1637 5748 1872 5814 Spando.

1967 4607 2164 4657 stolam
2194 4608 2258 4658 60
2286 4608 2530 4659 Senecae.

2028 4682 2094 4741 (3)
2153 4683 2369 4730 Armari
2423 4688 2466 4728 et
2528 4681 2838 4743 praeparari.
2900 4681 2976 4728 Ita
3040 4684 3253 4730 veteres
3304 4681 3592 4746 editiones,

1968 4751 2226 4802 undecim
2254 4752 2374 4801 libri
2407 4752 2581 4800 nostri
2609 4755 2837 4809 veteres,
2869 4764 2967 4800 sex
3002 4751 3311 4813 Anglicani.
3341 4757 3394 4802 et
3419 4755 3596 4806 codex

1968 4821 2132 4870 Flori.
2175 4825 2254 4871 Ita
2297 4824 2460 4872 etiam
2506 4821 2772 4872 editiones
2821 4822 3046 4870 Manutii
3091 4826 3142 4871 et
3186 4822 3433 4873 Morellii.
3474 4827 3598 4876 Alia

1969 4893 2158 4954 editio,
2201 4907 2324 4956 quas
2371 4893 2538 4942 habet
2574 4912 2601 4937 ‹‹
2637 4895 2822 4942 Armat
2862 4898 2916 4942 et
2952 4898 3223 4956 praaparat
3261 4907 3362 4942 nos
3399 4894 3597 4947 beatus

1967 4965 2271 5026 Apostolus
2329 4964 2538 5022 dicens,
2593 4980 2620 5011 »
2671 4964 2878 5028 placuit
2944 4965 3201 5024 Pamelio,
3256 4964 3493 5031 Rigaltio
3544 4975 3597 5020 et

1970 5037 2182 5099 Anglis.

2036 5109 2134 5170 (31)
2176 5110 2298 5158 Tota
2333 5123 2499 5157 arma.
2543 5108 2602 5156 In
2643 5108 2886 5157 editione
2931 5107 3165 5167 Erasmi,
3208 5123 3374 5172 quam
3418 5116 3598 5164 secuti

1970 5184 2102 5229 sunt
2164 5179 2455 5238 Pamelius,
2521 5178 2790 5240 Rigaltius
2846 5182 2900 5227 et
2965 5178 3155 5239 Angli,
3210 5179 3430 5230 additur
3491 5198 3597 5232 vox

1974 5250 2082 5299 Dei.
2130 5250 2335 5299 Verum
2384 5249 2488 5300 hoc
2537 5248 2976 5298 additamentum
3019 5250 3275 5311 nuspiam
3318 5255 3492 5316 reperi
3541 5257 3598 5304 in

1971 5322 2216 5384 antiquis
2272 5321 2702 5384 exemplaribus.
2762 5321 2820 5368 In
2883 5319 3188 5369 Sorbonico
3245 5323 3447 5385 legitur
3503 5329 3599 5374 ln—

1970 5394 2113 5443 duite
2153 5406 2239 5442 vos
2277 5407 2432 5442 arma
2476 5392 2620 5441 lucis.
2658 5392 3006 5442 Pitbmanum
3041 5391 3204 5441 habet
3243 5396 3450 5444 induite
3492 5402 3600 5445 tota

1972 5479 2144 5515 arma.

2037 5537 2129 5598 (32)
2163 5537 2265 5596 Qui
2288 5541 2359 5584 est
2387 5548 2556 5584 sermo
2591 5536 2700 5584 Dei.
2733 5537 2796 5584 In
2829 5534 3006 5585 tribus
3036 5536 3278 5598 antiquis
3311 5535 3604 5586 codicibus

1973 5609 2239 5670 scriptum
2268 5611 2368 5669 est,
2399 5605 2542 5668 Quod
2568 5612 2640 5655 est
2669 5606 2884 5657 uerbum
2919 5608 3030 5663 Dei,
3055 5607 3247 5655 eodem
3279 5617 3469 5656 sensu.
3498 5605 3610 5655 Sed

1976 5685 2160 5728 tamen
2205 5679 2352 5728 istud
2399 5677 2682 5728 admoneri
2723 5678 2923 5728 debere
2954 5679 3134 5726 visum
3173 5680 3251 5724 est
3295 5674 3366 5723 ob
3407 5677 3614 5730 discre-

1975 5750 2218 5816 pantiam
2248 5752 2590 5804 versionem.
