4160 6216
165 5797 324 5907 Ἧι,

611 248 710 300 367

1516 243 1575 299 S.
1617 245 1923 305 CYPRIANI
1962 245 2236 300 OPERUM
2279 245 2449 300 PARS
2487 247 2523 298 1.
2567 276 2634 284 —-
2673 245 3031 302 EPISTOLE.

3854 252 3947 302 368

601 368 898 438 possimus.
956 366 1260 420 Induamus
1307 365 1539 419 loricam
1591 367 1854 436 justitiie,
1911 372 1974 421 ut
2037 372 2234 421 contra
2255 379 2312 451 Α
2335 371 2388 420 et
2415 372 2622 437 quanta
2648 367 2842 420 laetitia
2867 366 3088 421 admitti
3109 372 3170 419 ut
3191 367 3365 419 Deum
3391 365 3580 419 videas
3607 367 3871 422 honorari
3895 374 3951 423 ut

601 461 817 514 inimici
845 461 1030 529 jacula
1073 460 1355 513 munitum
1399 459 1469 512 sit
1510 463 1706 529 pectus
1755 467 1809 514 et
1850 466 2058 514 tutum.
2107 461 2230 515 Cal-

601 554 732 608 ciati
765 553 876 606 sint
901 553 1223 623 evangelico
1255 553 1587 623 magisterio
1615 557 1673 606 et
1693 555 1898 608 armati
1928 554 2121 623 pedes,
2147 560 2231 621 ut,

602 663 732 702 cum
762 663 992 716 serpens
1019 646 1225 699 calcari
1255 663 1286 699 a
1317 646 1478 699 nobis
1509 652 1565 700 ct
1594 647 1772 700 obteri
1801 647 2059 716 coeperit,
2089 663 2236 700 mor-

603 740 737 794 dere
775 744 830 792 et
869 740 1235 809 supplantare
1279 755 1392 792 non
1431 739 1622 810 possit.
1672 742 1970 793 Portemus
2013 740 2236 794 fortiter

599 836 820 886 scutum
865 832 1029 897 fidei,
1082 849 1196 903 quo
1243 836 1579 902 protegente
1625 832 1900 902 quidquid
1943 833 2236 902 jaculatur

602 925 862 979 inimicus
904 925 1080 995 possit
1121 925 1431 996 exstingui.
1479 925 1841 995 Accipiamus
1887 941 2114 995 quoque
2161 925 2232 978 ad

600 1023 998 1087 tegumentum
1027 1019 1221 1088 capitis
1251 1019 1469 1089 galeam
1491 1019 1795 1072 salutarem
1830 1022 1959 1087 (33),
1994 1024 2058 1072 ut
2102 1034 2232 1071 mn-

601 1112 832 1165 niantur
853 1128 1038 1178 aures,
1084 1127 1153 1164 ne
1199 1111 1437 1165 audiant
1465 1111 1655 1164 edicta
1691 1111 1914 1174 feralia;
1964 1112 2234 1164 munian-

596 1209 690 1259 tur
715 1205 881 1273 oculi,
917 1222 985 1259 ne
1012 1204 1240 1258 videant
1268 1203 1602 1257 detestanda
1644 1204 1952 1258 simulacra
1984 1221 1996 1258 :
2043 1202 2230 1275 357

597 1297 889 1352 muniatur
951 1298 1136 1365 frons,
1192 1299 1255 1350 ut
1315 1297 1544 1367 signum
1615 1298 1714 1351 Dei
1781 1297 1892 1366 (34)
1952 1297 2236 1352 incolume

597 1395 884 1458 servetur;
925 1390 1214 1444 muniatur
1251 1407 1332 1456 os,
1372 1396 1434 1443 ut
1477 1391 1783 1444 Dominum
1826 1407 1993 1444 suum
2039 1390 2232 1446 Chris-

596 1488 720 1538 tum
766 1483 958 1537 victrix
1012 1485 1203 1553 lingua
1255 1484 1519 1537 fateatur.
1571 1485 1878 1538 Armemus
1929 1489 1986 1538 et
2034 1484 2234 1538 dexte-

597 1593 721 1631 ram
755 1577 863 1646 (35)
897 1577 1079 1646 gladio
1111 1576 1372 1646 spiritali,
1409 1583 1467 1630 ut
1498 1577 1770 1630 sacrificia
1808 1577 2032 1630 funesta
2069 1577 2234 1630 forti-

600 1675 689 1723 ter
727 1673 970 1739 respuat,
1014 1673 1096 1735 ut,
1139 1670 1504 1724 Eucharistiaz
1548 1686 1790 1736 memor,
1843 1686 1967 1740 quae
2013 1671 2233 1724 Domini

2335 476 2465 512 cum
2492 460 2705 514 Christo
2734 460 2968 514 Domino
2999 462 3108 513 Deo
3137 465 3234 513 tuo
3263 460 3458 512 salutis
3481 477 3544 513 ac
3572 461 3710 512 lucis
3737 467 3949 514 aaternie

2335 553 2610 622 gaudium
2640 554 2852 623 capias;
2881 554 3164 609 Abraham
3197 559 3254 607 et
3287 555 3441 606 Isaac
3479 559 3534 606 ct
3573 552 3738 606 Jacob
3774 562 3827 608 et
3858 572 3948 624 pa-

2334 647 2606 699 triarchas
2623 663 2820 700 omnes
2840 653 2893 700 et
2912 646 3213 716 prophetas
3229 651 3284 700 et
3303 647 3586 716 apostolos
3606 650 3663 700 et
3684 650 3949 716 martyres

2336 739 2612 807 salutare;
2642 739 2952 809 cumjustis
2985 741 3085 806 (40)
3117 744 3172 792 et
3205 737 3301 793 Dei
3327 738 3526 792 amicis
3557 739 3615 792 in
3643 754 3816 809 regno
3844 755 3947 794 coe-

2336 831 2522 885 lorum
2539 832 2683 885 datie
2699 831 3136 886 immortalitatis
3150 832 3436 901 voluptate
3451 831 3720 901 gaudere;
3737 848 3950 886 sumere

2336 925 2446 978 illic
2474 927 2620 995 quod
2650 941 2744 979 nec
2775 926 2959 979 oculus
2994 925 3151 986 vidit,
3188 940 3280 979 nec
3318 927 3468 979 auris
3490 925 3737 995 |audivit,
3779 941 3866 980 nec
3901 929 3950 980 in

2337 1034 2426 1072 cor
2452 1019 2680 1073 hominis
2705 1019 2943 1073 ascendit
2975 1020 3016 1088 (l
3046 1019 3188 1080 Cor.,
3220 1034 3274 1084 ιι,
3306 1017 3389 1084 9)ι
3425 1017 3638 1086 Majora
3671 1019 3819 1071 enim
3861 1036 3951 1072 nos

2336 1113 2587 1182 accipere
2617 1130 2791 1183 quam
2820 1112 2976 1181 quod
3008 1111 3096 1164 hic
3125 1115 3222 1164 aut
3253 1127 3566 1180 operamur
3595 1116 3692 1165 aut
3721 1112 3951 1181 patimur

2335 1205 2630 1275 Apostolus
2663 1205 2932 1275 praedicat
2968 1205 3157 1258 dicens
3187 1221 3198 1257 :
3233 1206 3352 1261 Non
3380 1209 3507 1258 sunt
3537 1205 3811 1273 condignae
3837 1222 3952 1275 pas-

2334 1301 2502 1352 siones
2538 1299 2702 1366 hujus
2747 1300 2997 1368 temporis
3046 1299 3120 1351 ad
3174 1303 3620 1367 superventuram
3667 1298 3953 1354 claritatem

2339 1392 2448 1462 (41)
2478 1407 2596 1460 quae
2620 1393 2948 1447 revelabitur
2970 1394 3024 1446 in
3053 1392 3202 1446 nobis
3222 1395 3419 1460 (Rom.,
3438 1407 3559 1454 vni,
3588 1394 3695 1460 I8).
3718 1393 3852 1448 Cum
3879 1409 3953 1446 re-

2337 1485 2541 1539 velatio
2587 1485 2679 1539 illa
2727 1485 2976 1553 venerit,
3022 1502 3154 1539 cum
3211 1485 3432 1539 claritas
3491 1501 3666 1555 super
3714 1501 3814 1540 nos
3865 1486 3954 1540 Dei

2339 1577 2580 1644 fulserit,
2607 1581 2723 1632 tam
2745 1577 2892 1633 beati
2925 1577 3138 1632 erimus
3159 1583 3214 1632 et
3235 1578 3366 1646 laeti,
3391 1577 3725 1647 dignatione
3748 1577 3951 1632 Domini

2340 1671 2622 1739 honorati,
2654 1688 2826 1742 quam
2865 1672 2948 1726 rei
2981 1671 3363 1726 remanebunt
3401 1676 3459 1724 et
3491 1671 3685 1725 miseri
3711 1671 3824 1742 qui,
3862 1671 3948 1725 Dei

601 1779 805 1833 corpus
832 1763 1045 1832 accepit
1069 1763 1200 1832 (36),
1245 1763 1426 1832 ipsum
1467 1763 1878 1833 complectatur
1909 1765 2040 1833 (37),
2075 1766 2232 1834 post-
2254 1741 2309 1813 Β
2336 1764 2653 1819 desertores
2673 1741 2788 1819 iant
2823 1770 3020 1819 contra
3061 1766 3238 1819 Deum
3274 1763 3516 1818 rebelles
3553 1764 3687 1833 (42),
3717 1741 3952 1818 volunta-

600 1855 835 1910 modum
883 1872 914 1908 a
953 1854 1188 1909 Domino
1225 1859 1519 1926 sumptura
1568 1855 1871 1926 prirmium
1916 1855 2231 1910 caelestium

605 1965 972 2002 COI‘ODEH‘UID.

571 2050 576 2057 '
671 2043 730 2095 Χ.
765 2044 806 2094 Ο
837 2042 954 2096 dies
990 2042 1080 2096 ille
1119 2043 1300 2114 qualis
1332 2047 1388 2096 et
1424 2046 1671 2114 quantus
1711 2043 1996 2110 adveniet,
2033 2043 2234 2096 fratres

601 2135 974 2202 dilectissimi,
1004 2152 1133 2190 cum
1170 2137 1406 2206 coeperit
1449 2137 1723 2207 populum
1753 2153 1918 2190 suum
1958 2136 2234 2190 Dominus

604 2246 897 2283 recensere
917 2235 969 2284 ct
990 2230 1192 2283 divina:
1220 2229 1558 2300 cognitionis
1583 2231 1842 2284 examine
1873 2229 2232 2300 singulorum

603 2323 812 2376 merita
843 2339 1264 2393 recognoscere,
1306 2323 1527 2376 mittere
1566 2323 1622 2376 in
1665 2323 1980 2393 gehennam
2022 2340 2230 2376 nocen-

603 2419 708 2480 tes,
753 2419 810 2468 et
846 2421 1234 2485 persecutores
1279 2419 1496 2469 nostros
1536 2416 1782 2469 flammae
1824 2416 2056 2486 poenalis
2101 2432 2231 2485 per-

601 2513 773 2578 petuo
805 2509 1004 2562 ardore
1038 2509 1336 2563 flammare
1368 2509 1496 2577 (38),
1527 2509 1688 2562 nobis
1725 2525 1861 2563 vero
1903 2508 2232 2562 mercedem

603 2600 739 2654 fidei
776 2608 831 2656 et
869 2601 1183 2655 devotionis
1227 2602 1538 2656 exsolvere!
1581 2604 1712 2665 Quae
1755 2604 1859 2656 erit
1899 2602 2080 2672 gloria
2123 2602 2233 2670 (39)

2335 1859 2453 1908 tem
2501 1855 2758 1908 fecerunt
2799 1853 3030 1920 diaboli,
3062 1857 3122 1907 ut
3150 1869 3244 1908 eos
3292 1870 3522 1908 necesse
3568 1854 3641 1907 sit
3683 1870 3803 1908 cum
3842 1854 3950 1925 ipso

2334 1947 2500 2000 simul
2529 1946 2978 2017 inexstinguibili
2999 1946 3132 2017 igne
3163 1947 3436 2016 torqueri.

2406 2039 2599 2112 358
2655 2041 2740 2094 XI.
2800 2042 2960 2107 Ilaec,
3017 2041 3221 2094 fratres
3276 2041 3662 2107 dilectissimi,
3714 2041 3948 2095 haereant

2335 2134 2595 2188 cordibus
2641 2133 2850 2187 nostris
2898 2136 2964 2187 η.
3016 2135 3144 2187 Haec
3189 2134 3260 2189 sit
3301 2150 3598 2188 armorum
3643 2137 3944 2188 nostrorum

2335 2225 2702 2297 praeparatio,
2757 2227 2876 2280 haec
2931 2226 3140 2280 diurna
3185 2243 3248 2280 ac
3301 2231 3589 2282 nocturna
3644 2226 3944 2292 meditatio,

2337 2324 2470 2374 ante
2521 2321 2712 2375 oculos
2769 2320 2976 2375 habere
3028 2327 3084 2374 et
3137 2321 3488 2392 cogitatione
3539 2323 3582 2355 ¹⁵
3624 2337 3844 2391 semper
3891 2337 3946 2374 ac

2335 2414 2595 2467 sensibus
2622 2415 2844 2468 volvere
2875 2413 3203 2484 iniquorum
3236 2415 3520 2485 supplicia
3549 2418 3607 2468 et
3639 2414 3863 2485 praemia
3891 2429 3947 2466 ac

2343 2509 2543 2562 merita
2580 2508 2892 2577 justorum,
2942 2508 3077 2578 quid
3132 2508 3476 2578 negantibus
3524 2509 3791 2562 Dominus
3829 2523 3943 2562 cum

2337 2603 2592 2655 minetur
2622 2602 2690 2656 ad
2724 2618 2976 2672 pcenam,
3002 2603 3138 2673 quid
3172 2608 3373 2657 contra
3405 2602 3807 2657 confitentibus
3833 2617 3949 2671 pro-

1978 2749 2188 2812 Varia:
2241 2748 2577 2812 lectiones.

669 2893 708 2923 “
733 2890 1007 2942 Cordibus
1035 2891 1246 2942 vestris.
1278 2891 1413 2942 Haec
1434 2891 1634 2942 diurna
1665 2894 1775 2956 Βία.
1849 2896 1886 2926 ’⁵
1915 2893 2134 2943 Habere
2159 2896 2213 2944 et
2240 2893 2480 2956 cogitare
2504 2895 2642 2942 Lam.
2676 2893 2799 2943 Bod.
2825 2893 2880 2952 9.,
2907 2893 2952 2942 3.

1900 3022 2122 3103 Steph.
2174 3021 2417 3085 Baluzii
2463 3027 2658 3084 notae.

667 3181 763 3243 (33)
827 3180 1040 3230 Galeam
1105 3181 1433 3273 salutqremi.
1470 3183 1629 3273 Hanc
1662 3184 1985 3273 ‘lecti‘onem
2047 3185 2311 3273 intulitc

605 3253 888 3310 Erasmus,
941 3265 1178 3314 eamque
1231 3253 1507 3302 Manutius
1559 3259 1612 3304 et
1662 3255 1944 3304 Morellius
1987 3257 2236 3306 retinue—

606 3328 752 3372 runt.
790 3321 1011 3371 Habent
1049 3326 1235 3372 autem
1275 3323 1426 3373 illam
1467 3329 1575 3374 tres
1615 3325 1740 3374 libri
1779 3330 2004 3375 veteres.
2035 3327 2104 3374 At
2147 3327 2237 3375 alii

606 3395 858 3457 quinque
899 3397 953 3444 et
994 3395 1334 3457 antiquiores
1365 3395 1637 3445 editiones
1677 3397 1976 3458 praeferunt
2013 3397 2242 3458 spiritu-

608 3465 726 3512 Iem.
781 3465 857 3512 Ita
905 3465 1072 3513 etiam
1123 3467 1178 3512 in
1230 3466 1504 3528 excerptis
1555 3466 1719 3514 Flori.
1771 3467 1965 3529 Supra,
1998 3468 2071 3515 -in
2117 3468 2240 3530 epi-

607 3537 743 3584 stola
807 3537 917 3596 ‘264,
973 3550 1093 3599 pag.
1155 3537 1235 3597 36,
1294 3537 1496 3599 legitur
1553 3537 1768 3587 Galeam
1831 3537 2039 3586 salutis.
2098 3538 2240 3588 Vide

610 3607 995 3658 adnotationes
1035 3608 1246 3657 Erasmi
1287 3610 1343 3658 in
1384 3614 1549 3672 caput
1587 3623 1644 3660 vx
1684 3610 1932 3671 Epistolas
1969 3611 2040 3659 ad
2067 3611 2239 3672 Ephe-

608 3691 729 3728 810$.

673 3750 769 3808 (34)
814 3748 1031 3810 Signum
1083 3749 1196 3798 Dei.
1247 3749 1306 3798 In
1360 3749 1532 3799 fronte
1586 3751 1846 3813 positum.
1903 3751 2238 3811 Lactantius,

611 3833 729 3882 cap.
777 3820 836 3868 10
882 3819 945 3867 de
987 3819 1241 3869 Mortibus
1283 3821 1675 3871 Persecutorum
1716 3838 1733 3870 :
1779 3839 1809 3869 «
1851 3821 2242 3885 Imposuerunt

608 3890 884 3939 frontibus
935 3892 1050 3939 suis
1102 3892 1414 3941 immortale
1466 3893 1705 3956 signum.
1762 3909 1789 3938 »
1832 3893 1984 3942 Idem
2034 3893 2130 3942 lib.
2183 3907 2240 3942 IV

610 3962 835 4010 Institut.
869 3975 986 4024 cap.
1015 3963 1073 4011 27
1102 3977 1112 4010 :
1149 3980 1177 4010 «
1205 3963 1467 4024 Imposito
1499 3964 1774 4013 frontibus
1804 3965 1979 4026 signo,
2016 3969 2070 4015 et
2099 3977 2240 4028 quos

569 4030 833 4096 'signum
877 4033 1184 4083 immortale
1229 4034 1509 4083 munierit.
1557 4052 1584 4078 »
1635 4035 1772 4084 Item
1827 4035 2137 4098 Cyprianus
2186 4037 2240 4085 in

609 4103 752 4152 libro
799 4104 860 4152 de
913 4106 1124 4153 Unitate
1169 4105 1426 4165 Ecclesiae,
1471 4119 1592 4169 pag.
1637 4105 1730 4154 200
1770 4121 1780 4153 :
1828 4123 1855 4151 «
1900 4107 2086 4170 Lepraa
2139 4122 2241 4156 va-

611 4175 805 4224 rietate
850 4177 905 4223 in
958 4176 1137 4225 fronte
1179 4176 1490 4225 maculatus
1532 4181 1633 4236 est,
1683 4190 1746 4225 ea
1794 4183 1947 4239 parte
1995 4179 2240 4241 corporis

610 4249 834 4294 notatus
859 4244 1067 4294 offenso
1097 4246 1334 4294 Domino
1372 4244 1469 4293 ubi
1503 4247 1789 4308 signantur
1818 4249 1914 4310 qui
1940 4249 2240 4298 Dominum

609 4322 1006 4377 promerentur.
1059 4334 1086 4360 ιο
1143 4317 1329 4366 Victor
1384 4317 1644 4376 Vitensis,
1698 4317 1793 4367 lib.
1846 4333 1882 4377 ι,
1941 4334 2059 4384 cap.
2111 4322 2172 4370 14
2228 4337 2238 4369 :

609 4403 639 4433 «
693 4387 947 4436 Frontem
999 4388 1052 4435 in
1099 4401 1205 4450 qua
1260 4386 1515 4436 Christus
1567 4391 1831 4438 vexillum
1881 4405 1998 4440 suae
2046 4393 2242 4441 ﬁxerat

611 4458 813 4507 crucis.
865 4473 894 4505 ii
945 4457 1083 4506 Vide
1139 4456 1475 4508 Savaronem
1536 4461 1606 4510 ad
1659 4461 1958 4520 Sidonium,
2014 4463 2106 4511 lib.
2162 4475 2236 4524 ιιι,

612 4530 769 4591 epist.
810 4529 884 4578 η.

806 4569 1076 4648 Limam:
1117 4602 1164 4648 et
1205 4599 1498 4650 dexteram.
1542 4602 1685 4652 Citat
1731 4606 1782 4652 et
1823 4603 2039 4667 egregie
2084 4603 2238 4652 illus-
2262 4569 2318 4638 D

614 4674 719 4720 trat
754 4670 908 4720 hunc
946 4670 1129 4720 locum
1171 4673 1638 4722 eminentissimus
1673 4674 1966 4724 cardinalis
1999 4675 2243 4725 Joannes

611 4743 779 4805 Bona,
809 4743 902 4792 lib.
933 4757 967 4792 ιι
994 4743 1183 4792 Rerum
1221 4743 1612 4807 liturgicarum,
1646 4759 1765 4809 cap.
1799 4747 1874 4807 I7,
1907 4757 2072 4808 quem
2101 4760 2241 4796 con-

611 4815 750 4864 sule.

675 4887 768 4950 (36)
808 4887 1014 4936 Domini
1053 4899 1241 4950 corpus
1271 4889 1483 4951 accepit.
1518 4888 1578 4936 In
1610 4901 1778 4938 manu
1819 4888 2042 4940 dextera
2087 4891 2240 4942 vide-

611 4958 758 5008 licet.
789 4957 928 5006 Vide
959 4972 1084 5021 quae
1127 4958 1196 5007 de
1227 4971 1290 5006 ea
1325 4972 1383 5008 re
1420 4958 1556 5007 dixit
1593 4957 1739 5008 idem
1769 4961 2242 5012 eminentissimus

611 5029 906 5079 cardinalis
933 5031 988 5077 in
1022 5030 1146 5078 loco
1177 5043 1304 5078 mox
1339 5029 1578 5079 laudato.
1616 5029 1895 5080 Lubenter
1932 5033 2079 5082 enim
2118 5037 2242 5082 utor

611 5102 938 5151 auctoritate
966 5101 1070 5150 viri
1102 5100 1293 5163 optimi
1330 5106 1384 5150 et
1420 5101 1744 5162 doctissimi,
1779 5117 1890 5167 quo
1929 5117 2030 5165 ego
2061 5104 2240 5154 amico

610 5170 902 5233 gloriabar,
943 5174 996 5221 et
1034 5172 1124 5220 cui
1156 5185 1244 5220 me
1283 5173 1518 5221 multum
1559 5172 1760 5223 debere
1799 5174 2077 5236 professus
2115 5189 2239 5224 sum

608 5242 664 5290 in
697 5242 1022 5291 Praefatione
1048 5242 1115 5291 ad
1147 5242 1497 5306 Capitularia.

673 5313 768 5369 (37)
824 5313 994 5374 Ipsum
1048 5312 1470 5376 complectantur.
1528 5313 1823 5365 Recentior
1875 5317 2052 5367 codex
2111 5318 2238 5368 Vic-

609 5383 880 5452 torinusr:
930 5398 955 5426 ‹‹
995 5383 1052 5430 In
1099 5384 1218 5445 ipso
1266 5384 1559 5433 Dominum
1604 5400 1769 5435 suum
1818 5389 2236 5452 complectatur,

606 5451 962 5515 postmodum
1017 5455 1316 5504 Dominum
1373 5462 1678 5520 sumptura.
1730 5473 1757 5504 »
1816 5459 1908 5509 Sic
1952 5451 2124 5510 etiam
2181 5463 2235 5510 in

607 5523 847 5573 editione
885 5525 1135 5584 Morellii,
1167 5527 1271 5575 nisi
1311 5527 1461 5590 quod
1500 5529 1556 5576 in
1597 5532 1841 5580 extrema
1880 5538 2034 5594 parte
2074 5535 2128 5582 in
2173 5546 2236 5582 ea

607 5597 876 5657 scriptum
905 5600 988 5644 est
1016 5611 1050 5645 α
1076 5598 1318 5645 Domino.

669 5666 768 5726 (33)
819 5667 1026 5715 Ardere
1077 5667 1367 5729 ﬂammare.
1424 5671 1504 5720 Ita
1552 5673 1780 5721 omnino
1832 5677 2098 5738 scriptum
2154 5679 2237 5724 est

603 5738 660 5786 in
707 5751 820 5786 uno
863 5737 1002 5787 libro
1044 5743 1227 5788 vetere
1277 5740 1631 5793 bibliotheca)
1675 5746 1855 5809 regiae.
1906 5737 2087 5809 Atque
2135 5760 2236 5809 ego

600 5823 719 5867 eam
762 5810 1052 5862 lectionem
1096 5811 1258 5861 facile
1287 5813 1538 5876 praefero,
1569 5818 1684 5865 tum
1720 5819 1850 5880 quia
1881 5831 1989 5867 vox
2031 5821 2113 5867 est
2149 5817 2236 5868 la-

2339 3187 2470 3246 tina,
2516 3188 2633 3234 tum
2687 3185 2817 3249 quia
2860 3197 3051 3234 vocem
3094 3183 3374 3241 damnare,
3416 3194 3547 3245 quas
3593 3180 3712 3229 istic
3748 3179 3943 3249 ponitur

2342 3271 2440 3319 pro
2471 3246 2764 3318 ﬂammare,
2795 3257 2850 3304 in
2890 3256 3012 3305 aliis
3052 3255 3283 3305 vetustis
3317 3251 3727 3316 exemplaribus
3761 3253 3811 3298 et
3845 3246 3942 3319 edi-

2342 3318 2605 3386 tionibus,
2651 3328 2993 3390 suppositam
3039 3327 3210 3376 fuisse
3255 3324 3490 3374 arbitror
3539 3337 3570 3371 a
3615 3321 3844 3386 quodam
3886 3318 3942 3390 li-

2341 3397 2522 3446 brario
2561 3389 2832 3460 imperito,
2875 3397 2967 3447 cui
3005 3399 3139 3446 satis
3175 3399 3305 3445 nota
3346 3409 3463 3444 non
3504 3398 3619 3444 erat
3655 3393 3756 3442 alia
3783 3389 3939 3440 lectio.

2341 3468 2650 3531 Ignorantia
2698 3468 2846 3518 enim
2885 3468 3082 3531 priscas
3125 3466 3407 3516 latinitatis
3448 3479 3563 3516 non
3607 3475 3802 3527 paucas
3842 3472 3940 3509 ma-

2343 3539 2498 3588 culas
2537 3540 2916 3602 insperserunt
2964 3539 3049 3588 his
3095 3538 3527 3609 elegantissimis
3571 3535 3762 3609 litteris
3797 3533 3943 3609 impe-

2343 3610 2430 3658 riti
2483 3610 2709 3671 librarii,
2770 3614 2828 3660 ut
2880 3611 3240 3674 conqueritur
3288 3607 3572 3670 Josephus
3626 3605 3855 3674 Scaliger
3895 3605 3940 3674 in

2344 3681 2496 3730 initio
2545 3687 2796 3731 notarum
2845 3672 3070 3731 suarum
3125 3680 3194 3729 ad
3251 3679 3421 3729 libros
3481 3677 3737 3726 Varronis
3783 3673 3839 3722 de
3888 3672 3942 3718 tie

2343 3754 2553 3801 rustica.
2605 3752 2946 3803 Conﬁrmare
2991 3764 3215 3816 quoque
3256 3750 3478 3800 videtur
3524 3749 3666 3798 hanc
3704 3742 3942 3794 emenda-

2343 3825 2547 3874 tionem
2594 3824 2752 3873 locus
2800 3826 2902 3874 iste
2949 3837 3017 3873 ex
3068 3822 3210 3872 libro
3259 3822 3516 3870 adversus
3570 3816 3938 3868 Demetrianum,

2343 3911 2460 3958 pag.
2500 3896 2593 3945 224
2631 3911 2642 3943 :
2685 3913 2712 3940 «
2749 3895 3048 3946 CremabiL
3081 3894 3331 3943 addictos
3381 3892 3584 3941 ardens
3629 3900 3831 3951 semper
3864 3896 3939 3947 ge-

2341 3967 2606 4016 henna.»

2405 4038 2500 4094 (39)
2557 4039 2677 4098 Quae
2722 4038 2819 4086 erit
2875 4035 3067 4099 gloria.
3117 4035 3308 4086 Codex
3365 4034 3657 4094 Fuxensis,
3705 4045 3811 4095 quae
3855 4025 3939 4076 erit

2341 4108 2525 4171 gloriae
2586 4110 2833 4170 dignitas.
2896 4109 3080 4156 Potest
3140 4107 3288 4156 hanc
3352 4107 3648 4156 lectionem
3708 4102 3935 4163 adjuvare

2343 4180 2478 4228 alter
2505 4179 2659 4228 locus
2689 4193 2756 4228 ex
2783 4179 2922 4227 libro
2953 4179 3204 4227 adversus
3236 4179 3647 4234 Demctrianum,
3678 4188 3790 4237 pag.
3818 4171 3897 4219 224
3924 4182 3932 4213 :

2343 4269 2370 4294 «
2415 4250 2553 4310 Qum
2598 4255 2728 4299 tunc
2777 4251 2881 4299 erit
2928 4250 3056 4299 ﬁdei
3106 4249 3299 4311 gloria,
3341 4261 3469 4312 qua:
3516 4260 3678 4311 pcena
3719 4241 3935 4308 perﬁdia:

2342 4335 2469 4370 cum
2497 4319 2689 4382 judicii
2719 4319 2837 4370 dies
2862 4322 3089 4370 venerit.
3118 4340 3143 4365 ››
3742 4387 3745 4388 ν
3910 4381 3917 4388 ⁸

2407 4392 2499 4453 (40)
2531 4394 2657 4440 Cum
2689 4394 2862 4455 justis.
2902 4393 3025 4441 Duo
3054 4391 3177 4440 libri
3214 4395 3446 4452 veteres,
3487 4404 3599 4440 cum
3621 4387 3770 4451 justis
3796 4387 3933 4433 omni-

2343 4461 2436 4512 bus
2466 4469 2511 4511 et
2543 4464 2636 4511 Dei
2665 4464 2864 4511 amicis.

2405 4535 2501 4592 (ΔΗ
2544 4534 2868 4583 Claritatem.
2911 4534 3080 4584 Iidem
3126 4533 3250 4583 libri
3299 4533 3411 4583 duo
3455 4537 3678 4586 veteres,
3713 4527 3931 4590 gloriam.

2343 4604 2434 4655 Sic
2465 4619 2612 4668 saepe
2647 4605 2853 4656 librarii
2880 4609 3238 4656 mutaverunt
3263 4605 3536 4655 vocabula
3561 4601 3702 4666 apud
3733 4597 3932 4662 Cypria-

2342 4690 2474 4724 num
2517 4681 2569 4727 et
2609 4678 2744 4726 alios
2781 4681 2994 4727 veteres
3031 4678 3340 4740 scriptores.
3380 4676 3488 4725 Sed
3525 4671 3804 4738 legendum
3831 4677 3933 4716 esse

2341 4748 2638 4797 claritatem
2685 4749 2847 4799 docet
2898 4751 3014 4812 ipse
3063 4749 3393 4811 Cyprianus,
3439 4748 3533 4811 qui
3579 4747 3755 4794 locum
3806 4740 3933 4787 hunc

2344 4819 2498 4868 Pauli
2545 4817 2865 4870 describens
2910 4822 2964 4868 in
3008 4820 3237 4882 epistola
3280 4817 3360 4879 72,
3402 4819 3473 4868 ad
3517 4816 3857 4867 Nemesianum
3895 4812 3932 4882 et

2341 4890 2493 4948 alios,
2532 4892 2584 4939 in
2627 4891 2870 4954 Epistola
2911 4892 2972 4940 de
3005 4879 3387 4941 Eirhortatione
3423 4889 3691 4950 martyrii,
3718 4897 3825 4946 cap.
3866 4879 3928 4958 Ii,

2341 4962 2396 5010 in
2445 4961 2584 5012 libro
2635 4952 2691 5011 ιιὶ
2746 4963 3197 5023 Testimoniorum,
3243 4976 3360 5026 cap.
3419 4963 3496 5022 17,
3543 4970 3750 5022 semper
3799 4952 3930 5016 P0nil

2339 5035 2653 5083 claritatem.

2401 5107 2499 5165 (49)
2560 5107 2653 5155 Dei
2713 5106 3097 5157 deserto-res.....
3158 5106 3383 5156 rebelles.
3440 5105 3602 5164 Infra,
3662 5101 3808 5164 epist.
3863 5092 3928 5148 73,

2339 5192 2390 5241 p.
2439 5178 2521 5226 13I
2573 5192 2584 5224 :
2632 5179 2764 5227 Boni
2812 5179 2995 5228 militis
3039 5182 3111 5226 est
3159 5179 3412 5228 adversus
3463 5174 3670 5224 rebelles
3709 5176 3750 5220 et
3789 5167 3930 5241 hostes

2338 5237 2671 5312 imperatoris
2721 5250 2805 5298 sui
2853 5255 3026 5298 castra
3079 5249 3368 5311 defendere.
3422 5249 3611 5311 Itaque
3656 5243 3744 5307 qui
3793 5237 3930 5312 dese:

2338 5306 2533 5369 rebant
2576 5323 2752 5369 castra
2797 5321 2883 5369 sui
2929 5306 3273 5384 imperatoris
3315 5321 3452 5370 adeo
3495 5306 3684 5368 odiosi,
3708 5313 3847 5384 erant
3885 5306 3929 5352 et

2338 5390 2708 5452 detestabiles,
2750 5396 2811 5441 ut
2855 5393 2899 5441 si
2947 5383 3018 5440 in,
3051 5393 3364 5442 desertione
3401 5383 3926 5454 deprehenderentur,

2338 5468 2584 5512 extremo
2613 5464 2857 5526 periculo
2883 5465 3254 5527 subjacerent,
3283 5467 3344 5513 ut
3369 5464 3442 5512 ait
3469 5463 3688 5510 sanctus
3713 5456 3927 5527 Joannes

2339 5524 2770 5597 Chrysostomus
2814 5537 2868 5584 in
2912 5524 3068 5584 initio
3117 5524 3418 5585 Parienesis
3456 5547 3491 5582 ιι
3533 5530 3602 5580 ad
3644 5524 3926 5597 Theodorum

2339 5593 2562 5668 lapsum.
2608 5611 2661 5655 et
2701 5607 2745 5654 si
2792 5606 3126 5658 desertorem
3178 5621 3370 5657 servus
3397 5604 3659 5668 proderet,
3704 5593 3926 5668 libertate

2337 5659 2650 5725 donaretur.
2713 5677 2836 5738 Qua
2893 5678 2961 5728 de
3017 5692 3071 5728 re
3126 5659 3466 5728 consulenda
3523 5659 3655 5723 sunt
3702 5678 3816 5731 quin
3869 5659 3926 5706 de

2335 5747 2710 5797 desertoribus
2754 5748 2966 5800 erudite
3020 5751 3237 5814 scripsit
3291 5745 3698 5801 Godeschalcus
3742 5738 3923 5789 Stewe-

2334 5818 2496 5868 chius
2522 5819 2588 5870 ad
2625 5819 2934 5885 Vegetium.
