4160 6216
233 227 313 280 369
1623 230 1941 286 EPISTOLA
1981 231 2088 286 LX.

3424 239 3526 291 3'70

236 351 387 406 mittat
426 348 495 402 ad
537 346 793 420 gloriam.
837 349 897 405 Si
935 350 1056 405 htec
1102 352 1480 423 cogitantibus
1523 369 1587 407 ac
1631 353 1811 409 medi-
1831 366 1892 439 Α
1985 361 2116 417 tam,
2146 371 2253 410 non
2291 362 2522 422 revocat,
2566 358 2660 412 sed
2702 359 2963 428 Therapio
2999 362 3244 430 episcopo
3282 374 3346 414 ne
3388 363 3542 416 dein-

230 444 435 499 tantibus
494 441 654 495 nobis
720 444 1109 513 supervenerit
1170 446 1574 516 persecutionis
1652 447 1809 515 dies,

229 539 358 591 miles
403 535 604 590 Christi
655 537 950 607 praeceptis
1001 537 1123 607 ejus
1174 545 1229 593 et
1282 540 1512 595 monitis
1559 541 1812 595 eruditus

230 645 318 683 non
364 626 670 698 expavescit
722 627 792 682 ad
843 644 1122 699 pugnam,
1178 631 1277 685 sed
1328 636 1554 702 paratus
1607 637 1691 687 est
1743 633 1810 687 ad

228 736 482 776 coronam.
536 720 678 792 Opto
740 736 867 788 vos,
917 722 1124 779 fratres
1185 724 1535 793 charissimi,
1588 741 1815 797 semper

227 815 342 871 bene
369 812 572 869 valere.

736 911 1060 967 EPISTOLA
1100 912 1253 967 LVII.

230 1024 429 1087 {Brasm.,
460 1036 498 1087 ι,
529 1027 550 1074 1
568 1041 588 1089 ;
621 1026 832 1088 Pamel.,
861 1026 1067 1091 ὤμω,
1099 1029 1290 1091 Baluz.,
1326 1038 1462 1091 Lvn;
1491 1028 1673 1091 Paris.,
1704 1040 1815 1092 va;

755 1098 942 1160 Oxon.,
970 1098 1127 1162 Lips.,
1154 1101 1257 1161 LV.)

280 1207 337 1245 AD
372 1206 678 1247 CORNELII?!
716 1208 774 1247 ΙΝ
811 1208 1040 1262 Ειεωο,
1082 1211 1149 1249 DE
1187 1210 1309 1250 EJUS
1349 1208 1729 1250 CONFESSIONE.

224 1310 579 1363 ABGUIENTUI.
622 1339 691 1349 —
736 1310 955 1365 Laudat
1004 1310 1314 1380 Cyprianus
1360 1313 1421 1365 in
1470 1310 1716 1366 Cornelio
1763 1315 1814 1363 et

273 1394 405 1464 plebe
447 1395 565 1463 ejus
610 1399 986 1465 confessionem
1028 1401 1260 1454 nominis
1308 1399 1511 1454 Christi
1554 1400 1627 1453 ad
1668 1399 1812 1453 exsi-

276 1485 391 1536 lium
416 1498 601 1552 usque,
634 1486 994 1556 hortaturque
1021 1488 1097 1542 ad
1129 1490 1485 1543 constantiam
1518 1492 1569 1543 et
1597 1493 1815 1543 mutuas

269 1586 355 1641 pro
381 1573 604 1626 invicem
632 1576 901 1630 orationes
938 1580 1050 1629 tum
1077 1577 1143 1630 ob
1181 1578 1473 1631 instantem
1505 1578 1813 1631 certaminis

272 1659 391 1713 diem
418 1662 477 1712 in
506 1661 611 1715 hac
638 1664 776 1723 vita,
808 1667 921 1718 tum
943 1670 1068 1733 post
1102 1664 1327 1719 obitum.
1356 1666 1597 1720 Meminit
1632 1669 1814 1719 autem

1982 459 2099 514 ceps
2124 446 2184 499 id
2208 447 2385 512 faciat
2416 446 2714 501 interdicit.
2752 466 2777 496 ι)
2811 449 2856 500 Ε
2883 464 2987 517 quo
3018 450 3125 502 loco
3163 451 3297 503 satis
3330 456 3540 505 constat

1981 535 2241 603 scriptam
2284 534 2424 588 hanc
2470 534 2750 604 epistolam
2788 541 2909 604 post
2948 541 3231 606 utramque
3276 540 3545 607 synodum

1981 622 2046 676 de
2076 623 2242 692 lapsis
2269 638 2503 691 quarum
2531 637 2702 692 supra
2729 626 2921 678 mentio
2953 626 3180 693 epistola
3210 627 3297 680 54.
3338 630 3537 683 Verum

1983 728 2054 766 an
2090 715 2261 783 paulo
2302 718 2440 783 post,
2487 728 2559 766 an
2603 714 2760 779 longo
2806 720 2930 782 post
2976 722 3224 783 tempore,
3272 718 3538 772 incertum

1983 806 2089 868 est;
2114 804 2173 856 in
2196 818 2326 871 pace
2352 807 2529 856 tamen
2552 803 2811 872 scriptam
2841 807 3119 857 contextus
3144 804 3371 858 indicat.

1916 896 2064 966 (Haec
2094 895 2327 965 epistola
2364 911 2534 966 supra
2573 898 2901 950 recensetur
2935 895 3086 949 inter
3118 899 3244 950 acta
3271 898 3539 952 concilio-

1984 1001 2112 1039 rum
2134 984 2674 1055 Carthaginensium
2694 1000 2821 1055 quas
2845 983 2948 1039 sub
2970 985 3028 1040 S.
3051 984 3331 1056 Cypriane
3353 986 3542 1041 habita

1983 1075 2161 1130 fuere.
2191 1074 2327 1129 Vide
2355 1079 2574 1129 tomum
2600 1075 2973 1145 superiorem,
3004 1074 3111 1129 col.
3144 1075 3324 1146 1047.)

2420 1234 2738 1291 EPISTULA
2780 1235 2858 1289 LX
2899 1235 3032 1305 (43).

1917 1373 2148 1436 (Pamel.,
2186 1373 2393 1438 Rigalt.,
2432 1373 2622 1435 Baluz.,
2659 1383 2750 1434 LX;
2786 1372 2966 1504 ξενία,
3008 1383 3123 1434 LIX;
3156 1372 3342 1435 Oxon,
3385 1375 3543 1439 Lips.,

2660 1454 2784 1493 Lm.

2660 1454 2764 1493 LXII
2772 1478 2784 1492 .

1914 1573 1983 1611 AD
2023 1573 2298 1611 EPISCOPOS
2347 1573 2602 1624 NUHIDAS,
2646 1573 2712 1611 DE
2763 1572 3129 1611 REDEMPTIONE
3178 1574 3420 1613 FRATRI}!
3474 1576 3541 1613 EX

2352 1644 2689 1683 CAPTIVITATE
2730 1643 3107 1682 BARBARORUM.

273 1747 408 1816 hujus
455 1751 692 1819 episme
738 1730 1002 1808 Damasus
1051 1755 1112 1807 in
1162 1757 1277 1808 vita
1323 1753 1578 1817 Cornelii,
1627 1730 1888 1823 utpoteB
1912 1747 2303 1801 Aacvuanrun.
2355 1773 2424 1784 —
2470 1744 2757 1813 Deplorata
2809 1743 2907 1796 sub
2956 1744 3177 1796 initium
3228 1746 3545 1813 captivitate

269 1842 468 1906 propter
522 1854 691 1907 quam
747 1841 1026 1896 calumnia
1075 1842 1249 1908 facta,
1298 1844 1620 1898 occasionem
1669 1845 1810 1897 necis

272 1928 533 1994 nmipserit
566 1932 854 1996 tyrannus.

225 2016 505 2084 (Pontiﬁciis
534 2020 805 2091 Epistolis
844 2021 964 2076 haec
1009 2022 1277 2094 Cypriani
1315 2024 1520 2078 merito
1552 2023 1813 2095 adjungi-

566 2112 681 2163 tur.
710 2108 850 2163 Vide
880 2113 1021 2165 tom.
1056 2112 1100 2179 l,
1130 2111 1241 2165 col.
1270 2111 1421 2182 856.)

721 2251 1047 2308 EPISTOLA
1086 2254 1266 2308 LVIII.

225 2361 417 2423 (Erasm,
442 2374 517 2425 m,
540 2368 564 2413 1
587 2379 605 2428 ;
626 2366 848 2426 Pamel.,
867 2366 1077 2430 Rigalt,
1104 2368 1292 2431 Belum,
1319 2380 1473 2430 Lvm;
1495 2368 1637 2418 Paris
1664 2406 1677 2432 ,
1700 2380 1808 2430 LVI;

404 2435 694 2498 Constant.,
724 2437 887 2500 Epist.
921 2439 1068 2487 Rom.
1100 2441 1273 2501 Pont.,
1303 2451 1339 2501 ι,
1369 2455 1420 2504 p.
1450 2443 1582 2503 207.)

273 2544 327 2582 AD
358 2544 545 2584 LIICIUM
582 2548 758 2587 PAPAM
794 2548 1057 2589 ROMANUH
1095 2550 1374 2591 REVERSUH
1409 2551 1477 2590 AB
1509 2551 1737 2591 EXSILIO.

223 2646 570 2702 succursurum.
626 2677 695 2687 —-
745 2649 1073 2705 Gratulatur
1118 2651 1284 2704 Lucio
1338 2650 1647 2721 Cyprianus
1695 2666 1814 2705 cum

273 2734 457 2801 collegis
491 2734 688 2808 359
720 2737 786 2791 de
819 2738 999 2793 reditu
1025 2740 1095 2793 ab
1130 2740 1338 2802 exsilio,
1368 2741 1553 2796 docens
1582 2742 1814 2795 dilatam

275 2826 516 2891 martyrio
562 2826 799 2894 gloriam
847 2842 952 2880 non
989 2830 1249 2882 minuere.
1291 2829 1515 2895 Deinde,
1562 2830 1813 2884 indicans

275 2910 509 2967 divinitus
555 2916 842 2984 contigisse
891 2904 1126 2971 Cornelii
1178 2920 1499 2987 martyrium
1555 2925 1606 2973 et
1662 2920 1816 2973 Lucii

275 3001 517 3069 exsilium,
571 3004 650 3057 ad
702 3005 1113 3071 confundendos
1164 3007 1519 3069 Novatianos,
1566 3008 1814 3077 pradicit

1979 1835 2245 1900 fratrum,
2300 1833 2608 1902 Cyprianus
2663 1831 2770 1886 sibi
2817 1847 2915 1901 per
2964 1834 3233 1900 episcopos
3278 1833 3543 1889 Numidas

1983 1923 2235 1975 nuntiata
2258 1962 2274 1984 ,
2324 1923 2532 1975 mittere
2592 1935 2648 1974 se
2708 1920 2840 1974 dicit
2905 1922 3272 1974 sestertiorum
3337 1926 3545 1975 centum

1980 2011 2178 2071 millia,
2228 2012 2481 2080 ascriptis
2528 2009 2831 2064 nominibus
2877 2009 3217 2077 singulorum
3266 2015 3381 2065 tum
3420 2014 3539 2078 fra-

1985 2107 2128 2154 trum
2180 2104 2231 2155 et
2284 2115 2559 2161 sororum,
2615 2104 2726 2152 tum
2776 2098 3136 2166 collegarum,
3189 2102 3287 2168 qui
3331 2101 3546 2169 aliquid

1981 2189 2407 2243 contribuerunt.
2456 2188 2755 2243 Verisimile
2802 2192 2877 2240 est
2927 2191 3107 2240 autem
3154 2188 3361 2252 factam
3410 2188 3546 2244 hanc

1982 2280 2354 2347 captivitatem
2392 2277 2460 2330 ab
2496 2276 2608 2330 illis
2646 2276 2923 2339 Barbaris,
2960 2280 3149 2328 contra
3187 2291 3316 2343 quos
3354 2279 3545 2332 Decius

1982 2370 2039 2420 in
2080 2367 2274 2420 bellum
2310 2366 2615 2434 profectus,
2655 2363 2970 2429 interfectus
3012 2368 3109 2418 est.
3151 2365 3323 2418 Primi
3363 2371 3546 2420 autem

1983 2455 2271 2510 ediderunt
2298 2452 2438 2507 hanc
2462 2452 2740 2522 epistolam
2772 2453 3053 2505 Manutius
3083 2457 3135 2506 et
3165 2453 3460 2507 Morellius.

1982 2613 2025 2666 Ι.
2054 2610 2365 2682 Cyprianus
2397 2607 2689 2675 Januario,
2721 2607 2980 2674 Maximo,
3021 2608 3279 2674 Proculo,
3312 2609 3537 2679 Victori,

1911 2704 2188 2770 Modiano,
2218 2701 2573 2768 Nemesiano,
2609 2701 2889 2771 Nampulo
2931 2704 2989 2754 et
3026 2702 3308 2755 Honorato
3348 2702 3543 2757 fratri-

1912 2799 2016 2852 bus
2044 2795 2237 2869 360
2272 2796 2537 2850 salutem.
2565 2795 2706 2848 Cum
2743 2794 2999 2848 maximo
3027 2793 3201 2847 animi
3231 2796 3410 2849 nostri
3442 2813 3541 2866 ge-

1914 2891 2057 2945 mitu
2096 2895 2154 2944 et
2190 2906 2306 2943 non
2337 2889 2458 2943 sine
2494 2887 2763 2958 lacrymis
2790 2886 3032 2959 legimus
3067 2887 3283 2942 litteras
3313 2892 3541 2957 vestras,

1910 2985 2116 3039 fratres
2167 2982 2507 3049 charissimi,
2565 2998 2703 3052 quas
2755 2982 2826 3035 ad
2878 2996 3012 3049 nos,
3065 2997 3168 3051 pro
3227 2980 3545 3039 dilectionis

278 3089 347 3143 iu,-
375 3092 577 3146 ίηεεαηδ
613 3096 965 3161 martyrium,
997 3096 1077 3148 ita
1117 3096 1222 3149 Deo
1256 3074 1584 3159 ordinante"
1605 3103 1667 3150 ut
1705 3112 1812 3151 ηοη
1833 3088 1887 3162 C
1914 3082 2110 3132 vestras
2141 3075 2537 3140 sollicitudine,
2568 3074 2637 3127 de
2664 3074 2903 3127 fratrum
2942 3079 3265 3127 nostrorum
3298 3077 3353 3128 et
3382 3091 3540 3129 soro-

277 3179 409 3242 feris,
448 3181 538 3234 sed
580 3182 739 3249 apud
781 3197 905 3237 suos
942 3189 1402 3237 consummaretur
1447 3183 1559 3253 ejus
1600 3190 1807 3254 marty-

278 3282 410 3320 num.

413 3362 566 3431 (Vide
597 3366 826 3418 tomum
852 3364 1226 3436 superiorem,
1256 3366 1363 3420 col.
1397 3366 1575 3436 t003.)

751 3479 1082 3536 EPISTOLA
1122 3481 1248 3536 LIX.

227 3589 419 3653 {Erasm.,
443 3604 520 3653 ιιι,
542 3597 569 3642 8
590 3608 610 3655 ;
632 3594 845 3656 Pamel.,
867 3595 1071 3659 Rigalt.,
1100 3596 1287 3654 Belum,
1314 3607 1433 3659 LIx;
1459 3596 1639 3658 Paris.,
1660 3608 1783 3648 Lvni
1794 3613 1811 3659 ;

271 3660 392 3794 me?
419 3702 431 3725 ,
479 3666 639 3730 Lips.,
683 3678 836 3729 LXIV;
874 3667 1080 3731 Ιὶοιιιιι.⁷
1120 3669 1246 3717 Bell.
1287 3682 1411 3731 scr.,
1446 3680 1523 3731 in,
1564 3683 1616 3732 p.
1660 3673 1716 3719 7t
1761 3673 1814 3720 et

421 3839 486 3877 AD
525 3839 713 3892 PIDCI,
752 3840 819 3879 DE
857 3840 1173 3881 INFANTIBUS
1210 3842 1573 3882 BAPTIZANDIS.

228 3939 548 4001 Ancussmu
602 3945 766 4014 hujus
818 3948 1051 4016 epistola:
1092 3950 1424 4017 pracipuum
1475 3950 1667 4017 paucis
1719 3950 1807 4002 in-

279 4030 401 4085 dicat
452 4037 516 4089 D.
574 4038 944 4105 Augustinus,
1000 4038 1229 4106 epistola
1288 4041 1359 4092 28
1420 4038 1496 4092 ad
1541 4040 1808 4107 Hierony-

283 4136 402 4176 mum
442 4142 458 4177 :
507 4146 535 4172 «ι
575 4126 782 4180 Beatus
825 4124 1145 4195 Cyprianus,
1192 4129 1391 4197 inquit,
1440 4143 1549 4182 non
1592 4129 1812 4198 aliquod

279 4209 513 4267 decretum
556 4214 793 4268 condens
839 4229 1051 4282 novum,
1097 4216 1189 4269 sed
1236 4217 1481 4271 Ecclesiae
1524 4217 1681 4285 ﬁdem
1724 4220 1813 4286 ﬁr-

282 4301 542 4356 missimam
581 4317 823 4364 servans,
866 4303 938 4357 ad
976 4304 1353 4372 corrigendum
1390 4319 1474 4359 eos
1513 4307 1611 4374 qui
1636 4312 1809 4374 puta-

283 4386 390 4441 bant
448 4397 572 4446 ante
639 4396 887 4446 octavum
958 4392 1099 4447 diem
1164 4395 1475 4448 nativitatis
1538 4409 1644 4448 non
1708 4409 1812 4449 esse

1912 3187 2041 3225 rum
2079 3169 2407 3239 captivitate
2447 3167 2558 3238 (44)
2592 3166 2823 3221 fecistis.
2859 3166 2991 3230 Quis
3022 3166 3174 3221 enim
3204 3182 3322 3222 non
3353 3168 3546 3223 doleat

1909 3264 1968 3318 in
2023 3261 2303 3333 ejusmodi
2366 3260 2617 3327 casibus,
2676 3264 2773 3314 aut
2839 3259 2964 3331 quis
3027 3260 3283 3315 dolorem
3348 3261 3542 3315 fratris

1910 3356 1996 3411 sui
2037 3371 2203 3410 suum
2249 3354 2547 3425 proprium
2594 3369 2707 3407 non
2750 3356 3059 3424 computet,
3104 3369 3235 3407 cum
3276 3353 3547 3424 loquatur

1912 3449 2201 3520 apostolus
2242 3447 2446 3503 Paulus
2488 3450 2546 3499 et
2589 3445 2741 3499 dicat
2784 3462 2797 3499 :
2838 3445 2900 3500 Si
2930 3448 3150 3515 patitur
3186 3461 3353 3499 unum
3390 3462 3548 3501 mem-

1911 3543 2085 3603 brum,
2119 3542 2520 3610 compatiuntur
2560 3543 2612 3592 et
2645 3542 2865 3603 caetera;
2907 3539 2955 3593 si
2996 3538 3212 3592 laetatur
3250 3540 3548 3593 membrum

1911 3652 2082 3690 unum
2139 3634 2481 3689 collatantur
2528 3638 2579 3686 et
2632 3637 2823 3686 caetera
2878 3632 3113 3685 membra
3166 3631 3205 3700 (Ι
3256 3634 3397 3695 Cor.,
3449 3648 3546 3701 xu,

1909 3730 2018 3799 26).
2064 3729 2131 3782 Et
2180 3727 2288 3781 alio
2334 3727 2457 3781 loco
2504 3742 2517 3779 :
2561 3726 2688 3793 Quis
2734 3726 3064 3792 inﬁrmatur,
3105 3724 3311 3795 inquit,
3353 3731 3402 3780 et
3442 3741 3549 3779 non

1910 3837 2002 3891 ego
2043 3824 2288 3891 inﬁrmor
2327 3819 2391 3888 (ll
2434 3821 2580 3881 Cor.,
2611 3835 2668 3884 ιι,
2702 3818 2829 3887 29)?
2869 3818 3053 3881 Quare
3095 3833 3245 3871 nunc
3285 3823 3343 3871 et
3384 3817 3548 3872 nobis

1913 3912 2204 3985 captivitas
2263 3912 2504 3966 fratrum
2559 3913 2750 3965 nostra
2813 3909 3101 3981 captivitas
3163 3911 3546 3980 computanda

1912 4014 2015 4074 est,
2054 4012 2109 4060 et
2145 4004 2587 4076 periclitantium
2628 4004 2789 4057 dolor
2816 4019 2921 4073 pro
2960 4009 3153 4057 nostro
3197 4002 3393 4057 dolore
3435 4020 3545 4058 nu-

1911 4098 2222 4154 merandus
2262 4101 2367 4164 est,
2406 4113 2537 4151 cum
2582 4096 2654 4151 sit
2692 4096 2904 4150 scilicet
2937 4096 3298 4150 adunationis
3336 4100 3547 4152 nostra:

1912 4210 2118 4264 corpus
2160 4208 2357 4260 unum,
2397 4197 2452 4245 et
2496 4207 2608 4244 non
2650 4193 2875 4244 tantum
2909 4189 3156 4259 dilectio,
3190 4188 3289 4243 sed
3329 4192 3386 4244 et
3415 4189 3545 4243 reli-

1912 4287 2006 4357 gio
2044 4286 2314 4356 instigare
2361 4301 2465 4339 nos
2507 4284 2705 4339 debeat
2745 4289 2801 4338 et
2841 4284 3167 4338 confortare
3206 4282 3277 4337 ad
3307 4283 3550 4339 fratrum

1914 4380 2175 4434 membra
2210 4378 2566 4433 redimenda.

277 4480 539 4545 parvulum
571 4480 988 4551 baptizandum,
1018 4497 1143 4535 mox
1177 4488 1369 4536 natum
1405 4447 1508 4538 rite
1542 4447 1890 4554 baptizgﬁD
1987 4475 2048 4528 ll.
2103 4474 2267 4541 Nam,
2320 4488 2448 4527 cum
2498 4472 2682 4525 denuo
2733 4470 3021 4541 apostolus
3075 4470 3284 4524 Paulus
3334 4470 3481 4524 dicat
3533 4485 3546 4523 :

282 4581 425 4633 posse,
477 4585 592 4623 cum
643 4572 759 4624 suis
812 4570 1133 4638 quibusdam
1188 4574 1528 4642 coepiscOpis,
1582 4576 1809 4627 censuit.

286 4653 439 4709 Obiter
459 4663 637 4713 tamen
659 4659 762 4712 sub
785 4660 1118 4729 principium
1139 4675 1326 4730 pacem
1354 4661 1557 4715 Victori
1576 4662 1810 4729 cuidam,

284 4750 500 4811 quamvis
536 4753 732 4802 contra
772 4747 985 4803 decreta
1021 4750 1347 4817 synodorum
1394 4751 1459 4805 de
1501 4752 1666 4821 lapsis
1711 4752 1809 4807 da-

1911 4558 2327 4635 Nescitisuquia
2383 4566 2639 4633 templum
2692 4566 2787 4618 Dei
2840 4565 2998 4625 estis,
3057 4570 3107 4617 et
3164 4565 3405 4633 Spiritus
3459 4562 3554 4616 Dei

1913 4661 2127 4714 habitat
2154 4662 2212 4713 in
2238 4659 2384 4712 vobis
2410 4658 2449 4726 (Ι
2480 4657 2626 4717 Cor.,
2657 4672 2735 4721 ιιι,
2771 4656 2893 4721 16)?
2920 4655 3145 4709 etiamsi
3172 4656 3420 4709 charitas
3447 4669 3550 4707 nos

1915 4753 2105 4807 minus
2147 4751 2405 4822 adigeret
2435 4749 2504 4803 ad
2543 4765 2707 4819 opem
2751 4747 3020 4803 fratribus
3057 4747 3375 4817 ferendam,
3409 4762 3546 4801 con-

1487 4933 1710 5016 Steph.
1770 4934 2016 5000 Baluzii
2058 4941 2253 4999 nota.

279 5116 358 5179 (Β)
416 5122 574 5187 Angli
620 5122 779 5173 aiunt
834 5122 981 5173 hanc
1040 5124 1330 5217 epistolam
1380 5125 1659 5176 rarissime
1720 5126 2117 5217 oc-Dmensi,
2165 5130 2283 5175 tum
2330 5126 2496 5175 etiam
2530 5138 2607 5217 ξι
2648 5137 2715 5175 eo
2757 5123 2908 5217 quod
2951 5124 3006 5217 ip
3040 5121 3273 5217 epistola
3320 5122 3553 5217 72,pag.

279 5200 410 5217 Imm
466 5194 515 5217 ἔτι
576 5194 816 5217 καιοῖι-εεῖιι
890 5206 1083 5217 η-Λκσιοι
1112 5195 1185 5217 ιιι-ζ
1232 5208 1298 5217 -.Α
1371 5199 1418 5217 ΛΔ
1482 5208 1538 5217 ..Α
1597 5197 1812 5217 ..--ιι--...
1924 5198 2013 5217 ιαο
2085 5197 2239 5217 2-13---
2273 5196 2478 5217 ...ιιι-ειεΑ
2573 5196 2647 5217 ιιι-,ξ
2698 5197 2749 5217 ...ἓ
2796 5198 2918 5217 ΑΙ...-
3014 5195 3057 5217 ζη
3101 5207 3195 5217 ..Λ-
3239 5193 3282 5217 ζη-
3317 5209 3329 5217 .
3364 5210 3387 5217 ,Α
3472 5207 3553 5217 Λου-

236 5194 518 5265 cunerem
574 5194 819 5257 antiquis
887 5194 1300 5258 exemplaribus
1369 5199 1422 5245 et
1481 5208 1541 5246 se
1597 5197 1819 5247 nullum

237 5257 393 5311 vidisse
428 5264 480 5312 in
511 5277 621 5328 quo
665 5278 730 5315 ea
777 5257 1121 5328 reperiretur.
1160 5267 1277 5330 Ego
1320 5280 1498 5316 unum
1538 5266 1711 5317 habui
1750 5280 1821 5318 ex

238 5335 519 5386 monasterio
578 5336 755 5387 sancti
814 5337 1070 5402 Dionysii
1134 5337 1440 5388 Remensis.
1496 5337 1778 5389 Caeterum
1806 5377 1818 5400 ,

240 5410 505 5466 quamquam
550 5407 706 5457 nulla
752 5409 1138 5472 episcoporum
1179 5408 1475 5469 Numidiae,
1514 5423 1701 5474 neque
1741 5423 1823 5460 re-

240 5480 331 5544 rum
372 5474 769 5528 Numidicarum
821 5480 1033 5529 mentio
1083 5483 1263 5531 exstet
1312 5481 1369 5529 in
1419 5480 1527 5531 hac
1570 5482 1820 5544 epistola,

242 5542 383 5592 tamen
436 5550 690 5613 scriptam
754 5563 875 5601 esse
935 5550 1004 5600 ad
1067 5552 1358 5615 epi800pos
1408 5542 1708 5611 Numidas,
1760 5555 1824 5601 ut

244 5616 357 5688 tecte
390 5620 594 5669 censuit
632 5624 828 5671 auctor
869 5622 1172 5672 Annalium
1216 5622 1696 5687 Cyprianicorum,
1733 5636 1821 5672 sa-

246 5684 298 5757 tis
337 5692 525 5739 constat
572 5705 639 5741 ex
681 5692 1045 5756 inscriptione
1091 5706 1218 5757 quae
1263 5684 1441 5744 sistat
1481 5695 1537 5743 in
1582 5692 1823 5744 editione

248 5748 531 5820 Mannum,
582 5762 675 5815 ubi
714 5748 958 5831 primum
1002 5748 1223 5830 prodiit,
1263 5768 1319 5816 et
1364 5765 1422 5818 in
1466 5764 1659 5817 codice
1710 5764 1824 5817 Re-

1922 5198 2034 5257 128,
2085 5197 2242 5246 istius
2273 5196 2482 5247 mentio
2528 5195 2651 5245 ﬁeri
2698 5193 2918 5245 videtur
2973 5194 3059 5243 bis
3101 5192 3285 5243 verbis
3317 5209 3329 5242 :
3359 5210 3388 5239 «
3421 5194 3560 5245 Item

1920 5269 1978 5317 in
2007 5268 2205 5318 litteris
2244 5280 2384 5331 quas
2428 5267 2658 5331 collegas
2698 5265 2874 5315 nostri
2918 5265 2983 5314 ad
3023 5266 3312 5329 episcopos
3350 5265 3407 5313 in
3446 5266 3558 5315 Nu-

1920 5339 2091 5389 midia
2131 5338 2492 5402 praesidentes
2539 5339 2665 5387 ante
2696 5337 2965 5386 fecerunt.
2995 5353 3024 5383 »
3068 5335 3292 5386 Eisdem
3334 5346 3561 5398 quoque

1920 5410 2186 5472 inscripta
2212 5412 2296 5458 est
2329 5408 2560 5473 epistola
2601 5408 2680 5457 72.
2724 5406 2998 5470 Scriptum
3038 5419 3159 5456 esse
3198 5405 3563 5455 nihilominus

1922 5480 1993 5530 ad
2039 5480 2330 5543 episcopos
2384 5479 2733 5530 Mauritaniae
2778 5478 3000 5541 putavit
3049 5476 3364 5526 Hadrianus
3407 5474 3565 5525 Sara—
3662 5522 3667 5528 ,

1922 5552 2098 5601 viain
2147 5552 2326 5615 capite
2374 5553 2427 5603 11
2482 5553 2749 5602 tractatus
2794 5549 2857 5599 de
2906 5550 3116 5601 Honore
3162 5544 3475 5612 praesulibus
3517 5548 3566 5592 et

1920 5621 2241 5688 presbyteris
2266 5622 2451 5675 debito.
2656 5693 2663 5694 ί
2952 5692 2962 5694 _
3096 5691 3115 5694 ᾼ
3240 5689 3248 5694 _
3336 5686 3345 5694 _

1988 5684 2095 5759 (“5
2166 5695 2495 5758 Captivitatc.
2565 5693 2705 5746 Vide
2774 5692 3021 5749 Annales
3084 5686 3439 5754 Cyprianicos
3509 5684 3581 5732 ad

1926 5778 2139 5817 annum
2160 5766 2273 5818 253.
