4160 6216
534 286 628 338 371
1465 283 1520 338 S.
1564 285 1875 341 CYPRIANI
1915 286 2173 341 OPERUM

2272 284 2396 342 ARS
2439 286 2478 338 Ι.
2513 313 2580 323 —
2612 285 2968 340 EPISTOLIE.
3762 299 3856 355 372

535 409 896 462 siderandum
952 412 1141 462 tamen
1193 408 1298 463 hoc
1354 409 1411 462 in
1457 410 1578 463 loco
1635 409 1741 463 fuit
1794 410 1890 464 Dei
1946 409 2161 476 templa
2183 409 2483 494 Aclausus
2515 414 2571 464 et
2599 409 2816 463 vinctus
2846 408 3000 479 apud
3037 407 3315 463 Barbaros
3348 409 3523 482 jacui,
3561 416 3614 468 et
3651 415 3715 470 de
3743 435 3851 473 car.

536 519 658 556 csse
687 519 812 572 qua:
840 507 1006 572 capta
1035 506 1187 571 sunt,
1225 519 1327 555 nec
1356 502 1471 573 pati
1507 519 1608 558 nos
1641 505 1813 573 longa
1851 503 2159 556 cessatione

538 601 595 648 et
623 597 876 665 neglecto
906 595 1097 650 dolore
1128 596 1331 650 debere
1364 599 1425 649 ut
1453 596 1548 650 diu
1582 597 1678 649 Dei
1707 597 1915 666 templa
1943 597 2167 668 captiva

537 689 673 757 sint,
729 689 829 742 sed
886 689 1093 759 quibus
1145 705 1446 760 possumus
1503 689 1714 744 viribus
1769 690 2060 744 elaborare
2111 695 2168 746 et

538 783 803 837 velociter
844 798 1038 854 gerere
1079 787 1140 836 ut
1169 783 1453 839 Christum
1490 783 1744 852 judicem
1780 789 1835 838 et
1863 784 2167 838 Dominum

539 882 596 932 et
633 877 813 930 Deum
858 880 1114 930 nostrum
1156 893 1589 947 promereamur
1629 876 1911 947 obsequiis
1941 877 2164 931 nostris.

538 973 699 1037 Nam,
756 986 884 1024 cum
951 969 1100 1024 dicat
1160 970 1362 1024 Paulus
1424 971 1730 1040 apostolus,
1785 973 2055 1039 Quotquot
2106 973 2167 1024 in

540 1064 750 1122 Christo
776 1065 1040 1133 baptizati
1067 1067 1208 1125 estis,
1239 1064 1510 1118 Christum
1545 1065 1804 1117 induistis
1831 1063 2059 1133 (Galat.,
2088 1079 2165 1130 Ill,

538 1159 656 1227 27),
714 1158 771 1210 in
835 1157 1065 1228 captivis
1118 1157 1386 1211 fratribus
1440 1157 1645 1210 nostris
1699 1158 2169 1227 contemplandus

540 1257 622 1305 est
656 1251 930 1317 Christus,
961 1255 1017 1303 et
1043 1250 1411 1304 redimendus
1443 1251 1510 1303 de
1540 1250 1791 1320 periculo
1825 1250 2170 1320 captivitatis

540 1345 638 1416 qui
667 1361 768 1398 nos
798 1343 1040 1398 redemit
1077 1343 1145 1398 de
1183 1344 1433 1414 periculo
1472 1344 1696 1413 mortis;
1730 1347 1790 1398 ut
1828 1343 1927 1415 qui
1965 1360 2065 1397 nos
2097 1343 2168 1397 de

544 1437 748 1493 diaboli
805 1436 1057 1491 faucibus
1109 1437 1285 1503 exuit,
1338 1453 1488 1490 nunc
1545 1437 1664 1508 ipse
1713 1437 1810 1507 qui
1865 1439 2062 1491 manet
2113 1441 2171 1490 et

541 1532 758 1587 habitat
797 1530 856 1584 in
890 1530 1069 1597 nobis,
1109 1530 1176 1583 de
1217 1530 1589 1584 Barbarorum
1629 1531 1890 1584 manibus
1933 1536 2170 1585 eruatur

542 1630 598 1680 et
637 1623 953 1679 redimatur
994 1624 1321 1677 nummaria
1359 1624 1672 1694 quantitate
1716 1625 1812 1695 qui
1859 1641 1962 1678 nos
2004 1640 2169 1678 cruce

541 1717 789 1773 redemit
811 1721 869 1770 et
895 1715 1200 1786 sanguine;
1229 1717 1326 1788 qui
1367 1717 1578 1771 idcirco
1617 1717 1736 1771 hazc
1775 1718 1896 1770 fieri
1933 1717 2168 1771 interim

541 1811 758 1883 patitur
784 1815 846 1864 ut
873 1809 1010 1863 ﬁdes
1046 1814 1235 1863 nostra
1255 1787 1521 1864 tentetur
1553 1827 1624 1864 an
1662 1812 1826 1865 faciat
1861 1811 2167 1881 unusquis-
2192 1787 2248 1857 Β

547 1921 656 1976 que
703 1920 804 1974 pro
855 1903 1029 1957 altero
1075 1902 1229 1973 quod
1273 1920 1376 1973 pro
1422 1920 1479 1958 se
1522 1904 1644 1957 ﬁeri
1687 1904 1879 1971 vellet,
1928 1904 1971 1957 si
2021 1905 2170 1975 apud

547 1997 821 2053 Barbaros
860 2001 1149 2051 teneretur
1189 1996 1310 2066 ipse
1353 1997 1628 2067 captivus.
1672 1997 1806 2061 Quis
1846 1997 2017 2063 enim,
2059 2014 2171 2051 non

546 2091 916 2147 humanitatis
947 2106 1167 2145 memor
1207 2094 1263 2143 et
1306 2094 1519 2144 mutum
1559 2091 1876 2144 dilectionis
1910 2090 2169 2144 admoni-

546 2190 656 2251 tus,
700 2185 745 2238 si
789 2187 954 2256 pater
999 2189 1101 2252 est,
1145 2183 1260 2237 illic
1307 2199 1424 2237 esse
1465 2199 1614 2237 nunc
1657 2184 1802 2238 ﬁlios
1847 2200 1976 2237 suos
2016 2199 2170 2237 com-

547 2283 723 2349 putet,
761 2277 805 2331 si
848 2278 1086 2331 maritus
1126 2282 1228 2343 est,
1271 2293 1509 2330 uxorem
1545 2293 1701 2330 suam
1744 2277 1855 2330 illic
1892 2277 2173 2348 captivam

545 2372 724 2426 teneri
766 2387 896 2425 cum
943 2371 1137 2424 dolore
1182 2370 1394 2441 pariter
1441 2387 1504 2424 ac
1546 2371 1760 2440 pudore
1806 2371 1915 2439 (45)
1960 2370 2169 2424 vinculi

545 2464 815 2520 maritalis
842 2465 1164 2519 existimet?
1188 2467 1438 2528 Quantus
1463 2481 1596 2518 vero
1628 2465 1950 2518 communis
1983 2466 2169 2518 omni-

543 2560 649 2614 bus
704 2559 866 2613 nobis
926 2575 1138 2612 mmror
1196 2562 1365 2628 atque
1430 2558 1706 2612 cruciatus
1759 2562 1841 2611 est
1895 2558 1964 2612 de
2021 2559 2168 2628 peri-

547 2655 674 2707 culo
712 2653 997 2723 virginum
1036 2669 1161 2723 qua:
1201 2653 1313 2705 illic
1344 2653 1638 2706 tenentur!
1673 2669 1776 2722 pro
1819 2651 2025 2722 quibus
2054 2669 2171 2706 non

547 2750 767 2801 tantum
795 2746 1090 2814 libertatis,
1119 2747 1215 2800 sed
1246 2752 1305 2801 et
1334 2746 1565 2816 pudoris
1595 2747 1823 2816 jactura
1850 2746 2172 2816 plangenda

549 2844 652 2908 est,
684 2857 787 2895 nec
815 2846 932 2894 tam
964 2840 1187 2894 vincula
1213 2839 1588 2893 Barbarorum
1617 2855 1786 2910 quam
1816 2840 2090 2893 lenonum
2119 2843 2174 2894 et

545 2934 903 3004 lupanarium
926 2937 1118 3004 stupra
1139 2933 1400 2990 deﬂenda
1422 2940 1574 2998 sunt,
1593 2949 1663 2987 ne
1681 2933 1936 2986 membra
1952 2932 2173 2989 Christo

544 3027 732 3083 dicata
772 3031 829 3082 et
867 3027 924 3081 in
973 3030 1253 3082 aeternum
1303 3027 1670 3081 continentiae
1717 3027 1932 3080 honore
1978 3024 2161 3098 361

542 3121 752 3192 pudica
777 3120 984 3175 virtute
1024 3122 1221 3175 devota
1261 3120 1656 3174 insultantium
1686 3119 1918 3175 libidine
1955 3125 2010 3174 et
2039 3135 2169 3174 con-
2193 3148 2248 3220 Ο

541 3215 776 3287 tagione
804 3215 1102 3270 foedentur.

617 3392 705 3446 Ill.
747 3390 885 3454 Quae
925 3388 1119 3444 omnia
1157 3388 1299 3455 istic,
1339 3389 1646 3442 secundum
1692 3388 1906 3443 litteras
1936 3393 2168 3457 vestras,

542 3484 863 3539 fraternitas
902 3487 1094 3537 nostra
1129 3482 1381 3552 cogitans
1421 3486 1476 3536 et
1519 3483 1778 3536 dolenter
1814 3480 2168 3550 examinans,

542 3583 805 3649 prompte
859 3593 1056 3631 omnes
1112 3579 1169 3630 et
1220 3575 1464 3630 libenter
1517 3592 1579 3629 ac
1629 3574 1864 3645 largiter
1923 3575 2173 3629 subsidia

542 3672 866 3726 nummaria
916 3670 1180 3724 fratribus
1229 3669 1611 3734 contulerunt,
1659 3684 1882 3737 semper
1937 3668 2173 3738 quidem

543 3765 849 3819 secundum
880 3763 1012 3818 fidei
1042 3779 1158 3816 suae
1184 3762 1512 3816 firmitatem
1556 3761 1627 3814 ad
1671 3777 1813 3831 opus
1849 3760 1944 3814 Dei
1981 3761 2170 3832 proni,

542 3874 694 3912 nunc
737 3862 931 3911 tamen
977 3856 1158 3925 magis
1203 3855 1274 3910 ad
1314 3870 1480 3925 opera
1525 3853 1790 3909 salutaria
1826 3854 2173 3924 contempla-

539 3952 696 4006 tione
727 3952 870 4006 tanti
910 3950 1120 4004 doloris
1155 3948 1397 4003 accensi.
1443 3949 1604 4013 Nam,
1639 3964 1768 4002 cum
1806 3947 2082 4001 Dominus
2114 3947 2171 4000 in

542 4045 846 4116 Evangelio
891 4060 989 4098 suo
1026 4043 1196 4109 dicat,
1224 4045 1476 4110 Inﬁrmus
1517 4044 1628 4110 fui,
1671 4049 1720 4095 et
1763 4043 2025 4095 visitastis
2067 4055 2168 4103 me,

542 4141 753 4210 quanto
803 4154 954 4192 nunc
1007 4152 1234 4207 quoque
1288 4151 1417 4188 cum
1474 4135 1692 4205 majore
1745 4134 1932 4205 operis
1994 4132 2173 4187 nostri

544 4233 807 4287 mercede
854 4232 1103 4286 dicturus
1143 4235 1227 4284 est
1272 4246 1284 4282 :
1329 4229 1590 4298 Cuptivus
1633 4231 1739 4294 fui,
1786 4235 1836 4283 et
1878 4228 2174 4283 redemistis

540 4343 621 4381 me
649 4328 886 4396 (Μαιιὴυ
921 4341 1044 4392 xxv,
1084 4325 1192 4392 36).
1237 4325 1302 4376 Et
1341 4339 1472 4377 cum
1517 4323 1700 4376 denuo
1739 4321 1886 4376 dicat
1915 4337 1927 4375 :
1955 4322 2021 4375 In
2053 4335 2171 4375 car-

544 4435 658 4474 cere
697 4422 804 4486 fui,
851 4425 901 4474 et
943 4421 1160 4473 venistis
1207 4419 1280 4472 ad
1326 4433 1427 4478 me,
1477 4420 1692 4488 quanto
1737 4416 1863 4485 plus
1911 4416 1998 4468 est
2039 4429 2170 4468 cum

543 4513 776 4584 coeperit
823 4512 1011 4567 dicere
1059 4529 1073 4566 :
1122 4533 1149 4561 ‹‹
1205 4513 1267 4566 ln
1315 4527 1541 4566 carcere
1585 4508 1926 4581 captivitatis
1970 4507 2071 4576 fui,
2119 4509 2174 4561 et

2267 519 2391 558 cere
2420 503 2515 556 illo
2553 502 2832 557 servitutis
2868 502 3148 557 liberastis
3183 519 3294 571 me,
3330 524 3357 552 »
3389 520 3515 558 cum
3534 505 3723 575 judicii
3751 511 3857 568 dies

2266 596 2486 651 venerit
2527 597 2830 668 praemium
2877 597 2946 651 de
2993 596 3236 650 Domino
3279 598 3592 668 recepturi?
3625 602 3856 677 Denique

2265 691 2549 745 maximas
2596 690 2752 744 vobis
2808 690 3017 761 gratias
3063 690 3284 761 agimus
3337 690 3486 761 quod
3535 709 3634 747 nos
3681 703 3859 754 vestra:

2268 784 2657 839 sollicitudinis
2695 788 2751 840 et
2784 789 2901 839 tam
2943 785 3109 838 bonae
3147 800 3211 838 ac
3241 785 3569 840 necessariae
3603 792 3856 858 operatio:

2267 880 2352 934 nis
2402 878 2704 950 participes
2768 893 2887 932 esse
2938 877 3220 944 voluistis,
3276 881 3340 931 ut
3395 877 3664 934 offerretis
3713 884 3860 939 nobis

2267 989 2434 1044 agros
2460 973 2683 1040 uberes,
2719 971 2776 1024 in
2809 971 3016 1041 quibus
3051 971 3170 1041 spei
3205 973 3412 1025 nostra:
3449 973 3661 1027 semina
3689 975 3858 1031 mitte-

2269 1083 2485 1135 remus,
2516 1065 2892 1136 exspectaturi
2927 1080 3171 1118 messem
3207 1064 3274 1118 de
3311 1065 3662 1134 amplissimis
3688 1068 3859 1124 fructi-

2268 1159 2372 1212 bus
2427 1159 2524 1229 qui
2588 1159 2656 1212 de
2720 1159 2827 1212 hac
2883 1157 3094 1211 caelesti
3143 1161 3201 1211 et
3265 1157 3498 1211 salutari
3562 1163 3860 1229 Operatione

2269 1252 2630 1323 proveniunt.
2678 1252 2927 1306 Misimus
2971 1255 3162 1306 autem
3208 1251 3465 1306 sestertia
3510 1253 3615 1322 (46)
3659 1259 3863 1310 centum

2271 1347 2447 1400 millia
2503 1362 2894 1415 nummorum,
2947 1361 3074 1416 quas
3123 1346 3245 1400 istic
3295 1345 3352 1398 in
3407 1345 3634 1399 ecclesia
3681 1348 3759 1401 cui
3802 1349 3862 1403 de

2269 1440 2490 1495 Domini
2526 1439 2880 1510 indulgentia
2908 1455 3244 1509 praesumus,
3273 1437 3408 1492 cleri
3449 1441 3506 1491 et
3533 1438 3703 1509 plebis
3732 1442 3864 1510 apud

2271 1550 2374 1587 nos
2413 1532 2772 1588 consistentis
2809 1531 3110 1587 collatione
3153 1531 3388 1586 collecta
3431 1534 3582 1600 sunt,
3627 1548 3746 1604 qua:
3783 1549 3864 1588 vos

2271 1627 2385 1682 illic
2414 1643 2519 1698 pro
2549 1630 2733 1681 vestra
2761 1626 3055 1696 diligentia
3081 1624 3494 1695 dispensabitis.

2343 1722 2429 1774 IV.
2463 1721 2530 1774 Et
2558 1725 2824 1791 optamus
2855 1718 3092 1790 quidem
3120 1717 3261 1773 nihil
3291 1719 3403 1772 tale
3441 1717 3512 1771 de
3542 1722 3733 1772 caetero
3757 1717 3868 1773 fieri

2273 1819 2328 1868 et
2365 1815 2569 1868 fratres
2609 1818 2850 1881 nostros,
2883 1812 3108 1867 Domini
3149 1811 3446 1883 majestate
3487 1813 3774 1882 protectos,
3806 1811 3865 1866 ab

2274 1906 2558 1976 ejusmodi
2597 1906 2868 1977 periculis
2906 1905 3222 1960 incolumes
3259 1904 3555 1959 reservari.
3588 1903 3640 1958 Si
3677 1908 3868 1970 tamen,

2273 2001 2341 2054 ad
2371 2001 2778 2070 explorandam
2816 1999 2996 2054 nostri
3025 1999 3201 2053 animi
3233 1997 3576 2052 charitatem
3600 2000 3654 2052 et
3678 1997 3869 2051 exami-

2272 2093 2521 2148 nandam
2561 2093 2739 2146 nostri
2775 2092 3020 2163 pectoris
3054 2091 3245 2162 ﬁdem,
3277 2092 3387 2145 tale
3429 2090 3640 2162 aliquid
3675 2089 3871 2146 accide-

2274 2187 2365 2255 rit,
2423 2187 2599 2240 nolite
2662 2186 2918 2240 cunctari
2973 2185 3238 2240 nuntiare
3297 2185 3422 2240 haec
3484 2183 3638 2238 nobis
3697 2183 3873 2238 litteris

2273 2280 2491 2346 vestris,
2523 2295 2626 2350 pro
2670 2282 2822 2333 certo
2860 2278 3134 2333 habentes
3165 2279 3272 2350 (47)
3304 2277 3608 2332 Ecclesiam
3647 2280 3875 2330 nostram

2274 2379 2329 2428 et
2367 2373 2782 2427 fraternitatem
2823 2373 2946 2426 istic
2978 2371 3300 2426 universam
3328 2387 3402 2424 ne
3435 2372 3557 2425 haec
3589 2371 3728 2423 ultra
3750 2368 3874 2421 ﬁant

2273 2467 2534 2537 precibus
2571 2482 2760 2532 orare;
2802 2466 2846 2519 si
2887 2466 3034 2520 facta
3075 2463 3268 2537 362
3307 2463 3542 2532 fuerint,
3569 2462 3796 2518 libenter
3827 2464 3875 2515 et

2271 2561 2510 2632 largiter
2538 2559 2782 2614 subsidia
2812 2562 3103 2630 praestare.
3137 2561 3206 2613 Ut
3231 2562 3423 2613 autem
3451 2559 3654 2613 fratres
3678 2559 3874 2610 nostros

2272 2672 2334 2708 ac
2391 2670 2644 2722 sorores,
2702 2653 2797 2724 qui
2850 2653 2920 2707 ad
2973 2652 3079 2706 hoc
3137 2669 3278 2723 opus
3333 2655 3458 2706 tam
3517 2651 3875 2706 necessarium

2274 2749 2535 2818 prompte
2578 2763 2643 2800 ac
2679 2747 2922 2801 libenter
2960 2746 3178 2816 operati
3225 2750 3376 2815 sunt,
3410 2751 3476 2800 ut
3514 2759 3729 2815 semper
3765 2759 3876 2814 ope-

2273 2837 2580 2908 rentur,'in
2618 2845 2809 2895 mente
2847 2839 3103 2894 habeatis
3133 2839 3190 2893 in
3223 2839 3576 2894 orationibus
3601 2837 3804 2906 vestris,
3830 2839 3878 2890 et

2275 2936 2354 2989 eis
2405 2934 2582 2990 vicem
2638 2932 2771 2988 boni
2833 2933 3019 3004 operis
3067 2933 3128 2986 in
3183 2933 3468 2988 sacrificiis
3529 2936 3584 2987 et
3643 2929 3876 3002 precibus

2274 3027 2716 3099 repraesentetis,
2759 3026 2982 3081 subdidi
3025 3025 3256 3081 nomina
3300 3027 3671 3098 singulorum,
3707 3024 3796 3078 sed
3831 3025 3880 3077 et

2275 3123 2626 3192 collegarum
2673 3137 2900 3193 quoque
2950 3124 3007 3175 et
3045 3121 3517 3176 consacerdotum
3557 3124 3875 3183 nostrorum,

2274 3216 2372 3285 qui
2412 3218 2469 3269 et
2507 3215 2634 3286 ipsi,
2674 3231 2804 3268 cum
2847 3219 3154 3286 praesentes
3181 3219 3388 3282 essent,
3420 3217 3477 3269 et
3507 3230 3608 3269 suo
3637 3215 3690 3268 et
3717 3209 3878 3283 plebis

2273 3325 2389 3363 suae
2418 3308 2653 3363 nomine
2684 3309 2950 3379 quaedam
2986 3325 3089 3380 pro
3129 3309 3342 3363 viribus
3383 3307 3756 3372 contulerunt,
3787 3320 3876 3358 no-

2274 3401 2426 3456 mina
2457 3401 2678 3470 addidi;
2709 3406 2766 3456 et
2801 3406 3008 3472 praeter
3038 3401 3425 3472 quantitatem
3454 3399 3742 3473 propriam
3768 3412 3876 3450 nos-

2274 3501 2443 3565 tram,
2475 3511 2672 3550 eorum
2712 3511 2936 3566 quoque
2978 3495 3285 3549 summulas
3327 3493 3640 3565 signiﬁcavi
3669 3494 3722 3546 et
3749 3488 3877 3556 misi,

2273 3605 2517 3660 quorum
2549 3588 2808 3643 omnium
2848 3589 3163 3643 secundum
3199 3589 3353 3660 quod
3390 3588 3533 3643 ﬁdes
3569 3589 3626 3641 et
3660 3585 3880 3641 Charitas

2275 3682 2468 3753 exigit,
2497 3683 2558 3736 in
2588 3677 2938 3736 orationibus
2965 3688 3020 3737 et
3053 3682 3316 3752 precibus
3342 3683 3544 3736 vestris
3581 3679 3878 3735 meminisse

2274 3776 2510 3831 debetis.
2557 3777 2826 3846 Optamus
2875 3792 2993 3843 vos,
3039 3776 3242 3830 fratres
3292 3774 3630 3844 cbarissimi,
3677 3783 3880 3841 semper

2275 3869 2418 3924 bene
2448 3869 2632 3924 valere
2663 3875 2720 3924 et
2747 3869 2927 3924 nostri
2959 3868 3308 3924 meminisse.

2771 4008 3091 4064 EPISTOLA
3133 4009 3236 4063 LXI
3281 4008 3416 4079 (48).

2275 4119 2508 4178 (Erasm.,
2539 4130 2576 4181 Ι,
2606 4121 2695 4181 1ο;
2733 4118 2947 4173 Pamel.,
2979 4119 3188 4182 Rigalt.,
3225 4119 3417 4180 Baluz.,
3448 4129 3568 4181 LXI;
3601 4115 3772 4175 Paris,
3800 4123 3880 4172 LX;

2847 4189 3037 4252 Oxon.,
3063 4191 3224 4253 Lips.,
3251 4192 3325 4251 ιι.)

2622 4313 2690 4351 AD
2733 4313 3092 4366 EUCHRATIL'M,
3135 4315 3201 4352 DE
3244 4314 3552 4353 HISTRIONE.

2274 4415 2675 4469 Aacunemru.
2733 4444 2800 4453 —
2851 4416 3211 4481 Histrionem,
3263 4419 3310 4470 si
3367 4419 3425 4470 in
3481 4415 3630 4484 turpi
3676 4409 3882 4477 artiﬁcio

2342 4506 2618 4574 persistat,
2652 4507 3042 4559 communicare
3080 4505 3325 4573 prohibet
3364 4507 3422 4558 in
3460 4503 3694 4559 ecclesia.
3726 4501 3883 4565 Neque

1833 4625 2058 4707 Steph.
2106 4623 2351 4687 Baluzii
2394 4629 2588 4686 notae.

600 4761 694 4821 (45)
743 4757 962 4808 Pudore.
993 4757 1181 4808 Codex
1226 4756 1534 4817 Remensis,
1563 4767 1626 4805 ac
1669 4753 1870 4803 vinculi
1906 4751 2172 4802 maritalis
2192 4764 2249 4834 D
2273 4750 2341 4799 Et
2367 4749 2543 4801 Satira
2572 4754 2768 4813 quarta
2797 4763 2809 4797 :

538 4845 738 4880 amore.

599 4903 693 4962 (46)
729 4902 995 4951 Sestertio.
1029 4900 1220 4950 Secuti
1267 4911 1461 4949 sumus
1499 4897 1591 4947 hic
1632 4895 1933 4946 editionem
1974 4895 2178 4945 Manu-

537 4974 617 5033 tii,
659 4973 888 5022 Pamelii
935 4975 992 5021 et
1033 4971 1276 5034 Rigaltii.
1318 4969 1480 5032 Angli
1526 4971 1828 5032 posuerunt
1863 4968 2175 5028 sestertium,

539 5043 636 5092 sed
680 5043 891 5106 absque
932 5042 1102 5091 ullius
1138 5043 1342 5090 vetusti
1385 5040 1593 5091 codicis
1633 5039 1935 5100 mentione,
1962 5041 2176 5086 tantum

540 5114 669 5177 quia
731 5114 1002 5177 Rigaltius
1045 5116 1338 5161 monuerat
1390 5113 1464 5160 ita
1511 5109 1866 5160 scribendum
1928 5121 2067 5165 esse,
2123 5112 2178 5157 et

543 5187 767 5247 prOpter
822 5185 1132 5246 analogiam
1176 5181 1476 5242 sermonis,
1527 5195 1654 5230 cum
1705 5181 1910 5230 scirent
1964 5184 2177 5230 veteres

541 5259 798 5303 auctores
848 5255 1055 5316 lingua
1098 5255 1307 5304 Latinae
1351 5253 1592 5303 scribere
1633 5254 1927 5303 sestertium
1969 5251 2026 5299 in
2069 5265 2176 5300 nu-

542 5339 696 5375 mero
727 5325 943 5388 plurali.
977 5325 1140 5386 Quod
1181 5329 1364 5375 tamen
1406 5337 1517 5374 non
1563 5337 1683 5374 esse
1724 5337 1942 5386 semper
1984 5335 2176 5372 verum

540 5397 777 5460 probant
821 5397 940 5446 haec
981 5397 1149 5446 verba
1195 5397 1488 5460 Sosipatris
1530 5394 1764 5445 Charisii
1798 5410 1808 5442 :
1841 5412 1869 5439 «
1913 5395 2024 5444 Nec
2066 5397 2177 5443 sta-

539 5469 636 5518 tim
674 5469 886 5518 centies
915 5481 1207 5517 nummum
1251 5468 1434 5518 dicere
1478 5480 1792 5531 possumus,
1821 5466 1918 5515 sed
1967 5465 2176 5515 centies

538 5540 854 5589 sestertium
905 5554 915 5586 :
973 5551 1078 5589 nec
1130 5544 1315 5589 tamen
1372 5538 1773 5602 quinquaginta
1841 5538 2174 5597 sestertium,

538 5609 634 5659 sed
701 5610 1105 5674 quinquaginta
1170 5611 1422 5660 sestertia
1477 5609 1733 5660 dicimus.
1792 5625 1819 5654 »
1887 5607 2175 5657 Juvenalis

537 5680 717 5730 Satira
741 5681 917 5744 prima
943 5697 954 5729 :

752 5774 1050 5898 Siniglexne
1079 5776 1222 5826 furor
1258 5777 1494 5826 sestertia
1525 5778 1734 5826 centum

757 5849 856 5898 Per
896 5859 1003 5898 ere.

757 5849 1003 5899 Perdere.

2491 4897 2551 4905 —
2582 4870 2796 4919 Mullum
2822 4882 2912 4916 sex
2943 4867 3173 4916 millibus
3203 4869 3331 4916 emit

2493 4941 2804 5004 Equantem
2827 4954 2949 4988 sane
2975 4939 3186 5002 paribus
3209 4938 3442 4988 sestertia
3471 4938 3631 4988 libris.

2277 5057 2415 5108 Vide
2458 5057 2710 5107 Lambini
2751 5057 3119 5106 Adnotationes
3159 5057 3214 5105 in
3268 5056 3584 5107 Orationem
3627 5049 3888 5104 Ciceronis

2276 5144 2373 5193 pro
2423 5129 2552 5180 Sex.
2595 5129 2796 5179 Roscio
2847 5129 3127 5189 Amerino,
3169 5133 3224 5178 et
3267 5129 3540 5178 Joannem
3595 5127 3887 5176 Tristanum

2276 5215 2307 5250 a
2348 5205 2540 5251 sancto
2587 5201 2845 5249 Amantio
2894 5205 2928 5248 t.
2980 5200 3026 5248 II
3076 5198 3612 5248 Commentariorum
3663 5205 3889 5254 suorum,

2275 5287 2328 5336 p.
2389 5272 2501 5321 576.
2559 5271 2700 5322 Vide
2760 5272 2924 5322 etiam
2987 5271 3328 5332 Baronium,
3401 5282 3550 5320 anno
3601 5268 3726 5328 234,
3795 5263 3887 5313 sub

2275 5344 2462 5394 ﬁnem.

2339 5417 2436 5476 (47)
2475 5415 2576 5464 Pro
2616 5419 2753 5464 certo
2798 5413 3056 5464 habentes.
3099 5413 3290 5465 Codex
3337 5412 3627 5464 Remensis
3673 5409 3812 5460 addit
3850 5411 3889 5455 et

2272 5487 2506 5538 scientes.

2338 5559 2432 5620 (48)
2464 5557 2624 5607 Hanc
2662 5557 2949 5622 epistolam
2995 5557 3183 5608 inveni
3223 5559 3278 5606 in
3315 5570 3460 5607 XXIII
3505 5550 3887 5619 exemplaribus

2274 5630 2535 5693 antiquis.
2582 5628 2721 5680 Sunt
2783 5643 2912 5678 vero
2959 5629 3231 5678 nonnulla
3287 5641 3353 5678 ex
3414 5629 3483 5677 iis
3533 5640 3658 5690 qum
3704 5633 3886 5673 nomen

2275 5700 2563 5750 Euchratii
2609 5701 2757 5750 varie
2797 5702 3058 5750 referunt.
3088 5699 3296 5749 Verum
3335 5701 3447 5749 fere
3491 5699 3674 5748 omnia
3701 5694 3889 5745 habent

2275 5772 2356 5820 uti
2400 5785 2502 5821 nos
2549 5771 2845 5822 edidimus.
2895 5771 3233 5822 Euchratius
3279 5770 3574 5834 episcopus
3621 5782 3650 5818 a
3698 5763 3885 5816 Thenis

2273 5843 2522 5898 interfuit
2607 5842 2844 5897 concilio
2924 5840 3524 5913 Carthaginensi__suh
3610 5838 3885 5905 Cyprianoo
