4160 6216
271 187 362 240 373

1692 190 2013 244 EI’ISTOLA
2054 191 2184 244 LXI.

3508 188 3614 242 375:

330 326 449 363 vero
491 312 745 364 accusari
788 310 976 365 debere
1023 312 1165 380 quod
1210 313 1320 381 ipse
1366 311 1739 367 histrionicum
1782 330 1891 367 non
1914 317 2049 397 Aet
2089 313 2188 383 qui
2230 329 2330 383 pro
2369 328 2427 366 se
2471 329 2580 365 uno
2621 314 2812 382 plures
2850 313 3228 366 succedaneos
3270 310 3380 381 (55)
3422 327 3624 383 sugge-

332 405 591 463 επεν-σείει,
641 400 890 468 quandiu
940 401 1095 453 illam
1147 401 1283 454 alios
1330 402 1508 467 docet;
1553 408 1653 454 aut
1704 402 1767 455 ob
1815 405 1894 455 rei

327 488 630 553 familiaris
675 490 949 558 inopiam,
1005 503 1125 542 cum
1179 491 1411 544 ecclesiae
1457 491 1759 559 sumptibus
1810 492 1895 544 illi

332 577 599 630 alimenta
635 580 890 644 prastari
922 580 1161 646 possint;
1199 584 1361 646 atque
1399 579 1551 641 adeo,
1588 581 1639 632 si
1669 579 1895 633 ecclesiae

328 666 617 721 Euchratii
649 665 788 719 bona
825 682 934 720 non
963 669 1263 736 sufﬁciant,
1293 667 1679 737 Carthaginem
1715 675 1891 723 monet

326 762 390 810 ut
413 757 622 809 veniat.

328 872 368 924 Ι.
402 871 718 942 Cyprianus
757 871 1052 926 Euchratio
1085 872 1250 927 fratri
1283 873 1545 928 salutem.
1576 875 1679 927 Pro
1718 874 1889 929 dilec-

258 965 413 1019 tione
453 965 566 1036 (49)
610 967 810 1019 mutua
852 970 907 1019 et
939 967 1283 1021 verecundia
1322 972 1438 1035 tua,
1482 968 1891 1022 consulendum

260 1074 354 1113 me
413 1058 771 1127 existimasti,
821 1059 995 1115 frater
1045 1060 1392 1129 charissime,
1438 1061 1575 1132 quid
1622 1062 1765 1115 mihi
1805 1062 1889 1115 vi-

263 1153 466 1206 deatur
513 1152 585 1206 de
632 1152 910 1207 histrione
955 1153 1064 1223 (50)
1114 1154 1383 1225 quodam,
1428 1155 1545 1226 qui,
1595 1156 1747 1226 apud
1792 1172 1892 1210 vos

262 1247 621 1314 constitutus,
659 1247 717 1301 in
759 1247 1012 1317 ejusdem
1052 1248 1236 1302 adhuc
1276 1248 1411 1302 artis
1452 1265 1568 1303 sua:
1609 1248 1891 1303 dedecore

261 1345 605 1410 perseverat,
659 1344 716 1394 et
768 1340 1041 1411 magister
1090 1345 1148 1395 et
1201 1342 1392 1395 doctor
1438 1342 1548 1411 (51)
1599 1359 1710 1396 non
1761 1358 1892 1397 eru-

264 1433 629 1500 diendorum,
662 1434 758 1488 sed
798 1434 1226 1505 perdendorum
1268 1451 1599 1505 puerorum,
1640 1436 1696 1490 id
1740 1437 1893 1507 quod

269 1527 416 1581 male
456 1526 658 1580 didicit
698 1529 915 1581 caeteris
959 1544 1186 1599 quoque
1227 1528 1492 1597 insinuat,
1530 1544 1603 1583 an
1642 1530 1767 1583 talis
1804 1530 1896 1585 de-

266 1619 399 1672 beat
435 1621 853 1675 communicare
891 1620 1205 1675 nobiscum.
1242 1621 1405 1684 Quod
1450 1626 1587 1690 puto
1631 1638 1736 1691 ego
1780 1622 1892 1693 (52)

1995 407 2085 471 rit,
2136 412 2329 460 contra
2380 405 2788 460 institutionem
2841 406 2961 471 Dei,
3010 406 3272 460 erudiens
3320 411 3375 458 et
3419 406 3626 459 docens

1993 499 2479 570 quemadmodum
2526 498 2806 552 masculus
2852 499 3213 569 frangatur18
3254 500 3311 552 in
3349 499 3625 551 feminam

1994 598 2049 647 et
2101 610 2266 647 sexus
2325 599 2446 646 arte
2502 595 2752 646 mutetur
2804 592 2933 661 (56),
2984 599 3040 645 et
3093 592 3316 645 diabolo
3372 592 3623 646 divinum

1993 688 2213 758 plasma
2239 685 2541 741 maculanti
2573 702 2673 755 per
2710 685 2959 754 corrupti
2996 691 3165 756 atque
3207 686 3458 739 enervati
3496 703 3620 739 cor-

1992 781 2145 851 poris
2184 780 2387 834 delicta
2432 780 2732 848 placentur.
2771 778 2931 842 Quod
2972 777 3016 830 si
3058 778 3353 847 penuriam
3396 778 3522 831 talis
3568 782 3627 832 et

1991 873 2385 928 necessitatem
2448 872 2798 943 paupertatis
2865 870 3150 936 obtendit,
3208 876 3421 940 potest,
3476 871 3623 925 inter

1993 971 2224 1021 caeteros
2267 966 2363 1037 qui
2407 966 2695 1020 alimentis
2738 964 2992 1018 ecclesiae
3036 963 3406 1029 sustinentur,
3450 964 3621 1032 hujus

1993 1077 2219 1133 quoque
2272 1061 2573 1115 necessitas
2623 1058 2914 1129 adjuvari,
2971 1058 3015 1111 si
3076 1061 3265 1111 tamen
3324 1060 3621 1111 contentus

1995 1155 2066 1209 sit
2129 1154 2530 1225 frugalioribus
2592 1152 2689 1206 sed
2753 1150 3224 1205 innocentibus”
3291 1149 3450 1204 cibis.
3513 1151 3623 1204 Nec

1994 1251 2155 1319 putet
2211 1246 2416 1301 salario
2465 1263 2524 1300 se
2573 1262 2693 1300 esse
2743 1245 3145 1299 redimendum
3199 1249 3259 1297 ut
3303 1260 3336 1297 a
3381 1244 3622 1314 peccatis

1993 1346 2190 1409 cesset,
2239 1340 2464 1411 quando
2512 1341 2617 1393 hoc
2666 1356 2780 1393 non
2840 1338 3019 1405 nobis,
3066 1338 3163 1391 sed
3216 1337 3317 1391 sibi
3366 1340 3622 1407 praestet.

1994 1436 2300 1503 Caeterum,
2331 1438 2607 1504 quantum
2636 1431 2833 1486 velit“
2865 1431 2997 1485 inde
3031 1432 3248 1501 quaerat
3281 1428 3413 1499 (5’7),
3442 1429 3622 1499 qualis

1995 1532 2243 1598 quaestus
2282 1530 2365 1580 est
2405 1526 2502 1596 qui
2537 1526 2605 1579 de
2645 1524 2904 1580 convivio
2954 1523 3237 1577 Abraham
3279 1526 3338 1577 et
3378 1524 3526 1576 Isaac
3566 1525 3622 1577 et

1995 1620 2166 1676 Jacob
2219 1619 2483 1673 homines
2534 1618 2699 1689 rapit,
2752 1623 2826 1685 et,
2879 1617 3029 1671 male
3082 1632 3145 1669 ac
3198 1615 3512 1686 perniciose
3562 1615 3622 1667 in

267 1728 373 1766 nec
426 1713 712 1784 majestati
772 1713 974 1767 divinas
1023 1730 1126 1767 nec
1188 1714 1529 1784 evangelica:
1589 1696 2201 1786 disciplineeBsseculo
2229 1712 2530 1782 saginatos,
2560 1712 2631 1766 ad
2667 1717 2895 1765 asternse
2938 1710 3104 1764 famis
3149 1726 3212 1762 ac
3252 1709 3370 1762 sitis
3411 1708 3621 1778 suppli-

269 1822 610 1876 congruere,
646 1810 712 1860 ut
753 1807 936 1878 pudor
978 1809 1034 1861 et
1076 1808 1262 1861 honor
1292 1807 1551 1863 Ecclesiae
1588 1812 1707 1862 tam
1741 1809 1895 1879 turpi

268 1904 323 1952 et.
366 1898 562 1971 363
604 1900 803 1953 infami
834 1899 1170 1970 contagione
1195 1900 1452 1954 fcedetur.
1488 1902 1646 1968 Nam,
1678 1918 1807 1955 cum
1838 1902 1896 1956 in

268 1992 417 2063 Lege
446 1995 493 2027 ¹⁶
555 1992 961 2063 prohibeantur
1018 1994 1191 2048 viri”
1258 1994 1494 2048 induere
1557 1996 1897 2049 muliebrem

266 2096 486 2140 vestem
532 2090 590 2139 et
629 2086 913 2141 maledicti
962 2087 1243 2155 ejusmodi
1282 2087 1632 2158 judicentur,
1682 2091 1896 2159 quanto

268 2180 502 2248 majoris
544 2182 629 2233 est
675 2179 947 2249 criminis,
985 2196 1101 2234 non
1140 2185 1357 2234 tantum
1399 2180 1696 2235 muliebria
1736 2181 1900 2235 indu-

267 2276 468 2327 menta
506 2273 780 2344 accipere,
825 2272 922 2326 sed
965 2276 1023 2327 et
1064 2279 1253 2344 gestus
1287 2290 1513 2345 quoque
1556 2280 1751 2345 turpes
1789 2275 1899 2345 (53)

266 2372 323 2420 et
364 2366 567 2421 molles
604 2372 661 2420 et
703 2366 1003 2422 muliebres
1052 2367 1376 2438 magisterio
1418 2368 1716 2439 impudicae
1762 2368 1900 2423 artis

267 2462 373 2529 (54)
404 2460 770 2531 exprimere?

341 2557 406 2609 ll.
463 2556 571 2609 Nec
620 2558 844 2609 excuset
890 2571 947 2608 se
999 2555 1303 2626 quisquam
1343 2555 1385 2608 si
1432 2571 1466 2609 a
1508 2555 1731 2609 theatro
1780 2556 1900 2625 ipse

266 2649 600 2716 cessaverit,
653 2665 779 2703 cum
836 2652 1028 2703 tamen
1076 2649 1180 2702 hoc
1229 2652 1462 2702 caeteros
1512 2648 1728 2703 doceat.
1780 2649 1900 2702 Non

266 2747 459 2814 potest
498 2741 656 2796 enim
696 2741 876 2796 videri
920 2757 1163 2797 cessasse
1204 2743 1302 2813 qui
1338 2742 1572 2797 vicarios
1612 2741 1899 2796 substituit

1998 1806 2080 1860 cia
2121 1805 2381 1859 deducit!
2413 1807 2479 1858 Et
2520 1805 2666 1871 ideo,
2700 1809 2980 1875 quantum
3020 1807 3199 1874 potes,
3235 1802 3303 1856 ab
3346 1802 3447 1855 hac
3489 1817 3623 1854 eum

1998 1900 2274 1969 pravitate
2302 1901 2359 1952 et
2384 1898 2661 1952 dedecore
2690 1898 2758 1952 ad
2791 1898 2941 1951 viam
2977 1895 3319 1950 innocentia:
3349 1897 3521 1965 atque
3553 1894 3623 1947 ad

1998 2009 2156 2063 spem
2210 1992 2338 2046 vitae
2390 1995 2613 2045 aeternae
2662 1992 2770 2060 (58)
2821 2006 3037 2058 revoca,
3088 1993 3149 2043 ut
3197 1989 3273 2042 sic
3323 1990 3625 2042 contentus

1999 2085 2244 2140 ecclesiae
2274 2085 2613 2156 sumptibus,
2644 2084 2995 2154 parcioribus
3038 2082 3289 2153 quidem,
3326 2081 3425 2135 sed
3471 2081 3621 2133 salu-

1999 2179 2233 2232 taribus.
2267 2178 2429 2243 Quod
2469 2178 2511 2231 si
2552 2178 2665 2231 illic
2706 2177 2940 2231 ecclesia
2974 2192 3087 2230 non
3120 2175 3326 2236 sufficit
3365 2178 3427 2227 ut
3465 2173 3619 2226 labo-

1997 2272 2251 2327 rantibus
2278 2276 2507 2342 praestet
2536 2270 2827 2335 alimenta,
2858 2270 3065 2340 poterit
3102 2285 3159 2322 se
3197 2268 3263 2321 ad
3299 2284 3399 2321 nos
3430 2270 3617 2320 trans-

2000 2366 2172 2432 ferre,
2200 2368 2255 2418 et
2280 2365 2369 2417 hic
2399 2364 2550 2434 quod
2572 2364 2616 2398 ²¹
2654 2363 2759 2417 sibi
2791 2364 2860 2417 ad
2890 2362 3098 2416 victum
3129 2360 3320 2433 364
3352 2367 3523 2429 atque
3552 2360 3626 2413 ad

2000 2459 2263 2513 vestitum
2317 2457 2699 2512 necessarium
2752 2457 2921 2510 fuerit
2974 2456 3257 2526 accipere,
3315 2468 3421 2507 nec
3487 2452 3628 2507 alios

2002 2558 2163 2607 extra
2196 2552 2486 2606 ecclesiam
2518 2551 2778 2604 mortalia
2809 2550 3032 2616 docere,
3064 2549 3163 2602 sed
3202 2548 3322 2618 ipse
3364 2545 3628 2599 salutaria

2002 2647 2060 2699 in
2101 2645 2332 2699 ecclesia
2360 2644 2598 2699 discere.
2632 2644 2776 2715 Opto
2813 2648 2887 2711 te,
2926 2644 3102 2696 frater
3132 2639 3468 2702 .charissime
3495 2639 3625 2707 (59),

2002 2756 2229 2810 semper
2255 2739 2402 2793 bene
2432 2739 2638 2792 valere.

1651 2890 1863 2954 Varia
1919 2888 2256 2953 lectiones.

332 3045 370 3078 ³⁸
396 3045 548 3108 Lege
573 3044 674 3096 Dei
714 3046 854 3094 Lam.
895 3043 1048 3092 Ebor.
1098 3045 1221 3094 Bod.
1262 3045 1308 3095 2.
1385 3044 1422 3077 ‘7
1464 3044 1829 3095 Prohibeatur
1870 3044 1953 3093 vir
2000 3045 2136 3092 Lam.
2182 3042 2308 3093 Bod.
2356 3042 2403 3091 9..

2481 3041 2517 3071 ’⁸
2561 3040 2825 3104 Fingatur
2867 3039 2973 3087 ΜΒ.
3049 3036 3085 3078 '9
3118 3034 3529 3104 Frugalioribus
3580 3038 3635 3084 et

270 3102 671 3166 innocentibus
700 3115 840 3166 cibis
865 3115 971 3165 ΝΟ.
998 3118 1044 3177 1,
1074 3114 1121 3165 2.
1149 3116 1290 3165 Lana
1322 3115 1477 3165 Ebor.
1504 3116 1615 3166 Lin.
1684 3117 1725 3147 ¹⁰
1752 3116 2033 3177 Quantum
2060 3114 2179 3164 vult
2207 3115 2347 3162 Lam.
2378 3109 2528 3161 Ebor.
2556 3102 2735 3160 NCfl.
2762 3106 2889 3159 Bod.
2922 3107 2971 3157 2.
3041 3109 3080 3138 ²¹
3105 3106 3176 3156 Et
3204 3106 3261 3154 id
3302 3102 3451 3169 quod
3489 3105 3631 3154 Lam.

274 3186 432 3234 Ebur.
468 3186 593 3235 Bod.
620 3186 667 3235 2.

1575 3248 1797 3331 Steph.
1846 3247 2092 3312 Baluzii
2137 3252 2332 3310 notae.

273 3402 489 3451 Thenis
511 3403 716 3485 'autem
759 3398 877 3485 velL
891 3397 1223 3485 Thjenarum‘
1252 3397 1631 3485 colo'nia‘erat
1655 3399 1748 3477 .in_
1780 3411 1905 3460 pro-
1928 3411 1982 3485 ρ

274 3473 466 3522 vincia
510 3471 800 3534 Byzacena
848 3468 999 3517 haud
1033 3466 1227 3530 procul
1266 3466 1335 3516 ab
1367 3467 1556 3530 Usula,
1587 3467 1669 3516 uti
1698 3468 1907 3517 dictum

274 3549 358 3596 est
383 3544 525 3593 alias
552 3555 581 3591 a
609 3540 790 3591 nobis.

330 3616 438 3676 (49)
495 3615 599 3662 Pro
648 3610 933 3661 dilectione.
989 3609 1181 3659 Codex
1244 3609 1601 3660 Carnotensis
1661 3610 1908 3673 itemque

272 3686 579 3738 Beccensis
604 3688 659 3734 et
678 3683 843 3732 editio
874 3681 1109 3731 Morellii
1137 3682 1437 3744 prmferunt
1467 3696 1478 3730 :
1510 3685 1614 3732 Pro
1637 3680 1913 3731 dilectione

275 3766 367 3809 tua
404 3764 451 3807 et
474 3756 793 3806 verecundia
819 3758 1016 3802 mutua.

334 3833 441 3895 (se)
468 3831 746 3881 Histrione.
770 3827 984 3890 Qumrit
1014 3825 1345 3875 Plutarchus
1364 3833 1374 3847 '
1393 3828 1448 3875 in
1480 3826 1621 3876 libro
1653 3827 1716 3875 de
1740 3827 1911 3887 Quas-

277 3903 512 3953 tiom'bus
557 3900 803 3951 Romanis
833 3911 934 3947 cur
980 3897 1190 3947 scenici
1236 3898 1475 3949 artiﬁces
1512 3898 1730 3948 Baccho
1769 3897 1911 3948 sacri

276 3976 577 4025 histriones
611 3973 881 4021 dicantur.

337 4047 440 4108 (51)
497 4044 752 4106 Magister
800 4045 846 4089 et
898 4038 1079 4089 doctor
1136 4054 1153 4087 :
1210 4039 1266 4089 id
1323 4044 1408 4091 est
1462 4040 1652 4091 doctor
1706 4040 1910 4089 artium

277 4116 648 4175 ludicrarum,
701 4118 763 4163 ut
813 4112 868 4161 in
924 4117 1065 4166 libro
1122 4128 1222 4165 xxv
1272 4112 1523 4175 loquitur
1581 4112 1911 4161 Ammianus

278 4187 655 4237 Marcellinus.
733 4186 1049 4237 Lactantius
1126 4188 1182 4236 in
1267 4184 1505 4245 Epitome
1593 4182 1911 4231 Divinarum

276 4259 701 4317 Institutionum,
748 4272 794 4307 c.
836 4259 943 4308 63:
985 4276 1013 4307 «
1062 4255 1381 4308 Histrionici
1429 4254 1591 4303 etiam
1642 4252 1910 4317 impudici

278 4338 489 4395 gestus,
522 4329 727 4393 quibus
762 4330 996 4379 infames
1032 4330 1265 4380 feminas
1311 4326 1612 4383 imitantur,
1649 4324 1911 4374 libidines

280 4417 421 4467 quas
480 4401 735 4450 saltando
793 4402 1109 4464 exprimunt
1165 4400 1383 4449 docent.
1445 4414 1469 4442 ι>
1533 4396 1674 4445 Vide
1743 4396 1910 4444 etiam

278 4474 375 4522 lib.
434 4486 515 4531 vr,
570 4486 689 4536 cap.
756 4472 836 4521 20.
900 4472 1143 4531 Tacitus,
1206 4472 1263 4519 in
1318 4468 1413 4518 lib.
1479 4481 1497 4516 Ι
1551 4467 1835 4516 Annalium
1895 4481 1911 4514 .·

281 4562 308 4587 ‹‹
364 4545 500 4594 Erat
543 4544 599 4592 in
653 4544 850 4592 castris
902 4542 1239 4592 Percennius
1301 4538 1545 4602 quidam,
1608 4537 1721 4585 dux
1778 4537 1910 4587 olim

282 4615 639 4665 theatralium
671 4627 982 4676 operarum,
1009 4614 1136 4663 dein
1168 4611 1451 4677 gregarius
1487 4608 1666 4669 miles,
1706 4621 1910 4670 procax

283 4686 492 4749 lingua,
521 4690 575 4735 et
607 4686 840 4735 miscere
871 4689 1047 4734 coetus
1078 4681 1385 4732 histrionali
1413 4679 1598 4729 studio
1639 4678 1853 4729 doctus.
1883 4696 1910 4723 »

281 4759 432 4810 Idem
474 4759 535 4806 in
586 4757 726 4807 libro
755 4769 792 4805 ιι
836 4757 1194 4805 Historiarum
1233 4753 1425 4803 scribit
1449 4751 1709 4801 habuisse
1744 4750 1909 4799 Vitel-

282 4831 420 4879 lium
496 4827 643 4891 apud
715 4840 774 4876 se
838 4840 1104 4883 scurras,
1166 4825 1459 4874 histriones
1527 4827 1582 4872 et
1650 4821 1909 4883 aurigas,

284 4920 309 4945 ς
368 4900 578 4964 quibus
635 4897 729 4947 ille
785 4898 1153 4947 amicitiarum
1217 4892 1722 4945 dehonestamentis
1776 4892 1913 4941 mire

285 4970 581 5036 gaudebat.
612 4988 638 5013 ne

344 5043 443 5104 (52)
507 5040 655 5102 Quod
711 5044 835 5103 puto
883 5052 990 5102 ego.
1051 5038 1246 5089 Nescio
1300 5051 1410 5101 qua
1470 5036 1683 5085 ratione
1729 5038 1912 5084 motus

285 5113 561 5162 Pamelius
586 5124 655 5160 ex
686 5111 852 5160 unico
877 5110 1070 5160 codice
1101 5109 1332 5160 Cauchii
1356 5109 1591 5157 mutavit
1615 5106 1911 5157 lectionem

284 5185 635 5249 superiorum
675 5182 1009 5243 editionum,
1050 5196 1176 5247 qum
1216 5185 1296 5231 est
1338 5180 1459 5230 huic
1504 5183 1708 5229 nostra.
1732 5178 1911 5249 illlam

286 5248 433 5305 enim
460 5255 726 5306 exhibent
753 5256 937 5304 omnia
958 5259 1140 5305 vetera
1162 5252 1513 5314 exemplaria.
1540 5251 1611 5300 Et
1627 5248 1915 5313 probabile

288 5334 367 5377 est
420 5330 493 5377 ita
540 5328 749 5377 factum
803 5340 923 5376 esse
968 5328 1023 5377 in
1068 5325 1209 5375 libro
1254 5323 1485 5375 Cauchii
1529 5336 1626 5386 per
1672 5332 1913 5371 errorem

288 5399 515 5458 librarii,
544 5402 609 5446 ut
639 5410 787 5460 saepe
812 5396 1008 5447 accidit
1040 5397 1095 5445 in
1128 5395 1283 5445 libris
1320 5398 1590 5454 veterum,
1636 5392 1915 5456 praecipue

290 5484 416 5520 vero
471 5472 523 5519 in
577 5468 839 5532 Operibus
890 5468 1065 5518 sancti
1127 5466 1424 5530 Cypriani,
1475 5478 1711 5528 quorum
1760 5462 1917 5511 nulla

292 5544 640 5605 reperiuntur
660 5542 888 5603 antiqua
908 5539 1242 5603 exemplaria
1262 5539 1317 5587 in
1341 5536 1547 5601 quibus
1568 5548 1679 5585 non
1702 5537 1917 5583 exstent

294 5613 602 5662 istiusmodi
629 5625 856 5663 errores.

359 5686 449 5746 {53)
485 5687 664 5735 Gesta:
696 5688 890 5747 turpes.
922 5682 1063 5735 Vide
1103 5681 1532 5743 Theodoretum,
1560 5677 1654 5728 lib.
1689 5689 1766 5739 1v,
1794 5689 1917 5740 cap.

298 5754 357 5804 22
386 5757 625 5809 Historiae
652 5754 927 5819 religiosa.

1930 4779 1989 4850 D

2069 3398 2164 3457 (δι)
2196 3394 2496 3458 Magisterio
2515 3391 2790 3454 impudica:
2813 3390 2962 3437 artis.
2991 3388 3279 3451 Apuleius,
3303 3387 3358 3435 in
3380 3386 3638 3450 Apologia

2011 3480 2112 3515 sua
2140 3481 2150 3513 :
2183 3484 2211 3510 «
2245 3467 2487 3528 Negatur
2516 3465 2663 3513 enim
2702 3462 3011 3526 quidquam
3053 3460 3335 3508 histrionis
3374 3458 3638 3508 habuisse

2010 3542 2209 3601 praeter
2232 3537 2657 3600 impudicitiam.
2683 3548 2713 3580 ››

2073 3610 2167 3671 (55)
2214 3599 2585 3658 Succedaneos.
2621 3606 2699 3655 Ita
2746 3606 2957 3653 veteres
2998 3602 3267 3652 editiones
3292 3603 3345 3651 et
3374 3599 3636 3651 undecim

2010 3680 2136 3729 libri
2188 3684 2420 3730 veteres.
2479 3678 2600 3727 Hoc
2648 3689 2807 3740 porro
2860 3674 3194 3723 vocabulum
3251 3676 3428 3722 exstat
3492 3671 3638 3733 apud

2012 3751 2290 3809 Plautum,
2333 3748 2478 3812 apud
2525 3762 2713 3812 quem,
2744 3750 2908 3809 prout
2933 3745 3149 3795 variant
3193 3742 3469 3793 interdum
3514 3743 3639 3792 libri

2009 3825 2244 3881 veteres,
2290 3821 2558 3883 scriptum
2608 3816 2943 3882 quandoque
2981 3816 3246 3878 reperitur
3283 3814 3639 3864 succidaneas.

2012 3892 2153 3954 Quae
2180 3896 2266 3942 est
2290 3892 2456 3941 lectio
2485 3902 2686 3939 novem
2732 3890 2979 3937 veterum
3022 3884 3422 3947 exemplarium
3460 3884 3641 3933 sancti

2012 3962 2288 4025 Cypriani.
2318 3961 2461 4011 Vide
2491 3961 2555 4009 A.
2586 3959 2848 4018 Gellium,
2876 3957 2972 4006 lib.
3005 3969 3084 4015 IV,
3120 3969 3241 4018 cap.
3268 3955 3314 4003 6.

2072 4024 2166 4094 (56)
2231 4032 2395 4081 Sexus
2456 4035 2572 4080 arte
2631 4033 2877 4078 mutetur.
2939 4026 3273 4077 Constitutio
3330 4024 3641 4075 Constantii

2011 4107 2066 4155 et
2125 4102 2443 4153 Constantis
2504 4102 2557 4150 in
2622 4100 2783 4150 titulo
2849 4097 3068 4149 Codicis
3134 4095 3503 4146 Theodosiani
3571 4096 3639 4144 de

2012 4177 2294 4235 adulteris,
2348 4175 2439 4224 ubi
2484 4187 2640 4223 sexus
2689 4171 2920 4233 perdidit
2970 4168 3154 4218 locum.
3211 4168 3441 4227 Seneca,
3481 4168 3641 4231 epist.

2012 4248 2102 4297 122
2135 4262 2145 4295 :
2180 4263 2209 4293 «
2243 4247 2362 4296 Non
2408 4245 2625 4295 videtur
2650 4244 2747 4292 tibi
2800 4246 2989 4293 contra
3026 4243 3281 4288 naturam
3326 4240 3511 4289 vivere
3548 4240 3645 4303 qui

2012 4319 2374 4369 commutavit
2439 4331 2566 4366 cum
2608 4315 2828 4365 feminis
2877 4312 3128 4362 vestem?
3172 4326 3200 4357 »
3246 4310 3642 4372 Quintilianus,

2012 4390 2106 4439 lib.
2148 4403 2205 4451 ν,
2248 4404 2367 4451 cap.
2422 4390 2473 4448 9,
2530 4388 2606 4436 ait
2655 4386 2879 4449 signum
2932 4395 3053 4433 esse
3111 4382 3295 4430 mollis
3352 4385 3403 4430 et
3449 4395 3642 4443 parum

2010 4461 2114 4510 viri
2162 4462 2207 4509 si
2248 4462 2331 4509 vir
2373 4458 2702 4508 muliebrem
2748 4459 2959 4505 vestem
2999 4452 3315 4515 sumpserit.
3364 4452 3645 4502 Portento—

2011 4545 2129 4580 sam
2156 4530 2440 4580 historiam
2478 4528 2544 4576 de
2570 4527 2787 4576 exoleto
2825 4524 3056 4573 Neronis
3094 4526 3279 4572 narrat
3317 4523 3422 4571 Dio
3465 4522 3643 4585 Chry-

2012 4606 2307 4660 sostomus,
2348 4603 2483 4649 orat.
2529 4598 2607 4646 ‘20.
2641 4596 2781 4646 Vide
2825 4593 3111 4644 Guillelmi
3152 4594 3434 4655 Beveregii
3472 4606 3643 4642 anno-

2013 4673 2247 4723 tationes
2274 4673 2328 4720 in
2366 4682 2636 4720 canonem
2664 4668 2721 4717 t3
2742 4665 2939 4729 synodi
2965 4664 3325 4727 Gangrensis.

2078 4746 2173 4803 (57)
2215 4746 2439 4804 Quaerat.
2485 4740 2737 4802 Quatuor
2770 4737 2894 4786 libri
2943 4741 3158 4786 veteres
3202 4734 3409 4785 habent
3448 4736 3643 4798 arqui-

2014 4819 2117 4864 rat.
2175 4814 2450 4864 Casterum
2500 4823 2694 4861 omnes
2744 4810 2857 4859 fere
2915 4807 3039 4856 libri
3088 4809 3302 4856 veteres
3352 4807 3643 4870 sequentia

2016 4887 2363 4948 distinguunt
2417 4883 2486 4931 ab
2546 4882 2653 4931 hoc
2710 4880 2879 4931 verbo
2946 4882 2999 4928 et
3057 4879 3283 4927 alteram
3352 4879 3642 4943 periodum

2012 4958 2297 5008 inchoent.
2364 4954 2527 5017 Quod
2583 4966 2685 5003 nos
2735 4951 3181 5002 existimavimus
3234 4964 3357 5002 esse
3406 4964 3644 5014 sequen-

2012 5029 2165 5078 dum.

2076 5100 2172 5161 (58)
2243 5098 2362 5147 Vitae
2421 5103 2641 5145 (eternte.
2695 5094 2787 5145 Sic
2842 5094 3268 5145 emendavimus
3332 5108 3401 5144 ex
3451 5094 3643 5145 codice

2012 5171 2254 5221 Fuxensi
2308 5174 2363 5219 et
2410 5168 2941 5231 Gratianopolitano,
2992 5179 3120 5217 cum
3164 5169 3327 5216 antea
3372 5166 3517 5216 male
3564 5166 3643 5216 le-

2013 5246 2233 5306 geretur
2288 5242 2405 5290 vitas
2481 5253 2603 5289 sua.
2680 5241 2846 5298 Infra,
2914 5238 3073 5301 epist.
3148 5239 3228 5297 71,
3305 5252 3426 5301 pag.
3492 5238 3579 5287 127
3633 5269 3647 5302 ε

2014 5329 2043 5361 «
2086 5312 2320 5375 Quando
2367 5324 2479 5360 una
2517 5312 2588 5360 sit
2630 5309 2894 5367 Ecclesia,
2921 5321 3046 5372 quas
3088 5309 3216 5357 vita;
3251 5313 3475 5357 internae
3516 5323 3632 5371 gra—

2014 5388 2149 5436 tiam
2193 5386 2514 5434 consecuta.
2562 5400 2590 5427 »
2635 5381 2705 5430 Et
2754 5385 2939 5431 tamen
2983 5377 3208 5442 quidam
3259 5378 3385 5428 libri
3435 5382 3646 5429 veteres

2014 5458 2225 5508 habent
2246 5456 2366 5505 vitae
2385 5469 2509 5505 suae.

2081 5532 2178 5592 (59)
2210 5530 2397 5579 Frater
2429 5527 2755 5579 charissime.
2794 5524 2932 5574 Hasc
2972 5527 3058 5573 est
3100 5533 3227 5570 vera
3267 5521 3450 5581 lectio,
3482 5534 3650 5583 quam

2018 5603 2285 5654 exhibent
2333 5602 2507 5651 multa
2553 5601 2737 5649 vetera
2788 5594 3126 5658 exemplaria
3166 5593 3539 5654 manuscripts
3596 5595 3656 5639 et

2020 5676 2265 5737 antiquae
2309 5674 2600 5730 editiones,
2644 5670 2809 5720 etiam
2854 5665 3203 5725 Morelliana,
3230 5668 3295 5737 et_
3325 5676 3389 5711 ea
3438 5673 3663 5737 quoque

2025 5732 2195 5812 quam
2234 5746 2429 5802 Simon
2477 5741 2801 5801 Goulartius
2851 5738 3047 5801 emisit
3095 5738 3221 5799 post
3267 5732 3669 5785 Pamelianam.
