4160 6216
550 252 653 307 375

1094 375 1416 432 EPISTOLA
1454 377 1605 437 LXII.

539 490 781 555 (Erasm.,
806 502 845 553 ι,
870 494 923 540 ti
946 507 964 555 ;
990 493 1206 554 Pamel.,
1229 493 1436 556 Rigalt,
1457 493 1647 556 Belua,
1669 504 1776 542 ιω
1789 509 1805 555 ;
1829 492 2012 554 Paris,
2038 502 2170 553 an;

1112 564 1298 625 Oxon.,
1326 565 1484 627 Lips.,
1511 565 1604 627 Iv.)

905 675 974 714 AD
1014 673 1341 729 POMPONIUM,
1382 676 1450 715 DE
1492 675 1813 715 VIRGINIBUS.

543 777 937 831 Ancumsnrvu.
968 807 1036 816 —
1065 776 1368 847 Cyprianus
1394 791 1511 831 cum
1543 777 1758 845 collegis
1786 776 1994 845 aliquot
2023 777 2173 829 Pom-

608 868 776 934 ponio
840 867 1053 936 collega
1112 867 1429 936 respondet,
1494 868 1731 935 virgines
1787 881 1908 935 qua
1970 869 2173 919 statum

617 957 950 1009 continenter
978 961 1029 1010 et
1062 958 1291 1025 ﬁrmiter
1326 962 1500 1009 tenere
1534 955 1903 1017 decreverant,
1930 959 2172 1024 repertas

620 1048 798 1098 tamen
836 1049 1024 1113 postea
1074 1046 1133 1099 in
1184 1045 1362 1100 eodem
1419 1044 1547 1099 lecto
1603 1059 1723 1098 cum
1780 1044 2036 1099 masculis
2056 1084 2068 1103 ,
2127 1046 2175 1099 si

616 1135 853 1201 virgines
903 1134 1083 1188 adhuc
1135 1138 1361 1204 reperta
1409 1136 1636 1201 fuerint,
1683 1137 2049 1189 communione
2095 1149 2174 1188 re-

619 1226 790 1291 cepta,
831 1222 1201 1278 admittendus
1243 1223 1318 1277 ad
1359 1223 1675 1289 Ecclesium,-
1717 1224 1801 1276 sin
1847 1237 2015 1285 secus,
2054 1237 2174 1278 cum

616 1325 725 1365 non
764 1314 953 1365 mariti
991 1312 1085 1366 sed
1127 1311 1329 1367 Christi
1363 1315 1475 1365 sint
1519 1311 1804 1381 adulterae,
1844 1314 1920 1367 ad
1955 1315 2175 1385 plenam

606 1402 985 1471 pcenitentiam
1027 1401 1315 1470 cogendus;
1358 1416 1479 1470 quae
1512 1416 1636 1453 vero
1679 1401 1967 1458 obstinata
2001 1419 2175 1473 perse-

614 1494 809 1543 verant
846 1489 912 1543 de
953 1491 1189 1545 Ecclesia
1236 1491 1527 1560 ejiciendus
1569 1509 1584 1543 :
1629 1491 1801 1544 obiter
1841 1492 2175 1561 interjiciens

617 1579 916 1648 disciplina
963 1594 1129 1647 genus
1173 1595 1276 1649 quo
1325 1581 1588 1635 contineri
1632 1581 1839 1648 possint
1888 1582 1947 1634 in
1996 1583 2175 1651 ofﬁcio

612 1668 868 1735 virgines,
905 1671 956 1722 et
996 1667 1246 1737 quadam
1285 1668 1349 1723 de
1382 1669 1880 1724 emcommunicandi
1910 1674 2176 1739 potestate

613 1757 671 1810 in
698 1756 955 1811 Ecclesia.

613 1877 655 1930 Ι.
700 1874 1030 1947 Cyprianus,
1076 1876 1353 1945 Caecilius,
1398 1876 1603 1946 Victor,
1649 1876 1910 1948 Sedatus,
1957 1880 2172 1936 Tertul-

540 1968 647 2036 lus,
695 1985 824 2023 cum
869 1969 1213 2041 presbyteris
1255 1969 1364 2042 (60)
1409 1970 1508 2041 qui
1552 1976 1861 2042 praesentes
1909 1973 2172 2043 aderant,

540 2062 851 2134 Pomponio
905 2062 1012 2134 (61)
1061 2062 1225 2117 fratri
1290 2064 1553 2119 salutem.
1621 2065 1885 2136 Legimus
1952 2067 2175 2123 litteras

541 2163 687 2223 tuas,
729 2157 910 2212 frater
958 2156 1302 2224 charissima,
1356 2172 1493 2227 quas
1546 2173 1649 2228 per
1697 2159 2005 2214 Paconium
2056 2161 2171 2215 fra-

538 2256 687 2306 trem
732 2254 991 2304 nostrum
1035 2250 1259 2311 misisti,
1302 2251 1593 2321 postulans
1637 2255 1696 2305 et
1739 2252 2067 2308 desiderans
2111 2257 2175 2308 ut

541 2344 641 2398 tibi
692 2343 1136 2399 rescriberemus
1194 2344 1331 2414 quid
1380 2344 1543 2399 nobis
1595 2344 1666 2400 de
1729 2345 1797 2400 iis
1847 2346 2170 2417 virginibus

539 2437 798 2493 videatur
834 2455 961 2509 quae
1000 2454 1128 2493 cum
1171 2438 1348 2492 semel
1387 2442 1599 2493 statum
1635 2439 1748 2509 (62)
1789 2455 1959 2495 suum
1999 2442 2173 2496 conti-

539 2537 745 2586 nenter
783 2536 839 2585 et
873 2530 1113 2585 ﬁrmiter
1142 2533 1336 2586 tenere
1376 2532 1753 2600 decreverint,
1785 2533 2019 2588 detectae
2059 2534 2169 2589 sint

538 2630 735 2696 postea
760 2624 817 2678 in
848 2624 1050 2679 eodem
1081 2625 1226 2679 lecto
1255 2625 1472 2696 pariter
1497 2612 1767 2682 mansisse
1793 2643 1922 2681 cum
1951 2644 2168 2683 mascu-

537 2718 626 2787 lis,
675 2734 741 2771 ex
785 2717 990 2788 quibus
1035 2734 1214 2786 unum
1267 2717 1573 2773 diaconum
1626 2735 1743 2774 esse
1792 2720 1952 2792 dicis,
2002 2723 2167 2792 plane

538 2810 769 2867 easdem
806 2827 931 2882 quae
966 2828 1025 2867 se
1062 2828 1190 2867 cum
1216 2812 1349 2867 viris
1375 2812 1648 2867 dormisse
1679 2814 1946 2870 confessae
1975 2814 2166 2887 365

1475 250 1531 309 S.
1572 252 1884 310 CYPRIANI
1921 251 2195 309 OPERUM
2232 250 2409 307 PARS
2450 252 2490 305 l.
2530 280 2599 291 —-
2638 250 2996 308 EPISTOLAS.
3781 263 3871 319 376

2187 376 2378 460 Asint
2411 391 2735 431 asseverare
2778 393 2836 431 se
2877 377 3133 448 integras
3170 391 3315 432 esse.
3348 377 3510 434 Circa
3546 395 3715 451 quam
3736 399 3873 457 rem,

2273 468 2545 540 quoniam
2588 469 2886 524 consilium
2925 473 3187 525 nostrum
3225 470 3579 543 desiderasti,
3610 476 3744 530 scias
3779 495 3875 534 nos

2271 563 2341 617 ab
2409 563 2752 635 evangelicis
2815 566 2873 619 et
2936 563 3259 635 apostolicis
3319 563 3711 622 traditionibus
3770 586 3875 628 non

2271 656 2535 712 recedere
2583 656 2885 728 quominus
2930 657 3203 712 fratribus
3256 663 3313 712 et
3362 658 3643 714 sororibus
3686 665 3877 720 nostris

2272 752 2604 805 constanter
2645 754 2701 806 et
2742 751 2961 807 fortiter
2997 752 3435 820 consulaturW,
3464 755 3520 807 et
3559 770 3660 824 per
3692 773 3877 814 omnes

2272 843 2531 899 utilitatis
2591 848 2647 898 et
2713 844 2910 898 salutis
2971 843 3091 899 vias
3158 844 3531 900 ecclesiastica
3603 846 3876 920 disciplina

2274 939 2530 992 servetur
2548 938 2645 1005 2",
2684 954 2816 993 cum
2859 937 3129 994 Dominus
3171 939 3436 1010 loquatur
3480 943 3537 994 et
3578 940 3719 997 dicat
3760 960 3773 998 :
3816 947 3878 1000 Et

2273 1032 2413 1087 dabo
2450 1032 2599 1087 vobis
2629 1036 2876 1103 pastores
2919 1033 3213 1089 secundum
3241 1049 3332 1087 cor
3369 1049 3560 1100 meum,
3601 1042 3649 1090 et
3678 1045 3879 1105 poscent

2272 1141 2362 1181 vos
2413 1132 2685 1196 pascentes
2735 1142 2856 1182 cum
2908 1127 3195 1197 disciplina
3248 1127 3482 1197 (Jerem.,
3536 1145 3613 1196 ιιι,
3670 1129 3778 1200 15);
3828 1137 3879 1187 et

2273 1219 2482 1274 iterum
2521 1219 2795 1291 scriptum
2837 1218 2927 1287 sit,
2956 1220 3311 1290 Disciplinam
3348 1224 3446 1290 qui
3484 1220 3663 1290 ubjicit
3700 1224 3880 1289 infelia:

2275 1319 2351 1369 est
2395 1314 2575 1384 (Sap.,
2616 1330 2694 1383 ιιι,
2738 1316 2855 1384 ll);
2902 1316 2961 1369 et
2997 1314 3056 1368 in
3102 1303 3338 1368 Psalmis
3379 1328 3610 1386 quoque
3655 1314 3881 1385 Spiritus

2275 1412 2501 1463 sanctus
2550 1407 2851 1463 admoneat
2903 1412 2959 1462 et
3013 1408 3258 1463 instruat
3310 1407 3505 1462 dicens
3556 1425 3570 1462 :
3626 1410 3880 1467 Continete

2274 1502 2641 1571 disciplinam,
2679 1518 2745 1557 ne
2786 1504 2930 1570 forte
2966 1504 3230 1557 irascetur
3263 1503 3544 1566 Dominus,
3580 1507 3629 1558 et
3668 1506 3880 1571 pereatis

2274 1612 2310 1650 a
2350 1598 2444 1650 via
2487 1601 2654 1659 recta,
2700 1611 2822 1650 cum
2865 1598 3128 1651 emarserit
3172 1598 3276 1651 cito
3324 1598 3411 1651 ira
3455 1595 3564 1665 ejus
3605 1611 3758 1667 super
3797 1611 3880 1654 vos

2277 1690 2442 1757 (Psal.
2474 1705 2533 1759 ιι,
2566 1688 2673 1757 i2).

2192 1755 2288 1827 BV
2347 1784 2410 1838 II.
2452 1755 2646 1837 Primo
2692 1782 2868 1854 igitur
2918 1782 2977 1836 in
3028 1783 3171 1851 loco,
3215 1782 3394 1837 frater
3447 1781 3787 1852 charissima,
3830 1789 3880 1839 et

2275 1876 2592 1949 praepositis
2614 1880 2671 1931 et
2688 1876 2839 1947 plebi
2865 1875 3006 1930 nihil
3025 1875 3177 1931 aliud
3196 1875 3606 1931 elaborandum
3625 1881 3707 1931 est
3724 1893 3877 1949 quam

2276 1974 2340 2025 ut
2387 1971 2487 2042 qui
2539 1970 2720 2024 Deum
2776 1969 3064 2040 timemus,
3112 1986 3242 2024 cum
3292 1970 3456 2025 omni
3509 1970 3877 2027 observatione

2276 2062 2589 2135 disciplinae
2620 2063 2809 2117 divina
2838 2068 3123 2135 praecepta
3145 2068 3466 2131 teneamus,
3488 2080 3592 2119 nec
3616 2064 3879 2136 patiamur

2276 2174 2467 2214 errare
2503 2158 2702 2213 fratres
2742 2162 2964 2212 nostros
3004 2159 3066 2211 ut
3100 2174 3205 2228 pro
3242 2158 3477 2213 arbitrio
3511 2162 3567 2214 et
3595 2160 3751 2213 ructu
3777 2158 3877 2230 (63)

2273 2268 2374 2306 suo
2416 2251 2623 2321 vivere,
2667 2252 2763 2306 sed
2804 2250 2877 2306 ad
2919 2251 3091 2306 vitam
3135 2251 3378 2323 singulis
3418 2252 3657 2307 ﬁdeliter
3701 2268 3878 2307 consu-

2272 2345 2411 2415 lere,
2445 2360 2549 2400 nec
2586 2345 2703 2415 pati
2734 2343 2984 2416 virgines
3017 2360 3147 2399 cum
3178 2345 3443 2400 masculis
3470 2344 3580 2417 (64)
3607 2344 3874 2413 habitare;

2271 2455 2388 2495 non
2439 2438 2563 2494 dico
2621 2438 2789 2493 simul
2840 2438 3112 2505 dormire,
3162 2439 3262 2494 sed
3313 2456 3419 2495 nec
3473 2440 3637 2494 simul
3686 2439 3875 2493 vivere.

2270 2532 2500 2605 quando
2530 2534 2587 2587 et
2614 2549 2776 2587 sexus
2805 2532 3069 2587 infirmus
3102 2531 3293 2606 366
3325 2538 3381 2588 et
3414 2537 3551 2588 aetas
3586 2533 3765 2589 adhuc
3797 2534 3877 2587 lu-

2268 2626 2421 2681 brica
2444 2642 2550 2697 per
2578 2626 2773 2680 omnia
2808 2626 3020 2681 frenari
3049 2643 3082 2680 a
3110 2627 3277 2681 nobis
3315 2631 3372 2681 et
3409 2627 3534 2699 regi
3576 2626 3789 2689 debeat,
3816 2642 3878 2681 ne

2269 2720 2490 2775 diabolo
2522 2719 2812 2774 insidianti
2850 2722 2909 2775 et
2944 2720 3137 2775 saevire
3168 2720 3423 2791 cupienti
3461 2721 3533 2776 ad
3573 2720 3876 2776 nocendum

2270 2814 2437 2870 detur
2479 2813 2721 2882 occasio,
2761 2813 2985 2884 quando
3032 2818 3089 2870 et
3130 2815 3427 2885 Apostolus
3476 2815 3627 2871 dicat
3670 2832 3683 2870 :
3720 2814 3879 2873 Nolite

1915 2981 2126 3045 Variae
2182 2980 2518 3045 lectiones.

597 3116 638 3145 υ
662 3114 681 3134 ¹
713 3112 950 3163 Fortiter
975 3113 1396 3164 consuleremus
1419 3127 1518 3177 per
1540 3116 1654 3165 Lin.
1723 3118 1762 3147 ²¹
1796 3117 1815 3140 ⁸
1843 3115 1946 3166 Per
1980 3128 2174 3167 omnes
2202 3115 2320 3167 vias
2345 3114 2741 3169 ecclesiasticas
2767 3114 3076 3180 disciplinae
3097 3116 3216 3167 Bod.
3247 3117 3292 3179 ι,
3314 3114 3363 3167 2.
3393 3115 3603 3169 Omnes
3626 3112 3874 3164 utilitates

546 3187 600 3234 ct
627 3183 835 3235 salutes
865 3182 1261 3235 ecclesiasticas
1284 3181 1597 3246 disciplinae
1629 3182 1781 3234 Ebor.
1810 3185 1952 3234 Lam.
1980 3184 2090 3235 ΝΟ.
2125 3185 2169 3233 1.

1832 3302 2060 3385 Steph.
2110 3301 2355 3365 Baluzii
2397 3304 2596 3364 notae.

538 3483 612 3570 at
668 3482 981 3570 Pameliusn
1010 3483 1107 3570 qui
1146 3482 1229 3566 ,Ιίιί
1280 3483 1817 3570 videbat‘scriptum
1859 3485 1917 3533 in
1970 3483 2250 3570 manu-C
2274 3482 2469 3570 vagiat.
2500 3497 2537 3570 Β

541 3554 708 3614 tiana,
753 3554 829 3602 ita
877 3546 1097 3617 scripsit
1143 3555 1201 3603 in
1245 3568 1363 3604 sua.
1407 3555 1479 3605 Et
1522 3546 1760 3606 hinc—ea
1800 3568 1968 3618 prava
2006 3546 2250 3604 lectio”
2341 3551 2439 3614 (63)
2492 3553 2670 3601 ﬂuctu.
2724 3553 2904 3604 Antea
2962 3552 3249 3616 legebatur
3296 3553 3498 3616 fructu,
3555 3563 3667 3602 non
3712 3546 3876 3618 solum

541 3624 785 3673 derivata
836 3627 921 3674 est
973 3625 1031 3673 in
1084 3624 1382 3676 editionem
1436 3625 1657 3689 Rigaltii
1707 3630 1763 3675 et
1802 3617 1867 3675 in
1904 3625 2176 3688 Anglica-
2274 3622 2333 3671 in
2374 3621 2732 3685 editionibus,
2772 3623 2870 3674 sed
2912 3624 3076 3675 etiam
3125 3625 3182 3674 in
3223 3622 3379 3674 libris
3422 3621 3682 3685 antiquis.
3715 3617 3880 3683 Rigal-

539 3707 688 3743 nam.
727 3693 892 3755 Quod
919 3694 1044 3746 ideo
1071 3696 1252 3744 visum
1292 3700 1377 3746 est
1418 3696 1720 3747 admonere
1752 3710 1825 3746 ne
1855 3697 1982 3759 quis
2011 3695 2176 3745 dein—
2277 3693 2388 3742 tius
2412 3693 2626 3742 monuit
2657 3694 2925 3758 scriptum
2950 3707 3073 3745 esse
3109 3699 3264 3744 ructu
3292 3694 3349 3743 in
3393 3690 3717 3751 Veronensi,
3741 3702 3878 3759 eam-

539 3776 669 3827 ceps
710 3764 767 3813 in
804 3763 914 3814 hoc
954 3764 1187 3815 fallatur.
1228 3766 1365 3817 Nam
1408 3767 1455 3816 is
1501 3767 1598 3830 qui
1645 3780 1821 3830 nuper
1864 3758 2178 3829 composuit
2276 3774 2385 3826 que
2434 3763 2732 3814 lectionem
2783 3765 3162 3828 pronuntiavit
3206 3776 3329 3814 esse
3369 3763 3728 3813 verissimam.
3774 3758 3879 3821 Ego

536 3834 708 3883 vitam
748 3836 926 3886 sancti
968 3834 1248 3899 Cypriani,
1294 3850 1359 3886 ea
1398 3836 1536 3886 falsa
1573 3838 1843 3899 scriptura
1887 3834 2173 3898 deceptus,
2275 3835 2465 3883 contra
2495 3834 2759 3896 putabam
2800 3847 2923 3884 esse
2964 3834 3333 3884 falsissimam.
3378 3833 3530 3896 Quid
3568 3832 3734 3890 enim,
3772 3830 3880 3879 aie-

537 3905 672 3956 hinc
701 3907 824 3970 capi
868 3920 1028 3971 posse
1058 3908 1273 3969 putavit
1302 3913 1693 3971 argumentum
1722 3906 1793 3957 ad
1818 3907 2175 3957 asserendam
2274 3901 2422 3965 bam,
2483 3917 2783 3957 commune
2829 3906 3055 3956 arbitrio
3104 3918 3231 3955 cum
3289 3910 3483 3967 ructu,
3533 3917 3644 3970 quo
3687 3914 3769 3952 res
3808 3900 3878 3948 in-

539 3979 866 4042 dignitatem
919 3979 1162 4042 episcopi
1214 3979 1433 4043 Magno,
1491 3979 1559 4030 ad
1609 3991 1777 4043 quem
1833 3979 2064 4042 epistola
2115 3979 2177 4028 76
2274 3972 2508 4025 honesta
2561 3976 2922 4040 signiﬁcatur,
2979 3990 3147 4041 quam
3203 3976 3394 4037 Stoici,
3450 3979 3512 4026 ut
3569 3974 3756 4026 Cicero
3810 3975 3878 4020 te-

538 4053 742 4115 scripta
803 4056 923 4112 est,
986 4052 1204 4101 tametsi
1277 4051 1353 4101 ibi
1427 4050 1742 4115 Cyprianus
1815 4063 1945 4101 eum
2014 4054 2177 4101 vocet
2275 4050 2466 4107 statur,
2500 4060 2663 4111 aaquo
2695 4061 2861 4112 passu
2886 4049 3146 4099 incedere
3189 4048 3451 4098 volebant
3489 4060 3618 4098 cum
3652 4044 3876 4115 crepitu;

538 4114 739 4185 filium,
796 4136 909 4172 non
963 4123 1207 4183 fratrem,
1260 4126 1323 4171 ut
1362 4114 1790 4173 soletscribens
1837 4121 1908 4171 ad
1954 4122 2175 4185 episco-
2275 4118 2605 4179 Columella,
2636 4119 2731 4168 lib.
2763 4132 2839 4180 vr,
2871 4133 2989 4183 cap.
3028 4121 3076 4179 6,
3116 4131 3245 4168 cum
3279 4119 3468 4169 sonitu
3502 4117 3731 4174 ventris;
3762 4114 3879 4185 Hie-

538 4206 655 4256 pos.
685 4183 909 4244 Sciebat
942 4192 1091 4241 enim
1121 4191 1486 4242 Euchratium
1522 4192 1696 4242 fuisse
1735 4183 2075 4254 episc0pum.
2105 4191 2175 4241 Et
2275 4202 2560 4252 ronymus,
2590 4191 2649 4239 in
2696 4190 2945 4254 Epistola
2987 4189 3059 4239 ad
3104 4189 3431 4253 Principiam
3459 4188 3709 4253 virginem
3740 4188 3791 4234 et
3828 4183 3877 4231 in

537 4264 903 4315 nihilominus
929 4261 1159 4313 videbat
1186 4262 1346 4312 illum
1394 4262 1658 4326 appellari
1700 4262 1882 4312 ﬁlium
1920 4262 1977 4311 in
2019 4262 2174 4312 calce
2272 4259 2414 4309 libro
2456 4272 2494 4309 ιι
2536 4259 2789 4310 adversus
2824 4261 3152 4310 Iovinianum
3196 4272 3325 4310 cum
3355 4261 3569 4323 crepitu
3606 4261 3877 4326 ventorum

537 4337 701 4387 istius
729 4334 1004 4398 Epistolas.
1428 4324 1446 4326 “
1466 4324 1484 4326 “
2274 4330 2371 4393 qui
2395 4331 2570 4380 oritur
2594 4342 2663 4379 ex
2705 4333 2897 4381 ventre
2934 4331 3099 4394 pleno
3128 4335 3183 4380 et
3212 4331 3591 4380 exaestuant”
3620 4324 3877 4398 Conjicief

601 4406 697 4469 (60)
732 4396 860 4455 Cum
893 4403 1227 4468 presbyteris.
1261 4406 1324 4455 In
1369 4418 1482 4455 uno
1528 4404 1671 4455 libro
1718 4416 1846 4455 meo
1883 4403 2060 4454 veteri
2092 4402 2172 4453 le-
2272 4398 2404 4449 bam
2452 4401 2638 4464 itaque
2670 4400 2972 4463 legendum
3013 4401 3225 4451 fortean
3267 4413 3390 4451 esse
3434 4414 3552 4451 cum
3590 4396 3878 4469 arbitrio_et

538 4465 691 4545 gitur
707 4465 1019 4542 presbyteris
1044 4465 1305 4529 Romanis.
2272 4472 2405 4545 ritu,
2431 4475 2495 4521 ut
2520 4471 3105 4545 apud‘Hieronymum
3150 4472 3207 4545 in
3240 4471 3407 4545 libro
3430 4485 3467 4545 1t
3515 4471 3757 4545 adversm
3794 4465 3876 4514 Jo-

601 4538 720 4613 (6l)-
758 4538 1081 4612 Pomponio,
1139 4550 1400 4613 episcopo
1459 4547 1888 4611 Dionysianensi
1939 4545 1996 4594 in
2046 4559 2172 4609 pro-
2272 4544 2566 4603 vinianum,
2610 4543 2701 4592 vel
2742 4548 2891 4603 nutu,
2944 4546 3004 4593 ut
3045 4541 3192 4605 apud
3240 4543 3303 4591 T.
3352 4543 3601 4602 Livium,
3655 4538 3746 4613 lib.
3786 4548 3875 4613 ιγ)

538 4607 725 4673 vincia
778 4607 1086 4684 Byz'acena.
1149 4607 1406 4671 Interfuit
1463 4607 1699 4670 concilio
1750 4607 2175 4681 Carthaginiensi
2273 4614 2368 4684 sub
2388 4618 2518 4663 nutu
2544 4618 2704 4678 atque
2724 4613 2976 4675 arbitrio,
3002 4616 3058 4664 et
3080 4614 3229 4677 apud
3256 4612 3599 4677 Cyprianum
3626 4611 3775 4675 epist.
3803 4607 3875 4663 69.

539 4693 644 4743 sub
688 4682 982 4756 Cypriane.
1036 4690 1288 4741 Concilio
1339 4690 1797 4741 Cabarsussitano
1843 4687 2177 4750 subscripsit
2274 4682 2373 4756 ubi
2389 4684 2601 4756 legitur
2644 4684 2927 4756 Christum
2968 4685 3279 4736 Ecclesium
3318 4684 3629 4748 gubernare
3660 4694 3758 4732 suo
3783 4692 3877 4756 ar-

536 4749 872 4815 Fortunalus
925 4762 1217 4825 episcopus
1258 4760 1735 4825 Dionysianensis.
1778 4760 1837 4808 In
1877 4749 2173 4809 collatibne
2274 4752 2438 4825 bitrio
2467 4756 2521 4804 et
2560 4761 2721 4806 nutu.
2773 4755 2883 4807 Sed
2923 4770 3053 4807 cum
3090 4756 3603 4806 animadvertissem
3650 4749 3875 4825 vocabu-

538 4822 977 4899 Carthaginensi
992 4822 1136 4882 inter
1178 4822 1498 4883 Catholicos
1537 4836 1593 4881 et
1638 4830 1957 4880 Donatistae
2001 4824 2392 4899 adfuitnlum
2430 4832 2610 4899 ructus
2654 4829 2711 4877 in
2757 4828 2952 4880 eodem
2981 4842 3149 4879 sensu
3196 4829 3439 4892 positum
3469 4840 3591 4899 esse
3631 4841 3663 4876 a
3701 4822 3875 4874 Pontio

538 4866 962 4886 υαηιια-ωυμο.
992 4866 1128 4882 μην.
1180 4866 1498 4883 Cumanum
1538 4866 1593 4881 νυ
1638 4866 1957 4880 mnuum...
2001 4866 2177 4878 .........
2275 4866 2392 4874 η...
2432 4866 2608 4877 ...-....,
2655 4866 2711 4877 ..ι
2758 4866 2952 4880 ww...
2981 4866 3149 4879 υνηυ,
3235 4866 3439 4879 wn...“
3470 4866 3591 4878 ww
3631 4866 3663 4876 _
3702 4866 3868 4874 _____-

537 4866 1087 4970 Victorbepiscopus
1159 4902 1622 4967 Dionysianensis
1691 4901 2017 4962 Donatista,
2077 4866 2509 4970 quiDdiacono
2563 4897 2620 4946 in
2683 4899 2799 4948 Vita
2866 4899 3027 4949 sancti
3088 4866 3374 4962 Cypgiuni,
3431 4898 3716 4970 amplexus
3754 4903 3875 4970 _s_um

538 4963 843 5044 proﬁtetur-
882 4988 941 5026 se
986 4963 1100 5024 non
1152 4963 1358 5024 habere
1407 4972 1803 5044 adversarium,
1854 4983 2173 5044 quanquam
2273 4966 2568 5044 lectionem
2595 4981 2764 5044 qu_am
2794 4970 3169 5044 Rigaltiusait
3205 4982 3327 5021 esse
3366 4969 3722 5044 verissimam.
3752 4963 3876 5044 liam

534 5037 592 5100 id
621 5053 884 5113 negatum
931 5050 1015 5096 est
1059 5046 1243 5096 statim
1289 5043 1359 5095 ab
1411 5044 1637 5094 Aurelio
1680 5043 1941 5106 episcopo
1986 5041 2173 5092 Maco-
2273 5040 2401 5087 sunt
2448 5039 2620 5113 verba
2663 5041 2842 5091 Pontii
2889 5058 2900 5090 :
2945 5058 2975 5090 (ς
3026 5041 3188 5092 Absit
3241 5046 3313 5113 uti
3348 5042 3557 5091 malum
3604 5040 3707 5113 hoc
3748 5037 3875 5113 intra

536 5108 808 5172 madiénsi
833 5118 1127 5169 catholico,
2272 5110 2669 5161 conscientiam
2707 5112 2980 5178 religiosas
3009 5115 3210 5164 mentis
3254 5112 3543 5163 admittam
3571 5115 3635 5161 ut
3672 5108 3737 5159 de
3772 5112 3872 5157 tam

596 5190 694 5253 (62)
759 5190 887 5239 Cum
947 5186 1105 5237 semel
1166 5191 1380 5235 statum.
1439 5184 1809 5237 Restituimus
1870 5183 2171 5255 lectionem
2269 5180 2590 5255 beatissimo
2618 5188 2859 5248 martyre
2888 5188 3082 5235 ructus
3103 5184 3346 5235 hominis
3365 5184 3711 5255 judicaret._»
3771 5249 3801 5255 _
3845 5247 3853 5255 .

532 5249 784 5312 veterum
814 5257 1079 5308 librorum
1103 5257 1309 5321 quibus
1345 5270 1446 5306 nos
1484 5257 1571 5306 usi
1612 5268 1828 5305 sumus.
1870 5253 1964 5305 Sic
2000 5254 2169 5304 etiam
2329 5252 2429 5321 (64)
2488 5254 2723 5317 Virgines
2765 5269 2879 5306 cum
2926 5255 3189 5306 masculis.
3242 5256 3619 5319 Hieronymus
3662 5252 3717 5301 in
3760 5249 3874 5321 Epi-

532 5334 587 5381 in
642 5343 755 5380 uno
807 5318 1138 5379 Bodleiano'
1164 5327 1277 5392 legi
1332 5331 1560 5377 testatur
1612 5326 1783 5376 editio
1841 5325 2165 5388 Anglicana.
2266 5320 2404 5370 stola
2447 5322 2519 5372 ad
2556 5323 2785 5375 Paulum
2829 5325 3260 5377 Concordiensem
3286 5340 3304 5373 :
3332 5342 3362 5374 α
3404 5318 3586 5376 Unum
3616 5322 3777 5372 miser
3798 5318 3872 5392 lo-

536 5402 807 5465 Rigaltius
830 5399 1093 5459 ediderat,
1130 5415 1156 5444 α
1179 5390 1310 5448 cum
1341 5399 1397 5448 in
1428 5402 1575 5449 statu
1602 5411 1703 5448 suo
1746 5410 1871 5448 esse
1898 5402 1955 5447 et
1984 5396 2170 5446 conti-
2268 5395 2448 5465 cutus,
2479 5396 2630 5459 quod
2660 5396 2902 5461 virgines
2945 5397 3150 5461 sapius
3179 5396 3446 5449 deberent
3474 5409 3604 5448 cum
3641 5390 3872 5465 mulieri-

534 5460 782 5523 nentiam
808 5471 1040 5521 ﬁrmiter
1064 5475 1253 5520 tenere
1284 5470 1647 5542 decreverint.
1680 5485 1710 5517 »
1742 5468 1925 5542 Quam
1968 5467 2170 5542 Ῑθφίίο-
2265 5462 2373 5542 bES
2410 5477 2531 5542 θὲδθ
2581 5460 2763 5531 quam,
2792 5460 3248 5542 cunamssculis
3292 5468 3468 5542 ῖοίίιέἓ-
3492 5466 3692 5542 ,οθιὲἶοθ
3734 5460 3873 5542 gms

534 5556 664 5593 nem
713 5555 815 5608 ego
867 5542 924 5592 in
976 5542 1277 5604 exemplari
1332 5555 1458 5593 meo
1509 5541 1769 5592 editionis
1829 5540 2168 5591 Manutianae
2269 5533 2493 5597 oﬁendi,
2527 5542 2857 5588 cunctorum
2894 5538 3082 5602 digitis
3125 5543 3301 5590 notor.
3330 5556 3356 5585 »
3405 5537 3546 5588 Vide
3588 5532 3872 5608 Homiliam

534 5612 646 5662 vidi
704 5598 963 5676 scriptam
1012 5612 1067 5660 in
1121 5598 1369 5674 margine
1421 5615 1474 5661 et
1521 5611 1637 5661 illic
1680 5610 1998 5661 adnotatam
2042 5622 2166 5659 eam
2268 5607 2444 5656 sancti
2485 5609 2718 5660 Joannis
2748 5598 3135 5673 Chrysostomi
3173 5610 3433 5661 Adversus
3481 5621 3565 5659 eos
3611 5608 3700 5671 qui
3742 5598 3873 5676 apud

534 5697 656 5736 esse
680 5698 749 5735 ex
774 5673 968 5735 codice
997 5673 1324 5743 Veronensi,
1353 5696 1483 5733 cum
1511 5696 1621 5746 quo
1660 5682 1974 5733 consentire
2000 5681 2164 5730 etiam
2265 5691 2319 5731 se
2362 5678 2594 5744 virgines
2638 5680 3060 5732 subintroductas
3108 5681 3314 5741 habent,
3350 5681 3593 5744 itemque
3634 5673 3867 5740 ejusdem

531 5755 752 5807 videtur
797 5754 1089 5816 Fuxensis,
1114 5755 1172 5804 in
1219 5768 1331 5818 quo
1377 5755 1460 5805 sic
1504 5754 1725 5818 legitur,
1755 5771 1783 5799 «
1824 5754 1955 5804 cum
1992 5752 2166 5802 semel
2265 5752 2587 5817 Homiliam,
2645 5752 2792 5815 Quod
2841 5753 3112 5820 regulares
3153 5752 3359 5818 feminae
3412 5753 3541 5804 viris
3588 5746 3872 5802 cohabitare

521 5828 581 5881 in
615 5831 763 5882 statu
802 5830 1004 5892 essent,
1032 5825 1434 5881 continentiam
1461 5824 1693 5878 ﬁrmiter
1734 5828 1922 5878 tenere
1959 5821 2156 5890 decre:
2264 5835 2369 5875 non
2389 5820 2628 5876 debeant.
