4160 6216
260 175 339 227 377

258 298 397 349 locum
436 292 563 346 dare
606 292 818 346 diabolo
868 293 1201 362 (Ephes.,1v,
1233 294 1340 362 27).
1382 292 1699 347 Liberanda
1750 298 1834 347 est
1855 307 1910 379 Α

254 389 515 457 vigilanter
553 386 617 439 de
662 386 988 455 periculosis
1033 386 1167 440 locis
1210 388 1381 453 navis,
1432 404 1502 441 ne
1534 387 1685 441 inter
1711 405 1829 441 sco-

254 482 384 552 pulos
410 484 460 533 et
488 495 619 533 saxa
660 479 973 549 frangatur.
1010 480 1279 533 Exuenda
1308 487 1390 534 est
1419 480 1533 551 (75)
1570 480 1845 534 velociter'

253 575 306 627 de
330 572 575 627 incendio
618 571 838 625 sarcina
876 573 1029 642 prius
1062 590 1234 643 quam
1282 573 1529 628 ﬂammis
1568 590 1831 643 superve-

249 666 504 721 nientibus
551 669 963 720 concremetur.
1014 666 1191 720 Nemo
1240 666 1337 720 diu
1367 670 1521 721 tutus
1554 667 1600 700 ²²
1631 672 1715 721 est
1742 683 1836 737 pe-

249 760 401 814 riculo
432 758 720 829 proximus
749 762 855 830 (66)
881 776 896 826 ;
920 775 1023 813 nec
1051 760 1291 813 evadere
1321 759 1612 814 diabolum
1642 762 1691 794 ²³
1717 777 1832 815 ser-

249 870 329 906 vus
372 854 460 907 Dei
500 852 727 923 poterit,
774 852 871 923 qui
917 869 974 906 se
1024 853 1229 907 diaboli
1257 853 1472 925 laqueis
1504 854 1831 924 implicavit.

250 946 691 1000 lntercedendum
720 952 803 1000 est
852 946 961 1000 cito
1013 946 1218 1001 talibus
1249 951 1309 1000 ut
1337 950 1675 1017 separentur
1702 947 1834 1017 (67),

250 1041 363 1095 dum
396 1040 577 1093 adhuc
613 1040 861 1109 separari
894 1041 1228 1094 innocentes
1272 1047 1526 1110 possunt,
1568 1042 1702 1112 quia
1750 1042 1833 1095 di-

250 1134 341 1186 vidi
388 1134 745 1203 postmodum
806 1140 997 1187 nostra
1062 1133 1463 1188 intercessione
1516 1151 1628 1189 non
1681 1141 1833 1206 pote-

249 1232 358 1281 runt
389 1230 576 1297 postea
620 1243 792 1297 quam
832 1226 1177 1281 conscientia
1225 1228 1555 1298 gravissima
1586 1229 1836 1284 cohaese-

249 1326 372 1373 runt.
406 1321 681 1392 Denique,
711 1337 882 1391 quam
908 1337 1104 1391 graves
1133 1323 1449 1376 multorum
1484 1323 1677 1377 ruinas
1707 1324 1840 1377 hinc

246 1413 344 1467 ﬁeri
367 1413 636 1481 videmus,
669 1417 725 1467 et
777 1431 881 1485 per
931 1414 1257 1484 huiusmodi
1287 1416 1513 1471 illicitas
1544 1421 1598 1470 et
1625 1418 1841 1487 pericu-

247 1506 367 1559 losas
418 1508 856 1577 conjunctiones
914 1509 1203 1579 corrumpi
1267 1510 1542 1579 plurimas
1594 1511 1841 1581 virgines

249 1614 352 1654 cum
368 1616 591 1655 summo
612 1600 793 1655 animi
819 1602 996 1656 nostri
1024 1602 1212 1657 dolore
1235 1602 1607 1673 conspicimus
1633 1604 1646 1659 l
1682 1604 1841 1668 Quod

1639 169 1963 226 EPISTOLA
2004 170 2157 224 LXII.

3466 175 3570 228 378

1934 293 1977 346 si
2007 310 2074 346 ex
2115 292 2227 345 fide
2260 306 2315 346 se
2347 292 2568 347 Christo
2600 292 2953 360 dicaverunt,
2985 294 3205 364 pudicm
3230 295 3276 329 2‘
3310 299 3365 348 et
3403 300 3568 350 castm

1935 387 2055 440 sine
2102 386 2214 440 ulla
2257 385 2443 439 fabula
2488 386 2594 455 (68)
2646 393 3027 456 perseverent,
3076 394 3131 442 et
3176 388 3253 441 ita
3306 389 3479 442 fortes
3509 394 3565 443 et

1934 480 2160 534 stabiles
2180 480 2486 549 praemium
2530 479 2869 547 virginitatis
2895 484 3243 550 exspectent.
3277 482 3331 536 Si
3365 487 3565 537 autem

1936 590 2298 645 perseverare
2333 573 2533 626 nolunt
2581 574 2669 626 vel
2720 589 2834 626 non
2869 580 3123 643 possunt,
3157 576 3363 629 melius
3391 580 3475 630 est
3508 582 3569 630 ut

1936 667 2158 721 nubant
2190 668 2296 739 (69)
2340 683 2514 737 quam
2560 666 2618 719 in
2646 666 2842 735 ignem
2891 666 3105 720 delictis
3134 666 3321 739 367
3377 669 3494 723 suis
3523 670 3569 704 2⁵

1937 761 2159 815 cadant.
2207 762 2371 816 Certe
2402 760 2626 813 nullum
2655 760 2926 814 fratribus
2957 763 3055 814 aut
3087 762 3373 815 sororibus
3401 780 3570 817 scan-

1939 855 2131 909 dalum
2148 854 2378 921 faciant,
2401 870 2529 907 cum
2552 853 2819 923 scriptum
2839 854 2910 908 sit
2933 870 2944 907 :
2966 857 3026 910 Si
3052 856 3200 909 cibus
3226 857 3569 911 scandalizat

1936 951 2187 1015 fratrem,
2228 965 2334 1002 non
2370 949 2709 1002 manducabo
2759 965 2972 1003 carnem
3011 952 3067 1003 in
3107 952 3361 1004 saeculum
3390 950 3462 1011 ’6,
3504 966 3571 1003 ne

1936 1045 2167 1110 fratrem
2188 1043 2551 1096 scandalizem
2586 1044 2623 1111 tl
2652 1042 2795 1104 Cor.,
2832 1059 2942 1104 vni,
2992 1046 3097 1111 13).

2015 1137 2101 1190 lll.
2150 1137 2257 1190 Nec
2314 1136 2507 1208 aliqua
2557 1139 2719 1205 putet
2771 1153 2829 1190 se
2884 1152 3043 1206 posse
3074 1136 3119 1169 97
3180 1136 3285 1189 hac
3336 1152 3568 1189 excusa-

1942 1229 2101 1284 tione
2150 1230 2375 1284 defendi
2404 1230 2555 1300 quod
2604 1233 2661 1284 et
2696 1229 2894 1299 inspici
2940 1236 2997 1283 et
3028 1229 3261 1299 probari
3295 1230 3467 1299 possit
3498 1247 3572 1284 an

1941 1326 2103 1394 virgo
2136 1324 2224 1391 sit,
2258 1340 2389 1377 cum
2436 1328 2492 1376 et
2518 1339 2723 1376 manus
2755 1323 3126 1377 obstetricum
3159 1326 3217 1377 et
3242 1324 3391 1377 oculi
3418 1340 3570 1394 smpe

1941 1418 2213 1471 fallantur
2246 1418 2377 1487 (70),
2430 1415 2623 1489 368
2656 1422 2710 1471 et
2750 1417 2796 1469 si
2827 1417 3160 1487 incorrupta
3189 1416 3415 1471 inventa
3448 1418 3568 1473 fue-

1942 1511 2016 1565 rit
2042 1512 2205 1581 virgo
2254 1527 2319 1565 ea
2348 1517 2507 1581 parte
2545 1511 2630 1563 sui
2665 1527 2775 1581 qua
2816 1510 3026 1564 mulier
3062 1513 3247 1580 potest
3288 1526 3406 1564 esse
3436 1514 3576 1579 (71),

1944 1604 2198 1675 potuerit
2223 1607 2415 1658 tamen
2448 1620 2515 1658 ex
2545 1603 2651 1658 alia
2678 1604 2929 1675 corporis
2957 1608 3119 1674 parte
3151 1618 3414 1674 peccasse
3444 1620 3573 1674 qum

1593 1726 1795 1790 Varim
1849 1727 2187 1790 lectiones.

293 1849 326 1877 ²²
351 1846 653 1895 Diuturnus
688 1846 811 1896 Bod.
843 1848 884 1896 1.
954 1848 995 1879 ’³
1024 1848 1243 1898 Diaboli
1273 1862 1470 1899 manus
1501 1850 1610 1899 Lin.
1638 1851 1746 1899 ΝΟ.
1777 1853 1824 1900 2.
1893 1852 1933 1883 “
1965 1853 2022 1902 Si
2066 1851 2267 1915 pudice
2306 1851 2424 1901 Red.
2452 1852 2498 1901 2.
2566 1855 2607 1884 ³⁵
2641 1852 2745 1901 Pro
2772 1850 2991 1902 delictis
3028 1852 3166 1900 Lam.
3203 1850 3351 1901 EoOr.
3377 1850 3488 1902 ΝΟ.
3520 1852 3573 1901 1.

250 1918 280 1947 ³⁵
304 1916 355 1965 In
382 1921 653 1969 mternum
679 1919 817 1967 Lam.
851 1918 1002 1967 Ebor.
1034 1919 1159 1969 Bod.
1185 1920 1231 1969 2.
1266 1921 1377 1970 Lin.
1444 1920 1488 1953 ³⁷
1512 1922 1679 1972 Posse
1705 1922 1842 1971 deest
1873 1924 1924 1971 in
1953 1924 2108 1971 Oxon.

1519 2028 1742 2111 Steph.
1790 2031 2034 2094 Baluzii
2079 2037 2273 2094 notm.

299 2177 378 2238 (65)
434 2176 695 2227 Eruenda
745 2184 832 2228 est.
892 2180 1195 2241 Costerius,
1250 2186 1313 2231 ut
1365 2186 1597 2233 testatur
1650 2185 1843 2234 Parne-

250 2248 351 2306 lius,
378 2249 731 2298 existimabat
760 2251 1059 2312 legendum
1088 2265 1209 2302 esse
1237 2254 1489 2313 eruenda,
1522 2254 1604 2303 uti
1636 2267 1735 2318 ego
1766 2269 1846 2304 re-

249 2320 341 2379 peri
381 2319 432 2366 in
480 2318 702 2369 duobus
744 2318 901 2369 libris
940 2322 1221 2370 veteribus
1266 2324 1504 2385 optimis.
1556 2322 1663 2373 Sed
1704 2324 1849 2374 hanc

249 2392 592 2451 conjecturam
629 2389 885 2451 pluribus
916 2394 1261 2455 argumentis
1286 2394 1484 2443 refellit
1514 2394 1848 2456 Gronovius,

248 2474 342 2521 cap.
370 2472 462 2510 XIV
497 2460 927 2510 Observationum
956 2476 1182 2512 suarum
1214 2464 1270 2511 in
1297 2464 1657 2528 Scriptoribus
1693 2466 1848 2514 eccle-

247 2532 459 2579 siasticis.

296 2603 381 2663 {66)
422 2602 663 2652 Pericula
710 2604 1003 2667 proximus.
1060 2604 1465 2668 Hieronymus,
1505 2606 1559 2655 in
1613 2606 1849 2670 Epistola

252 2674 305 2721 ad
340 2673 550 2722 Paulam
606 2672 675 2723 de
724 2675 1179 2737 interpretatione
1224 2676 1503 2739 alphabeti
1549 2677 1845 2727 Hebraici:

252 2762 271 2787 ιι
310 2745 482 2803 Nemo,
516 2749 578 2793 ut
624 2744 819 2795 beatus
861 2745 1173 2809 Cyprianus
1212 2747 1306 2807 ait,
1333 2747 1465 2796 satis
1514 2751 1664 2797 tutus
1705 2749 1850 2811 peri-

253 2815 354 2864 culo
378 2816 678 2878 proximus.
710 2831 737 2859 »
784 2816 934 2865 Idem
972 2818 1028 2864 in
1071 2817 1318 2879 Epistola
1360 2818 1429 2867 de
1464 2817 1701 2867 Vitando
1727 2833 1851 2868 sus—

252 2890 385 2946 pecto
430 2886 838 2935 contubernio:
886 2887 1133 2936 Securius
1180 2892 1253 2936 est
1290 2890 1467 2950 perire
1500 2903 1651 2953 posse
1696 2904 1851 2953 quam

247 2958 377 3017 juxta
401 2958 692 3020 periculum
716 2971 823 3006 non
846 2960 1061 3020 perisse.

317 3030 387 3083 67)
426 3030 480 3077 L't
514 3034 850 3091 separentur.
894 3030 1091 3079 Nescio
1140 3044 1250 3093 quo
1298 3030 1464 3080 modo
1511 3032 1721 3081 factum
1770 3035 1853 3081 est

256 3102 301 3145 ut
343 3099 445 3147 haec
492 3099 663 3147 verba
715 3104 770 3148 et
814 3113 876 3148 ea
920 3113 1047 3163 qum
1093 3105 1419 3163 sequuntur,
1464 3107 1643 3164 postea
1693 3115 1852 3164 quam

256 3172 534 3219 conscientia
560 3172 885 3234 gravissima
912 3171 1247 3230 cohaeserunt,
1277 3172 1477 3220 omissa
1503 3173 1612 3221 sint
1640 3174 1693 3221 in
1730 3172 1855 3221 edi—

258 3240 376 3289 tione
400 3242 643 3304 Rigaltii,
673 3256 799 3291 cum
842 3246 1058 3291 exstent
1098 3244 1155 3291 in
1195 3243 1454 3293 omnibus
1487 3244 1855 3294 anterioribus

258 3309 554 3361 editionibus
604 3318 659 3362 et
705 3314 759 3361 in
807 3312 1068 3361 omnibus
1107 3311 1263 3362 libris
1308 3316 1512 3362 nostris
1556 3315 1851 3376 veteribus,

256 3383 347 3428 tum
379 3384 533 3431 etiam
562 3384 623 3431 in
654 3396 750 3431 sex
796 3382 1134 3445 Anglicanis.
1179 3383 1302 3444 Quo
1331 3386 1507 3447 magis
1542 3386 1746 3434 mirum
1775 3390 1857 3436 est

258 3452 431 3514 Anglos
455 3467 572 3503 eam
602 3467 827 3517 quoque
855 3458 1065 3516 partem
1095 3455 1347 3503 omisisse
1377 3455 1433 3503 in
1462 3468 1562 3505 sua
1593 3456 1851 3506 editione.

260 3520 401 3571 Vetus
446 3524 623 3573 codex
668 3525 1030 3586 Remigianus
1077 3529 1130 3572 et
1161 3524 1433 3574 Fuxensis
1478 3526 1686 3576 habent
1723 3540 1854 3576 con—

256 3594 450 3641 scientia:
477 3596 679 3657 glutino
717 3566 1051 3643 cohaeserunt.
1094 3595 1469 3658 Hieronymus
1510 3599 1564 3645 in
1608 3566 1927 3661 Epistolac

260 3662 306 3708 de
350 3664 559 3714 Vitanda
610 3672 837 3727 suspecto
891 3665 1241 3715 Contubernio
1268 3682 1284 3713 :
1330 3683 1356 3712 ‹‹
1398 3666 1457 3716 Si
1501 3672 1852 3730 peccatorum

262 3746 335 3781 vos
359 3738 725 3786 existimarem
754 3738 965 3799 glutino
991 3737 1308 3787 cohmsisse.
1340 3754 1365 3783 ››

310 3808 393 3865 (68)
437 3809 557 3855 Sine
608 3807 717 3856 ulla
759 3806 964 3869 fabula.
1018 3806 1075 3855 ld
1133 3812 1215 3857 est
1259 3821 1316 3857 re
1360 3810 1562 3871 passim
1614 3811 1853 3873 vulgata,

262 3879 409 3994 isitlait
454 3879 627 3928 Varro
667 3879 807 3928 libro
851 3892 907 3940 v,
964 3879 1024 3927 de
1070 3878 1276 3941 Lingua
1322 3879 1528 3941 Latina,
1575 3881 1849 3930 Horatius.

296 3960 317 3993 a
344 3950 406 3994 ira
438 3952 451 3994 1
487 3966 496 3994 :

296 3950 406 3997 atira
438 3952 453 3999 1
487 3966 496 3997 ;

852 4021 1044 4070 Mutato
1086 4020 1301 4069 nomine
1332 4020 1396 4069 de
1433 4025 1481 4069 te

473 4093 575 4141 Fab
584 4092 667 4141 ula
696 4096 950 4141 narratur.

266 4211 515 4261 Petronius
557 4215 617 4262 in
662 4212 889 4261 historia
933 4215 1200 4261 matronm
1253 4211 1551 4274 Ephesium
1601 4226 1614 4259 :
1664 4230 1691 4257 «
1738 4211 1857 4261 Una

264 4280 399 4341 igitur
425 4285 476 4331 in
508 4288 623 4332 tota
669 4284 890 4332 civitate
936 4282 1124 4331 fabula
1174 4286 1360 4332 erat.»
1408 4283 1626 4345 Apuleii
1660 4282 1860 4344 Apolo-

265 4352 375 4411 αἰαῖ
419 4374 443 4397 ‹‹
494 4355 695 4403 Mulier
734 4357 923 4403 sancte
970 4352 1188 4416 pudica,
1241 4358 1319 4401 tot
1372 4354 1532 4402 annis
1578 4352 1859 4401 viduitatis

267 4424 360 4472 sine
410 4427 585 4488 culpa,
645 4426 762 4473 sine
830 4424 1035 4473 fabula.
1096 4442 1123 4467 «
1188 4422 1421 4473 Ovidius
1468 4423 1561 4472 lib.
1616 4435 1652 4472 ιι
1712 4424 1859 4472 Tris-

269 4493 373 4541 tium
392 4511 405 4542 .·

480 4576 758 4626 Strinxerit
792 4580 843 4623 ut
874 4588 1069 4623 nomen
1100 4574 1272 4623 fabula
1297 4575 1437 4623 nulla
1460 4576 1623 4623 tuum.

319 4686 415 4737 Lib.
440 4702 511 4749 Iv,
539 4690 694 4753 Eleg.
730 4688 787 4736 10
818 4703 826 4735 ;

482 4784 700 4832 Nomine
731 4782 825 4830 sub
851 4784 1029 4829 nostro
1057 4780 1228 4829 fabula
1254 4780 1397 4828 nulla
1420 4779 1530 4828 fuit.

318 4872 547 4922 Amorum
576 4874 670 4922 lib.
702 4886 777 4932 nt,
809 4872 961 4934 Eleg.
992 4873 1013 4920 1
1055 4884 1065 4916 :

482 4958 690 5019 Fabula,
718 4971 815 5005 nec
841 4956 1019 5016 sentis,
1050 4958 1154 5005 tota
1180 4955 1393 5018 jactaris
1415 4954 1468 5002 in
1497 4952 1642 5002 urbe.

322 5048 418 5098 Lib.
442 5063 475 5099 ιι
506 5052 568 5101 de
596 5054 723 5101 Arte
752 5048 972 5099 amandi
996 5064 1012 5096 :

486 5147 544 5194 Ut
572 5158 830 5209 quamque
861 5143 1110 5207 attigeris,
1140 5143 1309 5191 fabula
1335 5142 1496 5205 turpis
1521 5140 1635 5189 erit.

266 4209 515 4261 Petronius
557 4215 617 4262 in
662 4212 889 4261 historia
933 4215 1200 4261 matronm
1253 4211 1551 4274 Ephesium
1601 4226 1614 4259 :

324 5244 521 5297 Possem
562 5246 735 5296 multa
778 5246 981 5295 similia
1026 5245 1277 5308 exempla
1321 5246 1579 5308 proferre.
1608 5244 1718 5296 Sed
1760 5245 1862 5293 ista

275 5317 543 5367 sufﬁciunt.

326 5390 404 5449 (69)
445 5390 628 5440 Melius
681 5395 751 5439 est
798 5389 1014 5438 nubant.
1058 5389 1192 5439 Inde
1231 5402 1421 5437 ansam
1463 5391 1692 5437 sumunt
1731 5388 1862 5437 Pro-

276 5461 499 5511 testantes
547 5460 937 5511 declamitandi
979 5458 1244 5510 adversus
1304 5464 1449 5509 vota.
1517 5459 1625 5510 Sed
1684 5460 1731 5508 si
1794 5472 1862 5509 ex

280 5532 427 5581 verbis
465 5532 721 5597 Cypriani
767 5534 1017 5596 sequitur
1043 5533 1269 5583 tolerata
1314 5533 1443 5582 olim
1482 5534 1538 5581 in
1580 5531 1863 5581 nonnullis

282 5603 495 5653 ecclesiis
538 5606 706 5655 fuisse
746 5606 1024 5667 virginum
1068 5605 1367 5664 connubia,
1418 5604 1645 5667 probata
1692 5603 1862 5652 fuisse

284 5673 472 5724 minime
508 5680 768 5739 sequitur.
800 5678 937 5726 Nam
979 5676 1033 5725 S.
1080 5675 1441 5739 Augustinus,
1473 5676 1565 5737 qui
1611 5672 1678 5724 de
1717 5688 1863 5723 non—

286 5744 420 5793 nullis
445 5748 739 5813 virginibus
784 5750 878 5811 ait,
911 5766 938 5795 «
975 5747 1170 5799 Melius
1208 5746 1483 5800 nuberent
1517 5759 1687 5810 quam
1728 5759 1860 5797 ure—

1879 4929 1939 4999 D

1946 2190 2152 2248 rentur,
2194 2203 2223 2236 »
2268 2187 2364 2238 lib.
2410 2188 2473 2237 de
2518 2188 2782 2250 Virginit.,
2810 2201 2928 2249 cap.
2954 2187 3034 2246 34,
3082 2184 3277 2248 probat
3302 2196 3368 2233 ex
3396 2183 3579 2247 Scrip-

1950 2260 2088 2309 turis
2134 2276 2161 2303 α
2208 2273 2318 2308 non
2364 2260 2545 2309 solum
2599 2272 2886 2322 capessere
2939 2258 3179 2319 nuptias,
3221 2255 3319 2305 sed
3364 2256 3581 2305 etiamsi

1948 2345 2059 2381 non
2107 2331 2365 2387 nubatur,
2412 2332 2623 2381 nubere
2657 2332 2799 2382 velle
2842 2329 3156 2380 damnabile
3182 2345 3209 2373 »
3252 2340 3375 2377 esse
3410 2329 3578 2391 virgi-

1949 2403 2134 2463 nibus,
2175 2403 2269 2451 lib.
2321 2403 2385 2452 de
2433 2405 2573 2452 Bono
2632 2403 2933 2463 Viduitatis,
2979 2414 3112 2462 cap.
3149 2401 3197 2447 9.
3249 2399 3358 2449 Sed
3400 2399 3581 2449 sancti

1949 2476 2202 2525 Doctoris
2248 2474 2415 2524 verba
2450 2474 2734 2524 referenda
2782 2478 2926 2523 sunt.
2977 2491 3006 2518 «
3050 2472 3269 2531 Multas,
3307 2471 3486 2535 inquit
3521 2472 3578 2518 in

1950 2546 2045 2595 lib.
2082 2546 2143 2595 de
2192 2546 2434 2609 Virginit.
2482 2559 2601 2607 cap.
2639 2546 2719 2606 34,
2750 2558 2937 2594 earum
2986 2545 3207 2593 revocat
3246 2556 3275 2589 a
3318 2540 3578 2590 nubendo

1950 2630 2061 2665 non
2105 2630 2258 2666 amor
2304 2616 2552 2679 prmclari
2601 2618 2882 2679 propositi,
2929 2616 3025 2665 sed
3069 2613 3241 2677 aperti
3287 2612 3573 2662 dedecoris

1950 2689 2141 2747 timor,
2198 2688 2429 2737 veniens
2476 2692 2528 2737 et
2579 2688 2694 2750 ipse
2746 2689 2815 2738 de
2866 2686 3157 2750 superbia,
3216 2698 3324 2748 qua
3378 2684 3577 2733 formi-

1950 2758 2110 2807 datur
2173 2759 2349 2822 magis
2429 2759 2749 2808 hominibus
2828 2759 3120 2821 displicere
3200 2768 3366 2819 quam
3443 2756 3582 2804 Deo.

1952 2830 2053 2878 Hm
2091 2830 2257 2893 igitur
2285 2844 2410 2893 qum
2440 2830 2649 2879 nubere
2693 2831 2903 2889 volunt,
2934 2833 2990 2881 et
3037 2829 3163 2877 ideo
3208 2841 3320 2876 non
3362 2825 3589 2874 nubunt

1954 2901 2083 2963 quia
2136 2902 2363 2963 impune
2412 2914 2522 2950 non
2577 2906 2831 2963 possunt,
2884 2914 3009 2963 qum
3062 2899 3263 2948 melius
3312 2896 3587 2946 nubet-ent

1954 2984 2119 3033 quam
2150 2976 2462 3031 urerentur,
2506 2970 2561 3019 id
2599 2975 2701 3030 est,
2741 2985 2906 3033 quam
2947 2970 3163 3020 occulta
3206 2968 3427 3018 ﬂamma
3458 2980 3588 3016 con-

1954 3042 2313 3103 cupiscentim
2366 3043 2423 3090 in
2468 3043 2586 3104 ipsa
2637 3043 2979 3092 conscientia
3029 3042 3396 3098 vastarentur,
3446 3050 3586 3101 quas

1954 3113 2182 3175 paenitet
2243 3114 2597 3175 professionis
2665 3118 2719 3163 et
2792 3115 2939 3176 piget
3005 3110 3416 3169 confessionis,
3480 3110 3586 3157 nisi

1954 3187 2263 3233 correctum
2307 3198 2403 3233 cor
2443 3185 2701 3248 dirigant,
2743 3190 2798 3234 et
2842 3186 2943 3233 Dei
2990 3185 3183 3232 timore
3226 3194 3420 3230 rursus
3459 3180 3586 3229 libi-

1955 3256 2142 3304 dinem
2186 3256 2428 3316 vincant,
2475 3258 2530 3305 in
2574 3258 2805 3305 mortuis
2855 3255 3191 3319 deputandm
3242 3258 3389 3302 sunt.
3440 3269 3466 3295 »
3515 3253 3587 3301 Et

1954 3329 2010 3377 in
2053 3328 2195 3377 libro
2231 3328 2294 3377 de
2333 3330 2477 3377 Bono
2528 3328 2826 3385 Viduitatis,
2871 3340 2990 3389 cap.
3021 3332 3047 3375 9
3082 3342 3092 3374 :
3141 3341 3171 3373 «κ
3200 3325 3261 3372 In
3309 3322 3586 3385 conjugali

1956 3399 2162 3462 quippe
2207 3398 2432 3448 vinculo
2476 3399 2521 3447 si
2573 3398 2840 3461 pudicitia
2883 3400 3261 3455 conservatur,
3306 3393 3587 3442 damnatio

1955 3484 2065 3519 non
2120 3470 2344 3519 timetur
2396 3484 2406 3516 :
2466 3469 2562 3519 sed
2612 3470 2666 3517 in
2720 3468 2931 3518 viduali
2980 3472 3033 3517 et
3084 3465 3340 3529 virginali
3402 3465 3587 3513 conti—

1957 3540 2178 3600 nentia,
2233 3541 2564 3591 excellentia
2631 3542 2879 3589 muneris
2930 3539 3213 3601 amplioris
3265 3536 3581 3599 expetitur;

1956 3626 2063 3675 qua
2110 3613 2349 3675 expetita
2391 3616 2444 3662 et
2493 3612 2671 3662 electa
2724 3616 2777 3660 et
2823 3612 2931 3659 voti
2986 3610 3171 3659 debito
3224 3608 3426 3666 oblata,
3472 3608 3587 3669 jam

1954 3697 2065 3733 non
2108 3685 2288 3733 solum
2334 3697 2625 3746 capessere
2670 3683 2909 3744 nuptias,
2942 3682 3039 3729 sed
3081 3680 3297 3731 etiamsi
3336 3692 3448 3727 non
3488 3690 3591 3726 nu-

1955 3754 2135 3813 batur,
2164 3754 2373 3804 nubere
2402 3755 2546 3805 velle
2575 3753 2892 3803 damnabile
2933 3756 3033 3804 est.
3064 3754 3199 3802 Nam
3246 3754 3308 3799 ut
3354 3750 3462 3799 hoc
3492 3749 3588 3799 de-

1956 3827 2284 3873 monstraret
2323 3824 2640 3886 Apostolus,
2687 3836 2798 3870 non
2848 3824 2939 3881 ait,
2970 3836 3085 3871 cum
3129 3823 3186 3869 in
3236 3816 3437 3869 deliciis
3478 3832 3591 3881 ege-

1956 3895 2083 3953 rint,
2119 3896 2175 3943 in
2207 3895 2413 3943 Christo
2440 3894 2677 3953 nubunt,
2706 3893 2821 3954 sed,
2848 3892 3042 3942 nubere
3066 3892 3249 3941 volunt
3284 3906 3299 3951 ;
3328 3889 3588 3945 habentes,

1956 3967 2156 4029 inquit,
2202 3966 2630 4026 damnationem;
2672 3965 2923 4027 quoniam
2972 3965 3204 4025 primam
3252 3964 3403 4026 ﬁdem
3461 3962 3588 4009 irri-

1956 4042 2062 4085 tam
2093 4035 2325 4097 fecerunt
2360 4036 2410 4096 (l
2458 4036 2608 4093 Tim,
2640 4048 2695 4094 v,
2742 4036 2817 4091 ll,
2864 4034 2960 4090 12.)
2998 4049 3009 4081 :
3063 4034 3166 4082 etsi
3210 4048 3320 4083 non
3369 4032 3588 4081 nuben-

1958 4106 2048 4165 do,
2102 4111 2315 4156 tantum
2366 4106 2645 4155 valendo:
2700 4119 2811 4153 non
2870 4105 3001 4167 quia
3052 4104 3187 4168 ipsm
3246 4105 3456 4167 nuptim
3504 4101 3590 4150 vel

1962 4178 2155 4227 talium
2201 4176 2531 4226 damnandm
2589 4177 2931 4239 judicantur,
2975 4175 3071 4224 sed
3132 4174 3425 4224 damnatur
3467 4186 3593 4235 pro-

1959 4248 2120 4311 positi
2167 4248 2336 4309 fraus,
2369 4249 2663 4297 damnatur
2712 4248 2883 4296 fracta
2931 4246 3041 4295 voti
3094 4245 3248 4307 ﬁdes,
3291 4245 3585 4295 damnatur

1960 4333 2070 4368 non
2120 4322 2397 4383 susceptio
2438 4336 2467 4368 a
2508 4320 2653 4369 bono
2694 4318 2968 4375 inferiore,
3006 4317 3102 4365 sed
3134 4320 3293 4366 ruina
3335 4332 3403 4368 ex
3446 4317 3592 4365 bono

1960 4392 2241 4453 superiore
2291 4406 2301 4439 :
2360 4395 2635 4453 postremo
2687 4390 3019 4437 damnantur
3078 4389 3255 4445 tales,
3301 4402 3414 4438 non
3462 4389 3590 4449 quia

1960 4462 2304 4524 conjugalem
2352 4462 2517 4510 ﬁdem
2546 4461 2821 4523 posterius
2852 4459 3116 4516 inierunt,
3154 4458 3249 4507 sed
3289 4460 3419 4521 quia
3464 4470 3593 4505 con-

1963 4534 2207 4582 tinentim
2252 4533 2485 4594 primum
2534 4531 2697 4580 fidem
2764 4531 2971 4578 irritam
3024 4530 3286 4578 fecerunt.
3335 4548 3361 4574 »
3411 4528 3591 4588 Quam

1962 4619 2072 4653 non
2126 4603 2402 4652 violabilia
2461 4606 2587 4650 vota
2649 4600 2941 4650 crediderit
2990 4599 3301 4661 Cyprianus
3356 4598 3591 4661 perspici

1960 4679 2140 4737 potest
2171 4689 2235 4723 ex
2273 4673 2376 4722 hac
2422 4674 2537 4735 ipsa
2570 4671 2824 4733 epistola,
2856 4674 2909 4718 et
2953 4683 3019 4718 ex
3046 4670 3410 4731 sexagesima,
3438 4674 3491 4717 et
3530 4667 3594 4715 li-

1960 4746 2059 4795 bro
2106 4746 2167 4793 de
2217 4744 2411 4793 Habitu
2471 4743 2763 4805 Virginum.
2822 4740 3122 4802 Corruptus
3180 4740 3419 4803 virgines
3480 4751 3591 4787 non

1962 4817 2161 4875 mariti,
2189 4815 2285 4865 sed
2329 4814 2535 4865 Christi
2575 4813 2855 4861 adulteras
2887 4824 3006 4860 esse
3051 4810 3318 4871 declarat,
3354 4824 3476 4874 pag.
3506 4808 3597 4859 103

1962 4890 2017 4937 et
2068 4889 2173 4935 172.
2226 4887 2372 4936 Hinc
2412 4886 2491 4934 eis
2539 4890 2648 4933 tam
2704 4896 2927 4947 gravem
2985 4882 3368 4945 pmnitentiam
3416 4883 3594 4945 impo-

1966 4958 2203 5008 nendam
2244 4969 2364 5006 esse
2413 4955 2581 5004 duxit.
2630 4955 2737 5004 Eas
2784 4968 2905 5004 sese
2954 4953 3175 5004 Christo
3222 4952 3494 5003 dicavisse
3538 4956 3592 5001 et

1967 5034 2076 5079 tam
2103 5042 2266 5078 carne
2290 5041 2456 5091 quam
2484 5030 2669 5076 mente
2697 5027 2811 5075 Deo
2842 5025 3061 5074 vovisse
3104 5024 3284 5083 docet,
3328 5039 3451 5088 pag.
3482 5025 3591 5081 174,

1964 5114 2267 5164 eorumque
2310 5098 2557 5148 membra
2597 5096 2814 5147 Christo
2850 5096 3026 5146 dicata
3070 5108 3208 5151 esse,
3251 5100 3304 5145 et
3341 5097 3396 5143 in
3435 5100 3597 5145 mter-

1964 5186 2099 5220 num
2153 5169 2510 5220 continentiae
2564 5170 2775 5218 honore
2849 5166 3051 5231 pudica
3106 5167 3308 5215 virtute
3374 5166 3592 5224 devota,

2001 5258 2084 5292 an.
2110 5243 2216 5292 100.

1963 5258 2317 5376 Ρδὲῐὸῖυὲςυιί
2361 5326 2493 5374 saepe
2538 5311 2825 5372 fallantur.
2875 5310 2968 5359 Sic
3013 5310 3254 5371 antiqua:
3300 5308 3589 5364 editiones,

1963 5391 2175 5449 septem
2202 5390 2387 5435 vetera
2418 5382 2753 5445 exemplaria
2794 5386 2999 5441 nostra,
3034 5385 3085 5429 et
3119 5380 3230 5429 duo
3263 5380 3589 5443 Auglicana.

1964 5458 2085 5507 Alia
2152 5456 2263 5505 duo
2324 5458 2512 5504 nostra
2571 5457 2622 5503 et
2678 5453 2789 5501 duo
2846 5453 2977 5500 item
3035 5450 3341 5512 Anglicana
3394 5450 3602 5498 habent

1965 5548 1991 5575 «
2037 5529 2243 5579 Oculos
2286 5540 2433 5591 smpe
2482 5526 2650 5575 fallat.
2709 5543 2735 5570 »
2782 5523 2905 5572 Alia
2954 5536 3049 5572 sex
3095 5525 3283 5570 nostra
3336 5525 3387 5570 et
3433 5519 3604 5591 editio

1967 5600 2217 5661 Manutii,
2249 5619 2275 5645 «
2304 5586 2518 5651 Oculus
2549 5610 2697 5659 smpe
2736 5594 2975 5645 fallatur.
3006 5612 3031 5637 »
3076 5593 3280 5642 Notum
3316 5596 3398 5640 est
3428 5586 3569 5639 illud
3595 5604 3606 5636 :

1966 5692 1990 5719 ‹‹
2014 5674 2206 5728 Frons.
2235 5672 2405 5732 oculi,
2431 5670 2619 5719 vultus
2652 5679 2901 5729 persmpe
2927 5664 3296 5714 mentiuntur.
3325 5677 3353 5707 »

2030 5746 2124 5809 (71)
2168 5726 2362 5795 Mulier
2393 5726 2575 5809 'potest
2622 5726 2747 5803 esse,
2797 5726 3048 5787 Mulieris
3103 5745 3312 5787 nomen
3356 5726 3633 5801 generale
