4160 6216
527 264 630 319 379

1429 270 1487 326 S.
1529 274 1843 329 CYPRIANI
1882 275 2157 332 OPERUM
2194 277 2364 332 PARS
2405 279 2446 330 Ι.
2486 306 2554 316 -
2594 277 2958 334 EPISTOLZE.
3756 290 3846 344 380

526 390 815 460 corrumpi
858 392 1046 460 potest
1092 391 1196 462 (72)
1239 394 1296 446 et
1326 396 1517 450 tamen
1551 395 1748 467 inspici
1776 414 1891 452 non
1935 402 2144 469 potest.
2170 412 2228 484 Α
2249 400 2488 456 evadere
2519 401 2676 455 omni
2709 401 2943 456 consilio
2970 401 3267 472 providere
3296 406 3350 457 et
3378 402 3656 459 elaborare
3691 406 3848 464 debe-

529 482 692 536 Certe
722 483 837 553 ipse
865 484 1217 553 concubitus,
1264 488 1380 558 ipse
1423 491 1773 560 complexus,
1804 491 1926 563 ipsa
1953 493 2145 547 confa-

525 574 736 628 bulatio
781 580 836 630 et
878 577 1211 633 inosculatio
1251 580 1394 650 (73),
1437 588 1494 636 et
1533 584 1946 653 conjacentium
2006 587 2148 641 duo-

525 683 652 720 rum
697 669 875 740 turpis
917 676 975 724 et
1013 671 1159 726 foeda
1203 673 1493 744 dormitio,
1537 681 1812 746 quantum
1857 679 2150 734 dedecoris

519 760 575 814 et
606 759 859 816 criminis
888 763 1190 819 conﬁtetur
1213 765 1226 818 l
1250 766 1306 820 Si
1337 769 1745 839 superveniens
1777 771 2014 826 maritus
2034 772 2148 843 (74)

523 869 788 923 sponsam
822 854 1015 928 369
1054 875 1218 912 suam
1251 861 1539 930 jacentem
1571 879 1700 917 cum
1731 865 1905 920 altero
1933 865 2143 934 videat,

524 962 718 1001 nonne
747 949 1085 1020 indignatur
1111 956 1166 1007 et
1196 953 1388 1008 fremit
1410 958 1466 1009 et
1495 971 1596 1026 per
1621 957 1722 1011 zeli
1751 958 2010 1013 dolorem
2035 960 2146 1029 (75)

522 1039 778 1095 fortassis
813 1048 870 1096 et
897 1045 1156 1112 gladium
1187 1047 1245 1100 in
1274 1063 1512 1102 manum
1540 1051 1759 1104 sumit?
1787 1051 1932 1116 Quid
1963 1053 2149 1107 Chris-

524 1135 614 1186 tus
659 1139 715 1188 et.
761 1135 1029 1191 Dominus
1075 1145 1132 1193 et
1179 1141 1356 1210 judex
1403 1146 1616 1210 noster,
1665 1161 1796 1199 cum
1863 1145 2146 1217 virginem

525 1243 684 1280 suam
739 1228 844 1282 sibi
898 1230 1141 1286 dicatam
1199 1237 1257 1287 et
1303 1237 1590 1291 sanctitati
1644 1255 1759 1292 suae
1806 1239 2145 1295 destinatam

514 1320 710 1389 jacere
741 1337 870 1376 cum
897 1324 1077 1379 altero
1125 1327 1356 1382 cernit?
1385 1345 1559 1399 quam
1589 1330 1921 1402 indignatur
1947 1341 2002 1389 et
2029 1335 2145 1390 ira-

525 1413 717 1482 scitur,
743 1420 802 1468 et
831 1433 974 1487 quas
1000 1435 1194 1490 paruas
1219 1421 1448 1476 incestis
1475 1424 1750 1494 ejusmodi
1793 1428 2145 1499 conjunctio-

524 1506 691 1561 nibus
721 1511 1120 1579 comminatur,
1161 1515 1320 1585 cujus
1367 1520 1428 1570 ut
1455 1517 1707 1588 gladium
1737 1520 2054 1591 spiritalem
2091 1528 2149 1578 et

523 1605 828 1656 venturum
851 1603 1054 1674 judicii
1089 1607 1240 1662 diem
1278 1611 1665 1684 unusquisque
1699 1614 1940 1669 fratrum
1976 1617 2150 1686 possit

2251 494 2424 548 mus?
2470 497 2535 550 Et
2579 511 2710 549 cum
2749 511 2951 549 omnes
2998 495 3231 550 omnino
3277 494 3624 566 disciplinam
3667 503 3847 556 tenere

2249 590 2530 657 Oporteat,
2577 589 2753 642 multo
2786 588 2970 660 magis
3014 588 3348 660 praepositos
3379 594 3433 643 et
3472 589 3728 645 diaconos
3752 594 3849 665 (‘76)

2249 697 2444 736 curare
2475 681 2582 736 hoc
2608 681 2690 736 fas
2733 685 2840 746 est,
2887 681 2983 752 qui
3013 683 3335 753 exemplum
3371 685 3427 737 et
3465 683 3849 742 documentum

2249 775 2465 829 caeteris
2493 775 2564 829 de
2593 776 3019 830 conversatione
3051 781 3108 831 et
3136 776 3385 830 moribus
3413 777 3526 831 suis
3556 778 3850 848 praebeant.

2251 867 2544 931 Quomodo
2574 869 2729 922 enim
2775 872 3009 940 possunt
3055 868 3374 940 integritati
3405 873 3460 923 et
3504 871 3850 928 continentia:

2249 977 2509 1032 prasesse,
2538 962 2583 1016 si
2611 979 2674 1017 ex
2701 962 2835 1034 ipsis
2862 963 3138 1034 incipiant
3165 963 3503 1034 corruptelae
3525 967 3581 1019 et
3604 965 3851 1023 vitiorum

2250 1055 2577 1125 magisteria
2599 1057 2908 1126 procedere
2925 1057 2952 1111 ?

2321 1150 2402 1202 ιν.
2439 1150 2502 1204 Et
2529 1149 2736 1204 idcirco
2763 1150 3018 1204 consulte
3059 1153 3115 1205 et
3143 1166 3274 1204 cum
3303 1150 3493 1222 vigore
3518 1151 3714 1218 fecisti,
3752 1154 3850 1208 fra-

2249 1249 2334 1297 ter
2371 1243 2718 1311 charissime,
2749 1243 3089 1298 abstinendo
3126 1244 3434 1299 diaconum
3465 1245 3560 1316 qui
3601 1262 3725 1300 cum
3761 1247 3854 1301 vir-

2249 1336 2382 1408 gine
2414 1336 2691 1409 (77)smpe
2707 1337 2937 1405 mansit,
2957 1337 3050 1392 sed
3084 1344 3139 1392 et
3163 1343 3394 1393 caeteros
3422 1339 3520 1409 qui
3547 1355 3672 1393 cum
3693 1340 3852 1411 virgi-

2248 1429 2414 1484 nibus
2447 1431 2695 1486 dormire
2744 1435 3172 1486 consucverant.
3203 1433 3361 1497 Quod
3402 1432 3446 1486 si
3487 1433 3854 1503 pcenitentiam

2250 1525 2418 1595 hujus
2449 1524 2626 1580 illiciti
2643 1525 2977 1580 concubitus
2994 1523 3187 1598 370
3211 1526 3298 1581 sui
3327 1526 3554 1597 egerint
3573 1529 3677 1580 eta
3700 1543 3756 1580 se
3783 1528 3856 1582 in-

2247 1617 2430 1672 vicem
2460 1619 2814 1686 recesserint,
2843 1619 3216 1690 inspicientur
3246 1619 3477 1674 interim
3497 1618 3737 1692 virgines
3755 1621 3855 1690 (78)

1824 1724 2044 1807 Steph.
2093 1726 2339 1792 Baluzii
2382 1734 2578 1794 notas.

524 1839 609 1884 est
634 1839 688 1886 et
724 1839 779 1886 in
823 1840 1145 1891 universum
1188 1845 1459 1908 signiﬁcat
1496 1848 1731 1898 feminas
1773 1854 2023 1913 expertas
2063 1863 2152 1900 ve-

524 1919 716 1985 nerem
767 1912 1208 1985 et‘inexpertas,
1259 1915 1315 1964 id
1363 1922 1443 1967 est
1493 1919 1752 1980 virgines.
1808 1912 1956 1971 Hinc
2012 1920 2152 1971 illud

526 1974 853 2054 Hieronymi
897 1983 954 2030 in
998 1983 1244 2046 Epistola
1284 1986 1352 2038 de
1387 1974 1616 2040 vitando
1657 1993 1914 2054 suspecto
1949 1991 2155 2042 Contu-

522 2045 715 2127 bernio
749 2067 778 2127 εΔ
811 2070 838 2096 «
882 2045 1139 2106 Mulieres
1179 2059 1290 2108 cito
1335 2066 1653 2121 senescunt,
1684 2045 1986 2125 prmsertim
2027 2075 2154 2127 quae

517 2120 876 2198 jEXta__viros
925 2131 1071 2176 sunt.
1132 2145 1158 2174 ι)
1205 2129 1291 2180 Ad
1331 2144 1500 2193 quam
1547 2120 1968 2198 rem—apposite
2023 2120 2153 2185 Ovi-

523 2190 668 2251 dius,
696 2193 791 2244 lib.
821 2209 880 2245 III
908 2198 970 2246 de
990 2200 1116 2250 Arte
1136 2190 1367 2252 Amandi
1393 2217 1410 2251 :

707 2299 853 2418 l'lt‘dde
879 2303 1016 2364 quod
1049 2309 1099 2354 et
1128 2309 1302 2368 partus
1333 2305 1531 2356 faciunt
1555 2306 1794 2358 breViora
1815 2307 2044 2372 juventae

749 2384 980 2418 emnora.

749 2384 980 2434 empora.

529 2483 844 2562 "Attamen
895 2500 1043 2551 smpe
1086 2490 1420 2562 vocabulum
1474 2493 1710 2544 mulieris
1765 2495 2004 2544 sumitur
2054 2508 2152 2558 pro

526 2557 593 2601 iis
645 2557 857 2626 tantum
919 2572 1044 2623 quas
1105 2559 1252 2610 viros
1304 2566 1547 2626 experta
1601 2567 1761 2623 sunt,
1813 2567 1874 2613 ut
1928 2557 2069 2615 istic’
2099 2568 2152 2614 et

522 2622 670 2697 apud
715 2622 1138 2693 Tertulli’anum,
1181 2633 1239 2682 in
1275 2622 1418 2684 libro
1450 2633 1514 2683 de
1563 2622 1858 2697 Virginibus
1895 2635 2149 2686 vetandis.

520 2694 918 2762 Quintilianus,
943 2702 1036 2752 lib.
1084 2718 1158 2764 vr,
1198 2718 1319 2769 cap.
1352 2708 1398 2766 l,
1445 2707 1610 2757 tradit
1647 2694 1992 2769 Ciceronem,
2021 2723 2150 2760 cum

519 2779 649 2843 eum
701 2771 929 2834 quidam
983 2775 1337 2841 objurgarent
1379 2778 1528 2842 quod
1589 2780 1984 2843 sexagenarius
2039 2781 2152 2829 Po-

521 2839 710 2914 piliam
770 2843 1041 2907 virginem
1102 2839 1412 2906 duxisset;
1445 2839 1797 2914 respondisse
1851 2867 1865 2899 :
1925 2867 1955 2898 «
2014 2851 2150 2901 Cras

522 2910 727 2986 mulier
778 2915 895 2964 erit.
938 2934 965 2962 »
1019 2918 1304 2981 Ulpianus,
1353 2921 1408 2969 in
1461 2910 1555 2970 lib:
1613 2921 1874 2986 Alioquin
1920 2922 2041 2985 Dig.
2087 2922 2152 2972 de

519 2983 758 3032 contrah.
817 2990 971 3050 empt.
1028 2989 1151 3038 ait:
1191 3005 1220 3038 α
1272 2991 1434 3053 Quod
1484 2993 1529 3041 si
1586 3005 1687 3056 ego
1738 2983 1826 3043 me
1877 2983 2150 3056 virginem

520 3066 704 3127 emere
737 3060 1007 3121 putarem,
1051 3074 1180 3110 cum
1223 3066 1368 3112 esset
1409 3063 1627 3124 mulier,
1673 3065 1878 3127 emptio
1923 3064 2149 3114 valebit.

519 3124 583 3174 In
635 3139 773 3176 sexu
825 3131 971 3179 enim
1020 3146 1128 3182 non
1172 3137 1255 3182 est
1299 3138 1554 3183 erratum.
1593 3151 1622 3182 »
1669 3124 2009 3195 Lactantius,
2052 3135 2146 3184 lib.

519 3210 558 3269 ξ,
610 3211 730 3261 cap.
786 3203 896 3248 l7:
955 3219 983 3249 «
1036 3202 1093 3252 Si
1142 3205 1292 3267 virgo
1347 3206 1451 3253 fuit
1511 3206 1724 3268 primo,
1776 3212 1972 3269 postea
2031 3220 2150 3254 mu-

517 3268 634 3318 lier.
666 3288 691 3313 »
741 3271 1116 3335 Hieronymus
1158 3275 1214 3323 in
1260 3275 1399 3324 libro
1430 3276 1686 3326 adversus
1731 3268 2052 3338 Helvidium,
2093 3279 2148 3326 in

519 3340 698 3402 primo
747 3341 887 3391 libro
948 3344 1196 3394 adversus
1241 3346 1548 3404 Jovianum,
1586 3351 1641 3396 et.
1687 3349 1741 3396 in
1789 3347 2025 3410 Epistola
2081 3349 2152 3397 ad

517 3412 858 3462 Eustochium
912 3415 980 3465 de
1031 3418 1360 3480 Virginitate
1415 3419 1708 3480 servanda,
1753 3421 1919 3469 refert
1967 3420 2150 3469 locum

520 3481 670 3531 Pauli
700 3486 931 3546 apostoli
966 3500 1033 3536 ex
1085 3489 1262 3551 capite
1291 3491 1524 3552 septimo
1575 3491 1773 3552 prioris
1810 3489 2054 3553 Epistolas
2083 3491 2152 3539 ad

520 3553 837 3617 Corinthios,
885 3557 980 3606 ubi
1019 3573 1116 3621 pro
1175 3573 1242 3609 eo
1313 3561 1462 3623 quod
1512 3561 1569 3610 in
1617 3561 1862 3612 editione
1915 3561 2153 3625 Vulgata

519 3625 787 3688 scriptum
831 3631 931 3686 est,
967 3629 1157 3678 mulier
1186 3632 1410 3695 innupta
1450 3637 1495 3681 et
1537 3633 1706 3695 virgo,
1765 3636 1926 3682 vetus
1973 3633 2153 3682 inter-

517 3708 644 3767 pres
679 3700 903 3760 posuit:
941 3700 1123 3750 Divisa
1164 3705 1236 3752 est
1267 3703 1417 3764 virgo
1453 3708 1498 3752 et
1541 3703 1756 3751 mulier.
1787 3705 1972 3767 Atque
1997 3703 2153 3753 hunc

497 3764 702 3844 ,‘locum
727 3781 809 3844 ea
829 3769 923 3819 illa
949 3773 1136 3844 veteri
1169 3773 1424 3824 versione
1464 3775 1601 3824 citat
1644 3774 1812 3823 etiam
1857 3764 2152 3822 Tertullia-

519 3840 628 3888 nus
669 3841 725 3888 in
754 3840 894 3890 libro
927 3843 990 3892 de
1050 3844 1346 3907 Virginibus
1388 3844 1644 3894 vetandis.
1690 3844 1774 3894 Ex
1819 3857 1930 3908 quo
1975 3856 2153 3907 appa—

516 3913 599 3958 ret
659 3915 898 3962 veterem
961 3914 1112 3965 hunc
1159 3916 1512 3979 interpretem
1567 3915 1858 3966 mulierem
1921 3927 2152 3966 vocasse

518 3996 640 4032 eam
675 3996 801 4048 quas
844 3986 998 4050 virgo
1035 3999 1146 4036 non
1194 3992 1294 4038 est.
1340 3987 1490 4037 Idem
1531 3989 1705 4037 sensit
1743 3991 1970 4037 sanctus
2013 3987 2149 4037 Am-

517 4054 756 4118 brosius,
797 4069 897 4106 seu
941 4059 1067 4120 quis
1108 4058 1268 4121 alius,
1320 4057 1414 4108 lib.
1457 4072 1512 4108 ill
1574 4057 1717 4122 Ofﬁc.
1761 4072 1879 4121 cap.
1923 4059 1972 4120 8,
2012 4059 2151 4108 scri-

516 4125 674 4188 bens,
724 4144 750 4171 «
804 4129 1066 4180 mulieres
1116 4143 1246 4179 suas
1291 4133 1348 4179 et
1389 4143 1590 4194 pueros
1646 4129 1942 4193 direptioni
1992 4129 2150 4178 futu-

515 4210 622 4246 ros.
681 4215 710 4244 »
754 4198 990 4262 Optatus
1041 4201 1410 4261 Milevitanus,
1458 4201 1553 4250 lib.
1602 4214 1639 4251 ιι
1673 4215 1684 4249 :
1717 4217 1747 4248 «
1793 4201 1927 4250 Inde
1972 4214 2155 4252 rever-

517 4272 694 4318 tentes
728 4270 980 4320 Urbanus
1014 4272 1331 4321 Formensis
1373 4275 1427 4322 et
1475 4271 1636 4322 Felix
1676 4271 1970 4322 Idicrensis
1999 4271 2150 4321 inve-

512 4345 718 4389 nerunt
766 4347 970 4392 matres
1027 4356 1166 4406 quas
1216 4342 1284 4392 de
1348 4341 1826 4393 castimonialibus
1901 4341 2150 4390 fecerunt

513 4411 794 4460 mulieres.
822 4430 849 4457 ››
875 4413 1018 4463 Hinc
1044 4426 1179 4462 nova
1205 4413 1394 4463 mulier
1422 4413 1568 4477 apud
1597 4412 1877 4463 Catullum
1927 4412 1981 4460 in
2021 4426 2150 4462 car-

513 4482 664 4532 mine
689 4482 752 4532 de
784 4485 970 4544 Attine,
1001 4485 1068 4534 M.
1101 4484 1256 4547 Cato,
1292 4484 1438 4548 apud
1477 4486 1539 4534 Α.
1579 4484 1840 4544 Gellium,
1884 4483 1977 4531 lib.
2010 4496 2148 4545 avn,

514 4568 633 4617 cap.
685 4556 734 4605 6.
792 4555 1097 4606 Voconiam
1139 4557 1317 4622 legem
1360 4557 1602 4606 suadens
1650 4555 1737 4604 his
1783 4555 1967 4606 verbis
2012 4567 2148 4605 usus

513 4630 596 4676 est
650 4641 660 4674 :
711 4627 978 4690 Principio
1030 4628 1170 4678 vobis
1226 4628 1418 4678 mulier
1462 4641 1708 4692 magnam
1781 4627 1950 4676 dotem
2009 4630 2149 4676 attu-

515 4697 595 4746 lit.
638 4699 895 4749 Jeremiae
939 4713 1059 4762 cap.
1104 4713 1181 4750 xv
1209 4715 1220 4747 :
1253 4699 1500 4749 Mulieres
1543 4704 1599 4747 in
1643 4699 1772 4748 Sion
1827 4696 2147 4746 humiliave-

511 4775 638 4819 runt
683 4776 729 4819 et
759 4772 988 4834 virgines
1035 4773 1091 4820 in
1132 4771 1426 4822 civitatibus
1461 4771 1620 4821 Juda.
1670 4771 1780 4820 Nos
1823 4770 2145 4820 Lemovices

513 4841 814 4891 etiamnum
844 4844 1154 4903 mulierem,
1204 4841 1447 4902 moulier,
1475 4855 1738 4892 vocamus
1784 4841 2049 4891 feminam
2086 4842 2144 4889 in

508 4913 857 4962 matrimonio
883 4916 1265 4974 constitutam,
1300 4914 1542 4963 deducto
1569 4912 1824 4962 videlicet
1871 4911 2145 4961 vocabulo

512 4997 542 5030 a
594 4997 729 5033 voce
781 4983 970 5046 latina,
1019 4984 1242 5043 mollier,
1294 4998 1460 5047 quam
1509 4983 1683 5032 Varro
1722 4981 1868 5046 apud
1913 4983 2147 5032 Lactan-

506 5055 665 5112 tium,
729 5068 850 5117 cap.
906 5057 964 5105 l2
1009 5055 1072 5103 de
1119 5055 1334 5118 Opi/icio
1382 5055 1494 5114 Dei,
1553 5056 1629 5104 ait
1691 5054 1765 5104 ita
1821 5057 2070 5104 vocatam
2116 5067 2147 5102 a

510 5128 758 5177 mollitie.
788 5128 911 5178 Itali
945 5129 1139 5178 dicunt
1181 5128 1386 5190 moglie.
1421 5126 1558 5177 Vide
1600 5132 1633 5176 t.
1665 5127 1712 5176 II
1737 5127 2145 5190 Cupitularium,

514 5211 566 5258 p.
606 5198 715 5247 796.

569 5267 664 5328 (72)
706 5268 990 5332 Corrumpi
1026 5271 1206 5334 possit.
1254 5271 1332 5319 Ita
1373 5282 1567 5320 omnes
1614 5269 1885 5321 editiones
1927 5274 1982 5321 et
2019 5284 2147 5320 om-

509 5352 610 5389 nes
637 5339 750 5388 fere
793 5339 919 5389 libri
950 5341 1119 5390 nostri
1169 5345 1401 5403 veteres,
1439 5345 1555 5391 tum
1604 5342 1768 5391 etiam
1812 5345 1921 5391 tres
1961 5343 2148 5406 Angli-

511 5411 654 5460 cani.
710 5411 846 5460 Tres
902 5416 1089 5462 tamen
1143 5411 1348 5464 habent
1412 5413 1624 5464 violari.
1685 5412 1891 5462 Vocem
1961 5419 2146 5464 autem

511 5483 670 5530 istam
712 5482 924 5544 primus
963 5484 1018 5532 in
1064 5488 1385 5534 contextum
1425 5485 1690 5548 Cypriani
1735 5483 1919 5533 intulit
1965 5483 2146 5546 Rigal-

510 5553 636 5601 tius.
704 5553 1165 5604 Emendationem
1219 5561 1459 5605 nostram
1536 5569 1658 5605 esse
1740 5557 1940 5605 bonam
2015 5555 2146 5605 hinc

509 5637 732 5688 quoque
759 5626 942 5689 colligi
968 5629 1149 5690 potest
1186 5626 1334 5688 quod
1385 5627 1549 5689 paulo
1576 5640 1742 5689 supra
1787 5627 1842 5674 in
1887 5625 1992 5675 hac
2021 5627 2144 5690 epi-

511 5697 649 5744 stola
677 5697 944 5760 scriptum
980 5703 1081 5758 est,
1109 5700 1378 5760 corrumpi
1403 5697 1663 5762 plurimas
1686 5698 1934 5762 virgines.

575 5769 673 5829 (73)
725 5769 1060 5819 Inosculatz'o.
1112 5769 1248 5819 Haec
1313 5773 1393 5818 est
1443 5768 1612 5819 lectio
1654 5772 1902 5819 veterum
1938 5768 2145 5820 editio-

510 5852 645 5891 num
689 5844 741 5894 et
783 5845 1000 5908 septem
1045 5841 1463 5906 exemplarium,
1509 5853 1680 5905 quam
1723 5843 1856 5906 puto
1901 5851 2022 5892 esse
2048 5837 2146 5890 bo-

2172 3242 2226 3315 C

2173 1876 2228 1946 B
2455 1855 2916 1946 sese?“
2971 1855 3119 1946 ειυοέ
3414 1867 3541 1946 εξοξιι
3583 1856 3864 1946 esseest

2254 1926 2468 1988 antiqui
2500 1925 2695 1975 Latini.
2728 1925 2864 1976 Nam
2891 1939 2958 1977 eo
2991 1927 3157 1976 modo
3209 1927 3318 1976 dici
3363 1929 3546 1989 potest
3595 1925 3863 1974 inoscula-

2255 1997 2330 2045 tio
2378 2010 2490 2061 quo
2544 1996 2806 2046 videmus
2842 1998 3102 2062 antiquos
3168 2011 3398 2048 vocasse
3456 1996 3863 2048 inoculationem

2252 2080 2429 2132 genus
2463 2069 2735 2118 insitionis
2771 2081 2898 2131 quae
2939 2069 3003 2118 ﬁt
3038 2083 3136 2132 per
3165 2068 3657 2131 implastrationem
3689 2081 3700 2114 :
3749 2079 3864 2116 cum

2253 2141 2450 2190 oculus
2496 2141 2663 2190 unius
2714 2141 2923 2191 arboris
2967 2141 3121 2192 alteri
3179 2140 3493 2199 adhibetur,
3540 2151 3639 2188 seu
3687 2137 3868 2188 oculus

2253 2211 2308 2258 in
2343 2210 2536 2261 arbore
2585 2212 2845 2275 aperitur,
2891 2217 2952 2260 ut
2998 2211 3184 2261 videre
3235 2214 3318 2261 est
3359 2209 3512 2274 apud
3567 2208 3794 2257 Plinium
3819 2211 3868 2256 et

2253 2281 2634 2332 Columellam.
2694 2282 2786 2333 Sic
2831 2282 3162 2333 inosculatio
3214 2285 3297 2332 est
3357 2279 3656 2344 applicatio
3707 2276 3868 2328 osculi

2251 2354 2320 2403 ad
2387 2354 2660 2404 osculum.
2708 2355 2986 2404 Manutius
3037 2357 3094 2404 et
3140 2355 3231 2417 qui
3289 2356 3484 2416 postea
3538 2349 3709 2400 secuti
3755 2351 3869 2397 sunt

2251 2428 2556 2488 posuerunt
2603 2424 2874 2476 osculatio.
2931 2426 3112 2488 Quam
3163 2424 3461 2474 lectionem
3543 2433 3642 2484 ego
3705 2420 3867 2482 reperi

2251 2497 2309 2544 in
2359 2499 2570 2559 septem
2617 2495 2773 2545 libris
2815 2495 3114 2546 veteribus.
3154 2495 3552 2557 Hieronymus,
3597 2490 3689 2540 lib.
3725 2505 3739 2540 ι
3784 2488 3867 2538 ad-

2251 2581 2430 2618 versus
2481 2566 2715 2629 Ruﬁnum
2757 2581 2774 2613 .·
2806 2583 2832 2612 α
2883 2565 3105 2616 Hebraei
3144 2567 3300 2628 juxta
3339 2565 3548 2628 linguai
3590 2576 3702 2613 suae
3754 2573 3866 2624 pro-

2250 2639 2535 2700 prietatem
2571 2636 3039 2687 deosculationem
3070 2651 3168 2700 pro
3198 2637 3558 2687 veneratione
3604 2635 3862 2698 ponunt.»

2249 2709 2396 2759 Ecce
2422 2709 2476 2756 in
2508 2709 2849 2771 Hieronymo
2873 2708 3212 2758 vocabulum
3243 2720 3402 2772 asque
3444 2720 3570 2757 rare
3612 2706 3666 2754 in
3696 2705 3867 2766 lingua

2251 2780 2436 2829 Latina
2463 2793 2528 2829 ac
2554 2778 2902 2829 inosculatio.

2313 2851 2408 2912 (74)
2468 2851 2524 2900 Si
2568 2851 2942 2914 superveniens
3011 2852 3250 2901 maritus.
3326 2848 3494 2912 Apud
3543 2845 3866 2910 Xenophon-

2251 2926 2380 2980 tem,
2414 2921 2507 2970 lib.
2540 2934 2597 2982 v,
2625 2921 2693 2971 de
2721 2921 2902 2971 Pasdia
2952 2920 3082 2985 Cyri
3107 2936 3118 2969 :
3143 2937 3173 2968 α
3202 2921 3262 2971 Si
3303 2921 3431 2984 quis
3472 2919 3633 2969 uxori
3667 2922 3772 2966 tuas
3799 2915 3866 2964 ita

2249 3005 2460 3042 morem
2488 2997 2699 3064 gereret
2728 2996 2790 3041 ut
2812 2993 2975 3064 illam,
2998 2994 3203 3064 faceret
3231 2993 3409 3054 magis
3441 2990 3684 3064 amicam
3713 2999 3866 3064 (Luam

2250 3063 2369 3125 tibi,
2395 3052 2530 3112 num
2571 3068 2623 3113 te
2653 3063 2761 3113 hoc
2811 3063 3080 3113 beneﬁcio
3119 3062 3311 3112 laetum
3330 3052 3662 3111 _redderet?
3687 3072 3716 3104 »
3742 3052 3868 3105 Vide

2251 3148 2377 3196 quas
2408 3135 2462 3182 in
2499 3133 2666 3182 simili
2709 3136 3031 3196 argumento
3072 3131 3211 3182 dixit
3260 3130 3573 3181 Venantius
3615 3142 3644 3177 a
3679 3126 3868 3176 Timisa

2250 3205 2306 3253 in
2338 3205 2575 3255 concilio
2601 3203 3019 3266 Carthaginensi
3049 3203 3222 3253 sancti
3253 3202 3538 3266 Cypriani,
3566 3214 3617 3263 p.
3648 3197 3751 3248 335.

2315 3277 2408 3336 (75)
2449 3275 2552 3324 Zeli
2593 3275 2844 3325 dolorem.
2899 3276 2978 3324 lta
3017 3288 3211 3324 omnes
3243 3273 3369 3323 libri
3415 3278 3634 3322 veteres
3674 3274 3725 3318 et
3761 3280 3866 3317 om-

2252 3359 2350 3396 nes
2402 3347 2690 3396 editiones.
2756 3346 3026 3409 Rigaltius
3093 3346 3278 3408 posuit
3346 3344 3583 3403 livorem,
3653 3350 3868 3402 eamque

2252 3416 2548 3467 lectionem
2615 3418 2963 3467 retinuerunt
3039 3417 3224 3480 Angli,
3289 3414 3548 3479 quamvis
3613 3413 3869 3461 fateantur

2251 3491 2486 3542 dolorem
2527 3492 2631 3555 legi
2664 3492 2718 3540 in
2755 3495 2877 3541 octo
2907 3490 3194 3542 codicibus
3218 3491 3477 3554 antiquis.
3520 3487 3661 3538 Illud
3699 3492 3867 3537 tamen

2252 3576 2449 3614 moneo
2487 3563 2736 3614 codicem
2783 3563 3160 3614 Veronensem
3205 3567 3261 3612 et
3311 3562 3630 3612 Fuxensem
3682 3557 3869 3608 habere

2253 3635 2490 3684 livorem.
2524 3635 2672 3684 Hine
2701 3646 2831 3696 ergo
2855 3635 3070 3698 accepit
3095 3634 3384 3698 Rigaltius.

2316 3707 2410 3768 (76)
2435 3707 2745 3770 Pmpositos
2774 3711 2820 3755 et
2853 3705 3122 3756 diaconos.
3157 3706 3338 3769 Vulgo
3377 3703 3692 3769 Cyprianus
3736 3712 3869 3763 prm-

2251 3779 2556 3841 positorum
2606 3777 2941 3827 vocabulum
2991 3777 3215 3840 adaptat
3247 3777 3543 3840 episcopis.
3569 3775 3672 3824 Hic
3700 3777 3866 3822 tamen

2250 3847 2469 3921 videtur
2515 3848 2683 3921 lo_qui
2714 3847 2801 3921 de?
2827 3846 3569 3921 presbyteris,_conjungen_s
3617 3855 3866 3921 eoscum

2251 3919 2514 3970 diaconis.
2543 3917 2761 3992 Clarius
2790 3919 3134 3992 infra,_epist.
3184 3919 3264 3980 65,
3309 3931 3430 3992 pag.
3463 3918 3555 3968 H3
3586 3932 3597 3965 :
3629 3933 3653 3992 cf
3682 3914 3866 3992 hiemi:

2250 3992 2399 4042 nisse
2449 3994 2634 4041 autem
2687 3990 2906 4041 diaconi
2939 3979 3151 4041 debent
3194 3979 3459 4053 quoniam
3502 3985 3772 4052 apostolos
3816 3979 3867 4030 id

2251 4067 2334 4112 est
2363 4063 2655 4126 episcopos
2680 4065 2735 4111 et
2763 4062 3087 4125 praepositos
3131 4062 3404 4110 Dominus
3446 4059 3632 4122 elegit.
3664 4071 3693 4102 ››
3720 4054 3866 4105 Certe

2250 4134 2559 4196 presbyteri
2605 4131 2993 4196 gubernabant
3038 4131 3346 4182 Ecclesiam
3423 4143 3557 4180 cum
3604 4128 3864 4191 episcOpo.

2251 4203 2429 4254 Testis
2459 4202 2790 4266 Cyprianus,
2825 4203 2921 4266 qui
2963 4203 3104 4252 nihil
3146 4201 3297 4266 quod
3324 4206 3471 4253 esset
3504 4201 3740 4262 alicujus
3760 4207 3867 4244 mo-

2248 4274 2423 4324 menti
2475 4273 2672 4337 agebat
2717 4273 2827 4324 nisi
2879 4277 3070 4324 coacto
3120 4273 3483 4337 presbyterio.
3527 4271 3721 4322 Clerus
3769 4266 3867 4316 Ro-

2249 4358 2446 4394 manus
2473 4346 2555 4396 sic
2576 4344 2645 4394 de
2673 4358 2732 4395 se
2759 4345 3022 4408 loquitur,
3064 4359 3185 4409 pag.
3218 4347 3246 4394 7
3281 4359 3292 4392 :
3325 4362 3351 4389 «
3382 4343 3454 4393 Et.
3492 4357 3624 4394 cum
3667 4343 3865 4391 incum-

2248 4414 2341 4465 bat
2369 4414 2547 4474 nobis,
2575 4416 2672 4479 qui
2700 4415 2953 4466 videmur
2978 4429 3098 4466 esse
3134 4416 3417 4480 praepositi
3453 4418 3511 4465 et
3539 4415 3662 4464 vice
3695 4415 3866 4476 pasto-

2247 4486 2323 4534 ris
2351 4485 2631 4537 custodire
2655 4500 2896 4551 gregem,
2926 4503 2956 4533 »
2986 4487 3079 4538 Sic
3103 4489 3270 4539 etiam
3315 4487 3608 4538 Celerinus
3648 4486 3866 4547 loquens

2249 4555 2316 4605 de
2337 4555 2485 4606 clero
2510 4557 2758 4606 Romano
2793 4571 2804 4604 :
2845 4559 3082 4618 Quarum
3121 4561 3236 4622 jam
3281 4571 3446 4608 causa
3495 4556 3702 4614 audita,
3747 4566 3864 4617 pra:-

2165 4614 2490 4689 Dceperunt
2537 4641 2622 4678 eas
2668 4614 2936 4692 prxpositi
2986 4614 3249 4692 tantisper
3287 4631 3362 4680 sic
3409 4643 3518 4679 esse
3559 4628 3721 4678 donec
3748 4614 3864 4688 epi—

2244 4711 2425 4760 scopus
2466 4700 2840 4749 constituatur.
2890 4699 3202 4763 Cyprianus
3245 4702 3301 4750 in
3343 4699 3580 4764 epistola
3637 4699 3712 4758 lt,
3751 4706 3864 4758 qum

2245 4774 2328 4818 est
2383 4769 2453 4819 ad
2504 4774 2771 4833 martyres
2817 4774 2870 4820 et
2925 4771 3288 4833 confessores,
3345 4770 3540 4821 eadem
3587 4782 3721 4820 voce
3768 4765 3867 4816 cle-

2245 4853 2368 4888 rum
2399 4853 2561 4890 suum
2589 4839 2859 4903 designat.
2887 4858 2916 4890 α
2950 4841 3058 4892 Sed
3089 4843 3511 4906 praepositorum
3539 4846 3642 4903 est,
3677 4840 3864 4904 inquit,

2246 4915 2588 4974 praeceptum
2610 4916 2796 4963 tenere
2827 4918 2883 4962 et
2911 4913 2996 4962 vel
3043 4917 3416 4976 properantes,
3447 4915 3535 4964 vel
3567 4914 3864 4976 ignorantes

2247 4981 2535 5043 instruere,
2564 4996 2636 5032 ne
2688 4984 2781 5046 qui
2809 4984 2996 5032 ovium
3041 4989 3289 5047 pastores
3331 4997 3454 5034 esse
3496 4984 3718 5043 debent,
3745 4980 3866 5030 lanii

2247 5052 2398 5102 ﬁant.
2431 5072 2458 5100 »
2487 5053 2798 5117 Presbyteri
2834 5059 3104 5105 vocantur
3144 5057 3309 5106 etiam
3348 5055 3667 5106 sacerdotes
3693 5069 3721 5104 a
3764 5052 3864 5114 Cy-

2247 5126 2454 5188 priauo,
2501 5125 2655 5176 velut.
2694 5140 2822 5176 cum
2863 5127 2954 5189 ait,
3000 5127 3056 5175 in
3087 5127 3317 5190 epistola
3345 5127 3425 5187 35,
3473 5141 3597 5191 pag.
3628 5128 3704 5186 49,
3753 5125 3862 5174 Nu-

2246 5195 2512 5245 midicum
2544 5197 2599 5246 in
2632 5199 2742 5247 vita
2771 5198 3120 5259 remansisse,
3159 5202 3220 5247 ut
3245 5212 3371 5248 eum
3411 5198 3686 5247 Dominus
3728 5197 3865 5246 clero

2247 5266 2673 5331 Carthaginensi
2704 5267 3053 5331 adjungeret,
3095 5272 3146 5319 et
3193 5269 3492 5318 desolatam
3536 5283 3634 5332 per
3662 5269 3864 5330 lapsum

2245 5337 2614 5399 quorumdam
2651 5339 3099 5402 presbyterorum
3147 5341 3365 5402 copiam
3404 5340 3660 5403 gloriosis
3701 5348 3869 5387 sacer-

2245 5408 2470 5459 dotibus
2493 5409 2800 5460 adornaret.
2832 5409 2970 5461 Vide
2995 5413 3154 5474 epist.
3185 5411 3265 5472 40,
3297 5425 3417 5476 pag.
3457 5411 3538 5461 53.

2311 5481 2403 5541 (77)
2455 5482 2748 5530 Diaconum
2794 5483 2887 5545 qui
2933 5495 3049 5530 cum
3114 5483 3333 5547 virgine.
3397 5481 3537 5532 Vide
3593 5480 3866 5545 epistolam

2245 5551 2571 5615 Hieronymi
2603 5551 2674 5601 ad
2718 5551 3063 5603 Sabinianum
3090 5555 3390 5604 diaconum.

2306 5623 2409 5685 (78)
2437 5623 2797 5686 [aspiciantur
2840 5625 3063 5674 interim.
3116 5626 3191 5674 Ita
3245 5626 3412 5676 etiam
3447 5623 3596 5687 apud
3633 5624 3865 5679 Ivonem,

2245 5699 2380 5756 part.
2412 5707 2507 5752 v11,
2534 5708 2659 5758 cap.
2690 5696 2794 5746 128.
2831 5695 3117 5759 Sed-apud
3147 5695 3493 5756 Gratianum,
3527 5705 3710 5755 xxvu,
3741 5707 3791 5756 q-
3823 5693 3866 5750 ί,

2245 5779 2362 5830 cap.
2391 5765 2527 5826 Quid
2577 5767 2623 5817 si
2672 5768 3054 5831 paenitentiam,
3099 5768 3298 5833 legitur
3345 5768 3552 5818 iterum.
3598 5767 3670 5816 At
3696 5765 3868 5830 glossa

2243 5840 2433 5892 monet.
2455 5837 2588 5891 alibi
2610 5839 2720 5904 legi
2745 5838 2979 5903 interim,
3006 5851 3133 5904 qua:
3163 5842 3247 5893 est
3278 5852 3409 5893 vera
3431 5838 3617 5891 lectio.
