4028 6200
251 256 321 308 381
1610 253 1933 311 EPISTOLA
1959 256 2116 312 LXII.

3440 254 3543 307 382

248 378 301 429 ab
329 372 692 429 obstetricibus
720 372 1057 443 diligenter;
1104 377 1179 441 et,
1214 374 1259 428 si
1284 374 1535 446 virgines
1567 376 1817 431 inventae
1842 392 1897 463 Α
1920 381 2071 435 tibus
2102 381 2215 435 suis
2256 396 2372 435 non
2412 380 2869 449 obtemperantes
2900 381 2954 431 et
2991 375 3279 446 judicibus
3318 392 3352 429 a
3382 391 3439 429 se
3470 374 3541 429 ad

243 468 435 537 fuerint,
460 471 681 538 accepta
707 466 1245 533 communicatione,
1279 469 1351 522 ad
1381 470 1689 524 Ecclesiam
1722 471 1819 525 ad-

245 564 525 626 mittantur,
558 560 663 613 hac
688 563 881 614 tamen
908 560 1398 630 interminatione,
1430 566 1491 616 ut
1521 563 1566 616 si
1594 563 1663 617 ad
1691 580 1815 617 eos-

242 655 348 709 dem
388 654 652 708 masculos
694 654 1052 724 postmodum
1093 670 1332 708 reversse
1372 655 1608 725 fuerint,
1642 660 1741 710 aut
1773 656 1818 710 si

240 765 342 802 cum
375 747 574 802 eisdem
614 747 670 801 in
700 764 814 801 una
855 748 1024 801 domo
1055 750 1113 801 et
1144 748 1247 801 sub
1286 749 1483 803 eodem
1512 752 1661 803 tecto
1706 750 1816 819 (79)

238 840 375 895 simul
418 840 789 894 habitaverint
836 842 962 911 (80),
1013 841 1273 912 graviore
1318 858 1553 896 censura
1593 843 1818 913 ejicien-

239 939 313 988 tur
348 950 443 987 nec
487 934 542 986 in
582 933 883 988 Ecclesiam
924 934 1291 1004 postmodum
1321 936 1465 989 tales
1509 935 1670 991 facile
1708 937 1816 1006 (81)

235 1026 557 1096 recipiantur.
602 1026 661 1080 Si
710 1030 900 1080 autem
946 1027 1016 1081 de
1068 1028 1149 1081 eis
1193 1027 1383 1099 aliqua
1412 1032 1677 1099 corrupta
1706 1029 1814 1099 (82)

234 1120 375 1174 fuerit
412 1119 785 1189 deprehensa,
823 1125 955 1191 agat
982 1121 1377 1191 pcenitentiam
1406 1123 1652 1192 plenam,
1684 1123 1818 1192 quia

233 1230 333 1283 qua:
358 1213 457 1265 hoc
500 1213 717 1266 crimen
764 1213 1012 1279 admisit,
1061 1230 1174 1267 non
1223 1214 1432 1283 mariti,
1482 1216 1578 1269 sed
1609 1216 1817 1269 Christi

235 1304 453 1359 adultera
492 1308 593 1372 est,
635 1310 689 1360 et
722 1307 850 1360 ideo
888 1307 1166 1361 mstimato
1202 1309 1357 1376 justo
1399 1313 1654 1379 tempore
1692 1326 1817 1379 pos-

233 1406 319 1465 tea,
344 1400 713 1469 exomologesi
744 1400 907 1467 facta,
950 1400 1023 1454 ad
1062 1400 1369 1455 Ecclesiam
1414 1403 1624 1456 redeat.
1657 1403 1817 1466 Quod

234 1492 266 1546 si
302 1492 560 1548 obstinate
601 1500 983 1563 perseverant,
1028 1511 1130 1549 nec
1174 1511 1230 1549 se
1270 1495 1339 1549 ab
1386 1495 1627 1549 invicem
1659 1512 1817 1566 sepa-

234 1590 350 1652 rant,
379 1585 552 1639 sciant
582 1603 643 1639 se
670 1603 801 1640 cum
843 1588 945 1641 hac
992 1604 1093 1641 sua
1122 1588 1410 1658 impudica
1439 1588 1815 1644 obstinatione

233 1694 492 1748 nunquam
536 1694 569 1731 a
611 1678 772 1732 nobis
818 1679 1047 1733 admitti
1086 1680 1144 1734 in
1189 1680 1491 1735 Ecclesium
1520 1698 1703 1752 posse,
1746 1698 1816 1736 ne

1922 478 2145 544 tempus
2172 473 2492 527 constitutis
2518 488 2631 525 non
2662 471 3030 525 obaudientes
3055 470 3124 522 ³⁸.
3158 470 3221 522 Et
3248 473 3384 522 tunc
3416 467 3539 538 qui-

1921 568 2052 622 dem
2093 567 2281 637 gladio
2314 565 2732 631 occidebantur,
2764 563 2993 633 quando
3019 562 3201 616 adhuc
3224 566 3279 616 et
3307 563 3544 615 circum-

1920 662 2057 715 cisio
2082 661 2325 714 carnalis
2362 659 2651 713 manebat.
2702 658 2861 711 Nunc
2888 661 3100 721 autem,
3141 656 3272 725 quia
3297 655 3539 708 circum-

1921 754 2054 809 cisio
2081 753 2345 825 spiritalis
2390 768 2508 807 esse
2558 750 2711 821 apud
2750 749 2942 804 ﬁdeles
2985 764 3172 803 servos
3204 749 3303 802 Dei
3349 747 3536 817 cmpit,

1919 848 2158 920 spiritali
2215 846 2400 918 gladio
2456 844 2684 916 superbi
2758 848 2813 898 et
2859 846 3221 896 contumaces
3270 844 3543 895 necantur

1920 943 2057 1011 dum
2089 942 2159 995 de
2187 940 2430 997 Ecclesia
2453 940 2775 1009 ejiciuntur.
2800 938 2992 1007 Neque
3015 936 3168 989 enim
3188 936 3375 989 vivere
3402 933 3540 987 foris

1919 1040 2174 1106 possunt,
2221 1051 2349 1089 cum
2402 1034 2603 1087 domus
2646 1032 2742 1085 Dei
2781 1047 2893 1084 una
2921 1030 3011 1096 sit,
3058 1033 3114 1083 et
3140 1027 3355 1081 nemini
3395 1028 3543 1080 salus

1919 1146 2039 1183 esse
2086 1128 2193 1182 nisi
2235 1129 2294 1181 in
2333 1127 2582 1183 Ecclesia
2630 1126 2824 1196 possit.
2874 1120 3327 1192 lndisciplinatos
3355 1126 3544 1174 autem

1918 1224 2127 1295 perire,
2159 1222 2293 1276 dum
2324 1238 2437 1275 non
2462 1220 2704 1275 audiunt
2736 1234 2838 1273 nec
2870 1217 3276 1286 obtemperant
3302 1213 3540 1267 salubri-

1918 1318 2023 1371 bus
2050 1316 2352 1388 prteceptis
2401 1316 2531 1384 (83),
2565 1317 2801 1367 testatur
2850 1310 3140 1381 Scriptura
3180 1308 3369 1361 divina
3416 1324 3543 1377 qua:

1919 1410 2089 1465 dicit:
2123 1414 2242 1467 Non
2270 1410 2453 1478 diligit
2490 1408 2932 1476 indisciplinatus
2955 1406 3306 1472 castigantem
3343 1416 3416 1456 se.
3440 1402 3543 1467 Qui

1916 1510 2096 1561 autem
2138 1505 2369 1559 oderunt
2423 1503 2819 1571 correptiones,
2870 1501 3247 1553 consumantur
3303 1497 3538 1563 turpiter

1920 1602 2122 1671 (Prov.,
2153 1614 2240 1660 xv,
2275 1600 2358 1665 t2,
2394 1598 2499 1665 10).

1986 1694 2049 1746 V.
2073 1694 2239 1763 Ergo,
2266 1706 2335 1745 ne
2353 1687 2754 1759 indisciplinati
2782 1686 3193 1740 consumantur
3219 1686 3275 1736 et
3301 1684 3542 1751 pereant

232 1770 517 1840 exemplum
550 1771 769 1825 cazteris
789 1772 863 1825 ad
886 1772 1115 1826 ruinam
1142 1773 1359 1827 delictis
1386 1774 1501 1827 suis
1530 1774 1713 1828 facere
1738 1774 1815 1828 in-
1840 1755 1891 1825 Β
1916 1788 1986 1842 da
2016 1801 2274 1857 operam,
2324 1784 2498 1837 frater
2528 1779 2885 1847 charissime,
2919 1781 2999 1843 ut,
3040 1780 3315 1847 quantum
3357 1777 3537 1844 potes,

231 1863 417 1933 cipiunt.
448 1865 559 1917 Nec
586 1869 791 1934 putent
813 1865 917 1918 sibi
944 1866 1074 1920 vita:
1102 1870 1198 1920 aut
1228 1868 1424 1921 salutis
1442 1870 1703 1922 constare
1732 1884 1815 1921 ra-

230 1957 406 2010 tionem
429 1957 472 2009 si
500 1957 779 2028 episcopis
798 1964 852 2012 et
882 1959 1264 2014 sacerdotibus
1295 1960 1691 2031 obtemperare
1720 1978 1817 2014 no-

230 2049 438 2115 luerunt,
468 2066 596 2103 cum
628 2050 681 2103 in
709 2052 1153 2107 Deuteronomio
1181 2054 1450 2108 Dominus
1472 2056 1617 2109 Deus
1635 2054 1810 2108 dicat:

230 2140 378 2213 371
414 2146 479 2197 Et
514 2144 668 2198 homo
697 2147 1017 2214 quicumque
1041 2147 1229 2213 fecerit
1254 2150 1309 2200 in
1329 2148 1599 2216 superbia,
1633 2152 1693 2201 ut
1713 2164 1818 2201 non

228 2236 447 2289 exaudiat
492 2238 823 2292 sacerdotem
869 2245 963 2293 aut
990 2240 1227 2307 judicem
1272 2243 1594 2310 quicumque
1647 2242 1818 2308 fuerit

228 2330 270 2380 in
290 2329 455 2383 diebus
484 2331 621 2397 illis,
655 2334 916 2385 monetur
946 2334 1095 2387 homo
1129 2335 1239 2401 ille,
1272 2340 1321 2388 et
1356 2337 1528 2388 omnis
1584 2336 1817 2404 populus

229 2437 319 2474 cum
341 2424 567 2477 audierit
594 2426 821 2489 timebit,
850 2430 900 2479 et
936 2442 1042 2480 non
1072 2433 1231 2495 agent
1258 2430 1419 2497 impie
1465 2430 1627 2482 etiam
1674 2443 1818 2482 nunc

228 2516 393 2583 (Deut,
438 2533 568 2586 xvu,
624 2521 708 2587 l2,
746 2517 852 2589 13).
895 2520 1138 2574 Interﬁci
1180 2521 1323 2575 Deus
1356 2521 1525 2592 jussit
1552 2521 1814 2575 sacerdo-

1916 1879 2159 1935 consiliis
2207 1876 2546 1931 salutaribus
2568 1874 2614 1908 99
2656 1871 3072 1927 fraternitatem
3112 1885 3275 1938 regas
3316 1872 3371 1920 et
3424 1867 3537 1919 sin-

1917 1974 2061 2045 gulis
2088 1972 2157 2025 ad
2202 1971 2443 2024 salutem
2488 1983 2650 2021 suam
2694 1966 2975 2020 consulas.
3024 1966 3187 2016 Arcta
3220 1965 3276 2014 et
3302 1963 3541 2028 angusta

1917 2072 2000 2122 est
2042 2067 2133 2120 via
2160 2082 2261 2136 per
2304 2080 2475 2135 quam
2520 2060 2882 2131 ingredimur
2926 2058 3033 2128 (84)
3085 2055 3158 2109 ad
3194 2055 3393 2122 vitam,
3443 2052 3540 2106 sed

1914 2176 2172 2214 summus
2223 2164 2275 2212 et
2330 2172 2573 2227 magnus
2614 2160 2697 2208 est
2739 2153 2954 2206 fructus
3001 2165 3129 2203 cum
3176 2146 3539 2219 pervenimus

1918 2249 1990 2303 ad
2019 2248 2259 2319 gloriam
2280 2246 2348 2300 ³ο.
2368 2246 2471 2309 Qui
2486 2260 2542 2298 se
2563 2244 2734 2297 semel
2761 2242 3142 2294 castraverunt
3163 2239 3393 2308 propter
3412 2250 3541 2303 reg-

1916 2356 2054 2393 num
2082 2337 2369 2402 cmlorum,
2402 2336 2515 2388 Deo
2544 2349 2647 2403 per
2676 2330 2866 2385 omnia
2910 2330 3188 2399 placeant,
3219 2341 3323 2379 nec
3354 2338 3536 2377 sacer-

1918 2428 2078 2482 dotes
2110 2426 2207 2479 Dei
2244 2428 2343 2478 aut
2381 2422 2690 2477 Ecclesiam
2721 2417 2940 2472 Domini
2969 2415 3233 2470 seandalo
3265 2429 3381 2466 suae
3412 2428 3537 2481 pra-

1917 2517 2099 2572 vitatis
2130 2513 2420 2569 offendant
2441 2514 2504 2566 3'.
2536 2508 2729 2583 372
2762 2510 2829 2562 Et
2855 2508 2897 2561 si
2929 2506 3000 2560 ad
3032 2520 3283 2577 praesens
3313 2520 3345 2557 a
3375 2501 3539 2556 nobis

1555 2684 1763 2747 Variae
1822 2684 2160 2747 lectiones.
2176 2745 2190 2757 _

273 2842 520 2894 “Judicii
550 2846 643 2895 sui
686 2847 767 2895 sic
810 2849 1025 2910 tempus
1071 2848 1359 2899 constituit
1400 2861 1511 2897 non
1558 2847 1944 2898 obedientibus
1988 2852 2042 2897 et
2084 2843 2209 2893 Bod.
2252 2844 2296 2891 1.
2364 2842 2406 2872 ιθ
2455 2839 2783 2910 Salubribus
2832 2838 2951 2885 Lam
2994 2832 3149 2883 Ebor.
3216 2834 3256 2863 ³ο
3300 2829 3537 2878 Fructus

230 2915 554 2973 pervenientia
583 2917 655 2966 ad
685 2908 1069 2979 gloriam‘Bod.
1101 2920 1144 2968 1.
1214 2922 1254 2951 ³¹
1284 2919 1555 2971 Scandalo
1584 2932 1643 2971 se
1673 2920 1815 2969 fratri

1925 2934 1933 2968 ι
1959 2918 2190 2970 offerant
2218 2917 2356 2964 Lam.
2390 2912 2518 2965 Bod.
2550 2911 2595 2960 ‘2.
2624 2908 2731 2959 ΝΟ.
2768 2909 2812 2956 1.

1476 3057 1698 3138 Steph.
1749 3057 1995 3121 Baluzii
2050 3062 2245 3120 notas.

258 3202 354 3280 fit?)
402 3203 777 3280 Inspiciantur-
818 3207 1069 3280 pirgines.
1126 3207 1269 3259 Cum
1324 3210 1508 3259 omnia
1563 3224 1687 3274 quas
1748 3210 1817 3259 ad

230 3276 425 3332 virgines
460 3278 719 3335 spectant
748 3276 984 3326 debeant
1018 3290 1139 3328 esse
1179 3283 1327 3328 casta
1368 3283 1422 3329 et
1456 3280 1677 3343 pudica,
1708 3281 1819 3329 mi—

231 3352 297 3414 ror
331 3354 439 3391 eam
481 3351 728 3395 mentem
773 3348 983 3397 sedisse
1025 3349 1303 3398 interdum
1343 3352 1584 3414 antiquis
1624 3355 1685 3399 ut
1721 3353 1818 3413 ju-

229 3408 383 3491 berent
418 3428 507 3464 eas
542 3417 749 3478 inspici
790 3419 1259 3491 periobstetrices,
1288 3425 1349 3469 ut
1378 3408 1505 3471 sciri
1536 3408 1818 3484 posset'an

228 3490 426 3543 virgines
464 3490 672 3546 essent,
710 3492 769 3536 ut
805 3490 933 3538 fecit
967 3495 1193 3541 sanctus
1235 3490 1565 3555 Cyprianus.
1600 3493 1715 3541 Imo
1754 3506 1818 3542 eo

229 3564 373 3615 usque
414 3557 663 3607 audaciae
707 3559 840 3607 olim
888 3574 1209 3623 processum
1248 3568 1332 3611 est
1378 3567 1457 3623 ut,
1504 3566 1641 3613 teste
1693 3563 1817 3614 Cle-

231 3629 379 3701 mente
431 3627 807 3701 Alexandrino
850 3630 926 3701 Vin
981 3631 1120 3681 libro
1181 3634 1413 3696 septimo
1476 3636 1816 3696 Stromatum,

231 3694 418 3770 quidam
443 3698 694 3749 dicerent
728 3700 953 3749 Mariam
991 3694 1278 3764 virginem,
1320 3708 1608 3767 postquam
1652 3694 1818 3768 pepe4

232 3772 374 3845 risset,
408 3769 712 3845 inspectam
758 3770 841 3845 ab_
872 3770 1284 3845 obstetricibus,
1328 3775 1609 3824 inventam
1650 3776 1818 3825 fuisse

231 3840 474 3897 Virginem.
506 3840 793 3890 Adversus
829 3841 973 3892 hanc
1004 3843 1250 3893 fabulam
1280 3846 1635 3895 vehementer
1659 3860 1817 3896 exar-

233 3904 372 3979 descit
404 3910 696 3960 Mattbaaus
734 3913 959 3975 Bossus,
1004 3913 1145 3963 libro
1188 3915 1383 3978 primo,
1428 3917 1584 3979 epist.
1626 3919 1706 3978 77,
1749 3917 1819 3965 ad

233 3974 521 4053 l’olgcletum.
556 3983 727 4032 Hunc
758 3987 940 4034 tamen
971 3974 1308 4034 morem—diu
1335 3974 1612 4036 retentum
1648 3974 1818 4039 fuisse

232 4048 273 4128 in
306 4048 533 4128 Ecclesia
571 4054 677 4128 Dei
705 4054 877 4128 facile
914 4054 1160 4128 probari,
1173 4060 1375 4128 potest.
1405 4056 1644 4107 Sanctus
1686 4063 1818 4108 Am-

232 4113 427 4196 brosius,
471 4125 540 4196 in,
576 4126 807 4196 epistola
851 4113 936 4173 (ια’
972 4113 1252 4189 Syagrium
1295 4127 1590 4191 episcopum
1635 4135 1819 4179 narrat

233 4184 471 4242 historiam
523 4184 754 4245 Indicia:
810 4184 1041 4260 virginis
1079 4184 1479 4257 'Veronensisf
1509 4213 1635 4263 qua:
1688 4214 1815 4250 cum

234 4268 445 4333 accusata
489 4266 689 4315 fuisset
738 4267 1117 4330 impudicitiae,
1161 4274 1215 4318 et
1259 4269 1526 4333 Syagrius
1578 4284 1700 4320 eam
1749 4272 1818 4321 ab

233 4328 575 4385 obstetricibus
616 4328 904 4400 inspici—et
938 4338 1112 4388 videri
1139 4328 1320 4399 vellet,
1354 4328 1554 4403 re,ecta
1584 4348 1667 4391 est
1696 4344 1817 4405 ejus

234 4405 503 4478 postulatio,
544 4422 675 4457 cum
716 4408 877 4457 bonis
920 4410 1249 4460 testimoniis
1286 4412 1579 4473 probatum
1624 4413 1818 4463 fuisset

234 4472 352 4555 illam
387 4478 636 4555 inoffensi
668 4482 936 4543 virginem
968 4483 1213 4531 muneris
1247 4472 1383 4532 esse.
1425 4482 1665 4533 Sanctus
1694 4487 1819 4534 Au-

233 4548 458 4625 gustinus,
488 4551 581 4600 lib.
619 4566 673 4625 111
711 4554 774 4601 de
804 4552 1023 4603 Civitate
1048 4556 1163 4612 Dei,
1195 4568 1312 4617 cap.
1347 4556 1407 4605 18
1438 4570 1448 4603 :
1483 4574 1510 4600 «
1537 4555 1815 4607 Obstetrix

234 4620 417 4677 virginis
462 4622 751 4685 cujusdam
801 4625 1169 4688 integritatem
1214 4640 1385 4675 manu
1428 4626 1581 4675 velut
1627 4628 1816 4690 explo-

234 4696 343 4766 ξ’ἱῑῐιεΞ
368 4690 472 4766 sive
503 4692 915 4766 malevolentia,
942 4695 1059 4744 sive
1090 4696 1328 4756 inscitia,
1358 4697 1475 4746 sive
1506 4710 1658 4757 casu,
1684 4697 1815 4746 dum

234 4760 429 4830 inspicit,
466 4763 722 4824 perdidit.
765 4782 793 4809 »
839 4765 975 4813 Nam
1019 4764 1268 4828 inspectio
1316 4768 1434 4828 ipsa
1480 4780 1613 4830 saepe
1659 4769 1817 4818 etiam

234 4823 386 4904 [pisum
414 4823 769 4896 deprehendit,
799 4840 857 4884 ut
883 4838 956 4885 ait
984 4823 1377 4900 Quintilianus,
1406 4839 1498 4888 lib.
1530 4823 1584 4900 i,
1618 4853 1736 4904 cap.
1764 4842 1811 4891 6.

236 4897 369 4983 Recte
406 4908 587 4983 itaque
632 4909 904 4971 Rigaltius
947 4897 1022 4961 ad
1056 4913 1208 4963 hunc
1258 4897 1442 4963 locum
1486 4897 1815 4978 sancti-Cy-

234 4975 372 5047 priami
396 4975 531 5026 dixit
560 4980 961 5041 inspectioncm
989 4982 1264 5045 virginum
1302 4997 1423 5033 esse
1454 4989 1611 5046 turpe
1645 4975 1814 5046 nego-

235 5042 338 5091 tium
363 5050 410 5093 et
432 5050 796 5111 virginitatem
827 5052 1005 5101 occidi
1030 5042 1175 5103 inter
1206 5067 1405 5103 manus
1432 5042 1812 5105 obstetricum.

235 5112 313 5187 Ars
346 5119 477 5187 enim
518 5121 875 5172 obstetricum
918 5128 1000 5173 est
1039 5125 1197 5175 valde
1239 5127 1471 5176 obscura
1516 5130 1570 5176 et
1608 5128 1815 5177 incerta

236 5194 275 5227 ω
307 5186 450 5237 rebus
488 5192 633 5245 istis;
676 5197 729 5243 et
778 5194 1107 5244 Laurentius
1146 5197 1467 5258 Joubertus,
1509 5197 1605 5246 lib.
1643 5211 1679 5247 v
1719 5200 1815 5246 Er-

236 5265 378 5337 ἶῩτίωζι
429 5265 789 5325 Ρορυίανὶυω,
850 5279 968 5329 Cap.
1022 5269 1071 5328 4,
1133 5270 1419 5318 contendit
1474 5270 1615 5317 nihil
1677 5270 1815 5319 certi

236 5326 363 5407 ξίεὶὶιμὶ
400 5344 554 5393 posse
598 5349 661 5383 ex
714 5326 1067 5400 inspectione
1113 5340 1233 5400 ejus
1279 5340 1448 5402 partis
1500 5353 1609 5403 qua
1661 5340 1814 5403 virgo

236 5397 394 5473 mulier
431 5416 548 5455 esse
590 5397 1022 5469 potesthictor
1063 5397 1323 5472 Vitensis,
1366 5410 1461 5459 lib.
1503 5397 1559 5470 Ii,
1602 5424 1718 5473 cap.
1747 5397 1810 5473 ’7,

236 5464 539 5545 Ιοςιῐλθυδγᾱθ
586 5464 969 5539 persecutione
1016 5479 1285 5530 Hunerici
1312 5464 1481 5545 'regis
1528 5464 1813 5531 Vandalo;

237 5547 329 5616 {illa
354 5557 363 5588 :
392 5561 417 5585 «
444 5544 705 5611 Praecepit
740 5549 942 5600 deinde
972 5564 1159 5601 sacras
1191 5544 1433 5614 virgines
1472 5554 1810 5616 congregari,

240 5604 432 5690 fitfieeps
474 5604 745 5690 Vandalos
781 5633 907 5670 cum
944 5634 1059 5671 sua:
1102 5604 1708 5685 gentisvobstetricibus
1746 5604 1814 5671 ad

240 5684 529 5740 inSpicienda
572 5694 625 5739 et
664 5692 1054 5741 contrectanda
1088 5684 1278 5743 contra
1309 5696 1432 5756 jura
1462 5693 1813 5743 verecundiae

243 5757 500 5827 Vetecunda
545 5760 783 5822 pudoris.
832 5780 861 5807 »
904 5763 1043 5813 Vide
1090 5764 1410 5814 Matthaium
1457 5766 1710 5825 Bossum,
1756 5766 1811 5813 in

244 5826 425 5882 epistola
472 5830 540 5881 ad
598 5832 914 5899 Polycletum
973 5835 1141 5902 paulo
1199 5839 1324 5890 ante
1379 5836 1618 5888 laudata.
1674 5836 1814 5890 Vide

1836 4589 1895 4659 D

1839 3212 2304 3297 cetiarnucaplut
2360 3203 2689 3271 Proposuisti
2736 3202 2792 3250 in
2851 3197 3007 3249 titulo
3057 3189 3429 3245 Decretalium
3480 3186 3544 3236 de

1921 3280 2339 3333 Probationibus,

1982 3327 2455 3414 eodem
2498 3352 2642 3397 tecto.
2688 3343 3062 3414 Hieronymus
3104 3337 3161 3385 in
3203 3330 3433 3414 epistola

1920 3401 2162 3473 Vita—nde
2191 3424 2450 3485 suspecto
2480 3414 2858 3469 Contubernio
2887 3401 2904 3458 :7
2928 3429 2953 3455 «
2980 3408 3319 3485 Separentur
3345 3401 3543 3485 domus

1918 3471 2559 3555 vestrm—[dividaturque
2593 3485 2933 3543 convivium,
2963 3492 3035 3555 ne
3068 3473 3325 3555 maledici
3362 3471 3542 3555 homi:

1918 3580 2017 3616 nes
2056 3548 2162 3616 sub
2204 3578 2315 3614 uno
2360 3548 2503 3612 tecto
2545 3572 2642 3609 vos
2688 3562 2973 3606 manentes
3016 3548 3284 3600 lectulum
3321 3552 3544 3607 quoque

1920 3639 2284 3687 criminentur
2308 3635 2514 3683 habere
2544 3640 2916 3681 communem.
2945 3639 2973 3670 »

1980 3685 2504 3770 (788)771‘Iabitaverint.
2543 3702 2733 3754 Codex
2761 3694 3053 3755 Fuxensis,
3083 3689 3318 3740 habitare
3354 3685 3544 3734 volue—

1918 3780 2049 3828 rint.

1984 3825 2075 3914 (8t)
2120 3848 2455 3899 Postmodum
2502 3844 2631 3895 tales
2678 3840 2853 3905 facile.
2898 3840 2979 3887 Ita
3028 3836 3152 3914 octo
3194 3825 3542 3914 libripostri

1920 3899 2153 3981 veteres,
2204 3920 2453 3983 quinque
2509 3899 2822 3979 Anglicani,
2876 3913 2929 3959 et
2986 3910 3198 3983 veteres
3250 3899 3538 3983 editiones.

1920 3969 2043 4041 Vox
2081 3969 2404 4041 tates.deest
2446 3989 2502 4036 in
2540 3969 2638 4037 se}
2678 3969 2817 4034 aliis
2842 3978 3072 4031 vetustis
3114 3969 3539 4036 exemplaribus.

1920 4061 2092 4123 Major
2116 4073 2241 4123 pars
2266 4064 2516 4108 veterum
2545 4054 2946 4118 exemplarium
2981 4052 3035 4100 et
3073 4046 3379 4097 editionum
3418 4054 3540 4104 per-

1919 4133 2093 4181 suasit
2118 4136 2180 4181 ut
2204 4144 2323 4180 eam
2350 4140 2762 4193 reponeremus.

1979 4201 2074 4260 (82)
2125 4200 2325 4263 Aliqua
2380 4188 2645 4261 cbrrupta.
2714 4196 2939 4245 Veteres
2998 4190 3269 4263 editiones
3329 4188 3411 4263 et.
3442 4194 3542 4263 sex

1918 4254 2102 4322 vetera
2151 4254 2486 4334 exemplaria
2537 4254 2743 4319 habent
2791 4267 2989 4329 aliqua:
3034 4254 3542 4334 corritptrc."v'etus

1919 4327 2392 4406 Remigianumct
2430 4342 2685 4391 Fuxense
2724 4327 2938 4401 aliquae,
2965 4335 3289 4384 contumaces
3325 4327 3540 4391 fuerint.

1917 4415 1998 4463 Ita
2031 4415 2195 4463 etiam
2227 4413 2597 4463 Pitha—aanum.
2630 4410 2739 4462 Sed
2770 4410 2825 4458 in
2864 4410 2966 4457 isto
2993 4418 3158 4467 supra
3190 4413 3383 4451 vocem
3413 4410 3545 4447 con-

1919 4492 2145 4535 tumaces
2182 4486 2444 4549 scriptum
2489 4489 2571 4534 est
2605 4498 2701 4545 per
2728 4481 2967 4545 speciem
2995 4473 3397 4549 enendationis
3430 4481 3544 4549 cor:

1917 4562 2101 4620 ruptae.
2140 4540 2326 4607 Lectio
2357 4570 2481 4619 quae
2523 4540 2688 4603 habet
2725 4540 3049 4601 contumwes
3087 4545 3336 4620 adjuvari
3367 4540 3542 4620 potest

1918 4613 1999 4678 ex'
2025 4629 2091 4676 iis
2130 4641 2255 4691 qua:
2297 4613 2458 4690 paulo
2501 4630 2621 4689 post
2662 4626 2988 4686 sequuntur,
3027 4615 3237 4680 superbi
3276 4618 3322 4662 et
3360 4613 3542 4661 contu-

1916 4712 2084 4748 maces
2112 4704 2382 4748 necantur.

1977 4770 2073 4832 (83)
2104 4768 2414 4819 Salubribus
2449 4765 2733 4829 praeceptis.
2766 4764 2994 4813 Veteres
3033 4758 3314 4832 editiones
3334 4757 3390 4803 et
3428 4750 3538 4799 duo

1915 4828 2041 4889 libri
2060 4828 2280 4890 veteres
2305 4828 2603 4902 praeferunt
2628 4834 2861 4885 consiliis
2884 4828 3229 4902 salutaribus.
3254 4828 3327 4902 At
3347 4835 3540 4902 omnes

1916 4912 2007 4959 alii
2049 4911 2176 4960 libri
2223 4894 2428 4960 habent
2469 4906 2754 4970 praeceptis.
2799 4906 2921 4954 Post
2970 4901 3201 4951 verbum
3245 4894 3542 4970 salubribus

1914 4984 2053 5032 nihil
2098 4982 2247 5032 aliud
2284 4997 2351 5032 ex
2396 4965 2497 5031 ista
2541 4965 2770 5043 epistola
2814 4979 2991 5026 exstat
3028 4976 3087 5023 in
3126 4971 3320 5043 codice
3362 4965 3541 5043 sancti

1914 5054 2207 5118 Arnulpbi,
2248 5058 2302 5104 et
2344 5067 2534 5103 eorum
2573 5038 2705 5116 quin
2748 5050 2942 5099 desunt
2991 5046 3113 5095 loco
3162 5041 3372 5118 adjecta
3414 5038 3543 5086 sunt

1915 5112 2319 5188 consequenter
2368 5124 2478 5173 duo
2526 5112 2831 5186 fragmenta
2880 5120 3111 5170 aliirum
3164 5112 3539 5188 epistolarum,

1914 5180 2391 5245 unum-nimirum
2430 5208 2498 5243 ex
2539 5180 2678 5257 epist
2732 5194 2812 5254 64,
2852 5191 2924 5241 ad
2958 5190 3265 5252 Epictetum,
3299 5188 3354 5235 et
3391 5180 3542 5232 aliud

1914 5280 1982 5317 ex
2010 5268 2239 5330 epistola
2268 5268 2347 5325 τι,
2381 5267 2451 5315 ad
2478 5265 2793 5328 Stephanum
2822 5276 3001 5326 usque
3031 5259 3099 5309 ad
3124 5260 3305 5307 ﬁnem.

1975 5339 2070 5400 (84)
2126 5338 2477 5401 Ingredimur.
2536 5337 2806 5401 Rigaltius
2864 5334 3049 5398 posuit
3103 5330 3541 5401 gradimurrex

1912 5398 2063 5458 libro
2090 5398 2351 5457 nimirum
2390 5398 2719 5465 Veronensi,
2752 5420 2881 5456 cum
2920 5419 3029 5468 quo
3064 5401 3345 5453 consensit
3374 5398 3540 5449 etiam

1912 5480 2202 5529 Fuxensis.
2240 5480 2415 5529 Vetus
2451 5480 2809 5543 Remigianus
2843 5477 3012 5526 habet
3040 5473 3306 5540 graditur.
3339 5471 3540 5543 Veram

1912 5550 2205 5600 lectionem
2251 5564 2418 5613 quam
2467 5564 2566 5599 nos
2616 5539 2998 5599 revocavimus
3046 5546 3312 5597 exhibent
3358 5539 3541 5589 omnia

1912 5622 2017 5671 alia
2056 5626 2239 5672 vetera
2276 5622 2627 5685 exemplaria,
2657 5624 2865 5684 septem
2897 5620 3221 5683 Anglicana,
3254 5619 3308 5663 et
3346 5623 3539 5685 omnes

1913 5693 2181 5744 editiones
2219 5680 2527 5756 Rigaltiana
2567 5680 2925 5756 antiquiores.
2967 5680 3136 5739 Recte
3179 5690 3366 5756 itaque
3408 5680 3540 5729 fecit

1916 5764 2247 5815 Reinhartus
2296 5755 2537 5814 retinens
2580 5755 2872 5813 lectiunem
2914 5765 3163 5811 veterum
3210 5755 3538 5811 editionum.

1913 5836 2079 5902 Angli
2105 5837 2423 5888 maluerunt
2450 5834 2741 5900 gradimur.
