2014 3100
0 0 190 3020 [ππ

251 131 301 158 383

254 248 305 265 nos
319 242 414 265 tamen
428 239 457 264 in
468 238 573 265 salubri
588 238 769 273 persuasione
784 246 959 272 maneamus,
975 238 1065 264 scien-

253 287 294 311 tes
312 288 338 311 ct
353 285 520 319 Apostolum
543 284 646 311 dixisse
662 294 668 311 :
683 286 754 319 Ergo
769 292 815 319 ego
829 286 955 311 inimicus
976 286 1066 318 factus

254 332 327 357 vobis
345 339 402 357 sum
417 339 509 358 rerum
525 331 614 358 dicens
628 332 702 358 vobis
715 331 830 366 (Colat,
851 339 888 364 1v,
906 332 945 365 l6)
957 331 971 358 ‘i
986 331 1066 363 Quod

254 378 276 403 si
292 377 550 411 obtemperaverint
565 378 658 411 nobis,
676 378 776 404 lucrati
790 386 887 404 sumus
898 377 997 405 fratres
1011 378 1066 413 (85)

255 427 282 451 et
297 433 343 451 cos
365 424 399 450 ad
414 425 534 451 salutem
550 424 657 459 pariter
670 427 701 451 et
714 424 885 459 dignitatem
899 426 997 451 nostro
1012 432 1067 451 ser-

256 479 342 498 mone
362 471 561 498 formavimus.
579 471 608 498 Si
626 473 724 498 autem
743 471 858 506 quidam
874 470 910 498 de
926 471 1067 506 perversis

255 518 450 552 obtemperare
465 517 620 550 noluerint,
637 526 790 552 sequamur
806 517 941 544 eumdem
954 519 1068 553 Aposto-

257 565 314 590 lum
331 564 473 591 dicentem
490 573 496 591 :
511 564 541 592 Si
551 564 702 591 hominibus
710 565 852 599 placerem,
869 564 969 591 Christi
977 573 1068 592 servus

257 619 309 637 non
321 618 399 637 CSSt’lIi
416 611 530 642 (Galatu
549 619 568 644 ι,
591 611 643 646 l0).
656 611 685 638 Si
698 610 867 646 quibusdam
881 611 1002 638 suadere
1012 620 1068 638 non

258 666 405 692 possumus
417 660 446 683 ut
457 665 503 684 eos
514 657 625 684 Christo
637 658 745 692 placere
759 657 904 690 faciamus,
919 666 970 684 nos
983 660 1068 692 certe,

259 705 334 738 quod
359 706 487 730 nostrum
511 708 571 737 est,
592 704 703 731 Christo
735 703 852 731 Domino
885 705 938 739 (86)
965 706 993 731 et
1015 706 1069 732 Deo

259 752 365 782 nostro,
379 752 519 785 prurcepta
527 751 587 785 ejus
598 751 749 784 servando,
760 750 933 785 placeamus.
947 752 1020 786 Opto
1032 753 1069 785 te,

259 797 345 823 fratcr
365 796 530 823 charissime
552 805 584 823 ac
609 797 877 831 desiderantissime,
900 798 928 824 in
953 798 1071 825 Domino

258 843 331 870 bene
346 844 448 870 valere.

490 890 652 917 EPISTOLA
673 890 748 917 LXIII
776 891 838 925 (87).

259 945 377 976 (Erasm.,
392 951 418 975 ιι⁷
430 948 457 972 3;
471 945 692 976 Pamel.,Rigalt.,
702 945 886 976 Baluz.,Lx1n;
898 945 989 977 Paris,
1003 952 1072 978 Lxu;

521 981 616 1011 Oxou.,
631 980 711 1012 Lips.,
726 982 807 1012 uin.)

259 1039 292 1056 Ali
318 1038 448 1057 C.1~‘.Cll.lli.\l
477 1030 530 1066 (88)
556 1039 589 1057 on
620 1038 794 1058 SACRAMENTO
819 1039 940 1058 oommcr
961 1039 1069 1059 CALICIS.

259 1086 459 1111 Alttlt‘llENTlTM.
479 1100 512 1104 ——
533 1086 613 1112 Docet
637 1084 801 1119 Cyprianus,
824 1088 917 1112 contra
932 1088 1070 1120 aquarios,

296 1131 322 1157 in
343 1131 423 1157 culice
444 1131 577 1157 Dominico
593 1138 647 1157 non
671 1138 773 1165 aquam
791 1131 886 1162 solam,
908 1131 955 1158 sed
977 1133 1071 1159 vinum

717 128 746 157 S.
766 129 922 157 CYPBlANl
943 129 1079 157 OPERUM
1098 129 1186 157 PARS
1200 130 1220 156 I.
1236 143 1270 149 -—
1289 129 1470 157 EPISTOLIE.

252 193 367 227 quidam
390 201 424 218 οξ
446 191 581 219 fratribus
602 191 707 218 nostris
732 191 892 218 contristari
914 191 1062 224 videntur,
1075 198 1104 234 Α

1867 133 1913 160 384

1150 199 1224 225 aqua
1247 192 1356 219 mistum
1380 199 1437 218 esse
1458 191 1643 226 oﬁ‘erendum;
1659 199 1707 226 per
1721 199 1777 219 eam
1792 193 1820 219 in
1832 194 1915 228 Scrip-

1152 236 1221 262 turis
1234 237 1413 269 Baptismum,
1431 237 1539 262 minime
1551 243 1613 262 vero
1627 236 1820 263 Eucharistiam
1833 237 1917 271 desig-

1152 280 1224 307 nari.
1238 280 1319 314 Typis
1329 288 1361 307 ea:
1375 281 1464 308 Veteri
1478 281 1646 307 Testamento
1660 282 1782 315 sumptis,
1796 289 1857 308 usus
1866 283 1920 308 vini

1152 325 1182 350 in
1198 325 1372 352 Sacramenta
1387 325 1505 358 corporis
1519 325 1652 352 Dominici
1666 325 1830 357 illustratur,
1840 333 1919 360 popu-

1154 369 1261 402 lumque
1280 367 1377 404 373
1402 369 1587 396 Christianum
1604 377 1655 404 per
1682 377 1758 404 aqua
1782 369 1922 404 symbolum

1154 413 1273 447 intelligi
1287 413 1455 440 declaratur.

1155 485 1174 511 Ι.
1201 484 1358 520 Cyprianus
1381 484 1491 511 Caecilio
1515 484 1596 512 fratri
1618 484 1673 520 (89)
1689 485 1819 512 salutem.
1837 485 1922 517 Quan-

1120 539 1205 566 quam
1218 531 1315 564 sciam,
1330 531 1416 558 frater
1431 531 1607 565 charissime,
1618 531 1765 566 episcopos
1779 532 1922 567 plurimos,

1119 577 1243 606 ecclesiis
1257 577 1409 604 Dominicis
1420 577 1449 604 in
1460 580 1520 605 toto
1538 578 1644 605 mundo
1662 578 1756 605 divina
1768 578 1925 613 dignatione

1119 624 1294 659 praepositos,
1313 624 1486 659 evangelicae
1500 624 1629 652 veritatis
1639 633 1671 651 ac
1680 625 1831 652 Dominicae
1844 625 1927 652 tradi-

1120 669 1205 696 tionis
1230 671 1327 696 tenere
1351 669 1500 700 rationem,
1522 677 1575 696 nec
1596 669 1631 696 ab
1645 668 1684 696 'eo
1709 669 1786 704 quod
1809 669 1929 696 Christus

1121 714 1261 749 magister
1280 716 1309 741 et
1329 713 1465 748 praecepit
1483 716 1511 740 et
1529 713 1617 748 gessit
1631 713 1762 740 humana
1777 717 1804 741 et
1819 714 1923 741 novella

1121 760 1301 788 institutione
1314 760 1337 777 ³³
1359 760 1497 787 decedere
1511 769 1517 793 ;
1543 762 1640 787 tamen
1660 759 1794 795 quoniam
1808 760 1927 795 quidam,

1120 807 1163 834 vel
1179 807 1347 842 ignoranter
1371 807 1414 834 vel
1435 806 1610 841 simpliciter,
1632 807 1661 833 in
1678 806 1765 833 calice
1790 807 1927 834 Dominico

1121 853 1324 880 sanctiﬁcando
1344 854 1373 880 et
1390 852 1465 888 plebi
1477 853 1665 880 ministrando
1688 861 1746 880 non
1762 853 1814 880 hoc
1828 853 1926 880 faciunt

1121 900 1197 936 quod
1214 901 1294 927 Jesus
1307 899 1434 927 Christus
1454 900 1592 926 Dominus
1606 902 1635 927 et
1649 901 1720 927 Deus
1735 901 1840 934 noster,
1852 900 1927 927 sacri<

1123 947 1179 973 ﬁcii
1198 947 1282 981 hujus
1296 948 1393 973 auctor
1406 948 1433 973 et
1453 946 1558 979 doctor,
1578 946 1644 973 fecit
1664 949 1692 973 et
1706 946 1812 979 docuit,
1828 946 1930 982 religio-

1122 1001 1184 1020 sum
1199 993 1306 1028 pariter
1321 1001 1354 1020 ac
1375 993 1567 1020 necessarium
1581 993 1649 1020 duxi
1662 993 1716 1020 has
1730 993 1754 1009 ³³
1769 993 1805 1019 ad
1818 1001 1865 1020 vos
1880 994 1927 1027 (90)

1121 1040 1230 1066 litteras
1254 1040 1368 1073 facere;
1395 1042 1435 1073 ut,
1455 1039 1477 1066 si
1502 1040 1565 1075 quis
1592 1040 1621 1066 in
1645 1039 1700 1066 isto
1722 1047 1821 1067 errore
1843 1039 1927 1066 adhuc

1122 1088 1236 1113 tenetur
1245 1087 1279 1121 3‘,
1296 1086 1421 1113 veritatis
1441 1086 1503 1113 luce
1526 1088 1684 1121 perspecta,
1700 1085 1798 1122 374
1814 1086 1847 1113 ad
1862 1086 1929 1113 radi-

1121 1141 1185 1160 cem
1201 1135 1286 1169 atque
1306 1133 1447 1168 originem
1463 1133 1623 1160 traditionis
1636 1133 1793 1160 Dominico:
1809 1135 1927 1160 reverta-

945 1203 1049 1235 Varia:
1078 1204 1247 1236 lectiones.

293 1266 311 1280 ³⁷
330 1266 487 1290 Humanam
503 1267 530 1290 et
543 1266 683 1292 novellam
698 1267 902 1292 institutionem
918 1267 977 1292 Bod.
993 1268 1017 1298 3,
1032 1269 1054 1292 4.
1090 1269 1110 1284 ³³
1130 1269 1204 1294 Duxi
1219 1269 1253 1295 de
1272 1269 1326 1294 hoc
1346 1270 1416 1294 Lam.
1441 1270 1494 1294 ΝΟ.
1520 1270 1541 1300 l,
1561 1269 1622 1293 Bod.
1639 1270 1662 1299 l,
1677 1270 1701 1300 2,
1715 1269 1740 1300 3,
1755 1270 1778 1294 4.
1813 1270 1832 1285 ³⁴
1852 1269 1933 1294 Tene-

262 1301 354 1325 liratnr
367 1302 419 1325 ΝΟ.
434 1301 457 1325 2.
476 1301 532 1325 Vat.

905 1334 1015 1375 Steph.
1040 1334 1161 1366 Baluzii
1185 1337 1283 1366 notae.

293 1411 340 1441 (85)
368 1411 476 1434 Lurrnti
499 1417 589 1436 sumus
614 1410 720 1441 fratres.
746 1411 799 1435 Ista
826 1417 881 1435 non
907 1412 996 1443 reperi
1021 1412 1076 1437 nisi

263 1446 290 1469 in
313 1446 398 1470 tribus
423 1445 567 1471 codicibus
590 1446 719 1477 antiquis.
741 1447 805 1476 Alii,
829 1446 856 1471 id
878 1449 918 1471 est
940 1449 1076 1479 quatuor—

263 1481 353 1505 decim
369 1481 454 1505 nostri
473 1483 500 1505 et
518 1483 624 1512 septem
638 1482 795 1513 Anglicani,
811 1481 847 1506 ita
864 1483 949 1507 ferme
964 1482 1075 1513 habent,

264 1527 276 1537 ‹‹
299 1517 485 1548 gratissimum
505 1518 543 1541 est
564 1517 653 1541 nobis.
675 1516 753 1542 Stare
773 1523 820 1542 eos
841 1517 874 1542 ad
894 1519 1011 1543 salutem
1032 1525 1076 1550 pa-

263 1553 328 1576 ritcr
353 1555 446 1576 nostro
473 1558 600 1577 sermone
629 1553 818 1577 formavimus.
847 1561 861 1576 »
887 1554 1008 1578 Difﬁcile
1036 1557 1076 1578 est

264 1589 335 1612 inter
349 1589 398 1612 ista
415 1588 581 1612 constituere
597 1588 662 1619 quid
676 1589 816 1620 scripserit
829 1588 993 1620 Cyprianus.
1009 1590 1076 1620 Ego,

263 1624 285 1647 si
308 1624 372 1647 licet
392 1624 581 1654 conjecturam
601 1624 701 1654 facere,
722 1624 907 1649 existimarem
929 1625 1078 1657 legendum

264 1666 323 1683 esse
347 1662 376 1682 ut
398 1659 425 1682 in
449 1658 570 1689 antiquis
591 1658 668 1683 libris
694 1661 721 1683 et
743 1659 911 1684 editionibus
933 1668 938 1684 :
961 1670 974 1682 α
996 1660 1077 1691 Quod

265 1695 287 1718 si
310 1694 568 1724 obtcmperaveriut,
587 1695 775 1725 gratissimum
796 1697 835 1720 est
857 1696 944 1720 nobis.
969 1696 1078 1721 Stantes

264 1736 311 1754 eos
334 1729 366 1753 ad
391 1730 509 1754 salutem
530 1729 631 1760 pariter
654 1729 813 1761 dignatione
836 1731 921 1755 nostri
944 1732 1078 1756 sermonis

263 1765 453 1789 formavimus.
467 1772 482 1788 »

296 1801 345 1830 (86)
371 1800 472 1824 Christo
498 1800 617 1824 Domino.
646 1800 726 1825 Hanc
752 1800 899 1826 lectionem
927 1802 1079 1833 praeferunt

264 1838 369 1867 septem
391 1838 481 1860 vetera
497 1836 672 1867 exemplaria.
690 1837 751 1861 Alia
767 1839 828 1862 octo
843 1839 869 1862 et
884 1840 1002 1868 quatuor
1016 1839 1079 1862 An—

264 1872 371 1903 glicana
388 1871 492 1896 habent
511 1871 609 1896 Christi
623 1871 731 1896 Domini
751 1873 776 1896 et
793 1873 839 1897 Dei
854 1873 937 1897 nostri
951 1876 1078 1905 praecepta

264 1910 395 1931 servantes
407 1908 568 1938 placeamus.

295 1944 341 1973 (88)
366 1942 484 1967 Sanctus
506 1944 680 1975 Augustinus
702 1944 768 1968 citat
790 1943 863 1969 hanc
884 1943 1030 1975 epistolam
1052 1945 1080 1968 et

265 1986 298 2003 ex
311 1986 341 2003 ea
358 1986 490 2010 magnum
505 1979 688 2010 fragmentum
704 1978 780 2004 aﬂ‘ert
795 1979 843 2004 lib.
859 1986 889 2005 iv
905 1980 936 2005 de
952 1979 1079 2004 Doctrina

267 2014 426 2042 Christiana,
448 2021 508 2046 cap.
527 2014 567 2039 2t.
588 2016 629 2039 Ac
650 2015 724 2039 sicut
744 2014 851 2039 dixerat
870 2015 1001 2046 Cypriani
1023 2015 1077 2046 epi-

264 2050 361 2074 stolam
380 2050 414 2074 ad
430 2051 562 2074 Donatum
577 2052 702 2074 ornatam
717 2056 779 2075 esse
797 2057 912 2082 spumea
932 2051 1079 2075 verborum

266 2086 380 2115 ambitu,
399 2086 439 2110 sic
452 2086 533 2110 istam
548 2086 585 2109 ait
597 2086 727 2116 scriptam
742 2093 803 2111 esse
816 2086 955 2111 submisso
969 2085 1080 2111 dicendi

264 2127 373 2152 genere.
401 2121 502 2145 Contra
529 2121 687 2146 Goulartius
716 2123 795 2153 putat
821 2121 991 2153 Cyprianum
1020 2121 1080 2146 istic

263 2157 455 2181 vehementem
469 2156 563 2181 fuisse.

297 2192 348 2221 (87)
362 2192 400 2215 Art
419 2190 559 2216 Caecilium.
576 2191 709 2222 Quamvis
731 2192 759 2216 id
778 2191 853 2223 quod
874 2191 999 2216 dicturus
1016 2198 1079 2216 sum

265 2226 350 2250 videri
375 2227 459 2255 possit
484 2226 622 2258 aliquibus
644 2227 736 2258 exigui
760 2228 904 2256 momenti,
926 2227 1016 2252 dicam
1041 2229 1079 2252 ta-

265 2248 1078 2288 έιίεζιέῖῬέὲέῐέιιιιῖίὶὲῙῶἶῐιηίῖῗιὲἰεᾶἰῇῗιῖὶιῖονῖἑῦἆῖρὲῖ-
1091 2248 1119 2283 D

265 2301 421 2327 secutorum,
442 2298 518 2323 fuere
536 2298 584 2330 qui
604 2297 776 2329 disputarent
797 2305 831 2323 an
852 2298 957 2323 Caacilii
978 2305 1080 2323 nomen

265 2334 444 2358 scribendum
468 2335 541 2358 esset
563 2340 626 2358 cum
652 2334 826 2365 diphthongo
850 2334 892 2358 vel
917 2335 976 2359 sine
998 2334 1081 2365 diph-

268 2369 380 2400 thongo.
412 2370 470 2400 Ego
502 2375 565 2394 vero
594 2369 638 2393 aio
668 2369 803 2401 plurimos
832 2371 938 2394 veteres
967 2377 1081 2401 operum

266 2406 353 2430 sancti
377 2405 508 2436 Cypriani
530 2404 648 2435 codices,
664 2408 690 2429 et
711 2406 739 2429 in
761 2405 804 2429 his
824 2406 907 2430 etiam
930 2405 1081 2437 Seguieria—

265 2447 332 2464 num
353 2441 477 2464 omnium
498 2443 655 2465 nostrorum
676 2441 906 2471 vetustissimum,
927 2441 1020 2473 plures
1039 2442 1081 2466 in-

264 2476 427 2506 scriptiones
456 2476 601 2507 antiquas,
630 2478 656 2500 et
685 2483 814 2501 nummos
846 2479 952 2501 veteres
979 2477 1082 2502 habere

265 2511 479 2542 diphthongum.
493 2511 576 2536 Novae
595 2513 686 2536 tamen
702 2512 785 2543 hujus
803 2512 997 2544 disputationis
1014 2519 1083 2544 prae-

265 2546 336 2569 sidio
361 2547 446 2570 fretus
471 2547 512 2571 vir
535 2546 706 2571 clarissimus
734 2548 782 2578 qui
809 2554 898 2578 nuper
925 2555 995 2573 nova
1022 2548 1082 2573 edi-

265 2581 339 2604 tione
358 2580 468 2605 donavit
487 2581 564 2606 hunc
583 2581 684 2606 librum
703 2582 849 2612 Lactantii,
870 2583 922 2607 hoc
942 2583 1017 2608 illius
1035 2591 1083 2608 no-

266 2623 329 2640 men
350 2617 459 2647 scripsit
475 2617 582 2648 absqne
601 2616 781 2649 diphthongo,
802 2624 832 2642 ea
850 2618 883 2643 de
904 2626 987 2643 causa
1008 2619 1084 2650 quod

266 2652 303 2675 ita
323 2651 458 2682 scriptum
481 2651 592 2676 videbat
610 2651 638 2676 in
658 2653 745 2677 veteri
765 2652 862 2677 codice
884 2660 918 2678 ex
939 2661 995 2685 quo
1014 2654 1083 2679 liber

266 2687 312 2711 ille
336 2687 454 2711 emissus
476 2689 518 2712 est
542 2687 570 2711 in
598 2687 753 2718 publicum,
778 2695 834 2713 non
860 2689 1083 2715 animadverteus

266 2723 400 2753 plurimos
426 2729 500 2755 srepe
527 2729 633 2747 errores
659 2724 754 2748 contra
781 2724 1006 2756 orthographiam
1032 2725 1082 2750 ad—

265 2758 365 2782 missos
384 2765 444 2782 esse
464 2766 479 2783 a
500 2758 639 2783 veteribus
662 2758 781 2783 librariis
801 2762 828 2784 et
850 2760 877 2784 in
901 2760 1022 2792 antiquis
1042 2761 1083 2785 in-

266 2794 463 2826 scriptionibus
487 2796 514 2819 et
536 2795 667 2819 nummis.
690 2794 837 2819 Contendit
858 2797 951 2819 autem
977 2796 1017 2819 vir
1038 2803 1084 2827 op-

268 2831 360 2858 timus,
377 2832 407 2853 ut
426 2830 452 2854 id
476 2836 588 2862 quoque
610 2830 711 2860 dicam,
727 2830 828 2855 librum
848 2831 927 2855 illum
948 2838 1003 2855 non
1023 2838 1084 2856 esse

268 2866 413 2896 Lactantii,
436 2866 500 2897 quia
523 2872 624 2890 nomen
647 2867 706 2897 ejus
728 2873 783 2891 non
808 2866 926 2892 habetur
947 2867 976 2891 in
998 2867 1085 2892 veteri

268 2901 348 2933 libro,
371 2902 504 2927 omissum
528 2901 659 2928 videlicet
681 2908 696 2926 ει
720 2902 832 2928 librario
854 2902 1001 2928 festinante
1026 2902 1084 2935 qui,

1126 1414 1156 1437 ut
1176 1414 1203 1437 in
1223 1412 1306 1437 simili
1322 1419 1405 1438 causa
1424 1413 1494 1437 dixit
1516 1412 1692 1443 Sirmondus,
1707 1413 1751 1436 vir
1770 1412 1879 1437 istarum
1897 1418 1934 1436 re-

1126 1455 1188 1473 rum
1218 1449 1410 1480 peritissimus,
1440 1456 1504 1473 cum
1533 1450 1625 1473 omnia
1657 1448 1798 1480 scriptoris
1827 1448 1932 1472 nomina

1126 1484 1267 1509 brevitatis
1287 1485 1377 1509 studio
1396 1485 1553 1510 describere
1572 1484 1665 1513 nollet,
1680 1491 1729 1516 pro
1746 1484 1851 1513 ultimo,
1867 1482 1933 1515 quod

1127 1521 1282 1551 proprium,
1308 1523 1379 1550 erat,
1406 1520 1434 1544 id
1464 1521 1556 1552 potius
1581 1520 1708 1551 imperite
1737 1519 1840 1551 delegit
1867 1518 1934 1550 quod

1127 1554 1215 1585 primo
1238 1555 1298 1579 loco
1320 1554 1492 1580 occurrebat.
1515 1554 1586 1579 Cum
1605 1554 1678 1579 hanc
1699 1554 1752 1578 viri
1772 1553 1934 1579 celeberrimi

1128 1590 1359 1620 observationem,
1383 1598 1437 1622 qua
1462 1597 1512 1622 ego
1534 1597 1603 1615 usus
1622 1596 1707 1617 eram.
1730 1596 1786 1614 non
1809 1589 1935 1613 inveniret

1128 1633 1218 1650 novus
1236 1626 1281 1651 ille
1299 1626 1387 1653 editor
1403 1627 1430 1650 in
1448 1626 1563 1651 Sidonio
1578 1624 1728 1655 Sirmondi,
1744 1631 1790 1649 me
1810 1625 1836 1649 in
1854 1623 1935 1654 suspi-

1128 1662 1237 1686 cionem
1258 1662 1338 1686 multa
1358 1661 1423 1686 ﬁdei
1441 1660 1549 1686 trahere
1568 1660 1664 1689 voluit,
1685 1662 1817 1692 tanquam
1836 1660 1858 1683 si
1874 1659 1935 1683 falso

1128 1704 1196 1721 usus
1222 1703 1310 1722 essem
1335 1697 1500 1721 auctoritate
1523 1695 1663 1721 Sirmoudi
1690 1698 1720 1720 ut
1749 1695 1775 1719 id
1802 1695 1935 1726 probarem

1129 1732 1201 1764 quod
1226 1739 1402 1764 susceperam
1430 1731 1614 1763 probandum,
1639 1737 1697 1755 non
1723 1731 1846 1755 facturus
1869 1728 1936 1754 haud

1129 1767 1213 1792 dubie
1228 1768 1251 1792 si
1266 1768 1378 1800 legisset
1395 1767 1508 1792 brevem
1528 1767 1610 1792 istius
1627 1766 1823 1791 Praefationem
1842 1765 1875 1791 de
1891 1771 1935 1789 n0-

1128 1802 1250 1827 minibus
1263 1803 1381 1834 propriis
1397 1802 1496 1827 media:
1514 1803 1612 1832 aetatis,
1626 1801 1728 1826 editam
1749 1803 1778 1826 in
1797 1801 1874 1826 initio
1891 1806 1935 1825 no-

1127 1839 1218 1863 tarum
1231 1837 1265 1863 ad
1277 1837 1432 1863 Sidonium.
1444 1837 1551 1862 Vellem
1565 1839 1657 1862 autem
1672 1839 1703 1861 ut
1715 1837 1758 1861 vir
1769 1836 1936 1861 doctissimus

1128 1875 1154 1898 et
1184 1874 1305 1904 optimus
1334 1873 1551 1904 Christophorus
1577 1872 1724 1897 Matthaus
1751 1871 1862 1897 Pfafﬁus
1886 1877 1936 1895 non

1128 1908 1284 1939 scripsisset
1293 1908 1322 1932 iu
1337 1908 1499 1933 Prmfatione
1513 1908 1548 1933 ad
1561 1908 1710 1933 editionem
1727 1908 1866 1939 Epitomes
1878 1907 1936 1931 Lac-

1129 1944 1217 1973 tantii,
1236 1943 1345 1968 nullum
1363 1945 1511 1976 antiquum
1529 1944 1656 1969 codicem
1676 1951 1792 1976 operum
1812 1942 1936 1968 Lactantii

1129 1979 1231 2004 habere
1245 1986 1347 2004 nomen
1361 1979 1441 2005 Lucii
1452 1979 1566 2005 Caecilii.
1579 1980 1710 2012 Nam'ego
1724 1980 1773 2005 diu
1787 1981 1848 2004 ante
1861 1984 1936 2010 quam

1130 2015 1181 2039 ista
1196 2014 1279 2039 editio
1291 2015 1432 2046 Epitomes
1445 2015 1575 2047 prodiret,
1586 2021 1751 2040 mouneram
1763 2017 1868 2040 exstare
1882 2013 1937 2038 heic

1130 2050 1243 2074 Lutetiae
1263 2050 1291 2074 in
1307 2049 1476 2075 bibliotheca
1495 2051 1569 2082 regia
1584 2051 1655 2075 duos
1674 2051 1880 2083 antiquissimos
1892 2055 1937 2073 co-

1130 2085 1216 2114 dices,
1236 2085 1264 2110 in
1283 2092 1402 2117 quorum
1423 2093 1480 2111 uno
1501 2089 1615 2111 vocatur
1633 2086 1737 2112 Lucius
1760 2085 1895 2115 Caecilius,
1912 2084 1935 2108 in

1129 2121 1183 2146 alio
1196 2121 1299 2145 Lucius
1314 2120 1424 2146 Caelius.
1442 2120 1524 2152 Quod
1538 2121 1636 2147 eodem
1649 2121 1728 2147 redit.

1161 2157 1210 2187 (89)
1232 2156 1335 2181 Caecilio
1355 2157 1447 2187 fratri.
1469 2157 1618 2189 Episcopo,
1640 2159 1671 2182 ut
1693 2164 1764 2188 reor,
1784 2156 1893 2182 Biltensi
1912 2155 1936 2179 in

1130 2192 1271 2223 provincia
1301 2192 1501 2224 proconsulari.
1530 2192 1639 2224 Quippe
1670 2192 1802 2218 Caecilius
1830 2199 1844 2217 δ
1874 2190 1936 2216 Bilta

1131 2227 1289 2252 interfuisse
1323 2228 1457 2259 reperitur
1492 2229 1610 2253 concilio
1648 2227 1858 2260 Cartliaginensi
1890 2225 1936 2250 sub

1132 2262 1279 2294 Cypriane.
1297 2263 1377 2288 Alius
1396 2265 1438 2288 est
1456 2263 1585 2289 Cmcilius
1605 2264 1750 2295 presbyter
1770 2264 1817 2295 qui
1835 2262 1937 2293 Cypria-

1131 2305 1198 2322 num
1229 2298 1263 2322 ad
1292 2299 1462 2329 agnitionem
1494 2305 1566 2324 verm
1597 2299 1749 2323 divinitatis
1776 2306 1791 2323 a
1820 2296 1936 2323 saeculari

1131 2340 1223 2358 errore
1242 2334 1372 2358 correxit.
1395 2334 1477 2359 Illum
1498 2336 1572 2359 enim
1592 2341 1607 2359 θ
1625 2334 1695 2358 vivis
1714 2334 1864 2359 excessisse
1882 2333 1937 2356 ante

1132 2369 1312 2400 Cyprianum,
1329 2370 1375 2394 cui
1390 2371 1538 2402 conjugem
1552 2376 1584 2394 ac
1599 2370 1700 2394 liberos
1715 2376 1781 2394 suos
1796 2369 1829 2394 de
1843 2367 1937 2393 saeculo

1132 2405 1270 2430 excedens
1290 2406 1506 2436 commendavit,
1525 2405 1639 2437 planum
1660 2407 1701 2430 est
1720 2412 1755 2430 ex
1774 2405 1844 2429 libro
1862 2409 1936 2435 quem

1133 2441 1249 2465 Pontius
1271 2440 1405 2466 diaconus
1428 2441 1538 2472 scripsit
1562 2441 1595 2465 de
1617 2440 1680 2465 Vita
1704 2439 1844 2471 Cypriani.
1866 2438 1937 2462 Hauc

1132 2476 1276 2501 historiam
1303 2477 1331 2500 in
1355 2476 1522 2501 contrarium
1545 2476 1681 2500 convertit
1704 2475 1837 2499 Baronius
1851 2473 1936 2510 aiens,

1133 2512 1225 2536 Pontii
1239 2511 1397 2536 testimonio
1408 2510 1480 2536 male
1494 2517 1571 2541 usus,
1582 2510 1761 2542 Cyprianum,
1772 2516 1834 2534 cum
1846 2507 1938 2533 Christi

1133 2547 1292 2578 religionem
1313 2546 1458 2578 amplexus
1480 2548 1561 2575 esset,
1584 2545 1777 2570 charissimam
1800 2545 1937 2575 conjugem

1133 2584 1160 2607 et
1172 2582 1350 2607 dulcissimos
1364 2581 1467 2606 liberos
1481 2581 1691 2606 commendasse
1706 2581 1817 2606 Caecilio
1832 2578 1937 2611 presby-

1134 2620 1201 2643 tero.
1238 2618 1314 2643 Idem
1350 2617 1485 2642 Baronius
1521 2617 1691 2642 existimavit
1725 2617 1799 2642 hunc
1831 2613 1938 2647 prBSbS‘

1134 2655 1223 2678 terum
1239 2653 1327 2677 fuisse
1339 2653 1489 2684 aliquando
1501 2653 1663 2684 magistrum
1681 2651 1845 2677 Diadumeni
1859 2651 1937 2680 impe—

1134 2690 1239 2714 ratoris.
1256 2688 1360 2713 Verum
1375 2688 1448 2713 hanc
1464 2688 1539 2712 illius
1552 2688 1710 2719 opinionem
1726 2694 1781 2712 non
1795 2693 1872 2718 posse
1884 2690 1938 2709 esse

1134 2731 1228 2749 veram
1248 2722 1367 2749 ostendit
1384 2723 1425 2747 vir
1442 2723 1620 2748 doctissimus
1641 2723 1803 2748 Pearsonius
1820 2722 1846 2746 in
1861 2726 1937 2745 anna-

1134 2759 1208 2784 libus
1224 2759 1405 2792 Cyprianicis.

1166 2796 1217 2826 (90)
1237 2796 1288 2820 Hoc
1306 2795 1341 2819 ad
1362 2800 1416 2819 vos.
1439 2794 1549 2823 Melius,
1570 2796 1601 2818 ut
1621 2794 1727 2826 opinor,
1746 2793 1772 2817 in
1792 2792 1859 2817 libro
1877 2791 1937 2815 Bec-

1135 2831 1221 2860 censi,
1239 2831 1270 2855 de
1287 2830 1333 2855 hoc
1351 2830 1386 2854 ad
1405 2832 1436 2854 te.
1456 2829 1586 2854 Nondum
1606 2829 1727 2854 videram
1744 2829 1817 2854 hunc
1833 2826 1935 2853 librum.

1137 2873 1200 2892 cum
1216 2867 1268 2892 ista
1283 2865 1400 2900 epistola
1414 2865 1611 2891 cxcudebatur.
