4028 6200
218 249 296 303 3S5
1569 241 1889 299 EPISTOLA
1928 241 2105 296 LXIII.
3402 248 3501 298 386

203 379 285 425 tur.
332 371 426 422 Nec
472 385 571 422 nos
622 372 804 438 putes,
846 369 1023 422 frater
1070 369 1426 435 charissime,
1462 375 1656 424 nostra
1715 370 1967 455 etAtiat
1998 366 2221 421 anohis
2257 382 2429 437 quam
2473 367 2621 437 quod
2672 384 2771 437 pro
2816 365 2981 421 nobis
3029 367 3296 422 Dominus
3350 370 3505 440 prior

200 466 404 517 humana
458 462 563 523 (91)
621 462 973 515 conscribere
1024 470 1119 517 aut
1176 464 1429 517 ultronea
1484 465 1767 517 voluntate
1872 462 2084 528 fecerit,
2131 465 2189 512 ut
2217 460 2357 513 calix
2390 461 2573 529 quiin
2606 462 3204 517 commemorationem
3248 464 3351 527 (95)
3384 464 3504 532 ejus

198 560 281 612 hoc
313 556 456 610 nobis
492 556 764 609 audacter
806 572 1111 621 assumere,
1145 573 1271 610 cum
1320 557 1770 611 mediocritatem
1874 556 2109 608 otl‘ertur
2140 555 2340 607 mistus
2379 554 2512 607 vino
2551 554 2823 608 offeratur
2864 556 2996 625 (96).
3028 556 3167 609 Nam
3195 573 3325 609 cum
3356 557 3506 610 dicat

196 657 405 704 nostram
433 665 657 719 semper
698 650 902 702 humili
942 655 997 702 et
1028 650 1346 703 verecunda
1381 650 1771 703 moderatione
1873 649 2144 716 Christus,
2194 651 2302 716 Ego
2348 646 2537 719 375
2583 664 2699 701 sum
2736 650 2863 702 vitis
2904 665 3029 702 vero
3074 653 3270 719 (Joan,
3310 667 3397 716 xv,
3432 650 3503 719 l),

196 751 444 797 teneamus
474 744 601 811 (92).
651 742 760 795 Sed
804 742 1033 812 quando
1073 744 1285 812 aliquid
1321 744 1423 812 (93)
1456 744 1567 796 Deo
1606 743 1775 814 inspi-
1874 743 2104 812 sanguis
2130 740 2335 795 Christi
2367 758 2477 793 non
2506 757 2653 810 aqua
2684 747 2765 793 est
2786 742 2893 809 (97)
2919 741 3137 811 utique,
3160 743 3255 796 sed
3284 744 3499 796 vinum.

197 843 324 890 rante
374 838 469 905 (94)
522 839 579 889 et
635 835 951 890 mandante
1005 836 1356 906 praecipitur,
1416 853 1639 890 necesse
1692 841 1776 890 est
1875 836 1983 889 Nec
2044 838 2224 905 potest
2277 834 2458 887 videri
2508 834 2742 904 sanguis
2789 834 2931 902 ejus,
2972 852 3081 904 quo
3124 836 3405 906 redempti
3450 842 3505 890 et

196 930 395 984 Domino
437 945 626 983 servus
662 930 843 983 fidelis
883 929 1262 1000 obtemperet,
1297 936 1589 985 excusatus
1626 930 1773 1000 apud
1876 928 2139 982 viviﬁcati
2170 930 2279 997 (98)
2310 944 2522 995 sumus,
2567 944 2683 981 esse
2733 927 2790 980 in
2834 928 3004 981 calice
3042 930 3265 998 quando
3310 930 3504 983 vinum

192 1040 355 1076 omnes
405 1022 552 1093 quod
612 1022 752 1076 nihil
808 1022 913 1076 sibi
968 1027 1303 1093 arroganter
1362 1027 1627 1090 assumat,
1679 1023 1774 1093 qui
1877 1022 2023 1075 desit
2076 1022 2251 1088 calici,
2310 1038 2423 1092 quo
2475 1022 2683 1076 Christi
2743 1021 2971 1090 sanguis
3024 1022 3358 1091 ostenditur,
3413 1023 3509 1092 qui

195 1118 425 1170 ollensam
479 1116 698 1171 Domini
756 1117 960 1171 timere
1010 1117 1397 1187 compellitur,
1451 1117 1559 1170 nisi
1606 1117 1778 1171 faciat
1878 1116 2299 1186 Scripturarum
2351 1116 2610 1169 omnium
2666 1118 3023 1169 sacramento
3081 1132 3145 1169 ac
3187 1116 3506 1170 testimonio

191 1211 312 1280 quod
334 1210 584 1280 jubetur.
1880 1209 2225 1279 prtedicetur
2254 1211 2321 1261 π.
3086 1270 3091 1273 ν

247 1305 301 1357 ll.
346 1304 677 1357 Admonitos
728 1309 918 1357 autem
963 1320 1064 1358 nos
1109 1304 1248 1357 scias
1293 1306 1340 1337 ³⁵
1385 1309 1446 1358 ut
1498 1304 1555 1358 in
1607 1304 1777 1359 calice
1953 1304 2034 1356 III.
2092 1302 2415 1356 Invenimus
2479 1303 2631 1355 enim
2678 1306 2732 1356 et
2781 1303 2837 1356 in
2887 1303 3082 1357 Genesi
3132 1304 3280 1357 circa
3321 1320 3510 1358 sacra-

191 1396 440 1450 otierendo
485 1396 775 1451 Dominica
816 1397 1046 1451 traditio
1078 1402 1355 1466 servetur,
1400 1413 1582 1468 neque
1625 1398 1779 1451 aliud
1882 1400 2147 1450 mentum
2175 1396 2229 1449 in
2261 1398 2371 1450 Noe
2396 1396 2502 1449 hoc
2534 1396 2685 1450 idem
2714 1397 3151 1466 praecucurrisse
3180 1403 3237 1452 et
3265 1398 3508 1469 ﬁguram

1516 1512 1723 1575 Variae
1780 1512 2113 1575 lectiones.

238 1610 269 1639 ³⁵
293 1607 394 1657 Vos
421 1608 607 1658 sciatis
640 1611 860 1671 August.
931 1608 968 1640 ³⁸
996 1608 1335 1658 Testimonio
1365 1608 1598 1659 eﬂusius
1624 1609 1957 1671 praedicatur
1980 1610 2133 1657 Oxon.

1444 1712 1667 1793 Steph.
1717 1713 1961 1775 Baluzii
2006 1718 2201 1775 notae.

235 1833 316 1923 (91)
356 1834 542 1923 {ostra
596 1839 641 1882 et
701 1833 949 1882 humana.
998 1833 1156 1883 Hanc
1205 1834 1503 1884 lectionem
1561 1834 2331 1923 praefertBarchiepiscopus
2402 1834 2806 1893 Armachanus,
2865 1833 2959 1882 lib.
3014 1847 3093 1893 Ix,
3142 1847 3261 1896 cap.
3342 1835 3392 1891 9,
3449 1834 3511 1881 de

276 1916 327 1923 ν--
415 1905 759 1923 Αωεμεηη,
838 1904 1187 1923 n-__-.-_-._
1224 1909 1265 1923 -.
1325 1905 1479 1923 ,μμ
1888 1904 2265 1923 η-.-,..ι-μ.ιιη-
2325 1905 2650 1923 ,μωμηηη
2727 1904 2905 1923 nn-“
2956 1918 3072 1923 ---μ
3136 1908 3316 1923 μη.--
3354 1904 3505 1923 nm.

189 1902 329 1952 codex
373 1903 779 1967 Seguierianus.
836 1904 1191 1954 Carnotensis
1218 1909 1271 1954 et
1320 1905 1485 1955 editio
1532 1906 1778 1965 Morellii,
1804 1902 1858 1923 υ
1886 1904 2265 1965 Quaestionibus
2305 1905 2673 1954 Armenorum.
2727 1904 2909 1966 Quare
2951 1918 3080 1953 cum
3131 1908 3322 1953 contra
3354 1904 3511 1953 fieret

188 1978 341 2023 nostra
388 1980 431 2023 et
479 1974 715 2024 humana
767 1980 950 2025 mente.
1018 1976 1310 2038 Fuxensis,
1380 1976 1477 2025 hac
1548 1977 1781 2025 humana
1884 1976 2013 2023 olim
2042 1976 2096 2023 in
2135 1988 2302 2037 regno
2339 1975 2571 2033 Suecise,
2619 1976 2899 2025 Honorius
2938 1976 3081 2038 Papa
3125 1975 3215 2032 III,
3266 1974 3513 2023 scribens

189 2053 340 2105 mente,
366 2047 583 2095 omissis
636 2047 745 2095 illis
792 2052 973 2096 nostra
1014 2052 1079 2105 et,
1124 2060 1249 2110 quae
1298 2053 1463 2097 etiam
1500 2048 1701 2097 desunt
1727 2049 1780 2096 in
1884 2046 1951 2095 ad
1989 2046 2469 2109 archiepiscopum
2507 2047 2891 2110 Upsalensem,
2922 2047 3097 2095 vetuit
3143 2059 3213 2095 ne
3252 2045 3516 2108 deinceps

190 2115 465 2166 Corbeiensi
520 2120 575 2166 et
640 2119 696 2166 in
762 2118 1090 2166 Turonensi.
1147 2120 1460 2177 Beccensis,
1510 2124 1694 2167 nostra
1738 2124 1783 2167 et
1886 2118 2059 2175 ﬁeret,
2091 2118 2348 2180 inquiens
2392 2118 2445 2166 id
2484 2118 2859 2180 perniciosum
2903 2116 3061 2165 valde
3101 2130 3237 2165 esse.
3291 2117 3425 2178 Ejus
3451 2130 3515 2165 ea

190 2187 384 2235 humana
417 2189 755 2237 conscientia.
782 2188 1067 2238 Bodleiani
1094 2187 1221 2249 duo,
1258 2190 1487 2238 humana
1518 2196 1564 2238 et
1608 2188 1783 2240 novei-
1885 2188 1952 2237 de
1996 2201 2052 2236 re
2088 2192 2411 2239 constitutio
2463 2193 2641 2239 exstat
2692 2189 2746 2236 in
2801 2188 2955 2236 libris
2996 2187 3338 2237 Decretalium
3381 2193 3433 2236 et
3460 2188 3515 2236 in

1886 2260 2079 2322 quinta
2130 2262 2541 2323 compilatione.
2598 2259 2740 2309 Vide
2814 2259 3195 2309 Emmanuelis
3246 2259 3518 2308 Gonzales

1886 2332 2353 2380 commentarium
2404 2332 2461 2379 in
2508 2331 2729 2379 titulum
2780 2330 3152 2380 Decretalium
3184 2331 3245 2378 de
3277 2328 3519 2377 Celebra-

1886 2403 2025 2449 tione
2051 2404 2350 2451 Missurum.
2387 2402 2694 2463 Singularis
2728 2406 2811 2450 est
2863 2402 3185 2451 constitutio
3235 2400 3519 2463 synodalia

1886 2472 2081 2522 Didaci
2138 2473 2395 2522 Escolani
2450 2473 2694 2535 episcopi
2748 2472 3124 2535 Majoricensis
3176 2471 3320 2521 edita
3373 2484 3519 2519 anno

1888 2544 2028 2601 1659,
2096 2543 2181 2592 his
2233 2544 2415 2593 verbis
2477 2560 2487 2591 :
2553 2563 2577 2587 «
2631 2544 2772 2593 Cum
2835 2549 3253 2593 sacrosanctum
3335 2544 3521 2591 altaris

1887 2614 2225 2663 sacriﬁcium
2256 2616 2310 2663 in
2341 2628 2451 2677 quo
2489 2615 2613 2664 fons
2652 2615 2831 2663 omnis
2872 2616 3181 2663 sanctitatis
3220 2619 3274 2665 et
3325 2615 3521 2662 nitoris

1889 2687 2173 2744 retinetur,
2230 2687 2415 2734 minus
2471 2684 2729 2735 decenter
2784 2688 3076 2747 peragatur
3128 2686 3261 2733 dum
3324 2685 3519 2732 vinum

1889 2756 2116 2805 rubrum
2142 2761 2513 2817 consecratur,
2562 2770 2688 2805 cum
2742 2757 2823 2805 sic
2864 2755 3165 2806 mundities
3212 2756 3398 2805 altaris
3427 2755 3519 2803 vix

1888 2830 2197 2877 conservari
2222 2828 2541 2892 possit,ideo
2566 2828 2851 2877 hortamur
2872 2841 3063 2877 omnes
3082 2828 3250 2891 hujus
3267 2827 3521 2877 dimcesis

1888 2900 2237 2962 presbyteros
2286 2905 2347 2949 ut.
2396 2899 2628 2962 posthac
2683 2900 2811 2948 vino
2862 2898 2987 2949 albo
3041 2900 3097 2948 in
3150 2898 3522 2949 celebratione

1890 2972 2181 3020 missarum
2210 2975 2453 3021 utantur.
2482 2986 2511 3018 »

1958 3044 2052 3101 (97)
2105 3036 2335 3105 Sanguis
2399 3042 2601 3092 Christi
2650 3054 2753 3090 non
2798 3047 2873 3091 est
2926 3054 3085 3105 aqua.
3146 3040 3263 3091 Non
3318 3041 3526 3103 legerat

191 2257 273 2304 tam
298 2259 680 2308 institutionem.
710 2258 849 2309 Vide
884 2259 1296 2310 observationes
1326 2260 1563 2323 Rigaltii.

236 2328 318 2389 (92)
373 2330 603 2377 Tenetur.
648 2330 769 2378 Non
816 2330 1166 2380 adnotassem
1226 2333 1405 2380 varias
1460 2331 1629 2393 hujus
1676 2331 1784 2380 loci

187 2399 411 2449 lectiones
445 2414 575 2463 quae
606 2402 957 2463 reperiuntur
1000 2403 1053 2450 in
1093 2403 1323 2451 vetustis
1354 2402 1781 2464 exemplaribus,

189 2470 270 2516 nisi
306 2470 571 2533 Rigaltius
610 2474 921 2521 monuisset
974 2473 1174 2534 legisse
1226 2486 1283 2522 se
1342 2474 1395 2519 in
1454 2473 1785 2535 quibusdam

188 2539 313 2589 libris
340 2542 616 2591 veteribus
670 2543 985 2603 tenebrutur,
1036 2556 1271 2605 eamque
1320 2542 1615 2593 lectionem
1645 2557 1784 2606 prai-

190 2612 368 2661 tulisset
416 2614 678 2678 vulgatae.
734 2616 948 2663 Invenit
988 2618 1172 2663 autem
1222 2615 1371 2662 illam
1423 2615 1477 2662 in
1539 2615 1786 2678 margine

188 2681 403 2732 editionis
433 2686 791 2745 Manutianae,
821 2686 913 2734 ubi
962 2685 1189 2748 quidam
1232 2685 1516 2733 studiosus
1561 2686 1787 2735 adnota-

188 2754 247 2800 vit
285 2757 447 2804 varias
474 2757 747 2805 lectiones
790 2770 855 2806 ex
910 2756 1198 2805 codicibus
1248 2756 1438 2816 Italiae,
1474 2760 1527 2805 et
1572 2759 1788 2806 monuit

189 2824 445 2874 tenebratur
482 2828 756 2890 scriptum
805 2840 923 2877 esse
988 2829 1044 2875 in
1101 2827 1383 2875 Vaticanis
1425 2826 1662 2876 duobus.
1718 2829 1787 2876 At

188 2906 281 2956 ego,
308 2898 395 2960 qui
426 2902 501 2947 tot
532 2903 718 2947 vetera
743 2898 1078 2962 exemplaria
1109 2900 1321 2948 contuli
1365 2912 1493 2947 cum
1526 2899 1788 2961 operibus

191 2964 433 3029 Cypriani,
482 2970 541 3017 in
615 2969 837 3019 duobus
910 2972 1124 3017 tantum
1200 2970 1385 3018 inveni
1468 2968 1784 3018 teiiebr-atur.

192 3034 355 3086 Omnia
382 3040 484 3089 alia
527 3039 745 3089 habent
791 3046 1010 3101 tenetur,
1055 3045 1335 3099 teneretur,
1369 3040 1655 3101 tenebatur,
1694 3045 1789 3089 aut

190 3110 442 3157 teneantur.
486 3109 770 3160 Cmterum
831 3110 1061 3160 arbitror
1105 3110 1313 3159 nemini
1361 3110 1579 3173 placere
1632 3124 1789 3174 posse
1890 3112 2040 3161 haud
2115 3113 2282 3163 dubie
2358 3113 2509 3163 hunc
2578 3112 2843 3176 Cypriani
2923 3113 3112 3162 locum
3162 3112 3524 3162 Innocentius

191 3180 467 3248 opinionem
512 3181 758 3243 Rigaltii.
805 3180 999 3231 Cicero
1054 3182 1107 3229 in
1150 3181 1409 3231 Oratione
1452 3180 1519 3230 de
1572 3180 1787 3231 Consu-
1814 3222 1861 3248 η
1894 3185 2035 3247 Papa
2088 3184 2230 3245 VIII,
2274 3198 2402 3235 cum
2452 3186 2718 3248 Norvegis
2763 3184 3015 3247 permisit
3070 3186 3131 3231 ut
3188 3182 3525 3233 sacriﬁcium

192 3246 281 3296 lata
322 3264 417 3299 suo
454 3222 617 3300 dixi:D
634 3266 643 3298 :
684 3253 864 3301 Nescio
913 3253 1033 3315 quis
1085 3266 1162 3301 me
1215 3257 1345 3301 tenet
1400 3266 1571 3303 error.
1610 3253 1680 3301 Et
1735 3222 1866 3300 inc
1897 3222 2080 3305 migsm
2124 3223 2464 3306 celebrarent
2506 3222 2807 3305 sineoving.
2843 3255 3005 3317 Quod
3054 3254 3211 3305 illum
3252 3257 3330 3305 eis
3385 3268 3527 3305 con-

193 3317 410 3371 Oratione
456 3335 558 3385 pro
618 3322 874 3371 Marcello
930 3338 941 3370 ι
992 3324 1105 3372 Etsi
1155 3322 1339 3387 aliqua
1414 3324 1570 3387 culpa
1622 3329 1797 3373 tenear
1896 3328 2127 3378 cessisse
2191 3332 2421 3377 testatur
2482 3327 2725 3391 Raphael
2786 3327 3202 3387 Voleterranus,
3273 3326 3370 3375 lib.
3432 3339 3524 3387 vn,

194 3394 358 3440 erroris
423 3392 667 3441 humani.
719 3392 949 3443 Ovidius
992 3393 1090 3442 lib.
1132 3406 1191 3442 III
1237 3394 1791 3458 Metamorphoseon:
1896 3412 2014 3461 pag.
2050 3399 2179 3448 159:
2212 3414 2239 3445 α
2282 3399 2569 3461 Νοιτνθείω
2605 3398 2911 3448 Innocentii
2942 3398 3043 3447 VII
3092 3402 3243 3460 pont.
3288 3409 3524 3448 conces-

523 3473 718 3522 Tantus
748 3476 891 3521 tenet
929 3487 1082 3522 error
1106 3478 1387 3524 amantem.
1897 3470 2054 3519 sione
2103 3470 2433 3531 permissum
2505 3468 2624 3519 sine
2706 3469 2834 3518 vino
2906 3468 3138 3518 calicem
3200 3468 3529 3529 sacriﬁcare,

193 3553 417 3617 Virgilius
444 3557 538 3607 lib.
576 3570 618 3605 Χ
647 3558 893 3607 /Eneidos
920 3557 1061 3607 dixit
1089 3559 1258 3608 teneri
1299 3559 1444 3608 malo
1469 3570 1667 3607 errore.

1904 3540 2047 3603 quod
2100 3542 2170 3589 ob
2239 3541 2508 3590 immensa
2572 3541 2772 3603 frigora
2823 3541 3017 3589 vinum
3078 3541 3132 3589 in
3188 3553 3251 3589 ea
3308 3542 3531 3603 regione

240 3612 326 3687 (93)
364 3629 584 3687 Quando
639 3628 871 3691 aliquid.
956 3628 1348 3691 Fragmentum
1428 3628 1575 3679 istud
1634 3630 1797 3679 refert
1898 3616 2251 3691 ξωΡοαδωω
2282 3620 2516 3691 ῧφθεοῇί·
2552 3612 2725 3675 Culus
2755 3614 2833 3691 re}
2864 3613 3265 3691 Smuajegaiio
3290 3614 3476 3691 φξδεβς
3500 3631 3527 3691 ’f

195 3684 438 3747 Paschalis
493 3701 542 3748 Il
613 3684 751 3763 papa
804 3702 859 3748 in
918 3684 1147 3763 epistola
1212 3700 1280 3749 ad
1340 3701 1580 3749 Pontium
1633 3700 1798 3749 abba-
1898 3686 1959 3763 [Β
2008 3689 2223 3763 νθῑυδίξ)
2272 3684 2479 3763 φίεβδιί
2537 3684 2958 3763 ωειαθοοῙθδξεβ
3035 3684 3531 3763 sa“0ii__Ma_1'_tini

195 3770 278 3815 tem
320 3756 759 3831 Cluniacen'sein,
789 3784 915 3834 quas
952 3756 1115 3821 .edita
1162 3777 1246 3821 est
1297 3773 1352 3820 in
1410 3773 1569 3821 tomis
1610 3774 1797 3821 Conci-

1904 3758 2239 3834 Turonensis
2282 3757 2411 3834 legi
2438 3758 2726 3820 sequentia
2775 3774 2785 3804 :
2822 3774 2849 3800 «
2880 3756 2939 3806 Si
2998 3770 3093 3819 per
3134 3757 3530 3820 negligentiam

197 3835 371 3889 horum.
749 3829 754 3831 ’
806 3829 823 3834 ’
1898 3829 2145 3877 evenerit
2190 3831 2251 3876 ut
2302 3829 2543 3889 perlecto
2590 3841 2804 3877 canone
2864 3832 2919 3877 et
2962 3831 3183 3890 peracta
3238 3840 3530 3877 consecra—

242 3912 323 3971 Μ)
390 3916 709 3977 lnspirante.
760 3915 841 3964 Ita
903 3916 1149 3979 antiqua:
1218 3915 1507 3965 editiones.
1588 3914 1797 3963 Vocem
1899 3900 2048 3979 “A099
2101 3912 2207 3979 1199
2261 3900 2449 3979 γίξλιξω
2492 3913 2619 3979 Ρθο,
2653 3913 2795 3962 aqua
2844 3901 3150 3979 reperiatur
3205 3900 3279 3979 _in
3321 3900 3529 3979 Icalice,

196 3969 442 4043 aspirante,
474 3969 678 4049 'quam
750 3969 1055 4049 Rigaltius.
1098 3987 1403 4045 substituit,
1480 3999 1589 4035 non
1666 3985 1798 4035 alibi
1900 3973 2087 4020 statim
2116 3970 2279 4049 δίψει
2312 3970 2527 4049 inﬁmi“
2567 3974 2884 4049 utrumque,
2928 3974 2979 4019 et
3028 3969 3287 4049 Sacerdos
3318 3969 3534 4049 “9’31?”

198 4057 354 4115 reperi.
410 4041 599 4119 Angli,
633 4041 918 4107 tamenatsi
962 4057 1211 4108 viderent
1247 4059 1302 4106 in
1348 4041 1639 4107 codicibus
1684 4058 1799 4106 suis

1904 4042 2375 4091 consecrationem
2445 4041 2514 4090 ab
2595 4041 2689 4090 illo
2776 4042 2896 4091 loco
2971 4042 3221 4101 canonis,
3272 4042 3532 4090 scilicet:

195 4131 267 4172 aut
290 4129 399 4189 quis
447 4110 718 4193 scriptum
765 4142 886 4179 esse
926 4130 1241 4193 inspirante,
1289 4130 1641 4178 retinuerunt
1674 4128 1799 4177 edi-

1904 4111 2072 4193 §imiti
2124 4113 2275 4192 modo
2322 4116 2500 4174 postea
2551 4126 2746 4193 quam.
2778 4118 3032 4161 cmnatum
3096 4117 3187 4173 est,
3236 4124 3419 4192 usque
3465 4110 3534 4160 ad

197 4182 366 4246 tionem
400 4182 997 4264 Rigaltii.Reinhartus
1012 4182 1239 4259 'rejecit.’
1260 4200 1450 4249 Exstat
1475 4201 1531 4248 in
1561 4200 1796 4263 epistola
1899 4182 2085 4264 ﬁnem;
2138 4183 2211 4264 ίξδ
2243 4186 2526 4264 ίῆωθηηυῐ
2562 4183 2683 4232 ίῙῙθε
2717 4182 2855 4231 duas
2904 4195 3098 4264 crufes
3126 4182 3354 4264 ‘Omiufli
3396 4194 3536 4260 (luas

200 4279 321 4329 papa:
347 4251 645 4320 Ρθεςῖλδιίε,
1081 4251 1097 4259 ⁷
1598 4251 1611 4263 ⁸
1900 4254 2251 4329 singulariter
2282 4253 2473 4329 fecerit
2517 4267 2683 4317 super
2712 4267 2929 4329 panem.
2981 4252 3145 4329 Quod
3187 4253 3231 4300 si
3282 4251 3350 4301 de
3401 4254 3535 4329 sim-

245 4324 325 4399 (95)
368 4343 938 4393 Commemorationem.
993 4343 1071 4391 Ita
1119 4345 1336 4393 veteres
1373 4341 1647 4391 editiones
1689 4340 1801 4389 Ma-
1900 4324 2027 4399 PliCi
2060 4326 2188 4373 νίηο
2232 4325 2319 4374 V31
2369 4324 2438 4374 de
2483 4340 2629 4389 aqua
2676 4328 2798 4376 Sine
2846 4328 2981 4376 νίΠο
3035 4324 3533 4399 ﬁ3t_0003901‘a“0i

198 4411 384 4461 nutiana
441 4415 803 4477 antiquiores,
862 4427 958 4463 sex
1028 4413 1150 4461 libri
1200 4414 1370 4461 nostri
1459 4417 1689 4469 veteres,
1749 4416 1801 4459 et

197 4482 402 4545 quinque
475 4486 790 4547 Anglicani,
870 4489 986 4532 tum
1057 4486 1221 4532 etiam
1285 4483 1563 4541 Rabanus,
1624 4482 1717 4530 lib.
1784 4495 1799 4530 ι

197 4551 243 4618 de
262 4552 569 4605 Institutione
614 4557 941 4613 clericorum,
995 4570 1118 4618 cap.
1172 4558 1249 4614 3t,
1297 4556 1393 4603 ubi
1447 4555 1611 4603 refert
1646 4554 1797 4601 hunc

1898 4396 2089 4443 vinum
2154 4400 2443 4458 reputatur
2499 4411 2595 4459 pro
2639 4402 3007 4458 sacramento,
3062 4396 3158 4445 sed
3220 4409 3364 4459 aqua
3424 4407 3536 4444 non

1901 4473 2201 4532 reputatur.
2232 4471 2298 4519 Et
2348 4472 2472 4519 ideo
2527 4473 2627 4520 ista
2671 4473 3005 4534 negligentia
3054 4471 3123 4519 de
3170 4484 3313 4532 aqua
3362 4470 3537 4530 major

1900 4549 1983 4592 est
2028 4545 2082 4591 et
2117 4544 2309 4605 majori
2356 4544 2681 4606 paenitentia
2734 4542 3099 4592 emendanda.
3132 4558 3161 4589 »
3196 4543 3445 4599 Armeni,
3473 4543 3536 4587 ut

197 4617 416 4683 Cypriani
451 4627 659 4685 locum,
692 4630 853 4687 recte,
881 4595 942 4675 ut
968 4595 1180 4689 opiiior.
1214 4595 1346 4675 riam
1376 4628 1429 4674 in
1458 4626 1637 4687 capite
1674 4595 1877 4673 XXIII)
1903 4613 2064 4662 tradit»
2110 4613 2293 4689 Qutdo
2318 4615 2409 4689 _de
2483 4614 2831 4689 Périiipianor
2890 4613 3109 4689 aiebam
3167 4625 3369 4689 “fluam
3422 4623 3535 4689 9°“.

202 4690 445 4757 Evangelii
520 4698 809 4747 secundum
882 4698 1176 4747 Manlianum
1243 4703 1297 4747 et
1381 4698 1437 4744 in
1514 4698 1691 4759 capite
1740 4706 1801 4743 x1

200 4765 358 4821 prioris
395 4768 658 4831 Epistolae
706 4769 851 4818 beati
894 4769 1051 4818 Pauli
1104 4769 1169 4817 ad
1204 4768 1499 4817 Corinthios
1530 4767 1802 4820 Christus,

200 4846 298 4882 cum
342 4838 651 4889 institueret
690 4845 1097 4890 sacramentum
1147 4840 1531 4897 Eucharistiae,
1589 4838 1803 4887 dixisse

202 4904 340 4955 fertur
366 4909 653 4975 discipulis
670 4913 787 4960 suis
818 4926 828 4958 :
865 4915 963 4961 Hoc
992 4914 1154 4971 facite
1198 4913 1247 4961 in
1277 4912 1447 4961 meant
1497 4923 1806 4960 commemo—

200 4980 438 5030 rationem.
493 4984 975 5033 Dissimulandum
1052 4989 1233 5033 tamen
1288 4998 1401 5033 non
1478 4988 1558 5033 est
1614 4983 1807 5031 lectio-

203 5060 301 5098 nem
351 5054 594 5112 Manutii,
636 5055 692 5104 id
734 5058 818 5103 est
864 5056 1371 5113 commemoratione,
1439 5055 1678 5103 inveniri
1752 5055 1807 5101 in

204 5126 301 5167 octo
320 5123 465 5173 libris
492 5126 797 5177 veteribus.
832 5126 1111 5175 Pamelius
1141 5130 1193 5175 et
1239 5125 1572 5175 Reinhartus
1599 5138 1807 5187 posue-

204 5197 306 5241 runt
327 5197 880 5258 commemorationem,
905 5197 1180 5262 Rigaltius
1206 5198 1707 5245 commemoratione.
1742 5196 1809 5244 Et

206 5266 355 5333 tamen
386 5268 527 5318 idem
574 5268 842 5333 ltigaltius
898 5270 953 5316 in
1009 5270 1164 5319 calce
1208 5270 1369 5317 istius
1420 5268 1685 5331 epistolae,
1713 5267 1808 5315 ubi

206 5332 285 5381 ista
309 5332 755 5400 repetuntur,ibis
780 5341 997 5403 scripsit
1039 5342 1605 5390 commemorationem.
1644 5340 1808 5401 Angli

206 5410 512 5460 retinuerunt
544 5411 839 5461 lectionem
880 5411 1120 5474 Rigaltii.

254 5479 335 5537 (96)
379 5484 564 5531 Mistus
630 5484 745 5531 vino
804 5483 1075 5545 o/feratur.
1134 5483 1446 5533 Concilium
1527 5480 1813 5545 Carthagi-

209 5556 344 5599 nense
377 5566 448 5614 ιιι,
501 5567 717 5603 canone
754 5556 815 5604 ‘34
844 5570 854 5601 :
888 5571 917 5601 «
942 5555 1009 5605 Ut
1069 5556 1122 5603 in
1176 5558 1521 5604 sacramento
1570 5553 1813 5615 corporis

210 5622 247 5689 ξι
271 5626 535 5687 sanguinis
596 5626 815 5675 Domini
867 5626 1003 5675 nihil
1059 5625 1298 5689 amplius
1354 5624 1611 5675 oﬂ'eratur
1645 5637 1814 5689 quam

212 5686 441 5744 Dominus
490 5695 730 5757 tradidit,
777 5697 885 5747 hoc
926 5701 1021 5757 :est
1071 5686 1229 5761 panis
1289 5700 1341 5745 et
1407 5698 1598 5745 vinum
1653 5686 1813 5760 aqua:

214 5760 471 5814 mistam.»
522 5768 727 5817 Vinum
797 5772 981 5818 autem
1060 5760 1190 5832 poni
1271 5768 1438 5818 debet
1508 5769 1563 5815 in
1617 5767 1817 5829 majori

215 5840 478 5899 quantitate
513 5853 683 5906 quam
723 5854 888 5906 aqua,
927 5843 989 5891 ut
1036 5840 1228 5891 scribit
1277 5841 1443 5891 etiam
1502 5838 1815 5890 Richardus

1905 4698 2028 4734 esse
2084 4684 2425 4734 miscendam
2480 4686 2610 4733 vino
2652 4685 2707 4731 in
2753 4686 3099 4733 sacramento
3154 4683 3355 4741 altaris,
3390 4686 3443 4730 et
3489 4680 3536 4728 si

1905 4770 2047 4820 aqua
2079 4763 2335 4820 ponatur,
2381 4756 2638 4805 dicebant
2683 4756 2899 4803 nullum
2946 4756 3355 4803 sacramentum
3393 4762 3532 4799 esse.

1906 4829 2073 4877 Hunc
2106 4842 2297 4877 eorum
2329 4840 2567 4877 errorem
2603 4827 2907 4876 confutavit
2934 4824 3221 4888 Eugenius
3275 4824 3417 4886 Papa
3442 4823 3535 4880 1V,

1907 4900 2054 4961 apud
2098 4898 2398 4949 Odoricum
2452 4897 2802 4962 Raynaldum
2844 4911 2931 4945 an.
2984 4895 3183 4958 1439,§
3230 4897 3303 4944 15.
3351 4894 3536 4943 Etiam

1906 4972 2043 5020 lacte
2093 4984 2189 5033 pro
2235 4972 2365 5019 vino
2423 4984 2553 5020 usos
2615 4983 2736 5020 esse
2790 4966 3062 5033 quosdam
3110 4968 3419 5030 antiquitus
3477 4968 3534 5015 in

1907 5043 2181 5092 sacrificio
2214 5043 2392 5091 Missze
2444 5042 2685 5091 ostendit
2731 5042 2974 5090 Joannes
3004 5040 3248 5102 Baptista
3286 5038 3541 5088 Casalius

1908 5116 1964 5163 in
2021 5128 2185 5177 opere
2264 5114 2329 5161 de
2398 5112 2657 5162 celeribus
2731 5112 2900 5161 sacris
2980 5110 3402 5160 Christianorum
3456 5108 3543 5157 Ri-

1912 5186 2063 5247 tibus,
2098 5202 2143 5233 c.
2180 5188 2254 5246 tt,
2294 5185 2387 5233 ubi
2432 5189 2627 5235 tractat
2674 5184 2743 5233 de
2787 5182 2977 5233 calicis
3012 5195 3138 5232 usu.
3190 5181 3331 5231 Vide
3371 5180 3540 5230 etiam

1910 5258 2212 5320 Epistolam
2245 5257 2477 5305 Joannis
2530 5256 2585 5305 S.
2644 5256 2707 5305 R.
2764 5256 2824 5304 Ε.
2888 5255 3106 5304 diaconi
3151 5253 3222 5302 ad
3266 5252 3544 5303 Senarium

1909 5342 2029 5392 cap.
2064 5330 2138 5387 t2,
2168 5330 2222 5377 in
2264 5332 2457 5377 tomox
2511 5329 2678 5376 Musei
2720 5326 2893 5375 Italici
2949 5325 3271 5385 Mabillonii,
3302 5337 3422 5387 pag.
3462 5325 3540 5384 75,

1911 5408 1963 5452 et
1998 5406 2155 5450 notas
2187 5400 2443 5451 Cotelerii
2472 5402 2524 5448 in
2559 5399 2763 5449 librum
2810 5411 2907 5447 VIII
2939 5398 3383 5447 Constitutionum
3413 5409 3544 5459 apo-

1912 5473 2234 5533 stolicarum,
2262 5487 2307 5521 c.
2343 5474 2387 5521 8.

1976 5546 2071 5608 (98)
2144 5544 2414 5607 Vivi/icati.
2477 5541 2630 5592 Unus
2682 5541 2858 5592 codex
2933 5544 3121 5605 regius
3202 5546 3256 5590 et
3334 5539 3545 5591 Rabani

1913 5618 2184 5667 editiones
2228 5616 2433 5665 habent
2469 5614 2773 5678 justi/icati.
2820 5616 2891 5663 At
2932 5614 3042 5663 duo
3077 5613 3302 5663 codices
3343 5625 3549 5661 manu—

1914 5690 2099 5753 scripti
2129 5688 2485 5739 bibliothecae
2521 5688 2725 5750 reginas
2775 5689 2828 5735 et
2876 5684 3233 5746 Colbertinee,
3264 5685 3317 5731 in
3344 5682 3549 5744 quibus

1914 5760 2192 5811 habentur
2242 5760 2365 5809 libri
2416 5759 2669 5809 Rhabani
2718 5757 2781 5806 de
2830 5758 3161 5807 Institutione
3216 5753 3551 5815 clericorum,

1916 5834 2215 5898 praeferunt
2243 5831 2509 5898 viviﬁcati.
2542 5830 2612 5880 Et
2640 5830 2763 5881 haec
2788 5832 2871 5880 est
2896 5841 3026 5878 vera
3056 5827 3233 5881 lectio.
