3978 6194
446 234 546 287 387

1384 221 1438 276 S.
1479 219 1790 274 CYPRIANI
1829 220 2106 275 OPERUM
2152 220 2321 276 PARS
2350 221 2393 275 Ι.
2434 247 2500 264 —
2530 219 2888 278 EPISTOLIE.

3675 238 3764 293 388

447 353 751 408 Dominicai
808 347 1085 421 passionis
1143 346 1258 400 illic
1313 343 1590 400 exstitisse
1659 344 1812 414 quod
1879 344 2075 398 vinum
2098 361 2386 432 Apanem
2428 349 2484 400 et
2517 345 2739 413 vinum,
2777 362 2944 400 suum
2983 343 3194 400 scilicet
3232 360 3434 416 corpus
3471 352 3524 403 et
3561 357 3770 424 sangui-

445 448 606 513 bibit,
650 443 804 515 quod
849 441 1160 495 inebriatus
1204 444 1286 494 est
1335 440 1514 509 (Gen,
1564 453 1638 504 1x,
1679 439 1788 506 2i),
1822 438 1975 508 quod
2018 437 2075 492 in

449 541 618 594 domo
668 554 769 592 sua
819 534 1069 590 nudatus
1123 540 1227 602 est,
1279 531 1432 604 quod
1483 530 1591 584 fuit
1634 531 1915 585 recubans
1963 531 2074 600 (99)

448 632 612 687 nudis
657 636 714 686 et
756 628 1076 702 patentibus
1119 626 1454 693 femoribus,
1505 625 1660 695 quod
1711 624 1936 678 nuditas
1983 624 2077 678 illa

443 725 624 798 patris
651 741 683 778 a
713 723 903 779 medio
947 722 1064 775 ﬁlio
1104 721 1368 774 denotata
1399 718 1472 789 (1)
1512 723 1596 772 est
1639 721 1696 772 et
1740 718 1886 772 foras
1925 734 2072 772 nun-

445 821 600 882 tiata,
635 835 668 873 a
695 817 915 872 duobus
955 831 1108 881 vero,
1158 814 1371 884 majore
1423 817 1480 866 et
1523 811 1747 866 minore
1795 815 2073 878 contecta,

447 919 503 968 et
528 919 730 967 caetera
760 927 888 982 quae
922 924 1151 963 necesse
1186 924 1303 961 non
1347 912 1430 960 est
1472 905 1726 976 exsequi,
1771 921 1898 959 cum
1939 905 2076 959 satis

447 1007 519 1062 sit
560 1007 663 1060 hoc
701 1005 881 1059 solum
919 1001 1242 1073 complecti,
1270 999 1423 1071 quod
1465 999 1599 1067 Noe,
1631 1005 1832 1070 typum
1870 999 2075 1053 futurae

447 1099 698 1155 veritatis
729 1098 1049 1163 ostendens,
1078 1111 1192 1149 non
1233 1110 1440 1164 aquam
1482 1093 1574 1148 sed
1613 1092 1808 1147 vinum
1844 1091 2071 1162 biberit,

449 1199 506 1248 et
536 1193 614 1246 sic
641 1192 950 1262 imaginem
983 1188 1298 1242 Dominicae
1324 1186 1604 1257 passionis
1635 1186 1990 1256 expresserit.

517 1287 603 1340 IV.
671 1287 812 1338 item
873 1284 932 1336 in
988 1279 1275 1335 sacerdote
1342 1279 1749 1334 Melchisedech
1815 1278 2073 1332 sacriﬁcii

447 1377 726 1434 Dominici
753 1380 1171 1431 sacramentum
1210 1373 1641 1444 praeﬁguratum
1685 1373 1959 1439 videmus,
1992 1388 2073 1426 se-

446 1473 697 1527 cundum
735 1469 884 1541 quod
918 1467 1212 1537 Scriptura
1255 1467 1448 1520 divina
1490 1469 1748 1534 testatur,
1798 1470 1855 1519 et
1893 1465 2069 1519 dicit:

447 1563 644 1638 376
687 1567 754 1620 Et
799 1563 1194 1622 Melchisedech,
1239 1577 1335 1614 rem
1376 1560 1572 1620 Solem,
1611 1559 1842 1628 protulit
1878 1575 2075 1628 panem

446 1666 496 1714 et
529 1662 713 1713 vinum
757 1659 929 1727 (Gen,
974 1672 1084 1720 xw,
1126 1654 1231 1726 18).
1277 1654 1402 1706 Fuit
1443 1656 1635 1706 autem
1681 1653 1941 1706 sacerdos
1976 1651 2074 1706 Dei

446 1753 687 1818 summi,
731 1757 790 1806 et
827 1749 1116 1804 benedixit
1161 1747 1468 1801 Abraham.
1511 1747 1668 1810 Quod
1710 1753 1900 1800 autem
1939 1746 2070 1800 Mel-
2096 1731 2150 1802 B

447 1846 749 1902 chisedech
782 1849 978 1916 typum
1011 1842 1214 1898 Christi
1244 1844 1518 1911 portaret,
1550 1841 1796 1895 declarat
1831 1841 1890 1894 in
1916 1841 2068 1897 Psal-

445 1941 553 1996 mis
588 1940 828 2012 Spiritus
862 1941 1089 1992 sanctus
1131 1953 1194 1990 ex
1240 1951 1487 2006 persona
1532 1933 1706 1988 Patris
1751 1933 1822 1989 ad
1870 1935 2070 1989 Filium

449 2035 638 2090 dicens
671 2051 684 2088 :
720 2036 863 2088 Ante
905 2032 1188 2097 luciferum
1220 2031 1383 2090 genui
1419 2034 1467 2082 te
1494 2030 1590 2096 (2).
1629 2031 1705 2083 Tu
1742 2044 1793 2083 es
1829 2029 2074 2083 sacerdos

444 2131 504 2183 in.
549 2133 808 2183 aeternum
849 2125 1137 2180 secundum
1183 2123 1421 2177 ordinem
1474 2122 1852 2176 Melchisedech
1901 2122 2068 2192 (Psal.

449 2239 560 2290 Cix,
599 2223 651 2288 4,
689 2222 762 2291 5).
796 2218 902 2283 Qui
941 2217 1078 2271 ordo
1118 2216 1312 2287 utique
1341 2215 1430 2269 hic
1465 2221 1547 2270 est
1578 2216 1646 2270 de
1674 2215 1943 2269 sacriﬁcio
1973 2215 2070 2269 illo

446 2316 681 2371 veniens
737 2321 793 2368 et
844 2312 975 2366 inde
1030 2309 1407 2377 descendens,
1459 2309 1608 2380 quod
1660 2308 2071 2363 Melchisedech

449 2409 709 2465 sacerdos
759 2406 854 2460 Dei
902 2405 1110 2459 summi
1157 2403 1282 2469 fuit,
1327 2402 1479 2473 quod
1526 2418 1739 2472 panem
1779 2408 1834 2456 et
1879 2401 2070 2456 vinum

447 2503 672 2566 obtulit,
704 2501 851 2572 quod
883 2498 1167 2553 Abraham
1210 2496 1526 2550 benedixit.
1558 2496 1698 2549 Nam
1733 2496 1860 2566 quis
1892 2496 2074 2566 magis

447 2596 707 2653 sacerdos
751 2593 847 2647 Dei
895 2591 1105 2644 summi
1147 2607 1321 2661 quam
1368 2589 1638 2643 Dominus
1681 2593 1874 2643 noster
1915 2589 2071 2643 Jesus

449 2691 724 2757 Christus,
763 2687 861 2759 qui
901 2684 1239 2740 sacriﬁcium
1278 2685 1388 2737 Deo
1426 2683 1570 2737 Patri
1607 2682 1830 2748 obtulit,
1875 2685 1931 2735 et
1969 2683 2069 2736 ob-

361 2814 424 2845 /
446 2784 576 2841 tulit
605 2783 714 2838 hoc
743 2780 898 2836 idem
935 2779 1086 2850 quod
1126 2776 1529 2833 Melchisedech
1569 2776 1870 2843 obtulerat,
1905 2775 1961 2830 id
1989 2781 2073 2830 est

2179 439 2355 494 nem?
2384 441 2448 493 Et
2483 440 2628 494 circa
2653 439 2942 494 Abraham
2974 438 3294 498 benedictio
3332 438 3426 495 illa
3468 448 3771 512 praecedens

2176 531 2246 585 ad
2275 535 2536 586 nostrum
2575 533 2846 603 populum
2883 532 3228 603 pertinebat.
3262 533 3397 587 Nam
3437 535 3480 588 si
3507 539 3772 597 Abraham

2179 626 2294 679 Deo
2324 626 2566 680 credidit
2592 629 2648 680 et
2680 627 3014 697 deputatum
3045 632 3128 680 est
3157 627 3208 680 ei
3229 625 3300 679 ad
3313 625 3585 696 justitiam
3615 635 3769 702 (Gem,

2177 735 2263 788 xv,
2291 720 2368 788 6),
2401 719 2596 790 utique
2621 720 2874 791 quisquis
2898 721 3013 774 Deo
3036 720 3212 774 credit
3233 723 3290 774 et
3313 718 3421 776 ﬁde
3441 721 3586 790 vivit,
3603 725 3772 795 justus

2177 812 2484 882 invenitur,
2515 813 2714 883 etjam
2751 813 2976 884 pridem
3021 814 3074 867 in
3115 813 3398 868 Abraham
3435 814 3577 871 ﬁdeli
3616 819 3771 874 bene-

2180 907 2362 960 dictus
2393 910 2449 961 et
2471 906 2810 977 justiﬁcatus
2840 905 3032 979 377
3067 907 3404 977 ostenditur,
3434 908 3569 964 sicut
3596 911 3773 968 beatus

2176 1001 2460 1071 apostolus
2490 1000 2695 1055 Paulus
2731 1000 2933 1070 probat
2970 1001 3162 1057 dicens
3199 1018 3212 1055 :
3253 1001 3492 1058 Credidit
3520 1005 3772 1062 Abraham

2176 1097 2299 1161 Deo,
2330 1099 2380 1148 et
2409 1095 2730 1164 deputatum
2762 1094 2808 1127 39
2841 1101 2920 1149 est
2965 1097 3014 1150 ei
3055 1096 3129 1150 ad
3148 1095 3421 1164 justitiam
3461 1097 3671 1164 (Galat.,
3703 1116 3770 1167 ιιι,

2177 1190 2228 1254 6,
2273 1187 2348 1256 7).
2392 1187 2738 1257 Cognoscitis
2782 1204 2919 1258 ergo
2962 1188 3098 1259 quia
3139 1188 3237 1259 qui
3280 1205 3346 1242 ex
3389 1188 3498 1244 ﬁde
3538 1197 3678 1260 sunt,
3720 1193 3774 1247 hi

2175 1283 2308 1334 sunt
2351 1281 2452 1334 ﬁlii
2498 1280 2760 1335 Abrahan
2805 1281 3111 1336 Providens
3151 1283 3343 1336 autem
3391 1283 3463 1352 (3)
3507 1285 3772 1355 Scriptura

2175 1374 2312 1444 quia
2355 1390 2422 1428 ex
2466 1374 2576 1428 ﬁde
2615 1374 2894 1445 justiﬁcat
2935 1378 3131 1445 gentes
3175 1376 3349 1441 Deus,
3395 1378 3772 1446 praenuntiavit

2171 1468 2416 1523 Abrahae
2465 1468 2600 1539 quia
2647 1467 3057 1522 benedicentur
3104 1469 3162 1523 in
3212 1468 3308 1522 illo
3357 1484 3546 1524 omnes
3597 1476 3771 1540 gentes

2175 1562 2345 1633 (Gen.,
2397 1578 2492 1628 xn,
2544 1561 2618 1632 3).
2673 1561 2850 1632 igitur
2892 1562 2988 1632 qui
3040 1579 3106 1615 ex
3161 1561 3273 1616 ﬁde
3328 1565 3460 1616 sunt
3509 1562 3767 1618 benedicti

2174 1661 2307 1709 sunt
2354 1655 2426 1726 (4)
2473 1670 2606 1709 cum
2648 1655 2801 1709 ﬁdeli
2844 1655 3149 1709 Abraham.
3197 1654 3354 1709 Unde
3397 1655 3455 1708 in
3492 1656 3770 1726 Evangelia

2175 1748 2498 1802 invenimus
2527 1749 2597 1803 de
2634 1748 2920 1819 lapidibus
2949 1748 3204 1816 excitari,
3234 1749 3292 1803 id
3323 1752 3406 1803 est
3443 1749 3508 1803 de
3535 1749 3774 1819 gentibus

2173 1841 2360 1912 colligi
2388 1841 2535 1896 ﬁlios
2585 1841 2828 1896 Abrahae
2881 1841 3120 1910 (Matth.,
3169 1858 3246 1908 ιιι,
3303 1840 3380 1908 9).
3415 1843 3479 1896 Et
3524 1857 3644 1895 cum
3690 1842 3777 1894 Za-

2170 1935 2390 1990 chaenm
2418 1935 2675 1989 laudaret
2701 1933 2997 2005 Dominus,
3028 1933 3321 2006 respondit
3344 1937 3400 1988 et
3429 1933 3566 1988 dixit
3593 1953 3604 1988 :
3633 1934 3775 1989 Salus

2171 2029 2327 2084 hodie
2381 2029 2567 2084 domui
2606 2029 2729 2083 huic
2767 2031 2919 2096 facta
2972 2034 3086 2092 est,
3138 2031 3271 2098 quia
3312 2033 3362 2082 et
3403 2029 3484 2082 hic
3529 2029 3665 2096 ﬁlius
3711 2032 3776 2082 est

2169 2123 2402 2178 Abrahae
2431 2123 2600 2192 (Luc.,
2651 2138 2761 2190 xxx,
2800 2122 2874 2193 9).
2908 2123 2978 2176 Ut
3010 2138 3146 2194 ergo
3188 2122 3247 2177 in
3285 2119 3488 2176 Genesi
3526 2137 3624 2192 per
3658 2121 3773 2174 Mel-

2169 2215 2470 2271 chisedech
2522 2217 2874 2270 sacerdotem
2924 2215 3247 2270 benedictio
3307 2215 3455 2269 circa
3511 2213 3775 2268 Abraham

2170 2313 2359 2380 posset
2386 2309 2492 2364 rite
2518 2308 2815 2375 celebrari,
2843 2309 3111 2378 praecedit
3150 2313 3281 2363 ante
3314 2307 3503 2379 imago
3543 2305 3775 2361 sacriﬁcii

2171 2402 2395 2471 Christi,
2424 2403 2480 2456 in
2513 2418 2659 2473 pane
2691 2402 2737 2436 ἰο
2767 2405 2822 2457 et
2851 2402 2978 2456 vino
3008 2402 3219 2456 scilicet
3250 2401 3580 2469 constituta;
3621 2415 3775 2470 quam

2172 2513 2296 2550 rem
2343 2496 2645 2566 perﬁciens
2700 2499 2756 2550 et
2807 2495 3132 2567 adimplens
3183 2496 3461 2551 Dominus
3503 2509 3696 2565 panem
3731 2495 3779 2546 et

2171 2590 2405 2644 calicem
2441 2590 2682 2644 mixtum
2722 2589 2852 2643 vino
2891 2589 3116 2659 obtulit,
3157 2593 3214 2644 et
3251 2589 3349 2661 qui
3395 2592 3478 2643 est
3513 2585 3778 2659 plenitudo

2171 2683 2420 2738 veritatis
2455 2684 2528 2754 (5)
2570 2683 2866 2738 veritatem
2903 2683 3286 2754 praeﬁgurata:
3319 2680 3580 2753 imaginis
3613 2679 3776 2734 adim-

2174 2777 2364 2848 plevit.

1815 2908 2022 2972 Variae
2079 2908 2421 2972 lectiones.

511 3040 550 3077 ³⁷
576 3027 916 3095 Sacramenti
944 3037 1220 3091 Dominici
1245 3039 1566 3102 mysterium
1597 3037 2011 3102 prmﬁguratum
2040 3037 2168 3099 Aug.

2237 3035 2277 3068 ³⁸
2311 3035 2648 3098 Reputatum
2681 3033 2789 3084 ΝΟ.
2840 3036 2886 3097 1,
2923 3034 2971 3084 2.
3019 3033 3170 3085 Ebor.
3240 3034 3282 3066 ’9
3312 3035 3642 3099 Reputatum
3672 3029 3770 3082 ΝΟ.

444 3115 492 3178 1,
527 3114 574 3164 2.
603 3112 756 3164 Ebor.
821 3113 864 3143 ⁴⁰
895 3109 1164 3161 Sacrificii
1204 3109 1257 3157 in
1285 3121 1427 3172 pane
1453 3109 1575 3158 Bod.
1610 3111 1651 3171 l,
1682 3110 1731 3170 2,
1757 3109 1804 3158 3.
1835 3110 1944 3160 ΝΟ.
1977 3112 2021 3170 1,
2041 3110 2089 3159 2.

2181 3124 2232 3159 n.
2260 3109 2416 3159 Ebor.

1730 3229 1959 3310 Steph.
2007 3227 2256 3292 Baluzii
2299 3233 2497 3292 notae.

513 3369 608 3451 (99)
640 3365 926 3460 R‘ecubansi
976 3364 1361 3460 Itla‘yetpresk
1389 3366 1657 3460 editiq‘nes
1705 3370 1773 3460 ‘et
1823 3367 2149 3460 pleriqueC

445 3440 572 3490 libri
602 3443 816 3489 veteres
875 3440 930 3489 et
971 3437 1138 3489 editio
1185 3439 1488 3489 Reinharti.
1535 3438 1814 3488 Pamelius
1855 3439 2076 3502 scripsit

443 3510 757 3572 recumbens,
775 3512 1102 3561 auctoritate
1127 3516 1365 3574 sumpta,
1388 3514 1450 3558 ut
1481 3511 1692 3573 Opinor,
1730 3522 1798 3560 ex
1829 3509 2072 3559 Rabano.

448 3587 668 3648 Quippe
726 3583 945 3632 nullum
1003 3587 1243 3633 veterem
1302 3583 1507 3633 librum
1568 3581 1756 3631 laudat
1827 3594 1896 3631 ex
1965 3594 2077 3644 quo

450 3656 729 3718 acceperit
781 3653 925 3703 hanc
977 3653 1289 3704 lectionem.
1338 3652 1610 3716 Rigaltius
1660 3651 1812 3699 illam
1865 3650 2075 3701 invenit

447 3729 503 3778 in
534 3725 873 3776 Corbeiensi.
903 3722 1050 3775 Sane
1083 3724 1250 3775 lectio
1277 3723 1524 3784 Pamelii,
1551 3726 1772 3785 sumpta
1798 3721 2075 3782 videlicet,

444 3802 506 3846 ut
531 3797 664 3857 dixi,
701 3809 770 3846 ex
817 3795 1063 3858 Rabano,
1105 3796 1342 3846 habetur
1385 3797 1441 3844 in
1486 3794 1681 3843 codice
1721 3794 1849 3843 4064
1877 3792 2076 3842 biblio-

447 3869 627 3919 thecae
654 3869 818 3931 regia:
853 3871 910 3917 et
939 3868 996 3916 in
1031 3867 1223 3917 codice
1255 3868 1355 3916 584-
1399 3865 1755 3923 Colbertinte,
1789 3865 1846 3914 in
1871 3865 2078 3928 quibus

445 3943 625 3991 exstat
677 3939 787 4000 hic,
842 3938 1056 3988 Rabani
1108 3939 1264 3988 liber.
1318 3940 1386 3988 At
1440 3937 1616 3987 codex
1656 3938 1781 3987 4063
1827 3936 2075 4000 ejusdem

447 4011 803 4062 bibliothecae
833 4012 999 4073 regias
1043 4013 1100 4060 et
1132 4009 1244 4059 duo
1289 4009 1597 4060 Colbertini
1639 4021 1773 4059 sane
1816 4010 2076 4058 vetustis-

446 4083 572 4132 simi
617 4086 669 4131 et
697 4082 908 4146 optimi,
953 4083 1011 4131 in
1042 4080 1247 4144 quibus
1280 4079 1425 4131 idem
1466 4079 1607 4130 liber
1641 4083 1835 4142 exstat,
1887 4081 2078 4143 praefe-

445 4160 577 4204 runt
604 4154 878 4203 recubans.

507 4227 576 4287 (1)
612 4226 884 4273 Denotata.
940 4223 1022 4272 Ita
1073 4227 1288 4274 veteres
1347 4223 1622 4274 editiones
1685 4228 1740 4273 et
1826 4222 2077 4286 plerique

445 4297 571 4346 libri
602 4300 832 4345 veteres.
871 4295 933 4343 In
962 4307 1076 4343 uno
1122 4296 1289 4357 regio,
1327 4295 1382 4344 in
1421 4309 1534 4345 uno
1573 4295 1706 4344 item
1746 4293 2074 4356 Anglicano,

447 4370 505 4418 in
541 4366 1071 4430 Gratianopolitano,
1120 4367 1176 4415 in
1237 4366 1499 4428 Fuxensi,
1531 4368 1588 4415 in
1639 4364 1862 4414 duobus
1896 4378 1926 4413 a
1975 4364 2075 4414 Pa-

448 4439 617 4488 melio
647 4437 906 4499 laudatis,
953 4442 1006 4487 et
1043 4437 1187 4500 apud
1229 4443 1487 4488 sanctum
1535 4437 1916 4499 Augustinum
1945 4435 2077 4500 legi-

447 4515 538 4559 tur
582 4508 869 4568 denudato,
931 4509 988 4557 in
1040 4509 1220 4572 capite
1273 4522 1422 4558 nono
1475 4508 1774 4569 Geneseos,
1825 4511 1879 4557 et
1931 4506 2077 4570 apud

449 4580 740 4631 Rabanum
791 4579 1017 4641 nudata,
1074 4579 1129 4628 id
1194 4583 1275 4629 est
1348 4581 1635 4643 patefacta,
1694 4577 1954 4628 revelata.
2014 4579 2075 4626 in

448 4653 683 4703 vetustis
761 4656 945 4702 tamen
1037 4650 1245 4701 Rabani
1319 4650 1608 4701 codicibus
1672 4651 1937 4712 scriptum
1995 4652 2078 4698 est

448 4729 651 4773 notata.
704 4723 1080 4786 Hieronymus
1123 4724 1180 4771 in
1227 4722 1457 4784 Dialogo
1498 4722 1754 4771 adversus
1789 4719 2078 4782 Luci/cria-

447 4810 585 4846 nos:
611 4795 888 4845 «Nudum
915 4766 1126 4858 patrem
1172 4795 1341 4844 irrisit
1389 4766 1568 4854 inajor
1615 4791 1764 4840 ﬁlius
1807 4796 1860 4840 et
1903 4766 2156 4854 majorD

449 4870 606 4918 texit.
636 4883 665 4915 ››
701 4867 1075 4916 Tertullianus
1107 4867 1160 4914 in
1190 4864 1330 4914 libro
1379 4864 1442 4914 de
1495 4863 1649 4913 Cultu
1704 4863 2077 4912 Feminarum:

451 4959 477 4986 «
507 4941 725 4989 Bonum
773 4951 884 4986 non
922 4941 1067 4986 amat
1116 4935 1391 4996 tenebras,
1447 4936 1653 4998 gaudet
1700 4934 1895 4995 videri,
1923 4939 1976 4983 et
2021 4935 2079 4983 in

449 5012 597 5074 ipsas
628 5009 1013 5060 denotationes
1043 5007 1300 5068 exsultat,
1327 5026 1354 5052 »
1395 5007 1448 5056 id
1491 5012 1575 5057 est
1623 5007 1985 5068 ostensiones,
2018 5011 2081 5056 ut

445 5086 596 5134 recte
626 5083 1018 5144 interpretatur
1059 5077 1354 5128 Pamelius.
1408 5077 1728 5139 Cassianus,
1769 5077 2077 5139 Collat.12,

449 5169 496 5204 c.
519 5152 702 5204 9:«Si
734 5165 842 5214 qua
870 5151 1012 5200 forte
1035 5148 1468 5199 inverecundius
1493 5149 1700 5199 fuerint
1731 5147 2030 5210 denudata,
2050 5166 2078 5192 »

449 5227 503 5276 id
535 5230 616 5276 est
647 5224 921 5273 denotata.
957 5223 1147 5285 Itaque
1175 5221 1301 5271 istic
1333 5235 1497 5272 voces
1528 5221 1778 5270 denotata:
1829 5224 1884 5271 et
1914 5221 2078 5270 denu-

448 5299 586 5346 datae
634 5295 844 5345 habent
894 5294 1144 5345 eamdem
1207 5295 1686 5359 signiﬁcationem.
1745 5292 1870 5343 Alio
1909 5305 2078 5344 sensu

451 5368 598 5432 apud
635 5366 1038 5416 Tertullianum
1074 5365 1170 5416 lib.
1222 5380 1239 5416 ι
1284 5366 1356 5415 ad
1408 5367 1658 5417 Nationes
1698 5379 1814 5428 cap.
1857 5364 1933 5425 ~10,
1985 5363 2080 5413 ubi

448 5440 576 5490 vide
600 5443 762 5488 notas
792 5437 1136 5488 Gothofredi.

513 5512 576 5573 (2)
595 5511 764 5562 Genui
787 5515 847 5560 te.
881 5511 1076 5560 Postea
1101 5511 1352 5574 sequitur
1381 5511 1439 5559 in
1471 5511 1716 5574 antiquis
1747 5507 2084 5559 editionibus

453 5587 509 5633 et
533 5584 589 5632 in
621 5583 870 5647 quinque
916 5582 1164 5645 antiquis
1209 5581 1504 5632 codicibus
1539 5598 1550 5630 :
1582 5582 1795 5632 Iuravit
1837 5581 2088 5630 Dominus

453 5659 499 5704 et
556 5668 665 5704 non
709 5652 977 5716 paenitebit
1025 5668 1153 5702 eum.
1199 5653 1406 5705 Verum
1457 5667 1522 5704 ea
1605 5653 1805 5703 desunt
1854 5653 1910 5700 in
1964 5651 2086 5700 aliis

452 5726 744 5778 codicibus
780 5726 1041 5790 antiquis,
1071 5726 1234 5775 etiam
1265 5726 1321 5775 in
1352 5725 1656 5775 Veronensi
1685 5728 1740 5774 et
1769 5725 1826 5773 in
1859 5722 2087 5786 Seguie—

448 5800 606 5854 riano
691 5801 746 5850 et
801 5797 948 5866 apud
1028 5797 1344 5850 Rabanum.
1419 5796 1705 5848 Habentur
1779 5799 1963 5845 tamen
2033 5793 2088 5842 in

2175 3367 2394 3417 Psalmo
2453 3377 2570 3429 arx,
2614 3380 2683 3418 ex
2732 3380 2844 3432 quo
2899 3367 3060 3419 locus
3116 3367 3220 3418 iste
3283 3369 3538 3430 sumptus
3585 3367 3660 3414 est
3729 3361 3777 3410 in

2176 3438 2319 3488 libro
2361 3439 2540 3501 primo
2586 3439 3035 3500 Testimoniorum,
3089 3452 3209 3502 cap.
3260 3440 3342 3488 17.
3392 3436 3660 3488 Manutius
3696 3445 3780 3482 ex-

2176 3512 2390 3575 punxit,
2429 3512 2710 3562 Morellius
2733 3514 3004 3575 reposuit,
3033 3513 3311 3563 Pamelius
3353 3511 3557 3574 rejecit.
3603 3510 3782 3557 Pame-

2176 3584 2382 3633 lianam
2433 3584 2734 3634 editionem
2793 3588 3000 3634 secutas
3055 3588 3185 3632 sunt
3239 3581 3586 3646 posteriores.
3640 3577 3780 3626 Certe

2176 3655 2389 3719 absque
2433 3655 2527 3704 illo
2567 3655 2962 3718 additamento,
3015 3654 3165 3718 quod
3215 3652 3562 3718 superfluum
3589 3648 3783 3698 videtur

2178 3732 2327 3777 recte
2357 3730 2571 3776 constat
2594 3740 2807 3776 sensus.
2834 3727 3084 3790 Epistola
3117 3726 3190 3776 ad
3221 3724 3618 3782 Demetriadem,
3646 3719 3778 3790 edita

2176 3800 2322 3848 inter
2378 3811 2542 3860 opera
2594 3787 2937 3862 Hieronymi,
2987 3811 3156 3860 quam
3211 3797 3443 3860 quidam
3493 3793 3592 3843 viri
3653 3787 3782 3862 docti

2175 3873 2373 3933 putant
2406 3859 2530 3919 esse
2572 3869 2776 3932 Pelagii
2805 3859 2834 3916 V:
2886 3887 2914 3914 «
2958 3859 3370 3918 Melchisedech
3416 3863 3662 3916 sacerdos
3696 3859 3781 3909 Dei

2175 3942 2393 4004 legitur,
2425 3941 2588 4002 cujus
2614 3941 2874 3989 meritum
2905 3953 2974 3991 ex
3003 3939 3111 3990 hoc
3151 3939 3316 3990 facile
3360 3936 3592 4000 intelligi
3625 3933 3783 3997 potest

2176 4013 2326 4078 quod
2376 4013 2552 4062 multo
2621 4016 2747 4074 post
2797 4012 3048 4061 futurum
3107 4011 3336 4061 Domini
3399 4009 3782 4078 sacramentum

2175 4075 2306 4132 ante
2337 4081 2638 4147 signaverit
2660 4095 2726 4132 ac
2757 4081 2977 4132 sacriﬂo
3015 4083 3176 4145 panis
3223 4087 3281 4132 et
3325 4081 3440 4130 vini
3485 4075 3782 4142 mysterium

2176 4154 2421 4216 corporis
2444 4157 2498 4203 et
2524 4154 2812 4215 sanguinis
2838 4155 3109 4216 expressit
3133 4158 3189 4204 et
3216 4151 3512 4204 sacerdotii
3551 4149 3631 4198 sui
3669 4151 3782 4208 typo

2175 4224 2380 4275 Christi
2410 4229 2819 4275 sacramentum
2869 4225 3148 4289 ﬁguravit.
3194 4242 3221 4272 ››
3266 4224 3418 4275 Citat
3444 4226 3623 4272 autem
3651 4218 3784 4267 hunc

2177 4295 2441 4359 Cypriani
2493 4296 2680 4346 locum
2727 4296 3001 4345 Alcuinus
3045 4297 3102 4344 in
3137 4296 3386 4360 Epistola
3435 4293 3502 4343 ad
3547 4289 3784 4342 Karolum

2178 4368 2268 4429 M.,
2295 4367 2439 4418 edita
2473 4369 2530 4417 in
2568 4368 2710 4418 libro
2741 4370 2918 4432 primo
2959 4369 3447 4419 Miscellaneorum
3473 4367 3780 4414 nostrorum.

2176 4441 2258 4489 De
2292 4440 2575 4502 temporali
2592 4454 2754 4503 porro
2770 4438 3080 4490 sacerdotio
3101 4439 3310 4490 Christi
3338 4439 3463 4488 vide
3488 4434 3784 4486 Matthteum

2177 4511 2433 4572 Bassum,
2461 4510 2554 4560 lib.
2585 4525 2620 4566 ι.
2652 4511 2807 4575 epist.
2840 4513 2899 4560 77
2934 4511 3005 4560 ad
3037 4510 3380 4574 Polyclelum.

2240 4582 2305 4643 (3)
2334 4583 2617 4632 Providens
2663 4572 2855 4632 autem.
2910 4572 3174 4646 Antiqua;
3225 4583 3501 4633 editiones
3541 4582 3595 4628 et
3639 4572 3784 4646 quin-

2179 4667 2288 4717 que
2317 4653 2444 4703 libri
2487 4657 2701 4705 veteres
2741 4655 2948 4706 habent
3001 4644 3314 4718 prawidens.
3371 4655 3611 4715 Utraque
3638 4644 3785 4697 lectio

2179 4724 2323 4774 bona
2353 4729 2454 4774 est.

2241 4797 2309 4858 (4)
2360 4796 2622 4847 Benedicti
2670 4802 2808 4846 sunt.
2870 4797 3096 4846 Veteres
3161 4797 3438 4848 editiones
3475 4798 3530 4845 et
3583 4786 3785 4855 quidam

2179 4866 2306 4917 libri
2340 4871 2550 4918 veteres
2595 4869 2896 4931 praeferunt
2949 4868 3334 4919 benedicentur.
3378 4868 3582 4917 Verum
3607 4861 3787 4931 lectioj-

2180 4951 2308 4994 nem
2357 4930 2655 5003 vulgatam,
2701 4954 2828 5005 quae
2877 4946 3064 4991 nostra
3115 4941 3280 4990 etiam
3330 4943 3434 4999 est,
3487 4930 3788 5005 conﬁrmant

2181 5002 2749 5073 editiones'Manutii,
2803 5013 3036 5063 Morellii
3084 5017 3136 5062 et
3188 5010 3439 5069 Pamelii,
3477 5011 3591 5058 tum
3641 5002 3788 5053 etiam

2181 5081 2445 5133 tredecim
2477 5088 2661 5132 vetera
2688 5084 3045 5147 exemplaria.

2243 5155 2308 5216 (5)
2336 5153 2608 5204 Plenitudo
2637 5141 2894 5205 veritatis.
2956 5156 3038 5204 Ita
3091 5169 3194 5206 nos
3229 5153 3571 5204 restituimus
3607 5160 3670 5197 ex
3693 5141 3789 5192 ﬁde

2181 5226 2346 5276 trium
2379 5231 2629 5276 veterum
2660 5227 3080 5290 exemplarium,
3109 5226 3166 5274 in
3198 5224 3406 5288 quibus
3434 5223 3514 5272 sic
3543 5219 3789 5290 scriptum

2180 5301 2265 5347 est
2302 5312 2312 5344 :
2356 5313 2384 5344 «
2443 5297 2734 5347 Plenitudo
2780 5288 3024 5347 veritatis
3083 5298 3372 5346 veritatem
3449 5288 3789 5357 praefigln‘ﬂlaa

2183 5369 2442 5433 imaginis
2491 5369 2830 5432 adimplevit.
2863 5387 2891 5414 »
2963 5368 3291 5432 Cyprianus,
3368 5367 3523 5430 epist.
3593 5362 3670 5420 74,
3743 5369 3788 5434 ρ.

2184 5439 2272 5488 171
2323 5453 2333 5486 :
2377 5455 2406 5487 «
2441 5439 2802 5489 Consuetudo
2855 5438 2977 5490 sine
3027 5440 3258 5488 veritate
3313 5438 3562 5488 vetustas
3615 5436 3792 5509 erroris

2185 5517 2288 5562 est.
2346 5512 2576 5575 Propter
2625 5513 2793 5576 quod,
2830 5514 3020 5563 relicto
3067 5524 3266 5572 errore,
3316 5519 3612 5574 sequamur
3658 5513 3792 5579 vert-

2186 5588 2373 5634 tatem.
2404 5571 2551 5634 »“Ει
2603 5571 2956 5648 ρῖιιιΙὰροει,
3009 5601 3037 5632 «
3087 5571 3269 5645 Quam
3323 5571 3606 5631 veritatem
3650 5571 3793 5648 nobis

2189 5655 2445 5706 Christus
2496 5643 2900 5707 ostendens—in
2950 5643 3249 5719 Evangelia
3303 5667 3408 5704 suo
3455 5651 3592 5702 dixit
3639 5660 3649 5692 ε
3694 5643 3792 5704 Εσο

2189 5739 2306 5775 sum
2344 5732 2558 5778 veritas.
2585 5743 2614 5776 ν
2654 5728 2870 5778 Citatur
2919 5726 3012 5776 hic
3062 5726 3220 5778 locus
3267 5723 3418 5789 apud
3464 5719 3791 5789 Gratianum,

2195 5798 2322 5849 dist.
2352 5801 2401 5862 8,
2440 5813 2516 5854 ex
2553 5799 2786 5866 epistola
2827 5798 3078 5864 Gregorii
3126 5799 3199 5851 ad
3249 5788 3588 5848 Wimundum
3612 5788 3792 5859 episco-
