3978 6194
200 154 283 205 389
1554 142 1872 198 EPISTOLA
1912 140 2085 196 LXIII.

3409 148 3516 200 390

254 274 306 326 V.
336 270 435 325 Sed
478 274 533 323 et
573 285 675 339 per
722 268 1082 323 Salomonem
1127 267 1367 338 Spiritus
1414 270 1645 321 sanctus
1690 272 1777 337 ty-
1803 271 2112 350 Asanctus
2142 265 2209 319 de
2248 266 2472 319 Domini
2501 267 2759 337 passione
2795 271 3037 322 testatur
3070 266 3266 323 dicens
3297 286 3309 323 :
3340 269 3516 334 Quare

192 382 308 437 pum
352 363 612 417 Dominici
655 362 911 416 sacriﬁcii
969 364 1011 397 ὀι
1064 367 1195 416 ante
1244 364 1690 431 prtemonstrans
1734 360 1781 393 ⁴²

192 458 467 513 immolatae
501 457 573 525 (6)
605 456 798 511 hostim
826 460 881 510 et
906 456 1071 527 panis
1104 460 1160 510 et
1190 456 1327 524 vini,
1372 456 1469 508 sed
1503 457 1558 508 et
1596 454 1785 508 altaris

192 557 237 606 et
273 551 644 621 apostolorum
685 550 895 603 faciens
941 550 1314 615 mentionem,
1357 550 1657 618 Sapientia,
1706 549 1787 602 in-

188 645 307 716 quit,
350 644 624 713 aediﬁcarit
664 645 766 697 sibi
811 644 1051 706 domum,
1095 649 1142 698 et
1175 643 1421 697 subdidit
1466 643 1533 712 (7)
1581 644 1783 696 colum-

187 755 269 792 nas
318 745 527 806 septem.
586 738 847 791 Mactavit
897 738 967 805 (8)
1015 752 1143 791 suas
1191 738 1412 797 hostias,
1463 739 1675 791 miscuit
1727 739 1785 789 in

186 837 371 885 cratera
410 833 594 884 vinum
638 846 814 893 suum,
861 836 911 885 et
949 833 1171 901 paravit
1214 846 1451 885 mensam
1494 845 1671 884 suam.
1716 831 1785 883 Et

186 927 307 978 misit
350 938 523 978 servos
573 939 696 978 suos
756 926 845 993 (9),
902 939 1191 978 convocans
1243 940 1360 978 cum
1412 924 1618 977 excelsa
1674 923 1783 994 (10)

180 1019 535 1088 praedicatione
568 1018 641 1071 ad
677 1023 941 1072 crateram
978 1018 1160 1072 dicens
1189 1035 1202 1072 :
1236 1015 1429 1089 378
1460 1016 1564 1082 Qui
1598 1021 1673 1071 est
1697 1019 1783 1070 in-

184 1114 360 1180 sipiens
406 1111 635 1165 declinet
675 1112 747 1164 ad
798 1127 897 1166 me.
948 1113 1018 1165 Et
1068 1112 1344 1180 egentibus
1391 1126 1545 1165 sensu
1598 1111 1783 1165 dixit:

189 1206 370 1266 Venite,
403 1204 545 1257 edite
585 1204 651 1258 de
692 1207 820 1258 meis
851 1206 1111 1273 panibus,
1138 1209 1190 1258 et
1235 1204 1396 1258 bibite
1417 1206 1613 1273 pinum
1643 1204 1787 1273 quod

184 1299 351 1351 miscui
378 1299 523 1351 vobis
551 1297 749 1367 (Ρνουυ
786 1313 860 1365 1x,
910 1297 1044 1365 1-5).
1079 1297 1281 1350 Vinum
1319 1297 1559 1351 mixtum
1600 1297 1784 1351 decla-

183 1395 273 1456 rat,
303 1390 355 1443 id
387 1395 490 1459 est,
536 1390 767 1445 calicem
815 1390 1035 1444 Domini
1082 1406 1229 1462 aqua
1273 1393 1330 1444 et
1369 1390 1498 1445 vino
1544 1390 1787 1444 mixtum

185 1483 490 1554 prophetica
534 1500 669 1538 voce
717 1484 1085 1555 praenuntiat,
1128 1488 1191 1537 ut
1237 1488 1512 1555 appareat
1555 1484 1612 1538 in
1656 1501 1784 1555 pas-

183 1577 319 1630 sione
362 1575 657 1631 Dominica
698 1577 755 1631 id
797 1593 919 1631 esse
967 1581 1188 1648 gestum
1233 1576 1386 1648 quod
1428 1576 1616 1632 fuerat
1654 1581 1786 1633 ante

182 1668 519 1741 praedictum.

241 1764 315 1817 Vl.
359 1765 419 1816 In
456 1763 860 1819 benedictione
891 1780 1115 1835 quoque
1140 1763 1301 1818 ludas
1341 1764 1447 1819 hoc
1490 1764 1645 1818 idem
1676 1764 1785 1836 sig-

181 1856 431 1925 niﬁcatur,
486 1856 583 1910 ubi
626 1860 682 1911 et
754 1857 868 1911 illic
922 1857 1131 1913 Christi
1183 1858 1368 1929 ﬁgura
1424 1858 1782 1929 exprimitur,

183 1950 311 2021 quod
361 1966 394 2003 a
431 1949 707 2004 fratribus
747 1950 864 2004 suis
903 1950 1118 2008 laudari
1162 1956 1220 2006 et
1262 1951 1483 2005 adorari
1529 1951 1781 2021 haberet,

183 2044 307 2114 quod
352 2043 719 2099 inimicorum
764 2044 925 2098 dorsa
971 2045 1293 2100 cedentium
1338 2050 1510 2116 atque
1558 2045 1783 2116 fugien-

181 2138 300 2190 tium
342 2138 626 2203 manibus,
658 2137 864 2208 quibus
901 2154 1127 2193 crucem
1171 2138 1409 2210 pertulit
1444 2143 1500 2192 et
1540 2145 1786 2193 mortem

180 2232 305 2299 vicit,
333 2248 763 2302 compressurus
792 2231 991 2286 fuisset
1020 2232 1291 2303 quodque
1329 2231 1448 2303 ipse
1487 2233 1559 2285 sit
1600 2232 1687 2286 leo
1717 2232 1785 2287 de

184 2324 308 2378 tribu
330 2326 491 2392 Juda,
531 2328 586 2379 et
614 2325 850 2379 recubet
879 2324 987 2396 (11)
1020 2325 1314 2379 dormiens
1342 2328 1388 2360 ‘3
1416 2326 1476 2380 in
1501 2326 1783 2397 passione,

182 2424 226 2471 et
252 2423 453 2489 surgat,
485 2424 547 2472 et
580 2418 652 2471 sit
689 2418 808 2489 ipse
847 2435 975 2489 spes
1013 2419 1293 2490 gentium.
1338 2419 1554 2483 Quibus
1598 2421 1787 2491 Scrip-

182 2514 283 2564 tura
309 2512 499 2565 divina
533 2512 795 2582 adjungit
833 2516 890 2565 et
928 2512 1064 2566 dicit
1097 2530 1109 2567 :
1138 2514 1369 2567 Lavabit
1410 2516 1468 2567 in
1513 2516 1637 2568 vino
1685 2520 1789 2568 sto-

183 2606 271 2657 lam
305 2621 455 2659 suam
484 2611 540 2659 et
569 2608 627 2658 in
666 2608 933 2675 sanguine
970 2622 1087 2660 uvae
1120 2610 1379 2661 amictum
1416 2623 1570 2661 suum
1610 2608 1782 2677 (Ge-71.,

183 2714 297 2765 xm,
333 2700 435 2766 11).
463 2698 709 2761 Quando
737 2702 924 2752 autem
962 2700 1194 2770 sanguis
1232 2716 1353 2754 uvae
1392 2700 1621 2770 dicitur,
1652 2701 1787 2771 quid

183 2791 311 2845 aliud
351 2808 533 2863 quam
578 2791 773 2845 vinum
820 2791 1007 2847 calicis
1047 2793 1321 2848 Dominici
1364 2793 1659 2865 sanguinis
1704 2811 1788 2849 os—

184 2885 404 2939 tenditur
416 2884 444 2938 ?

240 2979 331 3031 Vll.
377 2979 614 3033 Necnon
650 2982 707 3034 et
741 2978 892 3050 apud
939 2978 1141 3034 Isaiam
1193 2980 1300 3036 hoc
1343 2981 1498 3037 idem
1547 2981 1789 3052 Spiritus

1880 2046 2071 2114 priora
2120 2045 2420 2098 meminisse
2468 2048 2517 2097 et
2567 2046 2795 2112 antiqua
2846 2044 3010 2097 nolite
3052 2048 3307 2113 reputare
3352 2059 3366 2095 :

1883 360 2189 413 rubicunda
2237 364 2363 413 sunt
2406 364 2719 415 vestimenta
2773 369 2888 429 tua,
2940 369 2989 416 et
3044 364 3365 417 indumenta
3422 368 3516 417 tua

1884 455 2091 523 relut_a
2116 454 2406 508 calcatione
2453 456 2736 509 torcularis
2770 458 2923 525 pleni
2950 461 2999 510 et
3022 458 3318 525 percalcati
3359 457 3515 525 (Isa.,

1886 564 2028 614 LXIII,
2058 548 2150 618 2)?
2178 546 2462 617 Numquid
2506 548 2821 602 rubicunda
2860 550 3195 603 vestimenta
3233 566 3377 619 aqua
3413 567 3513 619 po-

1886 644 1996 694 test
2022 642 2226 709 facere,
2259 646 2356 694 aut
2400 640 2455 693 in
2494 642 2763 695 torculari
2803 660 2951 712 aqua
2995 646 3077 696 est
3116 660 3242 713 quae
3281 642 3515 713 pedibus

1887 736 2137 788 calcatur
2175 734 2261 788 vel
2303 736 2476 803 praelo
2520 734 2897 804 exprimitur?
2936 736 3062 789 Vini
3106 736 3301 806 utique
3350 753 3511 791 men-

1886 829 1966 882 tio
1996 830 2039 861 ⁴⁴
2060 828 2188 882 ideo
2216 827 2449 898 ponitur
2471 831 2535 880 ut
2562 828 2784 881 Domini
2816 829 3049 898 sanguis
3075 828 3425 899 intelligatur
3445 832 3513 897 ⁸⁵,

1887 923 1943 975 et
1969 921 2117 990 quod
2146 920 2207 973 in
2236 920 2404 973 calice
2428 920 2723 974 Dominico
2753 925 2952 991 postea
2979 920 3401 975 manifestatum
3433 927 3517 975 est

1887 1012 2080 1085 379
2133 1013 2428 1084 prOphetis
2474 1014 2943 1068 annuntiantibus
2990 1015 3393 1085 praedicaretur
3448 1016 3514 1068 εδ.

1885 1108 2203 1161 Torcularis
2266 1124 2493 1179 quoque
2549 1109 2784 1162 calcatio
2836 1114 2891 1162 et
2944 1124 3205 1179 pressura
3257 1112 3508 1175 taxatur,

1887 1201 2044 1272 quia,
2072 1200 2361 1272 quomodo
2390 1201 2463 1255 ad
2487 1202 2801 1272 potandum
2827 1203 3025 1256 vinum
3057 1202 3242 1256 veniri
3276 1219 3389 1256 non
3419 1220 3515 1273 po-

1888 1299 1997 1349 test
2026 1294 2134 1348 nisi
2164 1294 2357 1349 botrus
2390 1295 2638 1348 calcetur
2684 1298 2817 1349 ante
2848 1301 2905 1349 et
2946 1301 3261 1366 prematur,
3292 1296 3368 1351 sic
3413 1312 3518 1350 nec

1887 1404 1991 1442 nos
2041 1387 2382 1458 sanguinem
2432 1388 2637 1444 Christi
2692 1404 2985 1458 possemus
3033 1389 3228 1443 bibere
3280 1391 3349 1455 Η,
3409 1389 3519 1443 nisi

1887 1482 2138 1537 Christus
2180 1483 2420 1536 calcatus
2449 1482 2607 1552 prius
2645 1482 2845 1536 fuisset
2874 1488 2931 1536 et
2980 1498 3226 1552 pressus,
3278 1488 3333 1536 et
3380 1482 3513 1536 cali-

1889 1592 2013 1629 cem
2058 1577 2211 1646 prior
2243 1576 2288 1610 ‘3
2316 1576 2557 1643 biberet,
2600 1575 2657 1629 in
2690 1592 2800 1647 quo
2834 1577 2880 1611 ‘9
2920 1575 3277 1631 credentibus
3317 1576 3515 1646 propi-

1806 1649 1861 1720 Β
1885 1675 2066 1724 naret.

1957 1764 2087 1818 VIlI.
2135 1762 2613 1834 Quotiescumque
2651 1765 2845 1817 autem
2892 1779 3040 1833 aqua
3083 1763 3199 1817 sola
3236 1764 3293 1817 in
3330 1763 3511 1833 Scrip-

1886 1856 2026 1910 turis
2071 1855 2278 1911 sanctis
2326 1855 2673 1923 nominatur,
2720 1855 3004 1926 baptisma
3046 1856 3411 1927 praedicatur,
3460 1861 3521 1911 ut

1885 1950 2035 2020 apud
2089 1949 2289 2004 Isaiam
2341 1948 2651 2021 signiﬁcari
2701 1948 2958 2003 videmus
3001 1968 3015 2004 :
3052 1950 3255 2012 Nolite,
3312 1949 3519 2020 inquit,

3412 2058 3522 2097 ecce

1886 2153 1978 2207 ego
2006 2139 2150 2204 facio
2186 2153 2325 2191 nova
2366 2152 2485 2206 quae
2524 2151 2667 2191 nunc
2708 2139 2970 2203 orientur,
3019 2141 3068 2191 et
3094 2139 3417 2205 cognoscetis
3449 2138 3517 2190 ⁵ο.

1887 2238 1936 2285 et
1981 2233 2183 2298 faciam
2223 2232 2284 2284 in
2320 2230 2528 2285 deserto
2572 2233 2740 2294 viam,
2787 2235 2835 2284 et
2879 2232 3107 2298 ﬂumina
3145 2233 3205 2284 in
3251 2231 3359 2285 loco
3404 2232 3524 2284 ina—

1888 2340 2046 2394 quoso
2104 2326 2147 2357 ⁵¹
2203 2324 2484 2393 adaquare
2542 2340 2703 2392 genus
2765 2340 2938 2378 meum
3006 2325 3253 2392 electum,
3318 2325 3524 2394 plebem

1886 2434 2079 2485 meam,
2128 2434 2290 2487 quam
2342 2420 2622 2487 acquisiui,
2674 2424 2735 2472 ut
2774 2420 3001 2472 virtutes
3046 2433 3191 2472 meas
3235 2423 3523 2489 exponeret

1890 2515 2044 2583 (lsa.,
2074 2528 2223 2579 mu,
2260 2512 2469 2580 18-21).
2518 2512 2925 2565 Praanuntiavit
2970 2511 3083 2565 illic
3125 2528 3230 2581 per
3272 2512 3519 2583 prophe-

1888 2610 2008 2659 tam
2035 2607 2179 2660 Deus
2232 2606 2381 2676 quod
2408 2605 2561 2676 apud
2590 2606 2799 2659 Gentes
2827 2605 2887 2658 in
2913 2606 3049 2659 locis
3090 2621 3218 2676 quae
3248 2606 3523 2676 inaquosa

1888 2700 2046 2770 prius
2100 2700 2356 2766 fuissent,
2411 2699 2653 2754 ﬂumina
2700 2699 3070 2771 postmodum
3127 2699 3522 2754 redundarent

1889 2797 1947 2847 et
1998 2793 2242 2848 electum
2300 2809 2481 2864 genus
2520 2793 2641 2862 Dei,
2692 2793 2753 2847 id
2802 2796 2887 2847 est
2934 2808 3039 2863 per
3091 2794 3520 2864 generationem

1887 2886 2158 2957 baptismi
2191 2886 2335 2942 filios
2358 2888 2457 2942 Dei
2496 2888 2693 2955 factos,
2724 2887 3092 2958 adaquarent.
3122 2889 3285 2954 ltem,
3328 2887 3515 2941 denuo

1891 2982 2237 3051 praecanitur
2282 2982 2388 3051 (l2)
2437 2986 2491 3035 et
2528 2983 2660 3036 ante
2702 2981 3030 3051 praedicitur
3059 2981 3169 3051 (13)
3198 2981 3438 3050 Judteos,
3478 2981 3523 3035 si

1528 3078 1739 3143 Variae
1810 3077 2148 3141 lectiones.

232 3184 631 3236 “Sacramenti
654 3185 795 3234 Lam.
830 3184 950 3234 Bod.
984 3184 1033 3234 2.
1062 3183 1214 3233 Ebor.
1242 3185 1350 3235 ΝΟ.
1384 3188 1427 3235 1.
1494 3187 1536 3218 ⁴²
1582 3186 1969 3237 Ρτωωοηειιιειῐ
2016 3187 2172 3235 Oxon.
2240 3189 2281 3219 ⁴³
2310 3185 2606 3237 Recubans
2653 3190 2708 3237 et
2754 3186 3034 3238 dormiens
3079 3188 3137 3237 in
3172 3187 3433 3251 passione
3472 3189 3526 3239 et

186 3264 387 3317 surgens
426 3256 540 3303 Lin.

626 3256 669 3287 ⁴⁴
709 3254 915 3303 Vinum
952 3254 1139 3317 itaque
1173 3257 1401 3305 mistum
1446 3256 1597 3306 Ebor.
1630 3258 1738 3306 ΝΟ.
1769 3260 1815 3305 2.
1897 3259 1939 3289 ‘5
1983 3257 2124 3307 Vino
2162 3257 2503 3322 intelligatur
2542 3259 2683 3307 Lam.
2731 3258 2858 3306 Bod.
2896 3260 2938 3320 l,
2964 3259 3011 3320 ‘2,
3042 3260 3091 3320 3,
3118 3260 3163 3307 4.
3214 3258 3371 3308 Ebor.
3404 3259 3519 3308 ΝΟ.

190 3322 221 3367 1.
293 3324 333 3353 ⁴⁶
361 3324 707 3374 Prasdicatur
740 3324 848 3372 Lin.
883 3323 1005 3372 Bod.
1037 3327 1083 3380 t,
1105 3325 1152 3372 2.
1180 3324 1333 3374 Ebor.
1374 3327 1481 3376 ΝΟ.
1536 3329 1580 3376 1.
1627 3328 1783 3376 Praed

1904 3342 1967 3377 ur
2005 3329 2113 3378 ΝΟ.
2156 3329 2200 3377 2.

2288 3326 2329 3361 ⁴⁷
2371 3330 2675 3379 Possumus
2716 3329 2841 3378 Bod.
2888 3331 2932 3378 1.
2984 3329 3224 3380 Ebibere
3268 3331 3378 3379 Lin.
3410 3330 3525 3379 ΝΟ.

186 3394 221 3463 1.
278 3394 315 3425 ιε
338 3394 497 3443 Prius
524 3394 636 3444 ΝΟ.
669 3393 715 3442 2.
784 3392 824 3427 ⁴⁹
858 3395 919 3442 1n
946 3406 1113 3457 quem
1138 3395 1262 3444 Bod.
1294 3397 1339 3445 2.
1411 3398 1449 3428 ⁵υ
1490 3397 1788 3461 Cognoscet

1899 3401 2173 3449 veritatem
2216 3401 2356 3449 Lam.
2391 3400 2514 3449 Bod.
2555 3401 2707 3449 Ebor.
2742 3401 2850 3450 ΝΟ.
2889 3401 2935 3449 1.
3003 3403 3044 3433 ⁵¹
3074 3401 3217 3451 Loca
3255 3402 3525 3463 inaquosa

1462 3532 1689 3614 Steph.
1730 3532 1975 3596 Baluzii
2020 3537 2214 3594 notae.

187 3462 298 3511 Lam.
328 3463 473 3513 EbOr.
499 3466 611 3514 NO.
641 3468 687 3514 1.

184 3654 284 3703 pum
340 3646 693 3703 Aversanum,
762 3646 1007 3710 itemque
1081 3645 1223 3696 alius
1287 3660 1356 3697 ex
1434 3651 1661 3713 epistola
1722 3652 1792 3701 ad

186 3714 468 3785 Pompeium.
506 3716 649 3765 Vide
694 3721 853 3766 notas
898 3721 1114 3766 nostras
1155 3718 1225 3767 ad
1265 3718 1613 3781 Gratianum,
1666 3736 1787 3785 pag.

186 3784 273 3831 415.
302 3786 480 3837 Redeo
520 3800 676 3837 nunc
718 3788 774 3835 in
816 3790 979 3837 viam.
1028 3789 1407 3839 Tertullianus
1451 3792 1508 3841 in
1551 3784 1691 3843 libro
1730 3784 1793 3843 de

195 3855 466 3917 Virginibus
514 3858 759 3907 vetandis
804 3875 814 3907 :
861 3876 889 3906 (ς
943 3860 1216 3909 Dominus
1287 3867 1471 3912 noster
1537 3863 1791 3914 Christus

186 3926 439 3978 veritatem
471 3941 553 3989 se,
586 3942 699 3979 non
739 3931 1207 3981 consuetudinem
1236 3934 1608 3984 nominavit.»
1636 3935 1791 3986 Con—

186 3993 337 4046 ﬁrmat
369 3999 515 4049 hanc
574 4001 1023 4052 emendationem
1069 4006 1314 4053 nostram
1345 4004 1519 4055 codex
1545 4006 1792 4059 .Fuxen-

188 4066 263 4126 sis,
302 4070 351 4116 in
399 4084 511 4135 quo
553 4072 628 4120 ita
672 4073 937 4136 scriptum
977 4077 1061 4123 est
1108 4089 1119 4122 :
1154 4091 1183 4121 «
1226 4075 1336 4136 Qui
1379 4080 1462 4126 est
1502 4078 1791 4140 plenitudo

187 4141 402 4190 veritatis
457 4142 872 4205 praeﬁguratam
916 4146 1217 4209 imaginem
1265 4146 1605 4210 adimplevit,
1636 4169 1664 4196 »
1696 4152 1791 4201 ubi

188 4211 362 4280 excidit
392 4214 735 4263 vocabulum
779 4216 1068 4277 ceritatem,
1114 4217 1262 4280 quod
1304 4219 1398 4267 alii
1436 4220 1653 4270 codices
1693 4222 1791 4271 ha-

187 4277 309 4329 bent.
342 4284 639 4334 Velustum
666 4290 855 4335 autem
882 4300 1001 4336 esse
1040 4277 1192 4337 hunc
1236 4303 1478 4341 errorem
1515 4291 1650 4342 hinc
1681 4295 1792 4343 col-

186 4350 262 4415 ligi
303 4360 496 4417 potest,
556 4358 709 4420 quod
759 4370 889 4407 cum
940 4360 1195 4408 nonnulli
1254 4362 1349 4424 qui
1402 4363 1793 4415 describebant

187 4429 541 4501 operasancti
592 4427 872 4491 Cypriani,
921 4429 1170 4492 legerent
1207 4433 1556 4496 praeﬁgurata
1599 4438 1791 4501 imagi-

188 4497 552 4573 nis-viderent
602 4514 765 4563 porro
801 4503 1090 4565 periodum
1142 4517 1255 4553 non
1311 4518 1432 4555 esse
1499 4497 1790 4573 integram,

187 4565 483 4644 addiderunt
509 4586 709 4621 vocem
736 4587 863 4635 rem,
910 4576 985 4623 ita
1028 4576 1356 4637 scribentes,
1394 4565 1646 4629 veritatis
1657 4565 1793 4644 prae;

188 4638 392 4714 ﬁguratae
417 4644 669 4706 imaginis
700 4658 806 4693 rem
845 4644 1167 4708 adimplevit.
1208 4646 1301 4697 Sic
1344 4650 1491 4697 enim
1522 4638 1792 4714 scriptum

188 4712 324 4759 estin
352 4716 529 4765 tribus
569 4718 814 4781 antiquis
846 4718 1273 4781 exemplaribus.
1310 4720 1582 4771 Videntur
1607 4712 1793 4772 autem

189 4785 301 4855 moti
341 4785 405 4833 ad
438 4788 593 4837 hanc
638 4802 835 4838 vocem
889 4789 1221 4851 addendam,
1266 4793 1395 4854 quia
1445 4795 1610 4855 paulo
1664 4800 1793 4845 ante

188 4850 377 4915 legitur,
424 4870 587 4922 quam
632 4874 737 4907 rem
774 4860 1045 4923 perﬁciens
1087 4867 1131 4911 et
1175 4850 1471 4926 adii—nmen}
1518 4868 1790 4916 Dominus.

239 4928 293 4988 (6)
328 4929 741 4980 Praemomtrans
784 4933 1082 4982 immolatae.
1140 4934 1322 4984 Vetux
1372 4936 1548 4987 codex
1602 4938 1792 4989 Remi-

188 4997 375 5058 gianus,
396 5004 769 5063 praenuntiam
796 5005 1075 5054 immolare
1110 5006 1365 5056 Christus.

1814 3674 1869 3747 C

1893 3650 2230 3700 missionibus
2278 3654 2326 3699 et
2374 3649 2809 3700 Praedictionibus
2863 3651 2976 3711 Dei,
3027 3664 3074 3700 c.
3133 3652 3183 3710 2,
3234 3651 3310 3699 ita
3362 3649 3526 3699 etiam

1892 3722 2041 3785 legit.
2092 3720 2333 3771 Sanctus
2377 3723 2746 3785 Augustinus,
2785 3721 2880 3771 lib.
2932 3734 3011 3772 vn
3060 3721 3122 3769 de
3153 3722 3369 3771 Civitate
3412 3723 3526 3781 Dei,

1892 3806 2015 3855 cap.
2067 3793 2147 3853 20,
2199 3793 2333 3857 legit
2385 3792 2633 3855 su/I'utsit,
2669 3797 2723 3843 et
2764 3793 2821 3841 in
2866 3794 3047 3856 capite
3088 3804 3124 3840 ιι
3168 3791 3428 3853 Epistolas
3461 3791 3529 3839 ad

1892 3866 2117 3916 Galatas
2163 3865 2447 3914 substituit.
2499 3864 2648 3926 Quid
2702 3866 2749 3914 si
2805 3866 2929 3915 istic
2977 3863 3126 3928 apud
3186 3864 3528 3927 Cyprianum

1891 3940 2190 4000 poneretur
2213 3935 2468 3986 subscidit
2496 3949 2596 3998 pro
2628 3932 2912 3986 subdidit?
2953 3935 3090 3986 Vide
3130 3940 3291 3985 notas
3321 3936 3525 3985 Flami-

1891 4010 1970 4058 nii
1999 4008 2203 4057 Nobilii
2231 4007 2301 4057 ad
2331 4012 2494 4071 caput
2522 4021 2586 4057 1x
2614 4007 3058 4058 Proverbiorum.

1956 4080 2027 4142 (8)
2071 4080 2334 4130 Mactavit.
2389 4081 2639 4142 Quatuor
2682 4079 2807 4129 libri
2863 4083 3078 4131 veteres
3134 4077 3345 4129 habent
3393 4078 3526 4127 occi—

1892 4151 1988 4212 dit,
2017 4150 2186 4200 editio
2226 4151 2448 4215 vulgata
2484 4163 2657 4201 sacrm
2702 4151 3004 4216 Scriptura:
3046 4150 3356 4201 immolavit.
3385 4148 3527 4199 Vide

1872 4262 1877 4268 .
1894 4222 2095 4271 iterum
2131 4220 2432 4271 Nobilium.

1956 4294 2018 4353 (9)
2075 4294 2259 4343 Servos
2306 4306 2444 4343 suos.
2496 4294 2578 4344 Ita
2622 4296 2788 4345 etiam
2840 4293 2937 4343 lib.
2997 4307 3031 4343 ιι
3097 4292 3529 4345 Testimoniorum

1893 4377 2010 4426 cap.
2038 4363 2085 4411 2.
2116 4364 2177 4412 ln
2220 4364 2361 4414 libro
2404 4365 2829 4416 Proverbiorum
2878 4366 3146 4427 scriptum
3183 4368 3264 4413 est
3301 4362 3529 4413 ancillas

1892 4448 2018 4485 suas
2054 4436 2111 4484 in
2164 4435 2407 4486 editione
2440 4438 2679 4499 vulgata.
2727 4440 2801 4485 At
2834 4438 2889 4485 in
2921 4435 3117 4486 Graeco
3162 4448 3282 4485 Lxx
3326 4436 3530 4497 legitur

1893 4506 2097 4561 δούλοις.

1958 4578 2051 4640 (10)
2092 4576 2345 4627 Excelsa.
2385 4578 2541 4627 Unus
2606 4577 2785 4629 codex
2843 4578 3026 4639 regius
3096 4589 3313 4638 magna,
3368 4577 3529 4624 vetus

1895 4649 2255 4713 Remigianus
2301 4648 2532 4698 sublimi.
2573 4649 2673 4698 Vel
2716 4648 2849 4697 hinc
2892 4650 3069 4711 liquet
3109 4651 3383 4711 quantum
3422 4644 3530 4695 sibi

1894 4721 2137 4771 licentiae
2167 4724 2218 4769 et
2253 4722 2598 4769 auctoritatis
2640 4724 3014 4783 arrogaverint
3057 4719 3273 4781 antiqui
3298 4718 3526 4767 librarii.

1960 4794 2052 4855 (11)
2107 4793 2335 4841 Reeubet.
2390 4791 2572 4853 Soleo,
2627 4799 2688 4841 ut
2744 4791 2915 4854 vides,
3003 4792 3196 4851 lector,
3264 4790 3530 4839 adnotare

1895 4865 2215 4927 frequenter
2273 4864 2419 4912 hanc
2483 4870 2732 4914 veterum
2796 4863 3148 4913 librariorum
3219 4862 3531 4922 audaciam,

1896 4949 2022 5000 quas
2068 4948 2267 4997 magna
2304 4936 2411 4983 fuit
2466 4939 2634 4986 etiam
2672 4937 2729 4984 in
2778 4934 2886 4985 hoc
2928 4935 3069 4985 loco.
3098 4933 3338 4995 Quidam
3383 4934 3532 4981 enim

1894 5008 2022 5057 libri
2061 5012 2274 5057 veteres
2320 5007 2531 5057 habent
2574 5007 2777 5058 recubet
2813 5008 3103 5067 dormiens,
3170 5006 3264 5055 alii
3315 5005 3534 5054 recubat

240 5067 293 5127 (Ἰ)
336 5057 598 5120 subdidit.
649 5074 728 5123 Ne
773 5075 907 5137 quid
947 5076 1316 5138 dissimulem,
1371 5078 1537 5129 facile
1581 5057 2172 5141 mutas-Ddormiens,
2218 5081 2310 5128 alii
2344 5080 2611 5139 recumbit,
2658 5078 2914 5141 recubuit,
2963 5057 3226 5127 recubans
3276 5078 3529 5137 dormiat,

190 5150 285 5187 sem
328 5141 471 5193 hanc
498 5145 819 5208 lectionem,
852 5160 1087 5211 eamque
1112 5148 1482 5212 praetulissem
1510 5165 1677 5215 quam
1705 5168 1790 5203 re-

191 5214 283 5287 peri
307 5215 359 5262 in
384 5218 578 5267 codice
619 5220 795 5269 sancti
830 5219 995 5283 Eligit
1044 5221 1447 5284 Atrebatensis,
1480 5214 1543 5271 in
1577 5236 1688 5287 quo
1720 5226 1795 5276 les

192 5287 312 5358 gitur
339 5289 546 5339 excidit.
578 5290 703 5352 Quo
742 5294 910 5341 etiam
958 5291 1121 5341 modo
1160 5296 1427 5355 scriptum
1476 5300 1562 5345 est
1596 5299 1654 5345 in
1695 5311 1795 5347 ca—

192 5358 478 5431 piteJnono
537 5362 981 5413 Proverbiorum.
1034 5364 1171 5413 Nam
1216 5378 1323 5413 vox
1386 5366 1624 5417 subdidit
1682 5382 1793 5419 non

196 5428 435 5488 signiﬁcat
489 5433 546 5481 id
592 5434 739 5499 quod
790 5434 974 5485 dicere
1026 5435 1201 5485 voluit
1254 5436 1534 5487 Salomon.
1588 5439 1795 5490 Verum

197 5508 285 5546 non
326 5516 445 5552 sum
505 5519 675 5556 ausus
723 5512 938 5557 mutare
979 5512 1174 5557 contra
1226 5514 1299 5558 tot
1348 5514 1595 5560 veterum
1633 5512 1797 5562 libro-

197 5580 297 5644 rum
318 5579 367 5622 et
393 5576 697 5628 editionum
743 5581 1145 5639 auctoritatem,
1198 5584 1503 5644 praesertim
1544 5596 1673 5632 cum
1708 5585 1797 5632 vi—

200 5638 332 5691 deam
374 5650 639 5711 scriptum
684 5650 920 5700 subdidit
954 5652 1009 5700 in
1064 5638 1217 5701 libro—
1235 5667 1301 5711 ειη
1350 5654 1797 5715 Testimoniorum,

203 5714 245 5762 et
268 5717 383 5783 quia
412 5720 659 5784 Prosper,
704 5724 822 5773 sive
861 5723 987 5785 quis
1028 5723 1188 5786 alius,
1233 5726 1291 5774 in
1340 5726 1482 5776 libro
1512 5740 1549 5775 ιι
1574 5727 1638 5777 de
1666 5714 1798 5777 Pro-

1892 5151 2151 5200 recubans
2181 5156 2227 5199 et
2260 5151 2546 5209 dormiens,
2574 5156 2621 5200 et
2654 5150 2940 5201 recubavit.

1957 5224 2051 5285 (12)
2084 5224 2427 5272 Prsecanitar.
2464 5225 2617 5273 Bona
2642 5228 2726 5274 est
2754 5224 2905 5273 haud
2934 5224 3106 5274 dubie
3140 5224 3307 5274 lectio
3342 5222 3533 5273 earum

1895 5294 2203 5344 editionum
2226 5307 2354 5358 quas
2394 5294 2561 5345 habet
2583 5297 2909 5358 praecinitur.
2960 5296 3094 5346 Mihi
3136 5300 3321 5345 tamen
3352 5295 3534 5343 visum

1896 5369 1979 5414 est
2005 5367 2383 5429 reponendum
2427 5380 2548 5416 esse
2591 5369 2888 5418 lectionem
2933 5372 3185 5418 veterum
3224 5365 3535 5417 editionum

1897 5442 1951 5487 et
2004 5438 2265 5488 tredecim
2318 5443 2566 5489 veterum
2637 5440 3054 5503 exemplarium.
3140 5440 3287 5489 Sane
3359 5434 3537 5486 codex

1897 5512 2077 5559 sancti
2099 5508 2290 5560 Albini
2316 5510 2483 5561 habet
2514 5513 2861 5574 prtecunitur.
2902 5511 3011 5561 Sed
3050 5510 3414 5560 emendatum
3456 5509 3542 5554 est

1897 5584 2205 5645 antiquitus
2250 5587 2304 5633 et
2338 5584 2577 5647 positum
2622 5584 2954 5647 praecinitur.
2982 5583 3045 5632 In
3069 5596 3184 5633 uno
3214 5592 3339 5631 meo
3372 5578 3545 5629 veteri

1899 5656 2166 5718 scriptum
2193 5662 2277 5706 est
2297 5656 2629 5720 praecinitur.

1960 5730 2059 5792 (13)
2113 5730 2445 5783 Praedicitur.
2512 5728 2583 5779 Et
2642 5729 2735 5779 hic
2799 5741 3028 5798 quoque
3101 5735 3263 5791 sequi
3331 5722 3559 5788 placuit
