3978 6194
476 251 570 305 391
883 323 894 332 θ
1414 244 1466 300 s.
1509 242 1823 300 CYPRIANI
1861 243 2134 300 OPERUM
2175 245 2345 302 PARS
2382 245 2422 300 l.
2464 276 2532 286 —
2572 219 2927 302 srisrona.
3713 259 3803 320 392

475 376 720 430 sitierint
772 378 830 429 et
879 372 1165 427 Christum
1211 371 1577 442 quaesierint,
1637 371 1786 443 apud
1839 387 1939 424 nos
1990 387 2112 426 esse
2134 382 2194 457 Α
2285 374 2372 426 ΙΧ.
2429 365 2538 429 Nec
2591 373 2944 443 argumentis
3001 370 3263 442 plurimis
3315 387 3451 442 opus
3504 381 3600 445 est,
3651 384 3806 443 frater

474 474 786 541 potaturos,
819 467 870 520 id
913 470 998 522 est
1043 466 1307 538 baptismi
1356 467 1601 535 gratiam
1647 471 2051 520 consecuturos
2095 482 2107 518 :

474 567 534 619 Si
580 565 850 624 sitierint‘,
901 561 1120 631 inquit,
1172 576 1270 629 per
1317 560 1528 614 deserta.
1580 559 1813 613 adducet
1866 560 1986 614 illos
2042 559 2110 626 ⁵³,

477 670 677 725 aquam
720 656 786 710 de
829 660 988 725 petra
1024 653 1284 724 producet
1328 655 1463 716 illis,
1505 653 1741 721 ﬁndetur
1782 652 1892 723 (14)
1930 657 2109 722 petra,

477 754 526 804 et
551 751 679 817 ﬂuet
705 765 873 819 aqua,
903 752 954 802 et
996 748 1138 801 bibet
1167 747 1213 780 ⁵³
1240 748 1392 816 plebs
1427 763 1544 801 mea
1584 747 1730 815 (Isa.,
1779 762 1960 812 vaIII,
2001 747 2110 815 21).

480 844 635 906 Quod
683 843 741 896 in
789 840 1092 911 Evangelio
1135 839 1499 910 adimpletur,
1555 839 1781 909 quando
1835 839 2111 907 Christus,

483 936 580 1007 qui
628 941 713 990 est
757 941 939 1006 petra,
990 934 1229 987 ﬁnditur
1281 933 1394 987 ictu
1451 934 1665 987 lanceze
1710 933 1766 986 in
1812 933 2110 1003 passione:

480 1030 578 1100 qui
606 1033 662 1082 et
682 1028 1000 1082 admonens
1031 1026 1170 1097 quid
1202 1043 1308 1097 per
1338 1027 1680 1098 prOphetam
1714 1026 1784 1079 sit
1805 1030 1934 1081 ante
1966 1043 2110 1097 pras-

484 1123 700 1176 dictum
746 1123 952 1176 clamat
991 1123 1049 1174 et
1093 1119 1224 1173 dicit
1255 1137 1268 1173 :
1298 1121 1357 1176 Si
1385 1122 1504 1189 quis
1543 1123 1679 1179 sitit,
1718 1122 1900 1174 ueniat
1941 1125 1991 1174 et
2036 1120 2116 1173 bi-

479 1217 590 1270 bat.
621 1217 725 1281 Qui
769 1216 939 1269 credit
984 1216 1042 1268 in
1082 1229 1182 1275 me,
1227 1215 1365 1268 sicut
1406 1215 1692 1284 Scriptura
1735 1214 1868 1268 dicit
1907 1213 1974 1280 δ”,
2011 1215 2114 1280 ﬂu-

481 1313 634 1364 mina
671 1310 737 1363 de
763 1312 945 1362 ventre
981 1307 1097 1375 ejus
1129 1308 1299 1374 ﬂuent
1325 1323 1478 1376 aqum
1500 1309 1636 1361 vivae
1665 1309 1864 1378 (Joan.,
1899 1323 1990 1375 vn,
2021 1310 2117 1361 37-

483 1403 596 1472 39).
639 1404 845 1472 Atque,
881 1404 941 1453 ut
965 1399 1148 1470 magis
1193 1404 1379 1469 posset
1421 1416 1538 1455 esse
1580 1401 1946 1455 manifestum
1985 1399 2119 1471 quia

481 1513 594 1549 non
647 1495 717 1548 de
759 1494 952 1560 calice,
987 1494 1081 1548 sed
1131 1493 1199 1547 de
1238 1493 1518 1564 baptismo
1561 1494 1673 1548 illic
1714 1494 1968 1566 loquitur
2017 1495 2120 1548 Do-

482 1589 690 1654 minus,
742 1587 964 1642 addidit
1011 1584 1202 1659 380
1249 1587 1540 1658 Scriptura
1581 1587 1775 1642 dicens
1817 1604 1828 1641 :
1865 1591 1973 1643 Hoc
2015 1603 2116 1642 au-

487 1690 590 1737 tem
631 1683 773 1735 ducit
821 1682 884 1736 de
927 1682 1142 1750 Spiritu
1194 1696 1350 1749 quem
1397 1685 1676 1751 accepturi
1723 1686 1875 1735 erant
1923 1683 2020 1750 qui
2061 1682 2121 1734 in

2212 467 2564 534 charissime,
2615 473 2680 520 ut
2721 467 3032 538 probemus
3072 467 3453 537 appellatione
3492 487 3642 542 aquae
3682 479 3803 551 bap-

2214 561 2386 614 tisma
2418 560 2804 631 signiﬁcatum
2833 577 3058 631 semper
3079 575 3201 614 esse
3220 565 3276 614 et
3294 560 3372 614 sic
3393 579 3491 616 nos
3515 564 3810 642 intelligere

2215 653 2420 708 debere
2450 655 2517 721 57,
2550 654 2782 725 quando
2827 653 3103 708 Dominus
3129 652 3434 709 adveniens
3471 656 3724 729 baptismi
3761 673 3812 722 et

2215 746 2402 801 calicis
2441 747 2886 802 manifestaverit
2932 747 3258 814 veritatem,
3302 747 3396 817 qui
3429 765 3631 821 aquam
3673 756 3810 814 illam

2215 837 2469 907 ﬁdelem,
2505 853 2717 908 aquam
2749 837 2877 891 vitae
2911 842 3160 904 aeternae,
3194 839 3524 908 praeceperit
3555 844 3809 901 credenti-

2215 930 2319 984 bus
2345 931 2401 984 in
2427 929 2708 1001 baptismo
2749 930 2895 997 dari,
2927 930 3163 984 calicem
3191 946 3324 984 vero
3368 929 3613 988 docuerit
3645 953 3812 993 exem-

2215 1023 2311 1095 plo
2343 1023 2657 1094 magisterii
2693 1023 2780 1078 sui
2822 1024 2935 1078 vini
2967 1026 3024 1078 et
3061 1041 3222 1095 aquae
3269 1023 3656 1094 conjunctione
3693 1033 3810 1086 mis-

2217 1116 2353 1170 ceri.
2399 1117 2644 1172 Calicem
2687 1117 2902 1172 etenim
2946 1117 3049 1171 sub
3081 1117 3169 1172 die
3217 1117 3492 1187 passionis
3535 1122 3810 1194 accipiens,

2216 1209 2506 1264 benedixit
2537 1213 2594 1264 et
2637 1209 2799 1264 dedit
2836 1210 3122 1281 discipulis
3159 1210 3271 1264 suis
3312 1210 3500 1266 dicens
3528 1230 3540 1266 :
3568 1215 3725 1271 Bibite
3757 1234 3812 1272 ex

2218 1305 2313 1358 hoc
2338 1319 2534 1359 omnes.
2568 1305 2668 1357 Hic
2706 1307 2786 1358 est
2821 1306 2962 1358 enim
2991 1304 3098 1373 (16)
3128 1306 3355 1372 sanguis
3385 1308 3511 1359 novi
3539 1313 3815 1364 testamenti

2220 1397 2350 1467 (17),
2380 1401 2476 1466 qui
2503 1414 2604 1467 pro
2641 1397 2826 1451 multis
2854 1397 3163 1466 eﬂ‘undetur
3186 1400 3242 1451 in
3267 1399 3622 1454 remissionem
3641 1417 3812 1469 pecca-

2220 1495 2412 1546 torum.
2448 1493 2570 1546 Dico
2601 1491 2765 1553 vobis,
2799 1506 2904 1545 non
2935 1491 3113 1546 bibam
3142 1492 3333 1545 amodo
3366 1507 3432 1545 ea:
3460 1494 3565 1546 ista
3592 1502 3817 1550 creatura

2217 1586 2346 1639 vitis
2369 1600 2532 1654 usque
2558 1586 2617 1638 in
2645 1585 2784 1639 diem
2818 1586 2974 1639 illum
3002 1601 3108 1654 quo
3147 1585 3413 1639 vobiscum
3453 1586 3620 1641 bibam
3648 1603 3817 1642 novum

2219 1681 2404 1732 vinum
2425 1678 2534 1748 (l8)
2554 1680 2610 1732 in
2635 1694 2797 1748 regno
2817 1681 3001 1733 Patris
3028 1680 3132 1733 mei
3158 1678 3401 1749 (Matth.,
3430 1695 3574 1749 XXVI,
3606 1681 3688 1748 28,
3717 1682 3814 1749 29).

483 1792 598 1830 eum
628 1775 935 1829 credebant.
969 1776 1073 1827 Per
1114 1772 1400 1843 baptisma
1438 1772 1594 1827 enim
1626 1773 1864 1843 Spiritus
1896 1762 2335 1836 sanctusBQua
2395 1771 2452 1824 in
2510 1775 2670 1842 parte
2725 1771 3047 1827 invenimus
3097 1772 3333 1826 calicem
3387 1771 3621 1826 mixtum
3668 1773 3818 1829 fuisse

483 1869 776 1938 accipitur,
816 1872 870 1921 et
908 1867 983 1920 sic
1033 1883 1065 1920 a
1103 1866 1403 1936 baptizatis
1447 1871 1502 1921 et
1545 1867 1817 1936 Spiritum
1863 1872 2120 1921 sanctum

485 1961 801 2016 consecutis
825 1961 892 2014 ad
917 1960 1229 2014 bibendum
1253 1961 1488 2014 calicem
1516 1960 1739 2014 Domini
1769 1961 2117 2031 pervenitur.

486 2055 784 2110 Neminem
833 2059 1026 2108 autem
1073 2057 1297 2107 moveat
1342 2053 1517 2124 quod,
1562 2071 1689 2108 cum
1731 2053 1802 2108 de
1845 2054 2122 2125 baptismo

486 2149 756 2218 loquatur
802 2146 1093 2216 Scriptura
1138 2146 1364 2215 divina,
1411 2146 1566 2201 sitire
1614 2164 1714 2200 nos
1757 2147 1892 2200 dicit
1933 2153 1990 2201 et
2031 2148 2119 2201 bi-

485 2242 641 2304 bere,
699 2240 927 2311 quando
985 2246 1040 2294 et
1096 2240 1371 2294 Dominus
1426 2240 1482 2293 in
1539 2241 1840 2311 Evangelio
1901 2240 2051 2295 dicat
2106 2259 2118 2294 :

484 2337 638 2392 Beati
683 2338 973 2389 esurientes
1016 2334 1125 2404 (15)
1174 2339 1224 2387 et
1271 2336 1512 2388 sitientes
1549 2335 1830 2402 justitiam
1876 2335 2120 2403 (Matth.,

492 2445 542 2494 v,
577 2429 663 2498 6);
710 2428 846 2499 quia
893 2427 1044 2498 quod
1090 2426 1251 2481 avida
1301 2433 1355 2480 et
1401 2427 1610 2481 sitienti
1661 2427 1968 2498 cupiditate
2001 2445 2119 2482 sus-

490 2523 717 2593 cipitur,
763 2521 989 2592 plenius
1019 2525 1074 2574 et
1116 2521 1350 2574 uberius
1401 2521 1679 2575 hauritur.
1727 2521 1880 2576 Sicut
1923 2525 1978 2575 et
2013 2522 2122 2577 alio

486 2617 607 2670 loco
650 2615 723 2669 ad
752 2615 1171 2669 Samaritanam
1219 2614 1521 2668 mulierem
1564 2615 1835 2668 Dominus
1873 2615 2125 2686 loquitur

490 2709 685 2762 dicens
732 2710 777 2742 ⁵⁵
828 2725 841 2760 :
890 2710 1070 2764 Omnis
1117 2710 1213 2776 qui
1263 2708 1452 2761 biberit
1496 2723 1562 2761 ea:
1619 2723 1763 2777 aqua
1807 2710 1932 2774 ista,
1979 2710 2125 2763 sitiet

488 2805 683 2857 iterum
713 2821 728 2855 :
759 2804 856 2871 qui
882 2806 1062 2855 autem
1094 2802 1286 2855 biberit
1315 2816 1381 2854 ea:
1411 2817 1559 2870 aqua
1586 2817 1750 2870 quam
1779 2817 1871 2869 ego
1908 2802 2121 2864 dedero,
2166 2791 2170 2795 ξ

490 2911 599 2950 ηοη
641 2898 784 2950 sitiet
831 2897 890 2948 in
937 2901 1194 2950 aeternum
1235 2894 1436 2964 (Joan.,
1485 2911 1556 2961 Iv,
1609 2897 1691 2962 13,
1745 2894 1852 2965 14).
1901 2894 2023 2958 Quo
2072 2901 2126 2950 et

490 2990 678 3060 ipsum
707 2989 988 3059 baptisma
1008 2987 1268 3042 salutaris
1296 3003 1461 3058 aqua:
1495 2988 1851 3058 signiﬁcatur
1875 2989 1943 3054 ⁵⁸,
1974 2988 2125 3058 quod

494 3083 669 3137 semel
715 3082 931 3136 scilicet
971 3081 1240 3148 sumitur,
1270 3097 1374 3134 nec
1413 3097 1604 3136 rursus
1647 3081 1902 3135 iteratur.
1950 3083 2119 3136 Caete-

2221 1881 2390 1936 quem
2417 1865 2684 1919 Dominus
2709 1865 2932 1936 obtulit,
2963 1863 3144 1938 381
3189 1870 3245 1920 et
3270 1867 3469 1920 vinum
3496 1866 3658 1921 fuisse
3684 1867 3819 1937 quod

2221 1959 2556 2029 sanguinem
2597 1975 2762 2013 suum
2811 1959 2970 2014 dixit.
3023 1959 3180 2013 Unde
3222 1962 3462 2030 apparet
3508 1960 3817 2030 sanguinem

2221 2051 2428 2107 Christi
2471 2068 2588 2106 non
2632 2052 2827 2106 offerri
2870 2053 2998 2123 (19),
3034 2053 3077 2106 si
3109 2052 3248 2107 desit
3287 2052 3482 2106 vinum
3527 2053 3630 2123 (20)
3659 2053 3819 2120 calici,

2223 2162 2325 2200 nec
2339 2145 2676 2200 sacrificium
2695 2145 3050 2200 Dominicum
3064 2147 3110 2180 ⁵⁸
3131 2146 3392 2216 legitima
3406 2145 3821 2201 sanctiﬁcatione

2222 2239 2528 2307 celebrari,
2584 2241 2690 2293 nisi
2739 2240 2944 2294 oblatio
2987 2243 3044 2296 et
3087 2239 3424 2295 sacriﬁcium
3465 2246 3708 2295 nostrum
3742 2255 3820 2292 re-

2224 2333 2513 2404 sponderit
2561 2333 2827 2404 passioni.
2882 2335 3180 2398 Quomodo
3229 2340 3424 2389 autem
3470 2333 3539 2388 de
3595 2338 3825 2388 creatura

2224 2427 2350 2480 vitis
2389 2443 2598 2482 novum
2624 2427 2820 2482 vinum
2850 2444 2980 2482 cum
3009 2427 3230 2484 Christo
3258 2427 3317 2482 in
3347 2445 3527 2498 regno
3560 2426 3723 2483 Patris
3747 2427 3822 2479 bi-

2223 2521 2448 2590 bemus,
2481 2523 2614 2575 siin
2658 2522 2929 2576 sacriﬁcio
2972 2523 3065 2577 Dei
3111 2521 3287 2578 Patris
3327 2525 3382 2577 et
3409 2523 3612 2577 Christi
3654 2521 3825 2574 vinum

2225 2631 2336 2668 non
2379 2614 2689 2684 offerimus,
2738 2632 2844 2670 nec
2891 2615 3126 2670 calicem
3153 2616 3380 2671 Domini
3415 2615 3698 2670 Dominica
3726 2620 3824 2667 tra-

2227 2707 2440 2763 ditione
2469 2709 2772 2764 miscemus
2788 2709 2816 2763 ἰ)

2295 2804 2355 2856 Χ.
2410 2803 2606 2858 Beatus
2653 2819 2886 2874 quoque
2925 2805 3214 2874 apostolus
3265 2805 3496 2871 Paulus,
3537 2821 3567 2857 a
3611 2801 3826 2857 Domino

2226 2895 2436 2950 electus
2464 2902 2518 2951 et
2547 2896 2746 2951 missus
2776 2902 2831 2952 et
2860 2898 3202 2968 praedicator
3234 2897 3484 2953 veritatis
3514 2894 3827 2965 evangelica:

2225 2989 2579 3059 constitutus,
2625 2991 2747 3044 haec
2792 2991 2992 3045 eadem
3039 2991 3097 3045 in
3139 2991 3390 3062 Epistola
3430 3007 3530 3045 sua
3560 2989 3712 3060 ponit
3752 2986 3826 3041 di-

2227 3097 2356 3136 cens
2383 3083 2428 3116 ⁵9
2462 3099 2474 3136 :
2509 3085 2764 3138 Dominus
2798 3087 2952 3140 Iesus
2987 3086 3044 3139 in
3081 3102 3188 3155 qua
3232 3091 3385 3141 nocte
3423 3085 3729 3140 tradebatur
3759 3096 3830 3134 ac-

493 3193 620 3230 rum
655 3176 794 3230 calix
846 3175 1072 3229 Domini
1115 3175 1171 3228 in
1215 3174 1461 3228 Ecclesia
1496 3190 1724 3245 semper
1763 3179 1819 3229 et
1857 3175 2045 3229 sititur
2071 3132 2362 3246 etccepit
2424 3192 2643 3246 panem,
2705 3185 2755 3232 et
2818 3181 3027 3248 gratias
3083 3132 3200 3246 Iegit
3230 3180 3278 3212 ⁶⁰
3309 3179 3418 3249 (21)
3476 3185 3526 3233 et
3585 3178 3743 3244 fregit
3790 3179 3832 3228 et

495 3269 730 3325 bibitur.

2226 3270 2371 3324 dixit
2403 3289 2418 3324 :
2450 3273 2560 3326 Hoc
2609 3275 2689 3326 est
2740 3288 2932 3342 corpus
2979 3288 3154 3327 meum
3207 3274 3356 3343 quod
3400 3288 3499 3343 pro
3546 3271 3687 3327 vobis
3733 3273 3829 3323 tra-

1889 3438 2100 3503 Variae
2141 3439 2481 3504 lectiones.

558 3585 599 3622 ⁵³
649 3587 762 3636 Illis
812 3598 1014 3649 aquam
1063 3583 1190 3633 Bod.
1235 3585 1282 3643 1,
1330 3584 1376 3634 2.
1429 3584 1578 3633 Ebor.
1634 3585 1746 3633 Lin.
1804 3585 1910 3634 ΝΟ.
1968 3588 2009 3635 1.

495 3663 534 3694 ⁵⁵
583 3659 850 3721 Loquitur
894 3661 945 3706 et
984 3656 1117 3706 dicit
1161 3656 1298 3704 Lam.
1386 3655 1424 3688 ⁵⁸
1468 3654 1855 3718 Signiﬁcatum
1903 3656 2028 3705 Bod.
2077 3657 2124 3706 3.

2081 3588 2119 3618 ⁵³
2165 3585 2389 3648 Bibetis,
2437 3587 2592 3651 plebs
2640 3588 2763 3638 Bod.
2815 3589 2858 3637 1.

2212 3655 2252 3688 ⁵⁷
2292 3656 2575 3708 Debemus
2618 3659 2725 3708 ΝΟ.
2776 3659 2824 3708 2.

2941 3589 2982 3621 ⁵⁴
3036 3589 3094 3639 Si
3143 3591 3206 3638 ut
3252 3588 3524 3653 scriptum
3574 3588 3655 3635 est
3711 3584 3829 3653 Lam.

2911 3659 2951 3692 ⁵³
2996 3661 3299 3709 Dominum
3344 3652 3468 3707 Bod.
3518 3657 3564 3716 3,
3609 3657 3652 3703 4.
3696 3652 3832 3703 Ebor.

495 3732 602 3780 ΝΟ.
635 3732 680 3789 1,
713 3731 760 3779 2.
804 3730 920 3779 Lin.
985 3729 1027 3762 59
1075 3728 1236 3777 Ponit
1278 3730 1332 3777 et
1374 3727 1510 3776 dicit
1553 3727 1692 3776 Lam.
1740 3727 1860 3775 Bod.
1911 3730 1956 3789 1,
2007 3728 2055 3777 2.
2123 3742 2124 3745 ‘

2232 3727 2428 3779 irratias
2477 3732 2589 3794 egit
2630 3734 2685 3780 et
2731 3731 2870 3778 Lam.
2915 3729 3065 3779 Ebor.
3114 3731 3224 3780 ΝΟ.
3273 3732 3318 3790 1,
3364 3729 3412 3779 2.
3466 3731 3647 3790 Agens
3691 3723 3835 3788 fregit

497 3806 554 3853 et
586 3804 745 3853 Oxon.

1807 3859 2028 3942 Steph.
2077 3860 2318 3925 Baluzii
2365 3867 2565 3926 notae.

497 4035 826 4098 scripturam
855 4035 1106 4083 veterum
1151 4030 1457 4082 editionum
1493 4033 1548 4080 et
1578 4034 1831 4082 veterum
1861 4031 2131 4082 librorum

495 4110 830 4166 nostrorum,
876 4104 1082 4168 quibus
1129 4104 1486 4152 consentiunt
1528 4103 1693 4152 etiam
1753 4103 1963 4167 aliquot
2020 4106 2132 4154 An-

498 4178 719 4243 glicani.
751 4177 810 4224 In
840 4175 1149 4225 Veronensi
1179 4176 1448 4237 scriptum
1484 4178 1602 4224 erat
1627 4175 1972 4238 praedicatur.

563 4250 656 4310 (14)
715 4247 987 4297 Findetur.
1044 4245 1312 4307 Quamvis
1382 4247 1552 4296 sciam
1607 4259 1802 4296 omnes
1859 4247 2132 4296 editiones

499 4324 549 4368 et
579 4332 772 4367 omnes
815 4317 928 4366 fere
976 4320 1188 4366 veteres
1230 4316 1402 4365 libros
1453 4316 1656 4366 habere
1685 4316 1936 4378 ﬁndetur,
1968 4316 2131 4366 facile

499 4390 867 4454 praetulissem
909 4389 1203 4438 lectionem
1249 4388 1540 4449 Fuxensis,
1597 4389 1652 4435 in
1701 4401 1812 4450 quo
1864 4389 2129 4450 scriptum

498 4466 583 4511 est
611 4462 902 4518 scindetur,
948 4461 1076 4522 quia
1130 4461 1184 4508 in
1230 4461 1407 4523 capite
1453 4473 1629 4509 XLVIII
1673 4459 1849 4520 Isaiae,
1883 4459 1951 4508 ad
1979 4459 2127 4522 quod

499 4502 1556 4596 ἷὲἐιξῖέίῐῖἱῖἐὶὸοῖιξξἷθέῖιυῗῖζὶὶιηὲἷγί
1575 4502 1640 4580 ἐξὲξ
1673 4502 1849 4595 ’ᾗᾶὶῖέ
1879 4502 2131 4592 sane
2150 4502 2208 4573 D

501 4607 593 4660 eis,
616 4610 660 4652 et
682 4604 834 4654 scidit
862 4609 1086 4666 petram,
1117 4609 1163 4653 et
1200 4604 1470 4666 ﬂuxerunt
1495 4617 1663 4666 aquae.
1704 4605 1774 4652 At
1819 4616 1946 4652 cum
1977 4602 2130 4652 vida-

500 4691 616 4728 rem
660 4677 717 4725 in
751 4675 892 4724 libro
940 4687 1164 4739 quoque
1202 4678 1379 4738 primo
1422 4675 1878 4734 Testimoniorum,
1903 4687 2021 4737 cap.
2058 4675 2130 4736 12,

499 4751 768 4812 scriptum
794 4759 914 4796 esse
937 4747 1182 4809 ﬁndetur,
1209 4761 1322 4796 non
1353 4760 1476 4796 sum
1514 4759 1684 4794 ausus
1713 4749 1945 4794 mutare.

563 4821 656 4882 (l5)
703 4818 848 4868 Beati
887 4818 1188 4868 esurientes.
1247 4819 1325 4867 Ita
1368 4831 1562 4867 omnes
1609 4817 1881 4867 editiones
1929 4820 1984 4866 et
2036 4829 2134 4866 sex

497 4892 623 4941 libri
650 4894 884 4949 veteres,
913 4889 1054 4938 inter
1076 4901 1216 4952 quos
1236 4889 1464 4938 nomino
1488 4888 1934 4950 Seguierianum.
1965 4886 2134 4937 Recte

499 4963 763 5026 profecto.
817 4960 954 5009 Nam
1004 4962 1060 5008 in
1108 4960 1250 5009 libro
1301 4973 1359 5009 III
1414 4959 1864 5020 Testimoniorum,
1913 4970 2031 5020 cap.
2087 4960 2132 5019 1,

499 5035 741 5096 legitur:
780 5032 925 5080 Beati
946 5032 1036 5094 qui
1061 5031 1299 5080 esuriant
1327 5029 1586 5093 justitiam
1616 5043 1631 5090 ;
1677 5029 1774 5078 ubi
1810 5029 1981 5079 editio
2019 5031 2136 5079 An-

500 5109 716 5171 glicana
741 5109 931 5154 mouet
959 5104 1227 5165 scriptum
1249 5115 1370 5152 esse
1409 5102 1462 5150 in
1509 5106 1636 5151 octo
1671 5101 1960 5152 codicibus
1992 5103 2133 5152 anti-

502 5180 629 5241 quis
685 5192 694 5224 :
743 5175 890 5224 Beati
936 5176 1215 5223 esurientes
1270 5178 1317 5222 et
1382 5173 1630 5223 sitientes.
1706 5172 2136 5223 Admonendum

508 5254 693 5297 tamen
746 5246 1060 5296 existimavi
1107 5245 1301 5295 decem
1359 5246 1588 5308 antiqua
1641 5245 1979 5308 exemplaria
2013 5245 2137 5294 istic

503 5320 781 5386 praeferre,
811 5319 960 5366 Beati
995 5317 1226 5366 sitientes
1252 5322 1296 5366 et
1321 5318 1622 5366 esurientes.

566 5391 662 5451 (16)
697 5391 790 5440 Hic
811 5395 882 5439 est
913 5388 1224 5437 enim.Ha3c
1255 5393 1336 5436 est
1362 5388 1529 5438 lectio
1557 5389 1807 5437 omnium
1836 5387 1948 5438 fere
1987 5389 2135 5437 vete-

504 5477 626 5513 rum
685 5460 1103 5523 exemplarium.
1157 5460 1285 5509 Tria
1332 5465 1518 5510 tamen
1559 5463 1746 5511 vetera
1792 5464 1847 5509 et
1894 5459 2135 5521 antiquas

503 5533 775 5586 editiones
808 5532 1111 5597 praeferunt
1149 5533 1256 5582 Hoc
1303 5538 1375 5582 est
1421 5533 1578 5582 enim.
1615 5532 1739 5594 Quo
1769 5532 1934 5581 etiam
1971 5529 2138 5579 modo

503 5605 764 5656 Nicolaus
793 5604 972 5654 Faber
1007 5604 1062 5652 in
1099 5604 1346 5667 margine
1384 5605 1715 5667 exemplaris
1751 5604 1836 5652 sui
1879 5601 2138 5651 editionis

503 5677 836 5728 Pamelianm
867 5675 1153 5726 adnotavit
1198 5688 1257 5724 se
1286 5675 1487 5739 legisse
1520 5675 1574 5724 in
1624 5674 1998 5724 vetustissima
2027 5671 2140 5721 edi-

503 5750 653 5800 tione
681 5762 850 5812 quam
876 5748 995 5811 ipse
1019 5745 1280 5796 habebat.

569 5821 668 5889 (17)
696 5820 828 5872 Novi
885 5819 1198 5870 testamenti.
1244 5817 1364 5870 Vox
1403 5818 1524 5868 novi
1567 5816 1721 5868 deest
1779 5817 1838 5865 in
1875 5813 2138 5864 tredecim

2230 4032 2522 4082 codicibus
2552 4032 2813 4096 antiquis.
3560 4095 3600 4099 _
3770 4089 3801 4099 ..

2295 4104 2390 4166 (18)
2419 4105 2624 4154 Novum
2650 4091 2843 4152 vinum.
2878 4103 2999 4153 Vox
3031 4103 3213 4154 vinum
3257 4101 3417 4152 deest
3458 4100 3515 4148 in
3558 4091 3834 4157 Evangelio

2231 4175 2495 4237 Matthaei,
2528 4175 2674 4238 apud
2697 4176 3104 4239 Hieronymum
3144 4176 3200 4222 in
3236 4174 3399 4224 titulo
3423 4167 3736 4244 qumstionis
3761 4175 3835 4244 se-

2231 4248 2430 4297 cundae
2462 4248 2533 4297 ad
2563 4237 2854 4309 Hedibiam,
2883 4237 2939 4296 in
2987 4247 3251 4296 undecim
3281 4243 3574 4295 codicibus
3599 4237 3834 4316 antiquis,

2231 4321 2366 4369 etin
2412 4320 2754 4370 editionibus
2790 4320 3021 4370 Manutii
3065 4323 3120 4368 et
3161 4318 3414 4368 Morellii.
3460 4316 3661 4365 Deesse
3689 4313 3835 4358 etiam

2231 4396 2446 4441 constat
2480 4394 2536 4440 in
2571 4406 2774 4442 novem
2814 4392 3156 4455 Anglicanis.
3206 4390 3396 4440 Lectio
3450 4386 3682 4448 vulgata,
3729 4387 3838 4441 qua?

2231 4464 2398 4515 habet
2435 4481 2445 4512 :
2482 4464 2610 4514 Cum
2667 4465 2800 4514 illud
2846 4465 3020 4514 bibam
3041 4461 3320 4522 zvobiscum
3373 4471 3567 4509 nonum
3607 4457 3660 4503 in
3695 4460 3838 4522 regno

2233 4537 2411 4584 Patris
2431 4536 2549 4595 mei,
2599 4536 2773 4598 magis
2821 4520 3335 4598 placuit—Pamelio,
3387 4530 3485 4595 qui
3529 4520 3840 4598 testatuftest

2234 4620 2292 4656 se
2328 4620 2451 4656 eam
2480 4592 2760 4657 invenisse
2788 4592 2842 4656 in
2869 4606 3063 4656 codice
3091 4592 3489 4667 Afﬂigemensi.
3530 4595 3689 4662 Apud
3718 4592 3840 4668 Var-

2234 4689 2444 4737 ronem,
2481 4677 2620 4727 libro
2647 4691 2685 4728 v
2713 4679 2776 4728 de
2804 4679 3012 4742 Lingua
3060 4676 3253 4724 Latina
3305 4689 3321 4721 :
3369 4674 3571 4724 Novum
3605 4669 3739 4715 vetus
3772 4674 3839 4708 vi-

2232 4762 2356 4798 num
2388 4748 2522 4800 bibo.

2294 4821 2390 4882 (19)
2444 4819 2650 4884 Olferri.
2709 4819 2900 4871 Codex
2951 4814 3404 4869 Monasteriensis
3461 4809 3612 4862 addit
3672 4809 3758 4856 aut
3802 4804 3840 4848 et

2234 4890 2513 4941 celebrari.
3596 4952 3603 4954 _
3644 4951 3652 4954 _
3721 4947 3728 4954 .

2300 4963 2393 5074 (20)
2446 4964 2503 5013 Si
2545 4964 2676 5014 desit
2709 4964 2906 5013 vinum.
2971 4960 3160 5012 Codex
3209 4957 3504 5016 Fuxensis,
3548 4951 3652 5002 nisi
3684 4951 3841 4996 vinum

2324 5027 2390 5074 ici
2419 5027 2719 5074 misceatur.

2234 5027 2390 5076 catici
2419 5027 2719 5076 misceatur.
3419 5090 3425 5091 ί

2297 5099 2392 5159 (21)
2425 5098 2642 5147 Gratias
2676 5097 2789 5161 egit.
2818 5095 2953 5146 Haec
2979 5097 3063 5144 est
3091 5093 3256 5144 lectio
3277 5090 3530 5140 omnium
3558 5084 3841 5161 editionum

2235 5183 2361 5233 quas
2394 5158 2768 5219 Pamelianam
2814 5169 3250 5218 antecesserunt.
3288 5158 3843 5233 Pameliusautem‘cf

2236 5225 2407 5290 dnico
2430 5241 2625 5291 codice
2657 5238 3095 5290 Camberonensi
3121 5235 3354 5286 mutavit
3381 5236 3437 5306 et
3463 5229 3630 5280 edidit
3655 5225 3844 5306 grandi

2237 5327 2396 5378 agens
2422 5314 2601 5376 fregit.
2636 5312 2761 5374 Quo
2791 5312 2955 5361 etiam
2988 5309 3151 5359 modo
3187 5321 3288 5356 nos
3328 5303 3596 5378 scriptum
3623 5296 3843 5378 vidimus

2239 5371 2295 5435 in
2325 5371 2578 5447 Eligiafio
2626 5371 2761 5434 etin
2804 5381 3066 5432 Remensi
3113 5380 3289 5429 sancti
3326 5373 3597 5447 Dionysii.
3635 5371 3844 5447 About}

2237 5438 2446 5507 omnesv
2479 5456 2589 5505 fere
2629 5454 2754 5502 libri
2803 5454 2975 5502 nostri
3011 5456 3228 5502 veteres
3265 5452 3317 5498 et
3361 5447 3528 5497 etiam
3574 5438 3845 5516 ᾼΠξζὶἱεξιῆῐξί

2237 5526 2532 5589 praeferant
2567 5526 2865 5574 lectionem
2893 5537 3062 5587 quam
3106 5521 3383 5571 Pamelius
3431 5515 3640 5589 rejecit,
3672 5508 3843 5589 existif

2238 5585 2513 5646 inavimus
2539 5596 2690 5646 illam
2717 5609 2838 5646 esse
2879 5585 3269 5654 revocandam,
3310 5590 3420 5642 Sed
3450 5590 3567 5638 sive
3595 5585 3715 5641 hoc,
3740 5585 3844 5654 sive

2239 5669 2350 5718 alio
2377 5667 2541 5718 modo
2567 5669 2740 5734 legas,
2766 5681 2965 5719 sensus
2990 5671 3074 5717 est
3103 5647 3280 5717 idem':
3301 5663 3555 5726 adeoque
3580 5647 3844 5707 retinenda

2239 5744 2357 5789 erat
2381 5742 2540 5790 vetus
2573 5739 2758 5791 lectio.
