3978 6194
181 216 282 268 393

1583 211 1906 268 EPISTOLA
1947 210 2130 267 LXIII.

3425 215 3528 268 394-

174 340 356 394 detur.
409 341 517 394 Hoc
559 342 728 405 facite
781 342 838 391 in
881 354 1052 392 meam
1095 342 1676 395 commemorationem.
1725 343 1804 396 Si-
1825 339 2280 424 Adisciplinam,
2322 339 2656 408 quibusdam
2698 339 2754 392 in
2795 340 2931 394 locis
2974 357 3116 411 aqua
3169 341 3438 394 offeratur
3470 343 3526 396 in

175 435 296 487 mili
344 434 497 487 modo
548 434 590 466 5‘
652 438 701 486 et
753 433 990 492 calicem,
1048 438 1330 502 postquam
1385 441 1644 489 comatum
1703 442 1797 496 est,

169 529 374 596 accepit
416 528 640 581 dicens:
672 529 767 581 Hic
805 527 953 579 calix
990 541 1185 580 novum
1223 531 1596 582 testamentum
1636 529 1682 562 5*
1726 535 1800 582 est

171 621 231 671 in
289 636 401 673 meo
455 622 743 686 sanguine.
790 622 896 674 Hoc
950 620 1150 684 facite,
1203 624 1619 690 quotiescunque
1668 621 1801 674 bibe-

165 716 325 775 ritis,
395 716 453 766 in
517 729 687 768 meam
741 715 1313 768 commemorationem.
1380 715 1802 782 Quotiescunque

168 809 312 859 enim
334 807 554 860 ederitis
595 820 792 875 panem
822 808 982 858 istum
1022 809 1070 859 et
1108 807 1326 860 calicem
1370 807 1624 872 bibentis,
1656 821 1798 860 mor-

166 905 271 953 tem
301 902 514 953 Domini
528 899 928 954 annuntiabitis
945 899 1290 969 quoadusque
1305 903 1485 955 veniat
1504 903 1555 968 (Ι
1569 900 1710 967 Cor.,
1739 918 1796 960 ιι,

164 994 392 1061 23-26).
421 993 588 1056 Quod
633 995 676 1048 si
711 1000 764 1050 et
791 1013 824 1050 a
874 999 1110 1052 Domino
1165 995 1493 1066 praecipitur
1524 996 1596 1061 6³,
1639 1001 1696 1048 et
1731 995 1800 1048 ab

165 1087 444 1155 Apostolo
473 1088 595 1156 ejus
622 1089 729 1142 hoc
760 1090 911 1144 idem
945 1091 1319 1145 confirmatur
1354 1092 1413 1142 et
1447 1089 1710 1154 traditur,
1746 1095 1804 1141 ut

168 1180 626 1250 quotiescunque
682 1182 1027 1250 biberimus,
1085 1185 1142 1236 in
1190 1181 1800 1237 commemorationem

164 1273 398 1326 Domini
437 1273 546 1326 hoc
574 1275 846 1329 faciamus
876 1277 1029 1347 quod
1066 1276 1197 1331 fecit
1223 1281 1277 1330 et
1309 1276 1607 1342 Dominus,
1641 1275 1800 1328 inve-

163 1366 365 1419 nimus
407 1367 453 1398 ⁶³⁴
504 1383 619 1420 non
671 1368 951 1423 observari
998 1387 1029 1422 a
1064 1369 1224 1423 nobis
1261 1369 1410 1439 quod
1467 1369 1802 1422 mandatum

166 1462 273 1525 est,
306 1459 420 1512 nisi
458 1459 663 1515 eadem
695 1478 823 1532 quas
863 1463 1136 1516 Dominus
1161 1462 1296 1517 fecit
1333 1478 1438 1516 nos
1465 1477 1694 1533 quoque
1723 1462 1802 1514 fa-

169 1551 420 1618 ciamus,
449 1556 508 1606 et
533 1554 770 1608 calicem
801 1555 1026 1608 Domini
1054 1555 1174 1625 pari
1189 1556 1235 1590 ⁸⁵
1265 1555 1479 1610 ratione
1501 1554 1804 1609 miscentes

167 1644 418 1699 adivino
448 1647 770 1716 magisterio
801 1664 914 1701 non
959 1649 1308 1703 recedamus.
1336 1648 1415 1703 Ab
1461 1646 1805 1717 evangelieis

167 1745 371 1793 autem
403 1741 702 1810 praeceptis
741 1742 974 1795 omnino
1009 1741 1391 1796 recedendum
1431 1758 1547 1795 non
1584 1757 1702 1794 esse
1735 1742 1803 1806 ⁸6,
1829 1713 1882 1784 Β

167 1837 224 1887 et
269 1834 481 1888 eadem
511 1852 638 1906 quae
687 1837 959 1906 magister
1005 1837 1195 1891 docuit
1235 1843 1290 1890 et
1332 1836 1466 1891 fecit
1506 1836 1808 1906 discipulos

163 1944 399 1998 quoque
429 1928 732 1984 observare
765 1928 958 2002 382
989 1937 1042 1986 et
1068 1931 1255 1984 facere
1278 1931 1505 1998 debere,
1536 1935 1805 1984 constan-

166 2021 276 2074 tius
311 2028 373 2075 et
398 2023 605 2076 fortius
630 2023 740 2078 alio
776 2023 831 2076 in
862 2024 983 2078 loco
1022 2025 1225 2078 beatus
1251 2024 1550 2094 Apostolus
1573 2024 1617 2056 δτ
1648 2023 1809 2077 docet

167 2115 368 2168 dicens
417 2139 426 2168 :
474 2118 642 2170 Miror
688 2118 828 2186 quod
865 2121 938 2172 sic
983 2125 1093 2172 tam
1134 2121 1236 2172 cito
1279 2119 1637 2171 dematamini
1668 2118 1714 2149 ⁶⁸
1741 2118 1806 2169 ab

168 2223 222 2262 eo
243 2213 352 2278 qui
377 2225 470 2263 vos
506 2213 714 2263 vocavit
753 2211 826 2264 ad
860 2215 1114 2280 gratiam,
1154 2211 1228 2265 ad
1258 2211 1414 2264 aliud
1449 2212 1805 2279 evangelium,

169 2303 320 2371 quod
363 2319 471 2356 non
510 2310 585 2357 est
629 2304 804 2367 aliud,
832 2307 939 2359 nisi
965 2307 1013 2359 si
1049 2310 1173 2359 sunt
1212 2306 1388 2374 aliqui
1427 2306 1520 2372 qui
1561 2318 1652 2357 vos
1683 2319 1807 2357 con-

171 2397 408 2450 turbant
437 2403 488 2450 et
512 2397 698 2451 volunt
725 2403 1024 2452 convertere
1053 2399 1406 2465 Evangelium
1434 2397 1649 2452 Christi.
1681 2397 1807 2454 Sed.

170 2490 294 2544 licet
313 2497 419 2544 aut
450 2506 542 2544 nos
562 2498 659 2545 aut
685 2493 906 2559 angelus
933 2492 998 2546 de
1020 2493 1147 2546 ccelo
1185 2492 1349 2546 aliter
1375 2493 1667 2544 annuntiet
1695 2491 1806 2559 (22)

165 2591 545 2654 praeterquam
571 2586 715 2653 quod
740 2587 1192 2640 annuntiavimus
1211 2587 1376 2646 vobis,
1408 2584 1698 2638 anathema
1717 2586 1806 2637 sit.

169 2679 329 2733 Sicut
387 2679 769 2746 praediximus,
831 2682 879 2732 et
934 2695 1076 2732 nunc
1128 2681 1320 2732 iterum
1355 2679 1474 2732 dico
1523 2693 1534 2730 :
1581 2678 1640 2732 Si
1691 2679 1810 2745 quis

171 2773 325 2825 vobis
395 2774 804 2826 annuntiaverit
860 2778 1220 2841 praeterquam
1285 2772 1428 2840 quod
1499 2773 1808 2839 accepistis,

169 2865 472 2920 anathema
496 2868 566 2919 sit
591 2865 822 2935 (Galat.,
855 2883 891 2931 1,
923 2868 1068 2934 6-9).

240 2961 345 3014 XI.
381 2959 520 3013 Cum
566 2975 703 3029 ergo
747 2975 933 3029 neque
975 2959 1093 3029 ipse
1129 2959 1430 3028 Apostolus
1476 2972 1660 3027 neque
1707 2973 1808 3010 au-

176 3054 354 3123 gelus
406 3052 474 3106 de
499 3052 637 3106 coelo
692 3053 1031 3107 annuntiare
1061 3051 1237 3122 possit
1280 3050 1444 3105 aliter
1471 3054 1573 3103 aut
1611 3050 1812 3104 docere
1833 3080 1886 3152 Ο

170 3151 565 3217 praeterquam
597 3145 751 3216 quod
777 3146 948 3200 semel
981 3145 1236 3201 Christus
1265 3143 1453 3198 docuit
1482 3148 1537 3197 et
1575 3142 1808 3213 apostoli

175 3242 305 3310 ejus
359 3240 857 3307 annuntiaverunt,
895 3239 1072 3294 miror
1116 3239 1247 3292 satis
1295 3237 1444 3292 unde
1493 3238 1600 3291 hoc
1650 3253 1809 3290 usur-

175 3338 385 3404 patum
425 3333 496 3387 sit
541 3337 619 3402 ut,
661 3337 858 3388 contra
895 3331 1279 3404 evangelicam
1335 3334 1391 3386 et
1439 3331 1809 3401 apostolicam

1905 433 2197 488 Dominico
2246 433 2439 498 calice,
2473 449 2598 502 quae
2641 433 2756 486 sola
2810 434 3012 488 Christi
3044 435 3379 505 sanguinem
3411 453 3527 490 non

1902 527 2077 597 possit
2129 525 2470 594 exprimere.
2518 526 2688 595 Cujus
2727 526 2803 580 rei
2849 534 3273 582 sacramentum
3323 546 3424 583 nec
3470 530 3527 583 in

1902 619 2132 672 Psalmis
2170 622 2314 672 tacet
2362 617 2602 688 Spiritus
2643 625 2866 672 sanctus
2921 621 3130 674 faciens
3175 622 3524 676 mentionem

1903 713 2174 766 Dominici
2221 711 2409 765 calicis
2458 715 2514 765 et
2558 711 2751 765 dicens
2799 729 2810 765 :
2861 713 3020 765 Catia:
3075 721 3200 768 tuus
3257 717 3527 769 inebrians

1898 821 2163 874 perquam
2221 807 2455 874 optimus
2505 806 2552 839 θθ
2611 806 2783 873 (Psal.
2838 821 2964 864 xxu,
3020 809 3090 875 5).
3135 807 3288 861 Calix
3338 811 3526 863 autem

1903 900 1999 969 qui
2021 898 2281 964 inebriat,
2317 899 2513 968 utique
2540 898 2669 951 vino
2699 898 2899 952 mistus
2923 904 3004 953 est
3035 900 3082 932 το
3112 916 3122 952 :
3160 917 3342 970 neque
3375 902 3524 954 enim

1902 1007 2049 1062 aqua
2076 991 2359 1045 inebriare
2401 1007 2748 1061 quemquam
2788 995 3007 1061 potest.
3043 991 3132 1045 Sic
3161 996 3354 1045 autem
3389 993 3530 1046 calix

1905 1084 2238 1139 Deminieus
2293 1084 2534 1138 inebriat
2577 1089 2640 1138 ut
2683 1091 2740 1137 et
2790 1086 2901 1138 Noe
2956 1085 3012 1137 in
3072 1085 3275 1139 Genesi
3333 1085 3527 1138 vinum

1905 1177 2102 1231 bibens
2152 1177 2468 1231 inebriatus
2509 1181 2612 1231 est.
2654 1177 2760 1231 Sed
2781 1219 2793 1243 ,
2827 1177 2958 1247 quia
2989 1178 3231 1232 ebrietas
3265 1179 3530 1231 Dominici

1906 1274 2092 1328 calieis
2119 1279 2174 1328 et
2205 1274 2495 1343 sanguinis
2524 1290 2633 1326 non
2667 1281 2748 1328 est
2793 1274 2916 1327 talis
2959 1275 3138 1344 qualis
3169 1278 3252 1328 est
3282 1276 3530 1329 ebrietas

1906 1368 2021 1420 vini
2079 1368 2390 1432 smcularis,
2448 1385 2577 1420 cum
2635 1368 2848 1422 diceret
2902 1368 3142 1438 Spiritus
3195 1374 3423 1422 sanctus
3477 1371 3532 1423 in

1906 1461 2155 1525 Psalmo,
2197 1461 2355 1514 Catia:
2387 1467 2511 1514 tuus
2548 1463 2843 1522 inebrians,
2877 1461 3094 1514 addidit
3122 1478 3384 1530 perquam
3421 1465 3530 1532 (23)

1905 1557 2160 1622 optimus,
2195 1553 2346 1624 quod
2389 1553 2602 1607 scilicet
2637 1554 2774 1607 calix
2807 1553 3132 1608 Deminieus
3159 1554 3235 1607 sic
3267 1555 3530 1609 bibentes

1906 1646 2152 1700 inebriat
2181 1651 2241 1700 ut
2283 1646 2497 1699 sobrios
2543 1647 2736 1712 faciat,
2767 1651 2828 1700 ut
2876 1651 3092 1701 mentes
3118 1648 3184 1700 ad
3215 1647 3527 1716 spiritalem

1910 1739 2245 1810 sapientiam
2291 1739 2514 1810 redigat
2559 1740 2692 1809 (24),
2738 1745 2797 1794 ut
2833 1757 2865 1793 a
2901 1757 3100 1810 sapore
3135 1742 3240 1808 (25)
3285 1742 3390 1795 isto
3422 1759 3529 1796 sre-

1910 1834 2088 1888 culari
2137 1833 2208 1887 ad
2267 1833 2620 1888 intellectum
2667 1834 2763 1888 Dei
2805 1834 3184 1904 unusquisque
3219 1835 3530 1905 resipiscat,

1910 1934 1966 1981 et
1997 1927 2480 1996 quemadmodum
2515 1927 2644 1980 vino
2675 1928 2782 1981 isto
2813 1924 3006 1999 383
3050 1929 3340 1982 communi
3369 1945 3532 1982 mens

1909 2021 2145 2075 solvitur
2173 2023 2228 2074 et
2257 2020 2448 2073 anima
2490 2021 2779 2074 relaxatur
2810 2026 2864 2074 et
2894 2021 3122 2075 tristitia
3153 2022 3333 2076 omnis
3363 2039 3531 2092 expo-

1909 2115 2082 2179 nitur,
2136 2115 2230 2181 ita,
2266 2120 2496 2184 epotato
2549 2116 2590 2146 ⁷¹
2645 2115 2919 2183 sanguine
2966 2115 3189 2168 Domini
3243 2122 3296 2169 et
3331 2117 3532 2186 poculo

1911 2208 2160 2272 salutari,
2227 2213 2542 2276 exponetur
2593 2207 2866 2260 memoria
2923 2208 3125 2261 veteris
3166 2208 3431 2273 hominis,
3481 2215 3534 2263 et

1909 2300 2004 2354 ﬁat
2063 2300 2271 2355 oblivio
2327 2300 2767 2354 conversationis
2819 2300 3070 2370 pristinae
3121 2301 3420 2369 saecularis,
3482 2310 3536 2356 et

1911 2398 2176 2449 moestum
2210 2397 2406 2463 pectus
2434 2411 2498 2447 ac
2541 2393 2720 2460 triste,
2766 2394 2918 2463 quod
2957 2394 3110 2464 prius
3139 2397 3382 2465 peccatis
3431 2412 3532 2450 an-

1913 2488 2176 2560 gentibus
2226 2487 2628 2558 premebabur,
2679 2487 2886 2542 divina:
2935 2488 3305 2558 indulgentiae
3341 2490 3536 2542 laetitia

1911 2582 2248 2646 resolvatur;
2274 2580 2429 2651 quod
2476 2585 2606 2634 tunc
2650 2581 2882 2634 demum
2927 2585 3110 2650 potest
3149 2582 3433 2636 lmtiﬁcare
3478 2584 3536 2636 in

1913 2675 2156 2729 Ecclesia
2197 2674 2421 2728 Domini
2471 2673 2784 2740 bibentem,
2826 2675 2870 2727 si
2903 2675 3052 2744 quod
3087 2675 3300 2729 bibitur
3344 2677 3533 2730 Domi-

1911 2768 2098 2822 nicam
2133 2773 2319 2822 teneat
2343 2767 2642 2821 veritatem
2674 2768 2804 2837 (26).

1984 2863 2096 2916 Xll.
2121 2862 2303 2924 Quam
2347 2877 2476 2914 vero
2503 2868 2835 2931 persersum
2865 2868 2949 2916 est
2993 2878 3282 2933 quamque
3309 2866 3531 2917 contra-

1913 2955 2060 3009 rium
2095 2961 2172 3021 ut,
2205 2971 2332 3008 cum
2366 2955 2643 3009 Dominus
2667 2955 2724 3008 in
2772 2956 2986 3026 nuptiis
3032 2957 3100 3010 de
3151 2973 3294 3028 aqua
3339 2957 3534 3011 vinum

1913 3049 2108 3102 fecerit
2155 3049 2352 3116 (Joan.,
2383 3066 2436 3116 ιι,
2481 3049 2555 3117 ’7),
2583 3065 2683 3102 nos
2720 3049 2789 3103 de
2820 3049 2950 3104 vino
2978 3067 3187 3121 aquam
3236 3049 3532 3117 faciamus,

1912 3158 2040 3196 cum
2085 3148 2498 3196 sacramentum
2546 3158 2775 3213 quoque
2815 3144 2894 3197 rei
2936 3143 3083 3198 illius
3124 3144 3428 3198 admonere
3482 3148 3539 3198 et

1913 3235 2192 3290 instruere
2250 3252 2354 3290 nos
2421 3235 2626 3290 debeat
2677 3240 2737 3290 ut
2797 3237 2854 3290 in
2917 3237 3198 3292 sacrificiis
3229 3237 3537 3292 Dominicis

1911 3329 2104 3382 vinum
2121 3329 2309 3400 potius
2328 3328 2648 3382 offeramus.
2678 3329 2836 3398 Nam,
2854 3329 2988 3399 quia
3006 3330 3157 3400 apud
3179 3330 3400 3385 Judaaos
3421 3331 3533 3397 (27)

1552 3476 1761 3538 Variae
1819 3475 2155 3538 lectiones.

236 3607 286 3638 ⁶¹
317 3603 586 3654 Similiter
612 3605 749 3654 Lam.

179 3747 350 3797 docet
393 3747 493 3795 Lin.

834 3603 876 3636 θ’
903 3605 1008 3654 Hic
1035 3608 1117 3654 est
1150 3604 1293 3653 calix
1324 3603 1450 3653 novi
1480 3602 1804 3652 testamenti.
1838 3603 1976 3651 Lam.
2016 3604 2126 3651 Lin.
2159 3601 2310 3650 Ebor.

179 3677 308 3726 Bod.
353 3679 392 3726 t.
462 3677 503 3708 ⁸⁵
535 3676 777 3727 Calicem
805 3677 923 3738 pari
953 3675 1074 3724 Bod.
1108 3677 1153 3735 t,
1185 3675 1232 3730 2,
1258 3675 1306 3724 3.
1338 3676 1479 3723 Lam.
1521 3673 1671 3721 Ebor.
1714 3673 1805 3722 ΝΟ

1946 3672 1990 3720 2.
2028 3675 2137 3722 [δίη.

2393 3602 2435 3636 ⁸³
2466 3603 2825 3666 Prasclpiatur
2854 3599 2974 3650 Bod.
3002 3602 3048 3650 3.
3116 3602 3157 3635 ⁶⁴
3186 3599 3540 3652 Inveniemus

2226 3672 2269 3704 ⁸⁸
2308 3673 2426 3722 Non
2460 3677 2541 3723 est
2589 3674 2725 3720 Lam.
2766 3673 2889 3721 Bod.
2913 3675 2959 3719 2.
3028 3669 3070 3702 ⁵⁷
3098 3671 3299 3720 Beatus
3336 3672 3544 3721 Paulus

584 3745 626 3779 ⁸⁸
665 3746 1081 3796 Transferimini
1119 3745 1222 3794 ΝΟ.
1268 3747 1315 3794 2.
1385 3745 1426 3776 "
1458 3743 1637 3806 Quam
1685 3745 2024 3806 peroptimus
2065 3744 2218 3791 Oxon.
2289 3742 2329 3774 7"
2369 3744 2573 3794 Mixtus
2607 3745 2677 3792 sit
2716 3746 2944 3806 oportet.
2987 3742 3178 3804 Neque
3213 3742 3359 3792 enim
3401 3756 3544 3804 aqua

181 3822 302 3868 sola
336 3818 440 3866 Lin.
506 3817 544 3852 7'
572 3818 641 3868 Et
671 3823 856 3881 potato
887 3819 1024 3866 Lam.
1061 3815 1210 3866 Ebor.
1243 3817 1311 3865 Et
1336 3821 1465 3879 poto
1505 3817 1612 3866 Ver.
1645 3816 1822 3865 Bened.
1859 3815 2060 3864 Potens
2085 3816 2194 3863 Lin.
2229 3813 2396 3862 Potus
2422 3815 2751 3876 sanguinem
2777 3813 2883 3861 ΝΟ.
2913 3812 2959 3860 2.
2986 3811 3160 3873 Epoto
3193 3812 3347 3859 Oxon.

1482 3929 1705 4009 Steph.
1757 3928 1999 3990 Baluzii
2045 3932 2239 3990 notae.

242 4081 351 4138 (22)
384 4078 550 4128 Aliter
585 4079 878 4127 annuntiet.
908 4079 966 4126 In
1013 4077 1206 4128 codice
1253 4077 1615 4142 Seguieriano
1646 4078 1815 4140 scrip-

181 4155 302 4200 tum
337 4155 420 4199 est
449 4149 910 4214 wangelizavorit.

244 4222 346 4283 (:23)
377 4224 649 4285 Perquam.
681 4222 758 4269 Ita
789 4220 910 4270 istic
956 4225 1010 4270 et
1056 4221 1220 4284 paulo
1269 4224 1393 4283 post
1433 4220 1702 4283 scriptum
1735 4223 1815 4268 est

185 4294 237 4341 in
273 4292 580 4342 octodecim
621 4291 1032 4354 exemplaribus
1070 4293 1272 4340 nostris
1313 4295 1367 4340 et
1414 4291 1468 4339 in
1495 4303 1591 4339 sex
1626 4289 1813 4352 Angli-

183 4366 356 4414 canis.
387 4365 513 4425 Quo
559 4364 720 4412 etiam
764 4363 930 4412 modo
977 4364 1174 4428 legisse
1215 4363 1568 4412 Joachimum
1610 4361 1813 4410 Vedia-

183 4449 318 4484 num
350 4435 540 4484 videre
583 4438 666 4484 est
715 4435 770 4483 in
806 4434 946 4484 libro
989 4443 1024 4483 ιι
1069 4434 1528 4496 Aphorismorum
1576 4434 1694 4494 ejus
1745 4432 1813 4480 de

1916 4081 2032 4124 tum
2069 4079 2339 4138 estquam
2365 4075 2700 4138 peroptimus.
2741 4075 2907 4124 Porro
2951 4072 3100 4138 quod
3150 4073 3223 4138 ait
3272 4073 3544 4122 Pamelius

1916 4137 2267 4188 Remboltum
2317 4137 2500 4186 fuisse
2534 4137 2771 4200 primum
2827 4139 2922 4199 qui
2971 4137 3249 4197 scripserit
3285 4147 3542 4198 perquam

1913 4211 2156 4272 optimus,
2200 4207 2253 4257 id
2295 4211 2442 4258 certe
2493 4221 2687 4256 verum
2735 4219 2845 4254 non
2912 4209 3012 4254 est.
3071 4205 3205 4252 Nam
3256 4217 3319 4254 ea
3380 4205 3544 4254 lectio

1914 4279 2150 4329 habetur
2193 4280 2248 4327 in
2300 4279 2540 4328 editione
2597 4277 2839 4341 Spirensi
2895 4283 2948 4326 et
3003 4277 3057 4325 in
3109 4275 3277 4325 veteri
3315 4276 3543 4336 Veneta,

1914 4365 2040 4415 quas
2094 4351 2268 4400 multo
2315 4351 2657 4412 antiquiores
2698 4353 2825 4397 sunt
2875 4361 2937 4396 ea
2994 4361 3161 4411 quam
3220 4347 3545 4397 Remboltus

1915 4423 2111 4472 emisit.

184 4505 553 4555 Eucharistia.
580 4506 660 4554 Ita
691 4518 912 4568 quoque
942 4485 1148 4555 habent
1183 4505 1452 4554 editiones
1500 4485 1809 4552 Pameliana

1977 4495 2073 4568 (24)
2109 4493 2344 4568 Redigat.
2381 4489 2588 4568 Codex,
2613 4490 2982 4568 liuxensis‘et
3023 4502 3171 4568 unus
3194 4489 3546 4568 _Bodleian_us,

185 4578 544 4640 antiquiores.
578 4575 855 4625 Pamelius
885 4575 1070 4638 itaque
1096 4577 1342 4625 omnium
1387 4575 1597 4637 primus
1627 4573 1811 4636 posuit

186 4660 347 4709 quam
373 4647 713 4710 peroptimus,
741 4647 892 4696 aiens
919 4647 1218 4696 verisimile
1261 4659 1381 4696 esse
1425 4647 1569 4695 hanc
1614 4645 1811 4708 genui-

187 4731 314 4767 nam
342 4717 610 4780 Cypriani
634 4717 948 4767 lectionem.
983 4716 1090 4766 Sed
1117 4730 1218 4780 ego
1247 4721 1381 4780 puto
1421 4718 1575 4766 illum
1620 4717 1677 4764 in
1709 4715 1813 4764 hoc

188 4802 414 4839 errasse.
454 4789 714 4851 Perquam
761 4788 965 4838 etenim
1012 4787 1336 4838 adverbium
1390 4791 1473 4836 est
1517 4787 1665 4850 quod
1697 4800 1813 4836 em-

187 4861 372 4924 phasis
404 4871 573 4908 causa
595 4860 840 4922 praeponi
869 4859 1024 4920 solet,
1057 4863 1112 4908 et
1136 4873 1246 4922 quo
1273 4873 1410 4908 usus
1457 4863 1540 4910 est
1579 4857 1814 4920 Cypria-

188 4944 308 4990 nus,
338 4931 500 4994 epist.
537 4931 585 4990 3,
623 4943 742 4994 pag.
773 4930 804 4978 8
837 4945 847 4978 :
882 4948 910 4975 «
947 4931 1213 4992 l‘erquam
1258 4930 1407 4980 enim
1454 4942 1619 4994 grave
1655 4934 1756 4988 est,
1787 4945 1814 4974 ››

189 5008 243 5052 et
266 5004 319 5052 in
349 5002 586 5065 epistola
614 5003 694 5061 3i,
725 5015 845 5065 pag.
879 5002 940 5052 43
967 5017 976 5050 ;
1010 5019 1038 5049 ‹‹
1069 5003 1340 5066 Perquam
1372 5003 1521 5052 enim
1571 5000 1733 5049 nobis
1763 5003 1816 5050 et

188 5075 524 5123 invidiosum
549 5077 602 5122 et
631 5085 927 5122 onerosum
952 5072 1187 5130 videtur,
1216 5092 1244 5118 »
1274 5075 1440 5122 etiam
1482 5074 1534 5120 in
1575 5070 1816 5120 editione

189 5144 435 5194 Pamelii.
465 5143 534 5193 Et
559 5147 621 5191 ut
671 5141 922 5204 exempla
962 5155 1247 5192 sumamus
1273 5142 1340 5191 de
1387 5141 1640 5192 sinculari
1676 5142 1817 5190 litte—

190 5220 390 5270 ratura,
421 5214 619 5265 Cicero
657 5215 712 5262 in
759 5212 898 5262 libro
945 5227 980 5263 ιι
1031 5213 1098 5262 de
1150 5216 1371 5263 Oratore
1411 5214 1548 5262 dixit
1583 5228 1592 5260 :
1629 5213 1816 5261 «‘Per-

191 5299 354 5348 quam
385 5285 629 5349 optanda
659 5284 820 5333 nobis
861 5286 1096 5334 varietas
1139 5290 1192 5334 et
1240 5284 1582 5335 incredibilis
1615 5282 1705 5331 illa
1736 5283 1819 5330 vis

191 5356 413 5407 dicendi
457 5355 777 5406 Carneadis.
837 5373 865 5399 »
926 5355 1177 5404 Valerius
1226 5356 1515 5413 Maximus,
1570 5353 1664 5404 lib.
1720 5367 1816 5414 vn,

191 5439 305 5490 cap.
345 5431 373 5476 4
408 5444 416 5474 :
444 5444 473 5475 (ε
507 5427 774 5488 Perquam
799 5427 1006 5488 optimo
1037 5439 1238 5489 genere
1272 5427 1504 5475 consilii.
1539 5441 1566 5471 »
1599 5427 1660 5474 A.
1689 5423 1817 5474 Gel-

191 5497 318 5556 lius,
349 5498 445 5546 lib.
472 5512 508 5554 l,
555 5510 672 5558 cap.
700 5499 729 5545 4
756 5512 766 5544 :
797 5516 823 5540 «
855 5497 1128 5545 Antonius
1179 5497 1435 5546 Julianus
1483 5497 1665 5546 rhetor
1695 5509 1818 5558 per-

193 5582 358 5632 quam
390 5571 493 5618 fuit
522 5569 736 5617 honesti
768 5571 932 5631 atque
955 5570 1155 5618 amoeni
1189 5569 1458 5632 ingenii.»
1484 5568 1623 5616 Vide
1652 5568 1818 5617 etiam

197 5637 624 5698 Quintilianum,
653 5638 746 5687 lib.
776 5651 892 5699 vui,
918 5639 975 5688 iu
1003 5641 1277 5699 Prowmio,
1301 5644 1355 5688 et
1385 5652 1433 5688 e.
1465 5639 1512 5696 3,
1545 5642 1598 5687 et
1618 5637 1710 5686 lib.
1740 5649 1819 5694 ix,

197 5721 247 5759 c.
278 5712 321 5758 t.
352 5709 831 5760 Dissimulandum
861 5711 1079 5759 interim
1108 5724 1216 5760 non
1267 5715 1349 5759 est
1393 5723 1555 5758 usum
1584 5723 1671 5758 me
1697 5722 1819 5757 esse

196 5785 433 5846 quatuor
479 5779 888 5844 exemplaribus
935 5782 1177 5846 antiquis
1252 5782 1307 5830 in
1381 5779 1586 5844 quibus
1649 5779 1821 5841 scrip-

515 5869 792 5936 ΡΑΤιιοι..
836 5868 936 5932 IV.

1915 4567 2145 4614 reducat.
2178 4565 2332 4614 Unus
2361 4576 2518 4612 meus
2543 4565 2597 4612 et
2621 4561 3083 4619 Monasteriensis,
3133 4559 3206 4608 ad
3251 4559 3545 4621 spiritalem

1914 4650 2145 4686 amorem
2171 4636 2394 4696 redigat.

1976 4708 2074 4768 (23)
2120 4707 2331 4768 Sapore.
2374 4704 2601 4753 Diverse
2645 4701 2906 4751 scribitur
2952 4699 3044 4750 hic
3077 4700 3249 4749 locus.
3304 4699 3364 4746 In
3421 4697 3544 4746 edi—

1914 4777 2160 4826 tionibus
2205 4775 2516 4824 l’ameliana
2560 4772 2983 4836 antiquioribus,
3039 4771 3093 4818 in
3137 4783 3337 4820 novem
3390 4768 3545 4818 libris

1917 4849 2118 4896 nostris
2163 4845 2457 4903 veteribus,
2495 4845 2550 4892 in
2601 4844 2775 4892 tribus
2820 4843 3156 4906 Anglicanis,
3201 4843 3254 4890 in
3301 4839 3544 4890 Cumbe-

1917 4919 2137 4968 ronensi
2181 4929 2403 4980 quoque
2445 4929 2611 4978 quem
2654 4913 2841 4964 laudat
2887 4914 3182 4972 Pamelius,
3233 4912 3430 4973 legitur
3465 4925 3546 4958 so-

1915 5003 2056 5052 pore.
2084 4992 2152 5037 At
2186 5001 2374 5050 sapore
2411 4988 2709 5049 prasterth
2753 4986 2857 5035 alia
2903 4998 3100 5033 novem
3149 4987 3333 5032 vetera
3365 4995 3550 5031 exem-

1918 5062 2088 5125 plaria
2119 5065 2304 5110 nostra
2334 5063 2385 5108 et
2433 5058 2543 5107 duo
2585 5057 2806 5107 laudata
2851 5073 2880 5106 a
2927 5057 3186 5107 Pamelio.
3226 5057 3547 5106 Dubitatum

1919 5137 2102 5182 autem
2130 5133 2302 5180 fuisse
2348 5129 2478 5178 olim
2529 5142 2771 5192 quonam
2815 5129 2980 5178 modo
3015 5127 3366 5178 scribendum
3407 5134 3552 5176 esset

1919 5205 2106 5267 colligi
2152 5203 2367 5253 videtur
2403 5215 2471 5251 ex
2515 5214 2628 5250 uno
2682 5201 2822 5249 libro
2889 5214 3013 5249 meo
3080 5205 3284 5261 vetere,
3335 5201 3387 5248 in
3441 5213 3552 5262 quo

1921 5276 2186 5336 scriptum
2242 5278 2322 5322 est
2377 5286 2562 5335 sepore
2619 5276 2670 5320 et
2719 5285 2881 5335 supra
2938 5271 3140 5319 lineam
3196 5270 3275 5318 vel
3344 5282 3552 5330 sapore.

1922 5347 2170 5396 Prietulit
2205 5349 2388 5395 autem
2419 5344 2696 5393 Pamelius
2725 5357 2912 5405 sapere
2963 5355 3030 5392 ex
3073 5343 3391 5403 conjectura
3424 5340 3556 5388 olim

1922 5434 2042 5479 sua,
2098 5432 2263 5481 quam
2309 5416 2530 5479 gavisus
2591 5421 2674 5464 est
2724 5415 3003 5464 invenisse
3068 5426 3126 5461 se
3173 5413 3556 5460 conﬁrmatam

1923 5491 2250 5539 auctoritate
2277 5488 2532 5538 codicum
2563 5486 2972 5548 Affligemensis
2999 5491 3051 5534 et
3079 5483 3441 5533 Coloniensis.

1985 5561 2082 5621 (26)
2118 5561 2437 5608 Dominimm
2478 5562 2646 5607 (citent
2691 5560 2976 5606 veritatem.
3033 5553 3221 5603 Codex
3271 5553 3561 5604 Fuxensis.

1929 5633 2203 5681 Dominico.
2234 5635 2404 5680 mente
2436 5636 2604 5679 teneat
2632 5630 2921 5677 veritatem.

1987 5705 2084 5764 (27)
2137 5704 2290 5766 Apud
2339 5703 2561 5752 Judaros.
2638 5701 2741 5749 Ista
2801 5712 2926 5762 quin
2998 5696 3182 5744 statim
3261 5696 3574 5766 sequuntur

1926 5763 2106 5841 usque
2138 5763 2206 5824 ad
2240 5774 2302 5826 de
2343 5789 2489 5841 aqua
2540 5771 2714 5821 rinam
2761 5769 2957 5818 desunt
3007 5768 3062 5814 in
3121 5766 3260 5814 libro
3307 5763 3584 5812 Beocensi

3189 5861 3261 5916 i3
