3978 6194
467 206 568 256 395

1380 199 1435 251 S.
1476 197 1790 252 CYI’RIANI
1828 195 2102 252 OPERUM
2144 197 2313 251 PARS
2351 199 2389 251 l.
2424 227 2490 236 —
2529 197 2891 252 EPISTULA'J.

3696 202 3784 254 396

467 329 755 381 defecerat
787 325 969 395 gratia
1011 322 1309 394 spiritalis,
1347 322 1550 376 defecit
1586 327 1642 376 et
1668 322 1860 376 vinum
1897 344 1908 377 :
1934 323 2093 377 vinea
2116 337 2173 406 Α
2193 323 2393 377 Christi
2423 323 2619 394 incipit
2657 339 2778 378 esse
2807 323 2927 376 sine
2956 321 3118 375 nobis
3155 322 3238 374 :si
3266 337 3388 375 vero
3409 339 3550 394 aqua
3575 326 3640 377 sit
3660 329 3783 394 sola,

469 422 621 475 enim
651 417 873 472 Domini
915 416 1147 470 sahaoth
1175 416 1377 470 domus
1394 420 1515 469 erat
1553 416 1717 469 Israel
1741 419 1895 484 (lsu.,
1916 433 1968 484 v,
2016 416 2089 485 7).

469 515 721 570 Christus
759 513 974 571 autem,
1020 509 1229 562 docens
1264 515 1320 562 ct
1358 508 1663 562 ostendens
1703 511 1958 577 gentium
2001 527 2095 579 po-

467 607 668 678 pulum
708 603 1030 669 succedere,
1064 606 1122 656 et
1166 602 1436 656 inlocum
1478 618 1648 671 quem
1695 602 1875 655 Judaei
1913 603 2094 672 perdi-

469 699 674 752 derant
700 713 802 750 nos
840 695 1208 766 postmodum
1260 695 1464 748 merito
1492 694 1625 747 tidei
1677 695 1995 763 pervenire,
2026 695 2092 749 de

472 807 622 862 aqua
659 791 852 844 vinum
892 788 1044 854 fecit,
1087 787 1146 840 id
1182 791 1284 848 est,
1310 787 1460 857 quod
1513 787 1580 840 ad
1607 787 1834 858 nuptias
1885 788 2092 842 Christi

468 891 524 938 et
554 882 832 949 Ecclesias,
872 880 1080 934 Judaeis
1115 880 1484 946 cessantibus,
1523 879 1676 949 plebs
1725 880 1910 950 magis
1950 896 2088 950 gen-

469 981 612 1034 tium
631 979 944 1033 conﬂueret
963 983 1017 1032 et
1043 977 1374 1031 conveniret
1409 976 1675 1031 ostendit.
1707 979 1894 1046 Aquas
1928 994 2089 1030 nani-

468 1089 578 1144 que
622 1072 859 1142 populos
901 1069 1219 1140 signiﬁcare
1251 1071 1296 1103 ⁷⁹
1336 1071 1392 1123 in
1436 1070 1765 1140 Apocalypsi
1807 1069 2091 1141 Scriptura

468 1167 658 1219 divina
711 1164 961 1218 declarat
994 1162 1183 1216 dicens
1231 1180 1242 1216 :

467 1274 602 1328 quas
630 1258 774 1312 sedet
804 1258 1055 1310 meretrix
1079 1256 1197 1317 illa,
1220 1257 1412 1325 populi
1430 1261 1480 1310 et
1512 1258 1682 1310 turbae
1704 1257 1811 1326 (28)
1843 1262 1893 1310 et
1913 1262 2089 1325 gentes

464 1353 791 1405 ethnicorum
840 1354 964 1402 sunt
1013 1354 1062 1402 et
1119 1349 1549 1417 linguae(Apoc.,
1602 1365 1730 1410 xvu,
1769 1349 1874 1418 l5).
1928 1349 2086 1412 Quod

466 1443 676 1497 scilicet
709 1441 1077 1512 perspicimus
1107 1445 1162 1493 et
1205 1441 1262 1493 in
1304 1447 1659 1496 sacramento
1691 1440 1878 1495 calicis
1917 1441 2089 1496 conti-

464 1535 605 1590 neri.
675 1537 680 1542 ’

532 1629 664 1681 ΧΙΙι.
715 1628 874 1693 Nam,
924 1627 1059 1696 quia
1113 1643 1216 1680 nos
1266 1643 1462 1681 omnes
1495 1627 1756 1698 portabat
1799 1628 2083 1695 Christus,

1291 1165 1462 1231 Aquae
1493 1176 1628 1232 quas
1675 1163 1883 1225 vidisti,
1932 1179 2091 1232 super
2143 1217 2145 1219 ,

2194 416 2352 486 plebs
2420 417 2617 487 incipit
2677 433 2796 477 esse
2863 416 2981 469 sine
3035 414 3272 470 Christo.
3345 415 3570 478 Quando
3618 423 3784 474 autem

2196 515 2501 580 utrumque
2539 510 2810 563 miscetur
2834 514 2888 562 et
2929 508 3280 562 adunatione
3320 510 3544 564 confusa
3574 511 3670 564 sibi
3717 513 3786 567 in-

2194 602 2370 656 vicem
2422 603 2756 672 copulatur,
2809 607 2942 656 tunc
2987 607 3404 656 sacramentum
3458 604 3692 672 spiritale
3738 612 3786 660 et

2193 695 2412 749 cmleste
2457 696 2746 766 perficitur
2777 696 2904 763 (35).
2959 695 3050 749 Sic
3085 711 3216 749 vero
3257 694 3398 750 calix
3434 695 3644 750 Domini
3684 716 3783 753 non

2194 791 2275 843 est
2307 806 2453 859 aqua
2484 790 2602 843 sola
2631 794 2728 842 aut
2773 789 2966 842 vinum
2996 789 3200 854 solum,
3233 788 3338 841 nisi
3374 795 3662 860 utrumque
3692 792 3786 845 sibi

2193 883 2515 949 misceatur,
2545 881 2836 952 quomodo
2863 897 2966 936 nec
2994 898 3199 952 corpus
3228 881 3450 935 Domini
3479 887 3652 952 potest
3681 901 3785 940 esse

2191 975 2373 1029 farina
2404 976 2525 1029 sola
2557 978 2655 1028 aut
2683 991 2829 1046 aqua
2861 975 2998 1041 sola,
3028 974 3137 1028 nisi
3161 978 3461 1045 utrumque
3493 975 3781 1031 adunatum

2190 1068 2363 1121 fuerit
2397 1073 2454 1121 et
2491 1069 2822 1138 copulatum
2869 1071 2926 1123 et
2966 1068 3123 1138 panis
3153 1067 3325 1121 unius
3361 1084 3626 1139 compage
3666 1070 3781 1123 soli-

2192 1160 2418 1214 datum.
2476 1161 2598 1224 Quo
2650 1167 2706 1215 et
2757 1161 2877 1232 ipso
2933 1165 3284 1215 sacramento
3337 1161 3570 1230 populus
3616 1168 3784 1216 noster

2191 1254 2502 1308 ostenditur
2567 1254 2881 1322 adunatus;
2954 1259 3032 1320 ut,
3094 1253 3569 1324 quemadmodum
3625 1271 3781 1325 grana

2191 1347 2367 1399 multa
2417 1347 2518 1415 (36)
2545 1347 2602 1400 in
2657 1363 2834 1400 unum
2879 1347 3113 1402 collecta
3156 1353 3211 1401 et
3248 1347 3574 1400 commolita
3595 1347 3695 1416 (37)
3735 1352 3782 1400 et

2191 1439 2490 1492 commista
2523 1456 2726 1509 panem
2773 1456 2950 1494 unum
2978 1439 3218 1507 faciunt,
3253 1439 3332 1493 sic
3370 1439 3426 1492 in
3452 1439 3782 1511 Christo,qui

2189 1537 2274 1586 est
2303 1532 2462 1603 panis
2507 1532 2764 1599 caelestis,
2805 1549 2982 1586 unum
3021 1532 3264 1586 sciamus
3310 1548 3430 1587 esse
3457 1549 3665 1604 corpus,
3702 1534 3781 1588 cui

2188 1626 2523 1696 conjunctus
2545 1625 2616 1679 sit
2640 1627 2836 1680 noster
2865 1641 3136 1680 numerus
3150 1629 3206 1680 et
3231 1625 3532 1680 adunatus.

464 1720 564 1792 qui
589 1724 647 1774 et
674 1723 898 1790 peccata
918 1725 1109 1774 nostra
1132 1719 1407 1789 portabat,
1434 1720 1689 1776 videmus
1716 1719 1773 1774 in
1805 1738 1953 1792 aqua
1978 1721 2083 1792 (29)
2108 1699 2163 1768 B
2258 1719 2386 1772 XIV.
2424 1719 2548 1772 Non
2595 1724 2678 1773 est
2717 1735 2872 1789 ergo,
2924 1719 3101 1774 frater
3137 1719 3488 1788 charissime,
3525 1719 3665 1790 quod
3700 1719 3784 1773 ali-

464 1815 736 1886 populum
772 1813 1040 1882 intelligi,
1096 1813 1153 1866 in
1179 1813 1309 1867 vino
1349 1829 1481 1867 vero
1514 1814 1734 1868 ostendi
1761 1815 1807 1848 ⁷³
1857 1815 2085 1886 sangui-

463 1923 598 1961 nem
612 1906 838 1962 Christi.
862 1904 1054 1978 384
1086 1906 1320 1968 Quando
1333 1911 1520 1960 autem
1539 1907 1596 1960 in
1613 1906 1782 1961 calice
1799 1907 1930 1962 vino
1945 1924 2090 1979 aqua

459 2000 747 2065 miscetur,
776 2000 996 2056 Christo
1027 2000 1269 2069 populus
1303 1999 1604 2068 adunatur,
1644 2005 1702 2054 et
1731 2000 2090 2055 credentium

461 2094 622 2165 plebs
649 2093 758 2163 (30)
790 2093 838 2146 ei
879 2094 936 2146 in
966 2108 1138 2163 quem
1174 2092 1417 2146 credidit
1456 2094 1750 2164 copulatur
1775 2100 1829 2148 et
1855 2095 2091 2166 conjun-

463 2189 636 2259 gitur.
673 2186 810 2250 Quae
831 2187 1114 2256 copulatio
1146 2189 1203 2239 et
1233 2185 1558 2255 conjunctio
1597 2203 1760 2257 aquae
1792 2194 1846 2241 et
1879 2188 1991 2242 vini
2013 2190 2089 2242 sic

459 2283 732 2335 miscetur
775 2281 833 2333 in
877 2279 1044 2333 calice
1091 2279 1316 2334 Domini
1359 2285 1418 2334 ut
1469 2280 1794 2334 commistio
1851 2282 1956 2352 (31)
1993 2282 2090 2336 illa

461 2390 579 2428 non
609 2373 785 2444 possit
814 2373 882 2426 ab
913 2373 1154 2426 invicem
1176 2373 1446 2443 separari.
1495 2373 1651 2428 Unde
1681 2377 1738 2428 et
1764 2374 2086 2442 Ecclesiam,

457 2467 518 2520 id
553 2471 639 2527 est
671 2466 897 2536 plebem
937 2466 994 2518 in
1037 2466 1282 2520 Ecclesia
1321 2466 1712 2533 constitutam,
1760 2468 1999 2522 fideliter
2033 2472 2090 2522 et

458 2560 697 2614 ﬁrmiter
727 2559 782 2612 in
823 2575 889 2612 eo
930 2560 1079 2628 quod
1117 2558 1354 2612 credidit
1397 2565 1876 2629 perseverantem,
1930 2561 2086 2615 nulla

460 2669 552 2707 res
605 2668 870 2724 separare
915 2652 1125 2722 poterit
1178 2669 1210 2704 a
1260 2653 1484 2707 Christo
1525 2652 1830 2724 quominus
1875 2654 2089 2708 hmreat

459 2762 688 2816 semper
712 2751 768 2799 et
794 2749 1028 2799 maneat
1055 2745 1346 2799 individua
1373 2745 1599 2800 dilectio
1628 2746 1758 2817 (32).
1786 2747 1872 2802 Sic
1895 2751 2088 2802 autem

435 2839 519 2915 (in
552 2839 954 2894 sanctiﬁcando
998 2838 1107 2909 (33)
1149 2839 1318 2893 calice
1350 2839 1397 2872 ⁷⁸
1438 2838 1663 2894 Domini
1703 2839 1889 2895 offerri
1943 2857 2088 2912 aqua

457 2931 578 2988 sola
597 2949 711 2988 non
737 2935 949 3004 potest,
977 2933 1264 3002 quomodo
1295 2920 1397 2987 nec
1436 2932 1635 2987 vinum
1667 2934 1851 2987 solum
1884 2937 2083 3004 potest.

365 3025 368 3028 ’
459 3028 619 3094 Nam,
658 3027 704 3082 si
748 3027 941 3081 vinum
989 3026 1096 3095 (34)
1133 3029 1362 3080 tantum
1405 3026 1530 3096 quis
1577 3025 1795 3095 offerat,
1849 3027 2086 3097 sanguis

2192 1813 2319 1883 quis
2344 1811 2631 1867 existimet
2662 1811 3005 1883 sequendam
3035 1829 3153 1867 esse
3176 1812 3555 1884 quorumdam
3581 1829 3786 1867 consue-

2192 1907 2471 1966 tudinem.
2504 1906 2548 1959 si
2582 1905 2679 1976 qui
2720 1906 2778 1959 in
2816 1906 3167 1976 praeteritum
3197 1905 3252 1960 in
3295 1905 3467 1961 calice
3515 1905 3784 1962 Dominico

2191 2015 2402 2070 aquam
2452 1999 2630 2053 solam
2659 1998 3007 2054 offerendam
3033 2004 3393 2070 putaverunt.
3425 1999 3782 2064 Quaerendum

2193 2095 2276 2146 est
2301 2091 2452 2147 enim
2484 2091 2588 2162 ipsi
2621 2089 2812 2164 385
2869 2109 3039 2163 quem
3082 2092 3192 2146 sint
3232 2092 3430 2147 secuti.
3463 2093 3619 2158 Nam,
3663 2092 3702 2146 si
3736 2092 3785 2146 in

2191 2185 2466 2240 sacriﬁcio
2512 2186 2659 2256 quod
2699 2185 2948 2240 Christus
2989 2185 3212 2254 obtulit,
3253 2202 3369 2240 non
3410 2185 3514 2239 nisi
3559 2185 3785 2240 Christus

2191 2279 2514 2350 sequendus
2568 2282 2672 2343 est,
2706 2279 2903 2349 utique
2956 2279 3009 2333 id
3060 2296 3162 2334 nos
3215 2279 3490 2334 obaudire
3528 2284 3582 2332 et
3623 2279 3786 2332 facere

2191 2375 2416 2443 oportet
2442 2372 2589 2442 quod
2619 2371 2877 2426 Christus
2915 2372 3045 2427 fecit
3074 2376 3129 2426 et
3154 2373 3303 2444 quod
3337 2371 3650 2427 faciendum
3682 2387 3785 2425 esse

2189 2466 2493 2532 mandavit,
2528 2465 2753 2536 quando
2782 2466 2903 2536 ipse
2933 2465 2994 2519 in
3025 2466 3337 2537 Evangelia
3365 2465 3512 2520 dicat
3546 2482 3558 2520 :
3591 2465 3648 2520 Si
3671 2467 3786 2532 fece-

2188 2562 2312 2613 ritis
2345 2559 2490 2628 quod
2530 2559 2726 2613 mando
2766 2559 2931 2620 vobis,
2967 2558 3089 2627 jam
3117 2575 3223 2614 non
3264 2560 3384 2614 dico
3431 2560 3478 2593 ⁷⁵
3505 2574 3590 2614 vos
3609 2573 3782 2625 servos,

2186 2653 2277 2707 sed
2320 2654 2514 2706 amicos
2560 2652 2765 2722 (Joand
2818 2668 2908 2718 xv,
2967 2653 3050 2718 14,
3121 2653 3231 2722 25).
3263 2653 3332 2707 Et
3369 2651 3522 2723 quod
3559 2651 3785 2707 Christus

2189 2746 2393 2800 debeat
2422 2746 2570 2799 solus
2594 2744 2799 2813 audiri,
2827 2747 2990 2800 Pater
3012 2745 3183 2800 etiam
3205 2746 3274 2799 de
3295 2746 3433 2800 cmlo
3461 2747 3786 2800 contestatur

2188 2840 2380 2894 dicens
2413 2861 2422 2890 :
2459 2841 2557 2893 llic
2602 2845 2677 2893 est
2723 2839 2892 2893 Filius
2924 2853 3072 2894 meus
3113 2839 3496 2894 dilectissimus
3528 2839 3573 2872 ⁷⁸
3613 2840 3667 2892 in
3693 2851 3784 2907 quo

2189 2933 2313 2988 bene
2354 2934 2513 2994 sensi,
2554 2933 2730 3000 ipsum
2754 2931 2944 2987 audite
2978 2932 3220 3002 (Matth,
3249 2949 3386 3001 xvu,
3431 2933 3501 3004 5).
3529 2933 3718 3001 Quare,
3743 2929 3784 2983 si

2188 3026 2336 3080 solus
2378 3023 2629 3080 Christus
2687 3024 2797 3094 (38)
2850 3025 3165 3081 audiendus
3210 3031 3327 3097 est,
3380 3042 3492 3082 non
3535 3025 3784 3081 debemus

1837 3153 2046 3218 Varias
2100 3153 2443 3216 lectiones.

520 3263 562 3298 7'
583 3265 818 3328 Aquis...
851 3262 1165 3327 Signiﬁcari
1190 3263 1296 3313 ΝΟ.
1324 3264 1370 3312 2.

459 3335 565 3385 ΝΟ.
592 3336 637 3385 2.
670 3333 822 3384 Ebor.

1457 3264 1497 3297 73
1521 3266 1770 3318 Ostendit
1796 3269 1987 3330 Rigalt.

921 3333 962 3365 ⁷⁸
992 3333 1243 3385 Dilectus
1272 3334 1394 3383 Bod.
1431 3335 1477 3384 2.
1513 3336 1664 3386 Ebor.
1696 3339 1803 3388 ΝΟ.
1836 3342 1880 3400 1,
1911 3338 1956 3386 Ξο

2079 3266 2119 3300 ⁷⁴
2149 3266 2392 3318 Calicem
2421 3268 2531 3318 Lin.
2563 3267 2671 3317 ΝΟ.
2707 3269 2752 3327 1,
2785 3267 2832 3317 2.

2922 3267 2963 3301 ⁷⁵
2993 3269 3114 3318 Non
3144 3266 3328 3319 dicam
3358 3269 3496 3318 Lam.
3528 3266 3648 3317 Bod.
3673 3269 3714 3328 t,
3741 3266 3781 3315 2.

1732 3437 1952 3518 Steph.
2027 3436 2274 3499 Baluzii
2332 3444 2528 3501 notas.

457 3547 511 3634 et
536 3545 597 3634 in
627 3555 817 3634 eorum
848 3542 970 3634 1030
1011 3542 1110 3634 ista
1145 3544 1320 3634 posita
1350 3549 1481 3634 sunt
1518 3561 1530 3627 ξ
1558 3562 1585 3594 α
1613 3548 1746 3634 illam
1777 3559 1902 3610 qua:
1937 3545 2082 3628 apud
2105 3563 2158 3634 Ο
2185 3550 2424 3634 quatuor
2455 3547 2577 3596 libri
2606 3551 2834 3609 veteres,
2884 3547 2941 3630 in
2986 3547 3167 3634 divina
3201 3547 3493 3629 dilectione.

457 3614 682 3664 Judazos
726 3611 1097 3662 offerebantur
1129 3614 1473 3676 spiritualem
1517 3618 1861 3668 intellectum
1911 3617 2079 3682 signi-

456 3685 714 3735 ﬁcabant.
775 3682 912 3744 Quae
968 3683 1147 3733 Judaei
1215 3685 1270 3733 in
1330 3687 1498 3736 veteri
1566 3691 1894 3739 testamento
1947 3686 2080 3738 offe-

456 3756 668 3815 rebant,
722 3755 908 3802 omnia
936 3767 1088 3803 nunc
1129 3755 1401 3818 completa
1438 3761 1584 3819 sunt,
1618 3761 1750 3823 quia
1789 3759 1878 3809 lex
1919 3764 2080 3809 vetus

455 3827 652 3876 umbra
684 3825 803 3874 fuit.
838 3825 1197 3874 Postmodum
1241 3827 1516 3880 Dominus
1557 3831 1612 3878 in
1635 3831 1854 3881 Novum
1880 3831 2080 3880 Testa-

455 3901 705 3946 mentum
736 3897 792 3945 in
822 3894 971 3945 Cana
1002 3895 1248 3946 Galilteie
1279 3910 1462 3949 coram
1493 3900 1702 3951 Judmis
1749 3901 1818 3952 de
1859 3915 2023 3965 aqua,
2049 3916 2078 3948 ››

459 3970 562 4018 etc.

519 4038 620 4100 (28)
655 4039 716 4086 Et
752 4036 930 4085 turbae.
983 4037 1093 4088 Ista
1144 4052 1256 4088 non
1306 4039 1583 4091 habentur
1634 4044 1690 4092 in
1738 4043 1919 4106 capite
1958 4055 2079 4094 xvu

455 4107 838 4171 Apocalypsis.
897 4107 1060 4157 Porro
1105 4122 1203 4172 pro
1258 4117 1302 4158 et
1365 4111 1528 4161 turbas
1577 4113 1752 4164 codex
1788 4114 2080 4164 Remensis

456 4181 634 4229 sancti
657 4180 910 4242 Dionysii
939 4179 1107 4230 habet
1131 4187 1177 4229 et
1207 4182 1391 4231 tribus.

522 4252 618 4313 (29)
680 4252 921 4300 Videmus
983 4253 1032 4300 in
1094 4265 1256 4314 aqua.
1317 4255 1452 4304 Haec
1505 4257 1692 4317 verba,
1751 4271 1878 4321 quas
1925 4261 2077 4307 certo

456 4336 570 4370 non
607 4326 738 4370 sunt
776 4323 912 4371 Julii
952 4323 1130 4386 Papm,
1163 4337 1231 4373 ex
1278 4324 1427 4374 Julio
1472 4330 1656 4376 tamen
1694 4330 1857 4378 refert
1893 4328 2078 4390 Euge-

453 4394 581 4443 nius
613 4393 687 4442 IV
717 4394 773 4442 in
801 4393 1126 4456 Confessione
1146 4396 1306 4446 missa
1335 4398 1407 4446 ad
1451 4401 1702 4448 Armenes
1737 4399 1884 4462 apud
1925 4399 2078 4450 Odo-

454 4466 628 4513 ricum
676 4464 1021 4526 Raynaldum
1057 4480 1142 4514 an.
1184 4467 1322 4526 1439,
1353 4467 1387 4530 §
1430 4468 1505 4516 l5.
1545 4471 1617 4517 At
1648 4469 1878 4532 Regino,
1911 4469 2005 4519 lib.
2037 4484 2074 4531 ι,

455 4547 576 4597 cap.
598 4535 677 4595 66,
711 4535 842 4584 citat
865 4549 931 4584 ex
962 4537 1197 4586 concilio
1242 4537 1664 4596 Wormaciensi,
1704 4552 1821 4603 cap.
1871 4540 1950 4599 29,
1981 4540 2078 4591 ubi

455 4609 634 4655 exstat
659 4607 714 4654 in
741 4619 952 4656 canone
981 4611 1177 4670 quarto
1222 4608 1279 4656 in
1319 4608 1656 4659 editionibus
1681 4608 2072 4661 Conciliorum.

454 4676 596 4727 Vide
621 4681 778 4726 notas
805 4676 872 4726 ad
902 4678 1262 4741 Reginonem,
1291 4693 1413 4743 pag.
1444 4681 1551 4730 550.

517 4747 612 4808 (30)
645 4748 979 4797 Credentium
1025 4749 1183 4811 plebs.
1208 4750 1424 4800 .Codex
1453 4751 1811 4810 Veronensis,
1853 4752 2077 4802 creden—

453 4817 582 4866 tium
608 4817 745 4880 plebi
769 4818 1017 4881 sanguini
1049 4820 1164 4881 ejus
1196 4821 1252 4868 in
1282 4833 1430 4883 quem
1475 4821 1695 4871 credidit
1724 4822 2006 4885 copulatur
2025 4827 2076 4871 et

452 4901 565 4951 con]
574 4889 811 4950 ungitur.

2184 3617 2376 3667 melior
2405 3622 2489 3667 est
2513 3631 2679 3681 quam
2705 3631 2806 3681 ego
2842 3617 3063 3667 retinui.
3091 3618 3227 3668 Nam
3274 3623 3331 3668 et
3375 3619 3430 3667 in
3474 3617 3693 3682 epistola
3714 3616 3783 3676 57,

2180 3701 2302 3750 pag.
2337 3687 2400 3737 96
2449 3703 2460 3735 :
2509 3706 2536 3732 α
2587 3689 2904 3739 Perseveret
2955 3688 3098 3752 apud
3147 3689 3452 3738 Dominum
3486 3692 3663 3738 nostra
3705 3687 3783 3735 di-

2180 3759 2360 3808 lectio.
2395 3775 2423 3806 »

2242 3830 2336 3891 (33)
2363 3830 2766 3892 Sanctiﬁcando.
2811 3832 2934 3880 Duo
2982 3831 3106 3882 libri
3145 3831 3321 3881 nostri
3356 3835 3568 3882 veteres
3612 3834 3662 3879 et
3687 3827 3783 3881 duo

2182 3901 2474 3964 Anglicani
2505 3902 2804 3964 praeferunt
2826 3902 3194 3965 sacriﬁcando.

2243 3972 2342 4032 (δι)
2372 3973 2503 4022 Nam
2547 3972 2592 4020 si
2630 3973 2828 4021 vinum.
2860 3974 2998 4022 Puto
3043 3972 3410 4024 Paschasium
3449 3971 3780 4027 Radbertum,

2180 4054 2309 4092 cum
2357 4055 2421 4092 eo
2459 4043 2581 4093 loco
2624 4047 2886 4104 uteretur,
2939 4043 3202 4107 Cypriani
3242 4045 3415 4095 verba
3468 4048 3700 4094 mutasse
3734 4044 3785 4088 ut

2179 4111 2272 4161 illa
2306 4113 2508 4163 faceret
2561 4126 2678 4162 sua.
2712 4113 2804 4164 Sic
2843 4115 2990 4164 enim
3028 4116 3211 4177 posuit
3261 4117 3319 4164 in
3369 4116 3548 4179 capite
3589 4116 3636 4163 ll
3675 4111 3781 4161 libri

2179 4183 2241 4231 de
2303 4184 2530 4245 Corpore
2573 4189 2620 4231 et
2663 4184 2926 4246 Sanguine
2975 4186 3190 4234 Domini
3231 4201 3242 4234 :
3277 4204 3306 4233 «
3343 4187 3480 4236 Nam
3522 4186 3566 4234 si
3615 4185 3783 4233 vinum

2179 4255 2297 4304 sine
2362 4269 2505 4318 aqua
2565 4255 2846 4313 offeratur,
2905 4257 3130 4320 sanguis
3182 4255 3393 4307 Christi
3440 4257 3625 4318 incipit
3677 4265 3782 4303 esse

2179 4329 2298 4378 sine
2326 4328 2502 4377 nobis.
2545 4328 2601 4378 Si
2647 4332 2832 4379 autem
2876 4342 3020 4391 aqua
3055 4329 3192 4388 sola,
3235 4331 3352 4392 jam
3400 4328 3554 4392 plebs
3593 4325 3783 4376 videtur

2179 4411 2298 4448 esse
2328 4400 2448 4449 sine
2479 4398 2713 4449 Christo.
2743 4399 2981 4460 Quando
3007 4404 3192 4451 autem
3219 4404 3522 4463 utrumque
3541 4399 3783 4448 miscetur

2179 4475 2233 4520 et
2261 4472 2635 4534 conjungitur,
2673 4475 2807 4521 tunc
2836 4476 2984 4521 recte
3020 4471 3347 4534 mysterium
3377 4471 3636 4521 Ecclesiaa
3685 4467 3781 4530 spi-

2180 4543 2406 4591 ritaliter
2432 4540 2734 4604 perficitur.
2767 4557 2794 4589 ›>

2241 4614 2337 4673 (35)
2395 4612 2602 4662 Caeleste
2648 4613 2929 4676 perﬁcitur.
3009 4613 3243 4677 Reliqua
3325 4614 3483 4664 istius
3558 4608 3783 4674 epistolae

2176 4685 2448 4750 descripta
2475 4700 2586 4736 non
2617 4692 2746 4736 sunt
2781 4689 2835 4736 in
2867 4687 3007 4737 libro
3037 4688 3312 4738 Beccensi.

2239 4757 2338 4816 (36)
2365 4758 2546 4806 Grana
2569 4757 2750 4806 multa.
2784 4758 2950 4818 Infra,
2981 4758 3138 4820 epist.
3177 4759 3256 4818 76,
3291 4772 3413 4822 pag.
3443 4756 3533 4808 153
3565 4771 3574 4803 :
3604 4769 3632 4803 α
3661 4753 3782 4822 Nam

2176 4826 2398 4890 quando
2428 4829 2698 4878 Dominus
2723 4841 2924 4892 corpus
2943 4842 3109 4878 suum
3139 4842 3339 4892 panem
3371 4821 3533 4879 vocat
3560 4825 3626 4876 de
3658 4821 3782 4872 mul-

2177 4903 2358 4948 torum
2392 4913 2688 4962 granorum
2719 4900 3055 4949 adunatione
3086 4904 3434 4963 congestum.
3467 4917 3493 4944 ››

519 4941 611 5022 (31)
649 4941 710 5008 ῙΙε
767 4959 1071 5033 commissio.
1102 4961 1186 5033 “in
1239 4960 1431 5013 codice
1487 4963 1752 5013 Beccensi
1805 4965 2074 5028 scriptum
2095 4941 2153 5013 Ῑ)
2181 4941 3601 5033 "(57713EJJJJEJﬁéé'iésﬁﬁiiﬁ"é;ée}piis
3636 4962 3783 5022 Flori,

451 5036 552 5091 est,
580 5047 608 5074 «
639 5033 698 5079 ut
739 5031 1053 5080 commistio
1096 5030 1189 5079 illa
1235 5044 1349 5080 non
1400 5033 1469 5083 ab
1511 5034 1752 5085 invicem
1792 5040 2076 5099 separetur

451 5107 505 5150 et
526 5103 710 5150 unitas
757 5101 1096 5165 intelligatur
1139 5101 1426 5165 Ecclesia,
1473 5105 1528 5154 id
1564 5111 1648 5156 est
1676 5107 1853 5170 plebis
1884 5109 1938 5157 in
1966 5109 2073 5160 Ec-

450 5173 971 5246 cles_ia__constituta,
1011 5173 1057 5220 si
1097 5171 1333 5246 ﬁdeliter
1375 5180 1429 5227 et
1460 5177 1691 5229 firmiter
1725 5183 1779 5229 in
1827 5194 1893 5231 eo
1924 5182 2072 5246 quod

445 5240 681 5315 credidit
719 5243 1170 5304 perseveraverit,
1219 5258 1387 5308 quam
1463 5248 1615 5298 nulla
1671 5263 1759 5300 res
1819 5240 2072 5315 separare

445 5314 652 5386 poterit
665 5317 727 5362 ut
750 5327 853 5386 nec
891 5327 957 5386 ex
985 5327 1052 5364 eo
1077 5315 1226 5379 quod
1251 5319 1438 5368 minus
1463 5322 1581 5370 erat
1603 5334 1820 5386 semper
1853 5314 2072 5374 maneat

444 5382 732 5432 individua
762 5383 1080 5434 dilectione.
1114 5402 1143 5432 »

509 5453 604 5529 (32)
641 5455 934 5529 lndividua
978 5455 1199 5508 dilectio.
1256 5459 1416 5511 Hanc
1454 5461 1766 5524 lectionem,
1820 5479 1946 5529 quas
1989 5470 2072 5516 est

445 5525 671 5586 optima,
701 5527 874 5589 reperi
925 5528 980 5575 in
1025 5529 1446 5590 quatuordecim
1493 5533 1648 5584 libris
1695 5525 1972 5585 veteribus
2017 5540 2071 5585 et

443 5593 505 5668 in
519 5595 780 5668 editione
816 5597 1064 5659 Pamelii,
1117 5601 1214 5664 qui
1261 5602 1472 5664 primus
1525 5604 1675 5654 illam
1711 5606 1954 5668 protulit.
1999 5607 2070 5655 At

443 5665 714 5716 editiones
777 5668 1006 5719 Manutii
1054 5674 1110 5720 et
1161 5670 1393 5723 Morellii
1447 5679 1503 5724 et
1553 5665 1728 5726 codei
1778 5677 2071 5727 Beccensis

437 5735 645 5796 habent
701 5739 985 5791 individua
1035 5741 1324 5793 dilectione.
1384 5745 1609 5797 Veteres
1671 5746 1944 5798 editiones
2015 5753 2070 5800 et

2173 5045 2391 5092 exstant
2415 5045 2599 5091 tamen
2628 5043 2683 5090 in
2709 5042 2898 5092 codice
2928 5041 3303 5104 Seguieriano.

2236 5113 2338 5174 (38)
2378 5113 2435 5162 Si
2479 5112 2620 5162 solus
2679 5114 2934 5162 Christus.
2983 5112 3128 5163 Citat
3170 5112 3320 5162 hunc
3363 5112 3550 5162 locum
3586 5106 3780 5159 Gratia-

2171 5196 2278 5231 nus
2313 5183 2439 5232 dist.
2496 5187 2543 5244 8,
2585 5197 2702 5247 cap.
2758 5184 2816 5233 Si
2862 5183 3020 5244 solus,
3068 5197 3186 5248 cap.
3247 5183 3307 5232 Si
3358 5179 3780 5235 consuetudinem,

2173 5256 2226 5303 et
2272 5266 2389 5316 cap.
2425 5253 2759 5303 Consuetudo.
2794 5253 2877 5302 Ad
2913 5254 3100 5304 locum
3149 5260 3337 5304 autem
3372 5254 3536 5302 istum
3569 5248 3780 5312 Cypria-

2171 5324 2248 5384 ni,
2275 5324 2372 5373 ubi
2397 5325 2531 5374 dicit
2561 5323 2745 5374 solum
2775 5323 3057 5374 Christum
3092 5324 3434 5376 audiendum
3464 5334 3600 5382 esse,
3625 5320 3779 5369 Joan-

2172 5408 2271 5444 nes
2326 5394 2624 5445 cardinalis
2697 5395 2765 5446 de
2819 5395 3234 5447 Turrecremata
3278 5398 3353 5445 ait
3411 5407 3600 5445 vocem
3648 5389 3779 5441 solus

2169 5478 2281 5514 non
2308 5465 2604 5516 excludere
2623 5480 2822 5530 papam
2853 5467 2941 5517 vel
2967 5468 3221 5531 praelatos
3254 5467 3344 5517 vel
3382 5466 3517 5515 alios
3546 5463 3779 5512 doctores

2169 5539 2267 5585 aut
2325 5536 2709 5600 praedicatores
2754 5537 2948 5601 bonos,
3005 5538 3102 5588 sed
3153 5542 3371 5587 tantum
3419 5533 3777 5601 Antichristos.

2167 5607 2223 5656 id
2289 5611 2375 5657 est
2432 5610 2732 5658 contrarios
2783 5608 3024 5671 Christo,
3095 5610 3190 5673 qui
3257 5608 3528 5659 contraria
3590 5600 3778 5670 pradi-

2171 5683 2316 5728 cant.
