3978 6194
151 160 223 209 397
1484 148 1722 202 EPISTOE

1847 151 2017 204 LXIII.
3320 158 3418 209 398

148 277 375 333 attendere
398 272 526 343 quid
574 271 717 326 alius
756 275 887 327 ante
928 287 1029 325 nos
1080 271 1189 340 (39)
1224 270 1540 325 faciendum
1577 288 1698 325 esse
1723 284 1779 356 Α
1800 273 2052 327 redoleat
2096 273 2432 343 sanguinem
2490 273 2596 341 (42)
2637 274 2861 330 Christi.
2896 274 2985 328 Sic
3028 292 3166 345 ergo
3228 278 3422 347 incipit

141 369 381 443 putaverit,
427 367 523 420 sed
576 367 709 437 quid
766 366 863 436 qui
913 370 1046 420 ante
1103 381 1299 419 omnes
1339 370 1390 418 et
1442 365 1694 421 Christus
1795 374 1905 422 eta
1938 367 2195 437 passione
2226 367 2429 422 Christi
2464 368 2517 420 in
2565 369 3050 437 persecutionibus
3094 370 3419 425 fraternitas

142 464 258 535 prior
279 458 469 515 fecerit
499 458 692 527 Neque
728 456 880 510 enim
924 456 1035 526 (40)
1083 453 1337 508 hominis
1390 458 1691 507 οοῐιεῑιῦῐιι-
1797 461 2091 528 retardari,
2138 461 2272 514 dum
2308 460 2363 512 in
2397 461 2776 515 oblationibus
2813 462 2975 516 discit
3019 462 3091 515 de
3137 465 3419 533 sanguine

137 559 283 611 dinem
308 552 451 621 sequi
484 553 725 620 oportet,
768 550 865 603 sed
914 549 1007 603 DBi
1052 548 1382 615 veritatem,
1412 564 1541 600 cum
1594 563 1696 616 Per
1798 556 1919 624 ejus
1951 558 2006 608 et
2037 571 2234 608 cruore
2281 554 2573 607 confundi.
2612 555 2779 607 Porro
2825 561 3015 610 autem
3041 557 3315 610 Dominus
3369 558 3421 610 in

139 649 293 704 isaiam
329 644 654 716 Prophetam
710 644 851 697 Deus
900 644 1158 713 loquatur
1207 645 1264 694 εἰ
1311 642 1458 695 dicat
1508 664 1518 692 ε
1567 642 1692 696 Sine
1796 648 2100 717 Evangelia
2132 648 2309 700 dicit:
2343 648 2446 713 Qui
2484 650 2740 713 confusus
2788 648 2892 717 (i3)
2926 665 3004 703 me
3037 652 3241 715 fuerit,
3294 666 3416 704 con-

135 757 256 796 causa
290 745 451 793 autem
501 738 682 791 colunt
728 753 836 797 me.
884 736 1148 790 mandata
1181 741 1230 789 et
1278 734 1556 788 doctrinas
1612 734 1698 785 Ῐιο-
1795 744 2061 809 fundatur
2115 743 2160 775 ⁸9
2219 758 2336 795 eum
2400 743 2566 795 Filius
2606 743 2830 795 hominis
2886 742 3096 811 (Mare,
3138 760 3252 810 VIII,
3308 747 3418 812 38).

136 839 295 888 minam
320 833 549 886 docentes
573 832 725 901 (Isa.,
757 846 899 895 xxix,
940 828 1054 895 13);
1084 832 1135 883 et
1176 827 1383 881 iterum
1428 826 1699 881 Dominus

1854 840 1865 888 t
1893 837 2188 906 Apostolus
2217 852 2445 906 quoque
2484 835 2742 905 loquitur
2767 835 2960 888 dicens
2991 853 3002 888 :
3036 838 3094 891 Si
3124 838 3425 892 hominibus

140 930 182 982 in
220 925 498 995 Evangelia
543 925 652 978 hoc
698 924 844 977 idem
900 926 1121 993 repetat
1164 922 1358 975 dicens
1401 937 1412 973 :
1462 921 1699 988 Rejicitis
1796 931 2077 999 placerem,
2129 928 2327 983 Christi
2360 944 2544 982 servus
2590 945 2695 981 non
2751 944 2909 982 essem
2954 929 3182 998 (Galat.,
3239 947 3274 996 I,
3314 930 3421 998 10).

140 1020 403 1074 mandatum
459 1020 570 1079 Dei,
636 1023 697 1070 ut
754 1016 1105 1070 traditionem
1156 1020 1388 1069 vestrum
1442 1014 1701 1067 statuatis
1802 1023 2100 1086 Quomodo
2129 1026 2322 1076 autem
2370 1039 2668 1092 possumus
2698 1025 2933 1092 propter
2979 1023 3267 1077 Christum
3294 1040 3424 1076 son-

133 1119 295 1179 (Ματοη
321 1128 406 1177 V",
442 1112 545 1179 13)-
578 1109 685 1164 Sed
713 1116 767 1162 Θῐ
811 1110 919 1162 alio
964 1109 1022 1161 in
1055 1109 1176 1161 1000
1216 1107 1377 1177 ponit
1418 1112 1472 1160 et
1519 1106 1651 1159 diCit
1686 1123 1697 1159 ε
1804 1117 2031 1187 guinem
2053 1116 2309 1181 fundere,
2339 1117 2437 1186 qui
2458 1116 2797 1186 sanguinem
2819 1115 3021 1171 Christi
3041 1116 3426 1170 erubescimus

134 1210 213 1275 Qui
233 1207 426 1260 solverit
468 1220 636 1257 unum
681 1220 745 1257 ea:
788 1203 1063 1256 mandatis
1100 1203 1216 1255 istis
1257 1203 1517 1263 minimis,
1554 1204 1603 1254 et
1628 1202 1701 1253 sic
1802 1208 2033 1263 bibere?

133 1302 327 1355 docuerit
368 1299 616 1358 homines,
663 1298 917 1350 minimus
954 1296 1233 1349 vocabitur
1281 1294 1358 1363 (in
1406 1309 1565 1363 regno
1610 1309 1704 1347 οω-
1875 1305 2002 1357 XVI.
2034 1306 2115 1357 An
2148 1304 2243 1357 illa
2270 1303 2599 1373 sibialiquis
2621 1303 3096 1373 contemplatione
3117 1303 3428 1374 blanditur,

137 1394 598 1462 10min(Maith-,V,
639 1390 750 1461 19)·
787 1390 943 1452 QUOd
974 1389 1018 1442 Si
1045 1404 1148 1443 nec
1171 1387 1406 1441 minima
1438 1387 1505 1441 de
1546 1402 1707 1440 man-
1806 1397 1976 1466 quod,
2025 1396 2131 1449 etsi
2168 1413 2335 1450 mane
2366 1414 2511 1466 aqua
2562 1398 2677 1451 sola
2708 1397 2895 1450 oflerri
2925 1397 3172 1462 videtur,
3216 1404 3425 1462 tamen,

132 1488 243 1540 datis
288 1484 582 1539 Dominicis
628 1484 757 1537 licet
803 1483 1045 1551 solvere,
1091 1487 1302 1551 quanto
1358 1480 1543 1551 magis
1588 1483 1701 1533 tam
1805 1505 1934 1542 cum
1980 1490 2051 1543 ad
2090 1490 2429 1544 cocnandum
2464 1492 2735 1557 venimus,
2781 1490 3011 1543 mistum
3040 1491 3267 1545 calicem
3299 1490 3433 1543 offc-

132 1582 443 1649 magnanimo
482 1577 737 1647 grandia,
771 1582 884 1630 tam
925 1576 995 1629 ad
1026 1576 1209 1645 ipsum
1239 1574 1541 1627 Ποπιίηίοω
1573 1589 1701 1642 Pas‘
1806 1584 2003 1638 rimus.
2034 1583 2139 1637 Sed
2190 1599 2319 1636 cum
2368 1600 2656 1637 coenamus
2704 1584 2775 1636 ad
2825 1584 3145 1637 convivium
3176 1588 3429 1637 nostrum

132 1674 266 1728 sionis
291 1676 341 1726 et
368 1678 572 1726 nostras
616 1669 1029 1740 redemptionis
1071 1670 1489 1722 sacramentum
1537 1654 2028 1748 perii-Bplebem
2070 1693 2381 1730 convocare
2433 1694 2544 1730 non
2602 1694 2921 1747 possumus,
2978 1682 3037 1730 ut
3091 1678 3431 1731 sacramenti

133 1766 281 1820 nentia
304 1767 383 1820 fas
428 1782 545 1819 non
596 1768 682 1817 est
730 1762 1063 1833 infringere,
1095 1768 1193 1816 alii
1240 1762 1297 1814 in
1337 1760 1491 1814 aliud
1535 1776 1705 1830 quam
1808 1772 2104 1826 veritatem
2152 1770 2503 1824 fraternitate
2534 1770 2690 1824 omni
2736 1774 3014 1841 prmsente
3054 1771 3429 1825 celebremus.

129 1860 242 1931 quod
297 1860 557 1914 divinitus
612 1858 929 1911 institutum
980 1856 1047 1908 sit
1104 1857 1353 1909 humana
1402 1853 1709 1908 traditione
1811 1865 2033 1918 Atonim
2075 1881 2186 1917 non
2238 1880 2429 1929 mane,
2462 1865 2557 1917 sed
2604 1868 2730 1933 post
2759 1864 3254 1931 ownanhmistum
3302 1865 3431 1917 oon-

130 1960 305 2008 mutare
344 1954 495 2024 (il)?
545 1954 708 2021 Nam,
758 1951 801 2004 si
840 1953 996 2005 Jesus
1046 1950 1090 1982 ⁷⁷
1141 1948 1394 2003 Christus
1442 1947 1711 2000 Dominus
1815 1974 1933 2012 cem
1958 1958 2160 2012 obtulit
2182 1958 2753 2027 Dominus.Nunquid
2779 1974 2913 2027 ergo
2937 1957 3294 2012 Dominicum
3316 1963 3441 2028 post

130 2053 169 2101 et
214 2049 341 2102 Deus
384 2053 578 2101 noster
622 2046 743 2116 ipse
792 2048 878 2098 est
934 2058 1193 2097 summus
1220 2043 1267 2075 ⁷⁸
1308 2042 1563 2096 sacerdos
1617 2040 1715 2095 DBi
1815 2068 2031 2105 cumam
2063 2051 2348 2104 celebrare
2384 2050 2491 2121 (44)
2518 2050 2815 2118 debemus,
2851 2055 2909 2104 ut
2937 2051 3013 2105 sic
3045 2051 3277 2104 mistum
3301 2052 3440 2105 cali-

131 2142 294 2206 Patris,
347 2148 401 2195 et
448 2139 786 2194 sacriﬁcium
840 2138 985 2191 Patri
1034 2153 1090 2191 se
1139 2137 1325 2207 ipsum
1361 2136 1575 2206 primus
1623 2135 1715 2188 ob-
1816 2158 1940 2196 cem
1973 2140 2407 2210 frequentandis
2466 2138 2654 2212 387
2724 2141 3027 2195 Dominicis
3103 2122 3441 2195 offeramus?

131 2235 301 2302 tulit",
324 2233 515 2307 386
536 2234 712 2288 ethoc
733 2231 854 2286 ﬁeri
871 2232 929 2284 in
952 2230 1715 2284 suicommemorationem‘30
1818 2234 2104 2289 Christum
2138 2233 2343 2287 offerre
2387 2234 2685 2304 oportebat
2716 2234 2861 2288 circa
2896 2250 3188 2305 vesperam
3222 2234 3357 2303 dici,
3381 2239 3444 2289 ut

131 2329 375 2400 pracipit,
430 2329 635 2398 utique
688 2326 779 2380 ille
834 2324 1093 2378 sacerdos
1150 2323 1266 2376 vice
1330 2322 1535 2379 Christi
1586 2339 1716 2376 vere
1819 2323 1963 2376 hora
1992 2322 2114 2392 ipsa
2146 2322 2397 2376 sacrificii
2422 2323 2744 2378 ostenderet
2773 2339 3029 2377 occasum
3058 2327 3115 2377 et
3149 2340 3443 2393 vesperam

130 2422 345 2492 fungitur
365 2421 461 2493 qui
491 2421 550 2474 id
571 2419 724 2492 quod
763 2418 1020 2474 Christus
1065 2417 1195 2471 fecit
1238 2416 1513 2482 imitatur,
1544 2420 1601 2470 et
1638 2432 1719 2469 sa-
1820 2415 2052 2483 mundi,
2100 2417 2240 2469 sicut
2282 2417 2340 2470 in
2380 2417 2569 2471 Exodo
2610 2416 2881 2487 scriptum
2910 2421 2995 2470 est
3028 2434 3040 2470 :
3096 2419 3165 2470 Et
3210 2419 3445 2472 occident

129 2516 361 2569 criﬁcium
403 2531 607 2571 verum
633 2518 691 2568 et
732 2512 972 2584 plenum
1005 2514 1141 2564 tunc
1170 2509 1336 2564 offert
1363 2510 1420 2563 in
1473 2510 1721 2563 Ecclesia
1822 2515 1977 2568 illum
2014 2530 2166 2568 omne
2210 2516 2404 2583 vulgus
2453 2530 2747 2584 synagoga:
2783 2516 3019 2583 ﬁliorum
3062 2516 3231 2570 Israel
3267 2516 3339 2569 ad
3364 2532 3448 2569 ve-

130 2608 219 2663 Deo
258 2608 419 2674 Patri,
469 2609 516 2662 si
567 2608 644 2661 sic
676 2606 913 2677 incipiat
954 2604 1157 2659 offerre
1202 2604 1519 2658 secundum
1569 2603 1721 2673 quod
1821 2620 2033 2674 sperum
2082 2604 2416 2674 (Emod.,xn,
2465 2604 2539 2673 6).
2576 2605 2639 2658 Et
2666 2604 2874 2659 iterum
2918 2605 2978 2657 in
3007 2605 3441 2660 PsalmiszAlle-

130 2702 579 2771 ipsumChristum
596 2700 789 2755 videat
808 2698 1099 2753 obtulisse.
1824 2700 1968 2752 vatio
2040 2714 2298 2753 manuum
2384 2714 2623 2753 mearum
2696 2700 3017 2765 sacriﬁcium
3090 2701 3449 2769 vespertinum

184 2797 272 2850 XV.
301 2797 585 2852 Caeterum
624 2793 811 2848 omnis
856 2791 1151 2861 religionis
1188 2796 1244 2847 et
1283 2791 1537 2845 veritatis
1565 2790 1727 2844 disci-
1829 2791 1995 2861 (Psal.
2044 2808 2162 2857 CXL,
2208 2796 2279 2861 2).
2325 2793 2431 2846 Nos
2459 2797 2651 2847 autem
2705 2792 3177 2847 resurrectionem
3229 2792 3449 2847 Domini

130 2890 251 2958 plina
290 2890 656 2956 subvertitur,
705 2886 814 2940 nisi
848 2886 903 2940 id
935 2886 1084 2956 quod
1109 2885 1439 2955 spiritaliter
1476 2883 1727 2955 prmcipi-
1830 2901 1993 2939 mane
2023 2884 2397 2939 celebramus.

132 2988 202 3035 tur
231 2982 463 3038 fideliter
499 2983 821 3036 reservetur
849 2980 917 3045 3‘,
953 2978 1060 3033 nisi
1102 2978 1145 3031 si
1187 2979 1242 3031 in
1294 2977 1575 3032 sacriﬁciis
1606 2993 1724 3031 ma-
1753 3030 1800 3049 η
1901 2979 2048 3032 XVII.
2097 2980 2164 3031 Et
2206 2978 2335 3049 quia
2378 2979 2653 3049 passionis
2699 2980 2817 3049 ejus
2866 2980 3220 3035 mentionem
3268 2980 3327 3034 in
3368 2997 3458 3035 sa-

132 3077 290 3130 tutinis
348 3078 457 3131 hoc
528 3074 655 3145 quis
721 3077 950 3127 veretur
1004 3088 1075 3126 ne
1122 3088 1224 3143 per
1300 3087 1558 3141 saporem
1613 3070 2051 3125 viniucriﬁciis
2081 3072 2347 3126 omnibus
2392 3072 2631 3127 facimus
2662 3072 2868 3143 (passio
2908 3076 2993 3128 est
3023 3074 3179 3128 enim
3230 3073 3455 3128 Domini

1470 3222 1676 3284 Variae
1734 3222 2068 3286 lectiones.

182 3372 213 3407 77
252 3377 377 3426 Nam
428 3376 599 3427 Jesus
640 3375 759 3424 Βοιί.
797 3375 840 3423 1.
941 3372 984 3406 ⁷⁸
1021 3373 1141 3435 Ipse
1191 3385 1443 3421 summus
1493 3373 1614 3420 Bod.
1670 3375 1711 3421 1.
1838 3372 1877 3405 τε
1929 3375 2046 3423 Deo
2088 3376 2227 3438 patri
2288 3376 2530 3438 seipsum
2582 3376 2785 3427 obtulit
2828 3376 2966 3425 Lam.
3024 3373 3179 3427 Eber.
3241 3376 3348 3427 ΝΟ.
3400 3381 3444 3428 1.

134 3445 707 3497 “Commemoratione
750 3444 871 3493 Bod.
920 3445 964 3505 1,
996 3444 1041 3492 2.
1077 3444 1182 3492 Lin.
1237 3443 1383 3492 Ebor.
1437 3444 1545 3493 ΝΟ.
1584 3446 1632 3504 1,
1659 3445 1705 3493 2.
1812 3443 2203 3508 8‘Specialiter
2245 3447 2543 3509 percipitur
2580 3450 2631 3496 et
2676 3445 2910 3497 ﬁdeliter
2958 3446 3285 3497 observatur
3337 3448 3448 3497 Vat.

136 3515 164 3545 ³⁸
181 3516 435 3568 Confusus
455 3532 546 3569 me
580 3517 760 3577 fuerit,
788 3529 971 3566 coram
998 3514 1317 3565 hominibus
1347 3514 1647 3565 confundet
1680 3528 1808 3565 eum
1844 3516 1966 3565 Bod.
1998 3517 2043 3564 2.
2078 3516 2182 3565 ΝΟ.
2216 3518 2259 3565 1.
2294 3516 2448 3565 Εὑον.

1385 3680 1605 3760 Steph.
1670 3679 1917 3743 Baluzii
1973 3686 2169 3743 notae.

182 3815 258 3876 (39)
304 3816 449 3866 Alius
513 3822 634 3866 ante
689 3830 802 3867 nos.
857 3817 937 3866 Ita
989 3816 1255 3879 scriptum
1317 3815 1623 3879 reperimus
1678 3816 1731 3864 in
1836 3816 2024 3866 bibere
2071 3817 2281 3877 vinum,
2341 3820 2403 3865 ut
2450 3816 2650 3866 docent
2696 3817 2925 3877 Plinius,
2982 3816 3075 3866 lib.
3115 3828 3236 3877 XIV,
3294 3829 3342 3866 c.
3390 3817 3470 3867 13»

136 3891 311 3946 septem
351 3887 644 3937 codicibus
674 3888 933 3951 antiquis.
972 3888 1199 3937 Veteres
1239 3886 1529 3948 editiones,
1568 3888 1735 3936 etiam
1838 3892 1892 3936 et
1926 3890 1988 3936 A.
2030 3888 2265 3949 Geilius,
2318 3888 2413 3936 lib.
2456 3901 2515 3947 x,
2553 3902 2671 3950 cap.
2719 3889 2799 3937 23.
2857 3888 2936 3936 De
2992 3887 3240 3935 moribus
3286 3892 3470 3937 autem

138 3955 415 4008 Manutiana
457 3964 515 4009 et
546 3959 886 4015 Morelliana,
929 3959 1069 4022 quod
1117 3958 1316 4021 aliquis
1366 3964 1485 4007 ante
1510 3972 1621 4007 nos.
1660 3959 1736 4007 Ita
1840 3957 2300 4019 Christianorum,
2350 3958 2418 4007 de
2473 3961 2678 4021 quibus
2733 3959 2907 4019 agitur
2954 3958 3007 4006 in
3052 3958 3160 4007 hoc
3207 3958 3471 4021 Cypriani

139 4029 272 4076 etiam
324 4029 497 4079 codex
546 4030 817 4079 Thuanus
867 4034 918 4079 et
962 4030 1319 4079 Carnotensis
1365 4033 1421 4079 et
1468 4029 1579 4078 duo
1613 4029 1738 4078 libri
1840 4029 1982 4087 loco,
2012 4028 2136 4077 vide
2166 4029 2372 4078 Petavii
2418 4030 2941 4079 Animadversiones
2979 4028 3044 4076 ad
3078 4028 3470 4090 Epiplianium,

138 4104 320 4147 veteres
374 4101 585 4150 laudati
630 4101 685 4149 in
730 4100 970 4149 editione
1022 4101 1351 4150 Pameliana.
1394 4100 1450 4148 In
1496 4100 1739 4150 Fuxensi
1841 4115 1960 4163 pag.
1994 4101 2088 4149 265
2114 4116 2125 4158 ;
2156 4105 2209 4150 et
2236 4100 2539 4163 Josephum
2564 4101 2976 4161 Vicecomitem,
3010 4099 3104 4147 lib.
3136 4111 3189 4147 III
3214 4098 3279 4146 de
3304 4097 3471 4147 Missae

138 4170 368 4232 scriptum
415 4176 501 4221 est
536 4170 678 4221 alius
722 4170 929 4234 aliquid
971 4176 1107 4231 ante,
1141 4172 1195 4219 in
1240 4172 1549 4220 Turonensi
1592 4171 1742 4220 aliud
1842 4172 2047 4230 ritibus,
2080 4184 2202 4233 pag.
2236 4172 2343 4220 '236.
3037 4205 3039 4208 ι

139 4239 319 4301 aliquis,
346 4244 399 4291 in
437 4241 767 4292 Corbeiensi
795 4242 938 4292 alius
982 4242 1197 4305 aliquis.
1907 4242 2000 4301 (43)
2031 4243 2130 4302 Qui
2155 4242 2417 4304 confusus.
2459 4244 2535 4291 Ita
2578 4242 2827 4305 plerique
2876 4242 2998 4291 libri
3042 4244 3268 4291 veteres.
3317 4244 3383 4290 At
3419 4242 3475 4290 in

190 4311 267 4365 440)
347 4314 524 4376 Neun
610 4313 762 4360 enim.
838 4311 1025 4362 Codex
1103 4312 1569 4373 Monasteriensis,
1651 4324 1743 4360 nec
1843 4327 1955 4363 uno
2003 4312 2346 4375 Remigiano,
2407 4314 2461 4361 in
2531 4314 2874 4374 Divionensi,
2952 4318 3004 4362 et
3074 4312 3477 4374 Gratianopoli-

139 4380 323 4431 alterius
402 4383 631 4433 hominis
710 4384 1138 4433 consuetudinem
1202 4385 1348 4448 sequi
1427 4390 1973 4448 quemquamntano
2026 4386 2225 4447 legitur
2276 4400 2285 4431 :
2336 4387 2435 4445 Qui
2487 4398 2565 4432 me
2605 4385 2865 4445 confessus
2904 4384 3064 4445 filerit
3099 4398 3273 4431 coram
3312 4383 3479 4431 homi-

143 4458 325 4511 σΡοΓίεε-
1255 4418 1282 4448 Ἰ
1427 4418 1453 4446 Ἰ
1582 4418 1608 4446 Ὶ
1765 4418 2017 4511 Dnibus,
2076 4418 2395 4518 gon/itabat;
2446 4469 2558 4503 eum
2628 4418 2796 4503 Filius
2846 4418 3094 4502 holmz‘m's.
3154 4453 3245 4503 Sic
3312 4453 3477 4499 etiam

190 4524 272 4585 (tl)
307 4525 611 4575 Traditione
662 4531 883 4575 mutare.
929 4525 1086 4574 Unus
1126 4525 1299 4576 codex
1350 4527 1535 4589 regius
1580 4526 1747 4576 habet
1850 4530 1903 4577 in
1958 4527 2245 4577 Pithmano
2304 4528 2407 4575 nisi
2448 4525 2597 4588 quod
2652 4526 2764 4574 illic
2813 4526 3011 4587 legitur
3058 4522 3330 4582 confundet
3383 4535 3480 4583 pro

144 4596 322 4643 ratione
342 4597 701 4659 praecipitare.
1848 4596 2189 4658 conﬁtebitur.
2226 4602 2289 4645 At
2344 4599 2400 4644 in
2445 4596 2584 4644 libro
2631 4597 2693 4644 de
2741 4597 2939 4657 Lapsis,
2986 4609 3035 4656 p.
3084 4594 3191 4651 190,
3242 4592 3476 4641 scribit:

191 4664 273 4725 (Ω)
314 4667 565 4716 Redoleat
601 4668 927 4728 sanguinem.
983 4667 1177 4717 Postea
1225 4668 1401 4717 codex
1443 4667 1747 4719 Corbeien-
1853 4669 1948 4729 Qui
1977 4682 2055 4716 me
2096 4666 2361 4727 confusus,
2404 4674 2505 4717 etc.
2549 4668 2685 4715 Vide
2746 4665 2971 4714 Pamelii
3012 4669 3168 4713 notas
3216 4664 3280 4712 ad
3330 4663 3479 4728 hupc

144 4732 201 4783 sis
218 4737 395 4787 addit:
430 4756 459 4786 ς(
488 4740 841 4801 Flagrantem
878 4739 946 4788 ab
990 4739 1200 4789 inﬁdeli
1240 4740 1581 4789 conscientia
1617 4738 1751 4789 odor
1852 4740 2055 4788 locum.

146 4807 326 4857 umbris
382 4812 674 4859 matutinis
732 4810 895 4859 fuerit
969 4812 1191 4873 agnitus
1263 4816 1316 4860 et
1386 4814 1752 4873 cognoscatur
1916 4811 2009 4871 (44)
2044 4808 2367 4857 Dominicum
2398 4806 2679 4867 celebrare,
2724 4807 2779 4855 id
2830 4810 2912 4855 est
2953 4806 3225 4854 sacriﬁcia
3267 4804 3482 4865 oﬂerre,

142 4887 244 4926 esse
272 4878 620 4930 Christianus
651 4880 784 4930 dum
823 4894 925 4930 nos
967 4882 1235 4944 sanguine
1274 4881 1479 4931 Christi
1517 4882 1749 4931 confun-
1854 4880 2181 4937 sacriﬁcare,
2214 4884 2271 4927 ut
2311 4882 2459 4927 recte
2501 4878 2740 4939 explicat
2786 4878 3077 4927 Pamelius.
3110 4876 3257 4924 Alibi
3296 4877 3486 4925 Domi-

147 4946 311 4999 dimur.
366 4969 393 4999 s
462 4951 627 5012 Quod
700 4965 799 5014 ego
868 4952 1035 5001 miror
1110 4954 1559 5003 animadversum
1642 4967 1753 5002 non
1855 4952 2039 4999 nicum
2117 4950 2393 5015 signiﬁcat
2461 4949 2770 4998 Ecclesiam
2842 4950 2895 4996 in
2970 4962 3135 5011 quam
3186 4946 3485 4996 Christiani

150 5017 341 5070 fuissea
380 5023 641 5087 Rigaltio.
690 5023 848 5073 Hanc
887 5023 1219 5072 additionem
1263 5025 1449 5073 inveni
1496 5026 1661 5075 etiam
1698 5025 1752 5071 in
1856 5022 2257 5071 conveniebant
2308 5021 2375 5070 ad
2427 5021 2755 5071 celebranda
2799 5021 3078 5083 mysteria.
3130 5019 3269 5067 Vide
3313 5020 3489 5068 Baro-

150 5088 310 5141 codice
357 5093 674 5143 Turonensi
717 5098 772 5143 et
814 5095 869 5142 in
905 5093 1163 5143 Fuxensi.
1202 5094 1310 5144 Sed
1356 5110 1465 5144 non
1520 5094 1755 5144 habetur
1856 5095 2033 5153 nium,
2066 5092 2132 5142 ad
2164 5092 2309 5141 diem
2464 5092 2804 5151 Decembris,
2860 5091 3199 5142 cardinalem
3254 5092 3485 5151 Bonam,

150 5156 193 5205 in
225 5160 581 5223 Seguieriano
635 5165 883 5213 omnium
937 5166 1331 5215 vetustissimo.
1383 5167 1757 5228 Hieronymus
1857 5164 1950 5212 lib.
1980 5177 2017 5223 1,
2049 5178 2164 5227 cap.
2206 5164 2235 5212 3
2264 5167 2315 5213 et
2358 5164 2413 5211 19
2458 5164 2644 5211 Rerum
2696 5163 3104 5225 Liturgicarum,
3154 5165 3208 5211 et
3256 5162 3490 5212 Glossa—

154 5228 195 5276 in
241 5236 463 5295 epistola
520 5236 591 5285 ad
644 5237 992 5298 Nepotianum
1061 5236 1128 5286 de
1180 5237 1304 5285 Vita
1360 5238 1702 5287 Clericorum
1744 5252 1753 5283 :
1858 5236 2001 5283 rium
2046 5235 2299 5284 Latinum
2363 5234 2573 5298 Cangii.
2633 5236 2768 5283 Acta
2816 5238 3119 5296 martyrum
3170 5233 3489 5282 Donatista-

153 5314 173 5341 ει
202 5301 479 5369 Nunquam
514 5307 706 5355 vinum
736 5308 1003 5367 redoleas,
1046 5320 1114 5356 ne
1150 5308 1343 5357 audias
1389 5308 1523 5357 illud
1574 5309 1756 5370 philo-
1859 5321 2000 5367 rum,
2033 5308 2087 5355 in
2114 5308 2254 5356 libro
2292 5319 2327 5355 ιι
2353 5305 2833 5356 Miscellaneorum
2878 5310 3211 5364 nostrorum,
3243 5317 3361 5366 pag.
3390 5304 3487 5352 66:

153 5373 285 5434 Sophi
318 5393 327 5422 :
361 5378 483 5427 Hoc
528 5392 641 5426 non
685 5382 765 5427 est
810 5379 1063 5428 osculum
1106 5380 1400 5442 porrigere,
1434 5378 1529 5428 sed
1564 5381 1758 5427 vinum
1862 5382 1999 5428 «An
2042 5379 2242 5437 nescis,
2292 5378 2515 5435 Satana,
2558 5376 2613 5423 in
2668 5376 2961 5425 Dominico
3019 5374 3400 5425 Christianum
3443 5377 3495 5422 et

154 5448 427 5505 propinare.
462 5470 485 5493 υ
516 5448 893 5498 Tertullianus
921 5450 975 5498 in
1006 5450 1374 5514 Apologetico:
1414 5468 1442 5500 «
1473 5451 1686 5501 Idcirco
1708 5455 1761 5499 et
1862 5452 1916 5499 in
1972 5449 2285 5499 Christiano
2349 5446 2703 5497 Dominicum
2773 5448 3139 5495 constitutum
3171 5447 3195 5492 ‘l
3246 5462 3271 5491 »
3328 5443 3493 5493 Aliud

154 5517 313 5565 oscula
382 5522 713 5584 prepinquis
782 5520 977 5572 offerre
1048 5523 1213 5572 etiam
1266 5525 1568 5573 necessitas
1623 5527 1759 5583 erat,
1864 5521 2080 5569 videtur
2132 5532 2253 5569 esse
2304 5519 2659 5569 Dominicum
2713 5518 2765 5565 in
2815 5517 3059 5580 Epistola
3118 5516 3253 5565 falsa
3299 5514 3497 5576 synodi

157 5590 205 5657 ut
249 5590 431 5651 spiritu
474 5591 875 5653 judicarentur.
926 5594 999 5641 At
1043 5607 1196 5643 nunc
1256 5595 1309 5642 in
1374 5594 1596 5645 feminis
1650 5607 1761 5657 praa
1863 5592 2104 5640 Nicrenae
2154 5592 2221 5639 ad
2257 5590 2576 5654 Sylvestrnm
2638 5590 2832 5650 Papam
2878 5588 3023 5637 edita
3070 5590 3125 5637 in
3168 5587 3498 5657 collectione

160 5656 265 5706 Vino
306 5662 525 5711 nullum
577 5662 809 5712 liberum
864 5668 942 5712 est
995 5665 1269 5714 osculum.
1304 5684 1332 5709 »
1402 5654 1664 5730 Respicit
1694 5664 1761 5713 ad
1866 5662 2096 5713 Merlini.
2124 5665 2322 5712 —Post
2352 5674 2568 5711 ca'nam.
2604 5660 2741 5709 Vide
2774 5662 3085 5710 Durantum
3119 5654 3501 5717 lib.ll,Cap.31

160 5738 309 5780 mores
352 5733 727 5784 Romanarum
773 5735 1088 5800 mulierum,
1135 5736 1339 5801 quibus
1398 5751 1511 5787 non
1563 5735 1763 5787 licebat
1863 5734 1925 5784 de
1946 5732 2141 5785 Rilibus
2175 5735 2419 5786 Ecclesia:
2444 5730 2727 5783 catholica.
