3978 6194
44 5790 259 5927 Ἢ

258 5930 289 5957 Ἰ.

514 258 617 309 399
1421 248 1476 304 S.
1518 248 1830 341 CYPRIANI
1872 244 2143 302 OPEI’JTM

2251 247 2357 301 IRS
2398 244 2432 300 Ι.
2477 277 2542 284 -
2582 246 2941 303 ΕΡΙΒΤΟΙΑΕ.
3743 253 3834 305 400

519 383 853 455 sacrificium
922 378 1073 451 quod
1134 375 1478 443 offerimus),
1544 374 1688 428 nihil
1754 373 1904 427 aliud
1966 377 2518 456 quamApraecepta
2571 373 2762 427 divina
2784 374 2811 426 ?
2853 373 3006 427 Sicut
3048 373 3195 443 apud
3229 374 3530 429 Jeremiam
3582 378 3834 447 scriptum

516 478 669 549 quod
728 475 817 528 ille
868 474 1002 527 fecit
1051 472 1235 525 facere
1287 469 1591 523 debemus.
1651 467 1941 537 Scriptura
1982 466 2138 519 enim
2240 468 2363 519 est:
2405 468 2546 532 Quid
2584 468 2682 531 est,
2730 466 2936 538 inquit,
2983 468 3157 535 paleis
3193 467 3268 521 ad
3313 470 3545 522 triticum
3574 471 3600 521 ?
3636 471 3838 539 Propter

519 570 653 624 dicit
677 568 825 635 (43):
863 566 1283 633 Quotiescunque
1316 565 1454 617 enim
1491 562 1709 615 ederitis
1747 575 1942 629 panem
1979 562 2140 612 istum

517 664 567 712 et
605 658 824 711 calicem
870 659 1032 709 istum
1074 654 1349 719 biberitis,
1395 654 1615 704 mortem
1674 650 1887 702 Domini
1930 663 2134 701 annun-

485 755 725 809 vtiabitis
768 752 1116 823 quoadusque
1158 750 1339 804 veniat
1373 750 1422 816 (Ι
1448 750 1589 813 Cor.,
1621 763 1680 807 ιι,
1720 746 1832 813 26).
1877 730 2143 807 Quoties--

514 862 738 917 cunque
805 861 940 915 ergo
996 843 1229 897 calicem
1274 841 1332 895 in
1381 838 1989 895 commemorationem
2035 838 2138 890 Do-

516 940 663 996 mini
709 941 765 993 et
813 935 1091 1007 passionis
1119 935 1241 1004 ejus
1271 932 1587 999 offerimus,
1624 931 1678 984 id
1720 931 1868 1001 quod
1919 933 2139 985 constat

516 1033 819 1087 Dominum
858 1029 1056 1083 fecisse
1100 1028 1390 1082 faciamus.
1431 1029 1495 1081 Et
1540 1025 1740 1078 viderit
1786 1025 1915 1093 (46),
1964 1024 2139 1077 frater

515 1124 874 1193 charissima;
927 1124 972 1176 si
1023 1122 1149 1193 quis
1197 1121 1266 1174 de
1297 1117 1747 1174 antecessoribus
1805 1117 2009 1171 nostris
2054 1116 2136 1170 vel

516 1221 857 1290 ignoranter
902 1216 986 1272 vel
1033 1214 1363 1284 simpliciter
1407 1229 1521 1267 non
1562 1212 1668 1266 hoc
1714 1210 2033 1264 observavit
2084 1215 2139 1263 et

514 1312 697 1366 tenuit
732 1310 880 1381 quod
906 1326 1006 1363 nos
1045 1305 1319 1361 Dominus
1366 1307 1546 1359 facere
1576 1304 1837 1373 exemplo
1870 1306 1926 1356 et
1966 1302 2138 1373 magi-

518 1412 665 1460 stero
691 1421 795 1457 suo
831 1401 1039 1467 docuit,
1077 1402 1264 1470 potest
1290 1398 1639 1468 simplicitati
1680 1397 1802 1467 ejus
1832 1396 1901 1450 de
1947 1396 2134 1450 indul-

520 1497 714 1568 gentia
738 1495 957 1549 Domini
989 1494 1152 1546 venia
1186 1491 1443 1547 concedi.
1472 1490 1640 1544 Nobis
1679 1506 1811 1543 vero
1840 1506 1954 1543 non
1986 1495 2138 1558 pote-

518 1591 593 1643 rit
617 1588 859 1659 ignosci,
891 1587 987 1657 qui
1010 1602 1161 1640 nunc
1185 1602 1215 1637 a
1242 1585 1476 1639 Domino
1510 1583 1786 1637 admoniti
1806 1589 1860 1637 et
1880 1583 2138 1636 instructi

518 1699 715 1736 sumus
782 1683 846 1735 ut
927 1678 1158 1733 calicem
1220 1676 1583 1731 Dominicum
1642 1675 1786 1740 ,vino
1868 1675 2133 1742 mistum,

517 1775 826 1831 secundum
870 1772 1019 1843 quod
1050 1771 1323 1825 Dominus
1363 1769 1582 1835 obtulit,
1625 1768 1956 1837 olferamus;
1985 1772 2042 1822 et
2071 1768 2138 1822 de
2158 1742 2215 1814 B

519 1871 630 1923 hoc
659 1881 887 1939 quoque
916 1865 987 1919 ad
1015 1864 1264 1935 collegas
1291 1867 1514 1917 nostros
1550 1863 1765 1916 litteras
1802 1861 2134 1932 dirigamus,

520 1965 581 2016 ut
610 1961 819 2032 ubique
856 1961 947 2013 lex
989 1957 1311 2028 evangelica
1342 1960 1399 2009 et
1429 1956 1654 2011 traditio
1697 1955 1990 2009 Dominica
2027 1971 2138 2008 ser-

516 2058 697 2119 vetur,
727 2057 784 2108 et
820 2053 890 2106 ab
917 2067 986 2105 eo
1017 2051 1168 2121 quod
1198 2050 1452 2104 Christus
1480 2052 1538 2102 et
1567 2048 1759 2102 docuit
1781 2051 1840 2101 et
1865 2048 1998 2102 fecit
2025 2064 2138 2101 non

516 2146 835 2202 recedatur.

589 2242 769 2296 XVIII.
801 2242 938 2303 Quae
983 2238 1131 2293 ultra
1171 2237 1293 2308 jam
1342 2242 1710 2291 contemnere
1738 2241 1793 2289 et
1836 2235 1893 2289 in
1946 2251 2140 2289 errore

517 2334 756 2407 pristino
810 2347 1199 2405 perseverare,
1250 2330 1387 2401 quid
1425 2330 1577 2383 aliud
1624 2334 1708 2383 est
1752 2344 1923 2399 quam
1955 2327 2140 2382 incur—

516 2444 643 2482 rere
670 2426 727 2481 in
770 2425 1228 2496 objurgationem
1272 2422 1495 2477 Domini
1544 2420 1890 2492 increpantis
1931 2420 2042 2491 (47)
2082 2420 2141 2473 in

518 2523 741 2575 Psalmo
781 2521 838 2573 et
877 2518 1119 2573 dicentis
1148 2534 1161 2571 :
1194 2518 1283 2573 Ad
1318 2517 1452 2586 quid
1476 2518 1697 2586 exponis
1729 2515 2141 2584 justiﬁcationes

513 2632 658 2673 meas
704 2622 753 2672 et
797 2618 1026 2672 assumis
1078 2621 1457 2669 testamentum
1491 2630 1662 2669 meum
1709 2628 1810 2682 per
1851 2627 1906 2665 os
1948 2614 2143 2665 tuum?

520 2715 598 2766 Tu
649 2717 828 2766 autem
870 2710 1039 2763 odisti
1068 2710 1447 2778 disciplinam,
1495 2714 1545 2762 et
1595 2707 1839 2776 abjecisti
1879 2721 2143 2761 sermones

515 2821 655 2861 meos
683 2809 845 2859 retro.
886 2806 947 2859 Si
980 2803 1199 2857 videbas
1222 2804 1419 2869 furem,
1459 2802 1807 2856 concurrebas
1850 2803 1900 2855 ei
1935 2801 2063 2871 (48),
2094 2805 2147 2855 et

515 2903 659 2955 inter
698 2899 920 2953 moechos
963 2897 1294 2967 particulam
1354 2895 1460 2964 (49)
1497 2896 1736 2965 ponebas
1779 2895 1943 2966 (Psal.
2000 2910 2141 2960 xmx,

524 2992 738 3063 16-18).
786 2993 1077 3062 Exponere
1148 2990 1303 3044 enim
1355 2989 1787 3059 justiﬁcationes
1849 2986 2040 3060 388
2092 2994 2148 3042 et

518 3092 930 3140 testamentum
964 3084 1210 3152 Domini,
1236 3087 1292 3138 et
1319 3099 1430 3137 non
1464 3083 1568 3137 hoc
1604 3082 1757 3136 idem
1785 3082 1972 3136 facere
1995 3083 2142 3153 quod

520 3180 724 3234 fecerit
763 3179 1059 3245 Dominus,
1111 3177 1250 3247 quid
1296 3176 1448 3230 aliud
1504 3182 1589 3230 est
1633 3193 1805 3248 quam
1859 3195 2153 3242 sermones

522 3276 569 3345 ej
581 3292 642 3333 us
658 3272 902 3344 abjicere
928 3275 985 3326 et
1003 3271 1358 3342 disciplinam
1376 3270 1728 3325 Dominicam
1757 3280 2146 3345 contemnere,

522 3384 625 3421 nec
669 3369 893 3420 terrena
929 3364 1029 3419 sed
1075 3364 1351 3434 spiritalia
1379 3364 1526 3418 furta
1576 3368 1632 3419 et
1674 3366 1953 3422 adulteria
1999 3387 2149 3426 com-

521 3461 770 3527 mittere,
800 3458 940 3513 dum
987 3458 1113 3529 quis
1155 3458 1482 3528 evangelica
1521 3458 1755 3514 veritate
1799 3460 2020 3517 furatur
2048 3466 2149 3519 Do-

523 3553 665 3608 mini
689 3554 868 3608 nostri
887 3552 1051 3607 verba
1070 3554 1128 3605 et
1148 3552 1313 3619 facta,
1338 3553 1656 3623 corrumpit
1674 3559 1840 3626 atque
1860 3556 2147 3613 adulterat

2239 560 2333 612 hoc
2381 576 2489 614 ecce
2526 576 2617 627 ego
2657 561 2732 614 ad
2778 560 3070 629 prophetas
3110 560 3242 629 (50),
3282 561 3412 614 dicit
3447 564 3713 624 Dominus,
3752 568 3837 632 qui

2237 654 2504 719 furantur
2546 654 2707 707 verba
2744 669 2859 707 mea
2894 655 3261 723 unusquisque
3298 671 3331 707 a
3363 657 3605 722 pronimo
3647 671 3752 721 suo,
3795 663 3835 710 et

2238 746 2498 800 seducunt
2544 749 2807 816 populum
2846 764 3017 802 meum
3066 749 3123 800 in
3186 747 3479 801 mendaciis
3527 750 3635 802 suis
3684 756 3730 803 et
3786 752 3836 803 in

2232 840 2508 893 erroribus
2531 842 2642 894 suis
2680 839 2911 909 (larem,
2956 856 3111 907 xxiii,
3156 841 3242 905 ‘28,
3269 841 3355 903 30,
3382 841 3487 907 32).
3520 842 3657 894 Item
3699 843 3835 912 apud

2240 933 2503 986 eumdem
2524 932 2634 985 alio
2662 932 2782 986 loco
2804 950 2816 986 :
2838 935 2904 987 Et
2928 934 3189 987 moecham
3212 938 3306 1000 est,
3336 932 3540 1003 inquit,
3566 936 3623 987 in
3649 935 3835 1003 lignum

2238 1031 2288 1081 et
2326 1026 2562 1095 lapidem
2606 1026 2673 1085 ⁸³,
2709 1032 2757 1079 ct
2794 1028 2853 1079 in
2885 1027 2966 1080 his
3010 1026 3255 1080 omnibus
3282 1042 3387 1080 non
3428 1033 3503 1081 est
3548 1042 3745 1081 reversa
3772 1030 3836 1082 ad

2238 1134 2319 1174 me
2351 1121 2587 1187 (Jerem.,
2622 1136 2705 1180 ix,
2746 1120 2853 1187 10).
2878 1119 3031 1182 Quod
3068 1118 3286 1173 furtum
3330 1124 3386 1173 et
3413 1118 3745 1174 adulterium
3773 1138 3834 1174 ue

2238 1212 2295 1265 in
2339 1228 2443 1266 nos
2473 1212 2644 1265 etiam
2700 1211 2865 1265 cadat
2920 1228 3114 1265 cavere
3160 1211 3396 1265 sollicite
3443 1216 3498 1266 et
3550 1211 3733 1266 timide
3781 1230 3835 1267 ac

2238 1306 2497 1375 religiose
2543 1306 2839 1359 observare
2888 1304 3183 1359 debemus.
3227 1305 3400 1366 Nam,
3448 1305 3493 1358 si
3544 1305 3835 1360 sacerdotes

2238 1399 2333 1453 Dei
2389 1406 2445 1453 et
2488 1399 2693 1455 Christi
2744 1415 2965 1466 sumus,
3022 1415 3134 1452 non
3191 1397 3420 1453 invenio
3462 1415 3627 1469 quem
3678 1399 3834 1468 magis

2237 1493 2393 1563 sequi
2440 1509 2608 1565 quam
2645 1494 2819 1546 Deum
2856 1497 2912 1545 et
2949 1492 3238 1546 Christum
3266 1490 3592 1561 debeamus,
3628 1491 3834 1562 quando

2236 1587 2356 1656 ipse
2410 1588 2465 1639 in
2504 1585 2804 1656 Evangelio
2856 1584 3103 1639 maxime
3143 1584 3335 1638 dicat:
3366 1588 3478 1652 Ego
3532 1600 3643 1638 sum
3678 1585 3832 1638 lumen

2239 1681 2418 1735 saeculi
2441 1679 2572 1747 (5t).
2608 1682 2714 1746 Qui
2740 1695 2821 1733 me
2864 1685 3077 1733 secutus
3105 1679 3296 1745 fuerit,
3331 1694 3439 1731 non
3481 1678 3761 1732 ambulabit
3795 1679 3832 1711 ⁸³

2240 1777 2297 1827 in
2345 1775 2590 1835 tenebris,
2629 1773 2724 1827 sed
2762 1773 2975 1827 habebit
3016 1773 3189 1826 lumen
3216 1774 3339 1824 vitae
3373 1772 3568 1839 (Joan.,
3597 1787 3706 1840 vui,
3739 1774 3833 1840 1'2).

2238 1867 2317 1921 Ne
2345 1883 2481 1938 ergo
2513 1884 2569 1920 In
2598 1866 2846 1921 tenebris
2877 1865 3255 1930 ambulemus,
3287 1863 3574 1921 Christum
3617 1864 3765 1935 sequi
3789 1870 3839 1917 et

2239 1964 2520 2032 praecepta
2568 1960 2689 2030 ejus
2740 1960 3033 2014 observare
3079 1958 3373 2025 debemus,
3403 1958 3537 2029 quia
3562 1962 3616 2011 et
3658 1957 3837 2028 ipsein

2238 2056 2346 2111 alio
2396 2056 2539 2122 loco,
2596 2054 2825 2109 mittens
2864 2052 3163 2124 apostolos,
3218 2051 3360 2106 dixit
3390 2069 3403 2106 :
3439 2054 3581 2106 Data
3615 2058 3684 2106 est
3717 2052 3838 2105 mihi

2240 2152 2407 2204 omnis
2432 2155 2673 2218 potestas
2706 2150 2764 2202 in
2801 2148 2927 2202 cado
2949 2154 2997 2202 et
3041 2150 3101 2201 in
3141 2153 3302 2201 terra.
3328 2148 3411 2201 Ite
3450 2161 3568 2213 ergo
3596 2150 3643 2199 et
3683 2145 3838 2199 docete

2240 2258 2415 2299 omnes
2456 2248 2663 2311 gentes,
2707 2244 2970 2309 tingentes
3020 2240 3132 2312 (52)
3178 2256 3260 2295 eos
3306 2242 3367 2293 in
3414 2242 3620 2293 nomine
3659 2240 3838 2299 Patris,

2242 2341 2291 2391 et
2339 2337 2480 2399 Filii,
2536 2340 2585 2390 et
2630 2337 2867 2406 Spiritus
2920 2337 3113 2400 sancti,
3166 2334 3409 2389 docentes
3454 2348 3537 2387 eos
3586 2332 3838 2386 observare

2243 2432 2422 2484 omnia
2466 2445 2790 2499 quaecunque
2831 2430 3064 2498 praecepi
3120 2427 3165 2462 ⁸⁵
3218 2429 3371 2482 vobis
3423 2426 3656 2498 (Matth.,
3707 2440 3838 2488 χχιιι,

2246 2522 2446 2591 18-20).
2480 2522 2666 2586 Quare
2699 2522 2743 2575 si
2771 2521 2829 2575 in
2881 2521 3096 2575 lumine
3131 2520 3338 2574 Christi
3388 2519 3671 2573 ambulare
3714 2517 3841 2571 volu-

2242 2633 2388 2682 mus,
2417 2633 2449 2669 a
2477 2616 2773 2686 prmeeptis
2815 2618 2874 2668 et
2902 2614 3135 2669 monitis
3166 2614 3289 2685 ejus
3336 2629 3452 2668 non
3510 2611 3837 2672 recedamus,

2246 2712 2481 2780 agentes
2512 2708 2719 2781 gratias
2746 2707 2919 2780 quod,
2951 2708 3087 2761 dum
3106 2707 3412 2761 instruitin
3447 2706 3694 2760 futurum
3720 2702 3839 2775 quid

2246 2803 2435 2858 facere
2472 2802 2804 2864 debeamus,
2836 2802 2905 2856 de
2949 2802 3236 2872 praeterito
3277 2800 3523 2871 ignoscit
3563 2799 3706 2871 quod
3730 2798 3841 2850 sim~

2247 2897 2469 2967 pliciter
2525 2896 2869 2950 erravimus.
2935 2897 2999 2949 Et
3048 2895 3182 2967 quia
3234 2895 3357 2966 jam
3425 2892 3694 2948 secundus
3736 2892 3841 2962 ejus

2249 2990 2524 3045 adventus
2590 2990 2749 3044 nobis
2814 2989 3267 3061 appropinquat,
3329 2989 3516 3060 magis
3564 3004 3624 3041 ac
3678 2984 3840 3056 magis

2247 3085 2491 3155 benigna
2524 3085 2646 3155 ejus
2672 3088 2725 3139 et
2776 3086 2939 3155 larga
2965 3083 3221 3153 dignatio
3275 3084 3447 3138 corda
3498 3086 3681 3137 nostra
3735 3080 3839 3133 luce

2255 3179 2501 3235 veritatis
2525 3177 2827 3233 illuminat.

2324 3274 2451 3326 XIX.
2489 3272 2763 3343 Religioni
2796 3271 2974 3343 igitur
3000 3275 3209 3326 nostrae
3233 3271 3500 3343 congruit
3518 3275 3573 3325 et
3596 3266 3773 3323 timori
3796 3271 3841 3320 et

2251 3365 2443 3441 389
2496 3367 2605 3437 ipsi
2652 3368 2771 3421 loco
2819 3369 2988 3437 atque
3053 3365 3237 3420 ofﬁcio
3301 3364 3601 3420 sacerdotii
3652 3360 3838 3425 nostri,

2248 3462 2422 3516 frater
2468 3460 2817 3527 charissime,
2848 3460 2905 3514 in
2950 3459 3240 3515 Dominico
3284 3459 3458 3514 calice
3502 3455 3769 3512 miscendo
3795 3455 3842 3507 et

2248 3555 2535 3611 offerendo
2586 3554 2867 3610 custodire
2929 3553 3252 3608 traditionis
3303 3552 3613 3609 Dominicaa
3662 3548 3839 3604 verita-

1824 3786 1829 3793 1
1895 3706 2106 3771 Varias
2161 3708 2500 3772 lectiones.

596 3842 633 3875 ³³
662 3841 742 3892 De
768 3841 917 3905 ligno
939 3845 990 3892 et
1018 3840 1203 3905 lapide
1225 3841 1330 3891 ΝΟ.
1359 3840 1406 3890 2.
1473 3842 1516 3875 ⁸⁸
1538 3842 1657 3892 Non
1691 3843 1938 3893 ambulat
1967 3842 2119 3893 Ebor.

2210 3843 2252 3877 δε
2283 3842 2535 3893 Mandavi
2562 3842 2665 3891 NC.
2689 3841 2737 3889 ‘2.

1817 3954 2042 4036 Steph.
2093 3954 2338 4016 Baluzii
2384 3958 2577 4016 notas.

588 4102 682 4163 (45)
744 4099 1021 4162 Scriptura
1075 4099 1233 4148 enim.
1288 4099 1556 4150 Undecim
1610 4101 1736 4151 libri
1794 4105 2033 4164 veteres,
2093 4106 2149 4152 et

520 4173 576 4222 in
623 4172 709 4220 his
767 4170 1177 4232 Seguieriauus,
1240 4170 1442 4220 omissa
1490 4173 1768 4222 mentione
1818 4174 1991 4235 panis,
2075 4174 2149 4220 ita

522 4243 769 4291 referunt
796 4240 950 4290 hunc
974 4241 1159 4289 locum
1209 4256 1220 4288 :
1267 4242 1546 4303 Scriptura
1588 4244 1727 4290 enim
1773 4243 1899 4292 dicit
1932 4249 1988 4293 ut
2021 4257 2149 4306 quo-

526 4316 826 4375 tiescunque
880 4311 1090 4361 calicem
1142 4313 1199 4359 in
1246 4315 1791 4363 commemorationem
1849 4315 2057 4362 Domini
2106 4318 2152 4363 et

523 4385 800 4448 passionis,
824 4386 926 4432 etc.

585 4456 684 4517 (46)
743 4454 803 4501 Et
852 4452 1060 4502 viderit.
1115 4452 1358 4503 Rursum
1425 4452 1517 4504 hic
1558 4453 1717 4503 locus
1770 4452 2013 4503 ostendit
2057 4465 2154 4502 au-

2247 4102 2514 4164 scriptum
2560 4103 2643 4149 est
2692 4096 3184 4161 pseudoprophetas.
3243 4094 3408 4157 Quod
3476 4091 3726 4164 fortassis
3775 4091 3843 4164 est

2250 4161 2465 4224 melius.
2496 4171 2631 4220 Nam
2671 4169 2979 4232 Cyprianus
3015 4169 3069 4216 in
3112 4166 3254 4216 libro
3297 4167 3362 4216 de
3397 4166 3597 4214 Unitate
3617 4161 3841 4219 Ecclesia,

2251 4257 2374 4308 pag.
2430 4243 2539 4301 197,
2591 4231 2833 4290 referens
2881 4239 3053 4287 alium
3108 4237 3294 4288 locum
3354 4251 3421 4287 ex
3475 4235 3660 4308 eodem
3692 4231 3843 4294 capite

2250 4306 2507 4364 Jeremiee
2584 4311 2786 4373 legitur
2856 4308 3065 4358 dixisse
3107 4322 3118 4355 :
3160 4308 3334 4358 Nolite
3385 4306 3571 4357 audire
3615 4312 3845 4353 sermones

2251 4380 2841 4446 pseudoprophetarum.

2324 4440 2650 4514 (51)'Lu{nen
2698 4449 2890 4499 saeculi.
2934 4449 3157 4499 Retinui
3201 4448 3346 4499 hanc
3394 4449 3692 4502 lectionem,
3736 4440 3843 4514 quia

526 4503 760 4583 daclam,
790 4524 1182 4587 negligentiam
1220 4528 1274 4573 et
1321 4524 1671 4573 oscitantiam
1708 4529 1957 4574 veterum
1988 4503 2235 4575 libra-D
2258 4503 2416 4573 illam
2453 4523 2645 4572 inveni
2696 4522 2752 4570 in
2789 4520 3071 4570 sexdecim
3117 4519 3406 4571 codicibus
3435 4516 3684 4581 antiquis.
3714 4503 3842 4563 Alio-

523 4597 749 4646 riorum.
784 4594 1023 4656 Quidam
1055 4595 1200 4644 enim
1232 4594 1357 4643 libri
1388 4598 1602 4645 veteres
1629 4594 1840 4644 habent
1874 4600 1921 4644 et
1944 4593 2156 4654 viderit,

525 4667 639 4725 alii,
682 4671 729 4716 et
776 4665 989 4725 videris,
1032 4665 1123 4715 sed
1161 4666 1296 4726 vide,
1336 4665 1425 4715 sed
1474 4665 1686 4727 videris,
1728 4665 1817 4715 sed
1869 4665 2156 4715 videamus.

522 4738 757 4801 Aliquae
785 4737 936 4787 enim
978 4735 1177 4785 harum
1219 4736 1523 4786 lectionum
1564 4737 1729 4786 falsas
1773 4749 1894 4786 esse
1929 4748 2159 4787 necesse

523 4813 622 4860 est.

587 4881 681 4940 (47)
707 4879 1048 4943 lncrcpantis.
1087 4878 1338 4940 Quatuor
1365 4880 1579 4943 antiqui
1614 4878 1837 4929 codices
1862 4878 1939 4928 ita
1968 4876 2159 4927 distin-

525 4954 723 5015 guunt,
748 4949 1172 5013 objurgationem
1220 4950 1451 4999 Domini.
1497 4950 1822 5012 lncrepantis
1862 4962 1971 4999 vos:
2003 4954 2076 4999 est
2100 4949 2159 4998 in

523 5020 749 5070 Psalmo.

589 5091 687 5152 (t8)
717 5089 1080 5140 Concurrebas
1116 5090 1179 5138 ei.
1237 5088 1330 5139 Sic
1379 5091 1543 5140 etiam
1575 5091 1733 5155 epist.
1763 5093 1845 5154 63,
1891 5092 2155 5157 pag.‘l20,

526 5161 625 5211 ubi
680 5162 834 5210 locus
882 5162 987 5210 iste
1056 5160 1307 5221 refertur,
1360 5161 1733 5213 Tertullianus
1784 5164 1839 5212 in
1894 5163 2036 5212 libro
2096 5164 2159 5211 de

528 5231 846 5295 Spectaculis
865 5235 918 5280 et
938 5229 1167 5295 quidam
1193 5230 1318 5280 libri
1344 5236 1556 5282 veteres
1580 5232 1788 5284 habent
1806 5232 2158 5284 concurrebas

526 5315 643 5351 cum
666 5314 741 5350 eo.
793 5300 918 5363 Quo
962 5303 1129 5351 etiam
1172 5301 1339 5351 modo
1373 5303 1574 5366 legitur
1610 5306 1665 5353 in
1717 5305 1948 5368 epistola
1975 5303 2156 5355 Siricii

531 5373 694 5436 Papa:
722 5372 793 5421 ad
821 5373 1128 5421 Himerium.
1156 5372 1395 5434 Quidam
1423 5374 1515 5422 alii
1555 5375 1714 5424 simul
1765 5375 2015 5425 currebas
2041 5388 2156 5425 cum

529 5457 604 5493 eo.
637 5442 821 5504 Quam
871 5444 1169 5493 lectionem
1218 5444 1497 5495 Pamelius
1547 5446 1624 5495 ait
1667 5458 1726 5497 se
1768 5447 2045 5496 invenisse
2100 5446 2158 5494 in

529 5512 722 5564 codice
746 5514 1121 5578 Afﬂigemensi
1153 5519 1205 5565 et
1240 5517 1296 5565 in
1324 5515 1656 5567 Coloniensi.

593 5584 693 5647 (49)
719 5586 1062 5636 Particatam.
1094 5586 1155 5635 In
1182 5587 1517 5651 quibusdam
1562 5588 1971 5653 exemplaribus
2014 5588 2157 5637 anti-

531 5661 676 5725 quis,
704 5659 904 5723 legitur
941 5661 1250 5724 portioncm.
1294 5662 1420 5725 Quo
1461 5664 1629 5714 etiam
1672 5664 1838 5714 modo
1888 5666 2157 5726 scriptum

531 5736 617 5784 est
642 5732 699 5782 in
724 5734 958 5796 epistola
985 5734 1065 5795 68,
1097 5737 1154 5785 et
1181 5736 1237 5785 in
1267 5737 1498 5800 epistola
1521 5735 1720 5787 Siricli.

593 5812 685 5889 (50,)
743 5813 824 5863 Ad
881 5814 1179 5878 prophetas.
1256 5815 1318 5864 In
1374 5815 1594 5865 duobus
1642 5816 1797 5865 libris
1873 5813 2157 5865 veteribus

2260 4596 2357 4659 qui
2384 4594 2753 4658 praetulissem
2801 4606 2924 4642 eam
2959 4605 3085 4655 quae
3126 4592 3298 4643 habet
3336 4592 3427 4641 tua:
3464 4589 3659 4650 mundi,
3700 4595 3841 4659 quain

2260 4655 2313 4717 et
2341 4655 2555 4717 veteres
2594 4666 2865 4717 editiones
2906 4668 2962 4715 et
3007 4666 3251 4729 quinque
3298 4663 3423 4713 libri
3463 4665 3665 4712 veteres
3702 4655 3841 4729 exhi-I

2259 4738 2411 4797 bent,
2441 4738 2547 4787 nisi
2574 4736 2724 4801 quod
2754 4738 2810 4785 in
2844 4721 3178 4788 Carnotensi'
3195 4735 3461 4798 scriptum
3495 4737 3573 4783 est
3595 4726 3762 4801 mundi
3777 4721 3842 4801 vel

2257 4795 2449 4858 saeculi.
2484 4795 2678 4871 Κόσξιον
2723 4807 2892 4867 enim,
2940 4806 3091 4871 quod
3129 4811 3207 4856 est
3254 4795 3556 4863 in'Graaco,
3600 4795 3843 4871 signiﬁcat

2258 4880 2477 4943 proprie
2503 4870 2795 4928 mundum.
2833 4877 2974 4926 Unde
2997 4883 3043 4927 et
3066 4877 3248 4935 Graeci,
3295 4876 3473 4940 inquit
3503 4870 3841 4943 Tertullianus

2258 4940 2315 5000 in
2361 4940 2704 5014 Itpotogctico,
2742 4962 2929 4998 nomen
2984 4948 3180 4998 mundo
3215 4948 3410 5009 Κόσμον
3462 4940 3841 5014 accommodave-

2257 5011 2415 5070 runtf
2430 5021 2509 5071 Ita
2528 5011 2697 5071 etiam
2720 5024 2947 5070 sanctus
2964 5019 3226 5079 Hilarius,
3245 5019 3301 5067 in
3322 5018 3460 5068 libro
3485 5016 3571 5066 ide
3600 5011 3840 5087 Trinitatis

2259 5092 2493 5153 Plinius,
2528 5092 2621 5142 lib.
2655 5105 2710 5152 ιι,
2751 5106 2869 5154 cap.
2910 5093 2979 5141 4:
3023 5108 3052 5136 «
3087 5091 3224 5139 Nam
3264 5102 3429 5154 quem
3461 5087 3645 5148 Κόσμον
3684 5080 3839 5132 Grmci

2257 5167 2484 5214 nomine
2540 5164 2847 5213 ornamenti
2922 5160 3368 5225 appellaverunt,
3424 5172 3547 5210 eum
3594 5159 3643 5206 et
3684 5161 3842 5225 nos}!

2256 5236 2499 5298 perfecta
2569 5218 3274 5298 absolutaque-elegantia
3328 5218 3608 5282 mundum.
3654 5244 3678 5271 »
3723 5218 3842 5298 Vide

2256 5290 2607 5357 Ludovicum
2684 5290 2920 5356 Caalium
2977 5290 3371 5368 Rhodiginum,
3428 5301 3518 5351 lib.
3562 5312 3595 5359 ι,
3641 5308 3745 5358 cap.
3798 5290 3838 5339 5-

2259 5375 2613 5441 Quamquam
2638 5390 2830 5426 verum
2857 5382 2941 5426 est
2969 5377 3266 5440 scriptores
3304 5370 3689 5426 ecclesiasticos
3715 5371 3841 5424 saepe

2256 5461 2524 5511 usurpare
2558 5449 2827 5498 saeculum
2856 5462 2955 5513 pro
2986 5448 3213 5499 mundo.
3659 5511 3666 5514 _
3696 5505 3756 5514 Α,

2320 5505 2418 5581 (59.)
2467 5521 2751 5582 ’l’ingentcs.
2814 5505 3078 5584 thnque
3124 5519 3249 5569 libri
3292 5522 3500 5569 veteres
3548 5517 3600 5563 et
3643 5505 3841 5584 ᾼΐῧίεθ·

2256 5591 2465 5639 mensis
2527 5581 2579 5639 a7
2621 5581 2865 5641 Pamelio
2937 5581 3193 5641 laudatus
3264 5589 3467 5640 habent
3533 5581 3838 5654 baptizantcs,

2256 5660 2452 5711 eodem
2482 5674 2668 5711 sensu.
2703 5662 2795 5711 Sic
2829 5662 3037 5725 placuit
3082 5662 3319 5712 librariis
3363 5662 3570 5710 mutare
3597 5646 3692 5718 pro
3715 5646 3837 5697 arbi-

2257 5732 2361 5782 trio
2390 5745 2493 5782 suo
2520 5733 2792 5783 dictiones
2816 5735 2994 5785 sancti
3019 5732 3298 5798 Cypriani.
