  <div class='ocr_page' id='page_1' title='image "/cluster/home/n/w/nwhite01/storage/ocr_20150623/4/hvd.32044073549446/206.png"; bbox 0 0 3978 6194; ppageno 0'>
   <div class='ocr_carea' id='block_1_1' title="bbox 178 176 2069 242">
    <p class='ocr_par' dir='ltr' id='par_1_1' title="bbox 178 176 2069 242">
     <span class='ocr_line' id='line_1_1' title="bbox 178 176 2069 242; baseline 0.006 -12"><span class='ocrx_word' id='word_1_1' title='bbox 178 176 254 231; x_wconf 70' lang='grc'><strong>401</strong></span> <span class='ocrx_word' id='word_1_2' title='bbox 1542 185 1857 240; x_wconf 72' lang='lat' dir='ltr'><strong>El’lSTOLA</strong></span> <span class='ocrx_word' id='word_1_3' title='bbox 1898 188 2069 242; x_wconf 81' lang='lat' dir='ltr'><strong>LXIV.</strong></span> 
     </span>
    </p>
   </div>
   <div class='ocr_carea' id='block_1_2' title="bbox 3377 200 3481 255">
    <p class='ocr_par' dir='ltr' id='par_1_2' title="bbox 3377 200 3481 255">
     <span class='ocr_line' id='line_1_2' title="bbox 3377 200 3481 255; baseline 0 0"><span class='ocrx_word' id='word_1_4' title='bbox 3377 200 3481 255; x_wconf 75' lang='grc'><strong>402</strong></span> 
     </span>
    </p>
   </div>
   <div class='ocr_carea' id='block_1_3' title="bbox 169 305 3480 401">
    <p class='ocr_par' dir='ltr' id='par_1_3' title="bbox 169 305 3480 401">
     <span class='ocr_line' id='line_1_3' title="bbox 169 305 3480 401; baseline 0.006 -42"><span class='ocrx_word' id='word_1_5' title='bbox 169 309 361 401; x_wconf 43' lang='grc' dir='ltr'><strong>ιδυμεῖ</strong></span> <span class='ocrx_word' id='word_1_6' title='bbox 388 305 530 376; x_wconf 89' lang='lat' dir='ltr'><strong>quod</strong></span> <span class='ocrx_word' id='word_1_7' title='bbox 558 305 715 376; x_wconf 87' lang='lat' dir='ltr'><strong>prius</strong></span> <span class='ocrx_word' id='word_1_8' title='bbox 738 306 889 401; x_wconf 86' lang='lat' dir='ltr'><strong>apud</strong></span> <span class='ocrx_word' id='word_1_9' title='bbox 918 308 1199 377; x_wconf 86' lang='lat' dir='ltr'><strong>quosdam</strong></span> <span class='ocrx_word' id='word_1_10' title='bbox 1226 309 1451 364; x_wconf 86' lang='lat' dir='ltr'><strong>videtur</strong></span> <span class='ocrx_word' id='word_1_11' title='bbox 1477 315 1749 379; x_wconf 81' lang='lat' dir='ltr'><strong>erratum,</strong></span> <span class='ocrx_word' id='word_1_12' title='bbox 1776 328 1833 401; x_wconf 78' lang='grc' dir='ltr'>Α</span> <span class='ocrx_word' id='word_1_13' title='bbox 1854 315 2103 385; x_wconf 76' lang='lat' dir='ltr'><strong>exsistat,</strong></span> <span class='ocrx_word' id='word_1_14' title='bbox 2133 321 2189 371; x_wconf 90' lang='lat' dir='ltr'><strong>et</strong></span> <span class='ocrx_word' id='word_1_15' title='bbox 2216 318 2313 387; x_wconf 85' lang='lat' dir='ltr'><strong>qui</strong></span> <span class='ocrx_word' id='word_1_16' title='bbox 2342 335 2455 372; x_wconf 87' lang='lat' dir='ltr'><strong>non</strong></span> <span class='ocrx_word' id='word_1_17' title='bbox 2485 320 2674 374; x_wconf 89' lang='lat' dir='ltr'><strong>docuit</strong></span> <span class='ocrx_word' id='word_1_18' title='bbox 2698 323 2901 377; x_wconf 75' lang='lat' dir='ltr'><strong>fratres</strong></span> <span class='ocrx_word' id='word_1_19' title='bbox 2930 322 2986 379; x_wconf 86' lang='lat' dir='ltr'><strong>in</strong></span> <span class='ocrx_word' id='word_1_20' title='bbox 3022 325 3213 395; x_wconf 78' lang='lat' dir='ltr'><strong>praclio</strong></span> <span class='ocrx_word' id='word_1_21' title='bbox 3254 326 3480 381; x_wconf 75' lang='lat' dir='ltr'><strong>fortiter</strong></span> 
     </span>
    </p>
   </div>
   <div class='ocr_carea' id='block_1_4' title="bbox 168 398 1751 471">
    <p class='ocr_par' dir='ltr' id='par_1_4' title="bbox 168 398 1751 471">
     <span class='ocr_line' id='line_1_4' title="bbox 168 398 1751 471; baseline 0.003 -16"><span class='ocrx_word' id='word_1_22' title='bbox 168 398 373 455; x_wconf 87' lang='lat' dir='ltr'><strong>Domino</strong></span> <span class='ocrx_word' id='word_1_23' title='bbox 411 404 700 466; x_wconf 86' lang='lat' dir='ltr'><strong>monente,</strong></span> <span class='ocrx_word' id='word_1_24' title='bbox 741 400 1057 471; x_wconf 81' lang='lat' dir='ltr'><strong>corrigere;</strong></span> <span class='ocrx_word' id='word_1_25' title='bbox 1104 404 1184 469; x_wconf 88' lang='lat' dir='ltr'><strong>ut,</strong></span> <span class='ocrx_word' id='word_1_26' title='bbox 1228 418 1358 456; x_wconf 89' lang='lat' dir='ltr'><strong>cum</strong></span> <span class='ocrx_word' id='word_1_27' title='bbox 1399 402 1457 456; x_wconf 89' lang='lat' dir='ltr'><strong>in</strong></span> <span class='ocrx_word' id='word_1_28' title='bbox 1500 405 1751 459; x_wconf 78' lang='lat' dir='ltr'><strong>claritate</strong></span> 
     </span>
    </p>
   </div>
   <div class='ocr_carea' id='block_1_5' title="bbox 165 492 1757 566">
    <p class='ocr_par' dir='ltr' id='par_1_5' title="bbox 165 492 1757 566">
     <span class='ocr_line' id='line_1_5' title="bbox 165 492 1757 566; baseline 0.003 -19"><span class='ocrx_word' id='word_1_29' title='bbox 165 510 244 547; x_wconf 79' lang='lat' dir='ltr'><strong>sua</strong></span> <span class='ocrx_word' id='word_1_30' title='bbox 279 499 330 547; x_wconf 86' lang='lat' dir='ltr'><strong>et</strong></span> <span class='ocrx_word' id='word_1_31' title='bbox 368 492 662 562; x_wconf 81' lang='lat' dir='ltr'><strong>majestate</strong></span> <span class='ocrx_word' id='word_1_32' title='bbox 705 493 916 547; x_wconf 65' lang='lat' dir='ltr'><strong>caelesti</strong></span> <span class='ocrx_word' id='word_1_33' title='bbox 960 495 1154 548; x_wconf 85' lang='lat' dir='ltr'><strong>venire</strong></span> <span class='ocrx_word' id='word_1_34' title='bbox 1201 496 1455 566; x_wconf 75' lang='lat' dir='ltr'><strong>cmperit,</strong></span> <span class='ocrx_word' id='word_1_35' title='bbox 1502 496 1757 553; x_wconf 84' lang='lat' dir='ltr'><strong>inveniat</strong></span> 
     </span>
    </p>
   </div>
   <div class='ocr_carea' id='block_1_6' title="bbox 163 585 1751 661">
    <p class='ocr_par' dir='ltr' id='par_1_6' title="bbox 163 585 1751 661">
     <span class='ocr_line' id='line_1_6' title="bbox 163 585 1751 661; baseline 0.003 -21"><span class='ocrx_word' id='word_1_36' title='bbox 163 602 245 640; x_wconf 86' lang='lat' dir='ltr'><strong>nos</strong></span> <span class='ocrx_word' id='word_1_37' title='bbox 283 591 471 639; x_wconf 87' lang='lat' dir='ltr'><strong>tenere</strong></span> <span class='ocrx_word' id='word_1_38' title='bbox 514 585 669 656; x_wconf 90' lang='lat' dir='ltr'><strong>quod</strong></span> <span class='ocrx_word' id='word_1_39' title='bbox 719 586 965 654; x_wconf 86' lang='lat' dir='ltr'><strong>monuit,</strong></span> <span class='ocrx_word' id='word_1_40' title='bbox 1003 587 1302 643; x_wconf 87' lang='lat' dir='ltr'><strong>observare</strong></span> <span class='ocrx_word' id='word_1_41' title='bbox 1347 590 1498 660; x_wconf 92' lang='lat' dir='ltr'><strong>quod</strong></span> <span class='ocrx_word' id='word_1_42' title='bbox 1541 590 1751 661; x_wconf 82' lang='lat' dir='ltr'><strong>docuit,</strong></span> 
     </span>
    </p>
   </div>
   <div class='ocr_carea' id='block_1_7' title="bbox 159 678 1751 755">
    <p class='ocr_par' dir='ltr' id='par_1_7' title="bbox 159 678 1751 755">
     <span class='ocr_line' id='line_1_7' title="bbox 159 678 1751 755; baseline 0.003 -20"><span class='ocrx_word' id='word_1_43' title='bbox 159 681 318 735; x_wconf 82' lang='lat' dir='ltr'><strong>facere</strong></span> <span class='ocrx_word' id='word_1_44' title='bbox 361 679 512 752; x_wconf 89' lang='lat' dir='ltr'><strong>quod</strong></span> <span class='ocrx_word' id='word_1_45' title='bbox 556 678 706 734; x_wconf 88' lang='lat' dir='ltr'><strong>fecit.</strong></span> <span class='ocrx_word' id='word_1_46' title='bbox 748 679 891 751; x_wconf 89' lang='lat' dir='ltr'><strong>Opto</strong></span> <span class='ocrx_word' id='word_1_47' title='bbox 921 684 977 735; x_wconf 85' lang='lat' dir='ltr'><strong>te</strong></span> <span class='ocrx_word' id='word_1_48' title='bbox 1015 682 1145 752; x_wconf 87' lang='lat'><strong>(53),</strong></span> <span class='ocrx_word' id='word_1_49' title='bbox 1186 681 1365 736; x_wconf 84' lang='lat' dir='ltr'><strong>frater</strong></span> <span class='ocrx_word' id='word_1_50' title='bbox 1403 683 1751 755; x_wconf 88' lang='lat' dir='ltr'><strong>charissime,</strong></span> 
     </span>
    </p>
   </div>
   <div class='ocr_carea' id='block_1_8' title="bbox 159 772 764 844">
    <p class='ocr_par' dir='ltr' id='par_1_8' title="bbox 159 772 764 844">
     <span class='ocr_line' id='line_1_8' title="bbox 159 772 764 844; baseline 0 -17"><span class='ocrx_word' id='word_1_51' title='bbox 159 788 354 844; x_wconf 80' lang='lat' dir='ltr'><strong>semper</strong></span> <span class='ocrx_word' id='word_1_52' title='bbox 375 772 527 827; x_wconf 85' lang='lat' dir='ltr'><strong>bene</strong></span> <span class='ocrx_word' id='word_1_53' title='bbox 559 773 764 828; x_wconf 87' lang='lat' dir='ltr'><strong>valere.</strong></span> 
     </span>
    </p>
   </div>
   <div class='ocr_carea' id='block_1_9' title="bbox 672 889 1198 946">
    <p class='ocr_par' dir='ltr' id='par_1_9' title="bbox 672 889 1198 946">
     <span class='ocr_line' id='line_1_9' title="bbox 672 889 1198 946; baseline 0.006 -3"><span class='ocrx_word' id='word_1_54' title='bbox 672 889 994 946; x_wconf 84' lang='lat' dir='ltr'><strong>EPISTOLA</strong></span> <span class='ocrx_word' id='word_1_55' title='bbox 1033 892 1198 946; x_wconf 84' lang='lat' dir='ltr'><strong>LXIV.</strong></span> 
     </span>
    </p>
   </div>
   <div class='ocr_carea' id='block_1_10' title="bbox 151 998 1752 1067">
    <p class='ocr_par' dir='ltr' id='par_1_10' title="bbox 151 998 1752 1067">
     <span class='ocr_line' id='line_1_10' title="bbox 151 998 1752 1067; baseline 0.004 -20"><span class='ocrx_word' id='word_1_56' title='bbox 151 998 362 1059; x_wconf 63' lang='lat' dir='ltr'><strong>(8mm,</strong></span> <span class='ocrx_word' id='word_1_57' title='bbox 382 1009 421 1058; x_wconf 84' lang='grc' dir='ltr'>ι,</span> <span class='ocrx_word' id='word_1_58' title='bbox 445 1003 503 1060; x_wconf 85' lang='lat'><strong>7;</strong></span> <span class='ocrx_word' id='word_1_59' title='bbox 533 999 746 1060; x_wconf 80' lang='lat' dir='ltr'><strong>Pamel.,</strong></span> <span class='ocrx_word' id='word_1_60' title='bbox 769 1000 976 1063; x_wconf 63' lang='lat' dir='ltr'><strong>Rigalt,</strong></span> <span class='ocrx_word' id='word_1_61' title='bbox 1001 1002 1189 1062; x_wconf 86' lang='lat' dir='ltr'><strong>Baluz.,</strong></span> <span class='ocrx_word' id='word_1_62' title='bbox 1223 1013 1375 1066; x_wconf 80' lang='lat' dir='ltr'><strong>mv;</strong></span> <span class='ocrx_word' id='word_1_63' title='bbox 1402 1004 1582 1065; x_wconf 62' lang='lat' dir='ltr'><strong>Paria,</strong></span> <span class='ocrx_word' id='word_1_64' title='bbox 1606 1014 1752 1067; x_wconf 80' lang='lat' dir='ltr'><strong>LXIII;</strong></span> 
     </span>
    </p>
   </div>
   <div class='ocr_carea' id='block_1_11' title="bbox 674 1071 1196 1136">
    <p class='ocr_par' dir='ltr' id='par_1_11' title="bbox 674 1071 1196 1136">
     <span class='ocr_line' id='line_1_11' title="bbox 674 1071 1196 1136; baseline 0.002 -16"><span class='ocrx_word' id='word_1_65' title='bbox 674 1071 863 1134; x_wconf 85' lang='lat' dir='ltr'><strong>Oxon.,</strong></span> <span class='ocrx_word' id='word_1_66' title='bbox 894 1072 1028 1136; x_wconf 81' lang='lat' dir='ltr'><strong>Lips.</strong></span> <span class='ocrx_word' id='word_1_67' title='bbox 1040 1109 1054 1133; x_wconf 94' lang='lat'><strong>,</strong></span> <span class='ocrx_word' id='word_1_68' title='bbox 1080 1077 1196 1136; x_wconf 77' lang='lat' dir='ltr'><strong>LXV)</strong></span> 
     </span>
    </p>
   </div>
   <div class='ocr_carea' id='block_1_12' title="bbox 151 1176 1745 1230">
    <p class='ocr_par' dir='ltr' id='par_1_12' title="bbox 151 1176 1745 1230">
     <span class='ocr_line' id='line_1_12' title="bbox 151 1176 1745 1230; baseline 0.004 -17"><span class='ocrx_word' id='word_1_69' title='bbox 151 1177 204 1213; x_wconf 73' lang='grc' dir='ltr'><strong>ΑΒ</strong></span> <span class='ocrx_word' id='word_1_70' title='bbox 244 1176 539 1216; x_wconf 69' lang='lat' dir='ltr'><strong>EPICTBTUI</strong></span> <span class='ocrx_word' id='word_1_71' title='bbox 579 1178 641 1217; x_wconf 82' lang='lat' dir='ltr'><strong>ET</strong></span> <span class='ocrx_word' id='word_1_72' title='bbox 680 1179 884 1217; x_wconf 72' lang='grc' dir='ltr'><strong>Ριεθει</strong></span> <span class='ocrx_word' id='word_1_73' title='bbox 931 1179 1406 1230; x_wconf 76' lang='lat' dir='ltr'><strong>ASSURITANORUM,</strong></span> <span class='ocrx_word' id='word_1_74' title='bbox 1447 1180 1514 1217; x_wconf 82' lang='lat' dir='ltr'><strong>DE</strong></span> <span class='ocrx_word' id='word_1_75' title='bbox 1551 1179 1745 1220; x_wconf 74' lang='lat' dir='ltr'><strong>FORTU-</strong></span> 
     </span>
    </p>
   </div>
   <div class='ocr_carea' id='block_1_13' title="bbox 413 1264 1460 1313">
    <p class='ocr_par' dir='ltr' id='par_1_13' title="bbox 413 1264 1460 1313">
     <span class='ocr_line' id='line_1_13' title="bbox 413 1264 1460 1313; baseline 0.001 -10"><span class='ocrx_word' id='word_1_76' title='bbox 413 1264 648 1304; x_wconf 72' lang='lat' dir='ltr'><strong>NATIANO</strong></span> <span class='ocrx_word' id='word_1_77' title='bbox 685 1266 939 1313; x_wconf 76' lang='lat' dir='ltr'><strong>QUONDAM</strong></span> <span class='ocrx_word' id='word_1_78' title='bbox 978 1266 1153 1305; x_wconf 71' lang='lat' dir='ltr'><strong>EOBUM</strong></span> <span class='ocrx_word' id='word_1_79' title='bbox 1194 1266 1460 1305; x_wconf 80' lang='lat' dir='ltr'><strong>EPISCOPO.</strong></span> 
     </span>
    </p>
   </div>
   <div class='ocr_carea' id='block_1_14' title="bbox 149 1362 1742 1431">
    <p class='ocr_par' dir='ltr' id='par_1_14' title="bbox 149 1362 1742 1431">
     <span class='ocr_line' id='line_1_14' title="bbox 149 1362 1742 1431; baseline 0.002 -17"><span class='ocrx_word' id='word_1_80' title='bbox 149 1362 519 1416; x_wconf 70' lang='lat' dir='ltr'><strong>Anci&#39;usiv&#39;ruu.</strong></span> <span class='ocrx_word' id='word_1_81' title='bbox 570 1392 637 1400; x_wconf 89' lang='lat'>—</span> <span class='ocrx_word' id='word_1_82' title='bbox 688 1364 866 1416; x_wconf 85' lang='lat' dir='ltr'><strong>Monet</strong></span> <span class='ocrx_word' id='word_1_83' title='bbox 915 1363 1216 1431; x_wconf 81' lang='lat' dir='ltr'><strong>Epictetum</strong></span> <span class='ocrx_word' id='word_1_84' title='bbox 1264 1367 1316 1415; x_wconf 90' lang='lat' dir='ltr'><strong>et</strong></span> <span class='ocrx_word' id='word_1_85' title='bbox 1364 1362 1572 1431; x_wconf 82' lang='lat' dir='ltr'><strong>plebem</strong></span> <span class='ocrx_word' id='word_1_86' title='bbox 1633 1362 1742 1417; x_wconf 87' lang='lat' dir='ltr'><strong>As-</strong></span> 
     </span>
    </p>
   </div>
   <div class='ocr_carea' id='block_1_15' title="bbox 201 1452 1744 1522">
    <p class='ocr_par' dir='ltr' id='par_1_15' title="bbox 201 1452 1744 1522">
     <span class='ocr_line' id='line_1_15' title="bbox 201 1452 1744 1522; baseline 0.001 -18"><span class='ocrx_word' id='word_1_87' title='bbox 201 1452 560 1505; x_wconf 85' lang='lat' dir='ltr'><strong>suritanorum</strong></span> <span class='ocrx_word' id='word_1_88' title='bbox 598 1456 659 1505; x_wconf 87' lang='lat' dir='ltr'><strong>ut</strong></span> <span class='ocrx_word' id='word_1_89' title='bbox 697 1452 1181 1518; x_wconf 83' lang='lat' dir='ltr'><strong>Fortunatianum,</strong></span> <span class='ocrx_word' id='word_1_90' title='bbox 1231 1452 1506 1520; x_wconf 84' lang='lat' dir='ltr'><strong>quondam</strong></span> <span class='ocrx_word' id='word_1_91' title='bbox 1543 1455 1744 1522; x_wconf 86' lang='lat' dir='ltr'><strong>episco-</strong></span> 
     </span>
    </p>
   </div>
   <div class='ocr_carea' id='block_1_16' title="bbox 1854 410 3479 487">
    <p class='ocr_par' dir='ltr' id='par_1_16' title="bbox 1854 410 3479 487">
     <span class='ocr_line' id='line_1_16' title="bbox 1854 410 3479 487; baseline 0.008 -25"><span class='ocrx_word' id='word_1_92' title='bbox 1854 412 2036 477; x_wconf 87' lang='lat' dir='ltr'><strong>stare,</strong></span> <span class='ocrx_word' id='word_1_93' title='bbox 2080 410 2285 465; x_wconf 86' lang='lat' dir='ltr'><strong>doceat</strong></span> <span class='ocrx_word' id='word_1_94' title='bbox 2328 429 2421 466; x_wconf 90' lang='lat' dir='ltr'><strong>eos</strong></span> <span class='ocrx_word' id='word_1_95' title='bbox 2466 414 2561 483; x_wconf 86' lang='lat' dir='ltr'><strong>qui</strong></span> <span class='ocrx_word' id='word_1_96' title='bbox 2612 414 2741 468; x_wconf 80' lang='lat' dir='ltr'><strong>victi</strong></span> <span class='ocrx_word' id='word_1_97' title='bbox 2785 419 2841 471; x_wconf 88' lang='lat' dir='ltr'><strong>et</strong></span> <span class='ocrx_word' id='word_1_98' title='bbox 2888 420 3147 487; x_wconf 83' lang='lat' dir='ltr'><strong>prostrati</strong></span> <span class='ocrx_word' id='word_1_99' title='bbox 3192 427 3326 474; x_wconf 88' lang='lat' dir='ltr'><strong>sunt</strong></span> <span class='ocrx_word' id='word_1_100' title='bbox 3376 438 3479 475; x_wconf 86' lang='lat' dir='ltr'><strong>nec</strong></span> 
     </span>
    </p>
   </div>
   <div class='ocr_carea' id='block_1_17' title="bbox 1855 507 3478 580">
    <p class='ocr_par' dir='ltr' id='par_1_17' title="bbox 1855 507 3478 580">
     <span class='ocr_line' id='line_1_17' title="bbox 1855 507 3478 580; baseline 0.007 -24"><span class='ocrx_word' id='word_1_101' title='bbox 1855 519 2095 573; x_wconf 85' lang='lat' dir='ltr'><strong>rogare,</strong></span> <span class='ocrx_word' id='word_1_102' title='bbox 2145 522 2273 559; x_wconf 86' lang='lat' dir='ltr'><strong>cum</strong></span> <span class='ocrx_word' id='word_1_103' title='bbox 2331 507 2597 562; x_wconf 85' lang='lat' dir='ltr'><strong>Dominus</strong></span> <span class='ocrx_word' id='word_1_104' title='bbox 2649 509 2842 565; x_wconf 87' lang='lat' dir='ltr'><strong>dicat:</strong></span> <span class='ocrx_word' id='word_1_105' title='bbox 2893 513 3006 566; x_wconf 88' lang='lat' dir='ltr'><strong>Illis</strong></span> <span class='ocrx_word' id='word_1_106' title='bbox 3059 514 3286 580; x_wconf 73' lang='lat' dir='ltr'><strong>fudistis</strong></span> <span class='ocrx_word' id='word_1_107' title='bbox 3339 515 3478 568; x_wconf 86' lang='lat' dir='ltr'><strong>liba-</strong></span> 
     </span>
    </p>
   </div>
   <div class='ocr_carea' id='block_1_18' title="bbox 1854 599 3481 675">
    <p class='ocr_par' dir='ltr' id='par_1_18' title="bbox 1854 599 3481 675">
     <span class='ocr_line' id='line_1_18' title="bbox 1854 599 3481 675; baseline 0.007 -25"><span class='ocrx_word' id='word_1_108' title='bbox 1854 599 2022 663; x_wconf 83' lang='lat' dir='ltr'><strong>mina,</strong></span> <span class='ocrx_word' id='word_1_109' title='bbox 2064 604 2113 653; x_wconf 89' lang='lat' dir='ltr'><strong>et</strong></span> <span class='ocrx_word' id='word_1_110' title='bbox 2146 600 2262 655; x_wconf 82' lang='lat' dir='ltr'><strong>illis</strong></span> <span class='ocrx_word' id='word_1_111' title='bbox 2296 603 2627 671; x_wconf 78' lang='lat' dir='ltr'><strong>imposuistis</strong></span> <span class='ocrx_word' id='word_1_112' title='bbox 2653 607 2947 673; x_wconf 81' lang='lat' dir='ltr'><strong>sacriﬁcia;</strong></span> <span class='ocrx_word' id='word_1_113' title='bbox 2978 621 3139 675; x_wconf 83' lang='lat' dir='ltr'><strong>super</strong></span> <span class='ocrx_word' id='word_1_114' title='bbox 3164 608 3272 661; x_wconf 73' lang='lat' dir='ltr'><strong>haec</strong></span> <span class='ocrx_word' id='word_1_115' title='bbox 3301 612 3481 662; x_wconf 85' lang='lat' dir='ltr'><strong>omnia</strong></span> 
     </span>
    </p>
   </div>
   <div class='ocr_carea' id='block_1_19' title="bbox 1854 694 3472 769">
    <p class='ocr_par' dir='ltr' id='par_1_19' title="bbox 1854 694 3472 769">
     <span class='ocr_line' id='line_1_19' title="bbox 1854 694 3472 769; baseline 0.007 -25"><span class='ocrx_word' id='word_1_116' title='bbox 1854 707 1977 760; x_wconf 82' lang='lat' dir='ltr'><strong>ergo</strong></span> <span class='ocrx_word' id='word_1_117' title='bbox 2019 708 2127 746; x_wconf 87' lang='lat' dir='ltr'><strong>non</strong></span> <span class='ocrx_word' id='word_1_118' title='bbox 2172 694 2535 762; x_wconf 86' lang='lat' dir='ltr'><strong>indignabor?</strong></span> <span class='ocrx_word' id='word_1_119' title='bbox 2574 697 2708 751; x_wconf 87' lang='lat' dir='ltr'><strong>dicit</strong></span> <span class='ocrx_word' id='word_1_120' title='bbox 2748 701 3003 753; x_wconf 80' lang='lat' dir='ltr'><strong>Dominus</strong></span> <span class='ocrx_word' id='word_1_121' title='bbox 3039 700 3187 769; x_wconf 83' lang='lat' dir='ltr'><strong>(Isa.,</strong></span> <span class='ocrx_word' id='word_1_122' title='bbox 3231 717 3354 767; x_wconf 79' lang='lat' dir='ltr'><strong>LVII,</strong></span> <span class='ocrx_word' id='word_1_123' title='bbox 3396 702 3472 769; x_wconf 87' lang='lat'><strong>6).</strong></span> 
     </span>
    </p>
   </div>
   <div class='ocr_carea' id='block_1_20' title="bbox 1854 785 3478 859">
    <p class='ocr_par' dir='ltr' id='par_1_20' title="bbox 1854 785 3478 859">
     <span class='ocr_line' id='line_1_20' title="bbox 1854 785 3478 859; baseline 0.007 -22"><span class='ocrx_word' id='word_1_124' title='bbox 1854 785 1921 837; x_wconf 90' lang='lat' dir='ltr'><strong>Et</strong></span> <span class='ocrx_word' id='word_1_125' title='bbox 1974 785 2083 839; x_wconf 90' lang='lat' dir='ltr'><strong>alio</strong></span> <span class='ocrx_word' id='word_1_126' title='bbox 2135 786 2260 841; x_wconf 92' lang='lat' dir='ltr'><strong>loco</strong></span> <span class='ocrx_word' id='word_1_127' title='bbox 2321 805 2334 841; x_wconf 86' lang='lat'><strong>:</strong></span> <span class='ocrx_word' id='word_1_128' title='bbox 2393 791 2713 859; x_wconf 81' lang='lat' dir='ltr'><strong>Sacriﬁcans</strong></span> <span class='ocrx_word' id='word_1_129' title='bbox 2764 791 2869 845; x_wconf 89' lang='lat' dir='ltr'><strong>diis</strong></span> <span class='ocrx_word' id='word_1_130' title='bbox 2917 792 3309 857; x_wconf 85' lang='lat' dir='ltr'><strong>eradicabitur,</strong></span> <span class='ocrx_word' id='word_1_131' title='bbox 3371 797 3478 849; x_wconf 86' lang='lat' dir='ltr'><strong>nisi</strong></span> 
     </span>
    </p>
   </div>
   <div class='ocr_carea' id='block_1_21' title="bbox 1853 880 3477 955">
    <p class='ocr_par' dir='ltr' id='par_1_21' title="bbox 1853 880 3477 955">
     <span class='ocr_line' id='line_1_21' title="bbox 1853 880 3477 955; baseline 0.006 -24"><span class='ocrx_word' id='word_1_132' title='bbox 1853 880 2075 933; x_wconf 87' lang='lat' dir='ltr'><strong>Domino</strong></span> <span class='ocrx_word' id='word_1_133' title='bbox 2109 882 2211 935; x_wconf 86' lang='lat' dir='ltr'><strong>soli</strong></span> <span class='ocrx_word' id='word_1_134' title='bbox 2249 882 2466 951; x_wconf 66' lang='lat' dir='ltr'><strong>(Exod,</strong></span> <span class='ocrx_word' id='word_1_135' title='bbox 2506 899 2634 945; x_wconf 84' lang='lat' dir='ltr'><strong>xxu,</strong></span> <span class='ocrx_word' id='word_1_136' title='bbox 2671 884 2774 955; x_wconf 84' lang='grc'>19).</span> <span class='ocrx_word' id='word_1_137' title='bbox 2806 886 2947 939; x_wconf 87' lang='lat' dir='ltr'><strong>Item</strong></span> <span class='ocrx_word' id='word_1_138' title='bbox 2986 885 3253 940; x_wconf 87' lang='lat' dir='ltr'><strong>Dominus</strong></span> <span class='ocrx_word' id='word_1_139' title='bbox 3290 886 3477 941; x_wconf 87' lang='lat' dir='ltr'><strong>denuo</strong></span> 
     </span>
    </p>
   </div>
   <div class='ocr_carea' id='block_1_22' title="bbox 1853 971 3477 1048">
    <p class='ocr_par' dir='ltr' id='par_1_22' title="bbox 1853 971 3477 1048">
     <span class='ocr_line' id='line_1_22' title="bbox 1853 971 3477 1048; baseline 0.006 -24"><span class='ocrx_word' id='word_1_140' title='bbox 1853 971 2102 1042; x_wconf 87' lang='lat' dir='ltr'><strong>loquitur</strong></span> <span class='ocrx_word' id='word_1_141' title='bbox 2150 980 2204 1028; x_wconf 89' lang='lat' dir='ltr'><strong>et</strong></span> <span class='ocrx_word' id='word_1_142' title='bbox 2245 974 2382 1029; x_wconf 86' lang='lat' dir='ltr'><strong>dicit</strong></span> <span class='ocrx_word' id='word_1_143' title='bbox 2427 992 2439 1029; x_wconf 92' lang='lat'>:</span> <span class='ocrx_word' id='word_1_144' title='bbox 2491 977 2875 1032; x_wconf 80' lang='lat' dir='ltr'><strong>Adoraverunt</strong></span> <span class='ocrx_word' id='word_1_145' title='bbox 2926 994 3010 1033; x_wconf 88' lang='lat' dir='ltr'><strong>eos</strong></span> <span class='ocrx_word' id='word_1_146' title='bbox 3060 995 3189 1048; x_wconf 87' lang='lat' dir='ltr'><strong>quos</strong></span> <span class='ocrx_word' id='word_1_147' title='bbox 3236 980 3477 1046; x_wconf 85' lang='lat' dir='ltr'><strong>fecerunt</strong></span> 
     </span>
    </p>
   </div>
   <div class='ocr_carea' id='block_1_23' title="bbox 1851 1066 3476 1135">
    <p class='ocr_par' dir='ltr' id='par_1_23' title="bbox 1851 1066 3476 1135">
     <span class='ocr_line' id='line_1_23' title="bbox 1851 1066 3476 1135; baseline 0.005 -15"><span class='ocrx_word' id='word_1_148' title='bbox 1851 1066 2017 1135; x_wconf 86' lang='lat' dir='ltr'><strong>digiti</strong></span> <span class='ocrx_word' id='word_1_149' title='bbox 2063 1082 2280 1130; x_wconf 88' lang='lat' dir='ltr'><strong>eorum,</strong></span> <span class='ocrx_word' id='word_1_150' title='bbox 2333 1074 2383 1123; x_wconf 88' lang='lat' dir='ltr'><strong>et</strong></span> <span class='ocrx_word' id='word_1_151' title='bbox 2439 1077 2692 1125; x_wconf 73' lang='lat' dir='ltr'><strong>curvatus</strong></span> <span class='ocrx_word' id='word_1_152' title='bbox 2743 1077 2819 1125; x_wconf 90' lang='lat' dir='ltr'><strong>est</strong></span> <span class='ocrx_word' id='word_1_153' title='bbox 2864 1073 3013 1127; x_wconf 90' lang='lat' dir='ltr'><strong>homo</strong></span> <span class='ocrx_word' id='word_1_154' title='bbox 3061 1077 3109 1128; x_wconf 86' lang='lat' dir='ltr'><strong>et</strong></span> <span class='ocrx_word' id='word_1_155' title='bbox 3160 1074 3476 1129; x_wconf 81' lang='lat' dir='ltr'><strong>humiliatus</strong></span> 
     </span>
    </p>
   </div>
   <div class='ocr_carea' id='block_1_24' title="bbox 1850 1163 3474 1237">
    <p class='ocr_par' dir='ltr' id='par_1_24' title="bbox 1850 1163 3474 1237">
     <span class='ocr_line' id='line_1_24' title="bbox 1850 1163 3474 1237; baseline 0.005 -24"><span class='ocrx_word' id='word_1_156' title='bbox 1850 1164 1927 1214; x_wconf 87' lang='lat' dir='ltr'><strong>est</strong></span> <span class='ocrx_word' id='word_1_157' title='bbox 1964 1163 2066 1223; x_wconf 74' lang='lat' dir='ltr'><strong>vir,</strong></span> <span class='ocrx_word' id='word_1_158' title='bbox 2112 1167 2161 1216; x_wconf 87' lang='lat' dir='ltr'><strong>et</strong></span> <span class='ocrx_word' id='word_1_159' title='bbox 2208 1177 2311 1215; x_wconf 89' lang='lat' dir='ltr'><strong>non</strong></span> <span class='ocrx_word' id='word_1_160' title='bbox 2357 1163 2551 1217; x_wconf 68' lang='lat' dir='ltr'><strong>lumbo</strong></span> <span class='ocrx_word' id='word_1_161' title='bbox 2583 1164 2695 1218; x_wconf 81' lang='lat' dir='ltr'><strong>illis</strong></span> <span class='ocrx_word' id='word_1_162' title='bbox 2735 1166 2887 1233; x_wconf 85' lang='lat' dir='ltr'><strong>(Isa.,</strong></span> <span class='ocrx_word' id='word_1_163' title='bbox 2930 1182 2988 1233; x_wconf 89' lang='lat' dir='ltr'><strong>II,</strong></span> <span class='ocrx_word' id='word_1_164' title='bbox 3027 1168 3079 1234; x_wconf 90' lang='lat'><strong>8,</strong></span> <span class='ocrx_word' id='word_1_165' title='bbox 3119 1166 3193 1235; x_wconf 86' lang='lat'><strong>9).</strong></span> <span class='ocrx_word' id='word_1_166' title='bbox 3229 1168 3290 1221; x_wconf 91' lang='lat' dir='ltr'><strong>ln</strong></span> <span class='ocrx_word' id='word_1_167' title='bbox 3326 1170 3474 1237; x_wconf 81' lang='lat' dir='ltr'><strong>Apo-</strong></span> 
     </span>
    </p>
   </div>
   <div class='ocr_carea' id='block_1_25' title="bbox 1850 1253 3474 1327">
    <p class='ocr_par' dir='ltr' id='par_1_25' title="bbox 1850 1253 3474 1327">
     <span class='ocr_line' id='line_1_25' title="bbox 1850 1253 3474 1327; baseline 0.005 -21"><span class='ocrx_word' id='word_1_168' title='bbox 1850 1253 2061 1324; x_wconf 86' lang='lat' dir='ltr'><strong>calypsi</strong></span> <span class='ocrx_word' id='word_1_169' title='bbox 2093 1271 2315 1326; x_wconf 90' lang='lat' dir='ltr'><strong>quoque</strong></span> <span class='ocrx_word' id='word_1_170' title='bbox 2353 1255 2600 1327; x_wconf 81' lang='lat' dir='ltr'><strong>legimus</strong></span> <span class='ocrx_word' id='word_1_171' title='bbox 2636 1256 2783 1310; x_wconf 88' lang='lat' dir='ltr'><strong>iram</strong></span> <span class='ocrx_word' id='word_1_172' title='bbox 2823 1258 3047 1312; x_wconf 85' lang='lat' dir='ltr'><strong>Domini</strong></span> <span class='ocrx_word' id='word_1_173' title='bbox 3077 1259 3474 1314; x_wconf 86' lang='lat' dir='ltr'><strong>comminantis</strong></span> 
     </span>
    </p>
   </div>
   <div class='ocr_carea' id='block_1_26' title="bbox 1851 1347 3470 1422">
    <p class='ocr_par' dir='ltr' id='par_1_26' title="bbox 1851 1347 3470 1422">
     <span class='ocr_line' id='line_1_26' title="bbox 1851 1347 3470 1422; baseline 0.005 -23"><span class='ocrx_word' id='word_1_174' title='bbox 1851 1350 1908 1400; x_wconf 91' lang='lat' dir='ltr'><strong>et</strong></span> <span class='ocrx_word' id='word_1_175' title='bbox 1958 1347 2195 1402; x_wconf 85' lang='lat' dir='ltr'><strong>dicentis</strong></span> <span class='ocrx_word' id='word_1_176' title='bbox 2240 1365 2253 1402; x_wconf 88' lang='lat'><strong>:</strong></span> <span class='ocrx_word' id='word_1_177' title='bbox 2296 1351 2356 1405; x_wconf 88' lang='lat' dir='ltr'><strong>Si</strong></span> <span class='ocrx_word' id='word_1_178' title='bbox 2402 1353 2525 1419; x_wconf 86' lang='lat' dir='ltr'><strong>quis</strong></span> <span class='ocrx_word' id='word_1_179' title='bbox 2575 1351 2771 1405; x_wconf 88' lang='lat' dir='ltr'><strong>adorat</strong></span> <span class='ocrx_word' id='word_1_180' title='bbox 2815 1352 3033 1406; x_wconf 80' lang='lat' dir='ltr'><strong>bestiam</strong></span> <span class='ocrx_word' id='word_1_181' title='bbox 3085 1357 3135 1407; x_wconf 82' lang='lat' dir='ltr'><strong>et</strong></span> <span class='ocrx_word' id='word_1_182' title='bbox 3181 1356 3470 1422; x_wconf 85' lang='lat' dir='ltr'><strong>imaginem</strong></span> 
     </span>
    </p>
   </div>
   <div class='ocr_carea' id='block_1_27' title="bbox 1846 1441 3475 1511">
    <p class='ocr_par' dir='ltr' id='par_1_27' title="bbox 1846 1441 3475 1511">
     <span class='ocr_line' id='line_1_27' title="bbox 1846 1441 3475 1511; baseline 0.006 -17"><span class='ocrx_word' id='word_1_183' title='bbox 1846 1441 1979 1509; x_wconf 87' lang='lat' dir='ltr'><strong>ejus,</strong></span> <span class='ocrx_word' id='word_1_184' title='bbox 2010 1448 2059 1495; x_wconf 88' lang='lat' dir='ltr'><strong>et</strong></span> <span class='ocrx_word' id='word_1_185' title='bbox 2088 1444 2284 1511; x_wconf 85' lang='lat' dir='ltr'><strong>accipit</strong></span> <span class='ocrx_word' id='word_1_186' title='bbox 2317 1449 2501 1498; x_wconf 86' lang='lat' dir='ltr'><strong>notam</strong></span> <span class='ocrx_word' id='word_1_187' title='bbox 2532 1446 2592 1497; x_wconf 86' lang='lat' dir='ltr'><strong>in</strong></span> <span class='ocrx_word' id='word_1_188' title='bbox 2617 1446 2799 1511; x_wconf 84' lang='lat' dir='ltr'><strong>fronte</strong></span> <span class='ocrx_word' id='word_1_189' title='bbox 2831 1460 2931 1499; x_wconf 88' lang='lat' dir='ltr'><strong>sua</strong></span> <span class='ocrx_word' id='word_1_190' title='bbox 2958 1450 3007 1500; x_wconf 91' lang='lat' dir='ltr'><strong>et</strong></span> <span class='ocrx_word' id='word_1_191' title='bbox 3032 1447 3090 1500; x_wconf 85' lang='lat' dir='ltr'><strong>in</strong></span> <span class='ocrx_word' id='word_1_192' title='bbox 3114 1462 3301 1507; x_wconf 87' lang='lat' dir='ltr'><strong>manu,</strong></span> <span class='ocrx_word' id='word_1_193' title='bbox 3333 1448 3475 1503; x_wconf 86' lang='lat' dir='ltr'><strong>bibet</strong></span> 
     </span>
    </p>
   </div>
   <div class='ocr_carea' id='block_1_28' title="bbox 199 1536 3472 1611">
    <p class='ocr_par' dir='ltr' id='par_1_28' title="bbox 199 1536 3472 1611">
     <span class='ocr_line' id='line_1_28' title="bbox 199 1536 3472 1611; baseline 0.003 -24"><span class='ocrx_word' id='word_1_194' title='bbox 199 1555 346 1608; x_wconf 83' lang='lat' dir='ltr'><strong>pum,</strong></span> <span class='ocrx_word' id='word_1_195' title='bbox 399 1541 497 1595; x_wconf 79' lang='lat' dir='ltr'><strong>sed</strong></span> <span class='ocrx_word' id='word_1_196' title='bbox 550 1543 793 1611; x_wconf 72' lang='lat' dir='ltr'><strong>(apsum,</strong></span> <span class='ocrx_word' id='word_1_197' title='bbox 854 1542 927 1596; x_wconf 78' lang='lat' dir='ltr'><strong>ad</strong></span> <span class='ocrx_word' id='word_1_198' title='bbox 987 1543 1349 1611; x_wconf 72' lang='lat' dir='ltr'><strong>episcopatum</strong></span> <span class='ocrx_word' id='word_1_199' title='bbox 1404 1540 1578 1596; x_wconf 78' lang='lat' dir='ltr'><strong>redire</strong></span> <span class='ocrx_word' id='word_1_200' title='bbox 1636 1557 1745 1596; x_wconf 76' lang='lat' dir='ltr'><strong>non</strong></span> <span class='ocrx_word' id='word_1_201' title='bbox 1845 1538 1894 1588; x_wconf 89' lang='lat' dir='ltr'><strong>et</strong></span> <span class='ocrx_word' id='word_1_202' title='bbox 1923 1537 2035 1605; x_wconf 87' lang='lat' dir='ltr'><strong>ipse</strong></span> <span class='ocrx_word' id='word_1_203' title='bbox 2070 1536 2134 1589; x_wconf 86' lang='lat' dir='ltr'><strong>de</strong></span> <span class='ocrx_word' id='word_1_204' title='bbox 2161 1539 2284 1590; x_wconf 88' lang='lat' dir='ltr'><strong>vino</strong></span> <span class='ocrx_word' id='word_1_205' title='bbox 2320 1539 2417 1590; x_wconf 55' lang='lat' dir='ltr'><strong>ira</strong></span> <span class='ocrx_word' id='word_1_206' title='bbox 2454 1540 2552 1591; x_wconf 88' lang='lat' dir='ltr'><strong>Dei</strong></span> <span class='ocrx_word' id='word_1_207' title='bbox 2588 1540 2742 1592; x_wconf 87' lang='lat' dir='ltr'><strong>misto</strong></span> <span class='ocrx_word' id='word_1_208' title='bbox 2782 1540 2841 1591; x_wconf 88' lang='lat' dir='ltr'><strong>in</strong></span> <span class='ocrx_word' id='word_1_209' title='bbox 2877 1540 3066 1608; x_wconf 88' lang='lat' dir='ltr'><strong>poculo</strong></span> <span class='ocrx_word' id='word_1_210' title='bbox 3098 1542 3195 1594; x_wconf 71' lang='lat' dir='ltr'><strong>ira:</strong></span> <span class='ocrx_word' id='word_1_211' title='bbox 3240 1542 3373 1610; x_wconf 86' lang='lat' dir='ltr'><strong>ejus,</strong></span> <span class='ocrx_word' id='word_1_212' title='bbox 3419 1546 3472 1596; x_wconf 85' lang='lat' dir='ltr'><strong>et</strong></span> 
     </span>
    </p>
   </div>
   <div class='ocr_carea' id='block_1_29' title="bbox 198 1630 3466 1706">
    <p class='ocr_par' dir='ltr' id='par_1_29' title="bbox 198 1630 3466 1706">
     <span class='ocr_line' id='line_1_29' title="bbox 198 1630 3466 1706; baseline 0.003 -25"><span class='ocrx_word' id='word_1_213' title='bbox 198 1632 542 1698; x_wconf 74' lang='lat' dir='ltr'><strong>permittant,-</strong></span> <span class='ocrx_word' id='word_1_214' title='bbox 572 1637 682 1684; x_wconf 87' lang='lat' dir='ltr'><strong>tum</strong></span> <span class='ocrx_word' id='word_1_215' title='bbox 708 1631 835 1684; x_wconf 82' lang='lat' dir='ltr'><strong>aliis</strong></span> <span class='ocrx_word' id='word_1_216' title='bbox 861 1630 924 1684; x_wconf 87' lang='lat' dir='ltr'><strong>de</strong></span> <span class='ocrx_word' id='word_1_217' title='bbox 948 1633 1143 1692; x_wconf 83' lang='lat' dir='ltr'><strong>causis,</strong></span> <span class='ocrx_word' id='word_1_218' title='bbox 1173 1636 1282 1684; x_wconf 88' lang='lat' dir='ltr'><strong>tum</strong></span> <span class='ocrx_word' id='word_1_219' title='bbox 1308 1630 1454 1699; x_wconf 89' lang='lat' dir='ltr'><strong>quod</strong></span> <span class='ocrx_word' id='word_1_220' title='bbox 1480 1633 1743 1684; x_wconf 88' lang='lat' dir='ltr'><strong>statutum</strong></span> <span class='ocrx_word' id='word_1_221' title='bbox 1767 1698 1811 1706; x_wconf 36' lang='lat' dir='ltr'><strong>ﬂ</strong></span> <span class='ocrx_word' id='word_1_222' title='bbox 1843 1631 2103 1697; x_wconf 75' lang='lat' dir='ltr'><strong>punietur</strong></span> <span class='ocrx_word' id='word_1_223' title='bbox 2132 1632 2253 1698; x_wconf 82' lang='lat' dir='ltr'><strong>igne</strong></span> <span class='ocrx_word' id='word_1_224' title='bbox 2281 1635 2331 1685; x_wconf 88' lang='lat' dir='ltr'><strong>et</strong></span> <span class='ocrx_word' id='word_1_225' title='bbox 2355 1630 2612 1700; x_wconf 81' lang='lat' dir='ltr'><strong>sulphure</strong></span> <span class='ocrx_word' id='word_1_226' title='bbox 2641 1632 2741 1685; x_wconf 88' lang='lat' dir='ltr'><strong>sub</strong></span> <span class='ocrx_word' id='word_1_227' title='bbox 2770 1633 2934 1686; x_wconf 88' lang='lat' dir='ltr'><strong>oculis</strong></span> <span class='ocrx_word' id='word_1_228' title='bbox 2967 1639 3277 1689; x_wconf 84' lang='lat' dir='ltr'><strong>sanctorum</strong></span> <span class='ocrx_word' id='word_1_229' title='bbox 3301 1653 3466 1706; x_wconf 85' lang='lat' dir='ltr'><strong>ange-</strong></span> 
     </span>
    </p>
   </div>
   <div class='ocr_carea' id='block_1_30' title="bbox 201 1698 3471 1793">
    <p class='ocr_par' dir='ltr' id='par_1_30' title="bbox 201 1698 3471 1793">
     <span class='ocr_line' id='line_1_30' title="bbox 201 1698 3471 1793; baseline 0.004 -22"><span class='ocrx_word' id='word_1_230' title='bbox 201 1724 412 1773; x_wconf 81' lang='lat' dir='ltr'><strong>essetne</strong></span> <span class='ocrx_word' id='word_1_231' title='bbox 454 1722 689 1789; x_wconf 82' lang='lat' dir='ltr'><strong>episcopi</strong></span> <span class='ocrx_word' id='word_1_232' title='bbox 726 1720 866 1790; x_wconf 85' lang='lat' dir='ltr'><strong>lapsi</strong></span> <span class='ocrx_word' id='word_1_233' title='bbox 901 1721 976 1774; x_wconf 88' lang='lat' dir='ltr'><strong>ad</strong></span> <span class='ocrx_word' id='word_1_234' title='bbox 1012 1721 1247 1789; x_wconf 81' lang='lat' dir='ltr'><strong>priorem</strong></span> <span class='ocrx_word' id='word_1_235' title='bbox 1276 1698 1511 1788; x_wconf 76' lang='lat' dir='ltr'><strong>gradum</strong></span> <span class='ocrx_word' id='word_1_236' title='bbox 1539 1718 1739 1772; x_wconf 81' lang='lat' dir='ltr'><strong>admit-</strong></span> <span class='ocrx_word' id='word_1_237' title='bbox 1766 1698 1820 1768; x_wconf 83' lang='lat' dir='ltr'><strong>B</strong></span> <span class='ocrx_word' id='word_1_238' title='bbox 1847 1722 2017 1776; x_wconf 86' lang='lat' dir='ltr'><strong>lorum</strong></span> <span class='ocrx_word' id='word_1_239' title='bbox 2069 1728 2119 1776; x_wconf 87' lang='lat' dir='ltr'><strong>et</strong></span> <span class='ocrx_word' id='word_1_240' title='bbox 2172 1724 2272 1777; x_wconf 88' lang='lat' dir='ltr'><strong>sub</strong></span> <span class='ocrx_word' id='word_1_241' title='bbox 2322 1698 2490 1778; x_wconf 76' lang='lat' dir='ltr'><strong>oculis</strong></span> <span class='ocrx_word' id='word_1_242' title='bbox 2538 1727 2716 1793; x_wconf 84' lang='lat' dir='ltr'><strong>Agni,</strong></span> <span class='ocrx_word' id='word_1_243' title='bbox 2767 1731 2816 1779; x_wconf 88' lang='lat' dir='ltr'><strong>et</strong></span> <span class='ocrx_word' id='word_1_244' title='bbox 2861 1727 3049 1792; x_wconf 84' lang='lat' dir='ltr'><strong>fumus</strong></span> <span class='ocrx_word' id='word_1_245' title='bbox 3094 1728 3159 1781; x_wconf 89' lang='lat' dir='ltr'><strong>de</strong></span> <span class='ocrx_word' id='word_1_246' title='bbox 3201 1698 3471 1785; x_wconf 69' lang='lat' dir='ltr'><strong>tormentis</strong></span> 
     </span>
    </p>
   </div>
   <div class='ocr_carea' id='block_1_31' title="bbox 202 1810 3473 1881">
    <p class='ocr_par' dir='ltr' id='par_1_31' title="bbox 202 1810 3473 1881">
     <span class='ocr_line' id='line_1_31' title="bbox 202 1810 3473 1881; baseline 0.004 -20"><span class='ocrx_word' id='word_1_247' title='bbox 202 1810 445 1861; x_wconf 84' lang='lat' dir='ltr'><strong>terentur.</strong></span> <span class='ocrx_word' id='word_1_248' title='bbox 1845 1831 2025 1870; x_wconf 87' lang='lat' dir='ltr'><strong>eorum</strong></span> <span class='ocrx_word' id='word_1_249' title='bbox 2055 1819 2114 1869; x_wconf 83' lang='lat' dir='ltr'><strong>in</strong></span> <span class='ocrx_word' id='word_1_250' title='bbox 2155 1817 2350 1870; x_wconf 76' lang='lat' dir='ltr'><strong>saecula</strong></span> <span class='ocrx_word' id='word_1_251' title='bbox 2394 1818 2709 1872; x_wconf 69' lang='lat' dir='ltr'><strong>saeculorum</strong></span> <span class='ocrx_word' id='word_1_252' title='bbox 2751 1820 3016 1881; x_wconf 84' lang='lat' dir='ltr'><strong>ascendet,</strong></span> <span class='ocrx_word' id='word_1_253' title='bbox 3062 1836 3156 1874; x_wconf 87' lang='lat' dir='ltr'><strong>nec</strong></span> <span class='ocrx_word' id='word_1_254' title='bbox 3198 1822 3473 1877; x_wconf 83' lang='lat' dir='ltr'><strong>habebunt</strong></span> 
     </span>
    </p>
   </div>
   <div class='ocr_carea' id='block_1_32' title="bbox 198 1909 3470 1981">
    <p class='ocr_par' dir='ltr' id='par_1_32' title="bbox 198 1909 3470 1981">
     <span class='ocr_line' id='line_1_32' title="bbox 198 1909 3470 1981; baseline 0.002 -17"><span class='ocrx_word' id='word_1_255' title='bbox 198 1911 231 1964; x_wconf 92' lang='lat' dir='ltr'><strong>l.</strong></span> <span class='ocrx_word' id='word_1_256' title='bbox 273 1910 587 1981; x_wconf 80' lang='lat' dir='ltr'><strong>Cyprianus</strong></span> <span class='ocrx_word' id='word_1_257' title='bbox 637 1912 893 1981; x_wconf 85' lang='lat' dir='ltr'><strong>Epicteto</strong></span> <span class='ocrx_word' id='word_1_258' title='bbox 932 1910 1037 1980; x_wconf 82' lang='grc'>(54)</span> <span class='ocrx_word' id='word_1_259' title='bbox 1075 1910 1234 1965; x_wconf 87' lang='lat' dir='ltr'><strong>fratri</strong></span> <span class='ocrx_word' id='word_1_260' title='bbox 1279 1912 1335 1963; x_wconf 88' lang='lat' dir='ltr'><strong>et</strong></span> <span class='ocrx_word' id='word_1_261' title='bbox 1381 1909 1530 1979; x_wconf 89' lang='lat' dir='ltr'><strong>plebi</strong></span> <span class='ocrx_word' id='word_1_262' title='bbox 1573 1913 1742 1963; x_wconf 85' lang='lat' dir='ltr'><strong>Assu-</strong></span> <span class='ocrx_word' id='word_1_263' title='bbox 1842 1912 2077 1978; x_wconf 87' lang='lat' dir='ltr'><strong>requiem</strong></span> <span class='ocrx_word' id='word_1_264' title='bbox 2107 1910 2193 1963; x_wconf 87' lang='lat' dir='ltr'><strong>die</strong></span> <span class='ocrx_word' id='word_1_265' title='bbox 2219 1925 2281 1964; x_wconf 91' lang='lat' dir='ltr'><strong>ac</strong></span> <span class='ocrx_word' id='word_1_266' title='bbox 2306 1916 2456 1965; x_wconf 87' lang='lat' dir='ltr'><strong>nocte</strong></span> <span class='ocrx_word' id='word_1_267' title='bbox 2484 1914 2579 1981; x_wconf 88' lang='lat' dir='ltr'><strong>qui</strong></span> <span class='ocrx_word' id='word_1_268' title='bbox 2603 1912 2839 1966; x_wconf 87' lang='lat' dir='ltr'><strong>adorant</strong></span> <span class='ocrx_word' id='word_1_269' title='bbox 2868 1912 3087 1967; x_wconf 78' lang='lat' dir='ltr'><strong>bestiam</strong></span> <span class='ocrx_word' id='word_1_270' title='bbox 3106 1919 3155 1967; x_wconf 88' lang='lat' dir='ltr'><strong>et</strong></span> <span class='ocrx_word' id='word_1_271' title='bbox 3178 1916 3470 1981; x_wconf 84' lang='lat' dir='ltr'><strong>imaginem</strong></span> 
     </span>
    </p>
   </div>
   <div class='ocr_carea' id='block_1_33' title="bbox 146 2002 2537 2074">
    <p class='ocr_par' dir='ltr' id='par_1_33' title="bbox 146 2002 2537 2074">
     <span class='ocr_line' id='line_1_33' title="bbox 146 2002 2537 2074; baseline 0 -17"><span class='ocrx_word' id='word_1_272' title='bbox 146 2020 214 2057; x_wconf 83' lang='lat' dir='ltr'><strong>ras</strong></span> <span class='ocrx_word' id='word_1_273' title='bbox 259 2004 302 2039; x_wconf 84' lang='grc'><strong>⁸⁸</strong></span> <span class='ocrx_word' id='word_1_274' title='bbox 353 2004 690 2058; x_wconf 87' lang='lat' dir='ltr'><strong>consistenti</strong></span> <span class='ocrx_word' id='word_1_275' title='bbox 752 2005 1008 2059; x_wconf 85' lang='lat' dir='ltr'><strong>salutem.</strong></span> <span class='ocrx_word' id='word_1_276' title='bbox 1065 2002 1319 2058; x_wconf 90' lang='lat' dir='ltr'><strong>Graviter</strong></span> <span class='ocrx_word' id='word_1_277' title='bbox 1372 2008 1430 2057; x_wconf 89' lang='lat' dir='ltr'><strong>et</strong></span> <span class='ocrx_word' id='word_1_278' title='bbox 1483 2003 1742 2057; x_wconf 86' lang='lat' dir='ltr'><strong>dolenter</strong></span> <span class='ocrx_word' id='word_1_279' title='bbox 1842 2003 1957 2071; x_wconf 86' lang='lat' dir='ltr'><strong>ejus</strong></span> <span class='ocrx_word' id='word_1_280' title='bbox 1987 2003 2330 2072; x_wconf 83' lang='lat' dir='ltr'><strong>(Apoc.,xiv,</strong></span> <span class='ocrx_word' id='word_1_281' title='bbox 2361 2004 2537 2074; x_wconf 83' lang='lat' dir='ltr'><strong>9-H).</strong></span> 
     </span>
    </p>
   </div>
   <div class='ocr_carea' id='block_1_34' title="bbox 144 2095 3468 2168">
    <p class='ocr_par' dir='ltr' id='par_1_34' title="bbox 144 2095 3468 2168">
     <span class='ocr_line' id='line_1_34' title="bbox 144 2095 3468 2168; baseline 0.002 -19"><span class='ocrx_word' id='word_1_282' title='bbox 144 2101 297 2151; x_wconf 87' lang='lat' dir='ltr'><strong>motus</strong></span> <span class='ocrx_word' id='word_1_283' title='bbox 338 2113 487 2163; x_wconf 90' lang='lat' dir='ltr'><strong>sum,</strong></span> <span class='ocrx_word' id='word_1_284' title='bbox 535 2098 741 2151; x_wconf 85' lang='lat' dir='ltr'><strong>fratres</strong></span> <span class='ocrx_word' id='word_1_285' title='bbox 781 2096 1100 2151; x_wconf 88' lang='lat' dir='ltr'><strong>charissimi</strong></span> <span class='ocrx_word' id='word_1_286' title='bbox 1146 2098 1276 2167; x_wconf 85' lang='lat'><strong>(55),</strong></span> <span class='ocrx_word' id='word_1_287' title='bbox 1328 2095 1483 2166; x_wconf 90' lang='lat' dir='ltr'><strong>quod</strong></span> <span class='ocrx_word' id='word_1_288' title='bbox 1529 2112 1738 2166; x_wconf 87' lang='lat' dir='ltr'><strong>cogno-</strong></span> <span class='ocrx_word' id='word_1_289' title='bbox 1917 2096 1980 2149; x_wconf 92' lang='lat' dir='ltr'><strong>ll.</strong></span> <span class='ocrx_word' id='word_1_290' title='bbox 2011 2098 2150 2151; x_wconf 89' lang='lat' dir='ltr'><strong>Cum</strong></span> <span class='ocrx_word' id='word_1_291' title='bbox 2186 2113 2322 2166; x_wconf 87' lang='lat' dir='ltr'><strong>ergo</strong></span> <span class='ocrx_word' id='word_1_292' title='bbox 2354 2096 2473 2150; x_wconf 64' lang='lat' dir='ltr'><strong>haec</strong></span> <span class='ocrx_word' id='word_1_293' title='bbox 2504 2100 2809 2164; x_wconf 87' lang='lat' dir='ltr'><strong>tormenta,</strong></span> <span class='ocrx_word' id='word_1_294' title='bbox 2846 2098 2965 2152; x_wconf 65' lang='lat' dir='ltr'><strong>haec</strong></span> <span class='ocrx_word' id='word_1_295' title='bbox 2990 2098 3265 2168; x_wconf 87' lang='lat' dir='ltr'><strong>supplicia</strong></span> <span class='ocrx_word' id='word_1_296' title='bbox 3291 2098 3348 2152; x_wconf 91' lang='lat' dir='ltr'><strong>in</strong></span> <span class='ocrx_word' id='word_1_297' title='bbox 3379 2099 3468 2154; x_wconf 90' lang='lat' dir='ltr'><strong>die</strong></span> 
     </span>
    </p>
   </div>
   <div class='ocr_carea' id='block_1_35' title="bbox 143 2189 3471 2262">
    <p class='ocr_par' dir='ltr' id='par_1_35' title="bbox 143 2189 3471 2262">
     <span class='ocr_line' id='line_1_35' title="bbox 143 2189 3471 2262; baseline 0.002 -20"><span class='ocrx_word' id='word_1_298' title='bbox 143 2190 287 2243; x_wconf 60' lang='lat' dir='ltr'><strong>terim</strong></span> <span class='ocrx_word' id='word_1_299' title='bbox 316 2190 944 2260; x_wconf 82' lang='lat' dir='ltr'><strong>Fortunatianum(56),</strong></span> <span class='ocrx_word' id='word_1_300' title='bbox 979 2190 1264 2261; x_wconf 86' lang='lat' dir='ltr'><strong>quondam</strong></span> <span class='ocrx_word' id='word_1_301' title='bbox 1294 2189 1444 2259; x_wconf 90' lang='lat' dir='ltr'><strong>apud</strong></span> <span class='ocrx_word' id='word_1_302' title='bbox 1484 2204 1581 2242; x_wconf 90' lang='lat' dir='ltr'><strong>vos</strong></span> <span class='ocrx_word' id='word_1_303' title='bbox 1621 2189 1735 2259; x_wconf 87' lang='lat' dir='ltr'><strong>epi-</strong></span> <span class='ocrx_word' id='word_1_304' title='bbox 1834 2189 2039 2259; x_wconf 86' lang='lat' dir='ltr'><strong>judicii</strong></span> <span class='ocrx_word' id='word_1_305' title='bbox 2086 2190 2357 2244; x_wconf 89' lang='lat' dir='ltr'><strong>Dominus</strong></span> <span class='ocrx_word' id='word_1_306' title='bbox 2404 2190 2787 2244; x_wconf 77' lang='lat' dir='ltr'><strong>comminatur</strong></span> <span class='ocrx_word' id='word_1_307' title='bbox 2835 2191 2901 2244; x_wconf 90' lang='lat' dir='ltr'><strong>iis</strong></span> <span class='ocrx_word' id='word_1_308' title='bbox 2946 2191 3045 2262; x_wconf 87' lang='lat' dir='ltr'><strong>qui</strong></span> <span class='ocrx_word' id='word_1_309' title='bbox 3094 2191 3317 2246; x_wconf 87' lang='lat' dir='ltr'><strong>diabolo</strong></span> <span class='ocrx_word' id='word_1_310' title='bbox 3376 2193 3471 2247; x_wconf 90' lang='lat' dir='ltr'><strong>ob-</strong></span> 
     </span>
    </p>
   </div>
   <div class='ocr_carea' id='block_1_36' title="bbox 144 2282 3471 2356">
    <p class='ocr_par' dir='ltr' id='par_1_36' title="bbox 144 2282 3471 2356">
     <span class='ocr_line' id='line_1_36' title="bbox 144 2282 3471 2356; baseline 0.001 -20"><span class='ocrx_word' id='word_1_311' title='bbox 144 2299 336 2353; x_wconf 82' lang='lat' dir='ltr'><strong>SCOpltm</strong></span> <span class='ocrx_word' id='word_1_312' title='bbox 361 2289 492 2355; x_wconf 83' lang='lat' dir='ltr'><strong>post</strong></span> <span class='ocrx_word' id='word_1_313' title='bbox 520 2300 755 2355; x_wconf 82' lang='lat' dir='ltr'><strong>gravem</strong></span> <span class='ocrx_word' id='word_1_314' title='bbox 781 2284 1004 2356; x_wconf 88' lang='lat' dir='ltr'><strong>lapsum</strong></span> <span class='ocrx_word' id='word_1_315' title='bbox 1031 2284 1209 2336; x_wconf 72' lang='lat' dir='ltr'><strong>ruinae</strong></span> <span class='ocrx_word' id='word_1_316' title='bbox 1238 2299 1352 2336; x_wconf 71' lang='lat' dir='ltr'><strong>suae</strong></span> <span class='ocrx_word' id='word_1_317' title='bbox 1382 2299 1486 2353; x_wconf 86' lang='lat' dir='ltr'><strong>pro</strong></span> <span class='ocrx_word' id='word_1_318' title='bbox 1516 2282 1739 2351; x_wconf 85' lang='lat' dir='ltr'><strong>integro</strong></span> <span class='ocrx_word' id='word_1_319' title='bbox 1841 2286 2170 2353; x_wconf 88' lang='lat' dir='ltr'><strong>temperant</strong></span> <span class='ocrx_word' id='word_1_320' title='bbox 2209 2287 2266 2337; x_wconf 89' lang='lat' dir='ltr'><strong>et</strong></span> <span class='ocrx_word' id='word_1_321' title='bbox 2303 2283 2470 2338; x_wconf 91' lang='lat' dir='ltr'><strong>idolis</strong></span> <span class='ocrx_word' id='word_1_322' title='bbox 2512 2283 2851 2351; x_wconf 83' lang='lat' dir='ltr'><strong>sacriﬁcant,</strong></span> <span class='ocrx_word' id='word_1_323' title='bbox 2896 2285 3178 2355; x_wconf 90' lang='lat' dir='ltr'><strong>quomodo</strong></span> <span class='ocrx_word' id='word_1_324' title='bbox 3208 2302 3265 2339; x_wconf 89' lang='lat' dir='ltr'><strong>se</strong></span> <span class='ocrx_word' id='word_1_325' title='bbox 3306 2289 3471 2356; x_wconf 82' lang='lat' dir='ltr'><strong>putat</strong></span> 
     </span>
    </p>
   </div>
   <div class='ocr_carea' id='block_1_37' title="bbox 142 2375 3470 2449">
    <p class='ocr_par' dir='ltr' id='par_1_37' title="bbox 142 2375 3470 2449">
     <span class='ocr_line' id='line_1_37' title="bbox 142 2375 3470 2449; baseline 0.002 -21"><span class='ocrx_word' id='word_1_326' title='bbox 142 2392 261 2431; x_wconf 88' lang='lat' dir='ltr'><strong>nunc</strong></span> <span class='ocrx_word' id='word_1_327' title='bbox 309 2393 481 2449; x_wconf 88' lang='lat' dir='ltr'><strong>agere</strong></span> <span class='ocrx_word' id='word_1_328' title='bbox 539 2378 681 2431; x_wconf 80' lang='lat' dir='ltr'><strong>velle</strong></span> <span class='ocrx_word' id='word_1_329' title='bbox 738 2383 796 2431; x_wconf 88' lang='lat' dir='ltr'><strong>et</strong></span> <span class='ocrx_word' id='word_1_330' title='bbox 845 2377 1234 2448; x_wconf 83' lang='lat' dir='ltr'><strong>episcopatum</strong></span> <span class='ocrx_word' id='word_1_331' title='bbox 1286 2375 1392 2430; x_wconf 84' lang='lat' dir='ltr'><strong>sibi</strong></span> <span class='ocrx_word' id='word_1_332' title='bbox 1445 2375 1736 2429; x_wconf 88' lang='lat' dir='ltr'><strong>vindicare</strong></span> <span class='ocrx_word' id='word_1_333' title='bbox 1840 2392 2001 2445; x_wconf 87' lang='lat' dir='ltr'><strong>posse</strong></span> <span class='ocrx_word' id='word_1_334' title='bbox 2048 2392 2215 2445; x_wconf 88' lang='lat' dir='ltr'><strong>agere</strong></span> <span class='ocrx_word' id='word_1_335' title='bbox 2261 2392 2365 2446; x_wconf 91' lang='lat' dir='ltr'><strong>pro</strong></span> <span class='ocrx_word' id='word_1_336' title='bbox 2417 2376 2512 2431; x_wconf 89' lang='lat' dir='ltr'><strong>Dei</strong></span> <span class='ocrx_word' id='word_1_337' title='bbox 2565 2377 2858 2431; x_wconf 86' lang='lat' dir='ltr'><strong>sacerdote</strong></span> <span class='ocrx_word' id='word_1_338' title='bbox 2903 2379 3001 2448; x_wconf 86' lang='lat' dir='ltr'><strong>qui</strong></span> <span class='ocrx_word' id='word_1_339' title='bbox 3050 2378 3470 2449; x_wconf 84' lang='lat' dir='ltr'><strong>obtemperavit</strong></span> 
     </span>
    </p>
   </div>
   <div class='ocr_carea' id='block_1_38' title="bbox 142 2468 3465 2542">
    <p class='ocr_par' dir='ltr' id='par_1_38' title="bbox 142 2468 3465 2542">
     <span class='ocr_line' id='line_1_38' title="bbox 142 2468 3465 2542; baseline 0.001 -19"><span class='ocrx_word' id='word_1_340' title='bbox 142 2471 355 2540; x_wconf 82' lang='lat' dir='ltr'><strong>ccepisse.</strong></span> <span class='ocrx_word' id='word_1_341' title='bbox 388 2471 531 2534; x_wconf 81' lang='lat' dir='ltr'><strong>Quae</strong></span> <span class='ocrx_word' id='word_1_342' title='bbox 576 2488 665 2525; x_wconf 88' lang='lat' dir='ltr'><strong>res</strong></span> <span class='ocrx_word' id='word_1_343' title='bbox 706 2470 1058 2525; x_wconf 87' lang='lat' dir='ltr'><strong>contristavit</strong></span> <span class='ocrx_word' id='word_1_344' title='bbox 1105 2486 1222 2537; x_wconf 91' lang='lat' dir='ltr'><strong>me,</strong></span> <span class='ocrx_word' id='word_1_345' title='bbox 1270 2468 1456 2540; x_wconf 89' lang='lat' dir='ltr'><strong>primo</strong></span> <span class='ocrx_word' id='word_1_346' title='bbox 1508 2474 1739 2539; x_wconf 84' lang='lat' dir='ltr'><strong>prOpter</strong></span> <span class='ocrx_word' id='word_1_347' title='bbox 1840 2474 1897 2522; x_wconf 88' lang='lat' dir='ltr'><strong>et</strong></span> <span class='ocrx_word' id='word_1_348' title='bbox 1933 2469 2161 2523; x_wconf 81' lang='lat' dir='ltr'><strong>servivit</strong></span> <span class='ocrx_word' id='word_1_349' title='bbox 2191 2468 2402 2524; x_wconf 88' lang='lat' dir='ltr'><strong>diaboli</strong></span> <span class='ocrx_word' id='word_1_350' title='bbox 2432 2470 2820 2525; x_wconf 88' lang='lat' dir='ltr'><strong>sacerdotibus</strong></span> <span class='ocrx_word' id='word_1_351' title='bbox 2859 2470 3009 2541; x_wconf 84' lang='lat'><strong>(59)?</strong></span> <span class='ocrx_word' id='word_1_352' title='bbox 3046 2476 3145 2525; x_wconf 87' lang='lat' dir='ltr'><strong>aut</strong></span> <span class='ocrx_word' id='word_1_353' title='bbox 3178 2473 3465 2542; x_wconf 88' lang='lat' dir='ltr'><strong>quomodo</strong></span> 
     </span>
    </p>
   </div>
   <div class='ocr_carea' id='block_1_39' title="bbox 143 2561 3470 2635">
    <p class='ocr_par' dir='ltr' id='par_1_39' title="bbox 143 2561 3470 2635">
     <span class='ocr_line' id='line_1_39' title="bbox 143 2561 3470 2635; baseline 0.001 -20"><span class='ocrx_word' id='word_1_354' title='bbox 143 2562 314 2632; x_wconf 86' lang='lat' dir='ltr'><strong>ipsum,</strong></span> <span class='ocrx_word' id='word_1_355' title='bbox 357 2565 455 2635; x_wconf 87' lang='lat' dir='ltr'><strong>qui</strong></span> <span class='ocrx_word' id='word_1_356' title='bbox 502 2564 699 2633; x_wconf 89' lang='lat' dir='ltr'><strong>miser,</strong></span> <span class='ocrx_word' id='word_1_357' title='bbox 746 2564 834 2617; x_wconf 85' lang='lat' dir='ltr'><strong>vel</strong></span> <span class='ocrx_word' id='word_1_358' title='bbox 887 2563 1092 2618; x_wconf 79' lang='lat' dir='ltr'><strong>diaboli</strong></span> <span class='ocrx_word' id='word_1_359' title='bbox 1143 2562 1397 2617; x_wconf 87' lang='lat' dir='ltr'><strong>tenebris</strong></span> <span class='ocrx_word' id='word_1_360' title='bbox 1444 2561 1502 2615; x_wconf 89' lang='lat' dir='ltr'><strong>in</strong></span> <span class='ocrx_word' id='word_1_361' title='bbox 1550 2564 1736 2615; x_wconf 90' lang='lat' dir='ltr'><strong>totum</strong></span> <span class='ocrx_word' id='word_1_362' title='bbox 1838 2566 2001 2632; x_wconf 87' lang='lat' dir='ltr'><strong>putat</strong></span> <span class='ocrx_word' id='word_1_363' title='bbox 2046 2578 2277 2616; x_wconf 83' lang='lat' dir='ltr'><strong>manum</strong></span> <span class='ocrx_word' id='word_1_364' title='bbox 2320 2579 2482 2617; x_wconf 87' lang='lat' dir='ltr'><strong>suam</strong></span> <span class='ocrx_word' id='word_1_365' title='bbox 2525 2564 2816 2617; x_wconf 87' lang='lat' dir='ltr'><strong>transferri</strong></span> <span class='ocrx_word' id='word_1_366' title='bbox 2857 2580 3017 2635; x_wconf 85' lang='lat' dir='ltr'><strong>posse</strong></span> <span class='ocrx_word' id='word_1_367' title='bbox 3059 2565 3129 2619; x_wconf 84' lang='lat' dir='ltr'><strong>ad</strong></span> <span class='ocrx_word' id='word_1_368' title='bbox 3172 2566 3269 2618; x_wconf 85' lang='lat' dir='ltr'><strong>Dei</strong></span> <span class='ocrx_word' id='word_1_369' title='bbox 3302 2567 3345 2599; x_wconf 87' lang='grc'><strong>⁸⁷</strong></span> <span class='ocrx_word' id='word_1_370' title='bbox 3384 2582 3470 2620; x_wconf 88' lang='lat' dir='ltr'><strong>sa-</strong></span> 
     </span>
    </p>
   </div>
   <div class='ocr_carea' id='block_1_40' title="bbox 140 2655 3469 2729">
    <p class='ocr_par' dir='ltr' id='par_1_40' title="bbox 140 2655 3469 2729">
     <span class='ocr_line' id='line_1_40' title="bbox 140 2655 3469 2729; baseline 0.001 -20"><span class='ocrx_word' id='word_1_371' title='bbox 140 2663 424 2724; x_wconf 68' lang='lat' dir='ltr'><strong>exciecatus,</strong></span> <span class='ocrx_word' id='word_1_372' title='bbox 481 2659 569 2713; x_wconf 89' lang='lat' dir='ltr'><strong>vel</strong></span> <span class='ocrx_word' id='word_1_373' title='bbox 621 2658 998 2729; x_wconf 90' lang='lat' dir='ltr'><strong>quorumdam</strong></span> <span class='ocrx_word' id='word_1_374' title='bbox 1048 2656 1322 2728; x_wconf 85' lang='lat' dir='ltr'><strong>sacrilega</strong></span> <span class='ocrx_word' id='word_1_375' title='bbox 1372 2655 1735 2726; x_wconf 87' lang='lat' dir='ltr'><strong>persuasione</strong></span> <span class='ocrx_word' id='word_1_376' title='bbox 1837 2655 2109 2709; x_wconf 80' lang='lat' dir='ltr'><strong>criticium</strong></span> <span class='ocrx_word' id='word_1_377' title='bbox 2166 2659 2222 2710; x_wconf 87' lang='lat' dir='ltr'><strong>et</strong></span> <span class='ocrx_word' id='word_1_378' title='bbox 2274 2672 2505 2727; x_wconf 88' lang='lat' dir='ltr'><strong>precem</strong></span> <span class='ocrx_word' id='word_1_379' title='bbox 2562 2656 2786 2711; x_wconf 88' lang='lat' dir='ltr'><strong>Domini</strong></span> <span class='ocrx_word' id='word_1_380' title='bbox 2836 2673 2963 2727; x_wconf 73' lang='lat' dir='ltr'><strong>quae</strong></span> <span class='ocrx_word' id='word_1_381' title='bbox 3029 2658 3245 2728; x_wconf 86' lang='lat' dir='ltr'><strong>captiva</strong></span> <span class='ocrx_word' id='word_1_382' title='bbox 3293 2659 3469 2713; x_wconf 88' lang='lat' dir='ltr'><strong>fuerit</strong></span> 
     </span>
    </p>
   </div>
   <div class='ocr_carea' id='block_1_41' title="bbox 140 2748 3465 2823">
    <p class='ocr_par' dir='ltr' id='par_1_41' title="bbox 140 2748 3465 2823">
     <span class='ocr_line' id='line_1_41' title="bbox 140 2748 3465 2823; baseline 0.001 -20"><span class='ocrx_word' id='word_1_383' title='bbox 140 2750 384 2821; x_wconf 73' lang='lat' dir='ltr'><strong>deceptus,</strong></span> <span class='ocrx_word' id='word_1_384' title='bbox 416 2768 551 2805; x_wconf 90' lang='lat' dir='ltr'><strong>eum</strong></span> <span class='ocrx_word' id='word_1_385' title='bbox 595 2751 803 2806; x_wconf 88' lang='lat' dir='ltr'><strong>debeat</strong></span> <span class='ocrx_word' id='word_1_386' title='bbox 845 2750 1170 2805; x_wconf 86' lang='lat' dir='ltr'><strong>satisfacere</strong></span> <span class='ocrx_word' id='word_1_387' title='bbox 1211 2755 1269 2804; x_wconf 88' lang='lat' dir='ltr'><strong>et</strong></span> <span class='ocrx_word' id='word_1_388' title='bbox 1310 2749 1382 2803; x_wconf 87' lang='lat' dir='ltr'><strong>ad</strong></span> <span class='ocrx_word' id='word_1_389' title='bbox 1431 2749 1735 2803; x_wconf 88' lang='lat' dir='ltr'><strong>Dominum</strong></span> <span class='ocrx_word' id='word_1_390' title='bbox 1836 2748 2141 2820; x_wconf 86' lang='lat' dir='ltr'><strong>sacrilegio</strong></span> <span class='ocrx_word' id='word_1_391' title='bbox 2194 2756 2249 2804; x_wconf 91' lang='lat' dir='ltr'><strong>et</strong></span> <span class='ocrx_word' id='word_1_392' title='bbox 2302 2750 2530 2804; x_wconf 89' lang='lat' dir='ltr'><strong>crimini</strong></span> <span class='ocrx_word' id='word_1_393' title='bbox 2581 2750 2714 2821; x_wconf 87' lang='lat'><strong>(60),</strong></span> <span class='ocrx_word' id='word_1_394' title='bbox 2773 2750 2997 2821; x_wconf 88' lang='lat' dir='ltr'><strong>quando</strong></span> <span class='ocrx_word' id='word_1_395' title='bbox 3050 2750 3105 2805; x_wconf 89' lang='lat' dir='ltr'><strong>in</strong></span> <span class='ocrx_word' id='word_1_396' title='bbox 3163 2751 3465 2823; x_wconf 82' lang='lat' dir='ltr'><strong>Scriptuiis</strong></span> 
     </span>
    </p>
   </div>
   <div class='ocr_carea' id='block_1_42' title="bbox 140 2842 3462 2913">
    <p class='ocr_par' dir='ltr' id='par_1_42' title="bbox 140 2842 3462 2913">
     <span class='ocr_line' id='line_1_42' title="bbox 140 2842 3462 2913; baseline 0.002 -18"><span class='ocrx_word' id='word_1_397' title='bbox 140 2844 449 2898; x_wconf 78' lang='lat' dir='ltr'><strong>exorandum</strong></span> <span class='ocrx_word' id='word_1_398' title='bbox 484 2845 689 2898; x_wconf 90' lang='lat' dir='ltr'><strong>diebus</strong></span> <span class='ocrx_word' id='word_1_399' title='bbox 726 2860 790 2898; x_wconf 90' lang='lat' dir='ltr'><strong>ac</strong></span> <span class='ocrx_word' id='word_1_400' title='bbox 829 2843 1087 2898; x_wconf 87' lang='lat' dir='ltr'><strong>noctibus</strong></span> <span class='ocrx_word' id='word_1_401' title='bbox 1125 2842 1391 2913; x_wconf 88' lang='lat' dir='ltr'><strong>lacrymis</strong></span> <span class='ocrx_word' id='word_1_402' title='bbox 1432 2848 1487 2896; x_wconf 91' lang='lat' dir='ltr'><strong>et</strong></span> <span class='ocrx_word' id='word_1_403' title='bbox 1519 2842 1731 2897; x_wconf 83' lang='lat' dir='ltr'><strong>oratio-</strong></span> <span class='ocrx_word' id='word_1_404' title='bbox 1836 2843 2041 2896; x_wconf 86' lang='lat' dir='ltr'><strong>divinis</strong></span> <span class='ocrx_word' id='word_1_405' title='bbox 2096 2846 2242 2898; x_wconf 87' lang='lat' dir='ltr'><strong>Deus</strong></span> <span class='ocrx_word' id='word_1_406' title='bbox 2303 2843 2376 2897; x_wconf 91' lang='lat' dir='ltr'><strong>ad</strong></span> <span class='ocrx_word' id='word_1_407' title='bbox 2439 2843 2779 2897; x_wconf 85' lang='lat' dir='ltr'><strong>sacriﬁcium</strong></span> <span class='ocrx_word' id='word_1_408' title='bbox 2836 2844 3135 2913; x_wconf 87' lang='lat' dir='ltr'><strong>prohibeat</strong></span> <span class='ocrx_word' id='word_1_409' title='bbox 3194 2847 3462 2902; x_wconf 83' lang='lat' dir='ltr'><strong>accedere</strong></span> 
     </span>
    </p>
   </div>
   <div class='ocr_carea' id='block_1_43' title="bbox 140 2935 3463 3009">
    <p class='ocr_par' dir='ltr' id='par_1_43' title="bbox 140 2935 3463 3009">
     <span class='ocr_line' id='line_1_43' title="bbox 140 2935 3463 3009; baseline 0.002 -21"><span class='ocrx_word' id='word_1_410' title='bbox 140 2936 270 2990; x_wconf 86' lang='lat' dir='ltr'><strong>nibus</strong></span> <span class='ocrx_word' id='word_1_411' title='bbox 313 2944 365 2992; x_wconf 89' lang='lat' dir='ltr'><strong>et</strong></span> <span class='ocrx_word' id='word_1_412' title='bbox 416 2938 687 3009; x_wconf 87' lang='lat' dir='ltr'><strong>precibus</strong></span> <span class='ocrx_word' id='word_1_413' title='bbox 742 2937 1111 3002; x_wconf 89' lang='lat' dir='ltr'><strong>incumbere,</strong></span> <span class='ocrx_word' id='word_1_414' title='bbox 1164 2937 1335 2991; x_wconf 86' lang='lat' dir='ltr'><strong>audet</strong></span> <span class='ocrx_word' id='word_1_415' title='bbox 1389 2935 1494 2989; x_wconf 88' lang='lat' dir='ltr'><strong>sibi</strong></span> <span class='ocrx_word' id='word_1_416' title='bbox 1546 2935 1732 2989; x_wconf 89' lang='lat' dir='ltr'><strong>adhuc</strong></span> <span class='ocrx_word' id='word_1_417' title='bbox 1834 2937 2156 2992; x_wconf 87' lang='lat' dir='ltr'><strong>sacerdotes</strong></span> <span class='ocrx_word' id='word_1_418' title='bbox 2195 2937 2366 2991; x_wconf 89' lang='lat' dir='ltr'><strong>etiam</strong></span> <span class='ocrx_word' id='word_1_419' title='bbox 2406 2937 2464 2990; x_wconf 91' lang='lat' dir='ltr'><strong>in</strong></span> <span class='ocrx_word' id='word_1_420' title='bbox 2505 2937 2698 2991; x_wconf 83' lang='lat' dir='ltr'><strong>leviori</strong></span> <span class='ocrx_word' id='word_1_421' title='bbox 2744 2937 2980 2991; x_wconf 88' lang='lat' dir='ltr'><strong>crimine</strong></span> <span class='ocrx_word' id='word_1_422' title='bbox 3027 2938 3376 3007; x_wconf 87' lang='lat' dir='ltr'><strong>constitutos,</strong></span> <span class='ocrx_word' id='word_1_423' title='bbox 3406 2944 3463 2995; x_wconf 89' lang='lat' dir='ltr'><strong>et</strong></span> 
     </span>
    </p>
   </div>
   <div class='ocr_carea' id='block_1_44' title="bbox 140 3028 3455 3143">
    <p class='ocr_par' dir='ltr' id='par_1_44' title="bbox 140 3028 3455 3143">
     <span class='ocr_line' id='line_1_44' title="bbox 140 3028 3455 3143; baseline 0.001 -60"><span class='ocrx_word' id='word_1_424' title='bbox 140 3030 481 3086; x_wconf 84' lang='lat' dir='ltr'><strong>sacerdotium</strong></span> <span class='ocrx_word' id='word_1_425' title='bbox 526 3031 686 3104; x_wconf 90' lang='lat' dir='ltr'><strong>quod</strong></span> <span class='ocrx_word' id='word_1_426' title='bbox 726 3030 983 3103; x_wconf 88' lang='lat' dir='ltr'><strong>prodidit</strong></span> <span class='ocrx_word' id='word_1_427' title='bbox 1034 3029 1143 3099; x_wconf 87' lang='lat'><strong>(57)</strong></span> <span class='ocrx_word' id='word_1_428' title='bbox 1192 3029 1513 3097; x_wconf 86' lang='lat' dir='ltr'><strong>vindicare,</strong></span> <span class='ocrx_word' id='word_1_429' title='bbox 1568 3028 1729 3100; x_wconf 88' lang='lat' dir='ltr'><strong>quasi</strong></span> <span class='ocrx_word' id='word_1_430' title='bbox 1750 3070 1804 3143; x_wconf 70' lang='grc' dir='ltr'>Ο</span> <span class='ocrx_word' id='word_1_431' title='bbox 1834 3030 1890 3085; x_wconf 91' lang='lat' dir='ltr'><strong>in</strong></span> <span class='ocrx_word' id='word_1_432' title='bbox 1943 3032 2175 3085; x_wconf 83' lang='lat' dir='ltr'><strong>Leuitico</strong></span> <span class='ocrx_word' id='word_1_433' title='bbox 2226 3030 2377 3084; x_wconf 88' lang='lat' dir='ltr'><strong>dicat</strong></span> <span class='ocrx_word' id='word_1_434' title='bbox 2427 3030 2563 3099; x_wconf 77' lang='lat' dir='ltr'><strong>(xx1,</strong></span> <span class='ocrx_word' id='word_1_435' title='bbox 2622 3032 2698 3097; x_wconf 87' lang='grc'><strong>17)</strong></span> <span class='ocrx_word' id='word_1_436' title='bbox 2755 3047 2766 3083; x_wconf 91' lang='lat'>:</span> <span class='ocrx_word' id='word_1_437' title='bbox 2815 3032 2982 3085; x_wconf 85' lang='lat' dir='ltr'><strong>Homo</strong></span> <span class='ocrx_word' id='word_1_438' title='bbox 3028 3034 3086 3085; x_wconf 90' lang='lat' dir='ltr'><strong>in</strong></span> <span class='ocrx_word' id='word_1_439' title='bbox 3137 3049 3239 3101; x_wconf 89' lang='lat' dir='ltr'><strong>quo</strong></span> <span class='ocrx_word' id='word_1_440' title='bbox 3283 3036 3455 3099; x_wconf 82' lang='lat' dir='ltr'><strong>fuerit</strong></span> 
     </span>
    </p>
   </div>
   <div class='ocr_carea' id='block_1_45' title="bbox 140 3121 3455 3191">
    <p class='ocr_par' dir='ltr' id='par_1_45' title="bbox 140 3121 3455 3191">
     <span class='ocr_line' id='line_1_45' title="bbox 140 3121 3455 3191; baseline 0.002 -16"><span class='ocrx_word' id='word_1_441' title='bbox 140 3126 236 3191; x_wconf 84' lang='lat' dir='ltr'><strong>post</strong></span> <span class='ocrx_word' id='word_1_442' title='bbox 272 3141 389 3179; x_wconf 88' lang='lat' dir='ltr'><strong>aras</strong></span> <span class='ocrx_word' id='word_1_443' title='bbox 435 3124 654 3179; x_wconf 88' lang='lat' dir='ltr'><strong>diaboli</strong></span> <span class='ocrx_word' id='word_1_444' title='bbox 703 3124 971 3178; x_wconf 90' lang='lat' dir='ltr'><strong>accedere</strong></span> <span class='ocrx_word' id='word_1_445' title='bbox 1022 3123 1092 3177; x_wconf 91' lang='lat' dir='ltr'><strong>ad</strong></span> <span class='ocrx_word' id='word_1_446' title='bbox 1140 3123 1317 3177; x_wconf 87' lang='lat' dir='ltr'><strong>altare</strong></span> <span class='ocrx_word' id='word_1_447' title='bbox 1363 3123 1460 3176; x_wconf 89' lang='lat' dir='ltr'><strong>Dei</strong></span> <span class='ocrx_word' id='word_1_448' title='bbox 1504 3122 1588 3175; x_wconf 83' lang='lat' dir='ltr'><strong>fas</strong></span> <span class='ocrx_word' id='word_1_449' title='bbox 1635 3121 1724 3190; x_wconf 87' lang='lat' dir='ltr'><strong>sit,</strong></span> <span class='ocrx_word' id='word_1_450' title='bbox 1753 3121 1804 3143; x_wconf 68' lang='grc' dir='ltr'>ν</span> <span class='ocrx_word' id='word_1_451' title='bbox 1828 3128 2022 3179; x_wconf 77' lang='lat' dir='ltr'><strong>uitium</strong></span> <span class='ocrx_word' id='word_1_452' title='bbox 2049 3129 2097 3178; x_wconf 85' lang='lat' dir='ltr'><strong>et</strong></span> <span class='ocrx_word' id='word_1_453' title='bbox 2122 3125 2336 3178; x_wconf 87' lang='lat' dir='ltr'><strong>macula</strong></span> <span class='ocrx_word' id='word_1_454' title='bbox 2376 3140 2483 3177; x_wconf 87' lang='lat' dir='ltr'><strong>non</strong></span> <span class='ocrx_word' id='word_1_455' title='bbox 2512 3124 2722 3178; x_wconf 81' lang='lat' dir='ltr'><strong>accedet</strong></span> <span class='ocrx_word' id='word_1_456' title='bbox 2756 3124 2945 3191; x_wconf 74' lang='lat' dir='ltr'><strong>oﬂ&#39;erre</strong></span> <span class='ocrx_word' id='word_1_457' title='bbox 2982 3124 3127 3178; x_wconf 87' lang='lat' dir='ltr'><strong>dona</strong></span> <span class='ocrx_word' id='word_1_458' title='bbox 3161 3128 3286 3180; x_wconf 85' lang='lat' dir='ltr'><strong>Deo.</strong></span> <span class='ocrx_word' id='word_1_459' title='bbox 3318 3128 3455 3180; x_wconf 90' lang='lat' dir='ltr'><strong>ltem</strong></span> 
     </span>
    </p>
   </div>
   <div class='ocr_carea' id='block_1_46' title="bbox 139 3215 3459 3289">
    <p class='ocr_par' dir='ltr' id='par_1_46' title="bbox 139 3215 3459 3289">
     <span class='ocr_line' id='line_1_46' title="bbox 139 3215 3459 3289; baseline 0.002 -22"><span class='ocrx_word' id='word_1_460' title='bbox 139 3223 211 3269; x_wconf 86' lang='lat' dir='ltr'><strong>aut</strong></span> <span class='ocrx_word' id='word_1_461' title='bbox 250 3234 355 3271; x_wconf 88' lang='lat' dir='ltr'><strong>non</strong></span> <span class='ocrx_word' id='word_1_462' title='bbox 403 3219 687 3289; x_wconf 88' lang='lat' dir='ltr'><strong>majorem</strong></span> <span class='ocrx_word' id='word_1_463' title='bbox 744 3218 801 3271; x_wconf 91' lang='lat' dir='ltr'><strong>in</strong></span> <span class='ocrx_word' id='word_1_464' title='bbox 858 3233 917 3271; x_wconf 89' lang='lat' dir='ltr'><strong>se</strong></span> <span class='ocrx_word' id='word_1_465' title='bbox 970 3217 1109 3270; x_wconf 87' lang='lat' dir='ltr'><strong>iram</strong></span> <span class='ocrx_word' id='word_1_466' title='bbox 1161 3219 1217 3270; x_wconf 89' lang='lat' dir='ltr'><strong>et</strong></span> <span class='ocrx_word' id='word_1_467' title='bbox 1267 3215 1725 3287; x_wconf 82' lang='lat' dir='ltr'><strong>indignationem</strong></span> <span class='ocrx_word' id='word_1_468' title='bbox 1829 3219 1886 3271; x_wconf 91' lang='lat' dir='ltr'><strong>in</strong></span> <span class='ocrx_word' id='word_1_469' title='bbox 1944 3218 2130 3271; x_wconf 70' lang='lat' dir='ltr'><strong>Exodo</strong></span> <span class='ocrx_word' id='word_1_470' title='bbox 2172 3217 2300 3285; x_wconf 73' lang='lat' dir='ltr'><strong>(nx,</strong></span> <span class='ocrx_word' id='word_1_471' title='bbox 2336 3216 2423 3285; x_wconf 79' lang='lat'><strong>22)</strong></span> <span class='ocrx_word' id='word_1_472' title='bbox 2459 3233 2470 3270; x_wconf 86' lang='lat'>:</span> <span class='ocrx_word' id='word_1_473' title='bbox 2504 3220 2573 3273; x_wconf 89' lang='lat' dir='ltr'><strong>Et</strong></span> <span class='ocrx_word' id='word_1_474' title='bbox 2617 3217 2914 3271; x_wconf 86' lang='lat' dir='ltr'><strong>sacerdotes</strong></span> <span class='ocrx_word' id='word_1_475' title='bbox 2952 3220 3052 3286; x_wconf 86' lang='lat' dir='ltr'><strong>qui</strong></span> <span class='ocrx_word' id='word_1_476' title='bbox 3084 3219 3341 3272; x_wconf 82' lang='lat' dir='ltr'><strong>accedunt</strong></span> <span class='ocrx_word' id='word_1_477' title='bbox 3384 3221 3459 3273; x_wconf 78' lang='lat' dir='ltr'><strong>ad</strong></span> 
     </span>
    </p>
   </div>
   <div class='ocr_carea' id='block_1_47' title="bbox 140 3306 3458 3382">
    <p class='ocr_par' dir='ltr' id='par_1_47' title="bbox 140 3306 3458 3382">
     <span class='ocr_line' id='line_1_47' title="bbox 140 3306 3458 3382; baseline -0.001 -19"><span class='ocrx_word' id='word_1_478' title='bbox 140 3309 319 3364; x_wconf 88' lang='lat' dir='ltr'><strong>Domini</strong></span> <span class='ocrx_word' id='word_1_479' title='bbox 364 3311 421 3364; x_wconf 90' lang='lat' dir='ltr'><strong>in</strong></span> <span class='ocrx_word' id='word_1_480' title='bbox 469 3311 566 3366; x_wconf 89' lang='lat' dir='ltr'><strong>die</strong></span> <span class='ocrx_word' id='word_1_481' title='bbox 601 3311 797 3382; x_wconf 90' lang='lat' dir='ltr'><strong>judicii</strong></span> <span class='ocrx_word' id='word_1_482' title='bbox 838 3313 1124 3381; x_wconf 89' lang='lat' dir='ltr'><strong>provocet,</strong></span> <span class='ocrx_word' id='word_1_483' title='bbox 1169 3309 1288 3381; x_wconf 90' lang='lat' dir='ltr'><strong>qui,</strong></span> <span class='ocrx_word' id='word_1_484' title='bbox 1332 3325 1460 3363; x_wconf 91' lang='lat' dir='ltr'><strong>cum</strong></span> <span class='ocrx_word' id='word_1_485' title='bbox 1503 3308 1629 3362; x_wconf 84' lang='lat' dir='ltr'><strong>fidei</strong></span> <span class='ocrx_word' id='word_1_486' title='bbox 1671 3311 1727 3362; x_wconf 88' lang='lat' dir='ltr'><strong>et</strong></span> <span class='ocrx_word' id='word_1_487' title='bbox 1831 3309 2112 3361; x_wconf 90' lang='lat' dir='ltr'><strong>Dominum</strong></span> <span class='ocrx_word' id='word_1_488' title='bbox 2150 3310 2314 3360; x_wconf 86' lang='lat' dir='ltr'><strong>Deum</strong></span> <span class='ocrx_word' id='word_1_489' title='bbox 2358 3308 2776 3373; x_wconf 80' lang='lat' dir='ltr'><strong>sanctiﬂccntur,</strong></span> <span class='ocrx_word' id='word_1_490' title='bbox 2823 3321 2887 3358; x_wconf 87' lang='lat' dir='ltr'><strong>ne</strong></span> <span class='ocrx_word' id='word_1_491' title='bbox 2931 3307 3073 3372; x_wconf 84' lang='lat' dir='ltr'><strong>forte</strong></span> <span class='ocrx_word' id='word_1_492' title='bbox 3115 3306 3458 3376; x_wconf 85' lang='lat' dir='ltr'><strong>derelinquat</strong></span> 
     </span>
    </p>
   </div>
   <div class='ocr_carea' id='block_1_48' title="bbox 139 3390 3524 3479">
    <p class='ocr_par' dir='ltr' id='par_1_48' title="bbox 139 3390 3524 3479">
     <span class='ocr_line' id='line_1_48' title="bbox 139 3390 3524 3479; baseline -0 -25"><span class='ocrx_word' id='word_1_493' title='bbox 139 3402 317 3459; x_wconf 81' lang='lat' dir='ltr'><strong>virtutis</strong></span> <span class='ocrx_word' id='word_1_494' title='bbox 353 3406 463 3476; x_wconf 87' lang='lat'><strong>(58)</strong></span> <span class='ocrx_word' id='word_1_495' title='bbox 508 3405 627 3459; x_wconf 90' lang='lat' dir='ltr'><strong>dux</strong></span> <span class='ocrx_word' id='word_1_496' title='bbox 665 3404 949 3479; x_wconf 85' lang='lat' dir='ltr'><strong>fratribus</strong></span> <span class='ocrx_word' id='word_1_497' title='bbox 979 3420 1100 3458; x_wconf 88' lang='lat' dir='ltr'><strong>esse</strong></span> <span class='ocrx_word' id='word_1_498' title='bbox 1142 3420 1251 3479; x_wconf 81' lang='lat' dir='ltr'><strong>non</strong></span> <span class='ocrx_word' id='word_1_499' title='bbox 1300 3402 1565 3473; x_wconf 90' lang='lat' dir='ltr'><strong>potuerit,</strong></span> <span class='ocrx_word' id='word_1_500' title='bbox 1601 3418 1727 3472; x_wconf 88' lang='lat' dir='ltr'><strong>per-</strong></span> <span class='ocrx_word' id='word_1_501' title='bbox 1826 3401 1948 3453; x_wconf 86' lang='lat' dir='ltr'><strong>illos</strong></span> <span class='ocrx_word' id='word_1_502' title='bbox 1982 3402 2260 3454; x_wconf 88' lang='lat' dir='ltr'><strong>Dominus.</strong></span> <span class='ocrx_word' id='word_1_503' title='bbox 2310 3400 2375 3452; x_wconf 86' lang='lat' dir='ltr'><strong>Et</strong></span> <span class='ocrx_word' id='word_1_504' title='bbox 2417 3398 2623 3453; x_wconf 90' lang='lat' dir='ltr'><strong>iterum</strong></span> <span class='ocrx_word' id='word_1_505' title='bbox 2661 3416 2673 3451; x_wconf 90' lang='lat'>:</span> <span class='ocrx_word' id='word_1_506' title='bbox 2704 3400 2919 3453; x_wconf 88' lang='lat' dir='ltr'><strong>Etcum</strong></span> <span class='ocrx_word' id='word_1_507' title='bbox 2958 3399 3005 3432; x_wconf 89' lang='grc'><strong>⁸⁸</strong></span> <span class='ocrx_word' id='word_1_508' title='bbox 3041 3400 3307 3453; x_wconf 84' lang='lat' dir='ltr'><strong>accedunt</strong></span> <span class='ocrx_word' id='word_1_509' title='bbox 3350 3403 3449 3453; x_wconf 90' lang='lat' dir='ltr'><strong>mi-</strong></span> <span class='ocrx_word' id='word_1_510' title='bbox 3511 3390 3524 3401; x_wconf 78' lang='grc'><em>’</em></span> 
     </span>
    </p>
   </div>
   <div class='ocr_carea' id='block_1_49' title="bbox 138 3492 3451 3569">
    <p class='ocr_par' dir='ltr' id='par_1_49' title="bbox 138 3492 3451 3569">
     <span class='ocr_line' id='line_1_49' title="bbox 138 3492 3451 3569; baseline -0 -21"><span class='ocrx_word' id='word_1_511' title='bbox 138 3495 251 3551; x_wconf 65' lang='lat' dir='ltr'><strong>ﬁdite</strong></span> <span class='ocrx_word' id='word_1_512' title='bbox 299 3504 353 3552; x_wconf 85' lang='lat' dir='ltr'><strong>et</strong></span> <span class='ocrx_word' id='word_1_513' title='bbox 405 3498 662 3553; x_wconf 77' lang='lat' dir='ltr'><strong>audaciae</strong></span> <span class='ocrx_word' id='word_1_514' title='bbox 711 3501 770 3552; x_wconf 90' lang='lat' dir='ltr'><strong>et</strong></span> <span class='ocrx_word' id='word_1_515' title='bbox 821 3496 1155 3553; x_wconf 85' lang='lat' dir='ltr'><strong>temeritatis</strong></span> <span class='ocrx_word' id='word_1_516' title='bbox 1207 3494 1397 3569; x_wconf 83' lang='lat'><strong>390</strong></span> <span class='ocrx_word' id='word_1_517' title='bbox 1452 3494 1727 3566; x_wconf 89' lang='lat' dir='ltr'><strong>magister</strong></span> <span class='ocrx_word' id='word_1_518' title='bbox 1826 3496 2061 3548; x_wconf 82' lang='lat' dir='ltr'><strong>nistrure</strong></span> <span class='ocrx_word' id='word_1_519' title='bbox 2104 3493 2178 3547; x_wconf 87' lang='lat' dir='ltr'><strong>ad</strong></span> <span class='ocrx_word' id='word_1_520' title='bbox 2219 3493 2396 3546; x_wconf 86' lang='lat' dir='ltr'><strong>altare</strong></span> <span class='ocrx_word' id='word_1_521' title='bbox 2437 3494 2617 3546; x_wconf 86' lang='lat' dir='ltr'><strong>sancti</strong></span> <span class='ocrx_word' id='word_1_522' title='bbox 2656 3492 2788 3561; x_wconf 85' lang='lat' dir='ltr'><strong>(6t),</strong></span> <span class='ocrx_word' id='word_1_523' title='bbox 2825 3506 2933 3546; x_wconf 88' lang='lat' dir='ltr'><strong>non</strong></span> <span class='ocrx_word' id='word_1_524' title='bbox 2976 3492 3254 3547; x_wconf 86' lang='lat' dir='ltr'><strong>adducent</strong></span> <span class='ocrx_word' id='word_1_525' title='bbox 3294 3495 3353 3546; x_wconf 87' lang='lat' dir='ltr'><strong>in</strong></span> <span class='ocrx_word' id='word_1_526' title='bbox 3397 3507 3451 3547; x_wconf 80' lang='lat' dir='ltr'><strong>se</strong></span> 
     </span>
    </p>
   </div>
   <div class='ocr_carea' id='block_1_50' title="bbox 1475 3611 2079 3676">
    <p class='ocr_par' dir='ltr' id='par_1_50' title="bbox 1475 3611 2079 3676">
     <span class='ocr_line' id='line_1_50' title="bbox 1475 3611 2079 3676; baseline -0.01 0"><span class='ocrx_word' id='word_1_527' title='bbox 1475 3612 1685 3676; x_wconf 66' lang='lat' dir='ltr'><strong>Variae</strong></span> <span class='ocrx_word' id='word_1_528' title='bbox 1740 3611 2079 3674; x_wconf 89' lang='lat' dir='ltr'><strong>lectiones.</strong></span> 
     </span>
    </p>
   </div>
   <div class='ocr_carea' id='block_1_51' title="bbox 182 3716 3442 3781">
    <p class='ocr_par' dir='ltr' id='par_1_51' title="bbox 182 3716 3442 3781">
     <span class='ocr_line' id='line_1_51' title="bbox 182 3716 3442 3781; baseline -0.002 -8"><span class='ocrx_word' id='word_1_529' title='bbox 182 3720 215 3754; x_wconf 65' lang='grc'><strong>³⁵</strong></span> <span class='ocrx_word' id='word_1_530' title='bbox 239 3723 454 3775; x_wconf 67' lang='lat' dir='ltr'><strong>Astur-as</strong></span> <span class='ocrx_word' id='word_1_531' title='bbox 483 3725 596 3773; x_wconf 84' lang='lat' dir='ltr'><strong>Lin.</strong></span> <span class='ocrx_word' id='word_1_532' title='bbox 640 3723 761 3772; x_wconf 80' lang='lat' dir='ltr'><strong>Tha.</strong></span> <span class='ocrx_word' id='word_1_533' title='bbox 789 3723 923 3772; x_wconf 75' lang='lat' dir='ltr'><strong>Foss.</strong></span> <span class='ocrx_word' id='word_1_534' title='bbox 957 3723 1103 3772; x_wconf 84' lang='lat' dir='ltr'><strong>Corb.</strong></span> <span class='ocrx_word' id='word_1_535' title='bbox 1194 3721 1234 3754; x_wconf 86' lang='grc'><strong>⁸⁷</strong></span> <span class='ocrx_word' id='word_1_536' title='bbox 1264 3721 1364 3771; x_wconf 89' lang='lat' dir='ltr'><strong>Dei</strong></span> <span class='ocrx_word' id='word_1_537' title='bbox 1397 3721 1537 3770; x_wconf 80' lang='lat' dir='ltr'><strong>deest</strong></span> <span class='ocrx_word' id='word_1_538' title='bbox 1567 3722 1618 3769; x_wconf 87' lang='lat' dir='ltr'><strong>in</strong></span> <span class='ocrx_word' id='word_1_539' title='bbox 1655 3717 1800 3770; x_wconf 85' lang='lat' dir='ltr'><strong>Corb.</strong></span> <span class='ocrx_word' id='word_1_540' title='bbox 1892 3718 1936 3753; x_wconf 74' lang='grc'><strong>⁸⁸</strong></span> <span class='ocrx_word' id='word_1_541' title='bbox 1975 3718 2085 3781; x_wconf 90' lang='lat' dir='ltr'><strong>Qui</strong></span> <span class='ocrx_word' id='word_1_542' title='bbox 2124 3716 2400 3768; x_wconf 87' lang='lat' dir='ltr'><strong>accedunt</strong></span> <span class='ocrx_word' id='word_1_543' title='bbox 2441 3717 2563 3767; x_wconf 80' lang='lat' dir='ltr'><strong>Bod.</strong></span> <span class='ocrx_word' id='word_1_544' title='bbox 2611 3717 2657 3777; x_wconf 86' lang='grc'><strong>1,</strong></span> <span class='ocrx_word' id='word_1_545' title='bbox 2696 3717 2742 3766; x_wconf 72' lang='grc'><strong>2.</strong></span> <span class='ocrx_word' id='word_1_546' title='bbox 2787 3720 2929 3767; x_wconf 89' lang='lat' dir='ltr'><strong>Lam.</strong></span> <span class='ocrx_word' id='word_1_547' title='bbox 2974 3716 3134 3768; x_wconf 79' lang='lat' dir='ltr'><strong>Ebor.</strong></span> <span class='ocrx_word' id='word_1_548' title='bbox 3179 3720 3285 3770; x_wconf 83' lang='grc' dir='ltr'><strong>ΝΟ.</strong></span> <span class='ocrx_word' id='word_1_549' title='bbox 3316 3723 3360 3778; x_wconf 80' lang='grc'><strong>1,</strong></span> <span class='ocrx_word' id='word_1_550' title='bbox 3395 3724 3442 3773; x_wconf 75' lang='lat'><strong>2.</strong></span> 
     </span>
    </p>
   </div>
   <div class='ocr_carea' id='block_1_52' title="bbox 138 3794 2144 3938">
    <p class='ocr_par' dir='ltr' id='par_1_52' title="bbox 138 3794 2144 3938">
     <span class='ocr_line' id='line_1_52' title="bbox 138 3794 2144 3938; baseline -0.001 -21"><span class='ocrx_word' id='word_1_551' title='bbox 138 3794 220 3842; x_wconf 43' lang='lat' dir='ltr'><strong>Lm.</strong></span> <span class='ocrx_word' id='word_1_552' title='bbox 1391 3856 1614 3938; x_wconf 88' lang='lat' dir='ltr'><strong>Steph.</strong></span> <span class='ocrx_word' id='word_1_553' title='bbox 1658 3853 1901 3917; x_wconf 90' lang='lat' dir='ltr'><strong>Baluzii</strong></span> <span class='ocrx_word' id='word_1_554' title='bbox 1950 3858 2144 3916; x_wconf 59' lang='lat' dir='ltr'><strong>notas.</strong></span> 
     </span>
    </p>
   </div>
   <div class='ocr_carea' id='block_1_53' title="bbox 182 3959 3449 4030">
    <p class='ocr_par' dir='ltr' id='par_1_53' title="bbox 182 3959 3449 4030">
     <span class='ocr_line' id='line_1_53' title="bbox 182 3959 3449 4030; baseline -0.002 -10"><span class='ocrx_word' id='word_1_555' title='bbox 182 3965 258 4025; x_wconf 80' lang='lat'><strong>(53)</strong></span> <span class='ocrx_word' id='word_1_556' title='bbox 299 3967 417 4029; x_wconf 86' lang='lat' dir='ltr'><strong>Opto</strong></span> <span class='ocrx_word' id='word_1_557' title='bbox 464 3972 528 4015; x_wconf 89' lang='lat' dir='ltr'><strong>te.</strong></span> <span class='ocrx_word' id='word_1_558' title='bbox 574 3965 750 4016; x_wconf 84' lang='lat' dir='ltr'><strong>Vetus</strong></span> <span class='ocrx_word' id='word_1_559' title='bbox 797 3964 1148 4030; x_wconf 84' lang='lat' dir='ltr'><strong>Remigianus</strong></span> <span class='ocrx_word' id='word_1_560' title='bbox 1190 3979 1201 4012; x_wconf 88' lang='lat'><strong>:</strong></span> <span class='ocrx_word' id='word_1_561' title='bbox 1245 3964 1458 4028; x_wconf 82' lang='lat' dir='ltr'><strong>Semper</strong></span> <span class='ocrx_word' id='word_1_562' title='bbox 1498 3963 1615 4013; x_wconf 83' lang='lat' dir='ltr'><strong>vale</strong></span> <span class='ocrx_word' id='word_1_563' title='bbox 1660 3962 1717 4010; x_wconf 84' lang='lat' dir='ltr'><strong>in</strong></span> <span class='ocrx_word' id='word_1_564' title='bbox 1818 3960 2004 4012; x_wconf 86' lang='lat' dir='ltr'><strong>Sancti</strong></span> <span class='ocrx_word' id='word_1_565' title='bbox 2067 3959 2369 4023; x_wconf 84' lang='lat' dir='ltr'><strong>Arnulpbi,</strong></span> <span class='ocrx_word' id='word_1_566' title='bbox 2430 3973 2557 4009; x_wconf 89' lang='lat' dir='ltr'><strong>cum</strong></span> <span class='ocrx_word' id='word_1_567' title='bbox 2623 3960 2890 4024; x_wconf 87' lang='lat' dir='ltr'><strong>scriptum</strong></span> <span class='ocrx_word' id='word_1_568' title='bbox 2951 3962 3146 4014; x_wconf 79' lang='lat' dir='ltr'><strong>fuisset</strong></span> <span class='ocrx_word' id='word_1_569' title='bbox 3201 3965 3272 4014; x_wconf 87' lang='lat' dir='ltr'><strong>ad</strong></span> <span class='ocrx_word' id='word_1_570' title='bbox 3331 3968 3449 4027; x_wconf 82' lang='lat' dir='ltr'><strong>epi-</strong></span> 
     </span>
    </p>
   </div>
   <div class='ocr_carea' id='block_1_54' title="bbox 136 4031 3448 4099">
    <p class='ocr_par' dir='ltr' id='par_1_54' title="bbox 136 4031 3448 4099">
     <span class='ocr_line' id='line_1_54' title="bbox 136 4031 3448 4099; baseline 0.002 -19"><span class='ocrx_word' id='word_1_571' title='bbox 136 4033 214 4081; x_wconf 77' lang='lat' dir='ltr'><strong>Deo</strong></span> <span class='ocrx_word' id='word_1_572' title='bbox 242 4037 464 4099; x_wconf 83' lang='lat' dir='ltr'><strong>Domino,</strong></span> <span class='ocrx_word' id='word_1_573' title='bbox 488 4036 664 4099; x_wconf 80' lang='lat' dir='ltr'><strong>frater</strong></span> <span class='ocrx_word' id='word_1_574' title='bbox 690 4035 1012 4087; x_wconf 74' lang='lat' dir='ltr'><strong>charissima.</strong></span> <span class='ocrx_word' id='word_1_575' title='bbox 1813 4045 2027 4094; x_wconf 87' lang='lat' dir='ltr'><strong>scopum</strong></span> <span class='ocrx_word' id='word_1_576' title='bbox 2079 4031 2348 4093; x_wconf 88' lang='lat' dir='ltr'><strong>scriptum</strong></span> <span class='ocrx_word' id='word_1_577' title='bbox 2405 4035 2487 4081; x_wconf 88' lang='lat' dir='ltr'><strong>est</strong></span> <span class='ocrx_word' id='word_1_578' title='bbox 2532 4044 2697 4093; x_wconf 87' lang='lat' dir='ltr'><strong>supra</strong></span> <span class='ocrx_word' id='word_1_579' title='bbox 2746 4031 2947 4082; x_wconf 86' lang='lat' dir='ltr'><strong>lineam</strong></span> <span class='ocrx_word' id='word_1_580' title='bbox 3005 4038 3299 4095; x_wconf 77' lang='lat' dir='ltr'><strong>apostatam</strong></span> <span class='ocrx_word' id='word_1_581' title='bbox 3357 4051 3448 4085; x_wconf 87' lang='lat' dir='ltr'><strong>ea-</strong></span> 
     </span>
    </p>
   </div>
   <div class='ocr_carea' id='block_1_55' title="bbox 182 4101 3448 4171">
    <p class='ocr_par' dir='ltr' id='par_1_55' title="bbox 182 4101 3448 4171">
     <span class='ocr_line' id='line_1_55' title="bbox 182 4101 3448 4171; baseline 0 -15"><span class='ocrx_word' id='word_1_582' title='bbox 182 4108 255 4166; x_wconf 74' lang='grc'>(51)</span> <span class='ocrx_word' id='word_1_583' title='bbox 307 4109 559 4171; x_wconf 79' lang='lat' dir='ltr'><strong>Epicteto,</strong></span> <span class='ocrx_word' id='word_1_584' title='bbox 615 4108 872 4170; x_wconf 88' lang='lat' dir='ltr'><strong>episcopo</strong></span> <span class='ocrx_word' id='word_1_585' title='bbox 929 4107 1263 4157; x_wconf 75' lang='lat' dir='ltr'><strong>Assuritano</strong></span> <span class='ocrx_word' id='word_1_586' title='bbox 1316 4107 1372 4155; x_wconf 91' lang='lat' dir='ltr'><strong>in</strong></span> <span class='ocrx_word' id='word_1_587' title='bbox 1434 4105 1717 4169; x_wconf 84' lang='lat' dir='ltr'><strong>provincia</strong></span> <span class='ocrx_word' id='word_1_588' title='bbox 1816 4102 1962 4162; x_wconf 89' lang='lat' dir='ltr'><strong>dem,</strong></span> <span class='ocrx_word' id='word_1_589' title='bbox 2012 4106 2072 4151; x_wconf 91' lang='lat' dir='ltr'><strong>ut</strong></span> <span class='ocrx_word' id='word_1_590' title='bbox 2113 4101 2346 4164; x_wconf 88' lang='lat' dir='ltr'><strong>videtur,</strong></span> <span class='ocrx_word' id='word_1_591' title='bbox 2387 4114 2575 4151; x_wconf 86' lang='lat' dir='ltr'><strong>manu.</strong></span> <span class='ocrx_word' id='word_1_592' title='bbox 2618 4101 2910 4164; x_wconf 88' lang='lat' dir='ltr'><strong>Propterea</strong></span> <span class='ocrx_word' id='word_1_593' title='bbox 2956 4117 3085 4167; x_wconf 83' lang='lat' dir='ltr'><strong>ergo</strong></span> <span class='ocrx_word' id='word_1_594' title='bbox 3136 4104 3448 4168; x_wconf 80' lang='lat' dir='ltr'><strong>Cyprianus</strong></span> 
     </span>
    </p>
   </div>
   <div class='ocr_carea' id='block_1_56' title="bbox 135 4177 3445 4244">
    <p class='ocr_par' dir='ltr' id='par_1_56' title="bbox 135 4177 3445 4244">
     <span class='ocr_line' id='line_1_56' title="bbox 135 4177 3445 4244; baseline 0.003 -20"><span class='ocrx_word' id='word_1_595' title='bbox 135 4179 482 4234; x_wconf 80' lang='lat' dir='ltr'><strong>proconsulari.</strong></span> <span class='ocrx_word' id='word_1_596' title='bbox 507 4178 598 4228; x_wconf 88' lang='lat' dir='ltr'><strong>llli</strong></span> <span class='ocrx_word' id='word_1_597' title='bbox 623 4180 679 4227; x_wconf 90' lang='lat' dir='ltr'><strong>in</strong></span> <span class='ocrx_word' id='word_1_598' title='bbox 706 4192 770 4227; x_wconf 86' lang='lat' dir='ltr'><strong>ea</strong></span> <span class='ocrx_word' id='word_1_599' title='bbox 794 4177 1053 4227; x_wconf 84' lang='lat' dir='ltr'><strong>cathedra</strong></span> <span class='ocrx_word' id='word_1_600' title='bbox 1078 4178 1713 4228; x_wconf 87' lang='lat' dir='ltr'><strong>successisseVictorem</strong></span> <span class='ocrx_word' id='word_1_601' title='bbox 1816 4195 1944 4231; x_wconf 85' lang='lat' dir='ltr'><strong>eum</strong></span> <span class='ocrx_word' id='word_1_602' title='bbox 2003 4182 2079 4230; x_wconf 77' lang='lat' dir='ltr'><strong>ait</strong></span> <span class='ocrx_word' id='word_1_603' title='bbox 2140 4181 2422 4243; x_wconf 81' lang='lat' dir='ltr'><strong>quondam</strong></span> <span class='ocrx_word' id='word_1_604' title='bbox 2477 4181 2799 4243; x_wconf 87' lang='lat' dir='ltr'><strong>episcopum</strong></span> <span class='ocrx_word' id='word_1_605' title='bbox 2859 4182 3064 4244; x_wconf 86' lang='lat' dir='ltr'><strong>fuisse,</strong></span> <span class='ocrx_word' id='word_1_606' title='bbox 3120 4198 3272 4235; x_wconf 90' lang='lat' dir='ltr'><strong>nunc</strong></span> <span class='ocrx_word' id='word_1_607' title='bbox 3333 4199 3445 4235; x_wconf 91' lang='lat' dir='ltr'><strong>non</strong></span> 
     </span>
    </p>
   </div>
   <div class='ocr_carea' id='block_1_57' title="bbox 134 4244 3443 4315">
    <p class='ocr_par' dir='ltr' id='par_1_57' title="bbox 134 4244 3443 4315">
     <span class='ocr_line' id='line_1_57' title="bbox 134 4244 3443 4315; baseline -0.001 -7"><span class='ocrx_word' id='word_1_608' title='bbox 134 4244 269 4308; x_wconf 64' lang='grc' dir='ltr'><strong>Ῑίίῖυθὶ</strong></span> <span class='ocrx_word' id='word_1_609' title='bbox 311 4263 375 4299; x_wconf 75' lang='grc' dir='ltr'>ΘΧ</span> <span class='ocrx_word' id='word_1_610' title='bbox 430 4250 672 4300; x_wconf 86' lang='lat' dir='ltr'><strong>concilio</strong></span> <span class='ocrx_word' id='word_1_611' title='bbox 724 4248 1142 4312; x_wconf 83' lang='lat' dir='ltr'><strong>Carthaginensi</strong></span> <span class='ocrx_word' id='word_1_612' title='bbox 1200 4250 1375 4299; x_wconf 86' lang='lat' dir='ltr'><strong>sancti</strong></span> <span class='ocrx_word' id='word_1_613' title='bbox 1432 4247 1711 4311; x_wconf 81' lang='lat' dir='ltr'><strong>Cypriani.</strong></span> <span class='ocrx_word' id='word_1_614' title='bbox 1814 4263 1953 4303; x_wconf 87' lang='lat' dir='ltr'><strong>esse.</strong></span> <span class='ocrx_word' id='word_1_615' title='bbox 2011 4251 2587 4315; x_wconf 84' lang='lat' dir='ltr'><strong>Similem-loquendi</strong></span> <span class='ocrx_word' id='word_1_616' title='bbox 2645 4252 2872 4301; x_wconf 86' lang='lat' dir='ltr'><strong>modum</strong></span> <span class='ocrx_word' id='word_1_617' title='bbox 2939 4255 3328 4308; x_wconf 87' lang='lat' dir='ltr'><strong>adnotavimus</strong></span> <span class='ocrx_word' id='word_1_618' title='bbox 3382 4259 3443 4307; x_wconf 90' lang='lat' dir='ltr'><strong>in</strong></span> 
     </span>
    </p>
   </div>
   <div class='ocr_carea' id='block_1_58' title="bbox 136 4315 3447 4391">
    <p class='ocr_par' dir='ltr' id='par_1_58' title="bbox 136 4315 3447 4391">
     <span class='ocr_line' id='line_1_58' title="bbox 136 4315 3447 4391; baseline 0.004 -26"><span class='ocrx_word' id='word_1_619' title='bbox 136 4315 196 4391; x_wconf 76' lang='lat' dir='ltr'><strong>la</strong></span> <span class='ocrx_word' id='word_1_620' title='bbox 229 4322 446 4371; x_wconf 87' lang='lat' dir='ltr'><strong>concilio</strong></span> <span class='ocrx_word' id='word_1_621' title='bbox 506 4321 803 4384; x_wconf 83' lang='lat' dir='ltr'><strong>Bagaiensi</strong></span> <span class='ocrx_word' id='word_1_622' title='bbox 858 4320 1150 4369; x_wconf 86' lang='lat' dir='ltr'><strong>damnatus</strong></span> <span class='ocrx_word' id='word_1_623' title='bbox 1206 4325 1285 4370; x_wconf 89' lang='lat' dir='ltr'><strong>est</strong></span> <span class='ocrx_word' id='word_1_624' title='bbox 1353 4320 1714 4369; x_wconf 76' lang='lat' dir='ltr'><strong>Praetextatus</strong></span> <span class='ocrx_word' id='word_1_625' title='bbox 1813 4325 2045 4387; x_wconf 77' lang='lat' dir='ltr'><strong>epistola</strong></span> <span class='ocrx_word' id='word_1_626' title='bbox 2098 4324 2175 4383; x_wconf 80' lang='lat'><strong>59,</strong></span> <span class='ocrx_word' id='word_1_627' title='bbox 2235 4339 2286 4387; x_wconf 88' lang='lat' dir='ltr'><strong>p.</strong></span> <span class='ocrx_word' id='word_1_628' title='bbox 2341 4325 2421 4384; x_wconf 84' lang='grc'><strong>97,</strong></span> <span class='ocrx_word' id='word_1_629' title='bbox 2474 4323 2542 4372; x_wconf 90' lang='lat' dir='ltr'><strong>de</strong></span> <span class='ocrx_word' id='word_1_630' title='bbox 2596 4322 2819 4373; x_wconf 91' lang='lat' dir='ltr'><strong>Victore</strong></span> <span class='ocrx_word' id='word_1_631' title='bbox 2873 4326 3154 4387; x_wconf 88' lang='lat' dir='ltr'><strong>quondam</strong></span> <span class='ocrx_word' id='word_1_632' title='bbox 3208 4328 3447 4391; x_wconf 76' lang='lat' dir='ltr'><strong>presby-</strong></span> 
     </span>
    </p>
   </div>
   <div class='ocr_carea' id='block_1_59' title="bbox 136 4389 1947 4491">
    <p class='ocr_par' dir='ltr' id='par_1_59' title="bbox 136 4389 1947 4491">
     <span class='ocr_line' id='line_1_59' title="bbox 136 4389 1947 4491; baseline 0.004 -57"><span class='ocrx_word' id='word_1_633' title='bbox 136 4389 380 4455; x_wconf 84' lang='lat' dir='ltr'><strong>episcopus</strong></span> <span class='ocrx_word' id='word_1_634' title='bbox 432 4395 830 4451; x_wconf 82' lang='lat' dir='ltr'><strong>Assuritanus,</strong></span> <span class='ocrx_word' id='word_1_635' title='bbox 890 4392 947 4440; x_wconf 88' lang='lat' dir='ltr'><strong>in</strong></span> <span class='ocrx_word' id='word_1_636' title='bbox 1010 4394 1171 4455; x_wconf 91' lang='lat' dir='ltr'><strong>cujus</strong></span> <span class='ocrx_word' id='word_1_637' title='bbox 1226 4392 1348 4441; x_wconf 89' lang='lat' dir='ltr'><strong>loco</strong></span> <span class='ocrx_word' id='word_1_638' title='bbox 1410 4391 1947 4491; x_wconf 77' lang='lat' dir='ltr'><strong>DonatistseDtero.</strong></span> 
     </span>
     <span class='ocr_line' id='line_1_60' title="bbox 137 4459 1947 4491; baseline 0 0"><span class='ocrx_word' id='word_1_639' title='bbox 137 4469 383 4491; x_wconf 59' lang='lat' dir='ltr'><strong>mentun-nn}</strong></span> <span class='ocrx_word' id='word_1_640' title='bbox 447 4464 752 4491; x_wconf 64' lang='grc' dir='ltr'><strong>ῠηη-ηιιιηε..</strong></span> <span class='ocrx_word' id='word_1_641' title='bbox 812 4462 865 4491; x_wconf 67' lang='lat' dir='ltr'><strong>in</strong></span> <span class='ocrx_word' id='word_1_642' title='bbox 927 4461 1234 4491; x_wconf 68' lang='lat' dir='ltr'><strong>Pntloitnnn</strong></span> <span class='ocrx_word' id='word_1_643' title='bbox 1291 4459 1705 4491; x_wconf 54' lang='lat' dir='ltr'><strong>Pontlsuninonct</strong></span> <span class='ocrx_word' id='word_1_644' title='bbox 1874 4466 1947 4491; x_wconf 61' lang='grc' dir='ltr'><strong>[ιιι-ε</strong></span> 
     </span>
    </p>
   </div>
   <div class='ocr_carea' id='block_1_60' title="bbox 137 4459 3439 4532">
    <p class='ocr_par' dir='ltr' id='par_1_60' title="bbox 137 4459 3439 4532">
     <span class='ocr_line' id='line_1_61' title="bbox 137 4459 3439 4532; baseline 0.002 -22"><span class='ocrx_word' id='word_1_645' title='bbox 137 4469 385 4532; x_wconf 75' lang='lat' dir='ltr'><strong>posuerunt</strong></span> <span class='ocrx_word' id='word_1_646' title='bbox 447 4464 755 4525; x_wconf 82' lang='lat' dir='ltr'><strong>Rogatum;</strong></span> <span class='ocrx_word' id='word_1_647' title='bbox 812 4462 869 4510; x_wconf 89' lang='lat' dir='ltr'><strong>in</strong></span> <span class='ocrx_word' id='word_1_648' title='bbox 927 4461 1235 4512; x_wconf 86' lang='lat' dir='ltr'><strong>Collatione</strong></span> <span class='ocrx_word' id='word_1_649' title='bbox 1291 4459 1789 4523; x_wconf 77' lang='lat' dir='ltr'><strong>CarthaginensiU</strong></span> <span class='ocrx_word' id='word_1_650' title='bbox 1873 4466 1977 4526; x_wconf 83' lang='grc'>(57)</span> <span class='ocrx_word' id='word_1_651' title='bbox 2028 4464 2173 4526; x_wconf 81' lang='lat' dir='ltr'><strong>Quod</strong></span> <span class='ocrx_word' id='word_1_652' title='bbox 2212 4464 2463 4529; x_wconf 65' lang='lat' dir='ltr'><strong>prodidit.</strong></span> <span class='ocrx_word' id='word_1_653' title='bbox 2517 4463 2706 4516; x_wconf 84' lang='lat' dir='ltr'><strong>Codex</strong></span> <span class='ocrx_word' id='word_1_654' title='bbox 2759 4465 2947 4515; x_wconf 83' lang='lat' dir='ltr'><strong>Sancti</strong></span> <span class='ocrx_word' id='word_1_655' title='bbox 2992 4466 3269 4530; x_wconf 86' lang='lat' dir='ltr'><strong>Arnulphi</strong></span> <span class='ocrx_word' id='word_1_656' title='bbox 3316 4482 3439 4532; x_wconf 85' lang='lat' dir='ltr'><strong>per-</strong></span> 
     </span>
    </p>
   </div>
   <div class='ocr_carea' id='block_1_61' title="bbox 138 4528 1960 4595">
    <p class='ocr_par' dir='ltr' id='par_1_61' title="bbox 138 4528 1960 4595">
     <span class='ocr_line' id='line_1_62' title="bbox 138 4528 1960 4595; baseline 0.004 -19"><span class='ocrx_word' id='word_1_657' title='bbox 138 4528 252 4580; x_wconf 81' lang='lat' dir='ltr'><strong>inter.</strong></span> <span class='ocrx_word' id='word_1_658' title='bbox 289 4533 598 4584; x_wconf 86' lang='lat' dir='ltr'><strong>Catholicos</strong></span> <span class='ocrx_word' id='word_1_659' title='bbox 656 4536 710 4583; x_wconf 81' lang='lat' dir='ltr'><strong>et</strong></span> <span class='ocrx_word' id='word_1_660' title='bbox 767 4533 1083 4583; x_wconf 88' lang='lat' dir='ltr'><strong>Donatistas</strong></span> <span class='ocrx_word' id='word_1_661' title='bbox 1139 4532 1315 4582; x_wconf 83' lang='lat' dir='ltr'><strong>adfuit</strong></span> <span class='ocrx_word' id='word_1_662' title='bbox 1369 4531 1709 4595; x_wconf 87' lang='lat' dir='ltr'><strong>Evangelus,</strong></span> <span class='ocrx_word' id='word_1_663' title='bbox 1812 4534 1960 4585; x_wconf 83' lang='lat' dir='ltr'><strong>didit.</strong></span> 
     </span>
    </p>
   </div>
   <div class='ocr_carea' id='block_1_62' title="bbox 136 4602 3437 4673">
    <p class='ocr_par' dir='ltr' id='par_1_62' title="bbox 136 4602 3437 4673">
     <span class='ocr_line' id='line_1_63' title="bbox 136 4602 3437 4673; baseline 0.003 -24"><span class='ocrx_word' id='word_1_664' title='bbox 136 4602 375 4667; x_wconf 80' lang='lat' dir='ltr'><strong>episcopus</strong></span> <span class='ocrx_word' id='word_1_665' title='bbox 398 4605 652 4655; x_wconf 64' lang='lat' dir='ltr'><strong>ecclesiae</strong></span> <span class='ocrx_word' id='word_1_666' title='bbox 679 4604 1016 4655; x_wconf 75' lang='lat' dir='ltr'><strong>Assuritana:</strong></span> <span class='ocrx_word' id='word_1_667' title='bbox 1045 4603 1366 4653; x_wconf 86' lang='lat' dir='ltr'><strong>catholicus.</strong></span> <span class='ocrx_word' id='word_1_668' title='bbox 1872 4608 1967 4668; x_wconf 77' lang='lat'><strong>(58)</strong></span> <span class='ocrx_word' id='word_1_669' title='bbox 2013 4607 2156 4656; x_wconf 81' lang='lat' dir='ltr'><strong>Fidei</strong></span> <span class='ocrx_word' id='word_1_670' title='bbox 2199 4612 2243 4655; x_wconf 84' lang='lat' dir='ltr'><strong>et</strong></span> <span class='ocrx_word' id='word_1_671' title='bbox 2292 4607 2521 4655; x_wconf 77' lang='lat' dir='ltr'><strong>virtutis.</strong></span> <span class='ocrx_word' id='word_1_672' title='bbox 2570 4605 2836 4668; x_wconf 87' lang='lat' dir='ltr'><strong>Quamvis</strong></span> <span class='ocrx_word' id='word_1_673' title='bbox 2878 4606 2999 4657; x_wconf 62' lang='lat' dir='ltr'><strong>haec</strong></span> <span class='ocrx_word' id='word_1_674' title='bbox 3046 4608 3226 4670; x_wconf 87' lang='lat' dir='ltr'><strong>lectio,</strong></span> <span class='ocrx_word' id='word_1_675' title='bbox 3272 4625 3437 4673; x_wconf 86' lang='lat' dir='ltr'><strong>quam</strong></span> 
     </span>
    </p>
   </div>
   <div class='ocr_carea' id='block_1_63' title="bbox 180 4673 3440 4743">
    <p class='ocr_par' dir='ltr' id='par_1_63' title="bbox 180 4673 3440 4743">
     <span class='ocr_line' id='line_1_64' title="bbox 180 4673 3440 4743; baseline 0.001 -14"><span class='ocrx_word' id='word_1_676' title='bbox 180 4673 255 4729; x_wconf 68' lang='grc'>(55)</span> <span class='ocrx_word' id='word_1_677' title='bbox 291 4675 500 4727; x_wconf 79' lang='lat' dir='ltr'><strong>Fratres</strong></span> <span class='ocrx_word' id='word_1_678' title='bbox 548 4677 864 4727; x_wconf 82' lang='lat' dir='ltr'><strong>charissimi.</strong></span> <span class='ocrx_word' id='word_1_679' title='bbox 912 4677 1045 4726; x_wconf 91' lang='lat' dir='ltr'><strong>Tres</strong></span> <span class='ocrx_word' id='word_1_680' title='bbox 1088 4675 1214 4725; x_wconf 87' lang='lat' dir='ltr'><strong>libri</strong></span> <span class='ocrx_word' id='word_1_681' title='bbox 1256 4679 1468 4726; x_wconf 82' lang='lat' dir='ltr'><strong>veteres</strong></span> <span class='ocrx_word' id='word_1_682' title='bbox 1508 4676 1711 4739; x_wconf 71' lang='lat' dir='ltr'><strong>przefe-</strong></span> <span class='ocrx_word' id='word_1_683' title='bbox 1812 4682 1866 4726; x_wconf 92' lang='lat' dir='ltr'><strong>et</strong></span> <span class='ocrx_word' id='word_1_684' title='bbox 1904 4681 2114 4726; x_wconf 83' lang='lat' dir='ltr'><strong>veteres</strong></span> <span class='ocrx_word' id='word_1_685' title='bbox 2153 4677 2421 4727; x_wconf 88' lang='lat' dir='ltr'><strong>editiones</strong></span> <span class='ocrx_word' id='word_1_686' title='bbox 2456 4680 2511 4725; x_wconf 91' lang='lat' dir='ltr'><strong>et</strong></span> <span class='ocrx_word' id='word_1_687' title='bbox 2549 4675 2844 4726; x_wconf 85' lang='lat' dir='ltr'><strong>duodecim</strong></span> <span class='ocrx_word' id='word_1_688' title='bbox 2886 4676 3011 4726; x_wconf 89' lang='lat' dir='ltr'><strong>libri</strong></span> <span class='ocrx_word' id='word_1_689' title='bbox 3057 4684 3270 4729; x_wconf 85' lang='lat' dir='ltr'><strong>veteres</strong></span> <span class='ocrx_word' id='word_1_690' title='bbox 3304 4694 3440 4743; x_wconf 66' lang='lat' dir='ltr'><strong>prm-</strong></span> 
     </span>
    </p>
   </div>
   <div class='ocr_carea' id='block_1_64' title="bbox 138 4745 3439 4811">
    <p class='ocr_par' dir='ltr' id='par_1_64' title="bbox 138 4745 3439 4811">
     <span class='ocr_line' id='line_1_65' title="bbox 138 4745 3439 4811; baseline 0.003 -19"><span class='ocrx_word' id='word_1_691' title='bbox 138 4749 233 4811; x_wconf 76' lang='lat' dir='ltr'><strong>runt</strong></span> <span class='ocrx_word' id='word_1_692' title='bbox 255 4745 409 4807; x_wconf 74' lang='lat' dir='ltr'><strong>frater</strong></span> <span class='ocrx_word' id='word_1_693' title='bbox 445 4749 765 4799; x_wconf 73' lang='lat' dir='ltr'><strong>charissima.</strong></span> <span class='ocrx_word' id='word_1_694' title='bbox 805 4748 942 4810; x_wconf 65' lang='lat' dir='ltr'><strong>Quae</strong></span> <span class='ocrx_word' id='word_1_695' title='bbox 975 4747 1141 4798; x_wconf 88' lang='lat' dir='ltr'><strong>lectio</strong></span> <span class='ocrx_word' id='word_1_696' title='bbox 1170 4751 1349 4810; x_wconf 87' lang='lat' dir='ltr'><strong>potest</strong></span> <span class='ocrx_word' id='word_1_697' title='bbox 1386 4759 1507 4796; x_wconf 89' lang='lat' dir='ltr'><strong>esse</strong></span> <span class='ocrx_word' id='word_1_698' title='bbox 1545 4746 1705 4796; x_wconf 88' lang='lat' dir='ltr'><strong>bona.</strong></span> <span class='ocrx_word' id='word_1_699' title='bbox 1809 4748 2013 4806; x_wconf 86' lang='lat' dir='ltr'><strong>ferunt,</strong></span> <span class='ocrx_word' id='word_1_700' title='bbox 2053 4750 2122 4797; x_wconf 88' lang='lat' dir='ltr'><strong>sit</strong></span> <span class='ocrx_word' id='word_1_701' title='bbox 2166 4749 2390 4811; x_wconf 87' lang='lat' dir='ltr'><strong>optima,</strong></span> <span class='ocrx_word' id='word_1_702' title='bbox 2434 4747 2596 4797; x_wconf 88' lang='lat' dir='ltr'><strong>silere</strong></span> <span class='ocrx_word' id='word_1_703' title='bbox 2640 4753 2825 4797; x_wconf 84' lang='lat' dir='ltr'><strong>tamen</strong></span> <span class='ocrx_word' id='word_1_704' title='bbox 2872 4761 2986 4797; x_wconf 89' lang='lat' dir='ltr'><strong>non</strong></span> <span class='ocrx_word' id='word_1_705' title='bbox 3029 4749 3205 4799; x_wconf 90' lang='lat' dir='ltr'><strong>debeo</strong></span> <span class='ocrx_word' id='word_1_706' title='bbox 3246 4751 3439 4801; x_wconf 87' lang='lat' dir='ltr'><strong>editio-</strong></span> 
     </span>
    </p>
   </div>
   <div class='ocr_carea' id='block_1_65' title="bbox 137 4810 3439 4882">
    <p class='ocr_par' dir='ltr' id='par_1_65' title="bbox 137 4810 3439 4882">
     <span class='ocr_line' id='line_1_66' title="bbox 137 4810 3439 4882; baseline 0.004 -22"><span class='ocrx_word' id='word_1_707' title='bbox 137 4810 307 4878; x_wconf 78' lang='lat' dir='ltr'><strong>Quippe</strong></span> <span class='ocrx_word' id='word_1_708' title='bbox 333 4820 564 4881; x_wconf 82' lang='lat' dir='ltr'><strong>epistola</strong></span> <span class='ocrx_word' id='word_1_709' title='bbox 588 4820 790 4882; x_wconf 87' lang='lat' dir='ltr'><strong>scripta</strong></span> <span class='ocrx_word' id='word_1_710' title='bbox 821 4824 903 4869; x_wconf 90' lang='lat' dir='ltr'><strong>est</strong></span> <span class='ocrx_word' id='word_1_711' title='bbox 934 4818 1002 4868; x_wconf 88' lang='lat' dir='ltr'><strong>ad</strong></span> <span class='ocrx_word' id='word_1_712' title='bbox 1040 4819 1361 4881; x_wconf 89' lang='lat' dir='ltr'><strong>episcopum</strong></span> <span class='ocrx_word' id='word_1_713' title='bbox 1386 4822 1439 4867; x_wconf 86' lang='lat' dir='ltr'><strong>et</strong></span> <span class='ocrx_word' id='word_1_714' title='bbox 1470 4816 1707 4880; x_wconf 87' lang='lat' dir='ltr'><strong>plebem,</strong></span> <span class='ocrx_word' id='word_1_715' title='bbox 1809 4832 1935 4869; x_wconf 87' lang='lat' dir='ltr'><strong>nem</strong></span> <span class='ocrx_word' id='word_1_716' title='bbox 1976 4810 2353 4869; x_wconf 79' lang='lat' dir='ltr'><strong>Morelliunam</strong></span> <span class='ocrx_word' id='word_1_717' title='bbox 2398 4822 2453 4867; x_wconf 91' lang='lat' dir='ltr'><strong>et</strong></span> <span class='ocrx_word' id='word_1_718' title='bbox 2489 4819 2738 4882; x_wconf 88' lang='lat' dir='ltr'><strong>quinque</strong></span> <span class='ocrx_word' id='word_1_719' title='bbox 2780 4818 2948 4867; x_wconf 88' lang='lat' dir='ltr'><strong>libros</strong></span> <span class='ocrx_word' id='word_1_720' title='bbox 2984 4824 3195 4870; x_wconf 86' lang='lat' dir='ltr'><strong>veteres</strong></span> <span class='ocrx_word' id='word_1_721' title='bbox 3233 4821 3439 4874; x_wconf 85' lang='lat' dir='ltr'><strong>habere</strong></span> 
     </span>
    </p>
   </div>
   <div class='ocr_carea' id='block_1_66' title="bbox 138 4887 2251 4954">
    <p class='ocr_par' dir='ltr' id='par_1_66' title="bbox 138 4887 2251 4954">
     <span class='ocr_line' id='line_1_67' title="bbox 138 4887 2251 4954; baseline 0.003 -20"><span class='ocrx_word' id='word_1_722' title='bbox 138 4887 175 4930; x_wconf 76' lang='lat' dir='ltr'><strong>et</strong></span> <span class='ocrx_word' id='word_1_723' title='bbox 193 4889 341 4947; x_wconf 83' lang='lat' dir='ltr'><strong>potuit</strong></span> <span class='ocrx_word' id='word_1_724' title='bbox 369 4888 680 4952; x_wconf 78' lang='lat' dir='ltr'><strong>Cyprianus</strong></span> <span class='ocrx_word' id='word_1_725' title='bbox 715 4903 781 4939; x_wconf 92' lang='lat' dir='ltr'><strong>eo</strong></span> <span class='ocrx_word' id='word_1_726' title='bbox 812 4890 975 4938; x_wconf 88' lang='lat' dir='ltr'><strong>modo</strong></span> <span class='ocrx_word' id='word_1_727' title='bbox 1007 4889 1249 4939; x_wconf 88' lang='lat' dir='ltr'><strong>scribere</strong></span> <span class='ocrx_word' id='word_1_728' title='bbox 1279 4903 1390 4953; x_wconf 88' lang='lat' dir='ltr'><strong>quo</strong></span> <span class='ocrx_word' id='word_1_729' title='bbox 1420 4890 1707 4950; x_wconf 85' lang='lat' dir='ltr'><strong>scripsisse</strong></span> <span class='ocrx_word' id='word_1_730' title='bbox 1806 4891 2017 4941; x_wconf 71' lang='lat' dir='ltr'><strong>virtutis</strong></span> <span class='ocrx_word' id='word_1_731' title='bbox 2044 4898 2089 4940; x_wconf 88' lang='lat' dir='ltr'><strong>et</strong></span> <span class='ocrx_word' id='word_1_732' title='bbox 2113 4891 2251 4954; x_wconf 82' lang='lat' dir='ltr'><strong>ﬁdei.</strong></span> 
     </span>
    </p>
   </div>
   <div class='ocr_carea' id='block_1_67' title="bbox 138 4958 3438 5025">
    <p class='ocr_par' dir='ltr' id='par_1_67' title="bbox 138 4958 3438 5025">
     <span class='ocr_line' id='line_1_68' title="bbox 138 4958 3438 5025; baseline 0.004 -21"><span class='ocrx_word' id='word_1_733' title='bbox 138 4959 352 5025; x_wconf 66' lang='lat' dir='ltr'><strong>reperitur</strong></span> <span class='ocrx_word' id='word_1_734' title='bbox 385 4963 542 5022; x_wconf 88' lang='lat' dir='ltr'><strong>epist.</strong></span> <span class='ocrx_word' id='word_1_735' title='bbox 577 4961 657 5017; x_wconf 85' lang='lat'><strong>57,</strong></span> <span class='ocrx_word' id='word_1_736' title='bbox 690 4960 759 5009; x_wconf 84' lang='lat' dir='ltr'><strong>ad</strong></span> <span class='ocrx_word' id='word_1_737' title='bbox 792 4958 1091 5009; x_wconf 81' lang='lat' dir='ltr'><strong>Cornelium</strong></span> <span class='ocrx_word' id='word_1_738' title='bbox 1122 4975 1138 5008; x_wconf 91' lang='lat'><em>:</em></span> <span class='ocrx_word' id='word_1_739' title='bbox 1172 4974 1299 5023; x_wconf 73' lang='lat' dir='ltr'><strong>quae</strong></span> <span class='ocrx_word' id='word_1_740' title='bbox 1336 4973 1463 5011; x_wconf 89' lang='lat' dir='ltr'><strong>cum</strong></span> <span class='ocrx_word' id='word_1_741' title='bbox 1503 4960 1707 5023; x_wconf 88' lang='lat' dir='ltr'><strong>scripta</strong></span> <span class='ocrx_word' id='word_1_742' title='bbox 1867 4962 1969 5023; x_wconf 85' lang='lat'><strong>(59)</strong></span> <span class='ocrx_word' id='word_1_743' title='bbox 2010 4962 2217 5011; x_wconf 82' lang='lat' dir='ltr'><strong>Diaboli</strong></span> <span class='ocrx_word' id='word_1_744' title='bbox 2257 4960 2630 5011; x_wconf 81' lang='lat' dir='ltr'><strong>sacerdotibus.</strong></span> <span class='ocrx_word' id='word_1_745' title='bbox 2672 4960 2858 5012; x_wconf 84' lang='lat' dir='ltr'><strong>Codex</strong></span> <span class='ocrx_word' id='word_1_746' title='bbox 2903 4962 3194 5025; x_wconf 87' lang='lat' dir='ltr'><strong>Fuxensis,</strong></span> <span class='ocrx_word' id='word_1_747' title='bbox 3226 4965 3438 5017; x_wconf 82' lang='lat' dir='ltr'><strong>diabolo</strong></span> 
     </span>
    </p>
   </div>
   <div class='ocr_carea' id='block_1_68' title="bbox 138 5024 2440 5094">
    <p class='ocr_par' dir='ltr' id='par_1_68' title="bbox 138 5024 2440 5094">
     <span class='ocr_line' id='line_1_69' title="bbox 138 5024 2440 5094; baseline 0.002 -19"><span class='ocrx_word' id='word_1_748' title='bbox 138 5024 187 5094; x_wconf 54' lang='lat' dir='ltr'><strong>tit</strong></span> <span class='ocrx_word' id='word_1_749' title='bbox 212 5040 267 5076; x_wconf 84' lang='lat' dir='ltr'><strong>ex</strong></span> <span class='ocrx_word' id='word_1_750' title='bbox 300 5043 451 5094; x_wconf 67' lang='lat' dir='ltr'><strong>mque</strong></span> <span class='ocrx_word' id='word_1_751' title='bbox 488 5030 555 5079; x_wconf 89' lang='lat' dir='ltr'><strong>ad</strong></span> <span class='ocrx_word' id='word_1_752' title='bbox 591 5030 909 5081; x_wconf 87' lang='lat' dir='ltr'><strong>Cornelium</strong></span> <span class='ocrx_word' id='word_1_753' title='bbox 942 5036 997 5079; x_wconf 90' lang='lat' dir='ltr'><strong>et</strong></span> <span class='ocrx_word' id='word_1_754' title='bbox 1033 5030 1102 5080; x_wconf 88' lang='lat' dir='ltr'><strong>ad</strong></span> <span class='ocrx_word' id='word_1_755' title='bbox 1143 5045 1363 5081; x_wconf 88' lang='lat' dir='ltr'><strong>omnem</strong></span> <span class='ocrx_word' id='word_1_756' title='bbox 1400 5031 1703 5081; x_wconf 86' lang='lat' dir='ltr'><strong>Ecclesiam</strong></span> <span class='ocrx_word' id='word_1_757' title='bbox 1805 5036 1899 5080; x_wconf 87' lang='lat' dir='ltr'><strong>aut</strong></span> <span class='ocrx_word' id='word_1_758' title='bbox 1925 5032 2283 5081; x_wconf 83' lang='lat' dir='ltr'><strong>sacerdotibus</strong></span> <span class='ocrx_word' id='word_1_759' title='bbox 2310 5033 2440 5094; x_wconf 84' lang='lat' dir='ltr'><strong>ejus.</strong></span> 
     </span>
    </p>
   </div>
   <div class='ocr_carea' id='block_1_69' title="bbox 140 5092 3438 5171">
    <p class='ocr_par' dir='ltr' id='par_1_69' title="bbox 140 5092 3438 5171">
     <span class='ocr_line' id='line_1_70' title="bbox 140 5092 3438 5171; baseline 0.004 -26"><span class='ocrx_word' id='word_1_760' title='bbox 140 5092 405 5171; x_wconf 76' lang='lat' dir='ltr'><strong>Romanam,</strong></span> <span class='ocrx_word' id='word_1_761' title='bbox 447 5108 636 5152; x_wconf 84' lang='lat' dir='ltr'><strong>tamen</strong></span> <span class='ocrx_word' id='word_1_762' title='bbox 680 5103 862 5166; x_wconf 84' lang='lat' dir='ltr'><strong>inquit</strong></span> <span class='ocrx_word' id='word_1_763' title='bbox 904 5102 1271 5164; x_wconf 83' lang='lat' dir='ltr'><strong>Cognovimus,</strong></span> <span class='ocrx_word' id='word_1_764' title='bbox 1303 5100 1468 5162; x_wconf 83' lang='lat' dir='ltr'><strong>frater</strong></span> <span class='ocrx_word' id='word_1_765' title='bbox 1501 5100 1702 5152; x_wconf 84' lang='lat' dir='ltr'><strong>charis-</strong></span> <span class='ocrx_word' id='word_1_766' title='bbox 1868 5103 1962 5166; x_wconf 88' lang='lat'><strong>(60)</strong></span> <span class='ocrx_word' id='word_1_767' title='bbox 2012 5102 2299 5165; x_wconf 84' lang='lat' dir='ltr'><strong>Sacrilegio</strong></span> <span class='ocrx_word' id='word_1_768' title='bbox 2330 5092 2395 5152; x_wconf 12' lang='grc' dir='ltr'><strong>ἧσε</strong></span> <span class='ocrx_word' id='word_1_769' title='bbox 2443 5105 2675 5153; x_wconf 80' lang='lat' dir='ltr'><strong>crimini.</strong></span> <span class='ocrx_word' id='word_1_770' title='bbox 2725 5103 2913 5154; x_wconf 87' lang='lat' dir='ltr'><strong>Codex</strong></span> <span class='ocrx_word' id='word_1_771' title='bbox 2970 5106 3438 5171; x_wconf 88' lang='lat' dir='ltr'><strong>Gratianopolita-</strong></span> 
     </span>
    </p>
   </div>
   <div class='ocr_carea' id='block_1_70' title="bbox 138 5168 3521 5240">
    <p class='ocr_par' dir='ltr' id='par_1_70' title="bbox 138 5168 3521 5240">
     <span class='ocr_line' id='line_1_71' title="bbox 138 5168 3521 5240; baseline 0.006 -30"><span class='ocrx_word' id='word_1_772' title='bbox 138 5168 246 5223; x_wconf 73' lang='lat' dir='ltr'><strong>sime,</strong></span> <span class='ocrx_word' id='word_1_773' title='bbox 267 5175 313 5219; x_wconf 87' lang='lat' dir='ltr'><strong>et</strong></span> <span class='ocrx_word' id='word_1_774' title='bbox 343 5185 468 5222; x_wconf 91' lang='lat' dir='ltr'><strong>mox</strong></span> <span class='ocrx_word' id='word_1_775' title='bbox 499 5174 705 5235; x_wconf 77' lang='lat' dir='ltr'><strong>stylum</strong></span> <span class='ocrx_word' id='word_1_776' title='bbox 736 5173 1006 5224; x_wconf 82' lang='lat' dir='ltr'><strong>convertit</strong></span> <span class='ocrx_word' id='word_1_777' title='bbox 1039 5172 1348 5236; x_wconf 81' lang='lat' dir='ltr'><strong>Cyprianus</strong></span> <span class='ocrx_word' id='word_1_778' title='bbox 1382 5172 1451 5221; x_wconf 87' lang='lat' dir='ltr'><strong>ad</strong></span> <span class='ocrx_word' id='word_1_779' title='bbox 1489 5186 1701 5233; x_wconf 91' lang='lat' dir='ltr'><strong>omnes,</strong></span> <span class='ocrx_word' id='word_1_780' title='bbox 1804 5188 1928 5235; x_wconf 89' lang='lat' dir='ltr'><strong>nus,</strong></span> <span class='ocrx_word' id='word_1_781' title='bbox 1983 5189 2100 5239; x_wconf 77' lang='lat' dir='ltr'><strong>quae</strong></span> <span class='ocrx_word' id='word_1_782' title='bbox 2151 5183 2301 5240; x_wconf 84' lang='lat' dir='ltr'><strong>capta</strong></span> <span class='ocrx_word' id='word_1_783' title='bbox 2358 5175 2535 5237; x_wconf 85' lang='lat' dir='ltr'><strong>fuerat</strong></span> <span class='ocrx_word' id='word_1_784' title='bbox 2583 5175 2861 5237; x_wconf 82' lang='lat' dir='ltr'><strong>sacrilegio</strong></span> <span class='ocrx_word' id='word_1_785' title='bbox 2918 5182 2965 5225; x_wconf 87' lang='lat' dir='ltr'><strong>et</strong></span> <span class='ocrx_word' id='word_1_786' title='bbox 3014 5168 3257 5227; x_wconf 48' lang='lat' dir='ltr'><strong>crimine:</strong></span> <span class='ocrx_word' id='word_1_787' title='bbox 3300 5179 3436 5230; x_wconf 91' lang='lat' dir='ltr'><strong>Cor-</strong></span> <span class='ocrx_word' id='word_1_788' title='bbox 3520 5218 3521 5221; x_wconf 59' lang='grc' dir='ltr'><strong>η</strong></span> 
     </span>
    </p>
   </div>
   <div class='ocr_carea' id='block_1_71' title="bbox 139 5239 3434 5309">
    <p class='ocr_par' dir='ltr' id='par_1_71' title="bbox 139 5239 3434 5309">
     <span class='ocr_line' id='line_1_72' title="bbox 139 5239 3434 5309; baseline 0.002 -13"><span class='ocrx_word' id='word_1_789' title='bbox 139 5239 207 5296; x_wconf 66' lang='lat' dir='ltr'><strong>qui</strong></span> <span class='ocrx_word' id='word_1_790' title='bbox 250 5249 519 5305; x_wconf 84' lang='lat' dir='ltr'><strong>propterea</strong></span> <span class='ocrx_word' id='word_1_791' title='bbox 576 5246 771 5295; x_wconf 88' lang='lat' dir='ltr'><strong>fratres</strong></span> <span class='ocrx_word' id='word_1_792' title='bbox 821 5245 1129 5295; x_wconf 83' lang='lat' dir='ltr'><strong>charissimi</strong></span> <span class='ocrx_word' id='word_1_793' title='bbox 1185 5250 1480 5306; x_wconf 87' lang='lat' dir='ltr'><strong>vocantur,</strong></span> <span class='ocrx_word' id='word_1_794' title='bbox 1539 5246 1702 5308; x_wconf 89' lang='lat' dir='ltr'><strong>paulo</strong></span> <span class='ocrx_word' id='word_1_795' title='bbox 1804 5245 2078 5305; x_wconf 88' lang='lat' dir='ltr'><strong>beiensis,</strong></span> <span class='ocrx_word' id='word_1_796' title='bbox 2137 5239 2541 5309; x_wconf 78' lang='lat' dir='ltr'><strong>saerilegiorum</strong></span> <span class='ocrx_word' id='word_1_797' title='bbox 2601 5252 2649 5295; x_wconf 87' lang='lat' dir='ltr'><strong>et</strong></span> <span class='ocrx_word' id='word_1_798' title='bbox 2707 5247 3006 5296; x_wconf 83' lang='lat' dir='ltr'><strong>criminum.</strong></span> <span class='ocrx_word' id='word_1_799' title='bbox 3069 5247 3209 5308; x_wconf 74' lang='lat' dir='ltr'><strong>Qum</strong></span> <span class='ocrx_word' id='word_1_800' title='bbox 3269 5250 3434 5301; x_wconf 84' lang='lat' dir='ltr'><strong>lectio</strong></span> 
     </span>
    </p>
   </div>
   <div class='ocr_carea' id='block_1_72' title="bbox 138 5310 3434 5379">
    <p class='ocr_par' dir='ltr' id='par_1_72' title="bbox 138 5310 3434 5379">
     <span class='ocr_line' id='line_1_73' title="bbox 138 5310 3434 5379; baseline 0.002 -16"><span class='ocrx_word' id='word_1_801' title='bbox 138 5312 240 5363; x_wconf 67' lang='lat' dir='ltr'><strong>P051.</strong></span> <span class='ocrx_word' id='word_1_802' title='bbox 265 5310 333 5361; x_wconf 84' lang='lat' dir='ltr'><strong>Ea</strong></span> <span class='ocrx_word' id='word_1_803' title='bbox 367 5314 734 5378; x_wconf 74' lang='lat' dir='ltr'><strong>discrepantia</strong></span> <span class='ocrx_word' id='word_1_804' title='bbox 761 5316 1062 5367; x_wconf 88' lang='lat' dir='ltr'><strong>lectionum</strong></span> <span class='ocrx_word' id='word_1_805' title='bbox 1092 5317 1149 5365; x_wconf 90' lang='lat' dir='ltr'><strong>in</strong></span> <span class='ocrx_word' id='word_1_806' title='bbox 1181 5315 1456 5379; x_wconf 82' lang='lat' dir='ltr'><strong>Cypriane</strong></span> <span class='ocrx_word' id='word_1_807' title='bbox 1488 5315 1703 5366; x_wconf 87' lang='lat' dir='ltr'><strong>videtur</strong></span> <span class='ocrx_word' id='word_1_808' title='bbox 1802 5317 2020 5367; x_wconf 86' lang='lat' dir='ltr'><strong>videtur</strong></span> <span class='ocrx_word' id='word_1_809' title='bbox 2059 5330 2178 5367; x_wconf 88' lang='lat' dir='ltr'><strong>esse</strong></span> <span class='ocrx_word' id='word_1_810' title='bbox 2212 5318 2423 5378; x_wconf 87' lang='lat' dir='ltr'><strong>melior,</strong></span> <span class='ocrx_word' id='word_1_811' title='bbox 2455 5319 2501 5366; x_wconf 90' lang='lat' dir='ltr'><strong>si</strong></span> <span class='ocrx_word' id='word_1_812' title='bbox 2531 5331 2637 5366; x_wconf 85' lang='lat' dir='ltr'><strong>vox</strong></span> <span class='ocrx_word' id='word_1_813' title='bbox 2676 5318 2884 5379; x_wconf 82' lang='lat' dir='ltr'><strong>captiva</strong></span> <span class='ocrx_word' id='word_1_814' title='bbox 2923 5319 3239 5369; x_wconf 87' lang='lat' dir='ltr'><strong>retineatur.</strong></span> <span class='ocrx_word' id='word_1_815' title='bbox 3279 5323 3434 5371; x_wconf 84' lang='lat' dir='ltr'><strong>Jere-</strong></span> 
     </span>
    </p>
   </div>
   <div class='ocr_carea' id='block_1_73' title="bbox 140 5381 3434 5455">
    <p class='ocr_par' dir='ltr' id='par_1_73' title="bbox 140 5381 3434 5455">
     <span class='ocr_line' id='line_1_74' title="bbox 140 5381 3434 5455; baseline 0.003 -24"><span class='ocrx_word' id='word_1_816' title='bbox 140 5381 223 5455; x_wconf 49' lang='lat' dir='ltr'><strong>0th}</strong></span> <span class='ocrx_word' id='word_1_817' title='bbox 247 5395 352 5433; x_wconf 85' lang='lat' dir='ltr'><strong>esse</strong></span> <span class='ocrx_word' id='word_1_818' title='bbox 374 5399 439 5435; x_wconf 87' lang='lat' dir='ltr'><strong>ex</strong></span> <span class='ocrx_word' id='word_1_819' title='bbox 466 5387 629 5436; x_wconf 85' lang='lat' dir='ltr'><strong>notis.</strong></span> <span class='ocrx_word' id='word_1_820' title='bbox 659 5387 797 5436; x_wconf 89' lang='lat' dir='ltr'><strong>Nam</strong></span> <span class='ocrx_word' id='word_1_821' title='bbox 824 5388 1187 5437; x_wconf 85' lang='lat' dir='ltr'><strong>animadverti</strong></span> <span class='ocrx_word' id='word_1_822' title='bbox 1210 5387 1381 5449; x_wconf 82' lang='lat' dir='ltr'><strong>frater</strong></span> <span class='ocrx_word' id='word_1_823' title='bbox 1403 5387 1704 5436; x_wconf 74' lang='lat' dir='ltr'><strong>charissima</strong></span> <span class='ocrx_word' id='word_1_824' title='bbox 1802 5390 1929 5438; x_wconf 77' lang='lat' dir='ltr'><strong>mise</strong></span> <span class='ocrx_word' id='word_1_825' title='bbox 1989 5402 2106 5451; x_wconf 89' lang='lat' dir='ltr'><strong>cap.</strong></span> <span class='ocrx_word' id='word_1_826' title='bbox 2164 5401 2322 5449; x_wconf 81' lang='lat' dir='ltr'><strong>XLIX,</strong></span> <span class='ocrx_word' id='word_1_827' title='bbox 2382 5389 2615 5450; x_wconf 84' lang='lat' dir='ltr'><strong>captivos</strong></span> <span class='ocrx_word' id='word_1_828' title='bbox 2669 5387 2899 5450; x_wconf 76' lang='lat' dir='ltr'><strong>ﬁliorum</strong></span> <span class='ocrx_word' id='word_1_829' title='bbox 2952 5391 3187 5439; x_wconf 82' lang='lat' dir='ltr'><strong>Ammon.</strong></span> <span class='ocrx_word' id='word_1_830' title='bbox 3244 5392 3434 5455; x_wconf 87' lang='lat' dir='ltr'><strong>Neque</strong></span> 
     </span>
    </p>
   </div>
   <div class='ocr_carea' id='block_1_74' title="bbox 140 5448 3430 5522">
    <p class='ocr_par' dir='ltr' id='par_1_74' title="bbox 140 5448 3430 5522">
     <span class='ocr_line' id='line_1_75' title="bbox 140 5448 3430 5522; baseline 0.003 -23"><span class='ocrx_word' id='word_1_831' title='bbox 140 5450 176 5493; x_wconf 73' lang='grc' dir='ltr'><strong>εί</strong></span> <span class='ocrx_word' id='word_1_832' title='bbox 197 5448 353 5522; x_wconf 65' lang='lat' dir='ltr'><strong>fratres</strong></span> <span class='ocrx_word' id='word_1_833' title='bbox 379 5457 680 5507; x_wconf 82' lang='lat' dir='ltr'><strong>chorissimi</strong></span> <span class='ocrx_word' id='word_1_834' title='bbox 699 5458 1034 5522; x_wconf 85' lang='lat' dir='ltr'><strong>quandoque</strong></span> <span class='ocrx_word' id='word_1_835' title='bbox 1065 5461 1140 5508; x_wconf 88' lang='lat' dir='ltr'><strong>ita</strong></span> <span class='ocrx_word' id='word_1_836' title='bbox 1165 5448 1331 5509; x_wconf 89' lang='lat' dir='ltr'><strong>scribi</strong></span> <span class='ocrx_word' id='word_1_837' title='bbox 1368 5460 1421 5507; x_wconf 86' lang='lat' dir='ltr'><strong>in</strong></span> <span class='ocrx_word' id='word_1_838' title='bbox 1458 5458 1701 5521; x_wconf 86' lang='lat' dir='ltr'><strong>antiquis</strong></span> <span class='ocrx_word' id='word_1_839' title='bbox 1802 5460 1950 5509; x_wconf 89' lang='lat' dir='ltr'><strong>enim</strong></span> <span class='ocrx_word' id='word_1_840' title='bbox 2008 5448 2210 5508; x_wconf 69' lang='lat' dir='ltr'><strong>dicitur</strong></span> <span class='ocrx_word' id='word_1_841' title='bbox 2265 5448 2458 5508; x_wconf 81' lang='lat' dir='ltr'><strong>servus</strong></span> <span class='ocrx_word' id='word_1_842' title='bbox 2506 5448 2762 5519; x_wconf 85' lang='lat' dir='ltr'><strong>domino,</strong></span> <span class='ocrx_word' id='word_1_843' title='bbox 2814 5459 2911 5509; x_wconf 88' lang='lat' dir='ltr'><strong>sed</strong></span> <span class='ocrx_word' id='word_1_844' title='bbox 2962 5475 3155 5510; x_wconf 80' lang='lat' dir='ltr'><strong>servus</strong></span> <span class='ocrx_word' id='word_1_845' title='bbox 3203 5448 3430 5510; x_wconf 75' lang='lat' dir='ltr'><strong>domini.</strong></span> 
     </span>
    </p>
   </div>
   <div class='ocr_carea' id='block_1_75' title="bbox 140 5519 3433 5595">
    <p class='ocr_par' dir='ltr' id='par_1_75' title="bbox 140 5519 3433 5595">
     <span class='ocr_line' id='line_1_76' title="bbox 140 5519 3433 5595; baseline 0.004 -27"><span class='ocrx_word' id='word_1_846' title='bbox 140 5519 369 5595; x_wconf 67' lang='lat' dir='ltr'><strong>codicibus</strong></span> <span class='ocrx_word' id='word_1_847' title='bbox 394 5528 452 5576; x_wconf 83' lang='lat' dir='ltr'><strong>F.</strong></span> <span class='ocrx_word' id='word_1_848' title='bbox 486 5530 549 5579; x_wconf 84' lang='lat' dir='ltr'><strong>K.</strong></span> <span class='ocrx_word' id='word_1_849' title='bbox 581 5534 637 5580; x_wconf 88' lang='lat' dir='ltr'><strong>et</strong></span> <span class='ocrx_word' id='word_1_850' title='bbox 664 5519 768 5578; x_wconf 78' lang='lat' dir='ltr'><strong>FF.</strong></span> <span class='ocrx_word' id='word_1_851' title='bbox 799 5529 907 5580; x_wconf 87' lang='lat' dir='ltr'><strong>CC.</strong></span> <span class='ocrx_word' id='word_1_852' title='bbox 940 5519 1006 5579; x_wconf 77' lang='lat' dir='ltr'><strong>eo</strong></span> <span class='ocrx_word' id='word_1_853' title='bbox 1034 5530 1198 5579; x_wconf 89' lang='lat' dir='ltr'><strong>modo</strong></span> <span class='ocrx_word' id='word_1_854' title='bbox 1237 5543 1348 5593; x_wconf 92' lang='lat' dir='ltr'><strong>quo</strong></span> <span class='ocrx_word' id='word_1_855' title='bbox 1376 5519 1706 5580; x_wconf 78' lang='lat' dir='ltr'><strong>dilectissimi</strong></span> <span class='ocrx_word' id='word_1_856' title='bbox 1802 5531 1951 5580; x_wconf 82' lang='lat' dir='ltr'><strong>Hinc</strong></span> <span class='ocrx_word' id='word_1_857' title='bbox 2008 5531 2153 5594; x_wconf 89' lang='lat' dir='ltr'><strong>apud</strong></span> <span class='ocrx_word' id='word_1_858' title='bbox 2211 5530 2538 5580; x_wconf 87' lang='lat' dir='ltr'><strong>Ciceronem</strong></span> <span class='ocrx_word' id='word_1_859' title='bbox 2598 5530 2741 5580; x_wconf 85' lang='lat' dir='ltr'><strong>servi</strong></span> <span class='ocrx_word' id='word_1_860' title='bbox 2800 5531 3015 5593; x_wconf 83' lang='lat' dir='ltr'><strong>legum,</strong></span> <span class='ocrx_word' id='word_1_861' title='bbox 3078 5531 3433 5593; x_wconf 88' lang='lat' dir='ltr'><strong>seditionum,</strong></span> 
     </span>
    </p>
   </div>
   <div class='ocr_carea' id='block_1_76' title="bbox 141 5589 803 5663">
    <p class='ocr_par' dir='ltr' id='par_1_76' title="bbox 141 5589 803 5663">
     <span class='ocr_line' id='line_1_77' title="bbox 141 5589 803 5663; baseline 0.008 -20"><span class='ocrx_word' id='word_1_862' title='bbox 141 5589 222 5663; x_wconf 67' lang='lat' dir='ltr'><strong>Vidi</strong></span> <span class='ocrx_word' id='word_1_863' title='bbox 243 5605 369 5657; x_wconf 64' lang='lat' dir='ltr'><strong>saepe</strong></span> <span class='ocrx_word' id='word_1_864' title='bbox 393 5600 657 5663; x_wconf 89' lang='lat' dir='ltr'><strong>scriptum</strong></span> <span class='ocrx_word' id='word_1_865' title='bbox 686 5600 803 5650; x_wconf 94' lang='lat' dir='ltr'><strong>DD.</strong></span> 
     </span>
    </p>
   </div>
   <div class='ocr_carea' id='block_1_77' title="bbox 185 5662 1699 5736">
    <p class='ocr_par' dir='ltr' id='par_1_77' title="bbox 185 5662 1699 5736">
     <span class='ocr_line' id='line_1_78' title="bbox 185 5662 1699 5736; baseline 0.007 -25"><span class='ocrx_word' id='word_1_866' title='bbox 185 5662 264 5736; x_wconf 75' lang='lat'><strong>(56)</strong></span> <span class='ocrx_word' id='word_1_867' title='bbox 300 5662 743 5730; x_wconf 82' lang='lat' dir='ltr'><strong>Fortunatianum,</strong></span> <span class='ocrx_word' id='word_1_868' title='bbox 789 5684 954 5733; x_wconf 89' lang='lat' dir='ltr'><strong>quem</strong></span> <span class='ocrx_word' id='word_1_869' title='bbox 1004 5671 1273 5734; x_wconf 86' lang='lat' dir='ltr'><strong>apostasia</strong></span> <span class='ocrx_word' id='word_1_870' title='bbox 1318 5669 1587 5734; x_wconf 87' lang='lat' dir='ltr'><strong>dejecerat</strong></span> <span class='ocrx_word' id='word_1_871' title='bbox 1630 5672 1699 5722; x_wconf 88' lang='lat' dir='ltr'><strong>ab</strong></span> 
     </span>
    </p>
   </div>
   <div class='ocr_carea' id='block_1_78' title="bbox 142 5739 1698 5800">
    <p class='ocr_par' dir='ltr' id='par_1_78' title="bbox 142 5739 1698 5800">
     <span class='ocr_line' id='line_1_79' title="bbox 142 5739 1698 5800; baseline 0.003 -10"><span class='ocrx_word' id='word_1_872' title='bbox 142 5739 417 5800; x_wconf 48' lang='lat' dir='ltr'><strong>eill-scopam,</strong></span> <span class='ocrx_word' id='word_1_873' title='bbox 450 5754 579 5793; x_wconf 86' lang='lat' dir='ltr'><strong>cum</strong></span> <span class='ocrx_word' id='word_1_874' title='bbox 607 5742 969 5794; x_wconf 81' lang='lat' dir='ltr'><strong>sacrificasset</strong></span> <span class='ocrx_word' id='word_1_875' title='bbox 1003 5741 1181 5794; x_wconf 86' lang='lat' dir='ltr'><strong>idolis.</strong></span> <span class='ocrx_word' id='word_1_876' title='bbox 1217 5742 1375 5794; x_wconf 88' lang='lat' dir='ltr'><strong>Unde</strong></span> <span class='ocrx_word' id='word_1_877' title='bbox 1413 5743 1472 5794; x_wconf 87' lang='lat' dir='ltr'><strong>in</strong></span> <span class='ocrx_word' id='word_1_878' title='bbox 1510 5742 1698 5795; x_wconf 89' lang='lat' dir='ltr'><strong>codice</strong></span> 
     </span>
    </p>
   </div>
   <div class='ocr_carea' id='block_1_79' title="bbox 1801 5601 3435 5665">
    <p class='ocr_par' dir='ltr' id='par_1_79' title="bbox 1801 5601 3435 5665">
     <span class='ocr_line' id='line_1_80' title="bbox 1801 5601 3435 5665; baseline -0.001 -13"><span class='ocrx_word' id='word_1_879' title='bbox 1801 5602 2183 5665; x_wconf 86' lang='lat' dir='ltr'><strong>cupiditatum.</strong></span> <span class='ocrx_word' id='word_1_880' title='bbox 2236 5603 2372 5652; x_wconf 87' lang='lat' dir='ltr'><strong>Item</strong></span> <span class='ocrx_word' id='word_1_881' title='bbox 2420 5602 2722 5652; x_wconf 89' lang='lat' dir='ltr'><strong>dicendum</strong></span> <span class='ocrx_word' id='word_1_882' title='bbox 2778 5601 2846 5651; x_wconf 88' lang='lat' dir='ltr'><strong>de</strong></span> <span class='ocrx_word' id='word_1_883' title='bbox 2898 5602 3149 5664; x_wconf 87' lang='lat' dir='ltr'><strong>captivis,</strong></span> <span class='ocrx_word' id='word_1_884' title='bbox 3201 5602 3294 5665; x_wconf 90' lang='lat' dir='ltr'><strong>qui</strong></span> <span class='ocrx_word' id='word_1_885' title='bbox 3350 5603 3435 5651; x_wconf 90' lang='lat' dir='ltr'><strong>sui</strong></span> 
     </span>
    </p>
   </div>
   <div class='ocr_carea' id='block_1_80' title="bbox 1793 5676 2275 5739">
    <p class='ocr_par' dir='ltr' id='par_1_80' title="bbox 1793 5676 2275 5739">
     <span class='ocr_line' id='line_1_81' title="bbox 1793 5676 2275 5739; baseline 0 -15"><span class='ocrx_word' id='word_1_886' title='bbox 1793 5676 1934 5739; x_wconf 89' lang='lat' dir='ltr'><strong>juris</strong></span> <span class='ocrx_word' id='word_1_887' title='bbox 1970 5688 2080 5723; x_wconf 90' lang='lat' dir='ltr'><strong>non</strong></span> <span class='ocrx_word' id='word_1_888' title='bbox 2124 5679 2275 5724; x_wconf 80' lang='lat' dir='ltr'><strong>sunt.</strong></span> 
     </span>
    </p>
   </div>
   <div class='ocr_carea' id='block_1_81' title="bbox 1860 5741 3449 5811">
    <p class='ocr_par' dir='ltr' id='par_1_81' title="bbox 1860 5741 3449 5811">
     <span class='ocr_line' id='line_1_82' title="bbox 1860 5741 3449 5811; baseline -0.001 -14"><span class='ocrx_word' id='word_1_889' title='bbox 1860 5746 1956 5811; x_wconf 81' lang='grc'>(61)</span> <span class='ocrx_word' id='word_1_890' title='bbox 1998 5748 2082 5799; x_wconf 78' lang='lat' dir='ltr'><strong>Aa</strong></span> <span class='ocrx_word' id='word_1_891' title='bbox 2127 5743 2300 5801; x_wconf 84' lang='lat' dir='ltr'><strong>altare</strong></span> <span class='ocrx_word' id='word_1_892' title='bbox 2344 5744 2532 5800; x_wconf 80' lang='lat' dir='ltr'><strong>sancti.</strong></span> <span class='ocrx_word' id='word_1_893' title='bbox 2585 5746 2669 5799; x_wconf 86' lang='lat' dir='ltr'><strong>Ita</strong></span> <span class='ocrx_word' id='word_1_894' title='bbox 2711 5756 2907 5798; x_wconf 85' lang='lat' dir='ltr'><strong>omnes</strong></span> <span class='ocrx_word' id='word_1_895' title='bbox 2955 5744 3069 5797; x_wconf 82' lang='lat' dir='ltr'><strong>fere</strong></span> <span class='ocrx_word' id='word_1_896' title='bbox 3114 5741 3237 5795; x_wconf 84' lang='lat' dir='ltr'><strong>libri</strong></span> <span class='ocrx_word' id='word_1_897' title='bbox 3282 5749 3449 5799; x_wconf 78' lang='lat' dir='ltr'><strong>vete-</strong></span> 
     </span>
    </p>
   </div>
  </div>
