3978 6194
306 853 374 919 /

440 301 542 356 403

1380 305 1432 360 S.
1476 296 1788 362 CYPRIANI
1827 308 2100 363 OPERUM
2139 309 2309 363 PARS
2346 308 2383 361 l.
2425 334 2493 347 —
2532 308 2892 364 EPISTOLAZ.

3695 316 3789 370 404

448 426 725 493 delictum,
772 442 837 481 ne
876 430 1182 483 moriantur
1211 427 1428 494 (Exod,
1471 446 1613 497 χχιχ,
1642 432 1751 501 43).
1782 430 1887 494 Qui
1936 448 2074 503 ergo
2098 442 2156 516 Α
2177 435 2603 502 perseverarent
2630 431 2913 502 pudorem
2943 431 3165 499 incesti,
3196 432 3367 487 fidem
3410 434 3635 505 perfidi,
3664 438 3786 493 reli-

451 518 642 592 390
687 519 878 590 gravia
906 520 964 574 in
994 538 1053 576 se
1080 522 1282 577 delicta
1322 523 1700 592 adduxerunt,
1743 524 1800 577 id
1840 526 1943 594 est,
1979 524 2078 596 qui

445 612 612 667 idolis
674 613 1044 669 sacriﬁcando
1110 615 1382 688 sacrilega
1442 618 1709 672 sacriﬁcia
1768 618 2074 686 fecerunt,

449 707 822 763 sacerdotium
872 708 969 763 Dei
1020 708 1126 763 sibi
1175 709 1455 765 vindicare
1501 727 1619 766 non
1673 719 1925 783 possunt,
1969 729 2077 767 nec

452 791 624 855 ullam
651 801 710 855 in
748 806 1051 873 conspectu
1094 803 1217 873 ejus
1263 818 1493 874 precem
1530 821 1635 876 pro
1675 805 1946 860 fratribus
1990 807 2072 861 fa-

448 909 607 960 cere,
665 895 890 966 quando
944 896 1000 949 in
1057 898 1361 968 Evangelia
1412 898 1684 969 scriptum
1741 898 1812 953 sit
1866 916 1879 953 :
1934 905 2075 957 Deus

443 992 771 1059 peccatorem
805 1004 912 1043 non
951 991 1138 1057 audit;
1183 992 1276 1046 sed
1316 993 1363 1047 si
1397 994 1516 1061 quis
1558 992 1604 1026 ⁸9
1651 996 1811 1047 Deum
1857 995 2080 1049 coluerit

447 1088 501 1135 et
524 1082 853 1138 voluntatem
877 1085 996 1152 ejus
1020 1086 1225 1151 fecerit,
1260 1085 1416 1139 illum
1443 1086 1600 1140 audit
1620 1088 1823 1155 (Joan.,
1856 1103 1929 1154 1x,
1964 1089 2074 1159 3t).

451 1176 714 1239 Quamvis
757 1176 835 1230 sic
874 1178 1257 1248 quorumdam
1300 1183 1527 1248 pectora
1561 1180 1663 1251 (62)
1708 1180 2075 1235 tenebrarum

454 1269 848 1340 ingruentium
875 1271 923 1304 9°
949 1271 1228 1342 profunda
1271 1271 1454 1343 caligo
1508 1272 1834 1340 caacaverit,
1892 1276 1958 1328 ut
2006 1274 2076 1328 de

450 1364 753 1435 praeceptis
819 1364 1137 1419 salubribus
1198 1364 1340 1419 nihil
1398 1365 1537 1438 lucis
1598 1366 1927 1436 admittant,
1980 1368 2076 1423 sed

453 1458 634 1511 semel
671 1475 704 1511 a
734 1462 887 1512 recto
918 1458 1101 1512 limite
1139 1459 1258 1512 veri
1306 1457 1526 1513 itineris
1556 1461 1759 1528 aversi,
1791 1477 1897 1532 per
1926 1477 2074 1532 prae-

453 1565 583 1621 ceps
628 1554 685 1605 et
730 1566 832 1621 per
874 1550 1182 1621 abruptum
1211 1553 1254 1586 9'
1290 1552 1597 1607 criminum
1641 1570 1869 1610 suorum
1911 1558 2076 1611 nocte

455 1644 631 1714 atque
656 1659 851 1698 errore
878 1645 1195 1716 rapiantur.

522 1739 614 1792 IIl.
662 1738 775 1791 Nec
824 1738 1034 1792 mirum
1088 1738 1135 1792 si
1183 1738 1414 1821 consilia
1470 1743 1661 1793 nostra
1706 1746 1805 1795 aut
1855 1742 2078 1796 Domini

2180 526 2407 597 gionem
2458 525 2703 596 profani,
2756 525 2950 580 divina
2998 526 3232 594 terreni,
3278 531 3471 582 sancta
3514 529 3787 602 sacrilegi.

2175 619 2335 684 Quod
2364 635 2435 674 ne
2474 621 2612 675 tales
2651 621 2721 675 ad
2761 619 2952 674 altaris
2980 618 3352 690 impiamenta
3384 620 3493 690 (65)
3522 628 3576 677 et
3601 630 3789 679 conta~

2178 713 2272 784 gia
2344 713 2585 767 fratrum
2660 712 2845 769 denuo
2918 713 3188 782 redeant,
3259 713 3525 768 omnibus
3592 716 3790 772 viribus

2177 806 2572 863 excubandum
2604 804 2797 880 392
2825 809 2929 875 est,
2970 809 3027 861 et
3066 807 3225 861 omni
3264 807 3459 878 vigore
3498 808 3785 865 nitendum

2177 900 2283 972 (65)
2314 904 2375 955 ut
2401 904 2683 973 quantum
2720 917 3027 972 possumus
3057 900 3128 955 ab
3165 900 3268 955 hac
3314 917 3413 956 eos
3450 901 3537 955 sui
3578 903 3791 959 sceleris

2176 994 2409 1049 audacia
2436 993 2832 1063 retundamus,
2861 1010 2932 1048 ne
2959 994 3145 1049 adhuc
3172 1010 3344 1065 agere
3376 1010 3480 1065 pro
3508 996 3787 1052 sacerdote

2179 1089 2226 1123 ⁹²
2257 1091 2533 1144 conentur
2575 1088 2672 1160 qui
2721 1088 2793 1142 ad
2842 1088 3047 1142 mortis
3088 1092 3346 1143 extrema
3385 1087 3608 1158 dejecti,
3658 1090 3792 1145 ultra

2176 1183 2363 1253 lapsos
2422 1182 2592 1237 laicos
2622 1182 2670 1218 93
2704 1181 2884 1236 ruinm
2951 1182 3184 1253 majoris
3247 1181 3505 1253 pondere
3568 1198 3787 1252 prorue-

2178 1280 2329 1330 runt.

2247 1371 2332 1425 IV.
2361 1368 2415 1425 Si
2454 1384 2587 1424 vero
2632 1369 2781 1440 apud
2826 1369 3059 1424 insanos
3099 1369 3260 1423 furor
3306 1368 3630 1424 insanabilis
3672 1387 3789 1441 per-

2178 1463 2545 1531 severaverit,
2574 1466 2649 1532 et,
2698 1462 3001 1518 recedente
3031 1462 3243 1534 Spiritu
3280 1466 3495 1530 sancto,
3527 1479 3650 1534 qua:
3689 1480 3789 1518 cce-

2177 1558 2263 1628 pit
2312 1556 2535 1612 cmcitas
2583 1556 2640 1610 in
2695 1573 2798 1611 sua
2846 1561 3014 1611 nocte
3064 1557 3471 1628 permanserit,
3506 1557 3784 1612 consilium

2178 1650 2341 1705 nobis
2371 1650 2479 1706 erit
2518 1650 2770 1721 singulos
2805 1650 3010 1705 fratres
3048 1650 3117 1705 ab
3153 1664 3355 1705 eorum
3400 1650 3612 1704 fallacia
3639 1667 3786 1722 sepa-

2181 1760 2329 1811 rare,
2377 1749 2451 1811 et,
2501 1761 2571 1799 ne
2612 1745 2738 1815 quis
2780 1744 2837 1798 in
2886 1745 3120 1816 laqueos
3167 1744 3381 1798 erroris
3423 1744 3684 1810 incurrat,
3730 1746 3792 1798 ab

452 1833 736 1902 praecepta
766 1847 916 1885 nunc
939 1831 1197 1886 abnuunt
1220 1832 1318 1903 qui
1342 1832 1650 1887 Dominum
1677 1839 2036 1905 negaverunt
2061 1852 2073 1889 :
2101 1816 2157 1886 B
2185 1853 2387 1893 eorum
2432 1837 2775 1909 contagione
2817 1853 3135 1906 secernere,
3184 1837 3414 1909 quando
3460 1853 3560 1892 nec
3602 1837 3793 1892 oblatio

456 1925 633 1995 stipes
680 1928 738 1979 et
788 1925 1103 1980 oblationes
1155 1930 1211 1978 et
1258 1926 1414 1980 lucra
1464 1926 1826 1998 desiderant,
1882 1929 2086 1999 quibus

453 2019 612 2090 prius
686 2019 1032 2073 insatiabiles
1105 2019 1485 2087 incubabant;
1552 2025 1609 2077 et
1670 2021 1843 2077 ccenis
1914 2027 2085 2094 atque

455 2112 640 2183 epulis
682 2112 854 2167 etiam
897 2128 1047 2168 nunc
1089 2112 1337 2180 inhiant,
1382 2130 1628 2184 quarum
1671 2116 1959 2185 crapulam
2001 2133 2087 2171 su-

455 2207 687 2276 perstite
748 2222 931 2278 nuper
983 2206 1041 2260 in
1093 2206 1213 2261 dies
1266 2207 1541 2263 cruditate
1595 2208 1705 2277 (63)
1761 2210 2082 2280 ructabant,

455 2315 605 2354 nunc
657 2299 1115 2355 manifestissime
1171 2300 1611 2371 comprobantes
1660 2318 1763 2357 nec
1834 2308 1963 2358 ante
2026 2321 2085 2358 se

455 2394 747 2465 religioni,
804 2393 904 2448 sed
955 2382 1137 2448 ventri
1192 2393 1383 2464 potius
1434 2397 1491 2449 et
1546 2396 1789 2466 quaestui
1842 2397 2085 2467 profana

457 2487 764 2558 cupiditate
815 2487 1072 2542 servisse.
1106 2486 1267 2541 Unde
1294 2493 1348 2541 et
1376 2487 1558 2558 ipsam
1604 2489 1824 2545 venisse
1866 2490 2082 2561 perspi-

455 2581 637 2634 cimus
669 2583 725 2634 ct
754 2579 1038 2635 credimus
1077 2580 1145 2635 de
1183 2580 1280 2634 Dei
1322 2582 1717 2651 exploratione
1760 2599 2082 2652 censuram,

456 2689 527 2727 ne
574 2674 722 2745 apud
772 2674 948 2729 altare
996 2674 1301 2731 consistere
1348 2679 1405 2729 et
1451 2678 1803 2732 contrectare
1849 2678 2085 2732 ulterius

2186 1930 2524 1985 sanctiﬁcari
2580 1930 2694 1984 illic
2746 1930 2923 2001 possit
2974 1930 3073 1985 ubi
3123 1930 3370 2001 Spiritus
3425 1933 3644 1985 sanctus
3691 1947 3823 1985 noni

2187 2024 2277 2093 sit,
2319 2040 2427 2078 nec
2475 2023 2743 2095 cuiquam
2787 2023 3058 2079 Dominus
3111 2040 3215 2095 per
3260 2024 3387 2095 ejus
3435 2024 3710 2079 orationes
3749 2028 3800 2078 et

2186 2132 2383 2188 preces
2424 2117 2605 2189 prosit
2642 2116 2741 2188 qui
2786 2117 3090 2172 Dominum
3133 2117 3255 2190 ipse
3298 2117 3549 2173 violavit.
3583 2117 3733 2181 Quod
3759 2117 3799 2171 si

2186 2211 2642 2275 Fortunatianus,
2676 2213 2776 2264 aut
2815 2210 3121 2266 immemor
3156 2210 3415 2266 criminis
3450 2212 3534 2265 sui
3561 2227 3661 2282 per
3687 2210 3796 2265 dia-

2184 2305 2294 2360 boli
2322 2303 2656 2372 caecitatem,
2679 2310 2777 2360 aut
2806 2304 3067 2360 minister
3093 2310 3149 2359 et
3175 2321 3373 2360 servus
3401 2304 3610 2360 diaboli
3637 2306 3800 2359 factus

2187 2398 2260 2453 ad
2307 2396 2706 2470 decipiendam
2749 2399 3193 2465 fraternitatem,
3226 2398 3287 2453 in
3331 2398 3439 2453 hoc
3479 2414 3578 2453 suo
3624 2398 3798 2453 furore

2187 2491 2586 2563 permanserit,
2615 2508 2714 2547 vos
2742 2497 3023 2563 quantum
3060 2493 3298 2563 potestis
3337 2490 3640 2559 elaborate,
3669 2496 3720 2545 et
3746 2490 3799 2544 in

2185 2586 2291 2639 hac
2328 2584 2570 2655 caligine
2613 2585 2822 2640 diaboli
2863 2585 3150 2640 saevientis
3193 2586 3441 2640 fratrum
3483 2588 3696 2640 mentes
3735 2582 3796 2636 ab

2185 2694 2378 2733 errore
2409 2682 2690 2747 revocate,
2720 2695 2793 2734 ne
2820 2679 3021 2734 alienae
3048 2679 3356 2736 dementiae
3382 2678 3547 2734 facile
3579 2692 3797 2733 consen-

1826 2849 2035 2914 Variae
2101 2850 2436 2915 lectiones.

526 2992 567 3023 ⁸9
594 2992 655 3043 Si
688 2993 784 3057 qui
820 2992 979 3043 Oxon.
1075 2990 1117 3024 9°
1153 2992 1484 3044 Irruentium
1525 2995 1635 3045 Lin.
1670 2994 1776 3045 ΝΟ.
1808 2997 1855 3046 1.

463 3063 644 3115 laicos
677 3064 836 3114 Oxon.

1956 2996 1999 3025 ⁹¹
2037 2995 2287 3061 Abrupta
2336 2995 2462 3045 Bod.
2495 2997 2538 3047 1.

2651 2996 2693 3029 9³
2736 2996 2915 3059 Agere
2955 2993 3302 3047 sacerdotem
3332 2970 3441 3047 Lin.
3532 2995 3571 3029 9³
3612 2994 3803 3058 Lapsus

1769 3158 1989 3239 Steph.
2024 3158 2270 3221 Baluzii
2300 3162 2498 3223 notae.

456 3312 544 3391 ruas
616 3300 781 3381 etiam
849 3300 1175 3381 Anglicani,
1206 3300 1673 3391 ‘etueditiqnesn
1694 3315 1889 3353 omnes
1959 3307 2162 3391 anteC
2187 3304 2414 3385 ditatem.
2471 3303 2573 3354 Pro
2634 3318 2745 3369 quo
2798 3306 2856 3391 in
2917 3304 3111 3391 codic‘e
3161 3302 3528 3391 Yiennensis.
3556 3300 3797 3391 Marnesii

456 3371 799 3422 Erasmicam
822 3407 835 3430 ,
898 3372 955 3420 in
1025 3384 1136 3435 qua
1206 3372 1406 3436 legitur
1464 3372 1532 3421 ad
1598 3372 1772 3423 altare
1829 3380 2084 3424 sanctum.

460 3442 796 3505 Quanquam
839 3441 985 3493 hanc
1026 3456 1251 3507 quoque
1295 3444 1592 3494 lectionem
1636 3446 1940 3509 prmferunt
1981 3445 2091 3496 duo

458 3513 585 3563 libri
635 3517 862 3562 veteres.
910 3513 1198 3576 Rigaltius,
1245 3515 1448 3564 omissa
1491 3529 1628 3566 voce
1675 3516 1862 3578 altare,
1910 3518 2093 3581 posuit

462 3584 534 3634 ad
578 3590 838 3643 sanctum,
884 3586 1233 3647 auctoritate,
1279 3589 1339 3636 ut
1381 3587 1499 3649 ipse
1540 3587 1632 3647 ait,
1672 3587 1881 3638 codicis
1923 3588 2093 3638 Vero-

460 3655 685 3716 nensis,
734 3655 885 3719 quod
940 3669 1042 3719 ego
1093 3659 1276 3705 tamen
1327 3669 1439 3706 non
1499 3658 1685 3708 inveni
1741 3658 1797 3706 in
1848 3659 2094 3722 margine

460 3726 791 3788 exemplaris
836 3729 945 3777 mei
992 3726 1251 3776 editionis
1295 3727 1653 3789 Manutianm,
1698 3732 1754 3779 et
1795 3728 2094 3779 lectionem

459 3798 613 3847 illam
684 3797 760 3847 ait
821 3811 943 3848 esse
1011 3797 1409 3861 rectissimam,
1472 3811 1586 3848 non
1648 3797 2094 3849 animadvertens

462 3868 616 3917 hunc
658 3866 914 3917 eumdem
959 3866 1145 3917 locum
1195 3868 1338 3918 infra
1385 3869 1542 3931 epist.
1588 3880 1785 3929 vam,
1834 3882 1954 3931 pag.
2004 3870 2093 3917 117

474 3944 528 3990 et
556 3939 715 4001 epist.
760 3951 895 4000 an,
944 3953 1066 4002 pag.
1114 3940 1205 3989 129
1251 3939 1460 3990 editum
1508 3954 1538 3988 a
1580 3940 1877 4002 semetipso
1924 3939 2096 3988 fuisse

462 4010 659 4060 eodem
704 4010 931 4059 omnino
969 4009 1136 4059 modo
1178 4022 1290 4074 quo
1332 4022 1434 4075 ego
1473 4010 1595 4060 istic
1631 4010 1863 4059 restitui.
1904 4010 1956 4059 Is
1999 4010 2095 4072 qui

462 4080 683 4144 scripsit
712 4079 961 4130 codicem
997 4079 1313 4130 Fuxensem
1342 4080 1529 4143 posuit
1557 4080 1628 4128 ad
1663 4080 1838 4129 altare
1868 4081 2093 4139 Domini,

463 4151 611 4214 quod
658 4150 947 4200 confirmat
991 4151 1438 4201 emendationem
1482 4154 1745 4200 nostram.
1784 4151 1873 4200 Ait
1913 4154 2095 4201 autem

462 4222 741 4272 Pamelius
778 4222 1016 4285 reperire
1056 4235 1115 4272 se
1154 4235 1267 4271 non
1303 4221 1552 4286 potuisse
1592 4235 1759 4285 quem
1796 4221 2096 4286 Scriptura:

461 4293 648 4343 locum
689 4293 818 4342 citet
855 4291 1184 4356 Cyprianus.
1222 4292 1542 4343 Goulartius
1580 4306 1712 4342 vero
1742 4294 1818 4341 ait
1854 4292 2099 4342 alludere

468 4377 597 4413 eum
645 4363 711 4413 ad
759 4364 907 4412 varia
948 4363 1114 4413 Mosis
1155 4363 1300 4413 dicta
1338 4363 1396 4412 in
1434 4362 1645 4426 Exodo,
1683 4363 1984 4427 praesertim
2030 4362 2099 4414 de

463 4432 817 4484 sacerdotum
882 4434 1039 4483 altari
1105 4434 1332 4485 Jehovas
1400 4434 1826 4485 inservientium
1893 4433 2096 4483 ofﬁcio.

465 4507 636 4557 Recto
691 4506 955 4569 profecto.
1012 4505 1150 4557 Nam
1208 4508 1365 4557 locus
1420 4507 1524 4557 iste
1582 4509 1840 4568 sumptus
1890 4509 1973 4555 est
2031 4518 2101 4555 ex

466 4577 645 4640 capite
694 4589 884 4627 xxvm
925 4576 1104 4628 Exodi
1151 4577 1464 4629 secundum
1513 4577 1822 4627 versionem
1869 4574 2097 4638 Septua-

464 4650 616 4711 ginta
652 4649 1031 4712 interpretum.
1072 4650 1133 4699 In
1165 4650 1407 4699 editione
1444 4651 1633 4699 nostra
1658 4647 1897 4711 Vulgata
1929 4660 2100 4697 sacras

466 4720 769 4784 Scripturee
820 4720 1021 4782 legitur
1075 4735 1085 4769 :
1150 4720 1234 4770 Vel
1280 4720 1495 4785 quando
1547 4719 1979 4783 appropinquant
2029 4719 2100 4767 ad

463 4792 639 4841 altare
676 4796 731 4839 ut
769 4792 1072 4840 ministrent
1116 4793 1168 4840 in
1204 4792 1535 4851 sanctuario,
1575 4802 1641 4838 ne
1678 4789 1988 4852 iniquitatis
2030 4787 2110 4838 rei

2119 4679 2178 4750 D

2190 3375 2459 3438 scriptum
2523 3380 2609 3427 est
2664 3375 2989 3427 crudelitate.
3056 3374 3455 3427 Crudelitatem
3516 3374 3695 3435 itaque
3753 3375 3803 3421 et

2191 3445 2520 3498 cruditatem
2581 3446 2796 3511 antiqui
2844 3445 3055 3497 librarii
3115 3444 3456 3511 quandoque
3517 3446 3798 3495 commuta-

2190 3517 2339 3567 bant.
2770 3562 2784 3571 .

2258 3588 2352 3651 (64)
2400 3588 2480 3638 Ad
2521 3588 2715 3651 altaris
2762 3590 3120 3652 impiamenta.
3168 3587 3277 3640 Hic
3326 3588 3383 3637 in
3433 3587 3621 3650 primis
3662 3585 3800 3635 locus

2193 3659 2432 3709 ostendit
2481 3659 2771 3710 audaciam
2825 3664 2877 3711 et
2934 3661 3207 3711 inscitiam
3269 3662 3524 3709 veterum
3577 3655 3801 3705 librario-

2192 3743 2331 3779 rum.
2395 3728 2631 3780 Codices
2696 3731 2847 3780 enim
2900 3730 3228 3797 .Fuxensis,
3291 3728 3580 3788 Metensis,
3638 3724 3801 3776 Sancti

2194 3800 2490 3864 Arnulphi,
2528 3805 2584 3850 et
2621 3800 3171 3865 Gratianopolitanus
3211 3800 3420 3851 habent
3456 3799 3612 3862 impia
3639 3800 3799 3853 mente,

2196 3871 2649 3931 Monaasteriensis
2690 3871 2895 3935 amplas
2936 3877 3156 3934 mentes;
3193 3870 3549 3921 Divionensis
3584 3872 3635 3918 et
3672 3879 3800 3916 unus

2195 3940 2554 4006 Remigianus
2598 3956 2693 4006 per
2738 3943 2958 4007 simplas
3004 3948 3226 4003 mentes;
3270 3956 3420 3992 unus
3469 3952 3621 3991 meus
3664 3940 3801 3986 vetus

2195 4026 2289 4078 per
2323 4013 2583 4077 simplicia
2612 4015 2818 4064 merita.
2863 4014 3109 4077 Quarum
3150 4013 3453 4064 lectionum
3496 4010 3643 4061 nulla
3676 4007 3801 4058 bona

2198 4088 2295 4135 est.
2326 4082 2436 4135 Sex
2474 4085 2772 4149 Anglicani
2808 4084 3015 4135 habent
3043 4085 3116 4134 ad
3145 4084 3339 4134 altaris
3366 4080 3799 4149 sanctiﬁcationem

2198 4153 2366 4218 impia
2394 4160 2562 4204 mente
2578 4148 2857 4218 accedunt,
2886 4156 2981 4205 ubi
3016 4169 3122 4206 vox
3152 4154 3617 4217 sanctiﬁcationem
3640 4148 3801 4200 addita

2198 4225 2417 4275 videtur
2456 4239 2487 4275 a
2527 4226 2750 4276 librario
2798 4240 2910 4276 non
2953 4226 3300 4291 intelligente
3343 4223 3489 4289 quod
3535 4219 3798 4291 scribebat.

2200 4322 2257 4331 —
2304 4298 2664 4360 lmpiamenta.
2716 4297 2914 4347 Festus
2964 4288 3258 4361 Pompeius
3307 4311 3319 4345 :
3360 4288 3627 4359 impiatus,
3669 4288 3802 4361 saele:

2199 4372 2347 4416 ratus
2380 4358 2767 4418 iVocabulum
2815 4358 3117 4418 deductum
3165 4380 3196 4418 a
3239 4367 3410 4417 verbo
3448 4358 3630 4429 impio,
3671 4358 3801 4425 quod

2200 4438 2477 4502 signiﬁcat
2538 4441 2886 4490 committere
2953 4439 3165 4489 crimen
3232 4438 3495 4488 adversus
3552 4435 3797 4498 pietatem.

2202 4510 2359 4560 Unde
2401 4509 2549 4574 apud
2597 4511 2852 4561 Plautum
2903 4509 3127 4559 Rudente
3169 4509 3371 4573 legitur
3412 4524 3423 4557 :
3469 4507 3525 4558 Si
3563 4518 3679 4568 erga
3716 4514 3799 4574 paj

2200 4586 2396 4630 rentem
2434 4572 2534 4630 aut
2569 4581 2690 4631 deos
2728 4582 2982 4645 impiavi;
3008 4579 3157 4645 quod
3191 4572 3512 4644 interpretes
3548 4572 3803 4639 exponunt

2202 4664 2267 4701 ac
2310 4652 2356 4701 si
2401 4651 2630 4702 Plautus
2673 4652 2905 4703 dixisset
2946 4667 2956 4700 :
2999 4651 3058 4702 Si
3103 4651 3306 4714 impius
3350 4651 3427 4700 fui
3471 4661 3593 4712 erga
3628 4656 3800 4709 paren-

2202 4725 2299 4772 tes.
2361 4722 2650 4785 Apuleius,
2705 4722 2801 4773 lib.
2852 4738 2869 4773 r
2918 4722 3432 4787 Metamorphoseon
3481 4736 3490 4768 ε
3550 4720 3606 4767 Ut
3653 4714 3802 4787 adhuc

2208 4793 2415 4842 credam
2455 4807 2642 4843 cruore
2682 4807 2759 4842 me
2804 4807 2909 4844 esse
2952 4786 3199 4843 humano
3229 4805 3499 4858 aspersum
3541 4786 3801 4858 atque‘im-

463 4865 788 4911 moriantur.
847 4863 1041 4912 Versio
1102 4876 1212 4926 qua
1274 4864 1503 4912 sanctus
1564 4861 1770 4922 Martyr
1832 4872 1970 4909 usus
2025 4864 2107 4909 est
2205 4864 2430 4924 piatum,
2476 4868 2529 4913 et
2574 4864 2672 4914 lib.
2718 4877 2774 4925 ιι,
2821 4865 3024 4914 Habetis
3072 4866 3257 4927 itaque
3290 4853 3449 4913 'reum
3494 4865 3563 4911 tot
3605 4853 3802 4927 caedibus

464 4934 762 4985 dilucidior
809 4939 893 4984 est
936 4938 991 4984 et
1034 4934 1249 4984 facilior
1296 4933 1365 4983 ad
1410 4930 1834 4996 intelligendum
1876 4944 2102 4981 sensum

464 5007 632 5069 hujus
670 5006 792 5055 loci.
827 5006 1204 5068 Hieronymus
1240 5005 1300 5053 in
1332 5004 1565 5067 Dialogo
1602 5003 1856 5053 adversm
1888 5003 2103 5063 Lucife-

458 5080 647 5128 rianos
674 5077 909 5139 legebat,
935 5089 1052 5126 cum
1083 5075 1334 5126 accedunt
1377 5075 1681 5125 ministrare
1716 5078 1918 5123 sancta.
1970 5076 2102 5134 Quae

466 5153 633 5202 lectio
661 5150 899 5199 multum
936 5147 1153 5200 accedit
1176 5148 1246 5198 ad
1276 5162 1398 5199 eam
1428 5161 1554 5213 qua:
1590 5149 1792 5198 citatur
1818 5159 1889 5198 ex
1915 5147 2104 5199 codice

466 5222 794 5274 Veronensi.

532 5293 627 5355 (6:?)
658 5290 1017 5353 Quorumdam
1054 5295 1281 5353 pectora.
1316 5289 1506 5341 Codex
1535 5288 2099 5353 Gratianopolitanus,

467 5363 725 5429 quosdam
752 5366 1065 5426 peccatores.

531 5434 626 5495 (63)
672 5433 957 5482 Cruditate.
1006 5432 1379 5496 Hieronymus
1426 5433 1482 5482 in
1528 5432 1758 5495 epistola
1807 5431 1878 5482 ad
1924 5433 2103 5483 Rusti-

468 5517 597 5553 cum
636 5503 994 5564 monachum,
1022 5510 1371 5568 erumpentem
1402 5504 1734 5565 cruditatem,
1765 5516 1881 5568 qua
1907 5517 2103 5566 parens

467 5573 743 5624 libidinum
795 5578 888 5624 est.
949 5573 1246 5625 Salvianus
1294 5574 1389 5624 lib.
1443 5588 1521 5636 Iv,
1569 5587 1690 5638 cap.
1742 5574 1791 5634 3,
1841 5574 2104 5624 cruditate

462 5645 792 5706 distenderis,
830 5644 925 5694 ubi
958 5645 1135 5696 codex
1165 5645 1519 5696 Corbeiensis
1557 5644 1725 5695 habet
1764 5643 2101 5707 crudelitate;

462 5716 561 5766 lib.
594 5730 690 5775 vn,
728 5730 846 5780 cap.
890 5717 965 5775 16,
1004 5716 1141 5766 alios
1180 5717 1438 5766 cruditate
1478 5716 1746 5777 distentos,
1787 5715 1885 5765 ubi
1926 5715 2101 5765 codex

461 5786 819 5838 Colbertinus
888 5787 1055 5837 habet
1122 5786 1450 5837 crudelitate.
1518 5787 1587 5837 Et
1655 5786 1803 5850 apud
1873 5786 2101 5835 Avitum

462 5857 837 5910 Viennensem
895 5859 1054 5925 epist.
1106 5871 1335 5920 LXXXV,
1381 5858 1611 5923 gentium
1661 5857 1920 5908 distantia
1968 5869 2096 5907 cru-

2204 4934 2492 4997 impiatum.
2542 4924 2770 4986 Contra?
2798 4935 3059 4986 dicebant
3101 4924 3269 4986 etiam
3315 4935 3669 4983 Piameutum.
3714 4924 3802 5002 Pii:

2202 4995 2329 5053 nius
2370 5004 2463 5054 lib.
2512 5018 2658 5068 xxv,
2701 5020 2821 5071 cap.
2865 5009 2895 5057 4
2943 5023 2952 5055 ;
2999 5008 3103 5057 Hac
3149 5005 3326 5057 evulsa
3365 5002 3590 5055 scrobem
3633 4995 3800 5060 repleri

2201 5078 2355 5125 vario
2387 5089 2574 5140 genere
2606 5076 2820 5141 frugum
2863 5078 3055 5143 religio
3093 5087 3166 5127 est
3200 5078 3274 5127 ad
3310 5082 3463 5125 terra
3489 5074 3799 5138 piamentum.

2203 5150 2255 5197 et
2295 5159 2414 5210 cap.
2444 5147 2478 5198 9
2516 5148 2717 5199 :Favis
2758 5153 2881 5198 ante
2924 5154 2970 5198 et
3014 5148 3167 5198 melle
3208 5154 3360 5198 terrae
3399 5146 3469 5196 ad
3506 5143 3799 5216 piamentam

2202 5218 2373 5281 datis;
2413 5218 2509 5268 lib.
2558 5231 2788 5282 xxxvu,
2836 5232 2954 5283 cap.
3003 5221 3047 5279 1,
3098 5219 3230 5268 satis
3276 5215 3522 5282 piamenti
3567 5225 3620 5261 in
3663 5215 3801 5258 unius

2203 5302 2415 5352 gemmae
2480 5288 2784 5340 voluntario
2840 5290 3037 5341 damno
3093 5290 3376 5340 videretur.
3438 5287 3607 5336 PIARB
3660 5283 3798 5329 vetus

2204 5358 2435 5409 verbum
2492 5364 2576 5411 est
2623 5360 2772 5425 quod
2819 5361 3100 5412 invenitur
3147 5359 3295 5425 apud
3340 5358 3606 5415 Plautum,
3647 5352 3798 5425 liora:

2202 5430 2359 5492 tium,
2402 5416 2688 5495 Senecam,
2726 5432 2881 5482 alios.
2927 5416 3217 5497 Signiﬁcat
3258 5434 3442 5482 autem
3474 5435 3690 5492 purgare
3724 5416 3797 5468 vel

2207 5514 2445 5566 expiare.
3620 5568 3626 5571 Δ
3705 5565 3713 5571 ι
3750 5561 3760 5571 δ

2270 5565 2362 5633 (63)
2402 5574 2464 5622 Et
2502 5573 2646 5623 omni
2673 5575 2857 5638 vigore
2885 5575 3181 5625 nitendum.
3215 5574 3356 5625 Cum
3394 5572 3493 5644 ista
3521 5565 3719 5644 exstent
3748 5565 3795 5644 in

2202 5631 2462 5693 omnibus
2497 5631 2752 5709 antiquis.
2767 5645 3124 5704 editionibus,
3163 5647 3218 5695 in
3254 5642 3508 5695 omnibus
3541 5631 3796 5710 codicibus

2203 5714 2406 5763 nostris
2452 5718 2504 5765 et
2560 5708 3012 5779 in’Anglicanis,
3062 5716 3265 5766 mirum
3313 5718 3395 5765 est
3449 5708 3705 5762 excidisse
3747 5708 3795 5750 in

2200 5784 2526 5850 Rigaltiana.
2555 5786 2890 5839 Reinhartus
2918 5792 2974 5838 et
3003 5787 3167 5852 Angli
3194 5784 3567 5852 reposuerunt.
