3978 6194
182 227 260 280 405

1553 224 1874 279 EPISTULA
1917 222 2064 278 LXV.

3382 224 3491 277 406

180 352 306 415 tiant,
357 365 420 402 ne
469 364 523 402 se
573 351 1005 420 desperatorum
1059 349 1279 405 delictis
1334 351 1633 422 participes
1681 353 1757 406 fa-
1779 357 1988 437 Aante
2051 355 2156 409 hoc
2218 352 2504 407 Christum
2560 357 2612 406 et
2669 370 2822 407 nunc
2888 370 3113 426 quoque
3182 351 3486 405 Ecclesium

178 444 312 509 ciant,
343 442 430 496 sed
467 445 695 496 teneant
722 445 826 510 (66)
865 443 1072 514 integri
1115 444 1310 497 salutis
1358 460 1474 499 suae
1519 449 1576 499 et
1617 446 1758 500 intc-

177 537 358 608 gritatis
403 541 742 590 conservatae
786 553 816 590 a
864 553 919 591 se
969 543 1025 591 et
1076 538 1369 593 custoditis
1415 544 1756 610 perpetuum

175 635 424 686 tenorem.

230 726 280 778 ν.
309 723 463 794 Lapsi
506 739 639 778 vero
685 725 1143 796 magnitudinem
1190 726 1376 781 dilecti
1420 727 1505 780 sui
1551 743 1755 798 cogno-

172 821 376 884 scentes,
411 817 821 890 adeprecando
873 819 1110 874 Domino
1157 836 1269 874 non
1318 820 1604 888 recedant,
1650 837 1755 875 nec

169 911 431 966 Ecclesiam
469 911 826 981 catholicam,
862 929 988 984 quae
1023 930 1139 968 una
1184 918 1242 969 et
1285 913 1405 968 sola
1450 918 1535 969 est
1576 931 1605 968 a
1643 915 1751 968 Do-

168 1005 295 1059 mino
336 1004 635 1059 constituta
667 1006 749 1075 9‘,
785 1006 1215 1079 derelinquant;
1262 1008 1387 1073 sed,
1430 1007 1753 1061 satisfactio-

167 1099 301 1154 nibus
329 1099 697 1153 immorantes
731 1097 922 1172 393
952 1105 1009 1155 et
1037 1102 1262 1156 Domini
1300 1101 1754 1156 misericordiam

168 1194 516 1264 deprecantes,
563 1194 630 1246 ad
681 1193 982 1248 Ecclesium
1023 1195 1271 1266 pulsent,
1317 1198 1377 1248 ut
1417 1193 1593 1265 recipi
1640 1194 1755 1249 illic

166 1287 348 1357 possint
401 1285 492 1339 ubi
545 1287 800 1354 fuerunt,
854 1292 911 1341 et
957 1288 1029 1342 ad
1075 1289 1363 1345 Christum
1412 1289 1668 1356 redeant,
1722 1306 1754 1342 a

164 1396 251 1450 quo
278 1385 637 1434 recesserunt.
671 1382 781 1435 Nec
827 1381 1066 1436 audiant
1108 1398 1203 1436 eos
1246 1383 1343 1454 qui
1386 1399 1443 1438 se
1483 1381 1664 1437 fallaci
1705 1384 1752 1416 95
1787 1364 1791 1368 ἢ

166 1479 209 1526 et
253 1472 460 1526 mortali
520 1474 630 1543 (67)
687 1474 1020 1530 seductione
1079 1476 1188 1546 (68)
1245 1475 1568 1546 decipiunt,
1623 1492 1754 1530 cum

165 1566 399 1634 scriptum
450 1565 524 1618 sit
568 1584 579 1620 :
627 1571 792 1624 Nemo
837 1585 928 1622 vos
973 1569 1208 1638 decipiat
1254 1571 1508 1624 inanibus
1554 1571 1751 1624 verbis.

168 1661 411 1726 Propterea
453 1662 592 1713 enim
639 1665 784 1715 venit
836 1663 918 1714 ira.
959 1665 1055 1716 Dei
1094 1679 1254 1732 super
1295 1664 1432 1732 ﬁlios
1479 1669 1754 1717 contuma-

165 1754 250 1805 cis.
291 1753 461 1806 Nolite
513 1769 634 1822 ergo
679 1770 785 1809 esse
829 1759 1126 1826 participes
1174 1772 1353 1811 eorum
1404 1758 1640 1826 (Ephes.,
1691 1774 1748 1818 v,
1775 1733 1829 1803 Β

163 1848 202 1910 6,
237 1847 300 1913 7).
340 1846 485 1915 Ergo
523 1851 883 1903 contumaces
915 1855 969 1902 et
1010 1850 1191 1904 Deum
1237 1865 1349 1903 non
1391 1849 1657 1903 timentes
1697 1853 1753 1904 et

164 1937 215 1989 ab
249 1938 478 1992 Ecclesia
522 1939 579 1993 in
618 1944 804 1995 totum
846 1942 1178 1997 recedentes
1213 1959 1384 1998 nemo
1430 1943 1747 1997 comitetur.

161 2031 284 2093 Quod
332 2032 375 2084 si
419 2033 549 2103 quis
611 2035 916 2104 impatiens
978 2036 1152 2090 fuerit
1207 2037 1277 2089 ad
1331 2036 1751 2107 deprecandum

161 2124 427 2178 Dominum
482 2128 583 2196 qui
629 2129 876 2182 otfensus
917 2133 1021 2195 est,
1061 2134 1116 2184 et
1152 2129 1313 2184 nobis
1353 2129 1750 2201 obtemperare

159 2217 390 2284 noluerit,
425 2220 528 2273 sed
561 2220 887 2292 desperatos
924 2229 979 2276 et
1011 2222 1260 2294 perditos
1299 2227 1523 2277 secutus
1560 2223 1750 2290 fuerit,

161 2310 239 2363 sibi
263 2311 563 2382 imputabit
591 2315 638 2348 9°
667 2331 794 2368 cum
815 2315 1018 2386 judicii
1047 2315 1164 2370 dies
1194 2316 1430 2371 venerit.
1461 2317 1753 2380 Quomodo

161 2405 282 2458 enim
309 2407 604 2478 deprecari
631 2408 690 2462 in
718 2408 811 2463 die
853 2409 946 2463 illo
978 2409 1280 2464 Dominum
1322 2411 1530 2481 poterit
1569 2410 1666 2482 qui
1699 2416 1755 2464 et

1857 446 2066 500 Christi
2130 447 2362 517 negavit
2406 451 2479 514 et,
2528 447 2804 516 episcopis
2847 449 2996 501 sanis
3045 453 3101 501 et
3147 445 3385 516 integris
3436 452 3484 499 et

1856 539 2174 594 viventibus
2206 557 2321 594 non
2353 539 2772 610 obtemperans,
2815 541 3079 595 comitem
3119 557 3174 594 se
3219 545 3273 594 et
3315 539 3491 610 parti-

1855 632 2037 702 cipem
2105 633 2483 687 morientibus
2546 633 2828 702 praebuit?
2892 633 3037 703 Opto
3104 651 3219 701 vos,
3285 635 3483 687 fratres

1855 726 2178 781 charissimi
2223 743 2285 781 ac
2331 726 2844 780 desiderantissimi
2894 727 3027 796 (69),
3073 744 3296 799 semper
3337 727 3482 781 bene

1855 821 2065 875 valere.

2333 889 2651 943 EPISTOLA
2693 890 2822 945 va
2865 890 2997 959 (το).

1852 1014 2094 1076 (Erasm.,
2117 1025 2194 1074 ni,
2225 1019 2281 1077 9;
2303 1015 2518 1075 Pamel.,
2539 1015 2743 1077 Rigalt,
2772 1013 2962 1076 Baluz.,
2985 1024 3084 1064 uv
3099 1029 3114 1076 ;
3138 1013 3314 1075 Paris,
3342 1025 3458 1064 nnv
3474 1031 3488 1076 ;

2414 1086 2603 1143 Oxon.,
2639 1085 2796 1148 Lips,
2826 1086 2920 1146 in.)

1854 1196 1921 1235 an
1963 1195 2332 1247 ROGATIANUM,
2372 1197 2438 1232 ns
2477 1195 2710 1234 DIACONO
2751 1182 2860 1249 (7i)
2902 1196 2990 1241 om
3025 1197 3234 1236 comas
3277 1197 3482 1235 Episco-

2437 1285 2540 1323 PL'M
2583 1284 2896 1322 CONTENDIT.

1853 1385 2252 1440 Ancumssrun.
2295 1415 2362 1423 -—
2401 1388 2765 1452 Rogatianum
2810 1387 3113 1454 episcopum
3152 1391 3330 1440 monet
3377 1386 3481 1454 Cy-

1919 1476 2175 1543 prianus,
2226 1471 2420 1544 394
2469 1479 2529 1527 ut
2572 1475 2788 1528 diaconi
2829 1475 3133 1544 superbiam
3185 1477 3280 1542 qui
3328 1477 3484 1529 illum

1925 1563 2255 1617 contumeliis
2294 1563 2709 1618 exacerbaverat
2737 1568 2987 1630 coerceat,
3021 1570 3070 1617 et
3102 1563 3343 1617 audaciae
3372 1581 3486 1618 sua:

1919 1653 2297 1723 paenitentiam
2324 1668 2480 1719 agere
2517 1657 2690 1720 cogat,
2723 1667 2782 1705 ea
2821 1655 3090 1707 occasione
3130 1653 3300 1706 denuo
3330 1670 3482 1723 repe-

1928 1748 2043 1796 tens
2105 1756 2451 1810 quaecumque
2514 1741 2578 1792 de
2630 1741 2956 1793 sacerdotali
3019 1743 3128 1794 sive
3193 1743 3484 1810 episcopali

1917 1836 2185 1900 potestate
2219 1845 2390 1896 supra
2434 1829 2583 1881 dicta
2618 1834 2744 1881 sunt
2780 1831 3006 1896 epistola
3045 1833 3130 1882 65.
3167 1831 3278 1897 Quo
3305 1837 3483 1884 autem

1927 1927 2157 1989 tempore
2201 1921 2406 1987 scripta
2453 1921 2540 1982 sit,
2591 1934 2693 1972 non
2737 1919 2871 1972 satis
2917 1925 3145 1980 constat,
3190 1921 3299 1973 nisi
3341 1921 3484 1988 quod

1926 2013 1983 2063 in
2030 2010 2211 2063 eadem.
2262 2008 2464 2076 synodo
2503 2011 2760 2077 scriptam
2801 2023 2915 2060 cum
2954 2011 3222 2077 sequenti,
3267 2011 3481 2062 initium

1924 2102 2206 2168 utriusque
2235 2098 2470 2167 epistolae
2497 2097 2670 2151 simile
2694 2097 3040 2166 persuadeat.

1925 2224 1966 2276 Ι.
2007 2221 2314 2292 Cyprianus
2354 2217 2672 2289 Rogatiano
2706 2218 2814 2286 (72)
2847 2217 3006 2272 fratri
3051 2219 3312 2273 salutem.
3350 2219 3482 2273 Gra-

1855 2315 1995 2370 viter
2038 2321 2094 2368 et
2141 2314 2397 2367 dolenter
2439 2311 2714 2366 commoti
2763 2328 2959 2364 sumus
2999 2329 3105 2381 ego
3153 2318 3210 2366 et
3253 2313 3481 2382 collegis

1855 2409 1967 2463 mei
1999 2411 2102 2476 (73)
2133 2407 2232 2478 qui
2273 2410 2578 2478 praesentes
2621 2405 2882 2474 aderant,
2919 2405 3092 2459 frater
3132 2405 3478 2473 charissima,

1489 2526 1698 2589 Varias
1753 2526 2086 2589 lectiones.

204 2641 236 2674 ⁹⁴
261 2642 590 2695 Consecrata
629 2646 738 2695 Ver.

829 2648 873 2681 ⁸⁵
905 2648 1013 2710 Qui
1043 2661 1102 2698 se
1126 2648 1264 2698 falsa
1290 2649 1411 2698 Bod.
1443 2650 1486 2697 t.
1519 2648 1692 2698 NC.2.
1769 2648 1810 2680 9‘
1836 2647 2202 2710 lmputabitur
2232 2647 2373 2694 Lam.
2401 2643 2506 2695 ΝΟ.
2541 2645 2582 2693 1.
2611 2643 2734 2692 Bod.
2761 2643 2806 2693 2.
2838 2642 2987 2692 Ebor.

1413 2742 1637 2824 Steph.
1681 2741 1916 2805 Baluzii
1958 2747 2150 2804 notae.

205 2861 280 2918 (66)
314 2863 411 2911 Sed
452 2870 676 2914 teneant.
717 2866 777 2914 In
821 2879 935 2916 uno
973 2867 1167 2918 codice
1210 2868 1359 2930 regio
1396 2867 1612 2930 legitur,
1655 2868 1744 2916 sed

156 2936 323 2980 teneant
376 2936 579 2999 integri
637 2937 825 2987 salutis
879 2951 986 2988 suae
1037 2944 1263 2988 tenorem
1323 2943 1368 2988 et
1430 2938 1744 3000 integritatis

155 3009 413 3052 conservent
453 3012 502 3055 et
555 3008 848 3058 custodiant
899 3015 1202 3072 perpetuum
1250 3011 1495 3072 vigorem.
1549 3008 1743 3058 Melius

157 3073 198 3120 in
239 3075 411 3126 codice
455 3077 646 3128 Sancti
691 3079 985 3142 Arnulphi,
1031 3079 1220 3130 salutis
1261 3093 1368 3129 sua
1421 3086 1650 3129 tenorem
1693 3082 1744 3128 et

158 3143 427 3220 integritatis
458 3126 802 3199 toni-vale
821 3126 897 3196 ἶ
912 3126 985 3198 Ξῖ
1019 3126 1084 3199 et
1097 3126 1105 3128 ⁷
1120 3126 1389 3200 inagna
1424 3126 1742 3214 inpiam
1765 3126 1818 3198 C

158 3219 356 3276 rigorem.
393 3219 582 3282 Atque
627 3221 700 3269 ita
739 3220 1119 3284 reponendum
1160 3233 1280 3271 esse
1321 3225 1472 3284 puto.
1506 3221 1565 3269 In
1604 3221 1748 3271 Gra-'

159 3285 514 3350 tianopolitano
566 3289 769 3340 desunt
811 3291 950 3353 haec,
993 3292 1182 3354 integri
1222 3291 1408 3343 salutis
1445 3306 1552 3342 suae
1593 3297 1737 3341 teno-

156 3368 252 3404 rem.

199 3429 279 3487 (67)
322 3431 523 3482 Fallaci
573 3438 618 3481 et
675 3431 904 3482 mortali.
962 3433 1040 3482 Ita
1098 3434 1361 3483 Erasmus
1406 3438 1460 3484 et
1509 3437 1745 3498 quatuor

157 3496 252 3548 libri
303 3508 527 3553 veteres.
584 3505 654 3552 At
705 3504 1032 3554 vetustiores
1087 3505 1357 3555 editiones
1409 3510 1462 3555 et
1511 3496 1748 3569 quatuor

155 3569 256 3619 item
301 3572 421 3623 libri
477 3578 695 3625 veteres
749 3574 956 3624 habent
1010 3575 1137 3638 falsi
1195 3581 1241 3625 et
1291 3575 1508 3625 mortali
1558 3577 1746 3627 seduc-

156 3643 278 3690 tione.

202 3714 278 3774 (68)
331 3715 638 3766 Seductione
714 3718 794 3767 Ita
850 3718 1228 3779 reponendum
1283 3733 1403 3770 esse
1461 3724 1746 3782 permotus

157 3795 254 3832 sum
287 3788 608 3838 auctoritate
647 3792 894 3839 veterum
926 3788 1232 3840 editionum
1263 3795 1317 3840 et
1346 3792 1594 3840 omnium
1631 3791 1744 3841 fere

157 3859 367 3906 veterum
439 3858 730 3908 librorum.
800 3860 939 3909 Nam
1017 3873 1210 3910 vocem
1280 3862 1742 3922 circumventione,

157 3937 288 3986 quam
335 3928 597 3978 Erasmus
647 3931 874 3990 invexit,
924 3945 1035 3980 non
1085 3931 1259 3994 reperi
1308 3933 1415 3980 nisi
1463 3933 1518 3980 in
1569 3933 1745 3981 tribus

157 3997 355 4071 antiquis
387 3999 696 4050 codicibus.
734 4002 900 4065 Angli
931 4005 1202 4052 testantur
1234 4000 1384 4050 illam
1423 4016 1534 4051 non
1573 4003 1743 4053 fuisse

159 4070 199 4113 in
227 4070 342 4117 suis.

204 4138 283 4197 (69)
337 4141 826 4194 Desiderantissimi.
884 4145 1008 4206 Ista,
1060 4159 1186 4208 quae
1244 4149 1465 4195 exstant
1517 4146 1573 4193 in
1631 4159 1743 4194 un-

159 4205 302 4257 decim
330 4212 616 4264 codicibus
654 4216 894 4279 antiquis
924 4221 976 4265 et
997 4205 1347 4280 Vin—antiquis
1385 4216 1741 4274 editionibus,

159 4291 255 4339 qua
291 4295 407 4332 vero
442 4285 709 4334 Erasmus
743 4287 1029 4349 expunxit,
1067 4300 1131 4336 ac
1172 4291 1359 4350 postea
1405 4288 1495 4336 alii
1537 4288 1742 4337 omise-

158 4355 271 4422 ΨΜ,
297 4365 390 4417 ego
427 4357 667 4416 restitui,
698 4370 823 4406 eam
863 4358 1027 4406 etiam
1069 4357 1139 4406 ob
1178 4371 1402 4407 causam
1437 4359 1585 4422 quod
1625 4360 1741 4409 scio

159 4417 451 4483 Cyprianum
510 4428 829 4491 frequenter
875 4442 938 4478 ea
991 4429 1228 4478 formula
1284 4417 1469 4478 usum-
1507 4444 1624 4480 esse
1684 4431 1737 4478 in

159 4491 420 4569 scribendo.
467 4498 674 4569 Praeter
721 4500 1107 4550 auctoritatem
1156 4505 1403 4550 veterum
1453 4502 1739 4564 exempla-

161 4568 270 4610 rium
305 4569 472 4617 sancti
515 4568 797 4632 Cypriani,
827 4571 881 4618 in
922 4572 1126 4634 quibus
1164 4585 1382 4634 semper
1410 4572 1519 4620 vidi
1559 4573 1734 4634 scrip—

161 4634 250 4706 litin
299 4637 789 4699 desiderantissimi,
843 4646 1018 4691 exstat
1075 4642 1221 4705 apud
1283 4643 1552 4705 bponium
1615 4657 1736 4706 pag.

157 4699 251 4763 ΞΒ,
291 4707 564 4773 inscriptio
622 4717 782 4760 vetus
832 4726 952 4774 quae
1002 4699 1546 4764 sic-etiam-habet.
1601 4699 1738 4762 item

161 4775 274 4852 apud
309 4779 512 4852 Julium
556 4780 926 4844 Capitolinum
965 4785 1020 4832 in
1068 4784 1291 4843 Albino,
1328 4785 1511 4834 Fratri
1547 4799 1735 4834 antan-

161 4846 318 4896 tissimo
353 4856 399 4897 et
435 4851 927 4903 desiderantissimo.
974 4855 1035 4902 In
1075 4854 1411 4905 editionibus
1459 4857 1735 4919 Epistola-

162 4927 254 4989 rum
291 4925 453 4972 sancti
493 4923 692 4975 Leonis
734 4925 894 4988 Papa
934 4926 1004 4974 ad
1042 4926 1323 4989 Eutychem
1361 4927 1560 4989 legitur
1593 4943 1603 4974 :
1639 4930 1736 4976 Di-

163 4985 389 5064 lfttissimo
439 4995 547 5056 filio
605 4985 889 5058 Eutycheti.
939 4998 1010 5047 At
1069 4985 1467 5048 in'codicibus
1526 5001 1736 5051 Rustici

162 5055 335 5132 diaconi
372 5055 565 5127 legitur
605 5055 1099 5119 Desiderantissimo
1139 5068 1250 5132 ﬁlio
1296 5071 1544 5132 Eutyc/ii;
1585 5075 1635 5120 et
1679 5073 1735 5121 in

162 5128 281 5178 ciilce
312 5147 400 5194 pro
426 5137 758 5187 dilectissime
785 5138 860 5201 fili
895 5139 1094 5202 legitur
1129 5128 1209 5201 ﬁli
1241 5128 1735 5200 desiderantissime,

162 5202 402 5279 glanonui
440 5207 495 5256 in
540 5222 664 5258 mea
713 5209 1092 5261 Conciliorum
1139 5211 1381 5262 editione
1425 5227 1543 5276 pag.
1596 5214 1732 5264 1011.

162 5267 330 5346 ibidem
369 5292 485 5340 pag.
534 5281 669 5341 1311,
699 5281 806 5345 legi
845 5282 1365 5341 desiderantissimis,
1397 5267 1451 5331 in
1491 5267 1736 5346 Epistola

163 5338 311 5422 Cyam
339 5338 738 5422 rid—Monacltos
756 5338 940 5404 vedita-
973 5356 1028 5404 in
1078 5356 1218 5404 actis
1266 5338 1491 5404 concilii
1534 5338 1734 5418 quinti,

164 5411 233 5461 ubi
273 5420 421 5482 vulgo
471 5424 738 5486 scriptum
784 5429 867 5474 est
918 5425 1430 5476 desiderantissimis.
1479 5411 1567 5476 Et-
1603 5411 1735 5477 sane

164 5493 259 5532 cum
287 5488 375 5537 ista
412 5505 517 5542 vox
551 5492 849 5545 descendat
884 5510 913 5544 a
954 5497 1242 5559 participio
1281 5497 1604 5554 desiderans,
1630 5513 1737 5549 ne-

166 5563 378 5637 ξθξεξριεξξῑ
405 5567 460 5637 ut
493 5565 799 5637 scribamus
827 5566 1354 5617 desiderantissimus.
1390 5568 1734 5619 Benedictini

167 5629 297 5675 nostri
319 5629 385 5679 ita
414 5633 687 5684 interdum
716 5637 1054 5699 scripserunt
1083 5639 1138 5688 in
1174 5651 1273 5687 sua
1309 5637 1552 5691 editione
1583 5640 1736 5704 Ope—

168 5706 259 5769 ruin
284 5704 438 5752 sancti
470 5707 777 5769 Augustini.

215 5768 291 5828 (⁷0)
328 5771 473 5825 Hanc
511 5768 794 5840 epistolam
831 5778 945 5832 fere
985 5782 1155 5832 totam
1187 5782 1457 5846 integram
1493 5783 1735 5847 exscrip-

1761 4487 1817 4557 D

1844 2868 1915 2915 sit
1965 2870 2018 2916 et
2073 2878 2230 2915 suam
2289 2865 2418 2914 fecit
2479 2862 2760 2914 Gotl‘ridus
2817 2863 2988 2913 abbas
3041 2864 3473 2917 V'indocinensis

1844 2937 1938 2986 lib.
1984 2951 2060 2996 IV,
2102 2937 2260 2998 epist.
2302 2937 2382 2996 ἓξ,
2426 2934 2674 2985 scribens
2717 2934 2790 2983 ad
2834 2935 3174 2985 Amblardum
3217 2937 3474 2988 abbatem

1845 3007 2035 3058 Sancti
2089 3007 2354 3057 Martialis
2407 3005 2842 3066 Lemovicensis,
2895 3006 3120 3055 mutatis
3173 3009 3476 3058 mutandis.

1845 3079 1982 3127 Nam
2031 3092 2157 3142 quia
2212 3079 2334 3128 istic
2390 3077 2459 3127 de
2511 3077 2745 3126 diacono
2798 3077 3035 3140 superbo
3085 3078 3363 3140 dicuntur,
3413 3095 3475 3131 ea

1845 3147 2123 3200 Goﬂ‘ridus
2169 3150 2449 3199 transtulit
2491 3148 2558 3198 ad
2607 3147 2945 3197 monachum
2992 3152 3379 3199 contumacem
3421 3156 3476 3200 et

1848 3221 2309 3270 contumeliosum
2353 3222 2407 3269 in
2448 3219 2706 3269 abbatem
2749 3232 2931 3266 suum.
2975 3218 3214 3268 Alterius
3255 3219 3475 3271 diaconi

1847 3291 2071 3353 superbi
2101 3292 2279 3341 vocati
2305 3291 2624 3340 Maximiani
2655 3290 2862 3339 mentio
2904 3293 2988 3338 est
3025 3289 3170 3352 apud
3209 3292 3474 3354 Augusti-

1847 3376 1982 3411 num
2016 3363 2070 3411 in
2102 3363 2244 3412 libro
2280 3362 2342 3412 de
2374 3362 2702 3412 Correctione
2735 3360 3149 3419 Donatistarum,
3181 3374 3300 3424 cap.
3339 3363 3384 3422 4,
3423 3367 3475 3414 et

1847 3435 1904 3482 in
1935 3433 2167 3496 epistola
2195 3433 2265 3482 ad
2291 3431 2622 3494 Boni/nciam
2653 3433 2902 3479 comitem.

1908 3507 2008 3567 (71)
2056 3509 2129 3557 De
2169 3504 2409 3554 diacono.
2459 3503 2810 3553 Retinuimus
2850 3502 2993 3552 hanc
3037 3503 3470 3567 inscriptionem,

1848 3589 2014 3638 quam
2047 3580 2099 3624 et
2139 3580 2349 3625 veteres
2390 3573 2659 3624 editiones
2698 3572 3000 3635 praeferunt
3039 3577 3093 3624 et
3130 3587 3325 3624 omnes
3360 3575 3472 3625 tere

1846 3645 1972 3695 libri
2020 3652 2250 3696 veteres.
2298 3645 2538 3707 Quidam
2591 3643 2797 3693 habent
2852 3644 2913 3692 de
2960 3643 3188 3694 diacono
3236 3649 3468 3708 tantum,

1847 3717 1938 3765 alii
1974 3717 2036 3766 de
2072 3717 2296 3767 diacono
2336 3717 2468 3779 ejus,
2505 3716 2598 3764 alii
2637 3715 2881 3780 denique
2920 3715 2982 3764 de
3022 3715 3244 3764 diacono
3284 3721 3468 3765 contu-

1845 3789 2000 3837 maci.

1910 3860 2006 3921 (7:2)
2055 3859 2364 3922 Rogat-iano.
2411 3858 2685 3922 Episcopo
2733 3857 2972 3907 Novensi
3022 3857 3077 3906 in
3127 3859 3469 3910 Mauritania.

1847 3931 2101 3980 interfuit
2139 3931 2376 3980 concilio
2413 3929 2830 3992 Carthaginensi
2869 3928 2974 3977 sub
3011 3928 3303 3992 Cypriano.
3336 3930 3470 3981 Col—

1845 4002 2039 4051 lationi
2078 4001 2496 4065 Carthaginensi
2536 4001 2679 4050 inter
2720 3999 3036 4050 Catholicos
3064 4005 3119 4050 et
3157 4002 3470 4051 Donatistas

1845 4071 2018 4122 adfuit
2065 4073 2224 4122 Felix
2280 4073 2573 4135 episcopus
2633 4072 2900 4121 Novensis
2953 4070 3292 4122 Catholicus.
3347 4074 3470 4122 Alia

1845 4145 1946 4192 fuit
1977 4145 2125 4194 Nova
2159 4145 2213 4192 in
2252 4144 2441 4193 Mmsia
2472 4143 2736 4203 secunda,
2764 4145 2924 4206 cujus
2953 4145 3242 4206 episcopus
3277 4143 3470 4194 Petrus

1844 4217 2157 4264 nominatur
2195 4215 2250 4263 in
2297 4214 2487 4264 codice
2536 4214 2786 4278 encyclio
2837 4227 2954 4278 cap.
3005 4217 3077 4274 19,
3120 4215 3175 4262 in
3230 4214 3469 4264 editione

1843 4291 2057 4344 nostra;
2105 4299 2224 4348 cap.
2279 4286 2354 4345 12,
2410 4287 2465 4334 in
2527 4285 2764 4335 editione
2817 4285 3106 4346 Harduini,
3162 4287 3256 4350 qui
3311 4287 3468 4350 sequi

1842 4358 2021 4406 noluit
2055 4364 2314 4416 nostram,
2355 4359 2450 4408 sed
2492 4358 2736 4408 turbavit
2769 4358 3018 4408 ordinem
3049 4360 3360 4408 institutum
3400 4359 3470 4408 ab

1843 4441 1908 4478 eo
1947 4430 2039 4492 qui
2078 4430 2288 4492 primus
2327 4431 2547 4492 collegit
2584 4430 2842 4491 epistolas
2886 4432 2940 4477 in
2983 4429 3176 4478 codice
3213 4431 3466 4492 encyclio

1842 4504 2143 4548 contentas.
2176 4500 2245 4549 Et
2279 4505 2461 4548 tamen
2497 4499 2706 4549 sciebat
2738 4513 2824 4549 me
2855 4504 3222 4562 conquestum
3253 4513 3373 4548 esse
3401 4499 3467 4549 dc

1839 4571 1907 4618 iis
1956 4571 2050 4632 qui
2099 4570 2360 4620 Romanis
2406 4569 2782 4620 Conciliorum
2835 4568 3060 4618 editioni
3109 4569 3465 4631 praefuerunt,

1840 4641 1986 4704 quod
2042 4645 2348 4690 mutassent
2395 4641 2645 4690 ordinem
2695 4644 2934 4690 veterem
2982 4643 3169 4689 contra
3223 4642 3463 4688 mentem

1839 4715 1957 4776 ejus
1991 4713 2085 4776 qui
2125 4713 2342 4775 collegit
2380 4711 2641 4774 epistolas
2673 4710 2965 4773 encyclias.

1903 4786 1995 4844 (73)
2036 4782 2253 4844 Collegae
2295 4784 2408 4830 inet.
2452 4781 2635 4844 Angli,
2679 4782 2774 4844 qui
2823 4794 3016 4830 vocem
3063 4780 3162 4828 mei
3205 4780 3464 4844 legebant

1840 4855 1894 4902 in
1942 4857 2058 4903 suis
2101 4854 2386 4904 codicibus
2436 4851 2846 4915 manuscriptis,
2895 4851 3042 4900 illam
3092 4855 3275 4900 tamen
3323 4853 3460 4902 omi-

1838 4929 2025 4973 serunt
2067 4927 2120 4972 in
2158 4939 2257 4973 sua
2301 4924 2556 4973 editione.
2601 4922 2764 4984 Quod
2802 4936 2902 4971 cur
2941 4923 3014 4970 ita
3055 4923 3282 4972 fecerint
3325 4922 3464 4970 divi-

1837 5011 1970 5047 nare
2008 5010 2116 5044 non
2158 4997 2329 5058 potui,
2368 4997 2475 5044 nisi
2515 4995 2662 5058 quod
2697 4997 2830 5058 puto
2861 4993 3002 5053 illos,
3031 4997 3092 5041 ut
3121 5006 3269 5056 saepe
3309 4993 3463 5054 alias,

1836 5069 2077 5119 voluisse
2143 5070 2378 5120 retinere
2452 5067 2720 5116 lectiones
2794 5063 3050 5113 editionis
3121 5064 3462 5126 Rigaltianaa.

1837 5142 2152 5202 Agnoscere
2192 5145 2372 5190 tamen
2415 5138 2576 5188 facile
2615 5139 2867 5200 poterant
2905 5138 3142 5184 erratum
3182 5135 3307 5184 istic
3345 5149 3466 5186 esse

1837 5211 1894 5259 in
1945 5210 2186 5261 editione
2236 5211 2349 5270 illa,
2403 5208 2684 5258 indicante.
2727 5207 2894 5256 etiam
2947 5220 3184 5256 errorem
3227 5207 3464 5270 epistola

1836 5287 2110 5348 sequenti,
2152 5287 2206 5334 in
2254 5285 2414 5346 cujus
2457 5283 2616 5333 initio
2659 5283 2925 5344 scriptum
2969 5285 3051 5331 est
3092 5295 3101 5328 :
3149 5297 3177 5325 ‹‹
3215 5281 3468 5332 Graviter

1836 5358 2099 5406 commoti
2142 5369 2338 5406 sumus
2372 5368 2472 5418 ego
2516 5359 2569 5404 et
2604 5354 2834 5416 collegae
2874 5353 2983 5402 mei
3026 5353 3120 5416 qui
3165 5357 3466 5416 praesentes

1836 5426 2078 5477 aderant.
2099 5443 2126 5475 ›>
2150 5428 2428 5478 Craterum
2458 5439 2652 5476 vocem
2681 5440 2710 5474 a
2739 5424 2974 5488 Rigaltio
3001 5430 3055 5474 et
3077 5426 3270 5487 Anglis
3296 5426 3463 5473 omis-

1836 5512 1954 5546 sam
1986 5500 2281 5560 printer-unt
2321 5511 2514 5548 omnes
2553 5497 2822 5546 editiones
2861 5498 3126 5558 antiquae,
3163 5507 3304 5544 xvni
3341 5493 3466 5542 libri

1836 5571 2006 5619 nostri
2046 5575 2275 5632 veteres,
2308 5577 2362 5621 et
2396 5571 2559 5620 etiam
2599 5567 2826 5632 quidam
2861 5567 3164 5628 Anglicani.
3198 5567 3389 5628 Itaque
3424 5567 3468 5612 si

1837 5639 1992 5691 deest
2026 5641 2080 5688 in
2123 5641 2420 5706 aliquibus,
2451 5641 2547 5705 qui
2583 5653 2713 5690 sane
2754 5646 2889 5694 sunt
2927 5640 3109 5701 pauci,
3139 5637 3472 5688 existiman—

1836 5712 1970 5786 dum
1996 5715 2079 5786 est
2103 5711 2156 5760 id
2187 5717 2440 5768 evenisse
2470 5726 2568 5777 per
2602 5711 3016 5786 indiligentiam
3046 5715 3100 5761 et
3125 5707 3480 5760 oscitantium

1835 5783 2203 5838 librariorum.
