3978 6194
492 241 595 300 407
1420 241 1474 298 S.
1515 241 1827 299 CYPRIANI
1867 241 2111 298 OPERUI

2219 240 2351 298 ‘ARS
2384 240 2430 295 Ι.
2462 268 2531 281 -
2558 239 2919 301 EPISTOLE.
3732 246 3824 303 408

492 371 654 429 lectis
681 371 883 429 litteris
913 371 1043 441 tuis,
1074 369 1278 442 quibus
1313 370 1381 425 de
1421 336 1659 424 diacono
1700 376 1794 425 tuo
1832 370 1938 439 (74)
1973 385 2114 422 con-
2138 382 2195 453 Α
2289 368 2355 423 Il.
2388 366 2497 422 Sed
2529 370 2585 422 et
2613 367 2878 422 Salomon
2906 367 2963 421 in
2992 365 3211 438 Spiritu
3254 370 3448 423 sancto
3497 371 3825 426 constitutus

496 472 723 539 questus
763 484 823 520 es
853 465 1028 537 quod,
1072 464 1382 520 immemor
1414 464 1768 518 sacerdotalis
1800 464 1901 516 loci
1935 461 2013 516 tui
2060 466 2117 515 et
2217 464 2453 515 testatur
2495 466 2550 515 et
2587 461 2751 515 docet
2788 476 2917 531 quo:
2960 460 3029 513 sit
3065 459 3425 514 sacerdotalis
3455 462 3745 516 auctoritas
3779 468 3829 519 et

494 562 694 629 ofﬁcii,
752 577 816 614 ac
872 558 1172 614 ministerii
1226 559 1310 611 sui
1364 557 1596 620 oblitus,
1653 556 2007 611 contumeliis
2061 561 2118 610 et

494 654 714 727 injuriis
753 654 866 708 suis
894 658 947 708 te
980 650 1417 707 exacerbaverit.
1450 653 1513 706 Et
1556 654 1618 704 tu
1663 651 1892 721 quidem
1942 650 2113 704 hono-

494 748 648 803 rifice
674 748 824 802 circa
866 763 967 802 nos
996 751 1052 800 et
1079 761 1180 816 pro
1216 744 1372 799 solita
1416 748 1512 798 tua
1551 744 1870 798 humilitate
1914 741 2113 809 fecisti,

492 846 556 897 ut
593 843 787 897 malles
817 841 886 895 de
924 856 990 895 eo
1028 838 1189 893 nobis
1232 838 1525 909 conqueri,
1570 854 1723 903 cum,
1766 853 1869 909 pro
1907 836 2115 907 episco-

489 940 659 1007 patus
683 934 875 1006 vigore
904 937 961 989 et
987 932 1273 988 cathedras
1292 931 1641 997 auctoritate,
1670 930 1908 984 haberes
1936 933 2116 999 potes-

490 1031 667 1084 tatem
715 1045 827 1099 qua
862 1043 1053 1098 posses
1092 1027 1160 1080 de
1202 1025 1300 1079 illo
1345 1024 1532 1078 statim
1574 1022 1878 1088 vindicari,
1926 1025 2114 1077 certus

493 1121 645 1193 quod
665 1121 895 1191 collega:
922 1120 1003 1174 tui
1028 1135 1227 1174 omnes
1256 1124 1478 1189 gratem
1501 1118 1547 1152 9"
1572 1117 1919 1171 haberemus
1939 1116 2115 1187 quod-

493 1231 734 1287 cumque
810 1214 955 1269 circa
1030 1212 1332 1267 diaconum
1404 1218 1567 1266 tuum
1639 1210 2114 1264 contumeliosum

492 1308 825 1364 sacerdotali
874 1312 1152 1378 potestate
1200 1305 1449 1371 fecisses,
1479 1304 1691 1359 habens
1735 1304 1881 1357 circa
1925 1303 2112 1373 hujus-

491 1403 647 1457 modi
709 1402 969 1456 homines
1030 1405 1317 1471 praecepta
1379 1399 1597 1465 divina,
1652 1413 1783 1451 cum
1841 1397 2114 1451 Dominus

490 1497 635 1551 Deus
676 1496 733 1549 in
776 1493 1218 1549 Deuteronomio
1261 1492 1410 1547 dicat
1450 1510 1462 1547 :
1497 1494 1566 1545 Et
1614 1493 1765 1546 homo
1807 1493 2115 1559 quicunque

485 1589 676 1653 fecerit
715 1587 775 1638 in
814 1586 1069 1654 superbia
1109 1589 1169 1638 ut
1206 1598 1313 1637 non
1355 1582 1619 1637 exaudiat
1653 1582 1979 1635 sacerdotem
2015 1586 2113 1635 aut

477 1679 745 1747 judicem,
790 1680 1095 1747 quicunque
1133 1678 1304 1743 fuerit
1347 1678 1407 1728 in
1450 1676 1635 1730 diebus
1678 1676 1809 1741 illis,
1854 1676 2114 1729 morietur

2216 556 2482 624 potestas,
2517 551 2711 607 dicens
2743 569 2757 606 :
2792 555 2875 607 Ea:
2908 558 3023 607 tota
3050 554 3238 607 anima
3282 560 3376 606 tua
3422 556 3544 608 time
3581 558 3756 617 Deum,
3784 564 3829 611 et

2214 646 2514 701 sacerdotes
2564 646 2674 715 ejus
2720 647 3024 714 sancti/ica.
3079 645 3148 699 Et
3198 645 3404 700 iterum
3463 647 3510 680 θ’
3559 663 3573 700 :
3626 649 3829 704 Honora

2214 741 2385 794 Deum
2422 755 2490 794 ea:
2532 745 2647 797 tota
2688 742 2873 794 anima
2918 745 3033 801 tua,
3084 743 3134 793 et
3175 739 3463 809 honoriﬁca
3504 742 3520 774 ί
3553 742 3831 799 sacerdotes

2220 833 2338 900 eius
2368 833 2578 902 (Eccli.,
2620 849 2714 899 vn,
2757 834 2844 898 29,
2885 831 2994 903 31).
3022 834 3271 899 Quorum
3299 836 3702 904 praeceptorum
3729 851 3832 892 me-

2214 942 2343 980 mor
2384 926 2583 981 beatus
2624 927 2917 997 apostolus
2962 925 3189 994 Paulus,
3242 927 3549 982 secundum
3596 928 3740 999 quod
3778 929 3830 984 in

2213 1019 2441 1073 Actibus
2484 1020 2866 1091 apostolorum
2914 1019 3180 1090 legimus,
3235 1036 3362 1074 cum
3406 1021 3458 1075 ei
3500 1021 3771 1076 diceretur
3812 1040 3824 1078 :

2212 1118 2300 1173 Sic
2338 1118 2516 1172 insitis
2553 1120 2613 1171 in
2649 1118 2974 1171 sacerdotem
3015 1119 3113 1171 Dei
3144 1118 3531 1179 maledicendo,
3572 1121 3827 1188 respondit

2214 1215 2264 1264 et
2315 1210 2457 1264 dixit
2500 1211 2522 1245 ²
2562 1226 2575 1263 :
2610 1211 2941 1271 Nesciebam,
2994 1212 3221 1277 fratres,
3264 1214 3394 1283 quia
3441 1214 3685 1281 pontifex
3731 1220 3815 1267 est.

2213 1303 2489 1373 Scriptum
2536 1310 2612 1358 est
2651 1306 2791 1359 enim
2829 1320 2841 1357 :
2874 1305 3179 1374 Principem
3223 1305 3415 1375 populi
3458 1308 3539 1358 tui
3582 1304 3683 1375 (77)
3732 1322 3827 1361 non

2210 1397 2494 1450 maledices
2529 1396 2695 1466 (Act,
2727 1413 2884 1465 χχιιι,
2920 1397 2996 1468 4).
3028 1398 3294 1453 Dominus
3320 1397 3492 1451 etiam
3519 1397 3627 1468 (78)
3654 1405 3829 1452 noster

2214 1488 2333 1559 ipse
2373 1491 2532 1543 Jesus
2571 1490 2853 1557 Christus,
2888 1507 2987 1545 rex
3036 1495 3094 1546 et
3129 1491 3313 1561 judex
3358 1496 3417 1545 et
3466 1491 3607 1545 Deus
3653 1490 3827 1564 396

2212 1585 2422 1649 noster,
2454 1599 2635 1654 usque
2663 1584 2735 1637 ad
2767 1584 3039 1655 passionis
3075 1584 3229 1639 diem
3275 1584 3516 1638 servavit
3558 1585 3819 1639 honorem

2216 1676 2581 1745 pontiﬁcibus
2610 1682 2666 1730 et
2696 1678 3099 1743 sacerdotibus,
3138 1676 3398 1748 quamvis
3424 1676 3502 1731 illi
3540 1693 3638 1731 nec
3663 1678 3819 1732 timo-

489 1774 638 1826 homo
664 1773 777 1834 ille,
810 1778 859 1826 et
886 1773 1057 1825 omnis
1081 1772 1309 1840 populus
1338 1767 1528 1842 395
1558 1785 1677 1823 cum
1707 1768 1944 1822 audierit
1971 1770 2116 1821 time-
2135 1750 2192 1821 B
2218 1785 2338 1823 rem
2373 1769 2470 1823 Dei
2501 1785 2605 1823 nec
2646 1771 3000 1839 agnitionem
3034 1773 3054 1805 ³
3081 1771 3287 1827 Christi
3317 1776 3645 1825 servassent.
3673 1772 3818 1837 Nam,

490 1867 585 1927 bit,
629 1872 679 1920 et
710 1880 817 1920 non
854 1868 1013 1932 agent
1048 1866 1210 1933 impie
1240 1866 1401 1918 etiam
1438 1878 1581 1917 nunc
1606 1862 1808 1932 (Deut.,
1836 1877 1965 1928 xvn,
2003 1860 2108 1927 12).

484 1961 553 2013 Et
578 1963 640 2012 ut
666 1959 907 2012 sciamus
936 1957 1081 2011 hanc
1108 1956 1205 2011 Dei
1230 1972 1427 2011 vocem
1466 1972 1594 2010 cum
1634 1972 1765 2009 vera
1793 1959 1849 2009 et
1886 1970 2113 2008 summa

489 2052 785 2122 majestate
814 2051 934 2120 ejus
961 2051 1009 2085 9⁸
1040 2050 1375 2121 processisse
1404 2050 1476 2103 ad
1506 2048 1865 2103 honorandos
1891 2064 1955 2101 ac
1985 2048 2110 2102 vin-

491 2145 764 2200 dicandos
817 2144 1135 2199 sacerdotes
1193 2160 1357 2208 suos,
1415 2159 1544 2197 cum
1611 2144 1876 2196 adversus
1929 2146 2113 2195 Aaron

486 2238 840 2293 sacerdotem
882 2241 995 2292 tres
1043 2237 1112 2292 de
1152 2235 1444 2302 ministris,
1483 2236 1665 2291 Chore
1708 2242 1764 2289 et
1808 2236 2025 2289 Datlian
2058 2239 2113 2289 et

488 2333 723 2400 Abiron,
751 2331 871 2385 ausi
907 2336 1038 2385 sunt
1072 2330 1389 2402 superbisse
1415 2330 1521 2399 (75)
1550 2336 1605 2385 et
1631 2329 1909 2383 cervicem
1949 2344 2111 2383 suam

2214 1878 2342 1915 cum
2367 1863 2652 1933 leprosum
2681 1863 3065 1932 emundasset,
3097 1864 3239 1919 dixit
3264 1864 3344 1919 illi
3374 1881 3386 1918 :
3421 1865 3590 1931 Vade,
3618 1869 3665 1919 et
3690 1879 3817 1918 mon-

2211 1960 2327 2010 stra
2378 1960 2426 2010 te
2471 1957 2757 2024 sacerdoti,
2797 1962 2847 2011 et
2889 1959 3020 2027 offer
3071 1959 3272 2012 donum
3318 1958 3561 2029 (Matth.,
3605 1972 3712 2019 vni,
3752 1958 3818 2025 4).

2213 2049 2541 2104 Humilitate
2574 2066 2638 2103 ea
2670 2065 2784 2121 qua
2811 2066 2916 2106 nos
2943 2068 3171 2123 quoque
3204 2067 3325 2106 esse
3352 2050 3601 2105 humiles
3629 2049 3818 2116 docuit,

2213 2143 2569 2197 sacerdotem
2626 2143 2813 2197 adhuc
2868 2145 3188 2216 appellabat
3239 2160 3413 2216 quem
3465 2144 3667 2199 sciebat
3712 2158 3819 2198 esse

2215 2236 2578 2307 sacrilegum.
2642 2238 2782 2292 Item
2842 2238 2945 2292 sub
3004 2239 3115 2293 ictu
3157 2242 3177 2273 ⁸
3217 2237 3492 2309 passionis
3547 2238 3652 2307 (79)
3705 2251 3820 2291 cum

2213 2330 2436 2399 alapam
2488 2331 2822 2401 accepisset,
2864 2336 2922 2386 et
2968 2332 3019 2386 ei
3070 2333 3375 2401 diceretur,
3418 2332 3505 2387 Sic
3557 2330 3819 2401 respondes

487 2426 753 2480 extollere
784 2431 839 2479 et
867 2424 1144 2478 sacerdoti
1173 2424 1477 2494 praeposito
1504 2438 1561 2477 se
1587 2422 1913 2492 adazquare,
1954 2422 2109 2475 hiatu
2208 2424 2473 2492 pontiﬁci,
2502 2424 2643 2477 nihil
2680 2425 2774 2478 ille
2802 2426 3208 2480 contumeliose
3247 2426 3473 2480 locutus
3499 2431 3581 2479 est
3614 2424 3669 2477 in
3698 2439 3816 2494 per-

486 2525 659 2573 terraa
691 2519 942 2589 absorpti
972 2533 1036 2571 ac
1064 2516 1333 2585 devorati,
1364 2532 1556 2586 pcenas
1596 2515 1790 2569 statim
1827 2516 2111 2586 sacrilegae
2212 2531 2411 2569 sonam
2475 2516 2786 2587 pontificis,
2849 2517 2948 2571 sed
3003 2519 3187 2589 magis
3240 2519 3621 2573 innocentiam
3672 2532 3814 2570 suam

483 2612 737 2666 audacia:
783 2612 1188 2682 persolverunt.
1240 2611 1346 2664 Nec
1386 2608 1486 2663 soli
1533 2609 1634 2675 illi,
1676 2609 1777 2662 sed
1822 2613 1877 2663 et
1921 2608 2110 2663 caeteri
2212 2608 2389 2663 tuitus
2424 2615 2506 2663 est
2548 2610 2741 2664 dicens
2782 2627 2793 2665 :
2827 2611 2888 2668 Si
2929 2613 3069 2666 male
3109 2613 3318 2667 locutus
3351 2628 3490 2675 sum,
3526 2611 3771 2680 exprobra
3798 2610 3815 2641 ⁵

485 2705 715 2761 ducenti
756 2705 1173 2775 quinquaginta
1209 2703 1308 2774 qui
1345 2704 1424 2756 eis
1469 2703 1702 2756 comites
1726 2702 1794 2757 ad
1821 2702 2109 2756 audaciam

486 2800 736 2866 fuerunt,
789 2801 1196 2868 prorumpente
1244 2813 1273 2849 a
1327 2796 1563 2851 Domino
1609 2795 1743 2865 igne
1791 2796 2111 2866 consumpti

486 2896 640 2956 sunt,
675 2897 738 2945 ut
786 2891 1121 2961 probaretur
1148 2890 1257 2961 (76)
1287 2889 1602 2944 sacerdotes
1643 2889 1742 2943 Dei
1787 2889 1857 2942 ab
1907 2906 1975 2943 eo
2012 2890 2109 2960 qui

485 2984 807 3039 sacerdotes
846 2984 977 3038 facit
1014 2982 1306 3037 vindicari.
1338 2984 1398 3035 lu
1425 2982 1572 3037 libro
1613 2999 1837 3053 quoque
1880 2984 2108 3052 Regno-

2215 2704 2322 2772 (80)
2364 2703 2430 2756 de
2469 2704 2632 2757 malo.
2665 2706 2726 2761 Si
2764 2711 2945 2760 autem
2988 2706 3135 2769 bene,
3174 2706 3311 2775 quid
3338 2721 3420 2760 me
3457 2705 3611 2761 credis
3635 2706 3813 2773 (Joan.,

2213 2811 2367 2861 xviii,
2410 2797 2545 2865 ‘23)?
2577 2796 2713 2861 Quia
2754 2797 2947 2852 omnia
2986 2798 3097 2869 (81)
3139 2799 3210 2852 ab
3242 2816 3311 2853 eo
3350 2799 3482 2853 ideo
3525 2800 3659 2852 facta
3701 2800 3814 2849 sunt

2212 2889 2509 2943 humiliter
2538 2894 2710 2961 atque
2748 2891 3035 2962 patienter
3060 2896 3124 2946 ut
3151 2909 3253 2947 nos
3278 2892 3613 2946 humilitatis
3644 2906 3701 2944 ac
3725 2905 3813 2960 pa-

2212 2980 2431 3035 tientia:
2477 2982 2821 3038 haberemus
2865 2986 3206 3056 exemplum.
3241 2987 3443 3040 Docuit
3480 2984 3623 3038 enim
3658 2997 3815 3036 sacer.

484 3094 639 3145 rum,
667 3094 798 3132 cum
824 3077 1056 3133 Samuel
1096 3075 1357 3131 sacerdos
1383 3092 1415 3129 a
1438 3076 1763 3130 Judaeorum
1798 3076 2006 3146 populo
2042 3076 2111 3131 ob
2134 3116 2188 3188 Ο
2214 3074 2370 3130 dotes
2408 3091 2574 3130 veros
2612 3076 2864 3147 legitime
2895 3083 2949 3132 et
2981 3078 3146 3148 plene
3187 3079 3474 3145 honorari,
3521 3078 3651 3133 dum
3685 3076 3815 3129 circa

487 3174 862 3240 senectutem,
907 3170 1051 3224 sicut
1080 3175 1138 3224 tu
1172 3170 1366 3236 modo,
1416 3173 1897 3235 contemneretur,
1941 3171 2114 3223 excla-

489 3265 662 3318 mavit
690 3264 863 3318 iratus
888 3264 1160 3317 Dominus
1202 3266 1259 3315 et
1298 3262 1439 3317 dixit
1475 3281 1487 3316 :
1518 3265 1636 3317 Non
1684 3269 1732 3317 te
1773 3270 2112 3333 spreverunt,

485 3358 580 3413 sed
610 3373 691 3412 me
719 3362 1031 3427 spreverunt
1061 3358 1103 3426 (l
1133 3360 1285 3426 Reg.,
1315 3371 1431 3425 Vill,
1460 3359 1531 3424 7).
1565 3358 1630 3411 Et
1654 3362 1717 3411 ut
1743 3356 1853 3411 hoc
1881 3358 2110 3412 ulcisce-

486 3457 663 3515 retur,
721 3449 986 3504 excitavit
1033 3450 1114 3503 eis
1158 3450 1287 3504 Saul
1333 3466 1563 3521 regem,
1605 3451 1703 3521 qui
1749 3467 1843 3505 eos
1888 3451 2113 3520 injuriis

490 3541 753 3609 gravibus
802 3539 1087 3609 afﬂigeret
1136 3545 1191 3593 et
1241 3555 1342 3609 per
1391 3555 1596 3594 omnes
1643 3540 2017 3594 contumelias
2060 3546 2114 3595 et

488 3652 679 3707 poenas
706 3633 1018 3704 superbum
1044 3632 1316 3703 populum
1345 3634 1590 3687 calcaret
1620 3637 1676 3688 et
1710 3640 2017 3704 premeret,
2053 3639 2113 3689 ut

486 3728 845 3794 contemptus
910 3722 1171 3775 sacerdos
1221 3721 1292 3776 de
1343 3721 1585 3792 superbo
1634 3723 1847 3793 popqu
1900 3724 2113 3778 ultione

489 3818 682 3872 divina
708 3814 1103 3871 vindicaretur.

2214 3168 2383 3223 falsos
2408 3169 2732 3225 sacerdotes
2760 3170 2880 3241 ipse
2905 3171 3031 3226 talis
3080 3172 3312 3227 exstitit.

2252 3263 2374 3321 _Ill.
2425 3262 2747 3318 Meminisse
2786 3254 2976 3319 autem
3030 3264 3255 3321 diaconi
3311 3265 3522 3321 debent
3568 3262 3811 3335 quoniam

2213 3354 2513 3424 apostolos,
2542 3356 2601 3410 id
2626 3362 2710 3412 est
2756 3357 3046 3429 episcopos
3092 3365 3149 3413 et
3193 3360 3522 3430 praepositos
3565 3356 3811 3412 Dominus

2214 3447 2410 3518 elegit,
2457 3448 2723 3503 diaconos
2767 3455 2977 3517 autem,
3009 3455 3135 3523 post
3176 3468 3470 3507 ascensum
3519 3449 3722 3505 Domini
3759 3450 3809 3502 iu

2214 3541 2403 3608 οωιοε,
2451 3542 2689 3612 apostoli
2735 3543 2840 3598 sibi
2878 3546 3292 3600 constituerunt
3335 3547 3446 3617 (82)
3488 3546 3809 3616 episcopatus

2214 3634 2300 3688 sui
2328 3638 2387 3689 et
2411 3635 2672 3690 Ecclesiae
2719 3637 3030 3693 ministros.
3083 3639 3244 3703 Quod
3285 3640 3333 3694 si
3372 3656 3476 3694 nos
3497 3637 3697 3709 aliquid
3723 3652 3805 3689 au-

2214 3727 2345 3782 dere
2388 3734 2581 3783 contra
2611 3732 2792 3784 Deum
2840 3748 3161 3801 possumus,
3209 3733 3308 3804 qui
3347 3734 3629 3804 episcopos
3676 3730 3806 3795 facit,

2214 3826 2453 3890 possunt
2500 3827 2557 3877 et
2606 3826 2806 3877 contra
2858 3841 2959 3878 nos
3007 3825 3217 3880 audere
3274 3826 3515 3894 diaconi,
3548 3842 3579 3880 a
3626 3823 3809 3896 quibus

1866 3931 2076 3997 Variae
2140 3936 2479 4001 lectiones.

551 4034 591 4067 "'7
623 4033 818 4084 Ratum
850 4033 1052 4081 Erasm.
1147 4028 1188 4058 93
1219 4028 1356 4092 Ejus
1384 4029 1535 4077 omitt
1565 4030 1718 4079 Oxon.

486 4105 678 4156 dicens
718 4102 845 4153 Bod.
874 4102 922 4158 2,
956 4101 1094 4150 Lam.
1179 4104 1194 4131 ³
1224 4098 1615 4162 Dignationem
1650 4101 1771 4151 Bod.
1801 4104 1845 4153 1.

488 4178 593 4228 NC.
626 4178 671 4238 l,
695 4175 743 4224 ε.

1816 4032 1859 4061 ⁰⁹
1893 4032 2040 4081 Dicit
2078 4032 2203 4082 add.
2243 4036 2382 4085 Lam.
2418 4037 2542 4086 Bod.
2580 4040 2626 4099 1,
2662 4039 2710 4088 2.

2814 4043 2829 4071 ¹
2858 4040 2929 4089 Et
2951 4040 3162 4091 honora
3190 4042 3311 4091 Bod.
3354 4044 3399 4093 1.
3488 4045 3506 4075 ²
3534 4038 3801 4106 Respondit

1938 4107 1959 4136 ⁸
1991 4104 2262 4156 Subditus
2282 4108 2391 4156 Lin.
2480 4112 2498 4143 ⁵
2524 4110 2928 4161 Testimonium
2959 4112 3208 4175 improba
3256 4115 3397 4164 Lam.
3441 4112 3581 4163 Ebor.
3624 4104 3733 4161 Bod.
3761 4108 3801 4157 2-

1810 4235 2035 4319 Steph.
2076 4238 2322 4304 Baluzii
2352 4245 2545 4304 notae.

548 4366 647 4428 (74)
687 4366 764 4413 De
803 4362 1023 4413 diacono
1065 4362 1170 4410 tuo.
1216 4358 1275 4409 Si
1316 4358 1483 4409 lectio
1525 4358 1651 4409 libri
1692 4360 2015 4412 Lamoniani
2058 4368 2113 4414 et

2213 4380 2334 4430 pag.
2375 4368 2484 4427 122,
2514 4370 2572 4418 et
2604 4367 2697 4417 lib.
2728 4381 2785 4419 III
2827 4370 3272 4432 Testimoniorum,
3303 4385 3424 4434 cap.
3455 4370 3530 4424 l2,
3565 4368 3801 4428 scriptum

485 4437 629 4487 alius
653 4449 767 4485 cum
799 4432 998 4483 veteris
1032 4432 1087 4481 in
1117 4429 1358 4480 editione
1386 4428 1707 4502 Anglicanai
1727 4431 1933 4482 laudati
1963 4438 2109 4484 certa
2134 4479 2186 4502 η
2212 4428 2309 4485 θεοί
2328 4435 2512 4501 papuli
2550 4439 2643 4486 tui.
2677 4437 2771 4489 Sic
2808 4440 2974 4488 etiam
3008 4438 3208 4502 legitur
3245 4428 3302 4488 in
3342 4428 3577 4490 editione
3609 4435 3802 4497 vulgata

485 4514 585 4568 est,
619 4507 885 4556 diaconus
924 4503 1016 4554 ille
1056 4502 1360 4552 vocabatur
1395 4479 1640 4551 Cassius.
1679 4501 1930 4554 Concilio
1970 4503 2110 4554 Car—
2134 4479 2189 4550 D
2214 4479 2358 4556 Novi
2396 4479 2770 4569 gl‘estamenwti:
2805 4479 3803 4571 553.1%}'XciSrJEf'ViIie'Sim

484 4579 799 4641 thaginensi
826 4574 932 4625 sub
971 4572 1248 4637 Cypriano
1282 4573 1532 4623 interfuit
1560 4571 1787 4623 Cassius
1816 4574 2113 4638 episcopus

487 4646 959 4700 Macomadiensis.

544 4724 639 4784 (75)
680 4717 1003 4782 Superbisso.
1051 4715 1209 4765 Hanc
1256 4715 1555 4765 lectionem
1597 4715 1789 4765 iuveni
1836 4716 1893 4764 in
1937 4714 2113 4765 tribus

482 4797 697 4843 tantum
734 4791 888 4840 libris
929 4786 1222 4837 veteribus.
1256 4785 1510 4836 Habetur
1541 4789 1727 4835 tamen
1767 4786 1823 4834 in
1867 4787 2113 4849 antiquis

479 4863 837 4916 editiouibus.
871 4859 1154 4910 Manutius
1195 4858 1381 4921 posuit
1408 4856 1622 4919 superbi
1656 4869 1778 4906 esse.
1818 4856 1913 4908 Sic
1945 4858 2111 4907 etiam

480 4941 693 5000 septem
744 4934 871 4983 libri
922 4930 1093 4980 nostri
1148 4931 1361 5000 veteres
1422 4932 1477 4977 et
1531 4930 1745 4990 septem
1798 4929 2107 4992 Anglicani.

480 5007 763 5059 Morellius
788 5003 1007 5067 scripsit
1040 4999 1320 5063 superbire.

544 5081 640 5140 (76)
682 5075 1023 5127 waaretur.
1067 5072 1149 5121 Ita
1188 5070 1483 5120 duodecim
1522 5069 1645 5120 libri
1689 5072 1861 5122 nostri
1897 5075 2111 5122 veteres

479 5156 533 5201 et
572 5153 783 5212 septem
824 5143 1134 5207 Anglicani.
1172 5142 1399 5192 Veteres
1440 5141 1710 5192 editiones
1746 5147 1878 5193 ante
1915 5142 2109 5193 Pame-

478 5222 683 5271 lianam
721 5216 930 5266 habent
966 5212 1339 5277 probarentur.
1369 5212 1491 5275 Ipse
1526 5212 1843 5262 emendavit
1873 5227 1942 5265 ex
1972 5228 2109 5277 qua-

475 5297 604 5343 tuor
632 5288 921 5341 codicibus
960 5286 1351 5347 manuscriptis
1386 5289 1441 5335 et
1467 5285 1640 5335 veteri
1676 5298 1882 5335 excuso
1918 5299 2015 5349 pro
2044 5298 2109 5335 eo

478 5362 628 5426 quod
666 5358 994 5411 Remboltus
1041 5356 1290 5407 ediderat
1330 5355 1705 5418 probarent-ur.
1747 5357 1808 5405 In
1853 5369 1964 5420 quo
2008 5357 2109 5406 fal-

476 5447 574 5482 sus
615 5436 698 5482 est
741 5430 1031 5479 Pamelius.
1078 5428 1215 5477 Nam
1262 5426 1431 5477 editio
1473 5440 1698 5491 quoque
1740 5426 2017 5490 Spirensis
2056 5432 2111 5478 et

477 5502 688 5551 Veneta
736 5504 899 5550 vetus
953 5499 1154 5549 habent
1200 5498 1455 5549 eamdem
1502 5498 1827 5557 lectionem;
1875 5512 2110 5562 eamque

475 5585 578 5621 nos
620 5573 788 5624 etiam
832 5571 1147 5621 invenimus
1192 5570 1247 5619 in
1292 5572 1417 5619 octo
1455 5568 1864 5632 exemplaribus
1905 5583 2110 5619 manu-

476 5642 715 5704 scriptis.

537 5714 640 5773 (77)
683 5712 867 5776 Populi
904 5714 997 5762 tui.
1040 5712 1261 5775 Septem
1293 5711 1418 5761 libri
1453 5714 1665 5761 veteres
1704 5710 1915 5761 habent
1949 5709 2112 5773 plebis

472 5789 587 5834 tum.
635 5789 705 5836 At
754 5786 810 5836 in
854 5783 1080 5850 epistola
1126 5783 1207 5844 55,
1258 5796 1377 5846 pag.
1420 5781 1499 5843 80,
1547 5785 1600 5832 et
1647 5782 1704 5833 in
1748 5781 1981 5847 epistola
2030 5781 2111 5841 69,

2212 4589 2333 4639 pag.
2365 4578 2475 4626 454.

2273 4649 2371 4708 (78)
2402 4648 2654 4699 Dominus
2682 4649 2856 4699 etiam.
2887 4651 3052 4701 Hunc
3078 4651 3266 4702 locum
3300 4650 3460 4702 valde
3485 4649 3801 4699 decurtatum

2210 4720 2263 4767 et
2288 4719 2547 4768 mutilum
2572 4721 2739 4770 refert
2764 4720 2793 4770 J
2803 4733 2873 4771 uo
2907 4725 3058 4784 parte
3088 4736 3143 4781 v,
3170 4735 3288 4785 cap.
3319 4723 3429 4782 355,
3460 4725 3510 4771 et
3538 4718 3801 4785 Gratianus

2211 4789 2337 4839 dist.
2380 4790 2459 4839 93.
2500 4790 2849 4841 Correctores
2891 4791 3127 4842 Romani
3169 4784 3564 4856 suppleverunt
3600 4801 3663 4839 ex
3701 4784 3801 4851 epi-

2211 4859 2350 4910 stola
2379 4860 2658 4924 Cypriani.

2271 4933 2368 4992 (79)
2412 4932 2517 4982 Sub
2564 4935 2670 4983 ictu
2715 4935 2997 4997 passionis.
3047 4935 3442 4995 Tertullianus,
3484 4935 3538 4983 in
3584 4930 3711 4980 libro
3745 4925 3800 4974 de

2213 5000 2483 5061 Oratione,
2517 5002 2657 5053 dixit
2693 5004 2789 5053 sub
2828 5006 3083 5054 instantia
3122 5006 3403 5068 passionis,
3437 5007 3496 5053 ut
3530 5005 3665 5052 recte
3697 5008 3797 5045 m0-

2210 5073 2333 5122 nuit
2362 5073 2651 5137 Rigaltius,
2686 5076 2783 5138 qui
2812 5076 2978 5125 refert
3004 5076 3189 5126 locum
3218 5076 3454 5126 similem
3484 5088 3550 5124 ex
3574 5077 3797 5121 sermone

2210 5154 2306 5193 νω
2342 5145 2521 5195 sancti
2561 5146 2763 5196 Leonis
2800 5146 2863 5196 de
2903 5147 3149 5197 Passions
3182 5147 3409 5197 Domini.
3449 5148 3519 5195 At
3555 5138 3796 5191 Pamelius

2210 5215 2382 5267 edidit
2419 5217 2716 5268 substantia
2749 5217 3033 5280 passionis.
3077 5217 3201 5279 Quo
3248 5221 3411 5269 etiam
3453 5214 3606 5266 modo
3640 5208 3795 5269 scrip-

2210 5291 2329 5336 tum
2354 5293 2439 5337 est
2467 5289 2523 5338 iu
2552 5288 2692 5338 libro
2722 5287 3001 5351 Agobardi
3033 5287 3388 5339 bibliothecas
3416 5287 3591 5349 regias.

2269 5358 2365 5421 (80)
2410 5358 2708 5422 Exprobra.
2756 5345 2849 5409 Sic
2891 5360 3058 5409 etiam
3110 5360 3166 5409 in
3216 5359 3444 5423 epistola
3477 5345 3562 5413 39,
3596 5351 3661 5403 ad
3683 5345 3796 5423 _Flo-

2209 5430 2456 5488 rentium,
2490 5420 2613 5492 pag.
2649 5429 2757 5479 122.
2786 5430 2949 5493 Apud
2993 5420 3414 5494 Hieronymum,
3444 5427 3535 5478 lib.
3565 5420 3795 5494 uadocr-

2208 5511 2298 5548 sus
2338 5498 2668 5561 Pelagianos,
2697 5492 2899 5562 legitur
2926 5514 2956 5548 α
2989 5513 3158 5564 argue
3200 5492 3270 5550 de
3308 5498 3423 5550 zelo
3459 5506 3553 5547 seu
3593 5492 3656 5542 de
3688 5497 3795 5551 patr

2210 5572 2352 5617 οδίο.
2383 5587 2411 5613 ››

2274 5640 2376 5699 (81)
2407 5639 2528 5699 Quas
2554 5639 2751 5690 omnia.
2784 5640 2927 5691 Vide
2953 5644 3111 5692 notas
3140 5645 3355 5692 nostras
3383 5638 3448 5690 ad
3477 5628 3792 5700 Agobardum

2211 5711 2748 5845 patgélmgiaconi...”
2795 5784 3033 5848 Apostoli
3075 5785 3465 5837 constituerunt.
3508 5776 3635 5829 Vide
3678 5771 3791 5821 Ter—
