3978 6194
174 180 255 234 409

1518 175 1838 231 EPISTOLA
1876 177 2059 233 LXVI.

3370 186 3475 243 410

173 304 304 357 ﬁunt.
348 300 407 355 Et
452 298 578 353 ideo
628 300 853 369 Oportet
897 298 1198 354 diaconum
1228 300 1250 332 ⁸
1287 299 1354 353 de
1397 314 1509 370 quo
1553 299 1749 354 scribis
1772 310 1830 384 Α
1921 306 2221 356 curatorem
2260 320 2416 358 suum
2459 308 2782 361 nominasset
2821 308 3123 363 Geminium
3160 310 3475 366 Faustinum

172 409 313 465 agere
338 392 581 446 audacia:
609 407 721 445 suae
750 391 1166 462 pmnitentiam,
1199 396 1254 446 et
1272 392 1551 447 honorem
1574 408 1751 447 sacer-

169 487 291 543 dotis
339 485 440 554 (83)
494 499 808 555 agnoscere
861 490 916 539 et
972 484 1234 555 episcopo
1286 485 1595 556 praeposito
1647 502 1748 540 suo

166 582 309 651 plena
337 578 645 632 humilitate
682 577 1022 632 satisfacere.
1054 579 1183 633 Haec
1228 584 1358 633 sunt
1397 579 1551 633 enim
1596 578 1751 633 initia

168 671 526 728 haereticorum
541 674 598 725 et
624 673 783 725 ortus
805 674 978 742 atque
999 675 1233 727 conatus
1259 671 1748 728 schismaticorum

165 766 290 820 male
314 765 698 835 cogitantium,
731 767 791 818 ut
833 764 938 819 sibi
978 765 1257 836 placeant,
1287 769 1349 820 ut
1383 766 1749 838 prmpositum

165 857 380 931 superbo
413 862 637 913 tumore
662 861 1051 914 contemnant.
1080 859 1167 915 Sic
1203 859 1272 914 de
1313 860 1553 915 Ecclesia
1589 876 1747 915 rece-

163 955 308 1020 ditur,
344 952 419 1006 sic
441 952 620 1007 altare
648 953 952 1023 profanum
984 952 1122 1008 foris
1148 953 1469 1022 collocatur,
1508 953 1583 1008 sic
1611 970 1746 1007 con-

161 1054 229 1102 trs
251 1062 438 1117 pacem
465 1045 674 1100 Christi
714 1051 771 1100 et
801 1046 1219 1103 ordinationem
1264 1052 1432 1119 atque
1473 1047 1749 1102 unitatem

160 1141 235 1194 Dei
259 1139 573 1194 rebellatur.
602 1139 762 1203 Quod
793 1140 839 1193 si
869 1140 1016 1195 ultra
1056 1144 1111 1195 te
1153 1140 1516 1196 contumeliis
1554 1140 1742 1213 397

159 1233 252 1287 suis
296 1232 704 1288 exacerbaverit
747 1236 804 1287 et
850 1235 1261 1304 provocaverit,
1310 1234 1563 1306 iungeris
1601 1234 1750 1288 circa

159 1344 267 1382 eum
309 1328 411 1395 (84)
453 1329 728 1396 potestate
773 1327 1010 1382 honoris
1039 1328 1143 1396 tui,
1174 1332 1237 1381 ut
1265 1344 1393 1382 eum
1442 1328 1528 1382 vel
1574 1327 1745 1399 depo-

158 1436 241 1473 nas
286 1419 368 1473 vel
421 1418 729 1474 abstineas.
782 1421 941 1487 Nam,
989 1420 1033 1474 si
1087 1421 1374 1491 apostolus
1426 1421 1629 1476 Paulus
1676 1420 1748 1474 ad

156 1513 484 1568 Timotheum
516 1512 770 1567 scribens
811 1513 954 1568 dixit
982 1530 995 1568 :
1040 1515 1380 1569 Juventutcm
1414 1519 1563 1569 tuum
1598 1529 1749 1568 nemo

153 1607 382 1676 despiciat
414 1608 432 1640 ⁷
464 1609 510 1676 (Ι
539 1610 698 1669 Tim.,
728 1624 802 1675 iv,
836 1608 940 1677 t2),
972 1612 1186 1677 quanto
1215 1607 1398 1678 magis
1430 1607 1534 1662 tibi
1571 1624 1601 1660 a
1631 1608 1744 1661 col-

1916 392 2309 460 presbyterum,
2350 393 2594 462 prohibet
2634 411 2734 464 pro
2777 396 2872 449 illo
2919 397 3106 465 offerri
3137 402 3236 452 aut
3273 401 3480 469 sacriﬁ-

1920 482 2061 535 cium
2082 496 2183 550 pro
2208 483 2529 537 dormitione
2567 485 2720 539 illius
2757 486 3014 541 celebrari
3034 505 3051 552 ;
3081 488 3272 551 obiter,
3297 504 3474 543 exem-

1919 571 2011 639 plo
2061 573 2306 626 Leviticw
2350 572 2524 626 tribus
2556 614 2571 634 ,
2629 573 2900 629 deducens
2944 576 3159 632 clericos
3222 579 3475 634 molestiis

1919 660 2269 714 saecularibus
2295 663 2588 716 immiscere
2613 676 2668 715 se
2686 677 2792 716 non
2818 663 3025 718 debere.

1919 843 1957 896 Ι.
2002 841 2315 912 Cyprianus
2365 840 2712 913 presbyteris
2756 845 2813 895 et
2849 841 3177 897 diaconibus
3220 847 3277 898 et
3316 845 3472 915 plebi

1849 935 2052 990 Furnis
2091 934 2202 1005 (85)
2243 934 2678 990 consistentibus
2716 934 2981 990 salutem.
3027 936 3281 991 Graviter
3315 953 3470 992 com-

1849 1027 1988 1083 moti
2020 1044 2216 1082 sumus
2261 1025 2454 1100 398
2495 1042 2603 1097 ego
2635 1033 2692 1082 et
2737 1028 2971 1098 collegae
3017 1029 3134 1082 mei
3182 1030 3280 1100 qui
3326 1046 3473 1100 prae.-

1849 1127 2035 1177 sentes
2075 1122 2340 1189 aderant,
2382 1125 2438 1174 et
2471 1120 2918 1191 compresbyteri
2957 1122 3132 1176 nostri
3175 1122 3275 1193 qui
3316 1123 3475 1178 nobis

1847 1214 2169 1269 assidebant
2208 1216 2251 1283 ⁸,
2294 1214 2499 1269 fratres
2529 1214 2883 1283 'cbarissimi,
2932 1231 3062 1269 cum
3112 1216 3473 1286 cognovisse-

1849 1325 1979 1363 mus
2006 1309 2161 1379 quod
2185 1308 2476 1362 Geminius
2513 1307 2697 1362 Victor
2731 1309 2908 1362 frater
2937 1313 3130 1363 noster
3156 1309 3228 1363 de
3264 1311 3471 1364 saeculo

1850 1402 2125 1457 excedens
2169 1402 2493 1457 Geminium
2540 1402 2869 1457 Faustinum
2923 1402 3319 1472 presbyterum
3380 1405 3469 1458 tu-

1848 1502 2034 1552 torem
2081 1499 2420 1550 testamento
2461 1510 2563 1550 suo
2599 1494 2997 1562 nominaverit,
3027 1511 3156 1549 cum
3189 1496 3311 1566 jam
3355 1496 3472 1567 pri-

1852 1590 1986 1645 dem
2018 1590 2079 1643 in
2105 1589 2344 1644 concilio
2371 1590 2481 1659 (86)
2523 1589 2914 1659 episcoporum
2965 1591 3239 1643 statutum
3282 1590 3357 1644 sit
3399 1606 3472 1644 ne

150 1700 266 1769 legis
292 1700 397 1754 tuis
425 1699 735 1755 dicendum
762 1702 849 1754 est
873 1719 888 1754 :
920 1720 948 1750 ‹‹
979 1677 1342 1756 Senectutem
1370 1704 1530 1756 tuam
1572 1716 1736 1755 nemo

1848 1683 1976 1754 quis
2012 1683 2083 1738 de
2129 1682 2345 1738 clericis
2386 1686 2443 1736 et
2489 1682 2583 1736 Dei
2631 1682 2906 1736 ministris
2948 1685 3195 1737 tutorem
3241 1682 3329 1736 vel
3368 1698 3469 1738 cu-

150 1792 409 1863 despiciat.
437 1814 465 1841 »
513 1794 583 1847 Et
628 1793 897 1863 quoniam
942 1792 1213 1863 scripsisti
1257 1792 1563 1864 quemdam
1608 1809 1743 1847 cum

151 1886 320 1940 eodem
350 1886 595 1941 diacono
636 1890 735 1940 tuo
769 1903 827 1941 se
872 1886 1164 1941 miscuisse
1209 1891 1265 1942 et
1305 1886 1585 1958 superbire
1623 1887 1745 1956 ejus

146 1983 283 2047 atque
329 1980 581 2034 audacia:
629 1981 964 2051 participem
1013 1997 1155 2048 esse,
1199 1981 1351 2035 hunc
1397 1996 1643 2052 quoque,
1684 1986 1741 2034 et

145 2077 176 2128 si
213 2074 297 2145 qui
346 2074 441 2127 alii
488 2074 629 2127 tales
673 2074 999 2128 exstiterint
1046 2080 1100 2128 et
1149 2076 1341 2128 contra
1391 2074 1743 2128 sacerdotem

146 2165 224 2218 Dei
259 2163 511 2229 fecerint,
556 2163 643 2218 vel
695 2178 954 2219 coercere
1005 2163 1219 2234 poteris
1274 2164 1359 2218 vel
1406 2163 1739 2219 abstinere:

145 2258 226 2311 nisi
254 2257 402 2328 quod
428 2257 732 2311 hortamur
761 2261 817 2311 et
855 2273 1158 2312 monemus
1187 2262 1248 2311 ut
1270 2273 1525 2328 peccasse
1552 2274 1608 2311 se
1640 2274 1741 2328 po-

145 2350 231 2403 tius
275 2349 600 2421 intelligant
645 2353 703 2404 et
750 2350 1112 2420 satisfaciant,
1144 2353 1201 2405 et
1244 2367 1345 2406 nos
1386 2351 1741 2422 propositum

145 2449 369 2497 nostrum
406 2450 609 2497 tenere
648 2444 967 2514 patiantur.
997 2443 1171 2514 Magis
1202 2444 1358 2498 enim
1384 2450 1645 2515 optamus
1687 2447 1744 2499 et

145 2531 370 2601 cupimus
421 2531 799 2586 contumelias
841 2535 898 2586 et
943 2532 1180 2602 injurias
1225 2532 1577 2602 singulorum
1624 2533 1739 2587 cle-

144 2626 288 2679 menti
326 2625 605 2697 patientia
646 2624 897 2691 vincere,
931 2641 1103 2696 quam
1144 2626 1474 2680 sacerdotali
1512 2626 1743 2680 licentia

143 2719 414 2774 vindicare.
446 2718 597 2789 Opto
624 2724 702 2785 te,
735 2720 905 2773 frater
940 2719 1297 2787 charissime,
1327 2734 1551 2789 semper
1592 2720 1739 2773 bene

142 2811 315 2866 valere.

658 2881 980 2937 EPISTOLA
1020 2882 1193 2937 LXVI.

142 2982 348 3044 (Erasm.,
380 2996 413 3044 I,
436 2984 504 3047 9;
536 2984 753 3044 Pamel.,
782 2983 987 3048 Rigalt.,
1017 2985 1206 3046 Baluz.,
1229 2995 1380 3048 var;
1414 2984 1739 3047 Paris.,va;

702 3056 889 3116 Oxon,
915 3055 1070 3118 Lips.,
1091 3066 1110 3105 Ι
1134 3057 1150 3118 )

1762 3039 1816 3112 C

138 3178 189 3214 AD
218 3178 409 3217 CLERUM
453 3180 517 3218 ΕΤ
572 3178 777 3217 Ριεδεκ
819 3178 1008 3218 FURNIS
1056 3177 1474 3233 CONSISTENTEM,
1518 3180 1583 3218 DE
1620 3180 1731 3217 VIC-

192 3267 310 3306 TORE
346 3268 439 3314 QUI
492 3268 797 3307 FAUSTINUM
849 3267 1225 3307 PRESBYTERUM
1274 3270 1523 3308 TUTOREM
1573 3269 1735 3309 ΝΟΜΙο

185 3355 348 3394 ιωίτ.

139 3462 494 3516 Διωυιιεκτωι.
547 3492 615 3501 —-
663 3463 813 3523 Cum,
869 3467 1059 3515 contra
1111 3462 1327 3515 concilii
1374 3464 1740 3532 episcoporum

191 3554 454 3617 statutum,
489 3551 769 3606 Geminius
799 3552 983 3606 Victor
1026 3555 1335 3605 testamento
1375 3557 1604 3606 tutorem
1630 3555 1739 3607 sive

1846 1782 2096 1832 ratorem
2124 1778 2145 1811 9
2188 1779 2527 1830 testamento
2572 1791 2672 1829 suo
2715 1776 3045 1844 constituat,
3084 1775 3316 1846 quando
3362 1776 3473 1829 sin-

1846 1870 1963 1942 guli
2007 1871 2198 1925 divino
2241 1869 2553 1923 sacerdotio
2595 1869 2859 1924 honorati
2906 1874 2964 1923 et
3006 1869 3065 1922 in
3111 1868 3315 1923 clerico
3359 1869 3470 1923 mi-

1845 1964 2081 2018 nisterio
2133 1964 2243 2033 (87)
2300 1962 2588 2018 constituti
2641 1979 2753 2018 non
2811 1962 2919 2017 nisi
2966 1962 3127 2017 altari
3179 1966 3236 2017 et
3292 1962 3465 2016 sacri-

1845 2058 1987 2112 ﬁciis
2050 2057 2331 2111 deservire
2410 2060 2466 2110 et
2540 2056 2798 2125 precibus
2871 2059 3041 2127 atque
3117 2054 3471 2109 orationibus

1843 2167 2044 2206 vacare
2100 2151 2368 2205 debeant.
2415 2150 2697 2220 Scriptum
2753 2155 2840 2203 est
2889 2150 3043 2204 enim
3096 2173 3105 2202 :
3162 2152 3325 2207 Nemo
3371 2151 3471 2203 mi-

1846 2247 2014 2300 litans
2067 2248 2171 2299 Deo
2220 2245 2427 2313 obligat
2474 2244 2519 2277 ¹⁰
2575 2259 2631 2299 se
2678 2244 2933 2298 molestiis
2986 2245 3028 2277 ¹¹
3084 2242 3467 2306 saecularibus,

1844 2343 1905 2393 ut
1936 2342 2110 2408 possit
2150 2340 2364 2409 placere
2408 2340 2459 2392 ei
2500 2340 2589 2392 cui
2622 2353 2674 2392 se
2712 2337 2965 2406 probavit
3008 2338 3074 2405 (Il
3112 2339 3272 2398 Τέω..
3299 2352 3359 2403 ιι,
3391 2337 3467 2406 4).

1845 2432 2008 2495 Quod
2029 2449 2158 2486 cum
2181 2432 2251 2485 de
2278 2431 2544 2485 omnibus
2564 2431 2778 2485 dictum
2803 2430 2893 2497 sit,
2920 2436 3132 2500 quanto
3156 2429 3336 2501 magis
3358 2430 3466 2499 (88)

1844 2526 2118 2579 molestiis
2150 2530 2206 2579 et
2231 2525 2447 2596 laqueis
2473 2524 2839 2579 saecularibus
2865 2522 3102 2594 obligari
3122 2539 3235 2576 non
3256 2522 3470 2577 debent

1841 2620 1940 2690 qui
1994 2618 2196 2673 divinis
2248 2618 2413 2672 rebus
2467 2621 2523 2673 et
2578 2616 2925 2688 spiritalibus
2979 2618 3022 2651 ¹²
3072 2615 3351 2686 occupati,
3393 2616 3463 2669 ab

1842 2712 2072 2767 ecclesia
2101 2712 2366 2767 recedere
2395 2718 2451 2765 et
2475 2711 2547 2766 ad
2575 2714 2832 2767 terrenos
2877 2715 2934 2764 et
2973 2709 3275 2765 saeculares
3309 2713 3465 2762 actus

1841 2822 2042 2860 vacare
2087 2821 2203 2860 non
2247 2806 2525 2875 possunt?
2571 2804 2742 2874 Cujus
2794 2803 3166 2858 ordinationis
3220 2807 3275 2856 et
3332 2802 3464 2855 reli-

1844 2899 2029 2970 gionis
2055 2900 2295 2953 formam
2324 2898 2505 2953 levitas
2554 2898 2710 2968 prius
2747 2897 2803 2951 in
2853 2898 2978 2968 lege
3022 2899 3349 2962 tenuerunt,
3381 2900 3462 2961 ut,

1841 3008 1970 3047 cum
2004 2997 2218 3047 terram
2251 2994 2293 3025 ¹³
2322 2991 2646 3046 dividerent
2672 2997 2729 3045 et
2768 2990 3141 3061 possessiones
3178 2989 3462 3061 partiren-

1841 3089 1933 3140 tur
1976 3086 2241 3141 undecim
2292 3085 2491 3153 tribus,
2539 3084 2784 3139 Levitica
2829 3084 3028 3150 tribus,
3074 3100 3200 3153 qua:
3250 3081 3462 3152 templo

1837 3183 1894 3233 et
1950 3179 2113 3232 altari
2168 3185 2223 3231 et
2266 3177 2597 3233 ministeriis
2649 3177 2853 3231 divinis
2898 3177 3155 3244 vacabat,
3208 3174 3347 3229 nihil
3393 3175 3462 3228 de

1837 3272 1932 3327 illa
1987 3271 2278 3326 divisionis
2335 3272 2595 3343 portione
2649 3271 2987 3342 perciperet,
3031 3270 3151 3339 sed,
3192 3268 3312 3322 aliis
3359 3273 3466 3323 ter-

1839 3383 1963 3421 ram
2021 3366 2358 3432 colentibus,
2405 3365 2502 3419 illa
2545 3368 2767 3419 tantum
2815 3366 2995 3419 Deum
3034 3364 3247 3418 coleret
3289 3367 3346 3416 et
3392 3362 3466 3415 ad

1838 3460 2050 3514 victum
2077 3466 2247 3530 atque
2274 3459 2610 3514 alimentum
2631 3474 2797 3513 suum
2822 3458 2893 3512 ab
2912 3457 3176 3512 undecim
3203 3455 3461 3510 tribubus

1839 3553 1909 3607 de
1934 3552 2214 3607 fructibus
2240 3553 2337 3623 qui
2369 3551 2751 3608 nascebantur
2777 3552 3025 3606 decimas
3052 3550 3374 3621 perciperet
3392 3551 3456 3602 η.

1468 3650 1675 3713 Variae
1732 3652 1736 3711 ξ

185 3738 202 3769 ⁸
239 3741 453 3805 Oportet
512 3739 768 3791 Cassium
816 3740 1111 3791 diaconum
1161 3742 1272 3791 Lin.
1336 3742 1358 3774 7
1404 3742 1736 3793 Contemnat

2143 3745 2188 3804 Ι,
2235 3742 2382 3792 Ebor.
2449 3742 2471 3777 ⁸
2514 3742 2863 3793 Assistebant
2913 3742 3049 3791 Foss.
3094 3740 3237 3804 Spir.
3288 3739 3459 3790 Remo.

458 3813 587 3861 Thu.
644 3811 792 3860 Corb.

140 3809 401 3862 Nobiscum
458 3813 587 3861 Thu.
644 3811 792 3860 Corb.
881 3811 903 3845 ³
950 3812 1253 3863 Custodem
1304 3814 1442 3862 Lam.
1504 3814 1649 3862 Ebor.

140 3878 222 3926 ΝΟ.
269 3882 308 3940 l,
344 3882 388 3930 2.

142 3951 170 3979 τ⁴
195 3951 457 4017 Reciperet
485 3954 648 4002 Oxon.

490 3815 587 3860 "hu.
644 3815 792 3860 Corb.
881 3815 903 3845 '
950 3815 1253 3863 Custodem
1304 3815 1442 3862 Lam.
1504 3815 1649 3862 Ebor.
1704 3815 1821 3863 Ben.
1916 3817 1954 3845 τ’
2006 3815 2257 3878 Implicat
2317 3815 2454 3861 Foss.
2556 3815 2591 3843 “

490 3884 531 3913 ⁴²
578 3882 747 3931 Bonis
791 3880 958 3932 rebus
1002 3881 1122 3930 Bod.
1170 3881 1217 3930 2.
1270 3881 1418 3931 Ebor.
1466 3884 1572 3933 ΝΟ.
1617 3884 1662 3932 2.
1708 3886 1847 3934 Lam.
1892 3884 2001 3947 Qui
2048 3885 2432 3948 spiritualibus
2470 3885 2627 3945 Impr.

2556 3814 2591 3843 "
2654 3812 2900 3876 Negotiis
2944 3813 3083 3860 Lam.
3131 3809 3280 3859 Ebor.
3341 3811 3452 3858 Lin.

2556 3898 2627 3932 or.
2723 3888 2760 3915 ’³
2804 3882 3035 3932 Etcum
3082 3884 3279 3932 tetram
3329 3880 3452 3930 Tim.

2907 3895 3035 3933 cum
3082 3895 3279 3932 tetram
3329 3895 3351 3930 1
3360 3895 3393 3929 ἠ
3402 3896 3431 3929 tl
3443 3918 3453 3929 .

1916 3817 1954 3845 τ’
2006 3814 2257 3878 Implicat
2317 3814 2454 3861 Foss.

1402 4014 1625 4096 Steph.
1677 4015 1920 4102 Baluzii
1964 4022 2165 4079 notas.

137 4114 389 4168 tullianum
446 4121 506 4169 in
570 4118 711 4168 libro
767 4118 831 4167 de
883 4118 1269 4168 Exhortatione
1332 4119 1611 4168 Castitatis.
1672 4146 1732 4157 —

138 4189 393 4237 Ascensum.
434 4190 516 4238 Ita
556 4188 839 4239 sexdecim
883 4189 1009 4239 libri
1048 4193 1278 4240 veteres.
1312 4190 1600 4242 Editiones
1638 4205 1731 4241 an-

138 4256 273 4318 tiquas
296 4263 346 4309 et
372 4263 540 4310 etiam
579 4261 894 4311 Morelliana
923 4260 1131 4311 habent
1157 4273 1446 4318 ascensum,
1471 4274 1537 4312 eo
1567 4263 1731 4312 modo

139 4339 224 4389 quo
261 4329 632 4381 Tertullianus
672 4335 725 4382 et
767 4331 1080 4395 Cyprianus
1122 4332 1364 4383 scribere
1406 4333 1586 4383 solent
1633 4333 1731 4384 de-

140 4396 312 4466 tensam
346 4414 441 4464 pro
482 4402 810 4451 defensione
839 4407 893 4452 et
928 4403 1212 4452 remissam
1254 4417 1351 4466 pro
1386 4405 1728 4455 remissione.

140 4464 305 4518 Verum
357 4484 561 4522 vocem
616 4484 885 4522 ascensum
942 4473 1064 4523 istic
1120 4464 1460 4537 non—reperi
1509 4474 1615 4523 nisi
1672 4476 1730 4524 in

140 4544 338 4599 quatuor
384 4544 629 4607 antiquis
683 4543 986 4594 codicibus.
1040 4544 1193 4595 Unus
1243 4544 1410 4595 habet
1462 4546 1731 4597 ascensio-

141 4618 243 4657 ηεπι.

186 4682 271 4741 (83)
298 4685 356 4732 Et
393 4684 650 4735 honorem
683 4684 987 4735 sacerdotis.
1022 4684 1213 4736 Codex
1248 4686 1560 4747 Beccensis,
1597 4703 1626 4735 α
1664 4688 1733 4737 Et

141 4752 184 4819 ut
212 4751 458 4805 honorem
496 4755 801 4807 sacerdotis
833 4761 1114 4819 agnoscat.
1144 4775 1171 4802 »
1202 4755 1579 4816 Carnotensis,
1605 4774 1633 4806 «
1661 4758 1732 4808 Ut

142 4816 361 4873 honorem
417 4827 721 4877 sacerdotis
778 4816 1058 4890 agnoscat.
1123 4846 1151 4873 »
1214 4827 1476 4877 Metensis
1538 4827 1729 4879 Sancti

143 4891 389 4957 Arnulphi,
421 4914 450 4940 «
474 4897 543 4946 Et
571 4897 840 4946 honorem
871 4897 1175 4947 sacerdotis
1205 4902 1484 4961 agnoscat.
1513 4915 1542 4943 »

190 4962 266 5023 (ει)
302 4967 449 5016 Circa
493 4981 629 5017 eum.
674 4967 945 5030 Quamvis
989 4968 1112 5018 haec
1154 4968 1320 5018 lectio
1370 4968 1497 5018 ferri
1541 4970 1728 5032 possit,

145 5032 327 5084 mallem
357 5041 542 5089 tamen
569 5050 689 5088 eam
716 5051 884 5102 quam
912 5039 1162 5103 quinque
1187 5040 1524 5103 exemplaria
1547 5044 1731 5089 vetera

144 5105 411 5171 perferunt,
442 5112 500 5159 in
543 5110 747 5172 quibus
790 5111 1057 5173 scriptum
1095 5114 1178 5160 est
1218 5117 1404 5160 contra
1440 5124 1574 5160 eum.
1615 5112 1731 5175 Ego

145 5174 258 5249 enim
311 5192 453 5243 saepe
516 5179 631 5229 vidi
691 5182 958 5243 scriptum
1020 5182 1076 5230 in
1146 5180 1389 5245 antiquis
1446 5182 1731 5232 codicibus

145 5254 251 5293 orco
291 5263 381 5313 pro
427 5257 637 5309 contra,
679 5257 741 5302 ut
781 5266 812 5302 e
851 5252 1089 5302 diverso.
1143 5254 1288 5303 Nihil
1343 5258 1528 5303 tamen
1579 5255 1730 5303 volui

148 5322 333 5371 mutare.

190 5387 272 5459 (85)
334 5391 369 5440 Ι.
437 5395 648 5445 Furnis.
723 5395 1018 5446 Collationi
1092 5386 1513 5459 Carthaginensi
1590 5397 1732 5447 inter

148 5451 413 5531 Catholicos
459 5469 515 5516 et
558 5467 874 5515 Donatistae
921 5467 1101 5517 adfuit
1155 5451 1471 5518 Flordntius
1512 5469 1730 5531 episco-

149 5537 226 5584 Ραε
260 5530 581 5586 Furnitanus
628 5537 929 5598 Donatista,
975 5538 1215 5589 concilio
1261 5551 1392 5589 vero
1438 5530 1730 5602 Carthagi-

150 5602 270 5674 θεηεᾷ
333 5607 435 5655 sub
500 5608 783 5658 Bonifacio
851 5609 1112 5672 episcopo
1174 5609 1362 5660 Simon
1436 5611 1730 5674 episcopus

153 5666 289 5745 plebis
325 5675 650 5728 Furnitanaa.
693 5679 774 5729 Eo
820 5666 951 5729 vero
990 5666 1238 5743 tempore
1281 5695 1392 5745 quo
1434 5666 1556 5731 hinc
1600 5666 1730 5731 scri-

154 5735 281 5792 habet
296 5745 594 5813 Cyprianus
618 5750 1043 5801 Furnitanorum
1077 5735 1375 5818 episcopus
1402 5757 1519 5803 erat
1545 5753 1728 5803 Gemi-

1831 4122 1979 4181 nius,
2014 4125 2077 4170 ut
2115 4120 2315 4171 docent
2358 4123 2479 4170 acta
2516 4121 2738 4171 concilii
2786 4120 3237 4185 Carthaginensis
3281 4118 3459 4168 habiti

1831 4192 1936 4242 sub
1981 4191 2276 4257 Cypriano,
2327 4192 2476 4242 idem
2524 4193 2755 4243 fortasse
2801 4191 2895 4256 qui
2938 4192 3227 4243 Geminius
3272 4190 3459 4239 Victor

1831 4264 1956 4314 istic
2007 4266 2342 4324 nominatur,
2394 4266 2454 4313 ut
2511 4265 2748 4327 conjecit
2803 4264 3097 4325 Pamelius,
3151 4275 3318 4326 quem
3374 4274 3461 4310 re-

1832 4336 1969 4385 fellit
2007 4336 2336 4385 Pearsonius
2364 4335 2419 4384 in
2453 4334 2748 4385 annalibus
2776 4334 3125 4398 Cyprianicis
3155 4334 3223 4383 ad
3250 4346 3460 4383 annum

1894 4478 1988 4537 (86)
2037 4478 2098 4526 In
2148 4469 2385 4527 concilio.
2442 4477 2620 4537 Nulla,
2673 4477 2822 4541 quod
2877 4477 3067 4537 sciam,
3120 4476 3281 4525 istius
3333 4487 3462 4523 con-

1831 4548 1944 4599 cilii
1994 4550 2203 4598 mentio
2255 4549 2491 4598 habetur
2542 4548 2671 4597 alibi
2729 4561 2895 4611 quam
2946 4548 3000 4595 in
3053 4546 3160 4595 hac
3211 4544 3458 4608 epistola.

1831 4620 2101 4683 Rigaltius
2130 4621 2343 4683 putavit
2373 4619 2495 4669 haec
2534 4618 2794 4682 Cypriani
2828 4617 2991 4666 verba
3027 4617 3351 4678 transcripta
3391 4614 3461 4663 ab

1831 4692 1926 4740 illo
1967 4704 2088 4742 esse
2137 4704 2206 4741 ex
2249 4691 2471 4741 decreto
2517 4689 2755 4739 concilii.
2804 4688 3001 4738 Nescio
3050 4690 3234 4737 autem
3282 4698 3350 4734 an
3395 4698 3460 4733 ea

1831 4763 2099 4813 sententia
2140 4763 2310 4826 possit
2351 4774 2472 4811 esse
2514 4772 2661 4809 vera.
2706 4758 2844 4808 Vide
2880 4758 3091 4808 Julium
3135 4756 3457 4821 Nigronium

1830 4833 1887 4882 in
1917 4837 2153 4884 tractatu
2188 4846 2307 4893 XIV,
2338 4832 2613 4892 Ascetico,
2642 4844 2760 4894 cap.
2797 4831 2843 4879 2.

1890 4905 1992 4965 (87)
2056 4904 2253 4953 Clerico
2320 4903 2629 4953 ministerio.
2688 4903 2850 4951 Hanc
2910 4901 3233 4959 lectionem,
3293 4910 3461 4960 quam

1831 4976 2092 5026 undecim
2132 4976 2259 5024 libri
2300 4979 2515 5024 veteres
2552 4972 2835 5033 exhibent,
2867 4972 3118 5036 prmt‘ero,
3161 4969 3288 5033 quia
3327 4970 3461 5032 puto

1831 5048 1980 5097 illam
2022 5047 2223 5097 melius
2260 5047 2558 5097 convenire
2594 5058 2722 5096 cum
2766 5044 2909 5107 stylo
2949 5041 3228 5105 Cypriani.
3266 5039 3337 5089 Et
3376 5043 3460 5089 ta-

1831 5131 1957 5167 men
1994 5118 2219 5168 dit'ﬁcile
2248 5122 2331 5168 est
2369 5119 2708 5168 constituere
2745 5128 2930 5165 veram
2962 5114 3255 5163 lectionem
3294 5111 3461 5175 hujus

1831 5190 1955 5240 loci.
1999 5190 2227 5240 Veteres
2270 5189 2419 5238 enim
2463 5188 2735 5239 editiones
2772 5190 2829 5237 et
2869 5188 3108 5249 quatuor
3144 5181 3271 5233 libri
3308 5187 3460 5233 vete-

1832 5275 1918 5311 res
1956 5262 2165 5312 habent
2206 5260 2445 5310 clericuli
2487 5258 2797 5316 ministerio,
2838 5257 3007 5307 editio
3051 5255 3367 5305 Manutianu
3411 5255 3464 5304 et

1832 5334 2091 5383 undecim
2123 5333 2247 5382 libri
2281 5335 2494 5382 veteres
2529 5330 2717 5380 clerico
2750 5328 3059 5387 ministerio,
3090 5341 3217 5377 cum
3257 5326 3464 5390 quibus

1830 5405 2111 5455 consentit
2140 5405 2300 5453 vetus
2336 5402 2715 5464 Remigiunus,
2747 5400 3003 5462 quamvis
3041 5398 3156 5447 illic
3191 5410 3286 5461 per
3317 5409 3462 5445 erro-

1831 5490 1944 5525 rem
1998 5475 2261 5538 scriptum
2317 5474 2385 5523 sit
2431 5474 2559 5522 cieri
2606 5471 3027 5523 comministerio.
3085 5467 3358 5538 Fuxensis
3410 5470 3464 5515 ct

1830 5537 2127 5597 Beccensis
2159 5545 2367 5596 habent
2397 5544 2523 5594 cleri
2553 5543 2861 5601 ministerio,
2894 5541 3217 5591 Pithosanus
3247 5537 3465 5587 clerico-

1830 5632 1949 5668 rum
1978 5617 2288 5668 ministerio.

1890 5692 1990 5753 (88)
2063 5688 2268 5749 Quanto
2342 5688 2512 5752 magis
2589 5684 2853 5736 molestiis.
2930 5681 3203 5745 Rigaltius
3279 5678 3476 5753 posuit.

1830 5749 2030 5828 quanto
2068 5761 2236 5824 magis
2279 5749 2454 5813 clerici
2492 5758 2761 5808 molestiis.
2803 5756 3010 5804 Verum
3060 5761 3248 5801 vocem
3288 5749 3483 5798 clerici
