3978 6194
0 89 6 306 ἰ

487 295 546 352 41
567 303 581 353 1
1399 301 1458 378 8.
1500 303 1810 358 CYPRlANl
1852 303 2111 358 OPERUM

2240 304 2334 358 .as
2372 305 2414 357 1.
2457 331 2524 343 -
2565 305 2922 360 EPISTOLAE.
3713 320 3801 395 iis

489 417 656 485 Quod
700 426 884 476 totum
933 421 1104 477 ﬁebat
1147 423 1215 478 de
1259 424 1597 478 auctoritate
1647 430 1702 479 et
1746 425 2113 497 dispositione
2137 425 2592 510 Avindicatum.
2638 428 2782 498 Opto
2826 443 2941 497 vos,
2985 428 3187 482 fratres
3233 428 3560 500 c'harissimi,
3605 453 3804 512 semper

490 517 702 582 divina,
739 520 798 570 ut
828 517 925 587 qui
951 517 1377 588 operationibus
1422 517 1630 572 divinis
1672 519 2027 586 insistebant,
2058 521 2114 574 in

491 609 644 663 nulla
675 626 731 662 re
761 617 1155 677 avocarentur,
1187 627 1290 666 nec
1321 613 1570 682 cogitare
1594 615 1693 666 aut
1730 629 1900 683 agere
1936 629 2112 668 saecu-

488 703 624 757 laria
652 708 1015 775 cogerentur.
1049 706 1185 768 Quae
1211 722 1364 760 nunc
1391 706 1532 760 ratio
1570 709 1628 760 et
1665 706 1850 760 forma
1876 707 1935 761 in
1967 708 2115 762 clero

491 799 738 864 tenetur,
804 801 865 852 ut
913 799 1012 869 qui
1058 799 1117 852 in
1173 800 1419 853 Ecclesia
1475 799 1698 854 Domini
1753 801 2114 856 ordinatione

489 890 694 945 clerica
720 894 826 962 (89)
867 899 1296 962 promoventur,
1340 893 1397 948 in
1443 895 1600 948 nullo
1640 895 1710 948 ab
1749 894 2112 949 administra-

489 984 643 1039 tione
699 985 890 1040 divina
937 993 1266 1055 evocentur,
1311 1003 1414 1042 nec
1459 988 1730 1043 molestiis
1776 992 1832 1052 et
1874 988 2115 1059 negotiis

491 1077 683 1151 399
712 1080 1079 1134 saecularibus
1107 1081 1432 1151 alligentur,
1455 1081 1552 1136 sed
1575 1081 1632 1135 in
1660 1081 1878 1136 honore
1898 1083 1942 1116 ¹⁵
1962 1099 2115 1152 spor-

488 1173 797 1228 tulantium
828 1173 1089 1241 fratrum,
1127 1181 1398 1246 tanquam
1434 1175 1683 1229 decimas
1726 1192 1794 1230 ex
1837 1175 2115 1231 fructibus

489 1266 851 1337 accipientes,
883 1267 953 1321 ab
982 1268 1142 1323 altari
1171 1272 1226 1322 et
1262 1268 1548 1323 sacriﬁciis
1568 1286 1680 1324 non
1710 1269 1996 1339 recedant,
2017 1271 2116 1325 sed

491 1359 580 1415 die
600 1376 664 1414 ac
684 1363 850 1415 nocte
865 1361 1189 1416 coelestibus
1202 1362 1368 1416 rebus
1381 1365 1437 1417 et
1450 1361 1833 1432 spiritualibus
1846 1364 2112 1418 serviant.

567 1456 633 1508 ll.
684 1454 844 1517 Quod
895 1454 1143 1526 episcopi
1197 1460 1576 1510 antecessores
1627 1457 1800 1511 nostri
1857 1457 2115 1528 religiose

489 1547 916 1602 considerantes
945 1553 1002 1602 et
1029 1548 1329 1603 salubriter
1355 1549 1741 1619 providentes,
1769 1555 2119 1605 censuerunt

488 1658 561 1696 ne
625 1641 754 1711 quis
815 1640 992 1695 frater
1043 1642 1320 1696 excedens
1376 1643 1442 1696 ad
1498 1643 1729 1698 tutelam
1784 1645 1872 1698 vel
1923 1661 2116 1699 curam

487 1734 756 1789 clericum
798 1736 1138 1800 nominaret,
1183 1753 1245 1790 ac
1294 1735 1338 1788 si
1390 1736 1514 1806 quis
1559 1737 1666 1790 hoc
1709 1737 1948 1804 fecisset,
1997 1755 2112 1792 non

489 1828 785 1883 offerretur
832 1845 933 1900 pro
972 1845 1038 1883 eo
1086 1831 1152 1897 ³6,
1203 1845 1305 1884 nec
1355 1830 1698 1884 sacriﬁcium
1743 1847 1848 1901 pro
1897 1831 2109 1886 dormi-
2139 1804 2192 1874 Β

489 1921 644 1975 tione
708 1923 815 1991 (90)
875 1922 996 1991 ejus
1050 1922 1449 1978 celebraretur.
1504 1923 1697 1994 Neque
1749 1926 1902 1978 enim
1961 1927 2112 1996 apud

489 2015 667 2070 altare
697 2015 793 2068 Dei
827 2020 1083 2070 meretur
1123 2017 1406 2070 nominari
1445 2018 1502 2071 in
1543 2017 1902 2084 sacerdotum
1944 2036 2112 2089 prece

489 2109 588 2178 qui
623 2108 691 2161 ab
719 2109 883 2162 altari
909 2109 1233 2164 sacerdotes
1263 2114 1319 2165 et
1346 2111 1630 2165 ministros
1659 2112 1764 2182 (9|)
1791 2112 1966 2166 voluit
1989 2129 2117 2168 avo-

489 2218 637 2256 care.
669 2204 735 2256 Et
762 2202 886 2257 ideo
927 2203 1134 2271 Victor,
1166 2220 1318 2272 cum,
1350 2209 1546 2258 contra
1575 2205 1824 2260 formam
1849 2222 2032 2276 nuper
2056 2207 2114 2261 in

489 2295 726 2350 concilio
765 2313 797 2350 a
838 2296 1225 2351 sacerdotibus
1273 2297 1486 2364 datam,
1537 2298 1859 2353 Geminium
1906 2299 2115 2354 Fausti-

487 2407 627 2444 num
674 2390 1073 2461 presbyterum
1118 2407 1287 2445 ausus
1333 2392 1405 2445 sit
1452 2396 1696 2446 tutorem
1749 2393 2111 2462 constituere,

486 2499 602 2538 non
647 2487 734 2538 est
783 2484 934 2554 quod
984 2501 1087 2554 pro
1133 2484 1475 2538 dormitione
1524 2485 1644 2555 ejus
1687 2487 1836 2555 apud
1882 2503 1975 2540 vos
2020 2488 2116 2542 ﬁat

487 2576 714 2644 oblatio,
746 2582 845 2632 aut
869 2577 1188 2647 deprecatio
1241 2578 1429 2648 aliqua
1472 2579 1710 2633 nomine
1757 2581 1880 2650 ejus
1925 2580 1982 2634 in
2021 2583 2116 2636 Ec-

487 2671 654 2725 clesia
703 2671 1142 2741 frequentetur,
1194 2675 1259 2724 ut
1313 2673 1667 2727 sacerdotum
1723 2675 1766 2707 ¹⁷
1822 2674 2115 2729 decretum

487 2764 750 2834 religiose
799 2767 855 2817 et
900 2766 1226 2818 necessarie
1282 2766 1494 2819 factum
1548 2771 1801 2820 servetur
1848 2784 1881 2820 a
1928 2768 2110 2834 nobis,

487 2857 657 2911 simul
690 2863 747 2912 et
775 2859 992 2912 caeteris
1026 2859 1291 2912 fratribus
1329 2859 1497 2913 detur
1527 2862 1851 2930 exemplum
1891 2877 1962 2915 ne
1989 2861 2115 2932 quis

485 2951 804 3006 sacerdotes
829 2956 881 3005 et
919 2951 1205 3006 ministros
1247 2953 1346 3006 Dei
1389 2952 1554 3007 altari
1584 2954 1704 3022 ejus
1751 2959 1806 3008 et
1857 2955 2115 3009 Ecclesiae

484 3050 749 3099 vacantes
774 3045 841 3098 ad
876 3046 1171 3099 saeculares
1217 3046 1504 3100 molestias
1541 3047 1793 3101 devocet.
1822 3047 2116 3101 Observari

486 3138 641 3192 enim
675 3138 744 3192 de
773 3148 978 3193 cmtero
1005 3140 1220 3209 poterit
1251 3155 1321 3192 ne
1358 3139 1503 3193 ultra
1529 3140 1634 3194 hoc
1664 3139 1764 3194 ﬁat
1801 3140 1946 3194 circa
1982 3158 2110 3211 pcr-

485 3248 682 3285 sonam
716 3230 1080 3299 clericorum,
1114 3232 1160 3285 si
1190 3232 1339 3303 quod
1384 3249 1534 3287 nunc
1577 3235 1791 3288 factum
1823 3239 1906 3288 est
1940 3235 2115 3288 fuerit

2135 3182 2188 3254 C

2217 517 2362 574 bene
2392 520 2580 574 valere
2612 522 2676 574 ιθ.

2747 683 3072 740 EPISTOLA
3111 684 3304 742 LXVII.

2219 811 2652 888 (Erasm.,_in,13
2676 829 2694 888 _;
2737 814 2952 875 Pamel.,
3016 815 3220 888 Rigalt,
3253 816 3440 878 Baluz.,
3470 825 3804 888 vau;Paris.,

2277 893 2400 961 Exvr
2419 901 2436 944 ,-
2465 883 2622 961 bipsu
2659 885 2850 961 Dirum,
2893 897 3082 949 vam;
3117 885 3406 950 Coustant.,
3443 889 3618 954 Epist,
3651 883 3804 961 Rom.,

2276 952 2445 1014 Pont.,
2477 958 2499 1002 ι
2529 971 2544 1017 ;
2571 971 2620 1020 p.
2649 958 2778 1018 211.)

2215 1100 2283 1139 ΔΙ)
2340 1100 2677 1155 STEPHANUM,
2719 1106 2765 1144 P.
2807 1106 2884 1154 LL,
2942 1106 3008 1143 DE
3048 1105 3318 1146 MARCIANO
3354 1108 3689 1167 ARELATENSI,
3727 1116 3808 1165 QUI

2701 1194 3005 1234 ΝονΑτιΑΝο
3044 1197 3352 1238 CONSENSIT.

2215 1303 2614 1358 Aacousurun.
2693 1334 2761 1344 —
2849 1306 2982 1362 Cum
3064 1310 3375 1364 Martianus
3414 1353 3428 1375 ,
3506 1313 3809 1371 Arelatensis

2287 1394 2601 1461 episcopus,
2683 1395 2986 1450 Νουαεὶαηί
3058 1402 3258 1452 sectam
3330 1405 3575 1463 secutus,
3634 1406 3810 1459 multos

2286 1481 2608 1549 seduxisset,
2639 1488 2689 1536 et
2729 1499 2787 1538 se
2825 1487 3187 1541 communione
3221 1493 3529 1544 caeterorum
3567 1495 3810 1561 episto-

2287 1585 2408 1623 rum
2468 1587 2567 1639 per
2615 1574 2842 1627 schisma
2885 1581 3207 1643 separasset,
3258 1582 3435 1631 monet
3482 1579 3806 1648 Stephanum,

2285 1673 2551 1714 summum
2614 1663 2960 1730 Pontiﬁcem,
3028 1669 3087 1716 ut
3147 1680 3249 1732 pro
3307 1680 3408 1719 sua
3469 1672 3772 1724 auctoritate
3795 1713 3807 1731 ,

2288 1748 2508 1802 absente
2555 1750 2671 1811 illo,
2720 1750 2892 1803 alium
2940 1753 2998 1804 in
3051 1752 3219 1805 locum
3263 1754 3377 1821 ejus
3429 1755 3724 1823 substituat,
3767 1764 3809 1811 et

2290 1843 2403 1892 tum
2457 1840 2625 1909 lapsis
2673 1845 2784 1893 tum
2839 1855 2938 1909 per
2987 1841 3142 1895 illum
3190 1842 3448 1909 seductis,
3495 1851 3614 1898 acta
3653 1849 3808 1915 pomi-

2290 1930 2478 1990 tentia,
2511 1943 2628 1999 pax
2670 1930 2848 1991 detur,
2878 1935 2927 1983 et
2973 1929 3046 1982 ad
3087 1931 3377 1986 Ecclesium
3419 1933 3618 1988 reditus
3659 1949 3814 1989 conce-

2287 2017 2475 2072 datur.

2659 2117 2818 2186 (Vide
2849 2120 2986 2172 tom.
3020 2120 3060 2187 l,
3091 2121 3202 2200 col.
3235 2123 3418 2188 1023.)

2850 2303 3171 2360 EPISTOLA
3240 2307 3466 2362 LXVIII.

2217 2422 2458 2482 (Erasm.,
2496 2435 2534 2483 ι,
2572 2427 2630 2484 4;
2678 2424 2889 2486 Pamel.,
2931 2425 3135 2488 Rigalt.,
3181 2427 3369 2482 Baluz.,
3403 2433 3617 2490 :vam;
3657 2428 3816 2488 Paris,

2278 2504 2416 2541 van
2435 2508 2450 2554 ;
2470 2494 2656 2627 Οιπίῖιι.³
2690 2494 2848 2557 Lips.,
2879 2507 3016 2544 van
3039 2510 3054 2556 ;
3079 2495 3289 2557 Routh.,
3325 2497 3479 2558 ΒΘΗ..
3511 2497 3644 2558 Scr.,
3674 2507 3742 2557 III,
3772 2511 3816 2559 p.

2278 2569 2335 2612 77
2367 2570 2418 2614 et
2442 2569 2548 2613 122.
2821 2571 2825 2575 ’

2216 2706 2613 2758 Aacvnssrru.
2642 2731 2710 2741 -—
2743 2703 2872 2757 Cum
2901 2705 3167 2759 Basilides
3188 2711 3236 2758 et
3262 2706 3558 2773 Martialis,
3586 2705 3814 2774 episcOpi.

2289 2792 2430 2860 lapsi
2487 2796 2654 2846 essent
2714 2796 2763 2846 et
2817 2793 3015 2847 libellis
3069 2794 3403 2848 idololatriae
3463 2794 3815 2856 contaminati,

2289 2880 2478 2933 laudat
2509 2880 2815 2948 Cyprianus
2841 2897 2961 2935 cum
2991 2884 3305 2952 coepiscopis
3330 2884 3535 2937 clerum
3560 2887 3608 2936 et
3633 2881 3816 2951 plebem

2287 2971 2694 3036 Hispaniarum,
2740 2971 2885 3037 quod
2931 2974 2989 3023 in
3033 2971 3202 3024 locum
3249 2987 3432 3025 eorum
3486 2971 3735 3026 Sabinum
3774 2973 3817 3021 et

2287 3057 2508 3111 Felicem
2555 3057 2792 3124 legitima
2827 3058 3076 3112 electione
3119 3059 3554 3124 substituissent;
3602 3073 3815 3129 praeser-

2291 3147 2384 3198 tim
2429 3161 2569 3211 cum,
2606 3147 2772 3212 juxta
2817 3147 3052 3203 Cornelii
3091 3153 3376 3214 statutum,
3423 3150 3650 3219 episcopi
3693 3147 3823 3214 lapsi

2285 3236 2361 3288 ad
2383 3237 2760 3304 paenitentiam
2797 3237 3012 3304 quidem
3037 3237 3306 3305 agendam
3341 3240 3564 3294 admitti
3605 3243 3815 3308 possent,

1858 3397 2066 3460 Variae
2121 3397 2456 3460 lectiones.

546 3529 583 3558 ’⁵
645 3525 883 3575 Donaria
938 3526 1048 3576 ΝΟ.
1102 3527 1147 3576 2.
1261 3529 1298 3560 ’δ
1359 3529 1458 3579 Pro
1527 3543 1592 3578 eo
1645 3529 2000 3588 sacrificium,
2057 3542 2163 3579 nec
2234 3543 2331 3592 pro
2393 3528 2724 3580 dormitione
2793 3529 2932 3577 Lam.
2994 3526 3143 3578 Ebor.
3205 3529 3332 3578 Bod.
3389 3531 3437 3579 2.
3497 3530 3603 3578 ΝΟ.
3661 3529 3717 3581 1.
3770 3526 3814 3574 2.

483 3593 522 3626 ³⁷
554 3595 774 3645 Oblatio
804 3597 989 3661 aliqua
1018 3598 1244 3649 nomine
1279 3601 1397 3663 ejus
1438 3601 1494 3649 in
1526 3601 1795 3658 Ecclesia,
1828 3604 1890 3648 ut
1931 3599 2282 3650 sacerdotum
2326 3599 2451 3648 Bod.
2487 3601 2531 3649 1.
2583 3600 2704 3648 Tha.
2755 3600 2867 3648 Aut
2900 3597 3169 3664 delegatio
3211 3601 3400 3663 aliqua
3443 3600 3665 3649 nomine
3707 3598 3815 3659 ejus

487 3665 633 3714 Corb.
733 3665 772 3698 ’⁸
833 3668 1019 3718 Desunt
1072 3682 1205 3734 seqq.
1255 3671 1306 3718 in
1353 3672 1493 3720 Lam.
1548 3669 1699 3719 Ebor.
1744 3670 1851 3719 ΝΟ.
1900 3672 1962 3730 1;
2009 3675 2057 3720 et
2102 3669 2307 3734 quidem
2354 3670 2586 3732 formula
2623 3671 2724 3718 ista
2769 3669 3105 3719 valedictoria
3159 3673 3209 3719 in
3250 3685 3368 3721 mss.
3407 3671 3670 3735 plerisque
3710 3682 3810 3731 per-

481 3740 634 3800 petuo
667 3735 827 3786 abest.

1778 3802 2004 3884 Steph.
2052 3801 2297 3865 Baluzii
2341 3806 2537 3865 notae.

480 3951 595 3987 non
639 3944 951 4001 agnoscunt
998 3939 1116 3990 aliis
1165 3939 1452 4000 editiones,
1502 3944 1731 4004 excepta
1784 3940 2106 4003 Anglicana,

482 4023 609 4072 quae
651 4011 1018 4074 Rigaltianam
1061 4011 1333 4070 imitatur,
1373 4025 1555 4075 neque
1599 4015 1787 4062 vetera
1833 4012 2110 4076 exempla-

481 4082 559 4130 ria
612 4081 774 4132 Certe
815 4095 1225 4145 supervacanea
1263 4085 1344 4132 est
1380 4087 1432 4132 et
1467 4083 1694 4132 inutilis.
1727 4084 1921 4146 Itaque
1962 4088 2110 4134 recte

481 4152 816 4204 Reinhartus
843 4155 994 4203 illam
1025 4155 1309 4218 expunxit.
1349 4156 1457 4205 Nos
1491 4156 1667 4206 secuti
1697 4169 1890 4205 sumus
1925 4161 2109 4206 vetera

482 4226 818 4288 exemplaria
847 4229 902 4275 et
934 4231 1145 4276 veteres
1176 4226 1460 4276 editiones.

545 4297 641 4358 (89)
683 4297 1029 4347 Ordinatione
1080 4296 1291 4347 clerica.
1345 4297 1416 4346 Et
1459 4297 1604 4348 hanc
1648 4310 1871 4361 quoque
1922 4298 2109 4347 lectio-

481 4381 610 4416 nem
670 4369 900 4429 prmfero
957 4368 1027 4418 ob
1075 4369 1494 4431 congruentiam
1555 4382 1685 4418 cum
1741 4369 1881 4431 stylo
1935 4369 2112 4418 sancti

483 4437 765 4500 Cypriani,
803 4441 1059 4502 quamvis
1098 4453 1217 4488 eam
1254 4453 1363 4489 non
1403 4441 1696 4502 repererim
1727 4440 1834 4488 nisi
1865 4440 1920 4487 in
1951 4439 2110 4501 quin-

481 4523 592 4572 que
660 4510 816 4560 libris
879 4511 1162 4561 veteribus
1226 4515 1282 4562 et
1345 4512 1401 4559 in
1471 4510 1710 4561 editione
1775 4510 2107 4560 Manutiana.

2271 3967 2331 3976 —
2385 3939 2725 3989 Dormitione.
2783 3939 2972 3990 Mortis
3028 3952 3250 3999 nomen,
3300 3945 3363 3990 ut
3433 3940 3502 3990 ad
3553 3936 3819 4002 epistolam

2210 4013 2426 4062 tertiam
2473 4011 2728 4061 observat
2771 4011 3060 4074 Rigaltius,
3107 4016 3381 4075 quantum
3432 4014 3678 4075 poterant
3718 4006 3818 4057 evi-

2208 4085 2403 4134 tabant
2457 4083 2756 4134 Christiani
2811 4082 2882 4132 ob
2939 4096 3093 4145 spem
3140 4084 3559 4134 resurrectionis
3605 4085 3658 4130 et
3705 4081 3818 4126 vitm

2210 4155 2578 4218 sempiternae.
2628 4154 2820 4217 Itaque
2864 4167 2962 4216 pro
3014 4157 3232 4204 mortuo
3277 4154 3540 4204 dicebant
3584 4149 3819 4216 praemis-

2210 4239 2355 4284 sum,
2383 4230 2438 4275 et
2464 4238 2561 4287 pro
2595 4228 2772 4274 morte
2810 4224 3046 4284 obitum,
3076 4237 3391 4285 excessum,
3427 4223 3818 4276 dormitionem,

2211 4301 2266 4347 et
2308 4296 2762 4358 assumptionem,
2802 4297 2881 4344 uti
2925 4296 3086 4346 facile
3134 4299 3278 4346 esset
3318 4296 3550 4359 probare
3589 4292 3820 4343 testimo-

2211 4368 2318 4416 niis
2363 4365 2710 4425 Tertulliani,
2757 4365 3039 4429 Cypriani,
3087 4366 3432 4430 Hieronymi,
3482 4368 3537 4415 et
3584 4363 3818 4413 aliorum.

2212 4438 2351 4488 Vide
2398 4437 2781 4487 adnotationes
2828 4437 3039 4486 Erasmi
3091 4438 3145 4486 in
3193 4442 3362 4501 caput
3403 4451 3466 4487 IX
3512 4437 3689 4485 Luem.
3726 4433 3819 4480 As-

2211 4510 2584 4573 sumptionem
2627 4507 2791 4569 Petri,
2831 4510 3266 4571 assumptionem
3313 4509 3468 4558 Pauli
3516 4510 3568 4556 et
3609 4508 3817 4573 caetero-

479 4564 804 4632 Kiorelliana
868 4586 921 4633 et
987 4597 1134 4632 unus
1195 4587 1350 4632 vetus
1421 4582 1597 4632 codex
1661 4583 1844 4644 regius
1905 4564 2530 4642 liabentDrum‘saepe
2579 4580 2754 4641 reperi
2780 4564 2854 4628 uin
2905 4564 3149 4642 antiquis
3193 4579 3482 4630 codicibus
3526 4577 3619 4641 qui
3667 4572 3822 4624 conti-

477 4653 815 4703 ordinatione
877 4653 1143 4712 clericali,
1196 4654 1530 4704 Veronensis
1591 4658 1646 4704 et
1707 4654 1798 4704 alii
1855 4658 1977 4704 octo
2038 4653 2109 4702 ad

480 4725 868 4775 ordinationem
934 4725 1206 4786 ctericam,
1269 4729 1481 4774 veteres
1540 4724 1810 4775 editiones
1867 4729 1923 4774 et
1987 4728 2109 4773 octo

480 4801 666 4846 vetera
693 4798 1028 4860 exemplaria
1053 4798 1126 4847 ad
1163 4797 1550 4847 ordinationem
1585 4795 1896 4846 clericalem.
1926 4795 2108 4844 Editio

484 4881 606 4918 mea
666 4869 1024 4918 conﬁrmatur
1075 4869 1240 4918 etiam
1294 4868 1619 4917 auctoritate
1675 4865 1954 4930 Cypriani,
2012 4867 2107 4928 qui

479 4940 634 5002 epist.
671 4940 754 5000 33,
797 4955 920 5003 pag.
961 4940 1040 5000 46,
1081 4939 1217 4988 dixit
1262 4955 1271 4986 :
1313 4957 1340 4983 «
1375 4937 1687 4987 Merebatur
1727 4938 1850 4987 talis
1891 4937 2108 4987 clericw

480 5011 842 5060 ordinationis
889 5011 1176 5060 ulteriores
1221 5007 1440 5072 gradus.
1491 5027 1518 5053 »
1561 5009 1698 5058 Item
1747 5009 1803 5057 in
1853 5009 2106 5058 versione

480 5082 738 5142 Epistolas
791 5081 1116 5140 Firmiliani,
1168 5095 1287 5142 pag.
1342 5080 1432 5128 149
1483 5094 1493 5126 :
1545 5098 1570 5122 «
1618 5078 1734 5129 Sibi
1784 5083 2108 5142 potestatem

481 5153 696 5202 clericee
727 5153 1094 5202 ordinationis
1121 5153 1485 5200 assumentes.
1522 5169 1550 5194 »

544 5223 639 5283 (90)
699 5225 802 5272 Pro
869 5224 1198 5273 dormitione.
1256 5223 1379 5272 Hoc
1433 5222 1556 5272 loco
1624 5235 1840 5271 rursum
1914 5221 2108 5271 obser-

481 5295 660 5343 vanda
707 5299 791 5344 est
834 5295 1052 5344 inscitia
1098 5297 1150 5343 et
1190 5293 1401 5343 incuria
1452 5297 1698 5342 veterum
1741 5293 2106 5343 librariorum.

477 5366 603 5414 Duo
642 5364 766 5414 libri
798 5370 1011 5415 veteres
1045 5379 1141 5428 pro
1174 5364 1487 5414 dormitione
1514 5363 1722 5413 habent
1758 5364 2107 5425 ordinatione,

476 5435 617 5485 falso
680 5440 734 5485 et
789 5437 974 5500 inepto
1035 5449 1220 5486 sensu.
1281 5435 1428 5485 Idem
1487 5435 1788 5485 dicendum
1851 5435 1919 5485 de
1976 5449 2111 5486 voce

479 5506 790 5568 deprecatio,
846 5522 973 5572 quas
1025 5508 1190 5571 paulo
1247 5511 1371 5569 post
1423 5507 1692 5569 sequitur,
1742 5519 1840 5567 pro
1892 5521 2002 5570 qua
2052 5508 2108 5556 in

481 5577 803 5628 Corbeiensi
856 5584 905 5630 et
965 5581 1019 5628 in
1074 5580 1320 5628 Fuxensi
1373 5579 1572 5640 legitur
1623 5577 1892 5640 delegatio.
1947 5578 2110 5641 Angli

483 5653 714 5698 monent
742 5651 817 5700 ita
847 5664 1070 5713 quoque
1109 5651 1377 5712 scriptum
1411 5661 1531 5698 esse
1563 5649 1617 5696 in
1655 5648 1906 5697 Thuano.
1949 5647 2111 5708 Quod

481 5733 675 5768 verum
715 5735 826 5771 non
865 5726 963 5772 est.
1011 5722 1230 5784 Quippe
1271 5721 1359 5771 ha:
1404 5721 1529 5770 duae
1565 5733 1749 5779 voces,
1790 5726 1882 5769 aut
1926 5721 2110 5781 depre-

477 5793 639 5849 catio,
667 5793 722 5842 in
762 5793 857 5843 illo
896 5793 1116 5854 desunt,
1149 5797 1203 5844 et
1231 5792 1370 5844 nihil
1399 5793 1454 5844 in
1487 5805 1676 5843 earum
1707 5792 1831 5842 loco
1871 5791 2111 5856 positum

478 5866 575 5914 est.

2208 4655 2342 4700 nent
2397 4653 2539 4700 vitas
2589 4654 2926 4699 sanctorum.
2977 4650 3116 4699 Nota
3165 4654 3248 4700 est
3296 4647 3667 4700 controversia
3708 4655 3820 4706 qua

2209 4735 2329 4772 mvo
2379 4726 2565 4771 nostro
2612 4721 2836 4771 emersit
2880 4721 2938 4770 in
2989 4721 3223 4770 ecclesia
3276 4719 3569 4770 Parisiensi
3617 4719 3820 4779 propter

2209 4793 2662 4855 Assumptionem
2699 4792 3032 4842 beatissima:
3069 4792 3310 4854 Virginis
3353 4792 3554 4841 Marias.
3597 4789 3710 4838 Non
3747 4787 3822 4833 est

2208 4863 2379 4926 hujus
2429 4863 2537 4913 loci
2585 4876 2707 4912 eam
2758 4866 3069 4912 retractare.
3119 4861 3264 4910 Illud
3313 4864 3532 4911 tantum
3584 4859 3755 4907 dicam
3808 4867 3816 4898 :

2204 4935 2480 4984 Joannem
2536 4934 2739 4998 Papam
2792 4933 2949 4983 XXII
3002 4937 3223 4996 putasse
3274 4932 3425 4981 illam
3480 4928 3719 4980 nondum
3770 4926 3818 4972 in

2209 5005 2415 5056 caelum
2455 5005 2618 5056 ivisse
2661 5010 2716 5056 et
2754 5005 2908 5054 illam
2952 5018 3064 5053 non
3107 5004 3430 5052 intraturam
3471 5003 3530 5051 in
3573 4998 3819 5064 gaudium

2208 5078 2430 5128 Domini
2459 5077 2544 5127 sui
2580 5081 2706 5126 ante
2740 5075 2886 5125 diem
2915 5075 3128 5138 judicii.
3159 5075 3300 5125 Vide
3335 5078 3496 5124 notas
3527 5063 3733 5122 nostras
3760 5063 3819 5114 ad

2209 5151 2345 5199 vitas
2376 5150 2646 5212 Paparum
2675 5147 3170 5205 Avenionensium,
3198 5160 3319 5218 pag:
3355 5146 3466 5218 7:89.
3539 5213 3577 5218 ᾔ
3755 5208 3763 5218 1

2273 5223 2368 5283 (91)
2425 5220 2729 5270 Sacerdotes
2797 5222 2844 5267 et
2914 5218 3203 5268 ministros.
3277 5215 3464 5266 Codex
3538 5213 3819 5283 Fuxensis,

2211 5311 2237 5338 «
2279 5280 2614 5342 Sacerdotes
2663 5296 2717 5341 et
2769 5291 2870 5340 Dei
2920 5290 3203 5338 ministros
3249 5288 3318 5337 ab
3369 5285 3564 5336 altario
3610 5285 3726 5345 ejus
3773 5280 3822 5327 et

2210 5364 2445 5414 ecclesia
2503 5364 2775 5411 evacuant
2830 5360 2899 5410 ad
2961 5360 3259 5410 saeculares
3325 5356 3607 5408 molestias
3666 5351 3821 5401 devo-

2211 5438 2353 5484 cant.
2392 5449 2420 5480 »

2274 5531 2326 5539 -
2365 5504 2648 5554 Ministros.
2681 5503 2965 5553 Editiones
3008 5501 3222 5550 Erasmi
3266 5504 3318 5550 et
3357 5497 3588 5551 Morellii
3625 5491 3822 5543 addunt

2208 5590 2329 5626 suos
2361 5576 2554 5625 levitas.
2587 5575 2706 5637 Ego
2736 5575 2881 5624 hanc
2920 5573 3209 5635 epistolam
3239 5571 3424 5622 inveni
3454 5570 3512 5618 in
3548 5568 3608 5616 19
3647 5575 3824 5637 exem-

2209 5647 2456 5711 plaribus
2510 5635 2780 5711 antiquis,
2833 5650 2888 5696 et
2942 5647 2998 5695 in
3053 5645 3208 5694 nullo
3261 5657 3450 5695 eorum
3501 5638 3674 5702 reperi
3724 5635 3824 5711 hoc}

2211 5703 2666 5769 additamentum:
2698 5703 2867 5769 Recte
2896 5731 3024 5781 ergo
3065 5718 3316 5768 fecerunt
3351 5712 3628 5765 Manutius
3653 5710 3707 5758 et
3737 5703 3822 5755 alii

2213 5789 2349 5863 illud
2383 5789 2729 5854 abjicieutes.
