3978 6194
199 268 273 322 413

1543 276 1864 331 EPISTULA
1903 278 2076 331 LXIX.

3380 277 3484 332 414

246 394 321 486 sed
375 409 405 445 (ι
463 394 781 486 sacerdotali
844 396 1040 451 honore
1101 398 1531 466 prohiberentur,
1588 404 1760 457 obiter
1781 403 2016 486 Atestis
2061 402 2310 471 exsistat,
2349 405 2422 457 'eo
2476 405 2627 474 quod
2687 403 3076 475 unusquisque
3130 397 3328 474 utique
3377 402 3486 456 sibi

244 484 379 535 etiam
416 481 650 549 quaedam
689 487 958 552 attingens
1006 486 1070 538 de
1124 489 1288 541 veteri
1325 488 1594 543 electionis
1644 495 1757 559 epi-

242 586 486 639 scoporum
508 573 642 626 ritu.
673 573 779 626 Sub
817 574 1090 643 Stephano
1120 581 1302 630 autem
1342 580 1598 647 scriptam
1632 594 1757 642 esse,

243 664 488 713 contextus
513 661 738 715 indicat.

186 747 310 815 (Vide
345 751 472 800 tom.
519 749 559 814 Ι,
608 751 710 803 col.
752 753 882 804 1057
933 751 1031 805 ubi
1081 754 1421 824 typographi
1467 755 1760 810 oscitantis

239 827 365 880 linea
387 827 664 883 columnae
712 832 911 885 ultima
942 835 1073 886 ante
1114 832 1340 888 initium
1387 833 1642 906 epistolae
1679 836 1762 890 in-

235 906 496 975 undant)
669 981 988 1036 EPISTOLA
1032 983 1197 1037 LXIX.

179 1089 377 1151 (Erasm.,
400 1101 466 1151 Iv,
485 1090 516 1140 9
535 1105 550 1152 ;
578 1091 1028 1155 Pamel.,Rigalt.,
1050 1095 1558 1158 Baluz.,LXIx;Paris
1585 1134 1598 1159 ,
1617 1108 1761 1160 LVIII;

674 1161 862 1225 Oxon.,
892 1165 1050 1228 Lips,
1073 1167 1236 1229 LXVI.)

253 1285 310 1324 AD
345 1285 670 1327 FLORENTIUM
711 1289 1000 1343 PUPIANUM,
1042 1292 1109 1329 DE
1147 1292 1658 1332 OBTRECTATORIBUS.

178 1389 522 1440 Aacrnmriru.
551 1416 620 1429 —-
672 1390 876 1459 Purgat
919 1407 971 1446 se
996 1393 1147 1462 apud
1185 1394 1513 1448 Florentium
1549 1396 1756 1463 Pupia-

226 1490 335 1526 nam
376 1474 680 1544 Cyprianus
732 1479 797 1532 de
843 1482 1010 1534 variis
1062 1482 1127 1534 ab
1176 1482 1270 1536 illo
1313 1481 1531 1549 objectis
1581 1485 1756 1536 crimi-

227 1565 400 1628 nibus;
442 1570 492 1618 et
537 1568 712 1620 animi
753 1567 863 1636 ejus
909 1569 1180 1624 levitatem
1227 1574 1430 1640 arguit,
1465 1571 1610 1640 quod
1650 1576 1759 1625 tam

233 1657 403 1707 temere
455 1656 905 1713 obtrectatoribus
971 1659 1279 1715 crediderit.
1328 1663 1413 1715 Ea:
1467 1663 1524 1715 eo
1579 1667 1759 1716 autem

225 1746 347 1812 quod
388 1745 518 1799 dicit
543 1761 599 1800 se
626 1748 749 1815 jam
786 1753 901 1803 tum
938 1764 1032 1804 sea:
1061 1752 1223 1804 annis
1259 1753 1567 1820 episcopatu
1607 1753 1834 1852 func-B

227 1839 341 1896 tum,
375 1837 508 1889 satis
527 1841 736 1892 constat
762 1838 858 1891 sub
887 1837 1162 1907 Stephano
1192 1842 1468 1908 scriptam.

225 1951 258 2002 l.
294 1951 619 2020 Cyprianus,
660 1952 755 2024 qui
800 1957 854 2006 et
890 1954 1178 2023 Thascius,
1221 1955 1529 2022 Florentio,
1576 1955 1664 2010 cui
1705 1960 1761 2010 et

171 2041 713 2112 Pupiano(92),fratri
740 2047 1004 2100 salutem.
1040 2049 1155 2117 Ego
1182 2053 1257 2114 te,
1281 2049 1475 2113 frater,
1501 2049 1756 2104 credide-

171 2151 266 2188 ram
307 2138 528 2191 tandem
571 2138 696 2208 jam
728 2139 798 2193 ad
848 2140 1250 2212 paenitentiam
1296 2143 1571 2210 converti,
1607 2143 1760 2213 quod

172 2227 214 2280 in
237 2230 576 2298 praeteritum
608 2235 723 2286 tam
752 2231 1008 2300 infanda,
1036 2237 1155 2288 tam
1197 2235 1403 2306 turpia,
1436 2238 1551 2288 tam
1589 2236 1760 2290 etiam

173 2323 438 2390 gentilibus
466 2325 820 2379 exsecranda
848 2330 947 2380 aut
977 2328 1228 2383 audisses
1257 2328 1326 2382 de
1355 2329 1518 2383 nobis
1541 2332 1758 2385 temere

172 2419 248 2467 aut
271 2417 619 2472 credidisses.
652 2420 825 2472 Porro
867 2424 1060 2474 autem
1109 2421 1284 2475 etiam
1313 2439 1463 2476 nunc
1509 2423 1565 2475 in
1609 2423 1756 2477 litte-

171 2509 228 2559 ris
256 2510 354 2562 tuis
396 2511 796 2566 animadverto
846 2514 1118 2568 eumdem
1167 2521 1220 2568 te
1264 2515 1448 2570 adhuc
1493 2533 1614 2570 esse
1663 2517 1760 2587 qui

171 2601 297 2670 prius
344 2603 553 2670 fueras,
613 2606 811 2660 eadem
870 2610 926 2661 te
977 2607 1044 2662 de
1093 2607 1258 2662 nobis
1309 2609 1541 2664 credere
1596 2613 1652 2664 et
1699 2611 1759 2663 in

170 2710 221 2748 eo
260 2697 398 2767 quod
441 2699 761 2754 credideris
805 2715 1191 2770 perseverare,
1227 2706 1302 2770 et,
1343 2719 1414 2756 ne
1459 2703 1603 2757 forte
1644 2703 1759 2758 cla-

169 2788 314 2843 ritatis
337 2794 388 2845 et
419 2793 683 2863 martyrii
714 2794 796 2847 tui
840 2794 1091 2865 dignitas
1134 2798 1324 2849 nostra
1369 2796 1756 2880 communica-

170 2883 293 2937 tione
317 2886 650 2954 maculetur,
685 2887 742 2941 in
769 2903 958 2942 mores
988 2891 1212 2942 nostros
1243 2888 1550 2960 diligenter
1581 2889 1762 2960 inqui-

171 2990 288 3045 rere,
315 2985 367 3031 et
402 2985 532 3050 post
561 2980 738 3034 Deum
776 2982 1051 3051 judicem,
1083 2981 1263 3053 401
1307 2983 1403 3053 qui
1441 2983 1763 3038 sacerdotes

170 3069 286 3136 facit,
320 3076 371 3125 te
417 3074 587 3142 velle,
629 3090 742 3127 non
792 3074 980 3128 dicam
1025 3075 1096 3128 de
1147 3091 1242 3130 me
1293 3078 1565 3146 (quantus
1609 3077 1760 3130 enim

173 3177 254 3231 ego
276 3181 389 3218 sum
422 3166 489 3234 '9)
517 3168 529 3220 !
562 3167 657 3221 sed
689 3167 758 3221 de
786 3169 882 3222 Dei
913 3173 970 3222 et
999 3168 1204 3225 Christi
1238 3143 1450 3239 judicio
1481 3169 1758 3240 judicare.
1784 3143 1837 3217 (αἶ

172 3255 255 3309 Hoc
295 3265 369 3311 est
415 3259 472 3312 in
526 3261 703 3314 Deum
750 3277 865 3315 non
905 3262 1156 3330 credere,
1199 3262 1308 3316 hoc
1356 3265 1439 3317 est
1491 3263 1760 3318 rebellem

171 3348 392 3406 adversus
449 3354 739 3408 Christum
798 3358 853 3408 et
901 3356 1166 3410 adversus
1209 3356 1581 3426 Evangelium
1641 3356 1764 3426 ejus

171 3445 416 3509 exsistere,
457 3451 523 3501 ut
573 3464 700 3501 cum
752 3447 843 3501 ille
888 3449 1084 3502 dicat:
1133 3452 1319 3506 Nonne
1371 3449 1476 3503 duo
1523 3465 1762 3519 passeres

172 3551 258 3588 asse
281 3546 514 3593 veneunt
539 3543 568 3593 ?
605 3548 654 3594 et
695 3547 880 3595 neuter
918 3557 1100 3595 eorum
1143 3542 1288 3596 cadit
1326 3545 1382 3596 in
1420 3548 1616 3597 terram
1651 3546 1763 3597 sine

170 3631 313 3683 Patris
338 3634 617 3687 voluntate
646 3635 894 3702 (Matth,
923 3651 978 3702 x,
1011 3635 1122 3703 29),
1158 3639 1216 3688 et
1256 3635 1456 3705 probet
1496 3635 1763 3706 niajestas

172 3721 263 3789 ejus
297 3732 343 3776 et
386 3728 595 3780 veritas
641 3727 758 3781 sine
814 3728 1164 3782 conscientia
1216 3733 1272 3781 et
1329 3728 1608 3799 permissu
1663 3729 1762 3783 Dei

171 3816 308 3870 etiam
333 3821 558 3874 minora
586 3821 691 3889 (93)
729 3838 842 3874 non
872 3820 1018 3890 ﬁeri,
1039 3827 1100 3876 tu
1126 3822 1416 3876 existimes
1446 3823 1762 3878 sacerdotes

174 3906 249 3960 Dei
271 3913 378 3966 sine
399 3914 752 3968 conscientia
782 3916 902 3984 ejus
931 3915 988 3969 in
1019 3915 1264 3970 Ecclesia
1292 3916 1545 3970 ordinari
1571 3916 1596 3969 ?
1625 3918 1759 3970 Nam

173 4005 362 4058 credere
390 4008 544 4078 quod
577 4008 797 4079 indigni
832 4015 888 4063 et
915 4009 1109 4063 incesti
1138 4009 1249 4062 sint
1285 4010 1377 4080 qui
1407 4009 1759 4077 ordinantur,

173 4096 277 4162 quid
302 4099 440 4153 aliud
474 4105 564 4156 est
587 4118 761 4172 quam
789 4102 1023 4157 credere
1053 4103 1102 4137 ²⁰
1129 4104 1280 4174 quod
1312 4120 1428 4157 non
1457 4121 1486 4157 a
1515 4105 1629 4158 Deo
1659 4121 1763 4158 nec

173 4200 250 4251 per
273 4189 441 4246 Deum
473 4192 800 4247 sacerdotes
829 4193 950 4264 ejus
970 4193 1025 4247 in
1043 4195 1294 4248 Ecclesia
1314 4194 1761 4250 constituantur?

228 4281 277 4332 ll.
310 4288 383 4336 An
411 4291 579 4354 putas
609 4286 792 4355 majus
825 4302 946 4340 esse
976 4287 1044 4340 de
1075 4304 1167 4341 me
1213 4304 1412 4342 meum
1452 4304 1622 4358 quam
1665 4288 1762 4341 Dei

173 4373 541 4447 testimonium,
596 4395 723 4431 cum
781 4379 1053 4433 Dominus
1099 4381 1221 4452 ipse
1267 4381 1465 4436 doceat
1515 4386 1571 4434 et
1615 4381 1762 4434 dicat

174 4466 518 4524 testimonium
571 4489 679 4526 non
734 4490 856 4526 esse
903 4490 1098 4528 verum
1141 4475 1184 4527 si
1235 4475 1364 4544 quis
1426 4475 1546 4545 ipse
1595 4475 1662 4529 de
1707 4491 1763 4528 se

1859 497 2043 550 faveat
2079 498 2150 562 ²¹,
2187 513 2293 551 nec
2329 500 2528 551 contra
2569 513 2625 552 se
2669 497 2873 568 aliquis
2913 498 3116 552 infesta
3156 502 3210 551 et
3252 497 3484 551 adversa

1862 589 2183 661 depromat,
2215 589 2352 644 ﬁdes
2384 607 2514 644 vero
2541 590 2760 645 sincera
2802 592 2910 660 (94)
2944 591 3014 646 sit
3051 591 3298 646 veritatis
3331 591 3400 652 93,
3434 590 3482 642 si

1861 684 1921 738 in
1967 683 2463 755 praedicationibus
2488 685 2697 738 nostris
2738 684 2883 738 alius
2931 685 3004 738 sit
3050 685 3389 748 praedicator
3417 699 3482 736 ac

1860 778 2057 832 testis:
2100 780 2161 834 Si
2197 781 2578 840 testimonium,
2623 777 2831 848 inquit,
2860 779 3051 833 dixero
3089 780 3156 833 de
3199 795 3297 839 me,
3334 780 3482 831 testi-

1860 873 2096 926 monium
2148 887 2324 926 meum
2371 888 2479 926 non
2521 878 2598 926 est
2640 887 2844 927 verum.
2886 873 3047 927 Alius
3087 877 3163 926 est
3208 874 3346 925 enim
3391 872 3487 939 qui

1861 968 2012 1020 testis
2060 972 2135 1020 est
2180 966 2246 1020 de
2298 981 2380 1020 me
2429 966 2536 1034 (95)
2584 965 2787 1035 (Joan.,
2831 982 2884 1031 v,
2928 968 3015 1031 31,
3070 964 3181 1031 32).
3230 963 3389 1027 Quod
3436 963 3482 1015 si

1860 1057 1979 1129 ipse
2009 1058 2303 1124 Dominus,
2337 1059 2536 1112 omnia
2565 1059 2612 1092 ²³
2640 1057 3005 1127 postmodum
3031 1057 3394 1128 judicaturus
3411 1055 3480 1115 3‘.

1858 1152 2043 1206 noluit
2073 1152 2142 1206 de
2189 1152 2513 1207 testimonio
2545 1167 2646 1206 suo
2687 1151 2793 1205 sibi
2823 1152 2998 1220 credi,
3039 1151 3138 1205 sed
3178 1150 3377 1205 maluit
3415 1149 3484 1203 de

1853 1245 2067 1315 judicio
2118 1261 2183 1298 ac
2233 1245 2554 1300 testimonio
2599 1245 2698 1299 Dei
2748 1245 2925 1299 Patris
2979 1244 3232 1314 probari,
3272 1245 3484 1314 quanto

1858 1338 2045 1408 magis
2067 1337 2176 1392 hoc
2205 1354 2392 1393 servos
2414 1338 2538 1408 ejus
2564 1337 2860 1392 observare
2887 1339 3130 1408 oportet,
3151 1336 3246 1407 qui
3271 1335 3487 1407 judicio

1861 1448 1925 1486 ac
1951 1431 2279 1486 testimonio
2305 1430 2407 1486 Dei
2438 1448 2551 1485 non
2582 1430 2899 1502 probantur
2929 1433 3171 1498 tantum,
3193 1429 3296 1484 sed
3313 1429 3484 1483 etiam

1861 1525 2194 1596 gloriantur.
2245 1525 2546 1580 Praevaluit
2589 1530 2780 1579 autem
2825 1523 2974 1594 apud
3010 1529 3066 1578 te
3109 1526 3306 1577 contra
3350 1522 3485 1576 divi-

1861 1635 1996 1672 nam
2035 1619 2375 1673 sententiam
2419 1622 2475 1673 et
2515 1625 2710 1673 contra
2750 1617 3154 1673 conscientiam
3201 1619 3478 1676 nostram,

1859 1711 1990 1766 ﬁdei
2019 1728 2134 1766 suae
2161 1712 2371 1766 viribus
2403 1713 2512 1783 (96)
2555 1711 2772 1778 nixam,
2804 1710 3166 1765 inimicorum
3195 1713 3252 1763 et
3279 1708 3484 1778 malig-

1859 1821 2067 1860 norum
2096 1811 2513 1873 commentum,
2542 1805 2700 1876 quasi
2723 1804 2872 1875 apud
2903 1806 3093 1875 lapsos
3129 1805 3188 1857 et
3224 1801 3484 1872 profanos

1860 1901 1915 1954 et
1958 1903 2110 1954 extra
2150 1899 2458 1954 Ecclesiam
2505 1898 2738 1970 positos,
2768 1898 2838 1951 de
2874 1911 3124 1968 quorum
3163 1894 3486 1966 pectoribus

1861 1993 2168 2047 excesserit
2212 1992 2455 2063 Spiritus
2509 1996 2756 2054 sanctus,
2802 2005 2924 2045 esse
2966 1989 3119 2044 aliud
3161 1989 3336 2060 possit
3376 1987 3487 2041 nisi

1861 2102 2022 2140 mens
2071 2102 2242 2156 prava
2285 2089 2339 2139 et
2381 2086 2556 2140 fallax
2601 2086 2803 2156 lingua
2849 2087 2906 2138 et
2945 2083 3078 2138 odia
3114 2087 3392 2138 venenata
3431 2083 3488 2134 et

1859 2179 2135 2250 sacrilega
2176 2179 2511 2247 mendacia;
2560 2179 2764 2250 quibus
2812 2178 2907 2249 qui
2951 2177 3152 2244 credit,
3199 2192 3330 2229 cum
3373 2174 3484 2228 illis

1860 2288 2089 2327 necesse
2119 2277 2204 2326 est
2230 2272 2554 2327 inveniatur
2583 2288 2717 2326 cum
2736 2271 2943 2342 judicii
2968 2271 3090 2325 dies
3111 2269 3351 2324 venerit.

1936 2424 2022 2478 ΙΙΙ.
2069 2423 2230 2486 Quod
2280 2439 2414 2477 vero
2461 2422 2650 2476 dixisti
2691 2423 3018 2478 sacerdotes
3069 2421 3316 2476 humiles
3366 2438 3485 2475 esse

1861 2516 2089 2584 debere,
2342 2517 2470 2587 quia
2500 2521 2556 2571 et
2580 2516 2848 2571 Dominus
2873 2518 2978 2587 (97)
3002 2519 3060 2569 et
3090 2515 3486 2587 Apostoliejus

1861 2610 2112 2664 humiles
2176 2611 2432 2676 fuerunt,
2487 2610 2867 2666 humilitatem
2923 2627 3114 2664 meam
3168 2614 3224 2664 et
3280 2609 3486 2662 fratres

1862 2719 2058 2757 omnes
2103 2708 2159 2758 et
2200 2704 2439 2775 gentiles
2483 2720 2708 2775 quoque
2754 2703 2953 2774 optimi
3002 2709 3215 2757 norunt
3264 2707 3318 2756 et
3360 2701 3484 2755 dili-

1863 2799 2032 2867 gunt;
2093 2801 2149 2850 et
2199 2801 2256 2850 tu
2306 2813 2533 2868 quoque
2588 2813 2822 2852 noveras
2873 2801 2929 2851 et
2980 2797 3297 2868 diligebas,
3356 2811 3486 2849 cum

1864 2889 2051 2944 adhuc
2078 2890 2135 2943 in
2173 2891 2414 2944 Ecclesia
2449 2907 2597 2946 esses
2639 2895 2694 2945 et
2742 2907 2966 2946 mecum
3009 2889 3487 2945 communicares.

1861 2979 1994 3043 Quis
2055 2985 2244 3034 autem
2310 2985 2573 3035 nostrum
2634 2980 2805 3051 longe
2857 2984 2939 3035 est
2991 2981 3062 3035 ab
3123 2979 3486 3044 humilitate,

1865 3079 2131 3127 utrumne
2166 3090 2298 3144 ego,
2331 3074 2427 3144 qui
2473 3074 2728 3144 quotidie
2769 3074 3043 3128 fratribus
3081 3073 3284 3139 servio,
3315 3077 3370 3127 et
3394 3088 3489 3125 ve-

1866 3165 2091 3219 nientes
2119 3166 2191 3220 ad
2220 3167 2524 3221 Ecclesiam
2557 3168 2809 3239 singulos
2834 3167 3080 3239 benigne
3117 3172 3170 3221 et
3200 3182 3328 3220 cum
3361 3169 3489 3220 voto

1865 3263 1922 3313 et
1949 3260 2159 3330 gaudio
2189 3260 2461 3329 suscipio;
2489 3278 2562 3314 an
2586 3266 2665 3329 tu,
2685 3261 2785 3332 qui
2813 3266 2865 3315 te
2894 3259 3486 3331 episcopumepiscolii

1864 3355 1922 3405 et
1955 3351 2212 3422 judicem
2240 3353 2450 3424 judicis
2481 3354 2528 3388 ³⁸
2555 3354 2627 3407 ad
2663 3357 2888 3425 tempus
2910 3370 2942 3407 a
2972 3355 3085 3408 Deo
3119 3353 3237 3407 dati
3278 3352 3482 3406 consti-

1863 3446 2020 3500 tuis?
2048 3461 2176 3499 cum
2209 3446 2482 3501 Dominus
2527 3447 2674 3500 Deus
2714 3447 2771 3500 in
2813 3446 3257 3502 Deutcronomio
3294 3443 3443 3500 dicat
3476 3465 3485 3495 :

1863 3543 1932 3594 Et
1990 3541 2140 3594 homo
2201 3542 2502 3610 quicunque
2565 3543 2753 3606 fecerit
2815 3545 2871 3595 in
2937 3542 3191 3611 superbia
3260 3546 3319 3594 ut
3381 3555 3488 3593 non

1863 3635 2126 3688 exaudiat
2163 3635 2490 3689 sacerdotem
2531 3641 2629 3689 aut
2669 3634 2927 3703 judicem,
2974 3633 3280 3704 quicunque
3322 3635 3492 3698 fuerit

1862 3729 1920 3780 in
1947 3728 2134 3781 diebus
2162 3729 2293 3790 illis,
2334 3731 2600 3782 morietur
2647 3729 2799 3780 homo
2823 3728 2935 3789 ille,
2968 3732 3018 3781 et
3058 3729 3228 3781 omnis
3258 3727 3494 3798 populus

1863 3836 1981 3874 cum
2014 3821 2255 3874 aud-ierit
2287 3823 2514 3888 timebit,
2547 3827 2597 3876 et
2629 3837 2736 3875 non
2762 3828 2922 3890 agent
2958 3823 3123 3890 impie
3159 3823 3322 3875 etiam
3351 3838 3494 3874 nunc

1866 3914 2068 3984 (Deut.,
2126 3930 2260 3979 xvu,
2320 3918 2402 3982 i2,
2471 3915 2592 3982 l3);
2659 3919 2716 3968 et
2766 3915 2977 3968 iterum
3039 3914 3112 3967 ad
3163 3914 3493 3969 Samuelem

1865 4007 2114 4077 loquitur
2140 4013 2195 4061 et
2229 4007 2407 4061 dicit:
2454 4011 2570 4064 Non
2620 4015 2668 4062 te
2708 4013 3046 4078 spreverunt,
3079 4009 3172 4062 sed
3214 4025 3295 4063 me
3342 4024 3492 4078 spre-

1862 4107 2058 4154 verunt
2089 4101 2175 4169 (ill
2203 4103 2360 4169 Reg.,
2390 4118 2483 4169 vn,
2515 4100 2589 4172 7).
2621 4103 2686 4155 Et
2719 4101 2900 4155 adhuc
2926 4101 3192 4156 Dominus
3220 4102 3277 4155 in
3309 4103 3488 4154 Evan-

1865 4193 2036 4264 gelio,
2066 4211 2195 4247 cum
2225 4193 2276 4247 ei
2317 4195 2531 4249 dictum
2557 4199 2723 4259 esset,
2759 4196 2847 4250 Sic
2897 4203 3185 4265 resyondes
3223 4198 3491 4264 Pontiﬁci,

1865 4287 2190 4340 custodiens
2243 4295 2294 4340 et
2367 4288 2572 4342 docens
2636 4290 3039 4343 sacerdotalem
3101 4290 3148 4324 ²⁶
3213 4289 3492 4342 honorem

1865 4380 2080 4433 servari
2135 4383 2425 4451 oportere,
2473 4384 2668 4434 contra
2709 4382 3039 4436 Pontiﬁcem
3087 4383 3227 4436 nihil
3269 4383 3494 4450 dixerit,

1865 4474 1958 4528 sed
1982 4473 2367 4528 innocentiam
2390 4490 2547 4527 suam
2572 4475 2972 4529 tantummodo
2993 4492 3244 4546 purgans
3265 4493 3492 4547 respou-

1503 4587 1713 4651 Variee
1756 4587 2094 4650 lectiones.

221 4684 250 4717 "
271 4687 390 4738 Sum
413 4692 554 4741 deest
584 4693 638 4742 in
665 4695 806 4757 Spir.
837 4694 1028 4743 Innom.
1071 4697 1272 4744 Erasm.
1367 4699 1407 4729 ³ο
1448 4694 1819 4747 Contendere.

180 4753 264 4806 Ver.
335 4760 374 4792 ²¹
418 4762 642 4812 Placeat
701 4753 815 4811 Ver.

170 4822 265 4872 Bod.
291 4831 329 4878 1.

170 4893 265 4943 Bod.
288 4898 327 4946 2.
359 4903 490 4950 Lam.
525 4902 672 4951 Ebor.
764 4904 804 4934 ιδ
837 4904 1231 4956 Sacerdotibus
1258 4908 1365 4956 Lin.
1393 4893 1583 4958 Noe.

913 4766 952 4796 ³³
997 4765 1224 4815 Sincera
1281 4767 1354 4816 sit
1404 4768 1450 4816 si
1503 4767 1703 4815 veritas
1752 4764 1863 4813 Lin.

413 4831 455 4863 υ
478 4833 842 4882 Judicaturus
877 4835 945 4882 sit
974 4836 1115 4883 Lam.
1156 4837 1265 4884 Lin.
1299 4836 1450 4895 Bod.,
1480 4840 1525 4897 1,
1556 4836 1602 4884 2.
1643 4834 1795 4884 Ebor.
1836 4834 1944 4884 ΝΟ.
1992 4836 2035 4894 1,
2063 4834 2108 4883 '2.

1861 4696 2004 4743 Lam.
2045 4693 2201 4742 Ebor.
2246 4694 2395 4754 Bod.,
2437 4694 2483 4742 2.
2520 4693 2630 4742 NC.
2665 4695 2709 4751 1,
2734 4694 2779 4742 2.
2816 4695 2930 4742 Ben.
2977 4695 3135 4757 Neap.
3177 4693 3495 4744 Concedere

1952 4767 1994 4794 “
2049 4763 2192 4813 Cum
2245 4765 2430 4812 omnia
2483 4765 2623 4811 Lam.
2680 4764 2790 4812 ΝΟ.
2851 4766 2892 4811 1.
2951 4762 3059 4824 Qui
3117 4764 3302 4813 omnia
3356 4764 3489 4810 Pem.

2197 4835 2239 4868 ’⁸
2265 4836 2604 4898 Episcopum
2633 4835 2910 4898 episcopo,
2944 4839 2996 4883 et
3040 4833 3287 4896 judicem
3324 4831 3501 4896 judici

1427 5001 1652 5081 Steph.
1701 4999 1951 5062 Baluzii
1993 5004 2190 5061 notae.

192 5111 296 5186 βω)
333 5115 584 5178 Pup-iano.
629 5118 870 5168 Joannes
914 5119 1202 5170 'l‘ristanus
1245 5135 1276 5170 a
1320 5123 1510 5170 sancto
1550 5121 1754 5170 Aman-

173 5182 229 5228 tio
285 5184 332 5232 in
400 5190 548 5236 tomo
614 5189 863 5239 secundo
932 5191 1466 5241 Commentariorum
1528 5205 1757 5240 suorum

173 5261 274 5326 pag:
305 5257 386 5306 493
435 5260 748 5322 suspicatur
789 5261 897 5324 legi
949 5261 1041 5312 hic
1083 5276 1247 5326 posse
1298 5265 1580 5326 Pupienus,
1629 5263 1759 5326 quia

173 5333 217 5396 μὶ
253 5325 466 5396 Historia
515 5333 752 5393 Augusta
803 5333 1011 5382 invenit
1056 5325 1244 5396 plures
1293 5325 1384 5384 ita,
1423 5325 1756 5383 nominatos.

175 5389 486 5448 (Crediderim
545 5389 857 5464 Pupianum
909 5389 1173 5455 invidisse
1226 5405 1503 5468 Cypriane
1548 5404 1762 5454 Caecilii

175 5471 336 5515 nomen
372 5473 424 5518 et
462 5483 557 5533 per
586 5475 972 5535 contemptum
1003 5474 1224 5525 Thascii
1265 5473 1431 5525 titulo
1469 5474 1759 5534 salutasse,

176 5545 259 5607 quo
283 5537 413 5588 inter
439 5543 672 5603 gentiles
702 5544 1049 5594 noscebatur.
1080 5546 1292 5607 Oxon.)

223 5605 299 5678 (illi,
325 5611 547 5660 Minora.
581 5611 769 5663 Codex
802 5614 1175 5678 Carnotensis,
1207 5605 1444 5667 minima.

337 5682 478 5732 Fides
524 5699 642 5760 uero
683 5687 909 5760 sincera.
955 5675 1379 5740 Codex’Sancti
1423 5688 1700 5752 Arnulphi
1743 5703 1752 5736 :

180 5745 362 5823 virides
391 5767 516 5804 vero
546 5756 753 5806 incerta
790 5759 859 5808 sit
891 5761 1154 5821 veritatis,
1191 5760 1294 5810 nisi
1332 5760 1473 5810 alius
1508 5761 1576 5810 sit
1606 5745 1758 5823 pra:-

181 5813 347 5869 dicator
374 5829 424 5874 et
462 5827 628 5877 testis.
659 5849 686 5874 ››

1778 5149 1836 5219 D

1922 5119 2018 5179 (95)
2074 5118 2233 5168 Testis
2285 5123 2357 5168 est
2408 5117 2470 5167 de
2518 5132 2612 5168 me.
2669 5117 2857 5168 Codex
2913 5119 3204 5180 Fuxensis,
3254 5118 3496 5181 testificor

1861 5190 1924 5240 de
1959 5205 2054 5239 me.

1923 5261 2022 5324 (96)
2065 5261 2211 5310 Fidei
2255 5275 2363 5311 suae
2409 5260 2626 5311 viribus.
2670 5263 2749 5310 Ita
2793 5262 2898 5324 legi
2949 5262 3005 5310 in
3053 5260 3313 5311 undecim
3361 5263 3498 5310 anti-

1860 5333 1987 5396 quis
2044 5332 2454 5395 exemplaribus
2516 5337 2569 5382 et
2633 5334 2688 5381 in
2753 5333 3096 5383 editionibus
3155 5333 3388 5381 Manutii
3445 5338 3498 5382 et

1860 5402 2111 5453 Morellii.
2153 5401 2449 5465 Spirensis,
2489 5404 2700 5452 Veneta
2738 5409 2914 5461 vetus,
2957 5404 3257 5460 Erasmica,
3296 5407 3350 5451 et
3392 5403 3497 5450 alia

1860 5474 2107 5537 quinque
2135 5475 2472 5537 exemplaria
2507 5479 2691 5524 vetera
2728 5473 2934 5523 habent
2967 5475 3060 5522 Dei
3082 5474 3319 5536 juribus,
3346 5471 3500 5521 haud

1859 5545 2028 5595 dubie
2068 5559 2163 5608 per
2203 5559 2444 5596 errorem
2481 5545 2849 5595 librariorum.
2891 5546 3027 5594 Nam
3067 5557 3215 5608 saepe
3259 5545 3314 5592 in
3357 5543 3504 5592 anti-

1857 5617 1982 5680 quis
2031 5616 2319 5666 codicibus
2367 5617 2762 5681 manuscriptis
2812 5615 2924 5664 vidi
2971 5616 3240 5678 scriptum
3277 5614 3504 5675 jar-ibus

1857 5701 1954 5751 pro
1989 5687 2208 5747 viribus,
2235 5693 2289 5740 et
2316 5701 2346 5740 e
2377 5701 2664 5740 converso.

1918 5761 2018 5823 (Οἳ)
2071 5760 2208 5821 Quia
2267 5765 2315 5810 et
2378 5761 2650 5812 Dominus.
2709 5756 2902 5809 Codex
2957 5759 3152 5809 Sancti
3211 5751 3514 5820 Arnulphie

1855 5851 1882 5877 «
1918 5835 2047 5897 quia
2075 5835 2128 5883 Θι
2160 5834 2415 5898 Apostoli
2446 5831 2685 5886 humiles
2714 5831 2951 5879 fuerunt.
2985 5846 3010 5873 ››
