3978 6194
450 284 551 340 415

451 409 596 463 derit
643 408 833 463 dicens
881 422 894 459 :

453 503 626 557 mulos
649 502 712 556 Si
746 505 923 554 autem
965 500 1112 562 bene,
1141 500 1277 569 quid
1318 513 1400 553 me
1445 497 1603 551 cadis
1649 498 1852 565 (Joan.,
1885 494 2078 564 xvui)?

451 595 591 649 item
651 594 853 649 beatus
914 593 1246 664 Apostolus,
1311 607 1439 646 cum
1505 590 1559 644 ei
1624 589 1838 643 dictum
1905 591 2075 656 esset,

448 689 537 744 Sic
560 688 738 743 insitis
767 689 827 741 in
856 687 1184 741 sacerdotem
1212 688 1310 741 Dei
1338 683 1707 739 maledicendo
1736 683 1898 751 (Act,
1927 698 2074 750 xxiii,

448 784 500 850 4,
571 781 645 851 5),
716 780 855 835 nihil
919 779 1329 835 contumeliose
1396 779 1613 833 locutus
1676 776 1747 830 sit
1808 776 2078 830 adversus

447 874 849 943 sacerdotem,
912 873 1140 945 quando
1207 876 1263 928 et
1328 872 1579 943 potuerit
1639 888 1697 926 se
1757 871 2079 925 constanter

449 984 680 1024 exerere
714 968 820 1036 (98)
853 968 1124 1022 adversus
1174 982 1271 1021 eos
1304 966 1405 1037 qui
1446 965 1752 1021 Dominum
1782 962 2080 1018 cruciﬁxis-

448 1068 573 1117 sent
596 1065 652 1116 et
680 1062 775 1132 qui
809 1061 935 1131 jam
983 1062 1161 1114 Deum
1208 1063 1264 1113 et
1306 1058 1592 1115 Christum
1630 1062 1686 1114 et
1716 1057 1990 1128 templum
2023 1060 2077 1110 et

450 1155 834 1210 sacerdotium
860 1153 1254 1225 perdidissent
1286 1154 1332 1187 ⁵³⁷
1358 1171 1374 1221 ;
1405 1153 1521 1221 sed,
1551 1152 1808 1223 quamvis
1836 1151 1894 1204 in
1927 1149 2078 1204 falsis

450 1255 505 1303 et
566 1247 819 1319 spoliatis
874 1247 1257 1302 sacerdotibus
1322 1245 1590 1299 umbram
1642 1247 1838 1299 tamen
1893 1244 2077 1315 ipsam

449 1343 682 1397 inanem
736 1341 1105 1396 sacerdotalis
1174 1340 1425 1393 nominis
1490 1338 1749 1409 cogitans
1814 1337 2074 1405 dixerit:

446 1438 770 1502 Nesciebam,
813 1438 1046 1501 fratres,
1074 1438 1203 1504 quia
1245 1436 1501 1503 pontifea:
1539 1439 1637 1487 est.
1685 1433 1958 1501 Scriptum
2002 1436 2079 1485 est

449 1532 590 1584 enim
634 1546 646 1583 :
690 1531 995 1597 Principem
1038 1529 1229 1598 populi
1272 1529 1318 1560 2⁸
1369 1529 1475 1598 (99)
1530 1528 1612 1580 tui
1656 1541 1762 1579 non
1802 1525 2079 1579 maledicas

448 1622 672 1694 (Εωοάη
702 1639 832 1689 xxn,
867 1622 978 1692 23).

519 1717 603 1770 IV.
632 1716 746 1770 Nisi
779 1716 823 1769 si
850 1715 1110 1769 sacerdos
1152 1714 1251 1768 tibi
1295 1714 1373 1767 fui
1418 1715 1552 1768 ante
1598 1712 2075 1783 persecutionem,

1366 280 1421 333 S.
1460 280 1772 335 CYPRIANI
1812 280 2085 334 OPERUM
2127 279 2298 334 PARS
2335 279 2373 330 l.
2406 304 2474 316 —
2511 273 2875 330 EPISTOL/E.

946 408 1007 462 Si
1054 405 1195 459 male
1243 406 1453 460 locutus
1507 417 1645 466 sum,
1691 403 1956 471 exprobret
2013 402 2077 456 de
2101 415 2154 486 Α
2247 401 2311 454 V.
2363 399 2497 454 Inde
2536 398 2687 453 enim
2734 396 2810 467 (6)
2846 393 3156 448 schismata
3199 394 3256 445 et
3301 390 3541 447 haereses
3585 389 3787 443 obortze

3685 265 3781 320 416

2177 496 2307 548 sunt
2344 499 2400 547 et
2442 492 2720 558 oriuntur,
2750 489 2886 543 dum
2926 487 3243 557 episcopus,
3282 484 3377 555 qui
3420 499 3563 536 unus
3613 485 3696 535 est
3734 484 3786 535 et

2178 588 2438 645 Ecclesiae
2479 589 2704 657 praxest,
2749 581 2994 653 superba
3046 578 3426 651 quorumdam
3475 592 3787 647 praesump-

2177 683 2327 738 tione
2362 678 2767 743 contemnitur,
2802 680 2857 730 et
2886 677 3059 729 homo
3105 672 3432 744 dignatione
3479 670 3575 724 Dei
3624 670 3791 724 hono-

2177 782 2333 831 ratus
2360 773 2630 844 indignus
2668 769 2997 827 hominibus
3021 766 3425 839 (7)judicatur.
3470 763 3606 827 Quis
3644 762 3787 817 enim

2177 871 2268 924 hic
2297 872 2381 924 est
2408 866 2687 939 superbire
2710 869 2920 930 tumor,
2952 877 3077 934 quas
3106 859 3431 930 arrogantia
3456 856 3649 923 animi,
3673 872 3790 927 quas

2178 964 2385 1019 mentis
2430 961 2669 1027 inﬂatio,
2716 959 2789 1013 ad
2834 956 3218 1028 cognitionem
3267 968 3429 1007 suam
3474 950 3790 1022 praepositos

2180 1063 2234 1113 et
2295 1055 2612 1110 sacerdotes
2663 1069 2885 1119 vocare,
2940 1066 3003 1104 ac
3063 1049 3167 1103 nisi
3231 1047 3385 1117 apud
3450 1048 3507 1098 te
3569 1044 3791 1115 purgati

2177 1151 2455 1206 fuerimus
2500 1151 2558 1203 et
2596 1146 2878 1202 sententia
2927 1150 3021 1199 tua
3069 1141 3333 1204 absoluti,
3380 1155 3514 1195 ecce
3547 1138 3665 1209 jam
3703 1154 3791 1191 sex

2177 1244 2341 1297 annis
2379 1259 2481 1298 nec
2525 1240 2847 1295 fraternitas
2897 1238 2971 1309 (8)
3016 1236 3281 1291 habuerit
3320 1233 3666 1305 episcopum,
3696 1247 3791 1286 nec

2178 1338 2336 1410 plebs
2367 1336 2761 1407 praepositum,
2789 1348 2896 1388 nec
2927 1348 3063 1403 grex
3093 1336 3399 1402 pastorem,
3426 1343 3534 1381 nec
3559 1324 3792 1379 Ecclesia

2179 1432 2642 1503 gubernatorem,
2702 1445 2804 1483 nec
2867 1426 3122 1484 Christus
3185 1423 3501 1477 antistitem
3568 1421 3635 1485 ³ο,
3695 1434 3790 1472 nec

2180 1527 2326 1580 Deus
2372 1524 2745 1578 sacerdotem.
2794 1519 3102 1577 Subveniat
3145 1516 3435 1588 Pupianus
3480 1517 3538 1568 et
3581 1516 3789 1567 senten-

2178 1621 2314 1674 tiam
2348 1618 2499 1673 dicat
2523 1620 2578 1672 et
2616 1615 2899 1687 judicium
2931 1612 3032 1667 Dei
3078 1614 3135 1665 et
3181 1609 3391 1666 Christi
3421 1608 3480 1662 in
3511 1609 3789 1677 acceptum

2182 1714 2411 1779 referat,
2443 1728 2510 1766 ne
2542 1713 2729 1764 tantus
2755 1708 3010 1762 ﬁdelium
3043 1707 3085 1739 ³¹
3124 1719 3417 1769 numerus,
3445 1701 3541 1773 qui
3567 1699 3665 1755 sub
3694 1715 3789 1754 no-

450 1810 677 1881 quando
699 1825 925 1863 mecum
954 1808 1437 1877 communicabas,
1473 1811 1597 1877 post
1626 1779 2156 1877 persecutionemB
2179 1808 2265 1862 bis
2308 1805 2607 1861 arcessitus
2647 1810 2750 1870 est,
2796 1803 2915 1856 sine
2961 1817 3060 1871 spe
3099 1798 3293 1853 salutis
3332 1802 3389 1851 et
3434 1795 3587 1866 pacis
3627 1793 3803 1848 exisse.

448 1904 709 1957 sacerdos
757 1919 880 1956 esse
928 1902 1123 1955 desivi.
1157 1900 1481 1955 Persecutio
1523 1899 1676 1954 enim
1723 1900 1797 1968 (l)
1847 1897 2078 1952 veniens

446 2002 503 2050 te
533 1995 600 2050 ad
630 2012 911 2049 summam
942 1995 1203 2064 martyrii
1237 1993 1644 2047 sublimitatem
1670 1991 1949 2064 provexit,
1985 2007 2078 2044 me

445 2093 634 2144 autem
662 2089 733 2157 (2)
767 2087 963 2160 403
992 2087 1431 2159 proscriptionis
1462 2101 1632 2141 onere
1660 2084 1736 2157 (3)
1780 2085 2075 2155 depressit,

447 2198 574 2237 cum
600 2182 821 2252 publice
861 2184 1153 2252 legeretur
1183 2198 1194 2234 :
1236 2201 1262 2229 (ι
1292 2182 1345 2235 Si
1377 2180 1503 2251 quis
1532 2183 1685 2234 tenet
1709 2179 1797 2233 vel
1832 2177 2077 2249 possidet

447 2277 513 2332 de
560 2277 724 2331 bonis
769 2275 979 2331 Caecilii
1023 2275 1286 2346 Cypriani
1333 2274 1582 2345 episcopi
1626 2272 2080 2329 Christianorum

449 2372 559 2440 (1i);
588 2393 613 2421 »
651 2374 710 2423 ut
741 2369 914 2423 etiam
958 2368 1053 2440 qui
1097 2384 1207 2422 non
1240 2368 1549 2422 credebant
1591 2369 1703 2422 Deo
1748 2366 2080 2437 episc0pum

451 2464 839 2530 constituenti,
896 2463 980 2516 vel
1025 2462 1252 2516 diabolo
1305 2462 1600 2515 crederent
1654 2461 1701 2493 ’9
1750 2459 2080 2530 episcopum

447 2556 845 2629 proscribenti.
896 2557 1005 2610 Nec
1052 2556 1168 2609 haec
1208 2556 1386 2625 jacto,
1433 2554 1533 2607 sed
1589 2553 1786 2607 dolens
1830 2552 2078 2622 profero,

448 2667 577 2707 cum
609 2655 663 2704 te
688 2650 945 2721 judicem
986 2649 1081 2703 Dei
1112 2649 1420 2703 constituas
1463 2653 1521 2701 et
1560 2646 1791 2713 Christi,
1821 2647 1918 2716 qui
1947 2645 2080 2698 dicit

402 2824 405 2825 ν
448 2745 521 2799 ad
552 2744 855 2814 apostolos,
882 2759 945 2797 ac
986 2760 1087 2813 per
1116 2743 1219 2796 hoc
1265 2742 1335 2794 ad
1388 2757 1583 2795 omnes
1627 2738 1957 2810 prrspositos
1984 2737 2081 2808 qui

446 2837 713 2909 apostolis
769 2837 975 2890 vicaria
1032 2836 1394 2890 ordinatione
1450 2836 1522 2903 (5)
1568 2832 1925 2887 succedunt:
1978 2832 2083 2898 Qui

445 2932 604 2986 audit
643 2946 752 2993 vos,
781 2948 861 2985 me
886 2931 1075 2995 audit;
1107 2936 1159 2983 et
1192 2934 1290 2999 qui
1318 2945 1397 2983 me
1442 2928 1619 2991 audit,
1657 2927 1815 2981 audit
1843 2941 1962 2980 eum
1986 2926 2083 2993 qui

443 3040 525 3079 me
549 3027 716 3080 misit.
743 3027 813 3078 Et
839 3028 936 3093 qui
962 3024 1135 3093 rcjicit
1170 3039 1279 3084 vos,
1310 3038 1388 3075 mc
1416 3022 1589 3089 rejicit
1629 3026 1677 3074 et
1710 3035 1824 3073 cum
1857 3020 1959 3088 qui
2001 3033 2082 3071 me

445 3122 591 3174 misit
614 3120 789 3190 (Luc.,
820 3120 911 3187 xr).

2180 1902 2457 1968 videatur,
2482 1914 2584 1953 nec
2609 1912 2789 1953 novus
2810 1893 3168 1949 credentium
3198 1890 3444 1962 p0pulus
3465 1888 3670 1942 nullam
3698 1903 3793 1958 per

2179 2012 2282 2050 nos
2332 1995 2668 2048 consecutus
2718 2005 2839 2044 esse
2893 1987 3164 2059 baptismi
3217 1989 3275 2040 et
3329 1983 3576 2055 Spiritus
3626 1981 3794 2035 sancti

2182 2087 2428 2158 gratiam
2456 2084 2650 2158 404
2679 2084 2987 2155 judicetur,
3015 2096 3087 2136 ne
3109 2084 3195 2134 tot
3220 2077 3397 2149 lapsis
3419 2081 3479 2131 ct
3495 2074 3794 2146 poenitenti-

2180 2183 2283 2237 bus
2312 2197 2419 2252 pax
2455 2180 2582 2234 data
2611 2181 2667 2232 et
2697 2173 3135 2231 communicatio
3178 2172 3251 2244 (9)
3286 2177 3489 2226 nostra
3518 2169 3789 2224 examina-

2182 2276 2332 2330 tione
2377 2289 2642 2328 concessa
2661 2271 2859 2342 judicii
2889 2269 2971 2324 tui
3009 2266 3340 2323 auctoritate
3388 2264 3507 2335 (10)
3542 2263 3790 2317 solvatur.

2182 2375 2378 2424 Annue
2406 2365 2712 2438 aliquando
2753 2368 2811 2418 et
2837 2363 3073 2434 dignare
3121 2359 3499 2431 pronuntiare
3541 2356 3611 2409 de
3642 2354 3793 2409 nobis

2182 2469 2239 2518 et
2283 2462 2668 2533 episcopatum
2708 2461 2964 2512 nostrum
3012 2454 3353 2526 cognitionis
3404 2455 3519 2505 tuae
3558 2446 3790 2502 auctori-

2182 2560 2296 2611 tate
2336 2555 2589 2620 ﬁrmare,
2625 2555 2688 2605 ut
2734 2553 2875 2605 Deus
2917 2553 2974 2603 et
3013 2548 3267 2602 Christus
3307 2546 3433 2616 ejus
3478 2559 3646 2615 agere
3698 2540 3792 2594 tibi

2184 2648 2395 2720 gratias
2433 2646 2651 2717 possint
2695 2645 2845 2716 quod
2886 2660 2990 2714 per
3038 2646 3090 2697 te
3136 2641 3206 2694 sit
3250 2639 3490 2693 antistes
3533 2642 3590 2691 et
3626 2638 3792 2690 rector

2182 2742 2347 2798 altari
2374 2755 2569 2795 eorum
2598 2739 2811 2809 pariter
2836 2740 2893 2792 et
2920 2735 3075 2807 plebi
3102 2734 3416 2789 restitutus.

2252 2923 2337 2974 Vl.
2368 2924 2513 2991 Apes
2554 2916 2766 2971 habent
2808 2929 3001 2984 regem
3041 2917 3098 2966 ct
3139 2870 3639 2981 ducem.pecudes
3668 2906 3788 2974 (ill,

2183 3018 2238 3069 et
2272 3014 2323 3067 ei
2355 3012 2525 3067 fidem
2550 3014 2776 3064 servant
2805 3027 2816 3061 :
2852 3008 3098 3061 latrones
3127 3003 3385 3075 mancipi
3413 3004 3459 3036 3’
3494 3002 3603 3073 (12)
3637 2998 3785 3053 obso-

2182 3108 2314 3179 quio
2356 3105 2528 3177 pleno
2570 3100 2907 3157 humilitatis
2959 3099 3369 3168 obtemperant.
3404 3097 3623 3159 Quanto
3672 3093 3790 3147 sim-

1830 3257 2037 3321 Varia:
2080 3255 2416 3318 lectiones.

506 3383 549 3415 ³⁷
580 3382 911 3432 Amisissent
936 3382 1045 3428 Lin.
1086 3379 1189 3430 ΝΟ.
1226 3379 1270 3427 :2.
1342 3378 1382 3410 ’³
1422 3376 1604 3426 Plebis
1644 3375 1767 3425 Bod.
1820 3380 1861 3433 l,
1909 3376 1953 3424 ᾗ.
2006 3376 2081 3423 La:

2196 3372 2346 3421 Ebor.
2394 3371 2506 3418 Lin.
2557 3368 2662 3417 ΝΟ.
2713 3369 2755 3425 1,
2804 3368 2849 3415 2.
2916 3364 2959 3397 ’9
3002 3362 3336 3433 Credebat...
3389 3354 3784 3433 crederet

448 3456 492 3514 1,
529 3455 576 3504 9..
627 3455 763 3502 Lam.
817 3452 966 3501 Ebor.
1024 3451 1134 3499 Lin.
1179 3450 1284 3498 ΝΟ.
1334 3452 1376 3509 1,
1424 3449 1469 3497 2.

444 3526 583 3574 Lam.
629 3520 782 3571 Ebor.
833 3522 941 3570 Lin.
998 3520 1105 3570 ΝΟ.
1161 3523 1205 3579 1,
1260 3519 1304 3568 2.

443 3594 599 3645 Ebor.
637 3593 745 3642 ΝΟ.
772 3594 814 3641 1.

1557 3450 1595 3480 ³ο
1646 3446 1885 3510 Spiritus
1939 3451 2166 3496 sanctus
2216 3442 2517 3491 antistitem
2564 3440 2673 3488 Lin.

1404 3494 1469 3550 3:
1510 3518 1579 3568 Et
1624 3494 2063 3568 fide—uiiiservant
2120 3514 2380 3573 latrones,
2433 3510 2678 3573 mancipi
2746 3509 2904 3559 Oxon.
2962 3503 3235 3566 Mancipia
3280 3502 3422 3550 Lam.
3467 3497 3610 3559 Bod.,
3656 3498 3701 3554 1,
3742 3494 3783 3543 2.

2766 3440 2806 3470 ³³
2858 3437 3043 3486 Novus
3093 3431 3443 3483 credentium
3500 3427 3617 3478 Bod.
3664 3428 3703 3484 t,
3745 3425 3785 3473 2.

1743 3648 1969 3731 Steph.
2018 3647 2264 3711 Baluzii
2310 3650 2507 3707 notae.

506 3798 608 3859 (98)
637 3797 905 3845 Exserere.
940 3794 1090 3845 Idem
1120 3793 1295 3844 codex
1328 3792 1572 3854 experiri.

505 3868 603 3929 (99)
638 3868 910 3929 Populum.
952 3867 1177 3917 Retinui
1222 3866 1366 3915 hanc
1408 3864 1724 3923 lectionem,
1760 3861 1892 3926 quia
1933 3873 2073 3911 con-

444 3940 595 3988 venit
632 3952 761 3988 cum
802 3937 1053 4001 pluribus
1097 3936 1339 3999 antiquis
1381 3934 1698 3991 codicibus;
1738 3936 1793 3981 et
1833 3930 1963 4001 quia
2002 3930 2076 4001 ita

443 4010 646 4074 legitur
695 4011 750 4058 in
798 4000 1029 4072 epistola
1069 4009 1148 4066 55,
1194 4021 1316 4069 pag.
1364 4006 1445 4065 81,
1492 4008 1546 4054 et
1588 4005 1644 4052 iu
1698 4000 2074 4074 Epistola_65,

444 4070 567 4145 pa'g.
602 4081 708 4131 113.
748 4070 1040 4130 Ειίωιιθιι
1076 4077 1236 4142 plebis
1275 4083 1372 4127 tuae
1414 4076 1681 4137 scriptum
1720 4076 1803 4145 est
1840 4072 1898 4121 in
1941 4070 2078 4120 duo-

445 4144 625 4204 decim
670 4153 904 4202 vetustis
951 4148 1361 4212 exemplaribus
1410 4147 1610 4196 nostris
1658 4149 1713 4196 et
1761 4144 1818 4193 in
1863 4146 2075 4206 septem

445 4225 786 4288 Anglicanis,
841 4224 897 4272 in
949 4222 1229 4273 veteribus
1281 4218 1640 4280 editionibus,
1694 4220 1749 4266 et
1803 4216 1967 4266 etiam
2018 4215 2073 4263 in

444 4295 761 4346 Manutiana
797 4299 847 4343 et
882 4292 1220 4343 Morelliana.

510 4367 572 4428 (t)
634 4364 927 4416 Persecutio
999 4364 1147 4412 enim.
1213 4361 1404 4412 Codex
1472 4358 1663 4409 Sancti
1725 4357 1998 4419 Arnulphi
2060 4371 2072 4404 :

445 4436 738 4485 Persecutio
766 4434 905 4483 enim
938 4437 985 4481 te
1011 4433 1291 4481 venientem
1322 4431 1392 4480 ad
1425 4442 1697 4479 summam.

505 4507 571 4568 (2)
616 4508 697 4556 Me
740 4510 930 4554 autem.
982 4503 1219 4553 Multum
1266 4501 1479 4550 variant
1522 4501 1579 4548 in
1624 4499 1733 4548 hoc
1778 4498 1901 4547 loco
1951 4496 2075 4545 libri

444 4567 673 4627 veteres.
720 4576 782 4625 In
829 4574 1155 4624 Divionensi
1213 4572 1435 4634 quippe,
1489 4570 1544 4618 in
1599 4569 1831 4619 Metensi
1884 4567 2076 4618 Sancti

445 4647 741 4711 Arnulphi,
790 4650 846 4696 et
897 4647 951 4694 in
1010 4644 1349 4695 Lamoniano
1398 4642 1666 4704 scriptum
1723 4644 1801 4689 est
1853 4656 1863 4687 :
1916 4656 1942 4711 ᾳ
1992 4639 2077 4711 Me

444 4709 643 4771 autem
685 4717 1096 4781 proscriptionis
1143 4715 1351 4763 honore
1398 4711 1686 4781 depressit,
1730 4723 1856 4781 cum
1901 4709 2076 4772 magis

440 4792 664 4856 publice
686 4780 975 4854 legeretur
1004 4803 1014 4835 ε
1045 4786 1102 4838 Si
1132 4786 1257 4850 quis
1288 4784 1357 4834 de
1392 4782 1551 4832 bonis
1579 4780 1788 4856 Caecilii
1810 4780 2073 4856 Cypriani

443 4850 704 4927 episcopi.
746 4850 779 4907 ›ζ
816 4860 910 4911 Sic
956 4860 1122 4909 etiam
1164 4858 1274 4907 fere
1315 4867 1462 4903 unus
1505 4865 1665 4901 meus
1699 4854 1872 4900 vetus.
1904 4850 2074 4927 pnus

445 4919 804 4998 Itemigianus
832 4933 913 4982 sic
947 4947 956 4978 :
990 4947 1017 4975 «
1044 4930 1129 4980 Me
1161 4931 1344 4977 autem
1380 4937 1509 4975 cum
1537 4922 1878 4998 proscriptio
1898 4919 2074 4972 Caci-

439 5005 499 5055 lii
532 4991 795 5069 Cypriani
820 5004 1128 5066 legeretur:
1155 5000 1212 5051 Si
1242 4998 1367 5061 quis
1403 4999 1551 5069 tenet
1580 4991 2074 5069 possidet,_honore

444 5064 733 5140 depressit,
784 5064 912 5125 cum
960 5073 1133 5136 magis
1186 5069 1421 5140 publice
1461 5067 1793 5140 legeretur__:
1843 5064 2074 5140 Siquis

445 5134 597 5198 tenet
631 5147 699 5197 de
722 5134 1134 5233 lbon‘is‘Caacil‘ii
1164 5139 1443 5233 Cypriani.
1458 5136 1703 5201 episcopi
1733 5134 2073 5186 Christiano-
2094 5162 2153 5233 D

446 5233 587 5279 rum,
621 5217 1014 5282 proscribatur,
1040 5217 1100 5263 ut
1130 5214 1309 5271 etiam,
1336 5230 1364 5255 »
1395 5214 1500 5259 etc.

512 5277 582 5351 (3)
609 5277 793 5338 ὀηονε.
826 5286 934 5338 Sex
975 5284 1102 5335 libri
1139 5283 1311 5331 nostri
1346 5284 1578 5340 veteres,
1610 5277 1720 5351 duo
1762 5277 2073 5351 Anglicani,

445 5365 498 5411 et
519 5350 861 5409 Veronensis
896 5356 1103 5407 habent
1139 5354 1352 5410 honore,
1382 5356 1443 5401 ut
1477 5353 1533 5401 in
1574 5350 1712 5400 locis
1745 5350 1912 5413 paulo
1950 5354 2076 5398 ante

444 5431 686 5482 laudatis
717 5431 816 5479 tria
848 5429 1088 5479 horrore.
1120 5424 1260 5475 Vide
1294 5424 1708 5474 observationes
1744 5421 1981 5485 Rigaltii.

504 5504 570 5565 (4)
627 5501 867 5565 Episcopi
924 5499 1366 5550 Christianorum.
1424 5495 1637 5544 Erasmi
1692 5494 1861 5543 editio
1921 5492 2071 5542 addit

441 5572 828 5638 proscribatur.
881 5570 1042 5633 Quod
1099 5583 1202 5633 ego
1254 5569 1509 5631 nuspiam
1562 5566 1746 5615 inveni
1794 5579 1959 5628 quam
2018 5566 2073 5613 in

446 5635 773 5709 Remigiano
803 5656 969 5707 quem
997 5642 1161 5705 paulo
1189 5645 1314 5690 ante
1341 5639 1579 5687 laudavi.
1608 5637 1718 5688 Sed
1744 5636 1859 5686 illic
1889 5635 2075 5685 omnia

446 5719 580 5767 sunt
608 5714 768 5766 valde
797 5713 1030 5765 confusa
1055 5716 1107 5763 et
1138 5713 1417 5776 permista.

510 5789 575 5848 (5)
636 5787 849 5837 Vicaria
900 5784 1255 5835 ordinatione.
1313 5780 1451 5830 Vide
1508 5784 1666 5830 notas
1727 5783 1944 5829 nostras
2008 5776 2076 5827 ad

180 5834 197 5843 ’
386 5828 649 5925 Δ,1,ιὶιῖιὶιηὶ
671 5828 1641 5921 Ennienni;magna

2237 3786 2303 3847 (6)
2345 3784 2468 3834 Inde
2509 3783 2667 3833 enim.
2709 3782 2935 3831 Veteres
2978 3778 3250 3847 editiones
3292 3777 3347 3825 et
3391 3769 3787 3847 Merellianaet

2176 3837 2301 3904 octo
2358 3858 2548 3905 vetera
2619 3849 2952 3914 exemplaria
3012 3845 3217 3896 habent
3272 3859 3282 3891 :
3344 3858 3374 3889 ‹‹
3440 3839 3597 3914 Unde
3652 3837 3785 3914 enim

2176 3926 2474 3977 schismata
2518 3928 2573 3973 et
2614 3906 2854 3971 haereses
2894 3918 3101 3969 obortae
3138 3917 3266 3965 sunt
3304 3918 3359 3963 et
3404 3912 3652 3962 oriuntur
3691 3906 3786 3964 nisi

2177 3996 2311 4047 dum
2362 3995 2693 4058 episcOpus..
2719 4007 2748 4039 »
2795 3990 2906 4040 Nos
2950 3988 3125 4038 secuti
3175 3996 3370 4036 sumus
3423 3980 3783 4032 auctoritatem

2176 4067 2420 4132 plurium
2449 4069 2700 4115 veterum
2730 4058 3148 4132 exemplarium.

2239 4140 2308 4201 (7)
2362 4136 2617 4199 Indignus
2669 4119 2982 4183 hominibus.
3038 4128 3197 4179 Hanc
3227 4126 3550 4201 __lectione_m
3602 4119 3785 4201 conﬁt:

2175 4191 2330 4258 ment
2365 4191 2626 4257 undecim
2665 4204 2791 4254 libri
2830 4206 3045 4252 veteres
3084 4203 3137 4249 et
3176 4198 3446 4249 editiones
3482 4191 3704 4245 Manutii
3739 4191 3786 4238 et

2179 4280 2426 4331 Morellii.
2459 4280 2529 4328 At
2558 4278 2801 4339 antiquas
2834 4278 2887 4324 et
2920 4273 3031 4323 duo
3061 4270 3187 4322 libri
3215 4261 3785 4339 manuscriptipraafe-

2176 4357 2306 4401 runt
2345 4350 2407 4400 ab
2450 4337 3030 4411 indignis-hominibus.
3073 4342 3167 4393 Sic
3207 4340 3474 4391 Paulinus
3510 4337 3785 4411 episcopus

2178 4421 2531 4474 Treverensis
2566 4402 2834 4481 indignus
2876 4415 3125 4466 Ecclesia
3164 4412 3233 4461 ab
3278 4409 3555 4481 episcopis
3574 4402 3784 4481 _Ariauis

2169 4494 2451 4557 judicatus
2477 4494 2577 4552 est,
2605 4493 2665 4539 ut
2694 4479 3013 4538 monuimus
3043 4484 3113 4534 ad
3132 4483 3349 4548 Lupum
3378 4479 3782 4531 Ferrariensem.

2176 4578 2297 4627 pag.
2327 4564 2436 4612 486.

2240 4615 2301 4697 (S)
2359 4635 2460 4683 Nec
2514 4629 2842 4695 fraternitas.
2899 4625 3089 4677 Codex
3145 4622 3441 4683 Fuxensis,
3491 4632 3581 4697 nec
3607 4615 3785 4697 clerus

2176 4689 2415 4755 habuerit
2461 4689 2772 4766 episcopum.
2825 4699 3005 4761 Quam
3051 4697 3343 4747 lectionem
3391 4707 3492 4757 ego
3546 4689 3784 4766 lubenter

2176 4761 2510 4839 praeferrem,
2543 4774 2591 4824 si
2619 4761 2861 4836 plurium
2899 4774 3148 4820 veterum
3182 4766 3448 4816 librorum
3478 4761 3782 4814 auctoritate

2175 4848 2460 4896 niteretur.

2237 4919 2304 4981 (9)
2342 4918 2404 4966 Et
2441 4912 2860 4965 communicatio.
2893 4909 3143 4972 Quatuor
3176 4907 3303 4957 libri
3342 4909 3570 4963 veteres,
3600 4904 3648 4950 et
3688 4897 3783 4959 lege

2174 4985 2664 5039 communicationis
2689 4983 2908 5033 tradita.

2239 5060 2333 5121 (10)
2386 5057 2707 5121 Cognitionis
2758 5060 2856 5104 tuae
2906 5053 3234 5103 auctoritate.
3286 5050 3423 5099 Tres
3472 5044 3595 5121 libri
3644 5043 3781 5121 vete-

2178 5109 2290 5191 res,
2349 5109 2667 5194 cognitionis
2730 5130 2830 5175 tute
2875 5124 3084 5189 judicio
3146 5120 3449 5184 reformare.
3508 5117 3631 5194 Duq
3681 5109 3781 5194 alii,

2175 5182 2485 5266 cognitionis
2529 5205 2628 5249 tuae
2678 5182 3209 5262 vigore'reformarer
3264 5193 3343 5242 Ita
3389 5190 3572 5266 etiam.
3599 5182 3782 5266 Sorbo-

2176 5253 2356 5335 uicus,
2395 5272 2502 5322 nisi
2545 5270 2693 5334 quod
2730 5253 2791 5317 in
2834 5280 2900 5318 eo
2941 5253 3048 5316 vox
3090 5265 3273 5328 vigore
3315 5260 3516 5312 excidit
3559 5253 3780 5335 librario.

2178 5348 2239 5396 In
2288 5327 2521 5395 Thuano
2562 5327 2834 5404 scriptum
2882 5342 2963 5388 est
3006 5354 3033 5381 «
3077 5327 3407 5399 cognitionis
3452 5336 3555 5381 tua:
3596 5327 3782 5404 victore

2178 5418 2430 5466 formare.
2478 5432 2504 5459 υ
2550 5412 2609 5461 In
2653 5398 2992 5460 hamoniano
3030 5424 3058 5456 α
3098 5398 3430 5471 cognitionis
3473 5406 3579 5451 tum
3617 5398 3781 5471 victo—

2174 5501 2306 5537 rem.
2351 5506 2378 5532 »
2431 5486 2569 5547 Quin
2618 5484 2802 5532 omnia
2850 5467 3451 5529 viderentur‘innuere
3501 5467 3780 5533 legendum

2169 5561 2381 5610 forleau
2408 5569 2527 5606 esse
2551 5552 2860 5617 cognitionis
2890 5557 2988 5601 tua:
3016 5551 3207 5611 vigore.

2238 5607 2332 5691 (ll)
2381 5629 2439 5676 Et
2479 5607 2659 5676 ducem
2703 5623 2940 5687 pecudes.
2974 5607 3210 5683 Quidam
3252 5618 3625 5691 libriveteres
3659 5607 3777 5691 istic

2176 5679 2438 5752 omittunt
2466 5710 2657 5747 vocem
2694 5679 2928 5759 pecudes,
2956 5679 3016 5744 et
3031 5693 3269 5755 judicem
3297 5689 3557 5751 scriptum
3589 5679 3777 5731 habent

2177 5787 2274 5838 pro
2305 5772 2500 5821 ducem.

2243 5845 2342 5911 (li)
2391 5844 2639 5895 Latrones
2683 5838 2932 5903 mancipi.
2980 5835 3043 5888 Id
3089 5838 3172 5888 est
3223 5830 3472 5901 principi,
3515 5824 3638 5877 duci
3683 5831 3774 5870 suo
