  <div class='ocr_page' id='page_1' title='image "/cluster/home/n/w/nwhite01/storage/ocr_20150623/4/hvd.32044073549446/214.png"; bbox 0 0 3978 6194; ppageno 0'>
   <div class='ocr_carea' id='block_1_1' title="bbox 204 198 3495 263">
    <p class='ocr_par' dir='ltr' id='par_1_1' title="bbox 204 198 3495 263">
     <span class='ocr_line' id='line_1_1' title="bbox 204 198 3495 263; baseline -0.001 -2"><span class='ocrx_word' id='word_1_1' title='bbox 204 209 285 263; x_wconf 67' lang='lat' dir='ltr'>il?</span> <span class='ocrx_word' id='word_1_2' title='bbox 1562 198 1882 254; x_wconf 76' lang='lat' dir='ltr'>EPISTULA</span> <span class='ocrx_word' id='word_1_3' title='bbox 1921 198 2095 254; x_wconf 82' lang='lat' dir='ltr'>LXIX.</span> <span class='ocrx_word' id='word_1_4' title='bbox 3394 203 3495 257; x_wconf 84' lang='grc'>418</span> 
     </span>
    </p>
   </div>
   <div class='ocr_carea' id='block_1_2' title="bbox 201 326 3493 415">
    <p class='ocr_par' dir='ltr' id='par_1_2' title="bbox 201 326 3493 415">
     <span class='ocr_line' id='line_1_2' title="bbox 201 326 3493 415; baseline -0.001 -29"><span class='ocrx_word' id='word_1_5' title='bbox 201 333 422 403; x_wconf 87' lang='lat' dir='ltr'>pliciores</span> <span class='ocrx_word' id='word_1_6' title='bbox 447 330 547 399; x_wconf 84' lang='lat' dir='ltr'>(i3)</span> <span class='ocrx_word' id='word_1_7' title='bbox 586 333 643 382; x_wconf 92' lang='lat' dir='ltr'>et</span> <span class='ocrx_word' id='word_1_8' title='bbox 670 327 933 382; x_wconf 85' lang='lat' dir='ltr'>meliores</span> <span class='ocrx_word' id='word_1_9' title='bbox 964 327 1119 381; x_wconf 81' lang='lat' dir='ltr'>vobis</span> <span class='ocrx_word' id='word_1_10' title='bbox 1151 331 1285 380; x_wconf 88' lang='lat' dir='ltr'>sunt</span> <span class='ocrx_word' id='word_1_11' title='bbox 1304 326 1488 381; x_wconf 74' lang='lat' dir='ltr'>bruttc</span> <span class='ocrx_word' id='word_1_12' title='bbox 1519 327 1768 399; x_wconf 83' lang='lat' dir='ltr'>pecudes</span> <span class='ocrx_word' id='word_1_13' title='bbox 1792 327 2185 415; x_wconf 74' lang='lat' dir='ltr'>Ainsignium</span> <span class='ocrx_word' id='word_1_14' title='bbox 2231 327 2529 380; x_wconf 80' lang='lat' dir='ltr'>vulnerum</span> <span class='ocrx_word' id='word_1_15' title='bbox 2571 329 2626 379; x_wconf 90' lang='lat' dir='ltr'>et</span> <span class='ocrx_word' id='word_1_16' title='bbox 2676 326 2997 381; x_wconf 75' lang='lat' dir='ltr'>cicatricum</span> <span class='ocrx_word' id='word_1_17' title='bbox 3043 328 3327 382; x_wconf 82' lang='lat' dir='ltr'>memoria</span> <span class='ocrx_word' id='word_1_18' title='bbox 3372 330 3493 399; x_wconf 82' lang='lat' dir='ltr'>glo-</span> 
     </span>
    </p>
   </div>
   <div class='ocr_carea' id='block_1_3' title="bbox 200 419 3496 491">
    <p class='ocr_par' dir='ltr' id='par_1_3' title="bbox 200 419 3496 491">
     <span class='ocr_line' id='line_1_3' title="bbox 200 419 3496 491; baseline -0.001 -12"><span class='ocrx_word' id='word_1_19' title='bbox 200 430 244 480; x_wconf 88' lang='lat' dir='ltr'>et</span> <span class='ocrx_word' id='word_1_20' title='bbox 265 427 401 478; x_wconf 86' lang='lat' dir='ltr'>muta</span> <span class='ocrx_word' id='word_1_21' title='bbox 424 422 705 487; x_wconf 90' lang='lat' dir='ltr'>animalia,</span> <span class='ocrx_word' id='word_1_22' title='bbox 750 429 805 476; x_wconf 89' lang='lat' dir='ltr'>et</span> <span class='ocrx_word' id='word_1_23' title='bbox 829 420 1044 476; x_wconf 80' lang='lat' dir='ltr'>cruenti</span> <span class='ocrx_word' id='word_1_24' title='bbox 1073 421 1207 475; x_wconf 88' lang='lat' dir='ltr'>licet</span> <span class='ocrx_word' id='word_1_25' title='bbox 1236 437 1299 474; x_wconf 88' lang='lat' dir='ltr'>ac</span> <span class='ocrx_word' id='word_1_26' title='bbox 1333 420 1590 474; x_wconf 83' lang='lat' dir='ltr'>furentes</span> <span class='ocrx_word' id='word_1_27' title='bbox 1620 420 1771 474; x_wconf 91' lang='lat' dir='ltr'>inter</span> <span class='ocrx_word' id='word_1_28' title='bbox 1873 420 2027 489; x_wconf 90' lang='lat' dir='ltr'>riosi,</span> <span class='ocrx_word' id='word_1_29' title='bbox 2055 422 2137 475; x_wconf 92' lang='lat' dir='ltr'>tot</span> <span class='ocrx_word' id='word_1_30' title='bbox 2158 420 2408 490; x_wconf 80' lang='lat' dir='ltr'>virgines</span> <span class='ocrx_word' id='word_1_31' title='bbox 2428 419 2690 489; x_wconf 64' lang='lat' dir='ltr'>integrae,</span> <span class='ocrx_word' id='word_1_32' title='bbox 2720 425 2800 474; x_wconf 90' lang='lat' dir='ltr'>tot</span> <span class='ocrx_word' id='word_1_33' title='bbox 2826 421 3136 475; x_wconf 82' lang='lat' dir='ltr'>laudabiles</span> <span class='ocrx_word' id='word_1_34' title='bbox 3169 422 3374 491; x_wconf 82' lang='lat' dir='ltr'>viduae,</span> <span class='ocrx_word' id='word_1_35' title='bbox 3400 424 3496 476; x_wconf 89' lang='lat' dir='ltr'>Ec-</span> 
     </span>
    </p>
   </div>
   <div class='ocr_carea' id='block_1_4' title="bbox 194 512 3493 589">
    <p class='ocr_par' dir='ltr' id='par_1_4' title="bbox 194 512 3493 589">
     <span class='ocr_line' id='line_1_4' title="bbox 194 512 3493 589; baseline -0.001 -17"><span class='ocrx_word' id='word_1_36' title='bbox 194 518 377 589; x_wconf 85' lang='lat' dir='ltr'>gladios</span> <span class='ocrx_word' id='word_1_37' title='bbox 416 521 582 586; x_wconf 84' lang='lat' dir='ltr'>atque</span> <span class='ocrx_word' id='word_1_38' title='bbox 622 516 775 569; x_wconf 90' lang='lat' dir='ltr'>inter</span> <span class='ocrx_word' id='word_1_39' title='bbox 816 532 979 569; x_wconf 84' lang='lat' dir='ltr'>arma</span> <span class='ocrx_word' id='word_1_40' title='bbox 1025 514 1371 585; x_wconf 79' lang='lat' dir='ltr'>praedones?</span> <span class='ocrx_word' id='word_1_41' title='bbox 1422 513 1769 583; x_wconf 64' lang='lat' dir='ltr'>Praspositus</span> <span class='ocrx_word' id='word_1_42' title='bbox 1871 512 2057 567; x_wconf 72' lang='lat' dir='ltr'>clesize</span> <span class='ocrx_word' id='word_1_43' title='bbox 2105 514 2354 584; x_wconf 89' lang='lat' dir='ltr'>denique</span> <span class='ocrx_word' id='word_1_44' title='bbox 2390 512 2662 566; x_wconf 81' lang='lat' dir='ltr'>universae</span> <span class='ocrx_word' id='word_1_45' title='bbox 2719 529 2820 583; x_wconf 91' lang='lat' dir='ltr'>per</span> <span class='ocrx_word' id='word_1_46' title='bbox 2863 519 3045 568; x_wconf 90' lang='lat' dir='ltr'>totum</span> <span class='ocrx_word' id='word_1_47' title='bbox 3078 514 3360 569; x_wconf 89' lang='lat' dir='ltr'>mundum</span> <span class='ocrx_word' id='word_1_48' title='bbox 3393 533 3493 569; x_wconf 88' lang='lat' dir='ltr'>no-</span> 
     </span>
    </p>
   </div>
   <div class='ocr_carea' id='block_1_5' title="bbox 192 605 3492 679">
    <p class='ocr_par' dir='ltr' id='par_1_5' title="bbox 192 605 3492 679">
     <span class='ocr_line' id='line_1_5' title="bbox 192 605 3492 679; baseline -0.001 -15"><span class='ocrx_word' id='word_1_49' title='bbox 192 611 283 666; x_wconf 91' lang='lat' dir='ltr'>illic</span> <span class='ocrx_word' id='word_1_50' title='bbox 316 609 628 679; x_wconf 73' lang='lat' dir='ltr'>agnoscitur</span> <span class='ocrx_word' id='word_1_51' title='bbox 668 614 724 664; x_wconf 91' lang='lat' dir='ltr'>et</span> <span class='ocrx_word' id='word_1_52' title='bbox 748 607 983 662; x_wconf 79' lang='lat' dir='ltr'>timetur</span> <span class='ocrx_word' id='word_1_53' title='bbox 1033 624 1202 679; x_wconf 84' lang='lat' dir='ltr'>quem</span> <span class='ocrx_word' id='word_1_54' title='bbox 1243 625 1355 662; x_wconf 88' lang='lat' dir='ltr'>non</span> <span class='ocrx_word' id='word_1_55' title='bbox 1382 606 1661 662; x_wconf 77' lang='lat' dir='ltr'>sententia</span> <span class='ocrx_word' id='word_1_56' title='bbox 1692 605 1771 660; x_wconf 90' lang='lat' dir='ltr'>di-</span> <span class='ocrx_word' id='word_1_57' title='bbox 1870 606 2092 661; x_wconf 83' lang='lat' dir='ltr'>hiscum</span> <span class='ocrx_word' id='word_1_58' title='bbox 2129 606 2362 661; x_wconf 75' lang='lat' dir='ltr'>unitatis</span> <span class='ocrx_word' id='word_1_59' title='bbox 2393 606 2614 659; x_wconf 89' lang='lat' dir='ltr'>vinculo</span> <span class='ocrx_word' id='word_1_60' title='bbox 2643 606 2966 676; x_wconf 63' lang='lat' dir='ltr'>copulatae?</span> <span class='ocrx_word' id='word_1_61' title='bbox 2991 607 3107 661; x_wconf 86' lang='lat' dir='ltr'>Nisi</span> <span class='ocrx_word' id='word_1_62' title='bbox 3138 608 3183 661; x_wconf 90' lang='lat' dir='ltr'>si</span> <span class='ocrx_word' id='word_1_63' title='bbox 3215 625 3418 663; x_wconf 90' lang='lat' dir='ltr'>omnes</span> <span class='ocrx_word' id='word_1_64' title='bbox 3447 610 3492 643; x_wconf 68' lang='lat'>3&quot;</span> 
     </span>
    </p>
   </div>
   <div class='ocr_carea' id='block_1_6' title="bbox 188 691 3490 773">
    <p class='ocr_par' dir='ltr' id='par_1_6' title="bbox 188 691 3490 773">
     <span class='ocr_line' id='line_1_6' title="bbox 188 691 3490 773; baseline -0.001 -16"><span class='ocrx_word' id='word_1_65' title='bbox 188 704 291 757; x_wconf 81' lang='lat' dir='ltr'>vina</span> <span class='ocrx_word' id='word_1_66' title='bbox 314 701 610 769; x_wconf 84' lang='lat' dir='ltr'>constituit,</span> <span class='ocrx_word' id='word_1_67' title='bbox 633 701 734 756; x_wconf 92' lang='lat' dir='ltr'>sed</span> <span class='ocrx_word' id='word_1_68' title='bbox 754 701 811 755; x_wconf 90' lang='lat' dir='ltr'>in</span> <span class='ocrx_word' id='word_1_69' title='bbox 838 717 1013 773; x_wconf 86' lang='lat' dir='ltr'>quem</span> <span class='ocrx_word' id='word_1_70' title='bbox 1034 691 1199 755; x_wconf 80' lang='lat' dir='ltr'>factio</span> <span class='ocrx_word' id='word_1_71' title='bbox 1220 701 1440 771; x_wconf 89' lang='lat' dir='ltr'>perdita</span> <span class='ocrx_word' id='word_1_72' title='bbox 1470 707 1525 755; x_wconf 90' lang='lat' dir='ltr'>et</span> <span class='ocrx_word' id='word_1_73' title='bbox 1556 716 1769 755; x_wconf 89' lang='lat' dir='ltr'>nocens</span> <span class='ocrx_word' id='word_1_74' title='bbox 1868 699 1961 754; x_wconf 89' lang='lat' dir='ltr'>isti</span> <span class='ocrx_word' id='word_1_75' title='bbox 1993 699 2476 754; x_wconf 84' lang='lat' dir='ltr'>communicantes</span> <span class='ocrx_word' id='word_1_76' title='bbox 2503 714 2750 767; x_wconf 91' lang='lat' dir='ltr'>mecum,</span> <span class='ocrx_word' id='word_1_77' title='bbox 2783 698 3099 755; x_wconf 89' lang='lat' dir='ltr'>secundum</span> <span class='ocrx_word' id='word_1_78' title='bbox 3130 703 3284 772; x_wconf 89' lang='lat' dir='ltr'>quod</span> <span class='ocrx_word' id='word_1_79' title='bbox 3316 702 3490 773; x_wconf 87' lang='lat' dir='ltr'>scrip-</span> 
     </span>
    </p>
   </div>
   <div class='ocr_carea' id='block_1_7' title="bbox 189 791 3494 865">
    <p class='ocr_par' dir='ltr' id='par_1_7' title="bbox 189 791 3494 865">
     <span class='ocr_line' id='line_1_7' title="bbox 189 791 3494 865; baseline -0.001 -14"><span class='ocrx_word' id='word_1_80' title='bbox 189 800 379 851; x_wconf 87' lang='lat' dir='ltr'>caterva</span> <span class='ocrx_word' id='word_1_81' title='bbox 404 794 700 849; x_wconf 85' lang='lat' dir='ltr'>consensit.</span> <span class='ocrx_word' id='word_1_82' title='bbox 1870 792 2012 859; x_wconf 87' lang='lat' dir='ltr'>sisti,</span> <span class='ocrx_word' id='word_1_83' title='bbox 2045 792 2263 863; x_wconf 88' lang='lat' dir='ltr'>polluto</span> <span class='ocrx_word' id='word_1_84' title='bbox 2313 797 2506 846; x_wconf 89' lang='lat' dir='ltr'>nostro</span> <span class='ocrx_word' id='word_1_85' title='bbox 2538 808 2632 845; x_wconf 92' lang='lat' dir='ltr'>ore</span> <span class='ocrx_word' id='word_1_86' title='bbox 2662 791 2866 862; x_wconf 90' lang='lat' dir='ltr'>polluti</span> <span class='ocrx_word' id='word_1_87' title='bbox 2915 796 3047 846; x_wconf 90' lang='lat' dir='ltr'>sunt</span> <span class='ocrx_word' id='word_1_88' title='bbox 3078 799 3134 848; x_wconf 88' lang='lat' dir='ltr'>et</span> <span class='ocrx_word' id='word_1_89' title='bbox 3175 811 3339 865; x_wconf 89' lang='lat' dir='ltr'>spem</span> <span class='ocrx_word' id='word_1_90' title='bbox 3368 794 3494 849; x_wconf 63' lang='lat' dir='ltr'>vitm</span> 
     </span>
    </p>
   </div>
   <div class='ocr_carea' id='block_1_8' title="bbox 242 885 3494 958">
    <p class='ocr_par' dir='ltr' id='par_1_8' title="bbox 242 885 3494 958">
     <span class='ocr_line' id='line_1_8' title="bbox 242 885 3494 958; baseline -0.001 -15"><span class='ocrx_word' id='word_1_91' title='bbox 242 890 338 943; x_wconf 80' lang='lat' dir='ltr'>VII.</span> <span class='ocrx_word' id='word_1_92' title='bbox 383 887 574 941; x_wconf 79' lang='lat' dir='ltr'>Dixisti</span> <span class='ocrx_word' id='word_1_93' title='bbox 616 904 752 942; x_wconf 86' lang='lat' dir='ltr'>sane</span> <span class='ocrx_word' id='word_1_94' title='bbox 779 887 1104 958; x_wconf 88' lang='lat' dir='ltr'>scrupulum</span> <span class='ocrx_word' id='word_1_95' title='bbox 1159 886 1261 941; x_wconf 89' lang='lat' dir='ltr'>tibi</span> <span class='ocrx_word' id='word_1_96' title='bbox 1293 903 1411 942; x_wconf 89' lang='lat' dir='ltr'>esse</span> <span class='ocrx_word' id='word_1_97' title='bbox 1443 886 1765 941; x_wconf 80' lang='lat' dir='ltr'>tellendum</span> <span class='ocrx_word' id='word_1_98' title='bbox 1873 889 2102 940; x_wconf 65' lang='lat' dir='ltr'>aeternae</span> <span class='ocrx_word' id='word_1_99' title='bbox 2132 885 2669 940; x_wconf 86' lang='lat' dir='ltr'>communicationis</span> <span class='ocrx_word' id='word_1_100' title='bbox 2698 888 2908 939; x_wconf 60' lang='lat' dir='ltr'>nostra:</span> <span class='ocrx_word' id='word_1_101' title='bbox 2936 886 3274 956; x_wconf 83' lang='lat' dir='ltr'>contagione</span> <span class='ocrx_word' id='word_1_102' title='bbox 3302 889 3494 956; x_wconf 90' lang='lat' dir='ltr'>perdi-</span> 
     </span>
    </p>
   </div>
   <div class='ocr_carea' id='block_1_9' title="bbox 186 978 3492 1051">
    <p class='ocr_par' dir='ltr' id='par_1_9' title="bbox 186 978 3492 1051">
     <span class='ocr_line' id='line_1_9' title="bbox 186 978 3492 1051; baseline -0 -16"><span class='ocrx_word' id='word_1_103' title='bbox 186 982 241 1035; x_wconf 87' lang='lat' dir='ltr'>de</span> <span class='ocrx_word' id='word_1_104' title='bbox 265 982 460 1048; x_wconf 88' lang='lat' dir='ltr'>animo,</span> <span class='ocrx_word' id='word_1_105' title='bbox 488 981 543 1034; x_wconf 92' lang='lat' dir='ltr'>in</span> <span class='ocrx_word' id='word_1_106' title='bbox 582 997 751 1051; x_wconf 85' lang='lat' dir='ltr'>quem</span> <span class='ocrx_word' id='word_1_107' title='bbox 781 980 1047 1034; x_wconf 89' lang='lat' dir='ltr'>incidisti.</span> <span class='ocrx_word' id='word_1_108' title='bbox 1083 979 1352 1047; x_wconf 90' lang='lat' dir='ltr'>lucidisti,</span> <span class='ocrx_word' id='word_1_109' title='bbox 1386 980 1484 1035; x_wconf 90' lang='lat' dir='ltr'>sed</span> <span class='ocrx_word' id='word_1_110' title='bbox 1516 984 1616 1033; x_wconf 88' lang='lat' dir='ltr'>tua</span> <span class='ocrx_word' id='word_1_111' title='bbox 1641 997 1765 1035; x_wconf 91' lang='lat' dir='ltr'>cre-</span> <span class='ocrx_word' id='word_1_112' title='bbox 1869 978 2113 1034; x_wconf 51' lang='lat' dir='ltr'>derunt)</span> <span class='ocrx_word' id='word_1_113' title='bbox 2156 978 2437 1049; x_wconf 88' lang='lat' dir='ltr'>Pupianus</span> <span class='ocrx_word' id='word_1_114' title='bbox 2486 979 2638 1032; x_wconf 89' lang='lat' dir='ltr'>solus</span> <span class='ocrx_word' id='word_1_115' title='bbox 2683 979 2909 1048; x_wconf 86' lang='lat' dir='ltr'>integer</span> <span class='ocrx_word' id='word_1_116' title='bbox 2962 978 3108 1049; x_wconf 85' lang='grc'>(16),</span> <span class='ocrx_word' id='word_1_117' title='bbox 3160 979 3458 1035; x_wconf 85' lang='lat' dir='ltr'>inviolatus</span> <span class='ocrx_word' id='word_1_118' title='bbox 3480 1024 3492 1046; x_wconf 96' lang='lat'>,</span> 
     </span>
    </p>
   </div>
   <div class='ocr_carea' id='block_1_10' title="bbox 183 1071 3493 1145">
    <p class='ocr_par' dir='ltr' id='par_1_10' title="bbox 183 1071 3493 1145">
     <span class='ocr_line' id='line_1_10' title="bbox 183 1071 3493 1145; baseline -0.001 -16"><span class='ocrx_word' id='word_1_119' title='bbox 183 1076 383 1129; x_wconf 80' lang='lat' dir='ltr'>dulitate</span> <span class='ocrx_word' id='word_1_120' title='bbox 442 1074 797 1145; x_wconf 84' lang='lat' dir='ltr'>irreligiosa;</span> <span class='ocrx_word' id='word_1_121' title='bbox 859 1073 1143 1140; x_wconf 89' lang='lat' dir='ltr'>incidisti,</span> <span class='ocrx_word' id='word_1_122' title='bbox 1175 1073 1278 1127; x_wconf 91' lang='lat' dir='ltr'>sed</span> <span class='ocrx_word' id='word_1_123' title='bbox 1328 1078 1431 1127; x_wconf 90' lang='lat' dir='ltr'>tua</span> <span class='ocrx_word' id='word_1_124' title='bbox 1496 1080 1682 1130; x_wconf 89' lang='lat' dir='ltr'>mente</span> <span class='ocrx_word' id='word_1_125' title='bbox 1712 1078 1769 1129; x_wconf 90' lang='lat' dir='ltr'>et</span> <span class='ocrx_word' id='word_1_126' title='bbox 1869 1075 2118 1141; x_wconf 88' lang='lat' dir='ltr'>sanctus,</span> <span class='ocrx_word' id='word_1_127' title='bbox 2166 1072 2425 1143; x_wconf 91' lang='lat' dir='ltr'>pudicus,</span> <span class='ocrx_word' id='word_1_128' title='bbox 2478 1072 2575 1143; x_wconf 91' lang='lat' dir='ltr'>qui</span> <span class='ocrx_word' id='word_1_129' title='bbox 2630 1071 2792 1126; x_wconf 89' lang='lat' dir='ltr'>nobis</span> <span class='ocrx_word' id='word_1_130' title='bbox 2820 1071 3057 1127; x_wconf 89' lang='lat' dir='ltr'>miscere</span> <span class='ocrx_word' id='word_1_131' title='bbox 3111 1087 3168 1127; x_wconf 89' lang='lat' dir='ltr'>se</span> <span class='ocrx_word' id='word_1_132' title='bbox 3198 1073 3401 1142; x_wconf 92' lang='lat' dir='ltr'>noluit,</span> <span class='ocrx_word' id='word_1_133' title='bbox 3434 1073 3493 1126; x_wconf 92' lang='lat' dir='ltr'>in</span> 
     </span>
    </p>
   </div>
   <div class='ocr_carea' id='block_1_11' title="bbox 181 1165 3422 1237">
    <p class='ocr_par' dir='ltr' id='par_1_11' title="bbox 181 1165 3422 1237">
     <span class='ocr_line' id='line_1_11' title="bbox 181 1165 3422 1237; baseline 0 -17"><span class='ocrx_word' id='word_1_134' title='bbox 181 1168 437 1222; x_wconf 71' lang='lat' dir='ltr'>voluntate</span> <span class='ocrx_word' id='word_1_135' title='bbox 460 1167 750 1236; x_wconf 83' lang='lat' dir='ltr'>sacrilega,</span> <span class='ocrx_word' id='word_1_136' title='bbox 783 1166 918 1221; x_wconf 91' lang='lat' dir='ltr'>dum</span> <span class='ocrx_word' id='word_1_137' title='bbox 945 1167 1184 1235; x_wconf 86' lang='lat' dir='ltr'>incesta,</span> <span class='ocrx_word' id='word_1_138' title='bbox 1217 1166 1351 1221; x_wconf 89' lang='lat' dir='ltr'>dum</span> <span class='ocrx_word' id='word_1_139' title='bbox 1395 1165 1592 1237; x_wconf 88' lang='lat' dir='ltr'>impia,</span> <span class='ocrx_word' id='word_1_140' title='bbox 1629 1166 1764 1222; x_wconf 88' lang='lat' dir='ltr'>dum</span> <span class='ocrx_word' id='word_1_141' title='bbox 1867 1165 2135 1236; x_wconf 85' lang='lat' dir='ltr'>paradiso</span> <span class='ocrx_word' id='word_1_142' title='bbox 2165 1169 2335 1237; x_wconf 86' lang='lat' dir='ltr'>atque</span> <span class='ocrx_word' id='word_1_143' title='bbox 2358 1166 2419 1219; x_wconf 91' lang='lat' dir='ltr'>in</span> <span class='ocrx_word' id='word_1_144' title='bbox 2446 1182 2628 1236; x_wconf 90' lang='lat' dir='ltr'>regno</span> <span class='ocrx_word' id='word_1_145' title='bbox 2657 1165 2929 1219; x_wconf 80' lang='lat' dir='ltr'>caelorum</span> <span class='ocrx_word' id='word_1_146' title='bbox 2950 1165 3101 1220; x_wconf 90' lang='lat' dir='ltr'>solus</span> <span class='ocrx_word' id='word_1_147' title='bbox 3121 1165 3422 1220; x_wconf 84' lang='lat' dir='ltr'>habitabit.</span> 
     </span>
    </p>
   </div>
   <div class='ocr_carea' id='block_1_12' title="bbox 181 1258 3494 1330">
    <p class='ocr_par' dir='ltr' id='par_1_12' title="bbox 181 1258 3494 1330">
     <span class='ocr_line' id='line_1_12' title="bbox 181 1258 3494 1330; baseline 0 -15"><span class='ocrx_word' id='word_1_148' title='bbox 181 1260 394 1315; x_wconf 78' lang='lat' dir='ltr'>nefanda</span> <span class='ocrx_word' id='word_1_149' title='bbox 442 1264 635 1314; x_wconf 88' lang='lat' dir='ltr'>contra</span> <span class='ocrx_word' id='word_1_150' title='bbox 682 1260 937 1326; x_wconf 80' lang='lat' dir='ltr'>fratrem,</span> <span class='ocrx_word' id='word_1_151' title='bbox 980 1261 1177 1313; x_wconf 86' lang='lat' dir='ltr'>contra</span> <span class='ocrx_word' id='word_1_152' title='bbox 1214 1259 1571 1315; x_wconf 85' lang='lat' dir='ltr'>sacerdotem</span> <span class='ocrx_word' id='word_1_153' title='bbox 1598 1259 1765 1314; x_wconf 87' lang='lat' dir='ltr'>facile</span> <span class='ocrx_word' id='word_1_154' title='bbox 1941 1260 2069 1313; x_wconf 86' lang='lat' dir='ltr'>Vlll.</span> <span class='ocrx_word' id='word_1_155' title='bbox 2102 1258 2385 1329; x_wconf 88' lang='lat' dir='ltr'>Scripsisti</span> <span class='ocrx_word' id='word_1_156' title='bbox 2431 1275 2654 1330; x_wconf 91' lang='lat' dir='ltr'>quoque</span> <span class='ocrx_word' id='word_1_157' title='bbox 2680 1258 2832 1329; x_wconf 87' lang='lat' dir='ltr'>quod</span> <span class='ocrx_word' id='word_1_158' title='bbox 2868 1259 3114 1315; x_wconf 87' lang='lat' dir='ltr'>Ecclesia</span> <span class='ocrx_word' id='word_1_159' title='bbox 3143 1275 3297 1315; x_wconf 89' lang='lat' dir='ltr'>nunc</span> <span class='ocrx_word' id='word_1_160' title='bbox 3327 1276 3494 1330; x_wconf 89' lang='lat' dir='ltr'>prop-</span> 
     </span>
    </p>
   </div>
   <div class='ocr_carea' id='block_1_13' title="bbox 181 1348 3496 1424">
    <p class='ocr_par' dir='ltr' id='par_1_13' title="bbox 181 1348 3496 1424">
     <span class='ocr_line' id='line_1_13' title="bbox 181 1348 3496 1424; baseline -0 -16"><span class='ocrx_word' id='word_1_161' title='bbox 181 1355 329 1419; x_wconf 87' lang='lat' dir='ltr'>audis,</span> <span class='ocrx_word' id='word_1_162' title='bbox 354 1353 593 1408; x_wconf 87' lang='lat' dir='ltr'>libenter</span> <span class='ocrx_word' id='word_1_163' title='bbox 636 1352 838 1421; x_wconf 90' lang='lat' dir='ltr'>credis,</span> <span class='ocrx_word' id='word_1_164' title='bbox 879 1353 1068 1407; x_wconf 89' lang='lat' dir='ltr'>aliena</span> <span class='ocrx_word' id='word_1_165' title='bbox 1098 1353 1396 1407; x_wconf 84' lang='lat' dir='ltr'>mendacia</span> <span class='ocrx_word' id='word_1_166' title='bbox 1443 1348 1762 1424; x_wconf 85' lang='lat' dir='ltr'>quasipro-</span> <span class='ocrx_word' id='word_1_167' title='bbox 1867 1354 1955 1406; x_wconf 89' lang='lat' dir='ltr'>ter</span> <span class='ocrx_word' id='word_1_168' title='bbox 1998 1368 2090 1406; x_wconf 89' lang='lat' dir='ltr'>me</span> <span class='ocrx_word' id='word_1_169' title='bbox 2137 1352 2459 1422; x_wconf 85' lang='lat' dir='ltr'>portionem</span> <span class='ocrx_word' id='word_1_170' title='bbox 2498 1352 2581 1406; x_wconf 89' lang='lat' dir='ltr'>sui</span> <span class='ocrx_word' id='word_1_171' title='bbox 2612 1351 2671 1405; x_wconf 93' lang='lat' dir='ltr'>in</span> <span class='ocrx_word' id='word_1_172' title='bbox 2691 1351 2942 1422; x_wconf 87' lang='lat' dir='ltr'>disperso</span> <span class='ocrx_word' id='word_1_173' title='bbox 2986 1351 3219 1420; x_wconf 90' lang='lat' dir='ltr'>habeat,</span> <span class='ocrx_word' id='word_1_174' title='bbox 3267 1353 3496 1424; x_wconf 89' lang='lat' dir='ltr'>quando</span> 
     </span>
    </p>
   </div>
   <div class='ocr_carea' id='block_1_14' title="bbox 178 1445 3497 1519">
    <p class='ocr_par' dir='ltr' id='par_1_14' title="bbox 178 1445 3497 1519">
     <span class='ocr_line' id='line_1_14' title="bbox 178 1445 3497 1519; baseline 0 -19"><span class='ocrx_word' id='word_1_175' title='bbox 178 1448 275 1519; x_wconf 87' lang='lat' dir='ltr'>pria</span> <span class='ocrx_word' id='word_1_176' title='bbox 299 1450 349 1501; x_wconf 89' lang='lat' dir='ltr'>et</span> <span class='ocrx_word' id='word_1_177' title='bbox 396 1446 609 1517; x_wconf 74' lang='lat' dir='ltr'>privata</span> <span class='ocrx_word' id='word_1_178' title='bbox 640 1445 898 1499; x_wconf 89' lang='lat' dir='ltr'>defendis</span> <span class='ocrx_word' id='word_1_179' title='bbox 922 1462 934 1512; x_wconf 90' lang='lat'><strong>;</strong></span> <span class='ocrx_word' id='word_1_180' title='bbox 986 1461 1089 1499; x_wconf 92' lang='lat' dir='ltr'>nec</span> <span class='ocrx_word' id='word_1_181' title='bbox 1131 1445 1450 1500; x_wconf 86' lang='lat' dir='ltr'>recordaris</span> <span class='ocrx_word' id='word_1_182' title='bbox 1492 1446 1763 1516; x_wconf 89' lang='lat' dir='ltr'>scriptum</span> <span class='ocrx_word' id='word_1_183' title='bbox 1868 1446 2055 1499; x_wconf 90' lang='lat' dir='ltr'>omnis</span> <span class='ocrx_word' id='word_1_184' title='bbox 2082 1446 2345 1501; x_wconf 71' lang='lat' dir='ltr'>Ecclesiae</span> <span class='ocrx_word' id='word_1_185' title='bbox 2371 1446 2618 1516; x_wconf 89' lang='lat' dir='ltr'>populus</span> <span class='ocrx_word' id='word_1_186' title='bbox 2644 1448 2699 1501; x_wconf 91' lang='lat' dir='ltr'>et</span> <span class='ocrx_word' id='word_1_187' title='bbox 2728 1445 2996 1499; x_wconf 89' lang='lat' dir='ltr'>collectus</span> <span class='ocrx_word' id='word_1_188' title='bbox 3025 1446 3095 1501; x_wconf 90' lang='lat' dir='ltr'>sit</span> <span class='ocrx_word' id='word_1_189' title='bbox 3124 1451 3179 1501; x_wconf 91' lang='lat' dir='ltr'>et</span> <span class='ocrx_word' id='word_1_190' title='bbox 3211 1446 3497 1501; x_wconf 87' lang='lat' dir='ltr'>adunatus</span> 
     </span>
    </p>
   </div>
   <div class='ocr_carea' id='block_1_15' title="bbox 179 1538 3492 1609">
    <p class='ocr_par' dir='ltr' id='par_1_15' title="bbox 179 1538 3492 1609">
     <span class='ocr_line' id='line_1_15' title="bbox 179 1538 3492 1609; baseline 0 -15"><span class='ocrx_word' id='word_1_191' title='bbox 179 1556 276 1595; x_wconf 84' lang='lat' dir='ltr'>esse</span> <span class='ocrx_word' id='word_1_192' title='bbox 304 1562 312 1592; x_wconf 93' lang='lat'><strong>:</strong></span> <span class='ocrx_word' id='word_1_193' title='bbox 343 1541 466 1609; x_wconf 82' lang='lat' dir='ltr'>Sepi</span> <span class='ocrx_word' id='word_1_194' title='bbox 493 1555 649 1593; x_wconf 82' lang='lat' dir='ltr'>aures</span> <span class='ocrx_word' id='word_1_195' title='bbox 683 1545 804 1594; x_wconf 89' lang='lat' dir='ltr'>tuas</span> <span class='ocrx_word' id='word_1_196' title='bbox 833 1541 1027 1609; x_wconf 83' lang='lat' dir='ltr'>spinis,</span> <span class='ocrx_word' id='word_1_197' title='bbox 1055 1546 1107 1593; x_wconf 89' lang='lat' dir='ltr'>et</span> <span class='ocrx_word' id='word_1_198' title='bbox 1146 1540 1258 1593; x_wconf 86' lang='lat' dir='ltr'>noli</span> <span class='ocrx_word' id='word_1_199' title='bbox 1299 1539 1492 1594; x_wconf 82' lang='lat' dir='ltr'>audire</span> <span class='ocrx_word' id='word_1_200' title='bbox 1521 1540 1767 1609; x_wconf 77' lang='lat' dir='ltr'>linguam</span> <span class='ocrx_word' id='word_1_201' title='bbox 1868 1542 1923 1593; x_wconf 81' lang='lat' dir='ltr'>et</span> <span class='ocrx_word' id='word_1_202' title='bbox 1948 1538 2237 1593; x_wconf 87' lang='lat' dir='ltr'>individua</span> <span class='ocrx_word' id='word_1_203' title='bbox 2260 1539 2562 1594; x_wconf 88' lang='lat' dir='ltr'>concordia</span> <span class='ocrx_word' id='word_1_204' title='bbox 2588 1538 2692 1593; x_wconf 89' lang='lat' dir='ltr'>sibi</span> <span class='ocrx_word' id='word_1_205' title='bbox 2713 1538 2965 1609; x_wconf 87' lang='lat' dir='ltr'>junctus,</span> <span class='ocrx_word' id='word_1_206' title='bbox 2999 1540 3106 1594; x_wconf 91' lang='lat' dir='ltr'>soli</span> <span class='ocrx_word' id='word_1_207' title='bbox 3135 1540 3215 1594; x_wconf 90' lang='lat' dir='ltr'>illi</span> <span class='ocrx_word' id='word_1_208' title='bbox 3239 1540 3377 1594; x_wconf 88' lang='lat' dir='ltr'>foris</span> <span class='ocrx_word' id='word_1_209' title='bbox 3405 1557 3492 1595; x_wconf 88' lang='lat' dir='ltr'>re-</span> 
     </span>
    </p>
   </div>
   <div class='ocr_carea' id='block_1_16' title="bbox 180 1632 3495 1704">
    <p class='ocr_par' dir='ltr' id='par_1_16' title="bbox 180 1632 3495 1704">
     <span class='ocr_line' id='line_1_16' title="bbox 180 1632 3495 1704; baseline 0 -17"><span class='ocrx_word' id='word_1_210' title='bbox 180 1649 378 1702; x_wconf 83' lang='lat' dir='ltr'>nequam</span> <span class='ocrx_word' id='word_1_211' title='bbox 440 1633 649 1703; x_wconf 85' lang='lat' dir='ltr'>(Eccli.,</span> <span class='ocrx_word' id='word_1_212' title='bbox 726 1649 909 1694; x_wconf 84' lang='lat' dir='ltr'>xxvm,</span> <span class='ocrx_word' id='word_1_213' title='bbox 970 1632 1080 1702; x_wconf 83' lang='lat'>28).</span> <span class='ocrx_word' id='word_1_214' title='bbox 1136 1633 1204 1686; x_wconf 92' lang='lat' dir='ltr'>Et</span> <span class='ocrx_word' id='word_1_215' title='bbox 1249 1632 1459 1687; x_wconf 86' lang='lat' dir='ltr'>iterum</span> <span class='ocrx_word' id='word_1_216' title='bbox 1521 1649 1533 1686; x_wconf 91' lang='lat'>:</span> <span class='ocrx_word' id='word_1_217' title='bbox 1588 1634 1766 1686; x_wconf 83' lang='lat' dir='ltr'>Malus</span> <span class='ocrx_word' id='word_1_218' title='bbox 1869 1633 2185 1686; x_wconf 87' lang='lat' dir='ltr'>manserint</span> <span class='ocrx_word' id='word_1_219' title='bbox 2238 1633 2355 1704; x_wconf 89' lang='lat' dir='ltr'>qui,</span> <span class='ocrx_word' id='word_1_220' title='bbox 2412 1633 2517 1686; x_wconf 87' lang='lat' dir='ltr'>etsi</span> <span class='ocrx_word' id='word_1_221' title='bbox 2569 1632 2722 1686; x_wconf 89' lang='lat' dir='ltr'>intus</span> <span class='ocrx_word' id='word_1_222' title='bbox 2777 1636 2986 1701; x_wconf 89' lang='lat' dir='ltr'>essent,</span> <span class='ocrx_word' id='word_1_223' title='bbox 3050 1632 3319 1702; x_wconf 89' lang='lat' dir='ltr'>ejiciendi</span> <span class='ocrx_word' id='word_1_224' title='bbox 3369 1634 3495 1687; x_wconf 86' lang='lat' dir='ltr'>fue-</span> 
     </span>
    </p>
   </div>
   <div class='ocr_carea' id='block_1_17' title="bbox 179 1716 3499 1797">
    <p class='ocr_par' dir='ltr' id='par_1_17' title="bbox 179 1716 3499 1797">
     <span class='ocr_line' id='line_1_17' title="bbox 179 1716 3499 1797; baseline 0 -18"><span class='ocrx_word' id='word_1_225' title='bbox 179 1727 367 1780; x_wconf 84' lang='lat' dir='ltr'>obaudit</span> <span class='ocrx_word' id='word_1_226' title='bbox 397 1728 600 1794; x_wconf 73' lang='lat' dir='ltr'>linguae</span> <span class='ocrx_word' id='word_1_227' title='bbox 632 1728 961 1795; x_wconf 83' lang='lat' dir='ltr'>iniquorum,</span> <span class='ocrx_word' id='word_1_228' title='bbox 989 1725 1172 1794; x_wconf 82' lang='lat' dir='ltr'>justus</span> <span class='ocrx_word' id='word_1_229' title='bbox 1199 1731 1379 1780; x_wconf 85' lang='lat' dir='ltr'>autem</span> <span class='ocrx_word' id='word_1_230' title='bbox 1406 1741 1513 1780; x_wconf 88' lang='lat' dir='ltr'>non</span> <span class='ocrx_word' id='word_1_231' title='bbox 1529 1726 1767 1780; x_wconf 78' lang='lat' dir='ltr'>intendit</span> <span class='ocrx_word' id='word_1_232' title='bbox 1787 1716 1844 1788; x_wconf 89' lang='lat' dir='ltr'>B</span> <span class='ocrx_word' id='word_1_233' title='bbox 1867 1730 1996 1780; x_wconf 89' lang='lat' dir='ltr'>rant</span> <span class='ocrx_word' id='word_1_234' title='bbox 2019 1726 2151 1797; x_wconf 86' lang='lat' dir='ltr'>(i7),</span> <span class='ocrx_word' id='word_1_235' title='bbox 2176 1742 2282 1780; x_wconf 90' lang='lat' dir='ltr'>nec</span> <span class='ocrx_word' id='word_1_236' title='bbox 2298 1726 2546 1796; x_wconf 82' lang='lat' dir='ltr'>patiatur</span> <span class='ocrx_word' id='word_1_237' title='bbox 2560 1725 2852 1792; x_wconf 90' lang='lat' dir='ltr'>Dominus,</span> <span class='ocrx_word' id='word_1_238' title='bbox 2877 1725 3072 1796; x_wconf 87' lang='lat' dir='ltr'>populi</span> <span class='ocrx_word' id='word_1_239' title='bbox 3101 1726 3186 1781; x_wconf 90' lang='lat' dir='ltr'>sui</span> <span class='ocrx_word' id='word_1_240' title='bbox 3212 1730 3499 1797; x_wconf 88' lang='lat' dir='ltr'>protector</span> 
     </span>
    </p>
   </div>
   <div class='ocr_carea' id='block_1_18' title="bbox 178 1818 3498 1890">
    <p class='ocr_par' dir='ltr' id='par_1_18' title="bbox 178 1818 3498 1890">
     <span class='ocr_line' id='line_1_18' title="bbox 178 1818 3498 1890; baseline 0 -17"><span class='ocrx_word' id='word_1_241' title='bbox 178 1820 307 1873; x_wconf 77' lang='lat' dir='ltr'>labiis</span> <span class='ocrx_word' id='word_1_242' title='bbox 342 1820 689 1874; x_wconf 74' lang='lat' dir='ltr'>mendacibus</span> <span class='ocrx_word' id='word_1_243' title='bbox 732 1820 935 1889; x_wconf 86' lang='lat' dir='ltr'>(Prov.,</span> <span class='ocrx_word' id='word_1_244' title='bbox 985 1836 1114 1883; x_wconf 86' lang='lat' dir='ltr'>xvu,</span> <span class='ocrx_word' id='word_1_245' title='bbox 1149 1820 1222 1890; x_wconf 80' lang='grc'>4).</span> <span class='ocrx_word' id='word_1_246' title='bbox 1276 1818 1460 1883; x_wconf 85' lang='lat' dir='ltr'>Quare</span> <span class='ocrx_word' id='word_1_247' title='bbox 1508 1819 1565 1873; x_wconf 89' lang='lat' dir='ltr'>in</span> <span class='ocrx_word' id='word_1_248' title='bbox 1614 1819 1767 1874; x_wconf 89' lang='lat' dir='ltr'>hunc</span> <span class='ocrx_word' id='word_1_249' title='bbox 1870 1824 1926 1873; x_wconf 90' lang='lat' dir='ltr'>et</span> <span class='ocrx_word' id='word_1_250' title='bbox 1949 1822 2122 1887; x_wconf 88' lang='lat' dir='ltr'>tutor,</span> <span class='ocrx_word' id='word_1_251' title='bbox 2152 1820 2405 1873; x_wconf 87' lang='lat' dir='ltr'>triticum</span> <span class='ocrx_word' id='word_1_252' title='bbox 2425 1819 2494 1873; x_wconf 90' lang='lat' dir='ltr'>de</span> <span class='ocrx_word' id='word_1_253' title='bbox 2516 1836 2650 1873; x_wconf 87' lang='lat' dir='ltr'>area</span> <span class='ocrx_word' id='word_1_254' title='bbox 2678 1834 2775 1873; x_wconf 86' lang='lat' dir='ltr'>sua</span> <span class='ocrx_word' id='word_1_255' title='bbox 2794 1818 2986 1889; x_wconf 87' lang='lat' dir='ltr'>diripi,</span> <span class='ocrx_word' id='word_1_256' title='bbox 3007 1818 3108 1874; x_wconf 91' lang='lat' dir='ltr'>sed</span> <span class='ocrx_word' id='word_1_257' title='bbox 3136 1820 3266 1873; x_wconf 84' lang='lat' dir='ltr'>solae</span> <span class='ocrx_word' id='word_1_258' title='bbox 3283 1821 3498 1889; x_wconf 88' lang='lat' dir='ltr'>possint</span> 
     </span>
    </p>
   </div>
   <div class='ocr_carea' id='block_1_19' title="bbox 176 1911 3494 1984">
    <p class='ocr_par' dir='ltr' id='par_1_19' title="bbox 176 1911 3494 1984">
     <span class='ocr_line' id='line_1_19' title="bbox 176 1911 3494 1984; baseline 0 -19"><span class='ocrx_word' id='word_1_259' title='bbox 176 1913 470 1984; x_wconf 83' lang='lat' dir='ltr'>scrupulum</span> <span class='ocrx_word' id='word_1_260' title='bbox 518 1930 633 1967; x_wconf 90' lang='lat' dir='ltr'>non</span> <span class='ocrx_word' id='word_1_261' title='bbox 663 1912 988 1967; x_wconf 89' lang='lat' dir='ltr'>inciderunt</span> <span class='ocrx_word' id='word_1_262' title='bbox 1017 1917 1295 1983; x_wconf 84' lang='lat' dir='ltr'>martyres</span> <span class='ocrx_word' id='word_1_263' title='bbox 1324 1917 1517 1966; x_wconf 87' lang='lat' dir='ltr'>sancto</span> <span class='ocrx_word' id='word_1_264' title='bbox 1548 1911 1767 1982; x_wconf 90' lang='lat' dir='ltr'>Spiritu</span> <span class='ocrx_word' id='word_1_265' title='bbox 1867 1912 2048 1983; x_wconf 83' lang='lat' dir='ltr'>paleae</span> <span class='ocrx_word' id='word_1_266' title='bbox 2079 1912 2147 1967; x_wconf 85' lang='lat' dir='ltr'>de</span> <span class='ocrx_word' id='word_1_267' title='bbox 2182 1913 2428 1968; x_wconf 89' lang='lat' dir='ltr'>Ecclesia</span> <span class='ocrx_word' id='word_1_268' title='bbox 2454 1913 2727 1984; x_wconf 89' lang='lat' dir='ltr'>separari,</span> <span class='ocrx_word' id='word_1_269' title='bbox 2758 1913 2982 1983; x_wconf 87' lang='lat' dir='ltr'>quando</span> <span class='ocrx_word' id='word_1_270' title='bbox 3008 1917 3065 1965; x_wconf 87' lang='lat' dir='ltr'>et</span> <span class='ocrx_word' id='word_1_271' title='bbox 3091 1914 3388 1983; x_wconf 85' lang='lat' dir='ltr'>Apostolus</span> <span class='ocrx_word' id='word_1_272' title='bbox 3414 1913 3494 1966; x_wconf 93' lang='lat' dir='ltr'>di-</span> 
     </span>
    </p>
   </div>
   <div class='ocr_carea' id='block_1_20' title="bbox 174 2004 3499 2079">
    <p class='ocr_par' dir='ltr' id='par_1_20' title="bbox 174 2004 3499 2079">
     <span class='ocr_line' id='line_1_20' title="bbox 174 2004 3499 2079; baseline 0 -20"><span class='ocrx_word' id='word_1_273' title='bbox 174 2006 296 2077; x_wconf 88' lang='lat' dir='ltr'>pleni</span> <span class='ocrx_word' id='word_1_274' title='bbox 344 2013 397 2061; x_wconf 90' lang='lat' dir='ltr'>et</span> <span class='ocrx_word' id='word_1_275' title='bbox 438 2007 507 2062; x_wconf 88' lang='lat' dir='ltr'>ad</span> <span class='ocrx_word' id='word_1_276' title='bbox 536 2012 905 2078; x_wconf 88' lang='lat' dir='ltr'>conspectum</span> <span class='ocrx_word' id='word_1_277' title='bbox 939 2004 1128 2079; x_wconf 82' lang='grc'>405</span> <span class='ocrx_word' id='word_1_278' title='bbox 1176 2005 1286 2060; x_wconf 84' lang='lat' dir='ltr'>Dei</span> <span class='ocrx_word' id='word_1_279' title='bbox 1318 2009 1374 2061; x_wconf 90' lang='lat' dir='ltr'>et</span> <span class='ocrx_word' id='word_1_280' title='bbox 1406 2005 1611 2063; x_wconf 86' lang='lat' dir='ltr'>Christi</span> <span class='ocrx_word' id='word_1_281' title='bbox 1643 2006 1768 2076; x_wconf 89' lang='lat' dir='ltr'>ejus</span> <span class='ocrx_word' id='word_1_282' title='bbox 1868 2009 1961 2060; x_wconf 90' lang='lat' dir='ltr'>cat</span> <span class='ocrx_word' id='word_1_283' title='bbox 1992 2023 2004 2060; x_wconf 90' lang='lat'>:</span> <span class='ocrx_word' id='word_1_284' title='bbox 2034 2006 2178 2072; x_wconf 86' lang='lat' dir='ltr'>Quid</span> <span class='ocrx_word' id='word_1_285' title='bbox 2214 2010 2353 2062; x_wconf 83' lang='lat' dir='ltr'>enim</span> <span class='ocrx_word' id='word_1_286' title='bbox 2379 2009 2428 2062; x_wconf 88' lang='lat' dir='ltr'>si</span> <span class='ocrx_word' id='word_1_287' title='bbox 2457 2007 2771 2062; x_wconf 71' lang='lat' dir='ltr'>exciderunt</span> <span class='ocrx_word' id='word_1_288' title='bbox 2795 2023 2829 2060; x_wconf 88' lang='lat' dir='ltr'><strong><em>a</em></strong></span> <span class='ocrx_word' id='word_1_289' title='bbox 2855 2006 2960 2074; x_wconf 79' lang='lat' dir='ltr'>ﬁde</span> <span class='ocrx_word' id='word_1_290' title='bbox 2985 2006 3212 2075; x_wconf 88' lang='lat' dir='ltr'>quidam</span> <span class='ocrx_word' id='word_1_291' title='bbox 3236 2007 3499 2061; x_wconf 79' lang='lat' dir='ltr'>illorum?</span> 
     </span>
    </p>
   </div>
   <div class='ocr_carea' id='block_1_21' title="bbox 174 2098 3489 2172">
    <p class='ocr_par' dir='ltr' id='par_1_21' title="bbox 174 2098 3489 2172">
     <span class='ocr_line' id='line_1_21' title="bbox 174 2098 3489 2172; baseline 0.001 -20"><span class='ocrx_word' id='word_1_292' title='bbox 174 2101 402 2170; x_wconf 81' lang='lat' dir='ltr'>passione</span> <span class='ocrx_word' id='word_1_293' title='bbox 421 2101 546 2171; x_wconf 86' lang='lat' dir='ltr'>jam</span> <span class='ocrx_word' id='word_1_294' title='bbox 573 2100 837 2171; x_wconf 81' lang='lat' dir='ltr'>proximi,</span> <span class='ocrx_word' id='word_1_295' title='bbox 864 2100 959 2170; x_wconf 90' lang='lat' dir='ltr'>qui</span> <span class='ocrx_word' id='word_1_296' title='bbox 978 2100 1047 2154; x_wconf 89' lang='lat' dir='ltr'>ad</span> <span class='ocrx_word' id='word_1_297' title='bbox 1067 2099 1412 2171; x_wconf 84' lang='lat' dir='ltr'>Cyprianum</span> <span class='ocrx_word' id='word_1_298' title='bbox 1441 2099 1768 2170; x_wconf 89' lang='lat' dir='ltr'>episcopum</span> <span class='ocrx_word' id='word_1_299' title='bbox 1871 2098 2071 2172; x_wconf 82' lang='grc'>406</span> <span class='ocrx_word' id='word_1_300' title='bbox 2097 2101 2379 2169; x_wconf 78' lang='lat' dir='ltr'>Numquid</span> <span class='ocrx_word' id='word_1_301' title='bbox 2396 2101 2690 2168; x_wconf 80' lang='lat' dir='ltr'>inﬁdelitas</span> <span class='ocrx_word' id='word_1_302' title='bbox 2718 2100 2936 2154; x_wconf 78' lang='lat' dir='ltr'>illorum</span> <span class='ocrx_word' id='word_1_303' title='bbox 2961 2100 3121 2168; x_wconf 80' lang='lat' dir='ltr'>ﬁdem</span> <span class='ocrx_word' id='word_1_304' title='bbox 3146 2102 3245 2154; x_wconf 85' lang='lat' dir='ltr'>Dei</span> <span class='ocrx_word' id='word_1_305' title='bbox 3259 2115 3489 2155; x_wconf 85' lang='lat' dir='ltr'>evacua-</span> 
     </span>
    </p>
   </div>
   <div class='ocr_carea' id='block_1_22' title="bbox 175 2192 3493 2261">
    <p class='ocr_par' dir='ltr' id='par_1_22' title="bbox 175 2192 3493 2261">
     <span class='ocr_line' id='line_1_22' title="bbox 175 2192 3493 2261; baseline 0.001 -16"><span class='ocrx_word' id='word_1_306' title='bbox 175 2192 359 2247; x_wconf 86' lang='lat' dir='ltr'>litteras</span> <span class='ocrx_word' id='word_1_307' title='bbox 427 2195 496 2249; x_wconf 92' lang='lat' dir='ltr'>de</span> <span class='ocrx_word' id='word_1_308' title='bbox 572 2210 798 2248; x_wconf 87' lang='lat' dir='ltr'>carcere</span> <span class='ocrx_word' id='word_1_309' title='bbox 846 2193 1190 2261; x_wconf 84' lang='lat' dir='ltr'>direxerunt,</span> <span class='ocrx_word' id='word_1_310' title='bbox 1258 2193 1611 2247; x_wconf 89' lang='lat' dir='ltr'>sacerdotem</span> <span class='ocrx_word' id='word_1_311' title='bbox 1670 2192 1770 2247; x_wconf 91' lang='lat' dir='ltr'>Dei</span> <span class='ocrx_word' id='word_1_312' title='bbox 1868 2194 2223 2248; x_wconf 48' lang='lat' dir='ltr'>vit?‘Absit!</span> <span class='ocrx_word' id='word_1_313' title='bbox 2252 2197 2346 2249; x_wconf 89' lang='lat' dir='ltr'>Est</span> <span class='ocrx_word' id='word_1_314' title='bbox 2369 2196 2512 2249; x_wconf 89' lang='lat' dir='ltr'>enim</span> <span class='ocrx_word' id='word_1_315' title='bbox 2551 2197 2691 2249; x_wconf 82' lang='lat' dir='ltr'>Deus</span> <span class='ocrx_word' id='word_1_316' title='bbox 2726 2209 2914 2256; x_wconf 75' lang='lat' dir='ltr'>verum,</span> <span class='ocrx_word' id='word_1_317' title='bbox 2945 2195 3114 2248; x_wconf 85' lang='lat' dir='ltr'>omnis</span> <span class='ocrx_word' id='word_1_318' title='bbox 3139 2198 3320 2248; x_wconf 87' lang='lat' dir='ltr'>autem</span> <span class='ocrx_word' id='word_1_319' title='bbox 3343 2194 3493 2248; x_wconf 84' lang='lat' dir='ltr'>homo</span> 
     </span>
    </p>
   </div>
   <div class='ocr_carea' id='block_1_23' title="bbox 177 2285 3495 2359">
    <p class='ocr_par' dir='ltr' id='par_1_23' title="bbox 177 2285 3495 2359">
     <span class='ocr_line' id='line_1_23' title="bbox 177 2285 3495 2359; baseline 0.001 -20"><span class='ocrx_word' id='word_1_320' title='bbox 177 2293 515 2356; x_wconf 80' lang='lat' dir='ltr'>agnoscentes</span> <span class='ocrx_word' id='word_1_321' title='bbox 590 2292 645 2341; x_wconf 88' lang='lat' dir='ltr'>et</span> <span class='ocrx_word' id='word_1_322' title='bbox 699 2289 1085 2341; x_wconf 88' lang='lat' dir='ltr'>contestantes</span> <span class='ocrx_word' id='word_1_323' title='bbox 1129 2286 1201 2341; x_wconf 89' lang='lat' dir='ltr'>ei.</span> <span class='ocrx_word' id='word_1_324' title='bbox 1261 2286 1447 2350; x_wconf 87' lang='lat' dir='ltr'>Quare</span> <span class='ocrx_word' id='word_1_325' title='bbox 1505 2286 1563 2340; x_wconf 91' lang='lat' dir='ltr'>in</span> <span class='ocrx_word' id='word_1_326' title='bbox 1620 2286 1771 2339; x_wconf 89' lang='lat' dir='ltr'>hunc</span> <span class='ocrx_word' id='word_1_327' title='bbox 1870 2287 2109 2341; x_wconf 71' lang='lat' dir='ltr'>mendam</span> <span class='ocrx_word' id='word_1_328' title='bbox 2153 2286 2350 2357; x_wconf 72' lang='lat' dir='ltr'>(Rom,</span> <span class='ocrx_word' id='word_1_329' title='bbox 2398 2303 2478 2356; x_wconf 87' lang='lat' dir='ltr'>III,</span> <span class='ocrx_word' id='word_1_330' title='bbox 2529 2290 2580 2354; x_wconf 90' lang='lat'>3,</span> <span class='ocrx_word' id='word_1_331' title='bbox 2630 2285 2707 2355; x_wconf 81' lang='grc'>4).</span> <span class='ocrx_word' id='word_1_332' title='bbox 2753 2287 2820 2340; x_wconf 90' lang='lat' dir='ltr'>Et</span> <span class='ocrx_word' id='word_1_333' title='bbox 2863 2286 3134 2342; x_wconf 89' lang='lat' dir='ltr'>Dominus</span> <span class='ocrx_word' id='word_1_334' title='bbox 3183 2303 3410 2359; x_wconf 88' lang='lat' dir='ltr'>quoque</span> <span class='ocrx_word' id='word_1_335' title='bbox 3434 2287 3495 2342; x_wconf 89' lang='lat' dir='ltr'>in</span> 
     </span>
    </p>
   </div>
   <div class='ocr_carea' id='block_1_24' title="bbox 175 2372 3494 2452">
    <p class='ocr_par' dir='ltr' id='par_1_24' title="bbox 175 2372 3494 2452">
     <span class='ocr_line' id='line_1_24' title="bbox 175 2372 3494 2452; baseline 0.001 -19"><span class='ocrx_word' id='word_1_336' title='bbox 175 2380 468 2450; x_wconf 83' lang='lat' dir='ltr'>scrupulum</span> <span class='ocrx_word' id='word_1_337' title='bbox 500 2396 618 2435; x_wconf 91' lang='lat' dir='ltr'>non</span> <span class='ocrx_word' id='word_1_338' title='bbox 663 2380 985 2434; x_wconf 89' lang='lat' dir='ltr'>inciderunt</span> <span class='ocrx_word' id='word_1_339' title='bbox 1011 2385 1094 2434; x_wconf 90' lang='lat' dir='ltr'>tot</span> <span class='ocrx_word' id='word_1_340' title='bbox 1123 2380 1373 2450; x_wconf 89' lang='lat' dir='ltr'>episcopi</span> <span class='ocrx_word' id='word_1_341' title='bbox 1396 2378 1509 2451; x_wconf 80' lang='grc'>(14)</span> <span class='ocrx_word' id='word_1_342' title='bbox 1535 2372 1771 2451; x_wconf 81' lang='lat' dir='ltr'>collegae</span> <span class='ocrx_word' id='word_1_343' title='bbox 1871 2380 2192 2451; x_wconf 79' lang='lat' dir='ltr'>Evangelia,</span> <span class='ocrx_word' id='word_1_344' title='bbox 2236 2396 2365 2434; x_wconf 92' lang='lat' dir='ltr'>cum</span> <span class='ocrx_word' id='word_1_345' title='bbox 2401 2395 2532 2434; x_wconf 90' lang='lat' dir='ltr'>eum</span> <span class='ocrx_word' id='word_1_346' title='bbox 2570 2380 2902 2451; x_wconf 87' lang='lat' dir='ltr'>loquentem</span> <span class='ocrx_word' id='word_1_347' title='bbox 2942 2380 3201 2452; x_wconf 88' lang='lat' dir='ltr'>discipuli</span> <span class='ocrx_word' id='word_1_348' title='bbox 3244 2381 3494 2436; x_wconf 82' lang='lat' dir='ltr'>derelin—</span> 
     </span>
    </p>
   </div>
   <div class='ocr_carea' id='block_1_25' title="bbox 174 2472 3501 2545">
    <p class='ocr_par' dir='ltr' id='par_1_25' title="bbox 174 2472 3501 2545">
     <span class='ocr_line' id='line_1_25' title="bbox 174 2472 3501 2545; baseline 0.001 -18"><span class='ocrx_word' id='word_1_349' title='bbox 174 2474 278 2539; x_wconf 85' lang='lat' dir='ltr'>mei,</span> <span class='ocrx_word' id='word_1_350' title='bbox 304 2474 393 2545; x_wconf 88' lang='lat' dir='ltr'>qui</span> <span class='ocrx_word' id='word_1_351' title='bbox 420 2475 507 2528; x_wconf 90' lang='lat' dir='ltr'>vel</span> <span class='ocrx_word' id='word_1_352' title='bbox 542 2491 676 2528; x_wconf 91' lang='lat' dir='ltr'>cum</span> <span class='ocrx_word' id='word_1_353' title='bbox 707 2474 774 2528; x_wconf 85' lang='lat' dir='ltr'>de</span> <span class='ocrx_word' id='word_1_354' title='bbox 806 2473 996 2528; x_wconf 90' lang='lat' dir='ltr'>medio</span> <span class='ocrx_word' id='word_1_355' title='bbox 1037 2472 1376 2528; x_wconf 89' lang='lat' dir='ltr'>recederent</span> <span class='ocrx_word' id='word_1_356' title='bbox 1396 2474 1443 2506; x_wconf 77' lang='grc'>³³</span> <span class='ocrx_word' id='word_1_357' title='bbox 1470 2472 1773 2544; x_wconf 88' lang='lat' dir='ltr'>proscripti</span> <span class='ocrx_word' id='word_1_358' title='bbox 1870 2476 2132 2544; x_wconf 88' lang='lat' dir='ltr'>querent,</span> <span class='ocrx_word' id='word_1_359' title='bbox 2182 2489 2486 2529; x_wconf 90' lang='lat' dir='ltr'>conversus</span> <span class='ocrx_word' id='word_1_360' title='bbox 2536 2472 2609 2527; x_wconf 87' lang='lat' dir='ltr'>ad</span> <span class='ocrx_word' id='word_1_361' title='bbox 2659 2472 2962 2528; x_wconf 87' lang='lat' dir='ltr'>duodecim</span> <span class='ocrx_word' id='word_1_362' title='bbox 3004 2474 3145 2529; x_wconf 82' lang='lat' dir='ltr'>dixit</span> <span class='ocrx_word' id='word_1_363' title='bbox 3173 2490 3184 2528; x_wconf 92' lang='lat'><strong>:</strong></span> <span class='ocrx_word' id='word_1_364' title='bbox 3221 2475 3501 2545; x_wconf 87' lang='lat' dir='ltr'>Numquid</span> 
     </span>
    </p>
   </div>
   <div class='ocr_carea' id='block_1_26' title="bbox 176 2566 3496 2639">
    <p class='ocr_par' dir='ltr' id='par_1_26' title="bbox 176 2566 3496 2639">
     <span class='ocr_line' id='line_1_26' title="bbox 176 2566 3496 2639; baseline 0.001 -19"><span class='ocrx_word' id='word_1_365' title='bbox 176 2573 302 2635; x_wconf 85' lang='lat' dir='ltr'>sunt,</span> <span class='ocrx_word' id='word_1_366' title='bbox 343 2570 421 2622; x_wconf 85' lang='lat' dir='ltr'>vel</span> <span class='ocrx_word' id='word_1_367' title='bbox 470 2568 815 2639; x_wconf 86' lang='lat' dir='ltr'>apprehensi</span> <span class='ocrx_word' id='word_1_368' title='bbox 872 2567 929 2621; x_wconf 91' lang='lat' dir='ltr'>in</span> <span class='ocrx_word' id='word_1_369' title='bbox 975 2583 1260 2622; x_wconf 86' lang='lat' dir='ltr'>carcerem</span> <span class='ocrx_word' id='word_1_370' title='bbox 1312 2566 1550 2639; x_wconf 86' lang='lat' dir='ltr'>conjecti</span> <span class='ocrx_word' id='word_1_371' title='bbox 1605 2570 1662 2621; x_wconf 90' lang='lat' dir='ltr'>et</span> <span class='ocrx_word' id='word_1_372' title='bbox 1714 2567 1771 2621; x_wconf 91' lang='lat' dir='ltr'>in</span> <span class='ocrx_word' id='word_1_373' title='bbox 1870 2570 1920 2621; x_wconf 85' lang='lat' dir='ltr'>et</span> <span class='ocrx_word' id='word_1_374' title='bbox 1944 2582 2033 2622; x_wconf 84' lang='lat' dir='ltr'>vos</span> <span class='ocrx_word' id='word_1_375' title='bbox 2059 2567 2225 2622; x_wconf 83' lang='lat' dir='ltr'>vultis</span> <span class='ocrx_word' id='word_1_376' title='bbox 2250 2568 2377 2621; x_wconf 81' lang='lat' dir='ltr'>ire?</span> <span class='ocrx_word' id='word_1_377' title='bbox 2405 2567 2693 2637; x_wconf 81' lang='lat' dir='ltr'>Respondit</span> <span class='ocrx_word' id='word_1_378' title='bbox 2719 2569 2770 2621; x_wconf 86' lang='lat' dir='ltr'>ei</span> <span class='ocrx_word' id='word_1_379' title='bbox 2798 2568 2987 2622; x_wconf 81' lang='lat' dir='ltr'>Petrus</span> <span class='ocrx_word' id='word_1_380' title='bbox 3008 2568 3223 2622; x_wconf 85' lang='lat' dir='ltr'>dicens:</span> <span class='ocrx_word' id='word_1_381' title='bbox 3256 2570 3496 2636; x_wconf 84' lang='lat' dir='ltr'>Domine,</span> 
     </span>
    </p>
   </div>
   <div class='ocr_carea' id='block_1_27' title="bbox 174 2660 3493 2732">
    <p class='ocr_par' dir='ltr' id='par_1_27' title="bbox 174 2660 3493 2732">
     <span class='ocr_line' id='line_1_27' title="bbox 174 2660 3493 2732; baseline 0.001 -18"><span class='ocrx_word' id='word_1_382' title='bbox 174 2661 351 2715; x_wconf 83' lang='lat' dir='ltr'>catenis</span> <span class='ocrx_word' id='word_1_383' title='bbox 401 2662 660 2727; x_wconf 86' lang='lat' dir='ltr'>fuerunt,</span> <span class='ocrx_word' id='word_1_384' title='bbox 716 2666 813 2715; x_wconf 86' lang='lat' dir='ltr'>aut</span> <span class='ocrx_word' id='word_1_385' title='bbox 862 2660 994 2732; x_wconf 90' lang='lat' dir='ltr'>qui,</span> <span class='ocrx_word' id='word_1_386' title='bbox 1049 2660 1109 2714; x_wconf 91' lang='lat' dir='ltr'>in</span> <span class='ocrx_word' id='word_1_387' title='bbox 1158 2660 1425 2715; x_wconf 84' lang='lat' dir='ltr'>exsilium</span> <span class='ocrx_word' id='word_1_388' title='bbox 1493 2660 1767 2731; x_wconf 79' lang='lat' dir='ltr'>relegati,</span> <span class='ocrx_word' id='word_1_389' title='bbox 1871 2660 2122 2729; x_wconf 70' lang='lat' dir='ltr'>adquam</span> <span class='ocrx_word' id='word_1_390' title='bbox 2168 2661 2366 2715; x_wconf 88' lang='lat' dir='ltr'>ibimus</span> <span class='ocrx_word' id='word_1_391' title='bbox 2402 2660 2447 2694; x_wconf 79' lang='grc'><strong>³⁵</strong></span> <span class='ocrx_word' id='word_1_392' title='bbox 2475 2663 2502 2713; x_wconf 86' lang='lat'><strong><em>?</em></strong></span> <span class='ocrx_word' id='word_1_393' title='bbox 2554 2661 2789 2716; x_wconf 83' lang='lat' dir='ltr'>Verbum</span> <span class='ocrx_word' id='word_1_394' title='bbox 2812 2662 2939 2715; x_wconf 80' lang='lat' dir='ltr'>vitae</span> <span class='ocrx_word' id='word_1_395' title='bbox 2956 2660 3002 2695; x_wconf 80' lang='grc'>³⁸</span> <span class='ocrx_word' id='word_1_396' title='bbox 3048 2666 3261 2716; x_wconf 60' lang='lat' dir='ltr'>eterna:</span> <span class='ocrx_word' id='word_1_397' title='bbox 3297 2662 3493 2717; x_wconf 85' lang='lat' dir='ltr'>habes:</span> 
     </span>
    </p>
   </div>
   <div class='ocr_carea' id='block_1_28' title="bbox 174 2753 3501 2825">
    <p class='ocr_par' dir='ltr' id='par_1_28' title="bbox 174 2753 3501 2825">
     <span class='ocr_line' id='line_1_28' title="bbox 174 2753 3501 2825; baseline 0.002 -20"><span class='ocrx_word' id='word_1_398' title='bbox 174 2753 342 2808; x_wconf 85' lang='lat' dir='ltr'>illustri</span> <span class='ocrx_word' id='word_1_399' title='bbox 369 2755 580 2810; x_wconf 91' lang='lat' dir='ltr'>itinere</span> <span class='ocrx_word' id='word_1_400' title='bbox 630 2754 699 2809; x_wconf 88' lang='lat' dir='ltr'>ad</span> <span class='ocrx_word' id='word_1_401' title='bbox 745 2754 1049 2809; x_wconf 89' lang='lat' dir='ltr'>Dominum</span> <span class='ocrx_word' id='word_1_402' title='bbox 1094 2753 1333 2825; x_wconf 87' lang='lat' dir='ltr'>profecti</span> <span class='ocrx_word' id='word_1_403' title='bbox 1364 2757 1515 2821; x_wconf 90' lang='lat' dir='ltr'>sunt,</span> <span class='ocrx_word' id='word_1_404' title='bbox 1543 2757 1642 2807; x_wconf 87' lang='lat' dir='ltr'>aut</span> <span class='ocrx_word' id='word_1_405' title='bbox 1670 2755 1768 2825; x_wconf 86' lang='lat' dir='ltr'>qui</span> <span class='ocrx_word' id='word_1_406' title='bbox 1870 2758 1920 2808; x_wconf 86' lang='lat' dir='ltr'>et</span> <span class='ocrx_word' id='word_1_407' title='bbox 1956 2769 2050 2808; x_wconf 85' lang='lat' dir='ltr'>nos</span> <span class='ocrx_word' id='word_1_408' title='bbox 2093 2754 2361 2809; x_wconf 83' lang='lat' dir='ltr'>credimus</span> <span class='ocrx_word' id='word_1_409' title='bbox 2400 2757 2451 2808; x_wconf 84' lang='lat' dir='ltr'>ct</span> <span class='ocrx_word' id='word_1_410' title='bbox 2493 2755 2836 2823; x_wconf 81' lang='lat' dir='ltr'>cognovimus</span> <span class='ocrx_word' id='word_1_411' title='bbox 2875 2756 3133 2823; x_wconf 85' lang='lat' dir='ltr'>quoniam</span> <span class='ocrx_word' id='word_1_412' title='bbox 3179 2759 3238 2809; x_wconf 88' lang='lat' dir='ltr'>tu</span> <span class='ocrx_word' id='word_1_413' title='bbox 3277 2770 3330 2809; x_wconf 88' lang='lat' dir='ltr'>es</span> <span class='ocrx_word' id='word_1_414' title='bbox 3357 2757 3501 2824; x_wconf 83' lang='lat' dir='ltr'>ﬁlius</span> 
     </span>
    </p>
   </div>
   <div class='ocr_carea' id='block_1_29' title="bbox 175 2845 3497 2919">
    <p class='ocr_par' dir='ltr' id='par_1_29' title="bbox 175 2845 3497 2919">
     <span class='ocr_line' id='line_1_29' title="bbox 175 2845 3497 2919; baseline 0.001 -19"><span class='ocrx_word' id='word_1_415' title='bbox 175 2848 487 2917; x_wconf 87' lang='lat' dir='ltr'>quibusdam</span> <span class='ocrx_word' id='word_1_416' title='bbox 530 2848 675 2903; x_wconf 88' lang='lat' dir='ltr'>locis</span> <span class='ocrx_word' id='word_1_417' title='bbox 713 2847 1095 2901; x_wconf 85' lang='lat' dir='ltr'>animadversi</span> <span class='ocrx_word' id='word_1_418' title='bbox 1144 2848 1397 2902; x_wconf 83' lang='lat' dir='ltr'>caelestes</span> <span class='ocrx_word' id='word_1_419' title='bbox 1437 2863 1668 2902; x_wconf 86' lang='lat' dir='ltr'>coronas</span> <span class='ocrx_word' id='word_1_420' title='bbox 1700 2848 1770 2902; x_wconf 92' lang='lat' dir='ltr'>de</span> <span class='ocrx_word' id='word_1_421' title='bbox 1870 2848 1966 2902; x_wconf 87' lang='lat' dir='ltr'>Dei</span> <span class='ocrx_word' id='word_1_422' title='bbox 2022 2849 2134 2901; x_wconf 85' lang='lat' dir='ltr'>vivi</span> <span class='ocrx_word' id='word_1_423' title='bbox 2199 2848 2402 2917; x_wconf 81' lang='lat' dir='ltr'>(Joan.,</span> <span class='ocrx_word' id='word_1_424' title='bbox 2468 2863 2543 2913; x_wconf 78' lang='lat' dir='ltr'>v1,</span> <span class='ocrx_word' id='word_1_425' title='bbox 2613 2845 2725 2915; x_wconf 87' lang='lat'>67).</span> <span class='ocrx_word' id='word_1_426' title='bbox 2797 2847 3071 2919; x_wconf 87' lang='lat' dir='ltr'>Loquitur</span> <span class='ocrx_word' id='word_1_427' title='bbox 3134 2847 3214 2902; x_wconf 92' lang='lat' dir='ltr'>illi</span> <span class='ocrx_word' id='word_1_428' title='bbox 3276 2850 3497 2916; x_wconf 89' lang='lat' dir='ltr'>Petrus,</span> 
     </span>
    </p>
   </div>
   <div class='ocr_carea' id='block_1_30' title="bbox 175 2940 3495 3012">
    <p class='ocr_par' dir='ltr' id='par_1_30' title="bbox 175 2940 3495 3012">
     <span class='ocr_line' id='line_1_30' title="bbox 175 2940 3495 3012; baseline 0.001 -18"><span class='ocrx_word' id='word_1_429' title='bbox 175 2942 361 2995; x_wconf 87' lang='lat' dir='ltr'>Domini</span> <span class='ocrx_word' id='word_1_430' title='bbox 408 2941 817 2997; x_wconf 82' lang='lat' dir='ltr'>clariﬁcatione</span> <span class='ocrx_word' id='word_1_431' title='bbox 870 2943 1257 3012; x_wconf 89' lang='lat' dir='ltr'>sumpserunt.</span> <span class='ocrx_word' id='word_1_432' title='bbox 1291 2942 1473 3005; x_wconf 89' lang='lat' dir='ltr'>Quare</span> <span class='ocrx_word' id='word_1_433' title='bbox 1517 2942 1575 2995; x_wconf 89' lang='lat' dir='ltr'>in</span> <span class='ocrx_word' id='word_1_434' title='bbox 1618 2941 1770 2995; x_wconf 90' lang='lat' dir='ltr'>hunc</span> <span class='ocrx_word' id='word_1_435' title='bbox 1870 2956 2044 3011; x_wconf 87' lang='lat' dir='ltr'>super</span> <span class='ocrx_word' id='word_1_436' title='bbox 2075 2957 2249 3012; x_wconf 90' lang='lat' dir='ltr'>quem</span> <span class='ocrx_word' id='word_1_437' title='bbox 2292 2940 2622 2995; x_wconf 60' lang='lat' dir='ltr'>aediﬁcanda</span> <span class='ocrx_word' id='word_1_438' title='bbox 2653 2941 2762 3012; x_wconf 88' lang='grc'>(18)</span> <span class='ocrx_word' id='word_1_439' title='bbox 2794 2941 2983 2995; x_wconf 84' lang='lat' dir='ltr'>fuerat</span> <span class='ocrx_word' id='word_1_440' title='bbox 3012 2941 3275 3009; x_wconf 88' lang='lat' dir='ltr'>Ecclesia,</span> <span class='ocrx_word' id='word_1_441' title='bbox 3308 2943 3495 2998; x_wconf 90' lang='lat' dir='ltr'>Eccle-</span> 
     </span>
    </p>
   </div>
   <div class='ocr_carea' id='block_1_31' title="bbox 176 3033 3503 3107">
    <p class='ocr_par' dir='ltr' id='par_1_31' title="bbox 176 3033 3503 3107">
     <span class='ocr_line' id='line_1_31' title="bbox 176 3033 3503 3107; baseline 0.001 -20"><span class='ocrx_word' id='word_1_442' title='bbox 176 3036 466 3106; x_wconf 82' lang='lat' dir='ltr'>scrupulum</span> <span class='ocrx_word' id='word_1_443' title='bbox 496 3052 615 3090; x_wconf 90' lang='lat' dir='ltr'>non</span> <span class='ocrx_word' id='word_1_444' title='bbox 642 3034 962 3089; x_wconf 89' lang='lat' dir='ltr'>inciderunt</span> <span class='ocrx_word' id='word_1_445' title='bbox 992 3034 1061 3089; x_wconf 90' lang='lat' dir='ltr'>de</span> <span class='ocrx_word' id='word_1_446' title='bbox 1089 3034 1253 3105; x_wconf 88' lang='lat' dir='ltr'>plebe</span> <span class='ocrx_word' id='word_1_447' title='bbox 1284 3034 1394 3089; x_wconf 89' lang='lat' dir='ltr'>ista</span> <span class='ocrx_word' id='word_1_448' title='bbox 1423 3038 1613 3089; x_wconf 85' lang='lat' dir='ltr'>nostra</span> <span class='ocrx_word' id='word_1_449' title='bbox 1642 3050 1769 3105; x_wconf 59' lang='lat' dir='ltr'>quas</span> <span class='ocrx_word' id='word_1_450' title='bbox 1795 3089 1842 3107; x_wconf 51' lang='grc' dir='ltr'>Α</span> <span class='ocrx_word' id='word_1_451' title='bbox 1871 3034 1967 3088; x_wconf 67' lang='lat' dir='ltr'>sies</span> <span class='ocrx_word' id='word_1_452' title='bbox 2014 3034 2246 3089; x_wconf 90' lang='lat' dir='ltr'>nomine</span> <span class='ocrx_word' id='word_1_453' title='bbox 2299 3033 2411 3105; x_wconf 90' lang='grc'>(19)</span> <span class='ocrx_word' id='word_1_454' title='bbox 2459 3033 2670 3089; x_wconf 88' lang='lat' dir='ltr'>docens</span> <span class='ocrx_word' id='word_1_455' title='bbox 2719 3038 2777 3088; x_wconf 90' lang='lat' dir='ltr'>et</span> <span class='ocrx_word' id='word_1_456' title='bbox 2820 3034 3123 3089; x_wconf 89' lang='lat' dir='ltr'>ostendens</span> <span class='ocrx_word' id='word_1_457' title='bbox 3172 3034 3327 3107; x_wconf 86' lang='lat' dir='ltr'>quia,</span> <span class='ocrx_word' id='word_1_458' title='bbox 3395 3036 3503 3090; x_wconf 89' lang='lat' dir='ltr'>etsi</span> 
     </span>
    </p>
   </div>
   <div class='ocr_carea' id='block_1_32' title="bbox 175 3089 3500 3200">
    <p class='ocr_par' dir='ltr' id='par_1_32' title="bbox 175 3089 3500 3200">
     <span class='ocr_line' id='line_1_32' title="bbox 175 3089 3500 3200; baseline 0.002 -22"><span class='ocrx_word' id='word_1_459' title='bbox 175 3089 294 3196; x_wconf 80' lang='lat' dir='ltr'>apud</span> <span class='ocrx_word' id='word_1_460' title='bbox 322 3145 422 3183; x_wconf 91' lang='lat' dir='ltr'>nos</span> <span class='ocrx_word' id='word_1_461' title='bbox 448 3133 557 3197; x_wconf 87' lang='lat' dir='ltr'>est,</span> <span class='ocrx_word' id='word_1_462' title='bbox 585 3132 643 3181; x_wconf 90' lang='lat' dir='ltr'>et</span> <span class='ocrx_word' id='word_1_463' title='bbox 686 3127 846 3182; x_wconf 91' lang='lat' dir='ltr'>nobis</span> <span class='ocrx_word' id='word_1_464' title='bbox 872 3128 941 3182; x_wconf 91' lang='lat' dir='ltr'>de</span> <span class='ocrx_word' id='word_1_465' title='bbox 966 3127 1067 3183; x_wconf 91' lang='lat' dir='ltr'>Dei</span> <span class='ocrx_word' id='word_1_466' title='bbox 1090 3089 1431 3199; x_wconf 42' lang='lat' dir='ltr'>‘dignatione</span> <span class='ocrx_word' id='word_1_467' title='bbox 1460 3089 1769 3183; x_wconf 79' lang='lat' dir='ltr'>commissa</span> <span class='ocrx_word' id='word_1_468' title='bbox 1788 3089 1843 3165; x_wconf 67' lang='grc' dir='ltr'><strong>Ο</strong></span> <span class='ocrx_word' id='word_1_469' title='bbox 1872 3134 2179 3183; x_wconf 83' lang='lat' dir='ltr'>contumax</span> <span class='ocrx_word' id='word_1_470' title='bbox 2208 3144 2273 3182; x_wconf 87' lang='lat' dir='ltr'>ac</span> <span class='ocrx_word' id='word_1_471' title='bbox 2299 3089 2547 3199; x_wconf 75' lang='lat' dir='ltr'>superba</span> <span class='ocrx_word' id='word_1_472' title='bbox 2572 3127 2837 3183; x_wconf 85' lang='lat' dir='ltr'>obaudire</span> <span class='ocrx_word' id='word_1_473' title='bbox 2856 3089 3327 3200; x_wconf 43' lang='lat' dir='ltr'>nolentium‘(20)’</span> <span class='ocrx_word' id='word_1_474' title='bbox 3346 3130 3500 3185; x_wconf 80' lang='lat' dir='ltr'>mul-</span> 
     </span>
    </p>
   </div>
   <div class='ocr_carea' id='block_1_33' title="bbox 176 3220 3497 3292">
    <p class='ocr_par' dir='ltr' id='par_1_33' title="bbox 176 3220 3497 3292">
     <span class='ocr_line' id='line_1_33' title="bbox 176 3220 3497 3292; baseline 0.001 -18"><span class='ocrx_word' id='word_1_475' title='bbox 176 3224 256 3289; x_wconf 82' lang='lat' dir='ltr'>est,</span> <span class='ocrx_word' id='word_1_476' title='bbox 298 3225 375 3276; x_wconf 90' lang='lat' dir='ltr'>tot</span> <span class='ocrx_word' id='word_1_477' title='bbox 437 3222 797 3277; x_wconf 81' lang='lat' dir='ltr'>confessores</span> <span class='ocrx_word' id='word_1_478' title='bbox 861 3220 1223 3292; x_wconf 71' lang='lat' dir='ltr'>quiestionati</span> <span class='ocrx_word' id='word_1_479' title='bbox 1266 3222 1371 3290; x_wconf 84' lang='lat' dir='ltr'>(i5)</span> <span class='ocrx_word' id='word_1_480' title='bbox 1420 3228 1475 3275; x_wconf 90' lang='lat' dir='ltr'>et</span> <span class='ocrx_word' id='word_1_481' title='bbox 1519 3221 1655 3276; x_wconf 90' lang='lat' dir='ltr'>torti</span> <span class='ocrx_word' id='word_1_482' title='bbox 1711 3226 1767 3276; x_wconf 90' lang='lat' dir='ltr'>et</span> <span class='ocrx_word' id='word_1_483' title='bbox 1868 3221 2053 3276; x_wconf 89' lang='lat' dir='ltr'>titudo</span> <span class='ocrx_word' id='word_1_484' title='bbox 2100 3221 2373 3289; x_wconf 87' lang='lat' dir='ltr'>discedat,</span> <span class='ocrx_word' id='word_1_485' title='bbox 2413 3222 2660 3277; x_wconf 85' lang='lat' dir='ltr'>Ecclesia</span> <span class='ocrx_word' id='word_1_486' title='bbox 2706 3224 2900 3277; x_wconf 89' lang='lat' dir='ltr'>tamen</span> <span class='ocrx_word' id='word_1_487' title='bbox 2945 3221 3227 3278; x_wconf 89' lang='lat' dir='ltr'>aChristo</span> <span class='ocrx_word' id='word_1_488' title='bbox 3258 3239 3376 3279; x_wconf 89' lang='lat' dir='ltr'>non</span> <span class='ocrx_word' id='word_1_489' title='bbox 3403 3240 3497 3278; x_wconf 87' lang='lat' dir='ltr'>re-</span> 
     </span>
    </p>
   </div>
   <div class='ocr_carea' id='block_1_34' title="bbox 1524 3364 2126 3428">
    <p class='ocr_par' dir='ltr' id='par_1_34' title="bbox 1524 3364 2126 3428">
     <span class='ocr_line' id='line_1_34' title="bbox 1524 3364 2126 3428; baseline 0 -1"><span class='ocrx_word' id='word_1_490' title='bbox 1524 3364 1735 3428; x_wconf 73' lang='lat' dir='ltr'>Variae</span> <span class='ocrx_word' id='word_1_491' title='bbox 1789 3364 2126 3428; x_wconf 87' lang='lat' dir='ltr'>lectiones.</span> 
     </span>
    </p>
   </div>
   <div class='ocr_carea' id='block_1_35' title="bbox 177 3492 1748 3615">
    <p class='ocr_par' dir='ltr' id='par_1_35' title="bbox 177 3492 1748 3615">
     <span class='ocr_line' id='line_1_35' title="bbox 226 3492 1748 3547; baseline -0.001 -3"><span class='ocrx_word' id='word_1_492' title='bbox 226 3492 257 3524; x_wconf 71' lang='grc'>³³</span> <span class='ocrx_word' id='word_1_493' title='bbox 285 3493 653 3546; x_wconf 86' lang='lat' dir='ltr'>Recesserunt</span> <span class='ocrx_word' id='word_1_494' title='bbox 680 3494 806 3544; x_wconf 86' lang='lat' dir='ltr'>Bod.</span> <span class='ocrx_word' id='word_1_495' title='bbox 903 3497 942 3529; x_wconf 69' lang='grc'><strong>³4</strong></span> <span class='ocrx_word' id='word_1_496' title='bbox 979 3496 1093 3546; x_wconf 86' lang='lat' dir='ltr'>Nisi</span> <span class='ocrx_word' id='word_1_497' title='bbox 1134 3508 1299 3547; x_wconf 91' lang='lat' dir='ltr'>omne</span> <span class='ocrx_word' id='word_1_498' title='bbox 1340 3497 1479 3546; x_wconf 86' lang='lat' dir='ltr'>Lam.</span> <span class='ocrx_word' id='word_1_499' title='bbox 1514 3495 1670 3544; x_wconf 81' lang='lat' dir='ltr'>Ebor.</span> <span class='ocrx_word' id='word_1_500' title='bbox 1711 3497 1748 3544; x_wconf 91' lang='lat' dir='ltr'><strong><em>L</em></strong></span> 
     </span>
     <span class='ocr_line' id='line_1_36' title="bbox 177 3560 745 3615; baseline 0.005 -5"><span class='ocrx_word' id='word_1_501' title='bbox 177 3560 208 3593; x_wconf 76' lang='grc'>³⁸</span> <span class='ocrx_word' id='word_1_502' title='bbox 232 3563 389 3614; x_wconf 88' lang='lat' dir='ltr'>Verba</span> <span class='ocrx_word' id='word_1_503' title='bbox 427 3567 559 3615; x_wconf 70' lang='lat' dir='ltr'>vitta</span> <span class='ocrx_word' id='word_1_504' title='bbox 592 3565 745 3615; x_wconf 72' lang='lat' dir='ltr'>Oxon.</span> 
     </span>
    </p>
   </div>
   <div class='ocr_carea' id='block_1_36' title="bbox 1932 3492 3503 3615">
    <p class='ocr_par' dir='ltr' id='par_1_36' title="bbox 1932 3496 3503 3561">
     <span class='ocr_line' id='line_1_37' title="bbox 1932 3496 3503 3561; baseline 0.004 -19"><span class='ocrx_word' id='word_1_505' title='bbox 1932 3496 1988 3542; x_wconf 40' lang='lat' dir='ltr'>id.</span> <span class='ocrx_word' id='word_1_506' title='bbox 2029 3496 2077 3544; x_wconf 77' lang='lat'>2.</span> <span class='ocrx_word' id='word_1_507' title='bbox 2131 3496 2237 3547; x_wconf 83' lang='grc' dir='ltr'>ΝΟ.</span> <span class='ocrx_word' id='word_1_508' title='bbox 2289 3499 2333 3546; x_wconf 91' lang='grc'><em>1.</em></span> <span class='ocrx_word' id='word_1_509' title='bbox 2430 3501 2469 3530; x_wconf 72' lang='grc'>³⁵</span> <span class='ocrx_word' id='word_1_510' title='bbox 2505 3497 2657 3547; x_wconf 86' lang='lat' dir='ltr'>Imus</span> <span class='ocrx_word' id='word_1_511' title='bbox 2701 3497 2895 3561; x_wconf 84' lang='lat' dir='ltr'>Rigalt.</span> <span class='ocrx_word' id='word_1_512' title='bbox 2939 3499 3115 3547; x_wconf 79' lang='lat' dir='ltr'>contra</span> <span class='ocrx_word' id='word_1_513' title='bbox 3154 3512 3267 3548; x_wconf 79' lang='lat' dir='ltr'>mss.</span> <span class='ocrx_word' id='word_1_514' title='bbox 3304 3501 3353 3548; x_wconf 80' lang='lat' dir='ltr'>et</span> <span class='ocrx_word' id='word_1_515' title='bbox 3385 3498 3503 3549; x_wconf 86' lang='lat' dir='ltr'>edd.</span> 
     </span>
    </p>
   </div>
   <div class='ocr_carea' id='block_1_37' title="bbox 1432 3627 2204 3710">
    <p class='ocr_par' dir='ltr' id='par_1_37' title="bbox 1432 3627 2204 3710">
     <span class='ocr_line' id='line_1_38' title="bbox 1432 3627 2204 3710; baseline -0.004 -17"><span class='ocrx_word' id='word_1_516' title='bbox 1432 3629 1655 3710; x_wconf 88' lang='lat' dir='ltr'>Steph.</span> <span class='ocrx_word' id='word_1_517' title='bbox 1714 3627 1961 3692; x_wconf 90' lang='lat' dir='ltr'>Baluzii</span> <span class='ocrx_word' id='word_1_518' title='bbox 2006 3634 2204 3691; x_wconf 56' lang='lat' dir='ltr'>notas.</span> 
     </span>
    </p>
   </div>
   <div class='ocr_carea' id='block_1_38' title="bbox 174 3768 3501 3835">
    <p class='ocr_par' dir='ltr' id='par_1_38' title="bbox 174 3768 3501 3835">
     <span class='ocr_line' id='line_1_39' title="bbox 174 3768 3501 3835; baseline 0.002 -22"><span class='ocrx_word' id='word_1_519' title='bbox 174 3774 253 3813; x_wconf 86' lang='lat' dir='ltr'>seu</span> <span class='ocrx_word' id='word_1_520' title='bbox 284 3770 596 3831; x_wconf 70' lang='lat' dir='ltr'>praeposito,</span> <span class='ocrx_word' id='word_1_521' title='bbox 640 3772 700 3818; x_wconf 88' lang='lat' dir='ltr'>ut</span> <span class='ocrx_word' id='word_1_522' title='bbox 739 3768 884 3820; x_wconf 85' lang='lat' dir='ltr'>dicet</span> <span class='ocrx_word' id='word_1_523' title='bbox 924 3770 1091 3833; x_wconf 85' lang='lat' dir='ltr'>paulo</span> <span class='ocrx_word' id='word_1_524' title='bbox 1130 3776 1253 3834; x_wconf 89' lang='lat' dir='ltr'>post</span> <span class='ocrx_word' id='word_1_525' title='bbox 1290 3770 1617 3835; x_wconf 83' lang='lat' dir='ltr'>Cyprianus.</span> <span class='ocrx_word' id='word_1_526' title='bbox 1659 3773 1768 3822; x_wconf 83' lang='lat' dir='ltr'>Lu-</span> <span class='ocrx_word' id='word_1_527' title='bbox 1932 3773 2028 3833; x_wconf 77' lang='grc'>(15)</span> <span class='ocrx_word' id='word_1_528' title='bbox 2078 3771 2432 3831; x_wconf 68' lang='grc' dir='ltr'>ουωεείοηαῑί.</span> <span class='ocrx_word' id='word_1_529' title='bbox 2482 3771 2543 3820; x_wconf 90' lang='lat' dir='ltr'>Id</span> <span class='ocrx_word' id='word_1_530' title='bbox 2592 3775 2675 3822; x_wconf 89' lang='lat' dir='ltr'>est</span> <span class='ocrx_word' id='word_1_531' title='bbox 2720 3772 3014 3835; x_wconf 69' lang='lat' dir='ltr'>quaestioni</span> <span class='ocrx_word' id='word_1_532' title='bbox 3059 3771 3322 3835; x_wconf 87' lang='lat' dir='ltr'>appliciti.</span> <span class='ocrx_word' id='word_1_533' title='bbox 3368 3771 3501 3823; x_wconf 82' lang='lat' dir='ltr'>Car-</span> 
     </span>
    </p>
   </div>
   <div class='ocr_carea' id='block_1_39' title="bbox 175 3835 3503 3907">
    <p class='ocr_par' dir='ltr' id='par_1_39' title="bbox 175 3835 3503 3907">
     <span class='ocr_line' id='line_1_40' title="bbox 175 3835 3503 3907; baseline 0.004 -24"><span class='ocrx_word' id='word_1_534' title='bbox 175 3835 284 3907; x_wconf 82' lang='lat' dir='ltr'>citer</span> <span class='ocrx_word' id='word_1_535' title='bbox 319 3836 686 3900; x_wconf 86' lang='lat' dir='ltr'>Calaritanus,</span> <span class='ocrx_word' id='word_1_536' title='bbox 728 3841 783 3888; x_wconf 94' lang='lat' dir='ltr'>in</span> <span class='ocrx_word' id='word_1_537' title='bbox 827 3840 1093 3903; x_wconf 82' lang='lat' dir='ltr'>Apologia</span> <span class='ocrx_word' id='word_1_538' title='bbox 1135 3842 1384 3891; x_wconf 89' lang='lat' dir='ltr'>secunda</span> <span class='ocrx_word' id='word_1_539' title='bbox 1432 3856 1529 3905; x_wconf 93' lang='lat' dir='ltr'>pro</span> <span class='ocrx_word' id='word_1_540' title='bbox 1577 3848 1771 3894; x_wconf 84' lang='lat' dir='ltr'>sancto</span> <span class='ocrx_word' id='word_1_541' title='bbox 1870 3842 2064 3893; x_wconf 86' lang='lat' dir='ltr'>niﬁces</span> <span class='ocrx_word' id='word_1_542' title='bbox 2122 3847 2391 3893; x_wconf 83' lang='lat' dir='ltr'>vocantur</span> <span class='ocrx_word' id='word_1_543' title='bbox 2453 3845 2833 3907; x_wconf 67' lang='lat' dir='ltr'>qumstionarii</span> <span class='ocrx_word' id='word_1_544' title='bbox 2899 3844 2957 3893; x_wconf 91' lang='lat' dir='ltr'>in</span> <span class='ocrx_word' id='word_1_545' title='bbox 3016 3845 3187 3893; x_wconf 84' lang='lat' dir='ltr'>veteri</span> <span class='ocrx_word' id='word_1_546' title='bbox 3249 3846 3503 3896; x_wconf 87' lang='lat' dir='ltr'>versione</span> 
     </span>
    </p>
   </div>
   <div class='ocr_carea' id='block_1_40' title="bbox 176 3906 3499 3977">
    <p class='ocr_par' dir='ltr' id='par_1_40' title="bbox 176 3906 3499 3977">
     <span class='ocr_line' id='line_1_41' title="bbox 176 3906 3499 3977; baseline 0.004 -25"><span class='ocrx_word' id='word_1_547' title='bbox 176 3906 437 3960; x_wconf 71' lang='lat' dir='ltr'>Athanasio</span> <span class='ocrx_word' id='word_1_548' title='bbox 466 3925 478 3957; x_wconf 87' lang='lat'><strong><em>:</em></strong></span> <span class='ocrx_word' id='word_1_549' title='bbox 507 3929 535 3955; x_wconf 82' lang='lat'><em>«</em></span> <span class='ocrx_word' id='word_1_550' title='bbox 566 3910 649 3959; x_wconf 82' lang='lat' dir='ltr'>Ex</span> <span class='ocrx_word' id='word_1_551' title='bbox 677 3911 953 3962; x_wconf 86' lang='lat' dir='ltr'>fructibus</span> <span class='ocrx_word' id='word_1_552' title='bbox 982 3914 1110 3974; x_wconf 90' lang='lat' dir='ltr'>tuis,</span> <span class='ocrx_word' id='word_1_553' title='bbox 1133 3913 1433 3976; x_wconf 85' lang='lat' dir='ltr'>Imperator</span> <span class='ocrx_word' id='word_1_554' title='bbox 1461 3913 1769 3977; x_wconf 84' lang='lat' dir='ltr'>Constanti,</span> <span class='ocrx_word' id='word_1_555' title='bbox 1871 3914 2091 3964; x_wconf 84' lang='lat' dir='ltr'>concilii</span> <span class='ocrx_word' id='word_1_556' title='bbox 2121 3913 2388 3976; x_wconf 87' lang='lat' dir='ltr'>Ephesini</span> <span class='ocrx_word' id='word_1_557' title='bbox 2425 3906 2485 3963; x_wconf 78' lang='lat' dir='ltr'>et</span> <span class='ocrx_word' id='word_1_558' title='bbox 2511 3914 2658 3977; x_wconf 84' lang='lat' dir='ltr'>apud</span> <span class='ocrx_word' id='word_1_559' title='bbox 2693 3914 2924 3965; x_wconf 79' lang='lat' dir='ltr'>Marium</span> <span class='ocrx_word' id='word_1_560' title='bbox 2956 3914 3332 3966; x_wconf 85' lang='lat' dir='ltr'>Mercatorem.</span> <span class='ocrx_word' id='word_1_561' title='bbox 3360 3916 3499 3967; x_wconf 87' lang='lat' dir='ltr'>Vide</span> 
     </span>
    </p>
   </div>
   <div class='ocr_carea' id='block_1_41' title="bbox 176 3980 2274 4048">
    <p class='ocr_par' dir='ltr' id='par_1_41' title="bbox 176 3980 2274 4048">
     <span class='ocr_line' id='line_1_42' title="bbox 176 3980 2274 4048; baseline 0.004 -23"><span class='ocrx_word' id='word_1_562' title='bbox 176 3987 264 4025; x_wconf 87' lang='lat' dir='ltr'>non</span> <span class='ocrx_word' id='word_1_563' title='bbox 289 3991 399 4029; x_wconf 83' lang='lat' dir='ltr'>esse</span> <span class='ocrx_word' id='word_1_564' title='bbox 438 3980 810 4044; x_wconf 84' lang='lat' dir='ltr'>Christianus,</span> <span class='ocrx_word' id='word_1_565' title='bbox 852 3983 948 4033; x_wconf 91' lang='lat' dir='ltr'>sed</span> <span class='ocrx_word' id='word_1_566' title='bbox 992 3984 1153 4047; x_wconf 88' lang='lat' dir='ltr'>plane</span> <span class='ocrx_word' id='word_1_567' title='bbox 1192 3998 1454 4048; x_wconf 84' lang='lat' dir='ltr'>manceps</span> <span class='ocrx_word' id='word_1_568' title='bbox 1492 3986 1771 4036; x_wconf 87' lang='lat' dir='ltr'>latronum</span> <span class='ocrx_word' id='word_1_569' title='bbox 1870 3997 2054 4047; x_wconf 86' lang='lat' dir='ltr'>supra,</span> <span class='ocrx_word' id='word_1_570' title='bbox 2085 3998 2135 4046; x_wconf 89' lang='lat' dir='ltr'>p.</span> <span class='ocrx_word' id='word_1_571' title='bbox 2164 3984 2274 4033; x_wconf 78' lang='grc'>408.</span> 
     </span>
    </p>
   </div>
   <div class='ocr_carea' id='block_1_42' title="bbox 176 4054 3502 4121">
    <p class='ocr_par' dir='ltr' id='par_1_42' title="bbox 176 4054 3502 4121">
     <span class='ocr_line' id='line_1_43' title="bbox 176 4054 3502 4121; baseline 0.004 -26"><span class='ocrx_word' id='word_1_572' title='bbox 176 4058 271 4097; x_wconf 81' lang='lat' dir='ltr'>esse</span> <span class='ocrx_word' id='word_1_573' title='bbox 302 4054 667 4113; x_wconf 84' lang='lat' dir='ltr'>cognosceris.</span> <span class='ocrx_word' id='word_1_574' title='bbox 704 4068 734 4099; x_wconf 89' lang='grc'>›&gt;</span> <span class='ocrx_word' id='word_1_575' title='bbox 774 4054 1079 4118; x_wconf 84' lang='lat' dir='ltr'>Mancipem</span> <span class='ocrx_word' id='word_1_576' title='bbox 1121 4069 1411 4118; x_wconf 86' lang='lat' dir='ltr'>operarum</span> <span class='ocrx_word' id='word_1_577' title='bbox 1455 4055 1595 4105; x_wconf 83' lang='lat' dir='ltr'>dixit</span> <span class='ocrx_word' id='word_1_578' title='bbox 1636 4056 1772 4106; x_wconf 81' lang='lat' dir='ltr'>Sue—</span> <span class='ocrx_word' id='word_1_579' title='bbox 1931 4055 2026 4117; x_wconf 84' lang='grc'>(16)</span> <span class='ocrx_word' id='word_1_580' title='bbox 2075 4054 2233 4104; x_wconf 84' lang='lat' dir='ltr'>Solus</span> <span class='ocrx_word' id='word_1_581' title='bbox 2285 4056 2526 4119; x_wconf 84' lang='lat' dir='ltr'>integer..</span> <span class='ocrx_word' id='word_1_582' title='bbox 2582 4054 2677 4106; x_wconf 88' lang='lat' dir='ltr'>Sic</span> <span class='ocrx_word' id='word_1_583' title='bbox 2726 4056 3103 4121; x_wconf 87' lang='lat' dir='ltr'>Hieronymus</span> <span class='ocrx_word' id='word_1_584' title='bbox 3153 4058 3212 4107; x_wconf 91' lang='lat' dir='ltr'>in</span> <span class='ocrx_word' id='word_1_585' title='bbox 3264 4059 3502 4121; x_wconf 79' lang='lat' dir='ltr'>Epistota</span> 
     </span>
    </p>
   </div>
   <div class='ocr_carea' id='block_1_43' title="bbox 178 4120 3501 4192">
    <p class='ocr_par' dir='ltr' id='par_1_43' title="bbox 178 4120 3501 4192">
     <span class='ocr_line' id='line_1_44' title="bbox 178 4120 3501 4192; baseline 0.003 -26"><span class='ocrx_word' id='word_1_586' title='bbox 178 4120 329 4192; x_wconf 84' lang='lat' dir='ltr'>tonius</span> <span class='ocrx_word' id='word_1_587' title='bbox 362 4125 414 4171; x_wconf 91' lang='lat' dir='ltr'>in</span> <span class='ocrx_word' id='word_1_588' title='bbox 442 4123 786 4185; x_wconf 81' lang='lat' dir='ltr'>VeSpasiano</span> <span class='ocrx_word' id='word_1_589' title='bbox 821 4138 949 4174; x_wconf 90' lang='lat' dir='ltr'>eum</span> <span class='ocrx_word' id='word_1_590' title='bbox 985 4126 1079 4188; x_wconf 88' lang='lat' dir='ltr'>qui</span> <span class='ocrx_word' id='word_1_591' title='bbox 1115 4140 1182 4176; x_wconf 80' lang='lat' dir='ltr'>ex</span> <span class='ocrx_word' id='word_1_592' title='bbox 1213 4124 1439 4177; x_wconf 83' lang='lat' dir='ltr'>Umbria</span> <span class='ocrx_word' id='word_1_593' title='bbox 1468 4128 1523 4176; x_wconf 92' lang='lat' dir='ltr'>in</span> <span class='ocrx_word' id='word_1_594' title='bbox 1554 4126 1773 4177; x_wconf 86' lang='lat' dir='ltr'>Sabinis</span> <span class='ocrx_word' id='word_1_595' title='bbox 1870 4126 1939 4176; x_wconf 88' lang='lat' dir='ltr'>ad</span> <span class='ocrx_word' id='word_1_596' title='bbox 1982 4125 2393 4183; x_wconf 84' lang='lat' dir='ltr'>Pammachium,</span> <span class='ocrx_word' id='word_1_597' title='bbox 2440 4125 2733 4191; x_wconf 87' lang='lat' dir='ltr'>alloquens</span> <span class='ocrx_word' id='word_1_598' title='bbox 2774 4120 3045 4178; x_wconf 84' lang='lat' dir='ltr'>Joannem</span> <span class='ocrx_word' id='word_1_599' title='bbox 3094 4120 3501 4192; x_wconf 76' lang='lat' dir='ltr'>Hierosblymi-</span> 
     </span>
    </p>
   </div>
   <div class='ocr_carea' id='block_1_44' title="bbox 178 4190 3504 4262">
    <p class='ocr_par' dir='ltr' id='par_1_44' title="bbox 178 4190 3504 4262">
     <span class='ocr_line' id='line_1_45' title="bbox 178 4190 3504 4262; baseline 0.003 -22"><span class='ocrx_word' id='word_1_600' title='bbox 178 4190 229 4262; x_wconf 60' lang='lat' dir='ltr'>ad</span> <span class='ocrx_word' id='word_1_601' title='bbox 264 4194 528 4243; x_wconf 86' lang='lat' dir='ltr'>culturam</span> <span class='ocrx_word' id='word_1_602' title='bbox 565 4208 819 4258; x_wconf 82' lang='lat' dir='ltr'>agrorum</span> <span class='ocrx_word' id='word_1_603' title='bbox 859 4198 1161 4260; x_wconf 85' lang='lat' dir='ltr'>quotannis</span> <span class='ocrx_word' id='word_1_604' title='bbox 1195 4212 1507 4248; x_wconf 87' lang='lat' dir='ltr'>commeare</span> <span class='ocrx_word' id='word_1_605' title='bbox 1539 4198 1768 4248; x_wconf 85' lang='lat' dir='ltr'>solebat.</span> <span class='ocrx_word' id='word_1_606' title='bbox 1870 4198 2084 4258; x_wconf 74' lang='lat' dir='ltr'>ianum,</span> <span class='ocrx_word' id='word_1_607' title='bbox 2124 4197 2201 4245; x_wconf 84' lang='lat' dir='ltr'>ait</span> <span class='ocrx_word' id='word_1_608' title='bbox 2244 4211 2254 4244; x_wconf 92' lang='lat'><strong>:</strong></span> <span class='ocrx_word' id='word_1_609' title='bbox 2297 4212 2326 4245; x_wconf 84' lang='lat'><strong>«</strong></span> <span class='ocrx_word' id='word_1_610' title='bbox 2368 4196 2455 4247; x_wconf 88' lang='lat' dir='ltr'>Tu</span> <span class='ocrx_word' id='word_1_611' title='bbox 2494 4196 2850 4248; x_wconf 84' lang='lat' dir='ltr'>beatissimus</span> <span class='ocrx_word' id='word_1_612' title='bbox 2900 4200 3042 4262; x_wconf 85' lang='lat' dir='ltr'>Papa</span> <span class='ocrx_word' id='word_1_613' title='bbox 3087 4204 3142 4248; x_wconf 90' lang='lat' dir='ltr'>et</span> <span class='ocrx_word' id='word_1_614' title='bbox 3185 4190 3504 4249; x_wconf 81' lang='lat' dir='ltr'>fastidiosus</span> 
     </span>
    </p>
   </div>
   <div class='ocr_carea' id='block_1_45' title="bbox 178 4260 3505 4334">
    <p class='ocr_par' dir='ltr' id='par_1_45' title="bbox 178 4260 3505 4334">
     <span class='ocr_line' id='line_1_46' title="bbox 178 4260 3505 4334; baseline 0.003 -25"><span class='ocrx_word' id='word_1_615' title='bbox 178 4260 472 4314; x_wconf 83' lang='lat' dir='ltr'>Prudentius</span> <span class='ocrx_word' id='word_1_616' title='bbox 502 4269 565 4314; x_wconf 88' lang='lat' dir='ltr'>in</span> <span class='ocrx_word' id='word_1_617' title='bbox 596 4266 853 4317; x_wconf 80' lang='lat' dir='ltr'>Carmine</span> <span class='ocrx_word' id='word_1_618' title='bbox 882 4267 951 4317; x_wconf 92' lang='lat' dir='ltr'>de</span> <span class='ocrx_word' id='word_1_619' title='bbox 984 4273 1178 4319; x_wconf 87' lang='lat' dir='ltr'>sancto</span> <span class='ocrx_word' id='word_1_620' title='bbox 1212 4270 1506 4320; x_wconf 87' lang='lat' dir='ltr'>Vincentio</span> <span class='ocrx_word' id='word_1_621' title='bbox 1532 4275 1771 4333; x_wconf 86' lang='lat' dir='ltr'>martyre</span> <span class='ocrx_word' id='word_1_622' title='bbox 1872 4268 2119 4326; x_wconf 85' lang='lat' dir='ltr'>antistes,</span> <span class='ocrx_word' id='word_1_623' title='bbox 2172 4267 2327 4317; x_wconf 88' lang='lat' dir='ltr'>solus</span> <span class='ocrx_word' id='word_1_624' title='bbox 2378 4268 2555 4328; x_wconf 88' lang='lat' dir='ltr'>dives,</span> <span class='ocrx_word' id='word_1_625' title='bbox 2601 4269 2755 4319; x_wconf 90' lang='lat' dir='ltr'>solus</span> <span class='ocrx_word' id='word_1_626' title='bbox 2809 4260 3047 4334; x_wconf 79' lang='lat' dir='ltr'>sapiens,</span> <span class='ocrx_word' id='word_1_627' title='bbox 3096 4270 3251 4320; x_wconf 91' lang='lat' dir='ltr'>solus</span> <span class='ocrx_word' id='word_1_628' title='bbox 3301 4270 3505 4320; x_wconf 85' lang='lat' dir='ltr'>nobilis</span> 
     </span>
    </p>
   </div>
   <div class='ocr_carea' id='block_1_46' title="bbox 178 4333 3505 4405">
    <p class='ocr_par' dir='ltr' id='par_1_46' title="bbox 178 4333 3505 4405">
     <span class='ocr_line' id='line_1_47' title="bbox 178 4333 3505 4405; baseline 0.004 -28"><span class='ocrx_word' id='word_1_629' title='bbox 178 4333 427 4384; x_wconf 87' lang='lat' dir='ltr'>custodem</span> <span class='ocrx_word' id='word_1_630' title='bbox 480 4338 721 4386; x_wconf 85' lang='lat' dir='ltr'>carceris</span> <span class='ocrx_word' id='word_1_631' title='bbox 762 4341 923 4387; x_wconf 83' lang='lat' dir='ltr'>vocat</span> <span class='ocrx_word' id='word_1_632' title='bbox 965 4339 1278 4403; x_wconf 88' lang='lat' dir='ltr'>mancipem</span> <span class='ocrx_word' id='word_1_633' title='bbox 1329 4356 1341 4388; x_wconf 91' lang='lat'>:</span> <span class='ocrx_word' id='word_1_634' title='bbox 1394 4358 1423 4388; x_wconf 83' lang='lat'>«</span> <span class='ocrx_word' id='word_1_635' title='bbox 1465 4342 1604 4390; x_wconf 88' lang='lat' dir='ltr'>Tum</span> <span class='ocrx_word' id='word_1_636' title='bbox 1657 4343 1771 4404; x_wconf 90' lang='lat' dir='ltr'>ipse</span> <span class='ocrx_word' id='word_1_637' title='bbox 1871 4351 1937 4389; x_wconf 85' lang='lat' dir='ltr'>ac</span> <span class='ocrx_word' id='word_1_638' title='bbox 1977 4338 2232 4399; x_wconf 88' lang='lat' dir='ltr'>disertus,</span> <span class='ocrx_word' id='word_1_639' title='bbox 2273 4351 2571 4389; x_wconf 88' lang='lat' dir='ltr'>conservos</span> <span class='ocrx_word' id='word_1_640' title='bbox 2615 4346 2742 4390; x_wconf 88' lang='lat' dir='ltr'>tuos</span> <span class='ocrx_word' id='word_1_641' title='bbox 2785 4344 2840 4390; x_wconf 92' lang='lat' dir='ltr'>et</span> <span class='ocrx_word' id='word_1_642' title='bbox 2874 4333 3194 4404; x_wconf 86' lang='lat' dir='ltr'>redemptos</span> <span class='ocrx_word' id='word_1_643' title='bbox 3231 4341 3505 4405; x_wconf 86' lang='lat' dir='ltr'>sanguine</span> 
     </span>
    </p>
   </div>
   <div class='ocr_carea' id='block_1_47' title="bbox 177 4407 3506 4475">
    <p class='ocr_par' dir='ltr' id='par_1_47' title="bbox 177 4407 3506 4475">
     <span class='ocr_line' id='line_1_48' title="bbox 177 4407 3506 4475; baseline 0.003 -26"><span class='ocrx_word' id='word_1_644' title='bbox 177 4412 401 4475; x_wconf 61' lang='lat' dir='ltr'>manceps</span> <span class='ocrx_word' id='word_1_645' title='bbox 446 4407 691 4456; x_wconf 84' lang='lat' dir='ltr'>carceris</span> <span class='ocrx_word' id='word_1_646' title='bbox 742 4411 797 4456; x_wconf 91' lang='lat' dir='ltr'>et</span> <span class='ocrx_word' id='word_1_647' title='bbox 842 4409 1192 4460; x_wconf 88' lang='lat' dir='ltr'>vinculorum</span> <span class='ocrx_word' id='word_1_648' title='bbox 1241 4414 1457 4475; x_wconf 88' lang='lat' dir='ltr'>janitor.</span> <span class='ocrx_word' id='word_1_649' title='bbox 1501 4431 1528 4457; x_wconf 84' lang='lat'><strong>»</strong></span> <span class='ocrx_word' id='word_1_650' title='bbox 1574 4412 1770 4462; x_wconf 88' lang='lat' dir='ltr'>Cicero</span> <span class='ocrx_word' id='word_1_651' title='bbox 1872 4410 2093 4461; x_wconf 91' lang='lat' dir='ltr'>Domini</span> <span class='ocrx_word' id='word_1_652' title='bbox 2137 4411 2218 4458; x_wconf 90' lang='lat' dir='ltr'>tui</span> <span class='ocrx_word' id='word_1_653' title='bbox 2260 4416 2454 4473; x_wconf 86' lang='lat' dir='ltr'>rugata</span> <span class='ocrx_word' id='word_1_654' title='bbox 2492 4410 2673 4460; x_wconf 83' lang='lat' dir='ltr'>fronte</span> <span class='ocrx_word' id='word_1_655' title='bbox 2715 4415 2771 4461; x_wconf 90' lang='lat' dir='ltr'>et</span> <span class='ocrx_word' id='word_1_656' title='bbox 2816 4411 3059 4475; x_wconf 88' lang='lat' dir='ltr'>obliquis</span> <span class='ocrx_word' id='word_1_657' title='bbox 3102 4411 3281 4461; x_wconf 90' lang='lat' dir='ltr'>oculis</span> <span class='ocrx_word' id='word_1_658' title='bbox 3325 4410 3506 4473; x_wconf 89' lang='lat' dir='ltr'>despi-</span> 
     </span>
    </p>
   </div>
   <div class='ocr_carea' id='block_1_48' title="bbox 178 4470 3503 4546">
    <p class='ocr_par' dir='ltr' id='par_1_48' title="bbox 178 4470 3503 4546">
     <span class='ocr_line' id='line_1_49' title="bbox 178 4470 3503 4546; baseline 0.003 -26"><span class='ocrx_word' id='word_1_659' title='bbox 178 4470 251 4546; x_wconf 89' lang='lat' dir='ltr'>lib.</span> <span class='ocrx_word' id='word_1_660' title='bbox 275 4488 290 4523; x_wconf 83' lang='lat'>1</span> <span class='ocrx_word' id='word_1_661' title='bbox 315 4476 616 4538; x_wconf 78' lang='lat' dir='ltr'>Ofﬁcim-um</span> <span class='ocrx_word' id='word_1_662' title='bbox 646 4493 662 4525; x_wconf 87' lang='lat'><em>:</em></span> <span class='ocrx_word' id='word_1_663' title='bbox 689 4494 719 4527; x_wconf 74' lang='grc' dir='ltr'><strong>α</strong></span> <span class='ocrx_word' id='word_1_664' title='bbox 740 4478 921 4527; x_wconf 87' lang='lat' dir='ltr'>Etiam</span> <span class='ocrx_word' id='word_1_665' title='bbox 953 4480 1102 4545; x_wconf 87' lang='lat' dir='ltr'>leges</span> <span class='ocrx_word' id='word_1_666' title='bbox 1129 4470 1404 4532; x_wconf 79' lang='lat' dir='ltr'>latronum</span> <span class='ocrx_word' id='word_1_667' title='bbox 1430 4496 1552 4534; x_wconf 88' lang='lat' dir='ltr'>esse</span> <span class='ocrx_word' id='word_1_668' title='bbox 1576 4482 1769 4533; x_wconf 90' lang='lat' dir='ltr'>dicun-</span> <span class='ocrx_word' id='word_1_669' title='bbox 1788 4475 1847 4546; x_wconf 87' lang='lat' dir='ltr'><strong>D</strong></span> <span class='ocrx_word' id='word_1_670' title='bbox 1871 4482 1968 4530; x_wconf 90' lang='lat' dir='ltr'>cis.</span> <span class='ocrx_word' id='word_1_671' title='bbox 2009 4496 2038 4528; x_wconf 91' lang='lat'>»</span> <span class='ocrx_word' id='word_1_672' title='bbox 2079 4470 2366 4531; x_wconf 74' lang='lat' dir='ltr'>Contrario</span> <span class='ocrx_word' id='word_1_673' title='bbox 2408 4493 2576 4530; x_wconf 89' lang='lat' dir='ltr'>sensu</span> <span class='ocrx_word' id='word_1_674' title='bbox 2619 4481 2873 4533; x_wconf 86' lang='lat' dir='ltr'>Socrates</span> <span class='ocrx_word' id='word_1_675' title='bbox 2914 4470 3063 4545; x_wconf 79' lang='lat' dir='ltr'>apud</span> <span class='ocrx_word' id='word_1_676' title='bbox 3102 4482 3401 4545; x_wconf 84' lang='lat' dir='ltr'>Apuleium</span> <span class='ocrx_word' id='word_1_677' title='bbox 3427 4470 3503 4529; x_wconf 52' lang='lat' dir='ltr'>_in</span> 
     </span>
    </p>
   </div>
   <div class='ocr_carea' id='block_1_49' title="bbox 178 4543 3500 4620">
    <p class='ocr_par' dir='ltr' id='par_1_49' title="bbox 178 4543 3500 4620">
     <span class='ocr_line' id='line_1_50' title="bbox 178 4543 3500 4620; baseline 0.001 -25"><span class='ocrx_word' id='word_1_678' title='bbox 178 4543 248 4620; x_wconf 61' lang='lat' dir='ltr'>tur</span> <span class='ocrx_word' id='word_1_679' title='bbox 278 4547 471 4609; x_wconf 85' lang='lat' dir='ltr'>quibus</span> <span class='ocrx_word' id='word_1_680' title='bbox 500 4553 747 4620; x_wconf 87' lang='lat' dir='ltr'>pareant,</span> <span class='ocrx_word' id='word_1_681' title='bbox 780 4563 919 4613; x_wconf 89' lang='lat' dir='ltr'>quas</span> <span class='ocrx_word' id='word_1_682' title='bbox 954 4543 1264 4603; x_wconf 79' lang='lat' dir='ltr'>observent.</span> <span class='ocrx_word' id='word_1_683' title='bbox 1297 4570 1325 4601; x_wconf 85' lang='grc'><strong>››</strong></span> <span class='ocrx_word' id='word_1_684' title='bbox 1360 4555 1497 4604; x_wconf 90' lang='lat' dir='ltr'>Item</span> <span class='ocrx_word' id='word_1_685' title='bbox 1533 4555 1589 4603; x_wconf 91' lang='lat' dir='ltr'>in</span> <span class='ocrx_word' id='word_1_686' title='bbox 1626 4543 1829 4603; x_wconf 66' lang='lat' dir='ltr'>Ora-_</span> <span class='ocrx_word' id='word_1_687' title='bbox 1870 4551 2011 4602; x_wconf 90' lang='lat' dir='ltr'>libro</span> <span class='ocrx_word' id='word_1_688' title='bbox 2048 4552 2227 4616; x_wconf 89' lang='lat' dir='ltr'>primo</span> <span class='ocrx_word' id='word_1_689' title='bbox 2270 4552 2747 4614; x_wconf 76' lang='lat' dir='ltr'>Metamorphoseon</span> <span class='ocrx_word' id='word_1_690' title='bbox 2781 4543 3007 4603; x_wconf 79' lang='lat' dir='ltr'>vocatur</span> <span class='ocrx_word' id='word_1_691' title='bbox 3041 4543 3273 4615; x_wconf 76' lang='lat' dir='ltr'>integer,</span> <span class='ocrx_word' id='word_1_692' title='bbox 3313 4564 3500 4612; x_wconf 86' lang='lat' dir='ltr'>sanus,</span> 
     </span>
    </p>
   </div>
   <div class='ocr_carea' id='block_1_50' title="bbox 178 4614 2185 4693">
    <p class='ocr_par' dir='ltr' id='par_1_50' title="bbox 178 4614 2185 4693">
     <span class='ocr_line' id='line_1_51' title="bbox 178 4614 2185 4693; baseline 0.002 -25"><span class='ocrx_word' id='word_1_693' title='bbox 178 4614 298 4693; x_wconf 60' lang='lat' dir='ltr'>tione</span> <span class='ocrx_word' id='word_1_694' title='bbox 346 4631 438 4680; x_wconf 87' lang='lat' dir='ltr'>pro</span> <span class='ocrx_word' id='word_1_695' title='bbox 495 4619 665 4693; x_wconf 84' lang='lat' dir='ltr'>domo</span> <span class='ocrx_word' id='word_1_696' title='bbox 714 4632 814 4669; x_wconf 85' lang='lat' dir='ltr'>sua</span> <span class='ocrx_word' id='word_1_697' title='bbox 861 4636 872 4667; x_wconf 91' lang='lat'><strong>:</strong></span> <span class='ocrx_word' id='word_1_698' title='bbox 927 4640 955 4667; x_wconf 87' lang='lat'><strong>«</strong></span> <span class='ocrx_word' id='word_1_699' title='bbox 1003 4624 1286 4675; x_wconf 89' lang='lat' dir='ltr'>Postremo</span> <span class='ocrx_word' id='word_1_700' title='bbox 1336 4638 1407 4675; x_wconf 90' lang='lat' dir='ltr'>ne</span> <span class='ocrx_word' id='word_1_701' title='bbox 1461 4626 1515 4674; x_wconf 90' lang='lat' dir='ltr'>in</span> <span class='ocrx_word' id='word_1_702' title='bbox 1569 4625 1772 4688; x_wconf 60' lang='lat' dir='ltr'>praedas</span> <span class='ocrx_word' id='word_1_703' title='bbox 1872 4614 2185 4674; x_wconf 74' lang='lat' dir='ltr'>incolumis.</span> 
     </span>
    </p>
   </div>
   <div class='ocr_carea' id='block_1_51' title="bbox 181 4686 3503 4758">
    <p class='ocr_par' dir='ltr' id='par_1_51' title="bbox 181 4686 3503 4758">
     <span class='ocr_line' id='line_1_52' title="bbox 181 4686 3503 4758; baseline 0.003 -26"><span class='ocrx_word' id='word_1_704' title='bbox 181 4686 367 4743; x_wconf 83' lang='lat' dir='ltr'>quidem</span> <span class='ocrx_word' id='word_1_705' title='bbox 407 4690 675 4740; x_wconf 87' lang='lat' dir='ltr'>societate</span> <span class='ocrx_word' id='word_1_706' title='bbox 715 4693 1029 4757; x_wconf 88' lang='lat' dir='ltr'>mancipem</span> <span class='ocrx_word' id='word_1_707' title='bbox 1073 4700 1167 4744; x_wconf 85' lang='lat' dir='ltr'>aut</span> <span class='ocrx_word' id='word_1_708' title='bbox 1210 4696 1520 4758; x_wconf 76' lang='lat' dir='ltr'>priedonem</span> <span class='ocrx_word' id='word_1_709' title='bbox 1560 4686 1770 4745; x_wconf 68' lang='lat' dir='ltr'>factum</span> <span class='ocrx_word' id='word_1_710' title='bbox 1936 4696 2031 4757; x_wconf 86' lang='grc'>(17)</span> <span class='ocrx_word' id='word_1_711' title='bbox 2073 4694 2334 4757; x_wconf 82' lang='lat' dir='ltr'>Ejiciendi</span> <span class='ocrx_word' id='word_1_712' title='bbox 2377 4692 2568 4756; x_wconf 83' lang='lat' dir='ltr'>forent.</span> <span class='ocrx_word' id='word_1_713' title='bbox 2614 4693 2869 4754; x_wconf 83' lang='lat' dir='ltr'>Ruﬁnus,</span> <span class='ocrx_word' id='word_1_714' title='bbox 2911 4694 2968 4743; x_wconf 80' lang='lat' dir='ltr'>in</span> <span class='ocrx_word' id='word_1_715' title='bbox 3016 4692 3157 4743; x_wconf 85' lang='lat' dir='ltr'>Psal.</span> <span class='ocrx_word' id='word_1_716' title='bbox 3210 4706 3375 4753; x_wconf 73' lang='lat' dir='ltr'>xxxv,</span> <span class='ocrx_word' id='word_1_717' title='bbox 3421 4692 3503 4743; x_wconf 87' lang='lat' dir='ltr'>lo-</span> 
     </span>
    </p>
   </div>
   <div class='ocr_carea' id='block_1_52' title="bbox 180 4760 3505 4830">
    <p class='ocr_par' dir='ltr' id='par_1_52' title="bbox 180 4760 3505 4830">
     <span class='ocr_line' id='line_1_53' title="bbox 180 4760 3505 4830; baseline -0.001 -14"><span class='ocrx_word' id='word_1_718' title='bbox 180 4760 378 4816; x_wconf 58' lang='lat' dir='ltr'>rePerire</span> <span class='ocrx_word' id='word_1_719' title='bbox 400 4765 605 4823; x_wconf 88' lang='lat' dir='ltr'>potest.</span> <span class='ocrx_word' id='word_1_720' title='bbox 632 4777 661 4807; x_wconf 89' lang='lat'>»</span> <span class='ocrx_word' id='word_1_721' title='bbox 690 4762 895 4813; x_wconf 66' lang='lat' dir='ltr'>Caelius</span> <span class='ocrx_word' id='word_1_722' title='bbox 920 4763 1293 4830; x_wconf 86' lang='lat' dir='ltr'>Calcaguinus</span> <span class='ocrx_word' id='word_1_723' title='bbox 1322 4767 1416 4816; x_wconf 89' lang='lat' dir='ltr'>lib.</span> <span class='ocrx_word' id='word_1_724' title='bbox 1443 4781 1478 4829; x_wconf 86' lang='grc' dir='ltr'>ι,</span> <span class='ocrx_word' id='word_1_725' title='bbox 1505 4766 1647 4830; x_wconf 90' lang='lat' dir='ltr'>epist</span> <span class='ocrx_word' id='word_1_726' title='bbox 1689 4767 1769 4829; x_wconf 68' lang='grc'>21,</span> <span class='ocrx_word' id='word_1_727' title='bbox 1872 4779 2049 4830; x_wconf 89' lang='lat' dir='ltr'>quens</span> <span class='ocrx_word' id='word_1_728' title='bbox 2088 4767 2156 4815; x_wconf 90' lang='lat' dir='ltr'>de</span> <span class='ocrx_word' id='word_1_729' title='bbox 2197 4764 2514 4828; x_wconf 89' lang='lat' dir='ltr'>hujusmodi</span> <span class='ocrx_word' id='word_1_730' title='bbox 2550 4764 2886 4825; x_wconf 86' lang='lat' dir='ltr'>hominibus,</span> <span class='ocrx_word' id='word_1_731' title='bbox 2918 4764 2995 4814; x_wconf 84' lang='lat' dir='ltr'>ait</span> <span class='ocrx_word' id='word_1_732' title='bbox 3036 4778 3048 4811; x_wconf 87' lang='lat'><strong><em>:</em></strong></span> <span class='ocrx_word' id='word_1_733' title='bbox 3092 4782 3120 4808; x_wconf 87' lang='lat'>«</span> <span class='ocrx_word' id='word_1_734' title='bbox 3159 4764 3279 4814; x_wconf 90' lang='lat' dir='ltr'>Non</span> <span class='ocrx_word' id='word_1_735' title='bbox 3322 4763 3505 4813; x_wconf 88' lang='lat' dir='ltr'>solum</span> 
     </span>
    </p>
   </div>
   <div class='ocr_carea' id='block_1_53' title="bbox 181 4832 3505 4903">
    <p class='ocr_par' dir='ltr' id='par_1_53' title="bbox 181 4832 3505 4903">
     <span class='ocr_line' id='line_1_54' title="bbox 181 4832 3505 4903; baseline 0.003 -30"><span class='ocrx_word' id='word_1_736' title='bbox 181 4832 423 4903; x_wconf 80' lang='lat' dir='ltr'>mancipes</span> <span class='ocrx_word' id='word_1_737' title='bbox 452 4833 865 4896; x_wconf 85' lang='lat' dir='ltr'>interpretatur,</span> <span class='ocrx_word' id='word_1_738' title='bbox 894 4836 1258 4888; x_wconf 88' lang='lat' dir='ltr'>conductores</span> <span class='ocrx_word' id='word_1_739' title='bbox 1289 4838 1771 4903; x_wconf 89' lang='lat' dir='ltr'>redemptoresque</span> <span class='ocrx_word' id='word_1_740' title='bbox 1871 4837 2019 4886; x_wconf 87' lang='lat' dir='ltr'>enim</span> <span class='ocrx_word' id='word_1_741' title='bbox 2044 4836 2194 4897; x_wconf 85' lang='lat' dir='ltr'>foris,</span> <span class='ocrx_word' id='word_1_742' title='bbox 2219 4835 2317 4886; x_wconf 90' lang='lat' dir='ltr'>sed</span> <span class='ocrx_word' id='word_1_743' title='bbox 2348 4836 2515 4885; x_wconf 86' lang='lat' dir='ltr'>etiam</span> <span class='ocrx_word' id='word_1_744' title='bbox 2540 4836 2597 4884; x_wconf 91' lang='lat' dir='ltr'>in</span> <span class='ocrx_word' id='word_1_745' title='bbox 2630 4836 2745 4898; x_wconf 86' lang='lat' dir='ltr'>ipsa</span> <span class='ocrx_word' id='word_1_746' title='bbox 2779 4836 2926 4884; x_wconf 90' lang='lat' dir='ltr'>intus</span> <span class='ocrx_word' id='word_1_747' title='bbox 2954 4834 3225 4886; x_wconf 71' lang='lat' dir='ltr'>Ecclesia:</span> <span class='ocrx_word' id='word_1_748' title='bbox 3254 4847 3505 4885; x_wconf 42' lang='lat' dir='ltr'>commu‘</span> 
     </span>
    </p>
   </div>
   <div class='ocr_carea' id='block_1_54' title="bbox 182 4900 2714 4963">
    <p class='ocr_par' dir='ltr' id='par_1_54' title="bbox 182 4900 2714 4963">
     <span class='ocr_line' id='line_1_55' title="bbox 182 4900 2714 4963; baseline 0.002 -15"><span class='ocrx_word' id='word_1_749' title='bbox 182 4900 515 4963; x_wconf 67' lang='lat' dir='ltr'>vectigalium.</span> <span class='ocrx_word' id='word_1_750' title='bbox 545 4904 685 4954; x_wconf 84' lang='lat' dir='ltr'>Vide</span> <span class='ocrx_word' id='word_1_751' title='bbox 713 4905 908 4955; x_wconf 87' lang='lat' dir='ltr'>Jacobi</span> <span class='ocrx_word' id='word_1_752' title='bbox 936 4906 1258 4958; x_wconf 85' lang='lat' dir='ltr'>Gothofredi</span> <span class='ocrx_word' id='word_1_753' title='bbox 1287 4912 1445 4958; x_wconf 88' lang='lat' dir='ltr'>notas</span> <span class='ocrx_word' id='word_1_754' title='bbox 1471 4900 1539 4958; x_wconf 73' lang='lat' dir='ltr'>ad</span> <span class='ocrx_word' id='word_1_755' title='bbox 1568 4900 1770 4959; x_wconf 79' lang='lat' dir='ltr'>librum</span> <span class='ocrx_word' id='word_1_756' title='bbox 1872 4909 2035 4958; x_wconf 90' lang='lat' dir='ltr'>nione</span> <span class='ocrx_word' id='word_1_757' title='bbox 2061 4920 2172 4957; x_wconf 89' lang='lat' dir='ltr'>non</span> <span class='ocrx_word' id='word_1_758' title='bbox 2203 4907 2404 4957; x_wconf 87' lang='lat' dir='ltr'>desunt</span> <span class='ocrx_word' id='word_1_759' title='bbox 2427 4907 2656 4956; x_wconf 88' lang='lat' dir='ltr'>inimici.</span> <span class='ocrx_word' id='word_1_760' title='bbox 2685 4925 2714 4952; x_wconf 78' lang='lat'><strong>»</strong></span> 
     </span>
    </p>
   </div>
   <div class='ocr_carea' id='block_1_55' title="bbox 180 4972 1751 5044">
    <p class='ocr_par' dir='ltr' id='par_1_55' title="bbox 180 4972 1377 5044">
     <span class='ocr_line' id='line_1_56' title="bbox 180 4972 1377 5044; baseline 0.009 -25"><span class='ocrx_word' id='word_1_761' title='bbox 180 4972 381 5030; x_wconf 80' lang='lat' dir='ltr'>primum</span> <span class='ocrx_word' id='word_1_762' title='bbox 411 4976 756 5036; x_wconf 85' lang='lat' dir='ltr'>Tertulliani,</span> <span class='ocrx_word' id='word_1_763' title='bbox 788 4978 859 5027; x_wconf 86' lang='lat' dir='ltr'>ad</span> <span class='ocrx_word' id='word_1_764' title='bbox 881 4979 1150 5038; x_wconf 80' lang='lat' dir='ltr'>Nationes,</span> <span class='ocrx_word' id='word_1_765' title='bbox 1176 4993 1300 5044; x_wconf 88' lang='lat' dir='ltr'>cap.</span> <span class='ocrx_word' id='word_1_766' title='bbox 1328 4981 1377 5030; x_wconf 87' lang='lat'>9.</span> 
     </span>
    </p>
   </div>
   <div class='ocr_carea' id='block_1_56' title="bbox 1933 4972 3504 5044">
    <p class='ocr_par' dir='ltr' id='par_1_56' title="bbox 1935 4977 3504 5042">
     <span class='ocr_line' id='line_1_57' title="bbox 1935 4977 3504 5042; baseline 0 -14"><span class='ocrx_word' id='word_1_767' title='bbox 1935 4979 2029 5040; x_wconf 86' lang='grc'>(18)</span> <span class='ocrx_word' id='word_1_768' title='bbox 2058 4979 2410 5042; x_wconf 66' lang='grc' dir='ltr'>ιΕάὶῙίσαηάα.</span> <span class='ocrx_word' id='word_1_769' title='bbox 2440 4978 2533 5029; x_wconf 88' lang='lat' dir='ltr'>Sic</span> <span class='ocrx_word' id='word_1_770' title='bbox 2573 4980 2798 5029; x_wconf 89' lang='lat' dir='ltr'>omnino</span> <span class='ocrx_word' id='word_1_771' title='bbox 2834 4977 3190 5029; x_wconf 89' lang='lat' dir='ltr'>scribendum</span> <span class='ocrx_word' id='word_1_772' title='bbox 3225 4982 3322 5030; x_wconf 88' lang='lat' dir='ltr'>est.</span> <span class='ocrx_word' id='word_1_773' title='bbox 3352 4978 3504 5028; x_wconf 86' lang='lat' dir='ltr'>Non-</span> 
     </span>
    </p>
   </div>
   <div class='ocr_carea' id='block_1_57' title="bbox 229 5044 3508 5115">
    <p class='ocr_par' dir='ltr' id='par_1_57' title="bbox 229 5044 3508 5115">
     <span class='ocr_line' id='line_1_58' title="bbox 229 5044 3508 5115; baseline 0.002 -23"><span class='ocrx_word' id='word_1_774' title='bbox 229 5044 310 5115; x_wconf 81' lang='lat' dir='ltr'>(_l3)</span> <span class='ocrx_word' id='word_1_775' title='bbox 361 5046 569 5106; x_wconf 80' lang='lat' dir='ltr'>Quanto</span> <span class='ocrx_word' id='word_1_776' title='bbox 624 5048 988 5110; x_wconf 79' lang='lat' dir='ltr'>simpliciores.</span> <span class='ocrx_word' id='word_1_777' title='bbox 1050 5048 1313 5115; x_wconf 90' lang='lat' dir='ltr'>Quinque</span> <span class='ocrx_word' id='word_1_778' title='bbox 1373 5051 1498 5102; x_wconf 90' lang='lat' dir='ltr'>libri</span> <span class='ocrx_word' id='word_1_779' title='bbox 1560 5057 1772 5104; x_wconf 88' lang='lat' dir='ltr'>veteres</span> <span class='ocrx_word' id='word_1_780' title='bbox 1872 5050 2005 5100; x_wconf 87' lang='lat' dir='ltr'>dum</span> <span class='ocrx_word' id='word_1_781' title='bbox 2039 5052 2188 5102; x_wconf 89' lang='lat' dir='ltr'>enim</span> <span class='ocrx_word' id='word_1_782' title='bbox 2220 5065 2347 5101; x_wconf 86' lang='lat' dir='ltr'>cum</span> <span class='ocrx_word' id='word_1_783' title='bbox 2384 5051 2508 5101; x_wconf 69' lang='lat' dir='ltr'>hinc</span> <span class='ocrx_word' id='word_1_784' title='bbox 2545 5050 2690 5101; x_wconf 87' lang='lat' dir='ltr'>dicta</span> <span class='ocrx_word' id='word_1_785' title='bbox 2719 5065 2749 5100; x_wconf 85' lang='lat' dir='ltr'>a</span> <span class='ocrx_word' id='word_1_786' title='bbox 2790 5051 2951 5101; x_wconf 90' lang='lat' dir='ltr'>Petro</span> <span class='ocrx_word' id='word_1_787' title='bbox 2987 5054 3136 5111; x_wconf 89' lang='lat' dir='ltr'>sunt,</span> <span class='ocrx_word' id='word_1_788' title='bbox 3168 5050 3425 5101; x_wconf 89' lang='lat' dir='ltr'>Christus</span> <span class='ocrx_word' id='word_1_789' title='bbox 3455 5048 3508 5100; x_wconf 86' lang='lat' dir='ltr'>el</span> 
     </span>
    </p>
   </div>
   <div class='ocr_carea' id='block_1_58' title="bbox 184 5107 3508 5185">
    <p class='ocr_par' dir='ltr' id='par_1_58' title="bbox 184 5107 3508 5185">
     <span class='ocr_line' id='line_1_59' title="bbox 184 5107 3508 5185; baseline 0.004 -28"><span class='ocrx_word' id='word_1_790' title='bbox 184 5107 354 5165; x_wconf 81' lang='lat' dir='ltr'>habent</span> <span class='ocrx_word' id='word_1_791' title='bbox 403 5133 414 5164; x_wconf 90' lang='lat'><strong>:</strong></span> <span class='ocrx_word' id='word_1_792' title='bbox 469 5136 497 5163; x_wconf 70' lang='grc' dir='ltr'><strong><em>α</em></strong></span> <span class='ocrx_word' id='word_1_793' title='bbox 553 5107 776 5180; x_wconf 82' lang='lat' dir='ltr'>Quanto</span> <span class='ocrx_word' id='word_1_794' title='bbox 830 5107 1166 5184; x_wconf 78' lang='lat' dir='ltr'>simpliciora</span> <span class='ocrx_word' id='word_1_795' title='bbox 1220 5107 1279 5172; x_wconf 74' lang='lat' dir='ltr'>et</span> <span class='ocrx_word' id='word_1_796' title='bbox 1331 5124 1556 5176; x_wconf 85' lang='lat' dir='ltr'>meliora</span> <span class='ocrx_word' id='word_1_797' title='bbox 1616 5125 1772 5175; x_wconf 86' lang='lat' dir='ltr'>vobis</span> <span class='ocrx_word' id='word_1_798' title='bbox 1871 5123 2228 5185; x_wconf 86' lang='lat' dir='ltr'>sponsionem</span> <span class='ocrx_word' id='word_1_799' title='bbox 2294 5122 2499 5172; x_wconf 80' lang='lat' dir='ltr'>fecerat</span> <span class='ocrx_word' id='word_1_800' title='bbox 2559 5121 2628 5172; x_wconf 88' lang='lat' dir='ltr'>de</span> <span class='ocrx_word' id='word_1_801' title='bbox 2686 5120 3019 5171; x_wconf 69' lang='lat' dir='ltr'>aediﬁcanda</span> <span class='ocrx_word' id='word_1_802' title='bbox 3084 5107 3251 5184; x_wconf 84' lang='lat' dir='ltr'>super</span> <span class='ocrx_word' id='word_1_803' title='bbox 3323 5122 3508 5184; x_wconf 88' lang='lat' dir='ltr'>ipsum</span> 
     </span>
    </p>
   </div>
   <div class='ocr_carea' id='block_1_59' title="bbox 183 5186 3507 5261">
    <p class='ocr_par' dir='ltr' id='par_1_59' title="bbox 183 5186 3507 5261">
     <span class='ocr_line' id='line_1_60' title="bbox 183 5186 3507 5261; baseline 0.003 -28"><span class='ocrx_word' id='word_1_804' title='bbox 183 5191 284 5261; x_wconf 59' lang='lat' dir='ltr'>sunt</span> <span class='ocrx_word' id='word_1_805' title='bbox 318 5186 473 5239; x_wconf 85' lang='lat' dir='ltr'>bruta</span> <span class='ocrx_word' id='word_1_806' title='bbox 514 5196 571 5239; x_wconf 91' lang='lat' dir='ltr'>et</span> <span class='ocrx_word' id='word_1_807' title='bbox 611 5191 864 5241; x_wconf 83' lang='lat' dir='ltr'>crudeles</span> <span class='ocrx_word' id='word_1_808' title='bbox 907 5206 973 5243; x_wconf 86' lang='lat' dir='ltr'>ac</span> <span class='ocrx_word' id='word_1_809' title='bbox 1015 5193 1279 5245; x_wconf 84' lang='lat' dir='ltr'>furentes.</span> <span class='ocrx_word' id='word_1_810' title='bbox 1317 5210 1346 5243; x_wconf 79' lang='grc'><strong>&gt;&gt;</strong></span> <span class='ocrx_word' id='word_1_811' title='bbox 1382 5196 1443 5245; x_wconf 91' lang='lat' dir='ltr'>In</span> <span class='ocrx_word' id='word_1_812' title='bbox 1488 5210 1601 5246; x_wconf 92' lang='lat' dir='ltr'>uno</span> <span class='ocrx_word' id='word_1_813' title='bbox 1644 5211 1772 5247; x_wconf 90' lang='lat' dir='ltr'>vero</span> <span class='ocrx_word' id='word_1_814' title='bbox 1871 5193 2140 5245; x_wconf 86' lang='lat' dir='ltr'>Ecclesia.</span> <span class='ocrx_word' id='word_1_815' title='bbox 2192 5194 2353 5244; x_wconf 83' lang='lat' dir='ltr'>Hanc</span> <span class='ocrx_word' id='word_1_816' title='bbox 2398 5197 2583 5244; x_wconf 85' lang='lat' dir='ltr'>autem</span> <span class='ocrx_word' id='word_1_817' title='bbox 2631 5193 2925 5243; x_wconf 88' lang='lat' dir='ltr'>lectionem</span> <span class='ocrx_word' id='word_1_818' title='bbox 2966 5192 3268 5255; x_wconf 62' lang='lat' dir='ltr'>prstiterunt</span> <span class='ocrx_word' id='word_1_819' title='bbox 3321 5195 3507 5256; x_wconf 88' lang='lat' dir='ltr'>plures</span> 
     </span>
    </p>
   </div>
   <div class='ocr_carea' id='block_1_60' title="bbox 184 5261 3508 5330">
    <p class='ocr_par' dir='ltr' id='par_1_60' title="bbox 184 5261 3508 5330">
     <span class='ocr_line' id='line_1_61' title="bbox 184 5261 3508 5330; baseline 0.001 -21"><span class='ocrx_word' id='word_1_820' title='bbox 184 5264 226 5302; x_wconf 73' lang='lat' dir='ltr'>In</span> <span class='ocrx_word' id='word_1_821' title='bbox 263 5272 359 5320; x_wconf 66' lang='lat' dir='ltr'>Quo</span> <span class='ocrx_word' id='word_1_822' title='bbox 403 5262 597 5311; x_wconf 84' lang='lat' dir='ltr'>eadem</span> <span class='ocrx_word' id='word_1_823' title='bbox 644 5264 806 5313; x_wconf 92' lang='lat' dir='ltr'>lectio</span> <span class='ocrx_word' id='word_1_824' title='bbox 848 5267 1136 5329; x_wconf 89' lang='lat' dir='ltr'>reperitur,</span> <span class='ocrx_word' id='word_1_825' title='bbox 1178 5269 1446 5330; x_wconf 87' lang='lat' dir='ltr'>scriptum</span> <span class='ocrx_word' id='word_1_826' title='bbox 1498 5274 1583 5319; x_wconf 88' lang='lat' dir='ltr'>est</span> <span class='ocrx_word' id='word_1_827' title='bbox 1626 5270 1773 5318; x_wconf 84' lang='lat' dir='ltr'>mula</span> <span class='ocrx_word' id='word_1_828' title='bbox 1873 5267 2086 5329; x_wconf 88' lang='lat' dir='ltr'>antiqui</span> <span class='ocrx_word' id='word_1_829' title='bbox 2129 5266 2350 5316; x_wconf 88' lang='lat' dir='ltr'>codices</span> <span class='ocrx_word' id='word_1_830' title='bbox 2392 5269 2447 5315; x_wconf 88' lang='lat' dir='ltr'>et</span> <span class='ocrx_word' id='word_1_831' title='bbox 2489 5268 2703 5314; x_wconf 82' lang='lat' dir='ltr'>veteres</span> <span class='ocrx_word' id='word_1_832' title='bbox 2747 5262 3034 5313; x_wconf 87' lang='lat' dir='ltr'>editiones.</span> <span class='ocrx_word' id='word_1_833' title='bbox 3082 5261 3221 5313; x_wconf 88' lang='lat' dir='ltr'>Vide</span> <span class='ocrx_word' id='word_1_834' title='bbox 3266 5267 3508 5313; x_wconf 84' lang='lat' dir='ltr'>annota-</span> 
     </span>
    </p>
   </div>
   <div class='ocr_carea' id='block_1_61' title="bbox 184 5331 3057 5403">
    <p class='ocr_par' dir='ltr' id='par_1_61' title="bbox 184 5331 3057 5403">
     <span class='ocr_line' id='line_1_62' title="bbox 184 5331 3057 5403; baseline 0.001 -24"><span class='ocrx_word' id='word_1_835' title='bbox 184 5337 281 5403; x_wconf 29' lang='lat' dir='ltr'>pro“</span> <span class='ocrx_word' id='word_1_836' title='bbox 307 5331 474 5382; x_wconf 80' lang='lat' dir='ltr'>bruta.</span> <span class='ocrx_word' id='word_1_837' title='bbox 538 5333 810 5385; x_wconf 81' lang='lat' dir='ltr'>Fuxensis</span> <span class='ocrx_word' id='word_1_838' title='bbox 862 5351 873 5384; x_wconf 90' lang='lat'><strong>:</strong></span> <span class='ocrx_word' id='word_1_839' title='bbox 940 5355 967 5382; x_wconf 85' lang='lat'>«</span> <span class='ocrx_word' id='word_1_840' title='bbox 1019 5336 1240 5399; x_wconf 82' lang='lat' dir='ltr'>Quanto</span> <span class='ocrx_word' id='word_1_841' title='bbox 1294 5339 1662 5403; x_wconf 88' lang='lat' dir='ltr'>simpliciores</span> <span class='ocrx_word' id='word_1_842' title='bbox 1720 5344 1775 5390; x_wconf 91' lang='lat' dir='ltr'>et</span> <span class='ocrx_word' id='word_1_843' title='bbox 1875 5337 2053 5386; x_wconf 89' lang='lat' dir='ltr'>tiones</span> <span class='ocrx_word' id='word_1_844' title='bbox 2080 5335 2295 5385; x_wconf 86' lang='lat' dir='ltr'>Erasmi</span> <span class='ocrx_word' id='word_1_845' title='bbox 2323 5337 2380 5384; x_wconf 90' lang='lat' dir='ltr'>in</span> <span class='ocrx_word' id='word_1_846' title='bbox 2407 5338 2576 5398; x_wconf 89' lang='lat' dir='ltr'>caput</span> <span class='ocrx_word' id='word_1_847' title='bbox 2602 5347 2705 5385; x_wconf 76' lang='lat' dir='ltr'>xvr</span> <span class='ocrx_word' id='word_1_848' title='bbox 2741 5333 3006 5385; x_wconf 67' lang='lat' dir='ltr'>Matthaai.</span> <span class='ocrx_word' id='word_1_849' title='bbox 3053 5378 3057 5383; x_wconf 91' lang='lat'>.</span> 
     </span>
    </p>
   </div>
   <div class='ocr_carea' id='block_1_62' title="bbox 185 5397 3510 5469">
    <p class='ocr_par' dir='ltr' id='par_1_62' title="bbox 185 5397 3510 5469">
     <span class='ocr_line' id='line_1_63' title="bbox 185 5397 3510 5469; baseline 0.002 -23"><span class='ocrx_word' id='word_1_850' title='bbox 185 5397 399 5451; x_wconf 85' lang='lat' dir='ltr'>meliores</span> <span class='ocrx_word' id='word_1_851' title='bbox 436 5404 600 5455; x_wconf 84' lang='lat' dir='ltr'>bruta</span> <span class='ocrx_word' id='word_1_852' title='bbox 637 5406 911 5457; x_wconf 84' lang='lat' dir='ltr'>animalia.</span> <span class='ocrx_word' id='word_1_853' title='bbox 948 5422 979 5455; x_wconf 88' lang='grc'>››</span> <span class='ocrx_word' id='word_1_854' title='bbox 1044 5397 1057 5399; x_wconf 17' lang='grc' dir='ltr'>ἡ</span> <span class='ocrx_word' id='word_1_855' title='bbox 1403 5397 1421 5403; x_wconf 72' lang='grc'><em>’</em></span> <span class='ocrx_word' id='word_1_856' title='bbox 1936 5408 2029 5469; x_wconf 85' lang='grc'>(19)</span> <span class='ocrx_word' id='word_1_857' title='bbox 2076 5408 2313 5457; x_wconf 67' lang='lat' dir='ltr'>Ecclesiae</span> <span class='ocrx_word' id='word_1_858' title='bbox 2360 5397 2587 5456; x_wconf 81' lang='lat' dir='ltr'>nomine.</span> <span class='ocrx_word' id='word_1_859' title='bbox 2635 5406 2780 5468; x_wconf 88' lang='lat' dir='ltr'>Quia</span> <span class='ocrx_word' id='word_1_860' title='bbox 2824 5406 3021 5457; x_wconf 89' lang='lat' dir='ltr'>Petrus</span> <span class='ocrx_word' id='word_1_861' title='bbox 3068 5404 3296 5469; x_wconf 87' lang='lat' dir='ltr'>gerebat</span> <span class='ocrx_word' id='word_1_862' title='bbox 3344 5405 3510 5454; x_wconf 84' lang='lat' dir='ltr'>totius</span> 
     </span>
    </p>
   </div>
   <div class='ocr_carea' id='block_1_63' title="bbox 232 5470 3511 5551">
    <p class='ocr_par' dir='ltr' id='par_1_63' title="bbox 232 5470 3511 5551">
     <span class='ocr_line' id='line_1_64' title="bbox 232 5470 3511 5551; baseline 0 -27"><span class='ocrx_word' id='word_1_863' title='bbox 368 5472 452 5525; x_wconf 83' lang='lat' dir='ltr'>Tot</span> <span class='ocrx_word' id='word_1_864' title='bbox 506 5478 749 5540; x_wconf 80' lang='lat' dir='ltr'>episcopi.</span> <span class='ocrx_word' id='word_1_865' title='bbox 814 5477 1086 5551; x_wconf 60' lang='lat' dir='ltr'>Revocavi</span> <span class='ocrx_word' id='word_1_866' title='bbox 1151 5481 1449 5533; x_wconf 88' lang='lat' dir='ltr'>lectionem</span> <span class='ocrx_word' id='word_1_867' title='bbox 1520 5488 1771 5534; x_wconf 87' lang='lat' dir='ltr'>veterum</span> <span class='ocrx_word' id='word_1_868' title='bbox 1872 5479 2139 5530; x_wconf 65' lang='lat' dir='ltr'>Ecclesiae</span> <span class='ocrx_word' id='word_1_869' title='bbox 2176 5479 2411 5544; x_wconf 81' lang='lat' dir='ltr'>ﬁgurata</span> <span class='ocrx_word' id='word_1_870' title='bbox 2450 5480 2808 5544; x_wconf 83' lang='lat' dir='ltr'>generalitate</span> <span class='ocrx_word' id='word_1_871' title='bbox 2841 5491 3155 5542; x_wconf 86' lang='lat' dir='ltr'>personam,</span> <span class='ocrx_word' id='word_1_872' title='bbox 3187 5479 3249 5526; x_wconf 90' lang='lat' dir='ltr'>ut</span> <span class='ocrx_word' id='word_1_873' title='bbox 3281 5478 3358 5526; x_wconf 86' lang='lat' dir='ltr'>ait</span> <span class='ocrx_word' id='word_1_874' title='bbox 3392 5480 3511 5551; x_wconf 55' lang='lat' dir='ltr'>rtu-</span> 
     </span>
    </p>
   </div>
   <div class='ocr_carea' id='block_1_64' title="bbox 188 5537 3512 5617">
    <p class='ocr_par' dir='ltr' id='par_1_64' title="bbox 188 5537 3512 5617">
     <span class='ocr_line' id='line_1_65' title="bbox 188 5537 3512 5617; baseline 0.003 -31"><span class='ocrx_word' id='word_1_875' title='bbox 188 5537 450 5617; x_wconf 80' lang='lat' dir='ltr'>editionum</span> <span class='ocrx_word' id='word_1_876' title='bbox 470 5582 484 5605; x_wconf 92' lang='lat'>,</span> <span class='ocrx_word' id='word_1_877' title='bbox 532 5537 690 5611; x_wconf 32' lang='lat' dir='ltr'>qum-</span> <span class='ocrx_word' id='word_1_878' title='bbox 724 5549 1083 5601; x_wconf 87' lang='lat' dir='ltr'>conﬁrmatur</span> <span class='ocrx_word' id='word_1_879' title='bbox 1138 5554 1461 5604; x_wconf 85' lang='lat' dir='ltr'>auctoritate</span> <span class='ocrx_word' id='word_1_880' title='bbox 1523 5559 1772 5606; x_wconf 87' lang='lat' dir='ltr'>veterum</span> <span class='ocrx_word' id='word_1_881' title='bbox 1874 5551 2146 5616; x_wconf 88' lang='lat' dir='ltr'>gustinus.</span> <span class='ocrx_word' id='word_1_882' title='bbox 2175 5537 2533 5602; x_wconf 48' lang='lat' dir='ltr'>In&#39;utiliter&#39;se</span> <span class='ocrx_word' id='word_1_883' title='bbox 2562 5537 2951 5617; x_wconf 49' lang='lat' dir='ltr'>torquent-qui</span> <span class='ocrx_word' id='word_1_884' title='bbox 2980 5537 3367 5613; x_wconf 84' lang='lat' dir='ltr'>argumentum</span> <span class='ocrx_word' id='word_1_885' title='bbox 3401 5547 3512 5597; x_wconf 89' lang='lat' dir='ltr'>hoc</span> 
     </span>
    </p>
   </div>
   <div class='ocr_carea' id='block_1_65' title="bbox 189 5615 2616 5688">
    <p class='ocr_par' dir='ltr' id='par_1_65' title="bbox 189 5615 2616 5688">
     <span class='ocr_line' id='line_1_66' title="bbox 189 5615 2616 5688; baseline 0.003 -26"><span class='ocrx_word' id='word_1_886' title='bbox 189 5615 561 5675; x_wconf 73' lang='lat' dir='ltr'>exemplarium.</span> <span class='ocrx_word' id='word_1_887' title='bbox 634 5619 910 5671; x_wconf 78' lang='lat' dir='ltr'>Manutius</span> <span class='ocrx_word' id='word_1_888' title='bbox 986 5626 1041 5673; x_wconf 86' lang='lat' dir='ltr'>et</span> <span class='ocrx_word' id='word_1_889' title='bbox 1114 5623 1396 5674; x_wconf 84' lang='lat' dir='ltr'>Morellius</span> <span class='ocrx_word' id='word_1_890' title='bbox 1469 5631 1775 5688; x_wconf 88' lang='lat' dir='ltr'>posuerunt</span> <span class='ocrx_word' id='word_1_891' title='bbox 1874 5615 1982 5674; x_wconf 82' lang='lat' dir='ltr'>alio</span> <span class='ocrx_word' id='word_1_892' title='bbox 2010 5624 2304 5674; x_wconf 78' lang='lat' dir='ltr'>transferre</span> <span class='ocrx_word' id='word_1_893' title='bbox 2327 5628 2616 5674; x_wconf 85' lang='lat' dir='ltr'>conantur.</span> 
     </span>
    </p>
   </div>
   <div class='ocr_carea' id='block_1_66' title="bbox 189 5688 3525 5760">
    <p class='ocr_par' dir='ltr' id='par_1_66' title="bbox 189 5688 3525 5760">
     <span class='ocr_line' id='line_1_67' title="bbox 189 5688 3525 5760; baseline -0.002 -19"><span class='ocrx_word' id='word_1_894' title='bbox 189 5688 449 5760; x_wconf 58' lang='lat' dir='ltr'>“episcopi.</span> <span class='ocrx_word' id='word_1_895' title='bbox 487 5690 628 5752; x_wconf 63' lang='lat' dir='ltr'>Quae</span> <span class='ocrx_word' id='word_1_896' title='bbox 671 5692 835 5742; x_wconf 90' lang='lat' dir='ltr'>lectio</span> <span class='ocrx_word' id='word_1_897' title='bbox 874 5695 1142 5757; x_wconf 88' lang='lat' dir='ltr'>reperitur</span> <span class='ocrx_word' id='word_1_898' title='bbox 1176 5697 1231 5745; x_wconf 91' lang='lat' dir='ltr'>in</span> <span class='ocrx_word' id='word_1_899' title='bbox 1276 5700 1488 5759; x_wconf 88' lang='lat' dir='ltr'>septem</span> <span class='ocrx_word' id='word_1_900' title='bbox 1532 5697 1774 5760; x_wconf 88' lang='lat' dir='ltr'>antiquis</span> <span class='ocrx_word' id='word_1_901' title='bbox 1939 5695 2031 5758; x_wconf 76' lang='lat'>(20)</span> <span class='ocrx_word' id='word_1_902' title='bbox 2083 5694 2345 5746; x_wconf 81' lang='lat' dir='ltr'>Obaudire</span> <span class='ocrx_word' id='word_1_903' title='bbox 2385 5696 2693 5747; x_wconf 72' lang='lat' dir='ltr'>nolentium.</span> <span class='ocrx_word' id='word_1_904' title='bbox 2746 5693 2830 5744; x_wconf 84' lang='lat' dir='ltr'>Ita</span> <span class='ocrx_word' id='word_1_905' title='bbox 2877 5696 3095 5744; x_wconf 87' lang='lat' dir='ltr'>veteres</span> <span class='ocrx_word' id='word_1_906' title='bbox 3141 5690 3421 5760; x_wconf 79' lang='lat' dir='ltr'>editiones</span> <span class='ocrx_word' id='word_1_907' title='bbox 3466 5689 3525 5760; x_wconf 79' lang='lat' dir='ltr'>et</span> 
     </span>
    </p>
   </div>
   <div class='ocr_carea' id='block_1_67' title="bbox 191 5754 1762 5834">
    <p class='ocr_par' dir='ltr' id='par_1_67' title="bbox 191 5754 1684 5812">
     <span class='ocr_line' id='line_1_68' title="bbox 191 5754 1684 5812; baseline 0.005 -8"><span class='ocrx_word' id='word_1_908' title='bbox 191 5754 454 5812; x_wconf 82' lang='lat' dir='ltr'>codicibus.</span> <span class='ocrx_word' id='word_1_909' title='bbox 934 5754 954 5757; x_wconf 56' lang='grc'><em>’</em></span> <span class='ocrx_word' id='word_1_910' title='bbox 1338 5754 1358 5759; x_wconf 57' lang='grc'><strong><em>“</em></strong></span> <span class='ocrx_word' id='word_1_911' title='bbox 1666 5754 1684 5760; x_wconf 64' lang='grc'><em>’</em></span> 
     </span>
    </p>
   </div>
   <div class='ocr_carea' id='block_1_68' title="bbox 1959 5754 3530 5834">
    <p class='ocr_par' dir='ltr' id='par_1_68' title="bbox 1959 5754 3530 5827">
     <span class='ocr_line' id='line_1_69' title="bbox 1959 5754 3530 5827; baseline -0.007 -6"><span class='ocrx_word' id='word_1_912' title='bbox 1959 5754 2117 5821; x_wconf 82' lang='lat' dir='ltr'>atuor</span> <span class='ocrx_word' id='word_1_913' title='bbox 2157 5767 2283 5819; x_wconf 90' lang='lat' dir='ltr'>libri</span> <span class='ocrx_word' id='word_1_914' title='bbox 2319 5773 2552 5822; x_wconf 86' lang='lat' dir='ltr'>veteres.</span> <span class='ocrx_word' id='word_1_915' title='bbox 2595 5767 2673 5817; x_wconf 86' lang='lat' dir='ltr'>Ita</span> <span class='ocrx_word' id='word_1_916' title='bbox 2712 5766 2885 5817; x_wconf 85' lang='lat' dir='ltr'>etiam</span> <span class='ocrx_word' id='word_1_917' title='bbox 2924 5761 3074 5827; x_wconf 86' lang='lat' dir='ltr'>apud</span> <span class='ocrx_word' id='word_1_918' title='bbox 3112 5759 3416 5814; x_wconf 78' lang='lat' dir='ltr'>Nicolaum</span> <span class='ocrx_word' id='word_1_919' title='bbox 3462 5755 3530 5806; x_wconf 78' lang='lat' dir='ltr'>de</span> 
     </span>
    </p>
   </div>
  </div>
