3978 6194
451 209 550 262 ¹Η9

1372 201 1428 258 s.
1472 203 1785 265 CYI'RIANI
1823 187 2096 258 OPERUM
2141 201 2308 258 PARS
2349 205 2385 256 l.
2419 234 2486 244 —
2519 203 2878 261 EPISTOLIE.

3690 212 3784 266 420

449 334 615 401 cedit,
665 338 724 388 et
766 333 842 388 illi
887 339 1017 387 sunt
1058 331 1300 386 Ecclesia
1327 330 1484 402 plebs
1511 329 1787 384 sacerdoti
1827 329 2076 382 adunata
2098 328 2300 412 Adari
2345 333 2400 383 et
2445 333 2500 384 te
2542 331 2608 384 ad
2658 331 3233 386 communicationem
3263 333 3526 390 Ecclesia:
3554 351 3668 390 sua:
3697 338 3788 391 ad-

451 433 508 481 et
559 427 767 498 pastori
813 443 912 480 suo
971 441 1103 496 grex
1135 425 1455 478 adhaerens.
1507 423 1665 477 Unde
1714 423 1855 476 scire
1902 422 2073 476 debes

451 521 559 590 ('21)
595 521 921 591 episcOpum
967 519 1024 572 in
1065 517 1305 572 Ecclesia
1344 517 1453 587 (‘22)
1500 533 1616 570 esse
1663 520 1716 569 et
1763 515 2072 569 Ecclesiam

450 614 508 666 in
555 612 838 684 episcopo,
885 617 942 666 et
987 612 1029 665 si
1074 611 1201 681 quis
1251 626 1379 664 cum
1430 609 1697 680 episcopo
1741 625 1858 662 non
1890 609 1981 673 sit,
2013 607 2072 660 in

450 705 694 760 Ecclesia
735 721 848 759 non
881 710 1017 759 'esse
1049 727 1059 756 :
1093 709 1148 758 et
1175 703 1384 756 frustra
1414 701 1518 755 sibi
1559 701 1803 756 blandiri
1847 717 1943 754 eos
1974 700 2071 770 qui

449 815 651 868 pacem
679 814 809 852 cum
830 796 1216 852 sacerdotibus
1238 796 1334 850 Dei
1357 812 1474 849 non
1497 795 1772 848 habentes
1790 793 2076 864 obrepunt

451 897 506 946 et
535 893 777 945 latenter
803 891 953 962 apud
981 890 1256 962 quosdam
1279 888 1706 943 communicare
1733 903 1791 944 se
1812 887 2072 952 credunt,

452 985 676 1055 quando
729 983 993 1050 Ecclesia,
1041 999 1169 1055 quae
1209 982 1483 1036 catholica
1529 985 1585 1034 et
1635 997 1748 1034 una
1779 983 1884 1045 est,
1908 978 2075 1032 scissa

451 1094 567 1132 non
616 1079 686 1132 sit
730 1094 917 1150 neque
968 1077 1167 1142 divisa,
1219 1076 1320 1130 sed
1362 1076 1436 1129 sit
1477 1075 1674 1145 utique
1725 1088 1979 1128 connexa
2019 1077 2076 1126 et

454 1171 867 1226 cohaerentium
920 1170 1024 1224 sibi
1071 1170 1311 1225 invicem
1347 1169 1697 1223 sacerdotum
1727 1167 1945 1236 glutino
1977 1182 2073 1220 co-

455 1265 673 1334 pulata.

525 1359 606 1412 1X.
644 1358 1048 1422 Quamobrem,
1091 1356 1287 1421 frater,
1339 1355 1384 1408 si
1427 1355 1786 1424 majestatem
1818 1353 1940 1419 Dei,
1973 1352 2071 1423 qui

453 1452 772 1506 sacerdotes
805 1450 1052 1517 ordinat,
1082 1448 1452 1520 cogitaveris;
1486 1447 1530 1501 si
1561 1447 1849 1504 Christum
1876 1446 1945 1512 ³⁷,
1978 1444 2074 1516 qui

453 1543 688 1598 arbitrio
711 1548 770 1598 et
795 1548 934 1598 nutu
960 1559 1022 1596 ac
1051 1543 1353 1614 praesentia
1375 1557 1476 1595 sua
1495 1543 1551 1594 et
1569 1541 1902 1612 praepositos
1927 1540 2076 1609 ipsos
2172 1543 2320 1594 venit
2377 1558 2389 1594 :

2178 423 2326 476 mitti
2355 440 2450 476 sua
2480 425 2803 478 ostensione
2830 431 2885 480 et
2915 425 3302 481 admonitione
3337 429 3655 498 permittat.

2245 517 2304 570 X.
2337 516 2567 571 Memini
2601 518 2754 572 enim
2774 518 3051 589 quidjam
3081 519 3222 573 mihi
3250 520 3320 575 sit
3347 525 3634 576 ostensum
3660 523 3787 593 (23),

2174 609 2287 662 imo
2341 609 2478 679 quid
2542 611 2614 664 sit
2662 613 2891 665 servo”
2942 613 3277 685 obsequenti
3337 620 3393 668 et
3443 616 3670 670 timenti
3727 617 3791 673 de

2176 702 2466 757 Dominica
2495 706 2551 757 et
2577 704 2770 758 divina
2803 705 3136 760 auctoritate
3163 713 3509 778 praeceptum
3536 726 3548 774 ;
3582 710 3679 780 qui
3708 711 3787 764 in-

2173 801 2262 849 ter
2288 799 2494 850 caetera
2521 813 2646 867 quas
2678 798 2974 854 ostendere
3003 805 3060 853 et
3109 799 3367 856 revelare
3397 802 3667 872 dignatus
3691 810 3788 870 est,

2176 888 2364 942 ethoc
2408 888 2672 943 addidit:
2730 911 2759 939 ι(
2805 893 3000 963 Itaque
3045 893 3144 964 qui
3189 893 3409 948 Christo
3461 911 3572 948 non
3622 896 3793 950 credit

2177 980 2223 1014 3’
2245 981 2599 1036 sacerdotem
2626 983 2877 1049 facienti,
2907 990 2961 1038 et
3003 992 3199 1055 postea
3227 986 3457 1041 credere
3489 987 3718 1058 incipiet
3747 991 3789 1021 ⁸ο

2175 1073 2530 1128 sacerdotem
2580 1075 2911 1131 vindicanti.
2942 1099 2969 1126 n
2999 1078 3336 1148 Quanquam
3370 1079 3545 1133 sciam
3583 1081 3790 1135 somnia

2177 1167 2285 1236 (24)
2331 1167 2571 1222 ridicula
2618 1172 2674 1224 et
2722 1170 2967 1224 visiones
3028 1171 3246 1242 ineptas
3297 1173 3401 1242 (25)
3455 1173 3790 1243 quibusdam

2173 1260 2371 1328 videri,
2407 1261 2505 1314 sed
2535 1261 2727 1332 utique
2748 1262 2856 1318 illis
2883 1263 2978 1334 qui
3012 1264 3232 1343 malunt
3257 1270 3458 1319 contra
3487 1267 3792 1320 sacerdotes

2175 1353 2406 1408 credere
2436 1371 2605 1424 quam
2634 1356 2932 1410 sacerdoti.
2980 1356 3084 1411 Sed
3133 1357 3272 1412 nihil
3309 1358 3540 1425 mirum,
3573 1361 3791 1429 quando

2175 1447 2246 1500 de
2271 1447 2475 1518 Joseph
2497 1447 2698 1502 fratres
2723 1449 2810 1504 sui
2851 1449 3120 1504 dixerunt
3149 1469 3164 1505 :
3197 1453 3325 1506 Ecce
3367 1454 3666 1506 somniator
3707 1455 3792 1508 ille

2448 1557 2588 1596 nunc
2643 1559 2766 1611 ergo
2825 1545 3020 1604 venite.
3073 1545 3375 1599 occidamus
3428 1546 3586 1599 illum
3623 1546 3788 1616 (Gem,

454 1644 511 1691 et
561 1638 868 1692 Ecclesiam
919 1653 1049 1691 cum
1079 1635 1395 1706 prmpositis
1425 1635 1730 1705 gubernat,
1766 1632 2075 1704 aliquando
2098 1706 2132 1709 Δ
2176 1650 2377 1702 xxxvu,
2415 1638 2497 1703 19,
2527 1637 2636 1706 20),
2673 1641 2730 1690 et
2770 1638 3085 1692 somniator
3120 1640 3321 1708 postea
3366 1639 3522 1709 quod
3551 1640 3786 1694 somnia-

453 1706 2334 1801 respexeris,sideinnocentasacerdotum,nonhumanoBverat
2383 1734 2719 1784 consecutus
2768 1729 2860 1798 sit,
2929 1735 2984 1786 et
3031 1732 3305 1786 occisores
3361 1748 3428 1786 ac
3482 1732 3793 1788 venditores

457 1825 604 1892 odio,
633 1825 732 1878 sed
760 1824 947 1878 divino
971 1823 1188 1893 judicio
1214 1821 1542 1885 credideris,
1573 1821 1616 1874 si
1652 1820 1993 1875 temeritatis
2023 1826 2078 1873 et

455 1918 732 1988 superbia:
759 1922 928 1988 atque
959 1916 1273 1970 insolentiae
1300 1920 1410 1969 tuae
1442 1930 1611 1985 agere
1639 1914 1724 1967 vel
1754 1930 1880 1968 sero
1907 1913 2080 1985 paeni-

447 2011 687 2066 tentiam
716 2011 972 2081 coeperis,
1006 2010 1050 2063 si
1075 2010 1186 2063 Deo
1214 2012 1270 2063 et
1297 2008 1520 2064 Christo
1546 2007 1687 2078 ejus,
1708 2007 1914 2078 quibus
1972 2023 2082 2062 ser-

454 2105 546 2159 vio
583 2108 640 2158 et
682 2104 888 2175 quibus
915 2120 1060 2174 puro
1087 2106 1257 2174 atque
1296 2102 1658 2156 immaculato
1680 2117 1779 2155 ore
1809 2100 2084 2155 sacriﬁcia

459 2196 646 2270 407
683 2204 739 2252 et
766 2197 822 2251 in
866 2197 1254 2268 persecutione
1283 2195 1498 2266 pariter
1523 2197 1577 2248 et
1607 2194 1664 2249 in
1695 2210 1834 2264 pace
1867 2193 2081 2248 indesi-

461 2295 670 2345 nenter
720 2290 916 2355 offero,
981 2289 1306 2360 plenissime
1357 2288 1725 2354 satisfeceris,
1764 2287 2081 2342 communi-

467 2384 702 2439 cationis
731 2387 843 2438 tua;
881 2383 1200 2455 poterimus
1243 2382 1453 2436 habere
1481 2381 1778 2447 rationem,
1810 2385 2083 2435 manente

457 2483 653 2534 tamen
683 2478 833 2550 apud
876 2493 979 2531 nos
1008 2476 1212 2531 divina!
1261 2491 1514 2530 censura:
1544 2479 1797 2546 respectu
1821 2480 1876 2530 et
1906 2479 2082 2541 metu,

460 2577 520 2626 ut
549 2573 702 2642 prius
733 2570 1036 2626 Dominum
1067 2585 1258 2624 meum
1308 2568 1594 2624 consulam
1624 2585 1696 2622 an
1752 2567 1855 2623 tibi
1887 2584 2084 2639 pacem

2177 1821 2393 1875 confusi
2435 1822 2547 1876 sint
2566 1839 2582 1892 ;
2628 1826 2690 1877 ut
2715 1823 2814 1894 qui
2854 1824 3040 1879 verbis
3073 1825 3228 1894 prius
3259 1841 3374 1880 non
3409 1825 3791 1896 credidissent,

2181 1910 2342 1966 factis
2387 1912 2757 1982 postmodum
2802 1914 3117 1968 crederent.
3149 1917 3222 1969 De
3261 1914 3330 1968 iis
3360 1921 3558 1970 autem
3587 1933 3708 1986 quas
3739 1921 3793 1970 tu

2183 2003 2349 2075 egisti
2374 2005 2460 2059 vel
2503 2005 2562 2059 in
2598 2007 2991 2076 persecutione
3037 2008 3122 2061 vel
3169 2008 3228 2062 in
3277 2025 3418 2080 pace
3449 2009 3680 2063 stultum
3722 2014 3798 2064 est

2183 2103 2246 2152 ut
2265 2099 2438 2152 velim
2472 2101 2526 2154 te
2567 2099 2850 2170 judicare,
2884 2101 3110 2172 quando
3158 2106 3219 2155 tu
3248 2103 3440 2172 magis
3473 2102 3716 2172 judicem
3746 2107 3793 2158 te

2186 2196 2363 2250 nostri
2433 2197 2810 2252 constitueris.
2890 2200 3017 2254 Haec
3082 2216 3185 2270 pro
3244 2199 3426 2253 animi
3502 2201 3611 2254 mei
3666 2217 3795 2271 pura

2185 2289 2530 2344 conscientia
2581 2296 2636 2345 et
2679 2308 2782 2362 pro
2829 2291 3051 2346 Domini
3085 2296 3142 2346 et
3187 2293 3283 2346 Dei
3313 2293 3431 2347 mei
3461 2292 3663 2348 fiducia
3708 2311 3788 2349 re-

2184 2383 2398 2454 scripsi.
2446 2383 2626 2439 Habes
2659 2387 2719 2438 tu
2763 2385 2978 2440 litteras
3027 2401 3198 2453 meas,
3231 2390 3288 2441 et
3312 2402 3425 2458 ego
3452 2391 3602 2442 tuas.
3633 2390 3688 2442 In
3711 2388 3795 2442 die

2179 2476 2384 2547 judicii
2437 2482 2565 2532 ante
2620 2478 2870 2534 tribunal
2924 2479 3131 2534 Christi
3181 2482 3499 2553 utrumque
3559 2481 3797 2537 recitabi-

2188 2570 2282 2620 tur
2311 2567 2354 2600 ⁴ι
2394 2567 2522 2637 (26).

1823 2712 2033 2778 Varia
2088 2714 2420 2779 lectiones.

522 2857 560 2894 ³⁷
599 2859 830 2912 Ordinat
873 2860 1077 2912 Christi
1119 2860 1257 2910 Lam.
1298 2860 1408 2910 ιιή.
1451 2856 1609 2909 Ebor.
1653 2859 1756 2910 ΝΟ.
1804 2861 1850 2909 1.
1891 2859 2010 2908 Bod.
2060 2859 2198 2922 Spir.
2243 2859 2435 2908 Innom.

455 2929 500 2964 ⁴⁰
534 2932 731 2994 Incipit
761 2932 952 2994 Rigalt.
1043 2933 1082 2962 "
1110 2930 1371 2993 Utraaque
1397 2929 1782 2980 recitabantur
1810 2931 1964 2980 Oxon.

2532 2858 2570 2893 ³⁸
2610 2858 2757 2922 Quid
2797 2873 2956 2912 servo
3007 2861 3161 2911 Oxon.
3256 2861 3295 2896 ³ο
3340 2863 3608 2915 Crederet
3651 2860 3794 2927 Impr,

1757 3067 1980 3149 Steph.
2031 3067 2274 3132 Baluzii
2319 3073 2512 3132 notae.

459 3203 608 3292 Casa
651 3201 755 3292 lib;
788 3217 1028 3292 xx,“cap.
1067 3204 1127 3252 14
1166 3202 1230 3292 de
1271 3202 1651 3292 Cpncordanrtja
1695 3204 1932 3292 Ecclesia:
1975 3205 2161 3292 (ζα-Ο
2217 3205 2342 3292 "(23)
2391 3207 2526 3292 Quid
2560 3206 2692 3292 mihi
2733 3208 2801 3256 sit
2844 3211 3114 3292 ostensum:
3159 3207 3414 3290 vetustis
3459 3208 3567 3258 illis
3606 3212 3796 3292 tempo:

458 3276 670 3326 tholicas.
707 3274 982 3324 Manutius
1021 3274 1205 3336 posuit
1232 3273 1532 3324 volentium.
1566 3276 1727 3337 Quod
1765 3279 1929 3326 etiam
1969 3277 2085 3340 pla-

457 3348 575 3397 cuit
625 3346 891 3407 Morellio,
939 3345 1199 3406 Pamelio,
1248 3348 1301 3394 et
1348 3345 1601 3408 Rigaltio,
1650 3347 1744 3410 qui
1795 3350 1978 3396 tamen
2029 3348 2085 3395 in

457 3417 672 3466 Erratis
704 3416 989 3465 annotavit
1026 3415 1320 3478 legendum
1364 3428 1485 3467 esse
1523 3416 1827 3467 nolentium.
1859 3416 1916 3465 Id
1956 3429 2087 3466 vero

457 3501 570 3537 non
609 3485 1116 3537 animadverterunt
1140 3487 1324 3552 Angli,
1353 3488 1449 3551 qui
1481 3488 1689 3551 alioqui
1727 3488 1840 3538 fere
1872 3500 2088 3551 semper

456 3562 770 3623 sequuntur
798 3558 1198 3608 ordinationem
1231 3558 1470 3622 Rigaltii.
1502 3559 1817 3608 Posuerunt
1851 3560 1998 3608 enim
2031 3559 2088 3607 in

457 3644 558 3678 sua
601 3629 898 3678 volentium.
932 3628 1264 3679 Reinbartus
1303 3630 1596 3692 amplexus
1635 3634 1714 3678 est
1754 3629 2089 3679 emendatio-

457 3713 586 3749 nem
627 3699 868 3764 Rigaltii.
907 3700 1044 3750 Haec
1074 3703 1255 3750 autem
1295 3705 1380 3749 est
1421 3713 1544 3750 vera
1585 3700 1766 3751 lectio.
1801 3701 1922 3749 Alia
1961 3700 2086 3749 ferri

459 3786 570 3822 non
602 3777 800 3836 potest.

522 3844 616 3906 (2t)
658 3845 803 3894 Scire
843 3843 1011 3894 debes.
1054 3845 1217 3908 Apud
1253 3845 1491 3894 Juonem
1531 3849 1685 3908 parte
1724 3859 1779 3908 v,
1820 3859 1938 3909 cap.
1975 3846 2086 3907 360,

458 3920 513 3966 et
560 3915 705 3979 apud
753 3916 1096 3975 Gratianum,
1146 3929 1243 3977 vn,
1294 3930 1346 3979 q.
1398 3918 1418 3965 1
1473 3919 1672 3986 citatur
1724 3931 1793 3967 ex
1843 3918 2090 3980 Epistola

457 3986 720 4050 Cypriani
759 3987 830 4038 ad
870 3989 1171 4050 Papiauum
1209 3989 1326 4036 sive
1367 3987 1433 4036 ad
1476 3989 1855 4051 Papinianum,
1894 3994 1956 4039 ut
1995 3990 2087 4039 alii

455 4060 744 4121 scripsere.
807 4057 1160 4108 Correctores
1229 4056 1464 4107 Romani
1527 4059 1969 4110 emendaverunt
2037 4063 2088 4109 et

454 4132 794 4180 monuerunt
835 4132 1050 4179 exstare
1102 4131 1157 4177 in
1209 4129 1447 4190 Epistula
1493 4129 1565 4178 ad
1614 4129 1934 4180 Florentium
1984 4131 2089 4178 Pu-

452 4203 691 4265 pianum.
750 4201 833 4250 Ex
890 4201 998 4250 hoc
1054 4199 1178 4248 loco
1234 4198 1478 4249 Joannes
1539 4199 1607 4250 de
1670 4201 2089 4252 Turrecremata

453 4271 693 4333 sumpsit
739 4273 1125 4332 argumentum
1177 4268 1478 4318 invehendi
1531 4271 1585 4318 in
1634 4271 1924 4335 episcopos
1966 4272 2091 4320 titu-

455 4343 616 4402 lares,
661 4343 756 4403 qui
805 4353 986 4405 neque
1033 4341 1328 4390 ecclesiam
1378 4340 1583 4389 habent
1626 4355 1806 4404 neque
1850 4341 2088 4404 plebem,

458 4413 527 4462 de
578 4412 782 4476 quibus
825 4424 926 4461 nos
969 4424 1146 4474 nuper
1189 4411 1461 4460 nonnulla
1502 4413 1635 4461 satis
1678 4414 1896 4463 curiosa
1942 4412 2092 4462 dixi—

459 4497 585 4532 mus
642 4481 736 4532 lib.
789 4495 866 4542 III,
920 4495 1038 4545 cap.
1096 4483 1156 4531 19
1208 4482 1450 4531 Historia
1510 4483 1812 4533 Tutclensis.
1867 4484 1947 4532 De
2006 4482 2092 4531 his

459 4554 720 4605 tollendis
765 4559 950 4605 actum
1001 4557 1083 4603 est
1126 4567 1271 4602 anno
1317 4554 1455 4614 1547,
1501 4554 1589 4602 die
1635 4554 1850 4603 sabbati
1898 4554 2092 4617 quinta

455 4626 740 4677 Februarii
783 4628 838 4676 in
884 4625 1115 4675 Concilio
1152 4625 1478 4682 Tridentino,
1512 4626 1661 4689 quod
1703 4625 1772 4675 ab
1813 4627 1880 4674 iis
1917 4625 2092 4674 multa

456 4700 658 4748 damna
702 4703 756 4748 et
795 4697 1148 4748 incommoda
1189 4698 1464 4746 sustineat
1498 4696 1745 4747 Ecclesia
1786 4701 1839 4746 et
1881 4696 2092 4745 nullam

456 4773 542 4820 vel
593 4769 868 4820 modicam
917 4770 1206 4819 utilitatem
1256 4769 1468 4831 recipit,
1515 4772 1578 4816 ut
1624 4781 1692 4817 ex
1742 4767 1933 4817 codice
1985 4780 2088 4816 ms.

455 4842 664 4892 archivi
719 4841 972 4890 Vaticani
1034 4839 1226 4888 docuit
1287 4837 1558 4888 Odoricus
1618 4838 1938 4901 Raynaldus
1999 4851 2087 4886 an.

457 4915 598 4973 1547,
628 4914 660 4975 §
684 4913 761 4961 76.
792 4913 872 4962 De
904 4913 970 4960 iis
1000 4912 1166 4960 etiam
1195 4909 1452 4960 tollendis
1482 4914 1668 4959 actum
1699 4914 1979 4972 postremo
2009 4913 2093 4960 est

458 4985 526 5035 ad
577 4985 897 5034 relationem
943 4982 1300 5032 illustrissimi
1349 4981 1450 5029 viri
1505 4980 1785 5030 Francisci
1833 4981 2091 5044 Bosqueti

458 5058 704 5122 episcopi
731 5056 1066 5106 Lodovensis
1091 5069 1238 5104 anno
1269 5054 1409 5114 1656,
1440 5054 1494 5102 in
1521 5057 1799 5103 conventu
1825 5052 2093 5102 Ecclesiae

456 5129 775 5180 Gallicanae.
812 5127 952 5178 Vide
978 5128 1123 5181 Acta,
1152 5140 1273 5188 pag.
1304 5125 1416 5185 300,
1447 5126 1558 5173 4H.

521 5202 615 5262 (22)
666 5203 980 5266 Episcopum
1029 5201 1085 5248 in
1131 5199 1376 5248 Ecclesia.
1428 5197 1811 5248 Certissimum
1855 5202 1938 5248 est
1981 5200 2094 5262 epi-

457 5286 688 5336 scopum
726 5275 778 5322 in
825 5272 1076 5322 Ecclesia
1115 5284 1234 5321 esse
1277 5275 1328 5320 et
1368 5270 1677 5320 Ecclesiam
1716 5270 1772 5318 in
1811 5270 2090 5334 episCOpo.

456 5347 707 5398 Ecclesia
752 5346 900 5395 enim
955 5349 1038 5394 est
1085 5343 1244 5408 plebs
1291 5341 1563 5393 sacerdoti
1612 5341 1919 5392 adherens.
1971 5343 2096 5392 Fuit

457 5417 684 5482 quidam
718 5417 952 5479 scriptor
980 5428 1090 5464 non
1119 5414 1413 5464 incelebris
1443 5414 1540 5478 qui
1571 5412 1858 5462 desinente
1888 5412 2093 5463 Christi

455 5488 662 5539 saeculo
692 5501 813 5546 xvx,
845 5488 916 5536 ita
945 5486 1246 5550 explicaret
1270 5485 1423 5535 hunc
1454 5484 1718 5548 Cypriani
1747 5485 1929 5534 locum
1958 5498 2022 5533 ac
2045 5485 2092 5532 si

458 5559 770 5623 Cyprianus
799 5559 1061 5609 sensisset
1095 5569 1376 5606 summum
1414 5555 1740 5605 Pontiﬁcem
1771 5567 1891 5604 esse
1925 5568 2090 5618 supra

457 5632 776 5689 concilium,
820 5642 950 5680 cum
989 5632 1173 5678 tamen
1209 5627 1361 5676 nulla
1402 5627 1523 5675 istic
1557 5626 1766 5676 mentio
1811 5625 1907 5675 fiat
1953 5623 2093 5688 Epi-

458 5702 611 5766 scopi
648 5701 882 5752 Romani
925 5713 1109 5764 neque
1148 5698 1388 5748 concilii.
1427 5696 1521 5748 Sic
1559 5709 1707 5761 saepe
1744 5697 1805 5746 ﬁt
1850 5701 1908 5746 ut
1943 5697 2092 5746 zelus

459 5773 693 5840 abripiat
725 5772 980 5824 homines
1020 5771 1075 5821 in
1107 5769 1398 5823 coiniones
1431 5766 1687 5819 detortas.

2111 4584 2170 4655 D

2188 3278 2340 3327 ribus
2369 3278 2736 3329 revelationes
2771 3277 3186 3341 accipiebantur
3224 3280 3280 3328 in
3316 3292 3533 3340 somno,
3571 3283 3634 3327 ut
3664 3280 3794 3340 patet

2186 3360 2255 3398 ex
2299 3349 2657 3411 Tertulliano,
2703 3349 3000 3413 Cypriano,
3038 3348 3262 3411 Ruﬁno,
3308 3354 3366 3400 et
3413 3349 3552 3400 aliis.
3599 3349 3792 3406 Postea,

2187 3432 2314 3468 cum
2359 3420 2549 3483 religio
2597 3419 2908 3471 Christiana
2951 3419 3202 3471 libertate
3253 3422 3470 3485 integra
3510 3419 3796 3480 fruebatur,

2188 3489 2460 3552 Christus,
2511 3491 2672 3540 beata
2720 3491 2886 3555 Virgo
2937 3491 3121 3551 Maria,
3168 3491 3364 3542 Petrus
3410 3492 3704 3554 apostolus,
3748 3496 3797 3538 et

2187 3563 2374 3612 caeteri
2437 3563 2612 3612 sancti
2675 3576 2734 3613 se
2793 3563 3120 3626 conspicuos
3179 3563 3539 3626 praebuerunt
3597 3564 3696 3626 piis
3750 3565 3795 3612 et

2188 3633 2430 3684 credulis
2458 3634 2780 3683 hominibus
2814 3637 2867 3684 et.
2899 3648 3027 3684 cum
3062 3635 3142 3684 eis
3177 3634 3547 3698 loquebantur
3579 3635 3709 3684 facie
3738 3632 3796 3682 ad

2187 3705 2385 3754 faciem
2421 3705 2562 3754 sicut
2603 3707 2817 3755 amicus
2862 3705 3015 3768 loqui
3057 3705 3196 3754 solet
3235 3705 3305 3755 ad
3345 3706 3587 3755 amicum
3630 3717 3792 3753 suum.

2188 3775 2398 3824 Harum
2427 3776 2704 3825 visionum
2737 3776 2949 3824 inﬁnita
2975 3778 3191 3824 exstant
3221 3776 3477 3839 exempla
3508 3777 3562 3824 in
3593 3775 3796 3824 historia

2188 3846 2582 3897 ecclesiastica.
2629 3846 2869 3898 Sanctus
2908 3847 3239 3896 Vincentius
3280 3847 3514 3896 Ferrarii
3556 3846 3796 3896 Sermone

2192 3917 2245 3965 in
2287 3916 2494 3967 Octava
2536 3918 2923 3967 Innocentium
2958 3931 2968 3964 :
3010 3934 3036 3962 «κ
3071 3916 3241 3966 Multa
3282 3918 3498 3967 somnia
3537 3921 3660 3966 sunt
3687 3929 3795 3979 qua

2190 3988 2494 4039 creduntur
2531 3988 2732 4038 divinae
2775 3988 3140 4039 revelationes
3178 3993 3231 4038 et
3273 3993 3407 4038 sunt
3449 3989 3737 4038 illusiones.
3770 4002 3794 4030 »

2189 4058 2330 4108 Vide
2357 4072 2540 4122 supra,
2567 4073 2689 4122 pag.
2720 4059 2828 4108 452.

2253 4130 2348 4190 (24)
2379 4130 2611 4180 Somnia.
2643 4131 2972 4180 Ammianus
2998 4130 3372 4191 Marcellinus,
3404 4129 3498 4178 lib.
3529 4143 3624 4187 xv,
3654 4126 3795 4176 tradit

2190 4200 2382 4252 doctos
2422 4201 2693 4265 quosdam
2735 4201 2978 4251 doluisse
3016 4201 3164 4265 quod
3205 4201 3353 4265 apud
3393 4202 3672 4251 Atlanteos
3698 4197 3795 4245 nati

2191 4285 2302 4321 non
2351 4275 2567 4332 essent,
2614 4271 2710 4319 ubi
2763 4276 3144 4321 memorantur
3193 4272 3410 4321 somnia
3464 4283 3572 4319 non
3623 4267 3792 4317 videri.

2192 4343 2343 4392 Idem
2381 4347 2610 4394 testatur
2649 4343 2949 4392 Martianus
2973 4343 3221 4407 Capella,
3251 4343 3345 4393 lib.
3373 4355 3452 4404 vr,
3477 4344 3531 4392 in
3563 4339 3794 4400 Descrip-

2191 4416 2342 4465 tione
2372 4415 2648 4464 interioris
2683 4414 2900 4464 Africae.

2255 4486 2354 4546 (25)
2394 4485 2628 4535 Visiones
2657 4485 2876 4548 ineptas.
2908 4485 3082 4534 Elius
3113 4484 3441 4548 Spartianus
3475 4484 3528 4534 in
3560 4482 3796 4538 Adriano,

2193 4569 2321 4606 cum
2370 4560 2644 4606 narrasset
2689 4555 2971 4605 historiam
3020 4555 3088 4605 de
3133 4556 3365 4604 muliere
3414 4553 3645 4618 quadam
3686 4562 3794 4614 quae

2193 4625 2410 4678 dicebat
2457 4627 2675 4676 somnio
2715 4640 2775 4676 se
2818 4627 3082 4675 monitam
3127 4631 3189 4675 ut
3233 4626 3538 4675 insinuaret
3579 4622 3794 4673 Adriano

2192 4711 2262 4748 ne
2308 4711 2366 4748 se
2413 4698 2711 4758 occideret,
2755 4696 2906 4747 addit
2952 4696 3184 4746 Marium
3229 4697 3531 4747 Maximum
3577 4705 3793 4744 comme-

2192 4781 2408 4819 morare
2453 4769 2575 4820 haac
2615 4781 2712 4832 per
2758 4767 3170 4818 simulationem
3218 4768 3381 4818 facta.
3428 4768 3562 4816 Nam
3610 4762 3794 4815 ethnici

2192 4839 2431 4889 multum
2490 4840 2805 4890 tribuebant
2858 4840 3148 4889 nocturnis
3207 4839 3316 4888 illis
3373 4837 3689 4896 visionibus,
3743 4836 3794 4880 ut

2192 4915 2340 4975 patet
2395 4925 2462 4961 ex
2509 4917 2753 4962 extrema
2806 4916 2961 4975 parte
3007 4910 3520 4973 Metamorphoseon
3578 4904 3794 4969 Apuleii,

2191 4995 2260 5034 ex
2289 4983 2429 5032 libro
2466 4983 2714 5033 secundo
2753 4984 2814 5033 T.
2853 4983 3009 5043 Livii,
3038 4981 3258 5033 Valerio
3295 4982 3551 5041 Maximo,
3587 4983 3638 5026 et
3672 4975 3791 5026 aliis.

2191 5054 2586 5116 Quintilianus,
2615 5055 2709 5104 lib.
2743 5067 2819 5114 IV,
2852 5067 2972 5117 cap.
3004 5054 3035 5102 2
3069 5068 3079 5100 :
3112 5071 3139 5098 «
3168 5053 3520 5103 Somniorum
3551 5053 3602 5100 et
3624 5058 3794 5108 super—

2191 5127 2476 5176 stitionum
2529 5127 2745 5176 colores
2792 5126 2910 5188 ipsa
2963 5126 3076 5188 jam
3129 5124 3391 5175 facilitate
3443 5121 3793 5188 auctoritatem

2190 5197 2568 5262 perdiderunt.
2607 5215 2633 5242 »
2662 5187 3006 5246 Videietiam
3043 5195 3386 5245 Lactantium
3424 5193 3515 5243 lib.
3545 5205 3597 5252 ιι,
3623 5202 3729 5251 Cap.
3753 5187 3778 5233 8

2192 5273 2247 5320 et
2290 5270 2667 5332 praefationem
2716 5268 2925 5319 Nicolai
2977 5267 3222 5319 Gerbelii
3274 5267 3340 5316 ad
3389 5265 3586 5314 librum
3635 5262 3794 5310 Pasto-

2191 5354 2288 5390 νιε.

2252 5411 2350 5473 (26)
2403 5411 2687 5472 Utrumque
2747 5408 3076 5460 recitabitur.
3130 5408 3211 5457 Ita
3266 5411 3475 5458 veteres
3529 5404 3790 5473 editiones,

2192 5471 2485 5532 duodecim
2543 5471 2669 5531 libri
2727 5481 2902 5530 nostri
2958 5485 3202 5540 veteres,
3259 5483 3311 5530 et
3368 5491 3512 5526 unus
3564 5471 3791 5525 Bodleia-

2192 5566 2317 5602 nus.
2353 5552 2632 5602 Manutius
2670 5551 2844 5601 edidit
2881 5567 2890 5598 :
2926 5556 3159 5614 utraeque
3196 5548 3566 5600 recitabantur.
3606 5545 3791 5620 Quam-

2193 5625 2275 5672 vis
2325 5628 2508 5673 autem
2561 5624 2731 5672 sciam
2785 5623 3083 5673 lectionem
3135 5622 3286 5671 illam
3337 5624 3547 5670 exstare
3603 5618 3654 5664 in
3704 5616 3791 5660 tri-

2193 5694 2298 5745 bus
2347 5695 2590 5758 antiquis
2643 5694 3054 5758 exemplaribus
3107 5698 3160 5744 et
3214 5704 3372 5758 posse
3423 5703 3541 5741 esse
3592 5688 3789 5762 bonan}.

2193 5779 2306 5817 non
2351 5757 2545 5818 dubito
2591 5767 2728 5832 quin
2777 5757 2842 5817 ea
2888 5757 3231 5831 praferenda
3277 5765 3345 5815 sit
3387 5774 3552 5829 quam
3594 5757 3788 5809 retinui.
