  <div class='ocr_page' id='page_1' title='image "/cluster/home/n/w/nwhite01/storage/ocr_20150623/4/hvd.32044073549446/216.png"; bbox 0 0 3978 6194; ppageno 0'>
   <div class='ocr_carea' id='block_1_1' title="bbox 193 108 2085 169">
    <p class='ocr_par' dir='ltr' id='par_1_1' title="bbox 193 108 2085 169">
     <span class='ocr_line' id='line_1_1' title="bbox 193 108 2085 169; baseline 0.003 -7"><span class='ocrx_word' id='word_1_1' title='bbox 193 108 267 163; x_wconf 70' lang='grc'><strong><em>421</em></strong></span> <span class='ocrx_word' id='word_1_2' title='bbox 1551 113 1871 169; x_wconf 75' lang='lat' dir='ltr'><strong><em>EPISTULA</em></strong></span> <span class='ocrx_word' id='word_1_3' title='bbox 1913 112 2085 169; x_wconf 78' lang='lat' dir='ltr'><strong><em>LXXI.</em></strong></span> 
     </span>
    </p>
   </div>
   <div class='ocr_carea' id='block_1_2' title="bbox 543 234 1364 309">
    <p class='ocr_par' dir='ltr' id='par_1_2' title="bbox 543 234 1364 309">
     <span class='ocr_line' id='line_1_2' title="bbox 543 234 1364 309; baseline -0.004 -15"><span class='ocrx_word' id='word_1_4' title='bbox 543 234 732 307; x_wconf 81' lang='grc'><strong><em>408</em></strong></span> <span class='ocrx_word' id='word_1_5' title='bbox 769 236 1079 292; x_wconf 80' lang='lat' dir='ltr'><strong><em>EPISTOI.A</em></strong></span> <span class='ocrx_word' id='word_1_6' title='bbox 1110 238 1231 292; x_wconf 84' lang='lat' dir='ltr'><strong><em>Lxx</em></strong></span> <span class='ocrx_word' id='word_1_7' title='bbox 1261 238 1364 309; x_wconf 76' lang='lat'><strong><em>(27)</em></strong></span> 
     </span>
    </p>
   </div>
   <div class='ocr_carea' id='block_1_3' title="bbox 186 337 1768 404">
    <p class='ocr_par' dir='ltr' id='par_1_3' title="bbox 186 337 1768 404">
     <span class='ocr_line' id='line_1_3' title="bbox 186 337 1768 404; baseline 0.003 -21"><span class='ocrx_word' id='word_1_8' title='bbox 186 337 355 397; x_wconf 84' lang='lat' dir='ltr'><strong><em>(Erasm</em></strong></span> <span class='ocrx_word' id='word_1_9' title='bbox 382 373 395 394; x_wconf 92' lang='lat'><strong><em>,</em></strong></span> <span class='ocrx_word' id='word_1_10' title='bbox 424 348 458 393; x_wconf 83' lang='grc' dir='ltr'><strong>ι,</strong></span> <span class='ocrx_word' id='word_1_11' title='bbox 487 340 541 396; x_wconf 69' lang='grc'><strong>2;</strong></span> <span class='ocrx_word' id='word_1_12' title='bbox 573 339 787 400; x_wconf 85' lang='lat' dir='ltr'><strong><em>Pamel.,</em></strong></span> <span class='ocrx_word' id='word_1_13' title='bbox 809 338 1215 401; x_wconf 71' lang='lat' dir='ltr'><strong><em>Rigalt.,Baluz.,</em></strong></span> <span class='ocrx_word' id='word_1_14' title='bbox 1246 342 1433 401; x_wconf 87' lang='lat' dir='ltr'><strong><em>Oxon.,</em></strong></span> <span class='ocrx_word' id='word_1_15' title='bbox 1462 343 1619 404; x_wconf 69' lang='lat' dir='ltr'><strong><em>Lips,</em></strong></span> <span class='ocrx_word' id='word_1_16' title='bbox 1638 352 1768 404; x_wconf 72' lang='lat' dir='ltr'><strong><em>LXX;</em></strong></span> 
     </span>
    </p>
   </div>
   <div class='ocr_carea' id='block_1_4' title="bbox 234 408 1708 475">
    <p class='ocr_par' dir='ltr' id='par_1_4' title="bbox 234 408 1708 475">
     <span class='ocr_line' id='line_1_4' title="bbox 234 408 1708 475; baseline 0.003 -21"><span class='ocrx_word' id='word_1_17' title='bbox 234 408 396 466; x_wconf 66' lang='lat' dir='ltr'><strong><em>Paris,</em></strong></span> <span class='ocrx_word' id='word_1_18' title='bbox 422 419 537 456; x_wconf 71' lang='lat' dir='ltr'><strong><em>LXIX</em></strong></span> <span class='ocrx_word' id='word_1_19' title='bbox 558 424 573 470; x_wconf 63' lang='grc' dir='ltr'><strong><em>ς</em></strong></span> <span class='ocrx_word' id='word_1_20' title='bbox 596 410 803 470; x_wconf 86' lang='lat' dir='ltr'><strong><em>Routb.,</em></strong></span> <span class='ocrx_word' id='word_1_21' title='bbox 834 412 962 459; x_wconf 76' lang='lat' dir='ltr'><strong><em>Bell.</em></strong></span> <span class='ocrx_word' id='word_1_22' title='bbox 995 426 1117 471; x_wconf 87' lang='lat' dir='ltr'><strong><em>scr.,</em></strong></span> <span class='ocrx_word' id='word_1_23' title='bbox 1155 423 1230 461; x_wconf 89' lang='grc' dir='ltr'><strong>ιιι.</strong></span> <span class='ocrx_word' id='word_1_24' title='bbox 1263 427 1379 475; x_wconf 80' lang='lat' dir='ltr'><strong><em>pag.</em></strong></span> <span class='ocrx_word' id='word_1_25' title='bbox 1410 416 1465 460; x_wconf 73' lang='lat' dir='ltr'><strong><em>St</em></strong></span> <span class='ocrx_word' id='word_1_26' title='bbox 1504 417 1554 461; x_wconf 89' lang='lat' dir='ltr'><strong><em>et</em></strong></span> <span class='ocrx_word' id='word_1_27' title='bbox 1579 414 1708 471; x_wconf 81' lang='lat'><strong><em>135.)</em></strong></span> 
     </span>
    </p>
   </div>
   <div class='ocr_carea' id='block_1_5' title="bbox 180 532 1767 589">
    <p class='ocr_par' dir='ltr' id='par_1_5' title="bbox 180 532 1767 589">
     <span class='ocr_line' id='line_1_5' title="bbox 180 532 1767 589; baseline 0.004 -19"><span class='ocrx_word' id='word_1_28' title='bbox 180 534 235 570; x_wconf 73' lang='lat' dir='ltr'><strong>AD</strong></span> <span class='ocrx_word' id='word_1_29' title='bbox 284 532 567 571; x_wconf 69' lang='lat' dir='ltr'><strong><em>JANUARIL&#39;M</em></strong></span> <span class='ocrx_word' id='word_1_30' title='bbox 618 534 681 572; x_wconf 79' lang='grc' dir='ltr'><strong><em>ΕΤ</em></strong></span> <span class='ocrx_word' id='word_1_31' title='bbox 738 534 981 573; x_wconf 66' lang='lat' dir='ltr'><strong><em>CETEROS</em></strong></span> <span class='ocrx_word' id='word_1_32' title='bbox 1050 535 1329 575; x_wconf 82' lang='lat' dir='ltr'><strong><em>EPISCOPOS</em></strong></span> <span class='ocrx_word' id='word_1_33' title='bbox 1384 538 1646 589; x_wconf 78' lang='lat' dir='ltr'><strong><em>NUMIDAS,</em></strong></span> <span class='ocrx_word' id='word_1_34' title='bbox 1702 538 1767 576; x_wconf 86' lang='lat' dir='ltr'><strong><em>DE</em></strong></span> 
     </span>
    </p>
   </div>
   <div class='ocr_carea' id='block_1_6' title="bbox 618 624 1304 666">
    <p class='ocr_par' dir='ltr' id='par_1_6' title="bbox 618 624 1304 666">
     <span class='ocr_line' id='line_1_6' title="bbox 618 624 1304 666; baseline 0.004 -6"><span class='ocrx_word' id='word_1_35' title='bbox 618 624 956 663; x_wconf 73' lang='lat' dir='ltr'><strong><em>BAPTIZANDIS</em></strong></span> <span class='ocrx_word' id='word_1_36' title='bbox 996 626 1304 666; x_wconf 65' lang='lat' dir='ltr'><strong><em>HERETICIS.</em></strong></span> 
     </span>
    </p>
   </div>
   <div class='ocr_carea' id='block_1_7' title="bbox 175 726 1762 797">
    <p class='ocr_par' dir='ltr' id='par_1_7' title="bbox 175 726 1762 797">
     <span class='ocr_line' id='line_1_7' title="bbox 175 726 1762 797; baseline 0.003 -21"><span class='ocrx_word' id='word_1_37' title='bbox 175 726 533 777; x_wconf 63' lang='lat' dir='ltr'><strong><em>Aacuuexruu.</em></strong></span> <span class='ocrx_word' id='word_1_38' title='bbox 567 755 633 779; x_wconf 86' lang='lat'><strong><em>—.</em></strong></span> <span class='ocrx_word' id='word_1_39' title='bbox 664 726 1056 793; x_wconf 82' lang='lat' dir='ltr'><strong><em>Argumentum</em></strong></span> <span class='ocrx_word' id='word_1_40' title='bbox 1083 727 1245 795; x_wconf 85' lang='lat' dir='ltr'><strong><em>hujus</em></strong></span> <span class='ocrx_word' id='word_1_41' title='bbox 1277 732 1325 781; x_wconf 88' lang='lat' dir='ltr'><strong><em>et</em></strong></span> <span class='ocrx_word' id='word_1_42' title='bbox 1350 731 1616 797; x_wconf 76' lang='lat' dir='ltr'><strong><em>sequentis</em></strong></span> <span class='ocrx_word' id='word_1_43' title='bbox 1648 731 1762 797; x_wconf 82' lang='lat' dir='ltr'><strong><em>epi-</em></strong></span> 
     </span>
    </p>
   </div>
   <div class='ocr_carea' id='block_1_8' title="bbox 231 811 1761 886">
    <p class='ocr_par' dir='ltr' id='par_1_8' title="bbox 231 811 1761 886">
     <span class='ocr_line' id='line_1_8' title="bbox 231 811 1761 886; baseline 0.005 -23"><span class='ocrx_word' id='word_1_44' title='bbox 231 811 366 864; x_wconf 77' lang='lat' dir='ltr'><strong><em>stola:</em></strong></span> <span class='ocrx_word' id='word_1_45' title='bbox 408 812 565 867; x_wconf 81' lang='lat' dir='ltr'><em>habes</em></span> <span class='ocrx_word' id='word_1_46' title='bbox 607 816 766 868; x_wconf 86' lang='lat' dir='ltr'><strong><em>tertia</em></strong></span> <span class='ocrx_word' id='word_1_47' title='bbox 792 820 913 883; x_wconf 86' lang='lat' dir='ltr'><strong><em>post</em></strong></span> <span class='ocrx_word' id='word_1_48' title='bbox 950 816 1088 869; x_wconf 90' lang='lat' dir='ltr'><strong><em>hanc</em></strong></span> <span class='ocrx_word' id='word_1_49' title='bbox 1133 817 1359 884; x_wconf 85' lang='lat' dir='ltr'><strong><em>epistola</em></strong></span> <span class='ocrx_word' id='word_1_50' title='bbox 1390 816 1462 869; x_wconf 87' lang='lat' dir='ltr'><strong><em>ad</em></strong></span> <span class='ocrx_word' id='word_1_51' title='bbox 1527 818 1761 886; x_wconf 86' lang='lat' dir='ltr'><strong><em>Stepha-</em></strong></span> 
     </span>
    </p>
   </div>
   <div class='ocr_carea' id='block_1_9' title="bbox 226 900 1764 973">
    <p class='ocr_par' dir='ltr' id='par_1_9' title="bbox 226 900 1764 973">
     <span class='ocr_line' id='line_1_9' title="bbox 226 900 1764 973; baseline 0.006 -22"><span class='ocrx_word' id='word_1_52' title='bbox 226 916 340 952; x_wconf 84' lang='lat' dir='ltr'><strong><em>num</em></strong></span> <span class='ocrx_word' id='word_1_53' title='bbox 392 901 446 953; x_wconf 88' lang='lat' dir='ltr'><strong><em>in</em></strong></span> <span class='ocrx_word' id='word_1_54' title='bbox 492 900 594 955; x_wconf 74' lang='lat' dir='ltr'><strong><em>haec</em></strong></span> <span class='ocrx_word' id='word_1_55' title='bbox 622 904 785 955; x_wconf 83' lang='lat' dir='ltr'><strong><em>verba</em></strong></span> <span class='ocrx_word' id='word_1_56' title='bbox 819 922 834 956; x_wconf 90' lang='lat'><strong><em>:</em></strong></span> <span class='ocrx_word' id='word_1_57' title='bbox 867 925 895 951; x_wconf 85' lang='grc'><strong><em>‹‹</em></strong></span> <span class='ocrx_word' id='word_1_58' title='bbox 940 905 1279 973; x_wconf 88' lang='lat' dir='ltr'><strong><em>Baptismum</em></strong></span> <span class='ocrx_word' id='word_1_59' title='bbox 1338 921 1445 959; x_wconf 89' lang='lat' dir='ltr'><strong><em>non</em></strong></span> <span class='ocrx_word' id='word_1_60' title='bbox 1495 920 1604 959; x_wconf 89' lang='lat' dir='ltr'><strong><em>esse</em></strong></span> <span class='ocrx_word' id='word_1_61' title='bbox 1659 922 1764 973; x_wconf 89' lang='lat' dir='ltr'><strong><em>quo</em></strong></span> 
     </span>
    </p>
   </div>
   <div class='ocr_carea' id='block_1_10' title="bbox 228 988 1766 1063">
    <p class='ocr_par' dir='ltr' id='par_1_10' title="bbox 228 988 1766 1063">
     <span class='ocr_line' id='line_1_10' title="bbox 228 988 1766 1063; baseline 0.005 -23"><span class='ocrx_word' id='word_1_62' title='bbox 228 988 447 1041; x_wconf 57' lang='lat' dir='ltr'><strong><em>haeretici</em></strong></span> <span class='ocrx_word' id='word_1_63' title='bbox 504 996 757 1054; x_wconf 85' lang='lat' dir='ltr'><strong><em>utuntur,</em></strong></span> <span class='ocrx_word' id='word_1_64' title='bbox 810 1009 903 1046; x_wconf 91' lang='lat' dir='ltr'><strong><em>nec</em></strong></span> <span class='ocrx_word' id='word_1_65' title='bbox 947 1009 1266 1063; x_wconf 85' lang='lat' dir='ltr'><strong><em>quemquam</em></strong></span> <span class='ocrx_word' id='word_1_66' title='bbox 1328 994 1479 1063; x_wconf 87' lang='lat' dir='ltr'><strong><em>apud</em></strong></span> <span class='ocrx_word' id='word_1_67' title='bbox 1533 1010 1616 1048; x_wconf 92' lang='lat' dir='ltr'><strong><em>eos</em></strong></span> <span class='ocrx_word' id='word_1_68' title='bbox 1670 997 1766 1063; x_wconf 82' lang='lat' dir='ltr'><strong><em>qui</em></strong></span> 
     </span>
    </p>
   </div>
   <div class='ocr_carea' id='block_1_11' title="bbox 226 1076 1760 1153">
    <p class='ocr_par' dir='ltr' id='par_1_11' title="bbox 226 1076 1760 1153">
     <span class='ocr_line' id='line_1_11' title="bbox 226 1076 1760 1153; baseline 0.006 -24"><span class='ocrx_word' id='word_1_69' title='bbox 226 1076 421 1131; x_wconf 80' lang='lat' dir='ltr'><strong><em>Christo</em></strong></span> <span class='ocrx_word' id='word_1_70' title='bbox 450 1079 815 1134; x_wconf 79' lang='lat' dir='ltr'><strong><em>adversantur</em></strong></span> <span class='ocrx_word' id='word_1_71' title='bbox 841 1097 938 1151; x_wconf 85' lang='lat' dir='ltr'><strong><em>per</em></strong></span> <span class='ocrx_word' id='word_1_72' title='bbox 967 1085 1205 1148; x_wconf 80' lang='lat' dir='ltr'><strong><em>gratiam</em></strong></span> <span class='ocrx_word' id='word_1_73' title='bbox 1248 1082 1449 1137; x_wconf 75' lang='lat' dir='ltr'><strong><em>Christi</em></strong></span> <span class='ocrx_word' id='word_1_74' title='bbox 1468 1099 1621 1153; x_wconf 88' lang='lat' dir='ltr'><strong><em>posse</em></strong></span> <span class='ocrx_word' id='word_1_75' title='bbox 1630 1098 1760 1153; x_wconf 82' lang='lat' dir='ltr'><strong><em>pro-</em></strong></span> 
     </span>
    </p>
   </div>
   <div class='ocr_carea' id='block_1_12' title="bbox 222 1167 1764 1242">
    <p class='ocr_par' dir='ltr' id='par_1_12' title="bbox 222 1167 1764 1242">
     <span class='ocr_line' id='line_1_12' title="bbox 222 1167 1764 1242; baseline 0.005 -24"><span class='ocrx_word' id='word_1_76' title='bbox 222 1168 377 1233; x_wconf 72' lang='lat' dir='ltr'><strong><em>ﬁcere,</em></strong></span> <span class='ocrx_word' id='word_1_77' title='bbox 421 1167 706 1235; x_wconf 78' lang='lat' dir='ltr'><strong><em>diligenter</em></strong></span> <span class='ocrx_word' id='word_1_78' title='bbox 751 1185 922 1239; x_wconf 82' lang='lat' dir='ltr'><strong><em>nuper</em></strong></span> <span class='ocrx_word' id='word_1_79' title='bbox 959 1186 1261 1239; x_wconf 67' lang='lat' dir='ltr'><strong><em>expressum</em></strong></span> <span class='ocrx_word' id='word_1_80' title='bbox 1304 1178 1377 1226; x_wconf 90' lang='lat' dir='ltr'><strong><em>est</em></strong></span> <span class='ocrx_word' id='word_1_81' title='bbox 1428 1175 1487 1225; x_wconf 87' lang='lat' dir='ltr'><strong><em>in</em></strong></span> <span class='ocrx_word' id='word_1_82' title='bbox 1537 1173 1764 1242; x_wconf 88' lang='lat' dir='ltr'><strong><em>epistola</em></strong></span> 
     </span>
    </p>
   </div>
   <div class='ocr_carea' id='block_1_13' title="bbox 221 1256 1763 1327">
    <p class='ocr_par' dir='ltr' id='par_1_13' title="bbox 221 1256 1763 1327">
     <span class='ocr_line' id='line_1_13' title="bbox 221 1256 1763 1327; baseline 0.005 -19"><span class='ocrx_word' id='word_1_83' title='bbox 221 1271 329 1323; x_wconf 71' lang='lat' dir='ltr'><strong><em>quae</em></strong></span> <span class='ocrx_word' id='word_1_84' title='bbox 356 1256 428 1308; x_wconf 83' lang='lat' dir='ltr'><strong><em>ad</em></strong></span> <span class='ocrx_word' id='word_1_85' title='bbox 455 1258 735 1322; x_wconf 83' lang='lat' dir='ltr'><strong><em>Quintum,</em></strong></span> <span class='ocrx_word' id='word_1_86' title='bbox 766 1260 1024 1327; x_wconf 82' lang='lat' dir='ltr'><strong><em>collegam</em></strong></span> <span class='ocrx_word' id='word_1_87' title='bbox 1068 1266 1311 1314; x_wconf 83' lang='lat' dir='ltr'><strong><em>nostrum</em></strong></span> <span class='ocrx_word' id='word_1_88' title='bbox 1336 1264 1393 1314; x_wconf 87' lang='lat' dir='ltr'><strong><em>in</em></strong></span> <span class='ocrx_word' id='word_1_89' title='bbox 1418 1263 1763 1317; x_wconf 70' lang='lat' dir='ltr'><strong><em>Mauritania</em></strong></span> 
     </span>
    </p>
   </div>
   <div class='ocr_carea' id='block_1_14' title="bbox 221 1346 1761 1417">
    <p class='ocr_par' dir='ltr' id='par_1_14' title="bbox 221 1346 1761 1417">
     <span class='ocr_line' id='line_1_14' title="bbox 221 1346 1761 1417; baseline 0.006 -21"><span class='ocrx_word' id='word_1_90' title='bbox 221 1346 560 1399; x_wconf 85' lang='lat' dir='ltr'><strong><em>constitutum</em></strong></span> <span class='ocrx_word' id='word_1_91' title='bbox 588 1360 750 1415; x_wconf 84' lang='lat' dir='ltr'><strong><em>super</em></strong></span> <span class='ocrx_word' id='word_1_92' title='bbox 781 1362 842 1401; x_wconf 88' lang='lat' dir='ltr'><strong><em>ea</em></strong></span> <span class='ocrx_word' id='word_1_93' title='bbox 869 1349 1133 1417; x_wconf 84' lang='lat' dir='ltr'><strong><em>rescripta</em></strong></span> <span class='ocrx_word' id='word_1_94' title='bbox 1159 1354 1272 1414; x_wconf 86' lang='lat' dir='ltr'><strong><em>est;</em></strong></span> <span class='ocrx_word' id='word_1_95' title='bbox 1308 1353 1436 1403; x_wconf 89' lang='lat' dir='ltr'><strong><em>item</em></strong></span> <span class='ocrx_word' id='word_1_96' title='bbox 1471 1353 1531 1404; x_wconf 89' lang='lat' dir='ltr'><strong><em>in</em></strong></span> <span class='ocrx_word' id='word_1_97' title='bbox 1565 1352 1761 1407; x_wconf 81' lang='lat' dir='ltr'><strong><em>litteris</em></strong></span> 
     </span>
    </p>
   </div>
   <div class='ocr_carea' id='block_1_15' title="bbox 220 1434 1761 1507">
    <p class='ocr_par' dir='ltr' id='par_1_15' title="bbox 220 1434 1761 1507">
     <span class='ocr_line' id='line_1_15' title="bbox 220 1434 1761 1507; baseline 0.006 -22"><span class='ocrx_word' id='word_1_98' title='bbox 220 1448 341 1500; x_wconf 87' lang='lat' dir='ltr'><strong><em>quas</em></strong></span> <span class='ocrx_word' id='word_1_99' title='bbox 400 1434 616 1501; x_wconf 57' lang='lat' dir='ltr'><strong><em>college</em></strong></span> <span class='ocrx_word' id='word_1_100' title='bbox 685 1438 858 1490; x_wconf 78' lang='lat' dir='ltr'><strong><em>nostri</em></strong></span> <span class='ocrx_word' id='word_1_101' title='bbox 933 1437 1007 1490; x_wconf 88' lang='lat' dir='ltr'><strong><em>ad</em></strong></span> <span class='ocrx_word' id='word_1_102' title='bbox 1053 1440 1321 1507; x_wconf 83' lang='lat' dir='ltr'><strong><em>episcopos</em></strong></span> <span class='ocrx_word' id='word_1_103' title='bbox 1381 1442 1439 1492; x_wconf 86' lang='lat' dir='ltr'><strong><em>in</em></strong></span> <span class='ocrx_word' id='word_1_104' title='bbox 1500 1441 1761 1495; x_wconf 82' lang='lat' dir='ltr'><strong><em>Numidia</em></strong></span> 
     </span>
    </p>
   </div>
   <div class='ocr_carea' id='block_1_16' title="bbox 219 1523 1761 1597">
    <p class='ocr_par' dir='ltr' id='par_1_16' title="bbox 219 1523 1761 1597">
     <span class='ocr_line' id='line_1_16' title="bbox 219 1523 1761 1597; baseline 0.006 -22"><span class='ocrx_word' id='word_1_105' title='bbox 219 1523 551 1589; x_wconf 62' lang='lat' dir='ltr'><strong><em>prasidentes</em></strong></span> <span class='ocrx_word' id='word_1_106' title='bbox 577 1529 703 1578; x_wconf 81' lang='lat' dir='ltr'><strong><em>ante</em></strong></span> <span class='ocrx_word' id='word_1_107' title='bbox 727 1526 990 1590; x_wconf 78' lang='lat' dir='ltr'><strong><em>fecerunt,</em></strong></span> <span class='ocrx_word' id='word_1_108' title='bbox 1028 1528 1179 1595; x_wconf 87' lang='lat' dir='ltr'><strong><em>cujus</em></strong></span> <span class='ocrx_word' id='word_1_109' title='bbox 1214 1530 1494 1597; x_wconf 86' lang='lat' dir='ltr'><strong><em>utriusque</em></strong></span> <span class='ocrx_word' id='word_1_110' title='bbox 1524 1532 1761 1597; x_wconf 78' lang='lat' dir='ltr'><strong><em>episton</em></strong></span> 
     </span>
    </p>
   </div>
   <div class='ocr_carea' id='block_1_17' title="bbox 3391 121 3494 177">
    <p class='ocr_par' dir='ltr' id='par_1_17' title="bbox 3391 121 3494 177">
     <span class='ocr_line' id='line_1_17' title="bbox 3391 121 3494 177; baseline 0.019 -2"><span class='ocrx_word' id='word_1_111' title='bbox 3391 121 3494 177; x_wconf 64' lang='lat' dir='ltr'><strong><em>r22</em></strong></span> 
     </span>
    </p>
   </div>
   <div class='ocr_carea' id='block_1_18' title="bbox 1792 241 3488 324">
    <p class='ocr_par' dir='ltr' id='par_1_18' title="bbox 1792 241 3488 324">
     <span class='ocr_line' id='line_1_18' title="bbox 1792 241 3488 324; baseline 0.005 -31"><span class='ocrx_word' id='word_1_112' title='bbox 1792 254 1961 324; x_wconf 75' lang='lat' dir='ltr'><strong><em>Acos</em></strong></span> <span class='ocrx_word' id='word_1_113' title='bbox 1992 242 2036 273; x_wconf 60' lang='lat'><strong>‘9</strong></span> <span class='ocrx_word' id='word_1_114' title='bbox 2088 241 2250 295; x_wconf 85' lang='lat' dir='ltr'><strong><em>tincti</em></strong></span> <span class='ocrx_word' id='word_1_115' title='bbox 2296 247 2446 309; x_wconf 86' lang='lat' dir='ltr'><strong><em>sunt,</em></strong></span> <span class='ocrx_word' id='word_1_116' title='bbox 2494 243 2723 314; x_wconf 79' lang='lat' dir='ltr'><strong><em>quando</em></strong></span> <span class='ocrx_word' id='word_1_117' title='bbox 2772 246 2841 299; x_wconf 89' lang='lat' dir='ltr'><strong><em>ad</em></strong></span> <span class='ocrx_word' id='word_1_118' title='bbox 2892 262 2990 299; x_wconf 90' lang='lat' dir='ltr'><strong><em>nos</em></strong></span> <span class='ocrx_word' id='word_1_119' title='bbox 3036 247 3315 315; x_wconf 84' lang='lat' dir='ltr'><strong><em>venerint,</em></strong></span> <span class='ocrx_word' id='word_1_120' title='bbox 3347 248 3488 319; x_wconf 83' lang='lat' dir='ltr'><strong><em>bap-</em></strong></span> 
     </span>
    </p>
   </div>
   <div class='ocr_carea' id='block_1_19' title="bbox 1868 335 3492 411">
    <p class='ocr_par' dir='ltr' id='par_1_19' title="bbox 1868 335 3492 411">
     <span class='ocr_line' id='line_1_19' title="bbox 1868 335 3492 411; baseline 0.006 -24"><span class='ocrx_word' id='word_1_121' title='bbox 1868 335 2021 388; x_wconf 83' lang='lat' dir='ltr'><strong><em>tizari</em></strong></span> <span class='ocrx_word' id='word_1_122' title='bbox 2048 352 2157 388; x_wconf 87' lang='lat' dir='ltr'><strong><em>non</em></strong></span> <span class='ocrx_word' id='word_1_123' title='bbox 2188 342 2469 405; x_wconf 80' lang='lat' dir='ltr'><strong><em>oportere,</em></strong></span> <span class='ocrx_word' id='word_1_124' title='bbox 2491 354 2557 390; x_wconf 89' lang='lat' dir='ltr'><strong><em>eo</em></strong></span> <span class='ocrx_word' id='word_1_125' title='bbox 2581 339 2733 407; x_wconf 90' lang='lat' dir='ltr'><strong><em>quod</em></strong></span> <span class='ocrx_word' id='word_1_126' title='bbox 2777 341 2965 393; x_wconf 83' lang='lat' dir='ltr'><strong><em>dicant</em></strong></span> <span class='ocrx_word' id='word_1_127' title='bbox 2995 358 3171 395; x_wconf 89' lang='lat' dir='ltr'><strong><em>unum</em></strong></span> <span class='ocrx_word' id='word_1_128' title='bbox 3211 342 3492 411; x_wconf 88' lang='lat' dir='ltr'><strong><em>baptisma</em></strong></span> 
     </span>
    </p>
   </div>
   <div class='ocr_carea' id='block_1_20' title="bbox 1869 428 3490 506">
    <p class='ocr_par' dir='ltr' id='par_1_20' title="bbox 1869 428 3490 506">
     <span class='ocr_line' id='line_1_20' title="bbox 1869 428 3490 506; baseline 0.004 -24"><span class='ocrx_word' id='word_1_129' title='bbox 1869 445 1989 482; x_wconf 87' lang='lat' dir='ltr'><strong><em>esse</em></strong></span> <span class='ocrx_word' id='word_1_130' title='bbox 2043 444 2054 480; x_wconf 87' lang='lat'><strong>:</strong></span> <span class='ocrx_word' id='word_1_131' title='bbox 2112 428 2265 499; x_wconf 92' lang='lat' dir='ltr'><strong><em>quod</em></strong></span> <span class='ocrx_word' id='word_1_132' title='bbox 2325 446 2501 483; x_wconf 89' lang='lat' dir='ltr'><strong><em>unum</em></strong></span> <span class='ocrx_word' id='word_1_133' title='bbox 2558 431 2767 485; x_wconf 83' lang='lat' dir='ltr'><strong><em>scilicet</em></strong></span> <span class='ocrx_word' id='word_1_134' title='bbox 2821 434 2929 503; x_wconf 73' lang='lat'>(32)</span> <span class='ocrx_word' id='word_1_135' title='bbox 3003 434 3133 487; x_wconf 89' lang='lat' dir='ltr'><strong><em>ideo</em></strong></span> <span class='ocrx_word' id='word_1_136' title='bbox 3203 441 3305 499; x_wconf 88' lang='lat' dir='ltr'><strong><em>est,</em></strong></span> <span class='ocrx_word' id='word_1_137' title='bbox 3377 453 3490 506; x_wconf 88' lang='lat' dir='ltr'><strong><em>qua</em></strong></span> 
     </span>
    </p>
   </div>
   <div class='ocr_carea' id='block_1_21' title="bbox 1868 522 3486 595">
    <p class='ocr_par' dir='ltr' id='par_1_21' title="bbox 1868 522 3486 595">
     <span class='ocr_line' id='line_1_21' title="bbox 1868 522 3486 595; baseline 0.006 -21"><span class='ocrx_word' id='word_1_138' title='bbox 1868 522 2113 576; x_wconf 83' lang='lat' dir='ltr'><strong><em>Ecclesia</em></strong></span> <span class='ocrx_word' id='word_1_139' title='bbox 2168 538 2278 575; x_wconf 89' lang='lat' dir='ltr'><strong><em>una</em></strong></span> <span class='ocrx_word' id='word_1_140' title='bbox 2334 528 2450 591; x_wconf 88' lang='lat' dir='ltr'><strong><em>est,</em></strong></span> <span class='ocrx_word' id='word_1_141' title='bbox 2510 527 2565 577; x_wconf 88' lang='lat' dir='ltr'><strong><em>et</em></strong></span> <span class='ocrx_word' id='word_1_142' title='bbox 2618 540 2737 578; x_wconf 88' lang='lat' dir='ltr'><strong><em>esse</em></strong></span> <span class='ocrx_word' id='word_1_143' title='bbox 2804 525 3081 595; x_wconf 86' lang='lat' dir='ltr'><strong><em>baptisma</em></strong></span> <span class='ocrx_word' id='word_1_144' title='bbox 3150 532 3307 581; x_wconf 80' lang='lat' dir='ltr'><strong><em>extra</em></strong></span> <span class='ocrx_word' id='word_1_145' title='bbox 3384 532 3486 583; x_wconf 86' lang='lat' dir='ltr'><strong><em>Ec-</em></strong></span> 
     </span>
    </p>
   </div>
   <div class='ocr_carea' id='block_1_22' title="bbox 1868 616 3489 692">
    <p class='ocr_par' dir='ltr' id='par_1_22' title="bbox 1868 616 3489 692">
     <span class='ocr_line' id='line_1_22' title="bbox 1868 616 3489 692; baseline 0.006 -24"><span class='ocrx_word' id='word_1_146' title='bbox 1868 616 2097 669; x_wconf 86' lang='lat' dir='ltr'><strong><em>clesiam</em></strong></span> <span class='ocrx_word' id='word_1_147' title='bbox 2144 632 2259 670; x_wconf 91' lang='lat' dir='ltr'><strong><em>non</em></strong></span> <span class='ocrx_word' id='word_1_148' title='bbox 2306 619 2507 686; x_wconf 89' lang='lat' dir='ltr'><strong><em>potest.</em></strong></span> <span class='ocrx_word' id='word_1_149' title='bbox 2555 618 2731 683; x_wconf 88' lang='lat' dir='ltr'><strong><em>Nam,</em></strong></span> <span class='ocrx_word' id='word_1_150' title='bbox 2784 635 2913 672; x_wconf 90' lang='lat' dir='ltr'><strong><em>cum</em></strong></span> <span class='ocrx_word' id='word_1_151' title='bbox 2986 620 3095 673; x_wconf 91' lang='lat' dir='ltr'><strong><em>duo</em></strong></span> <span class='ocrx_word' id='word_1_152' title='bbox 3146 621 3489 692; x_wconf 87' lang='lat' dir='ltr'><strong><em>baptismata</em></strong></span> 
     </span>
    </p>
   </div>
   <div class='ocr_carea' id='block_1_23' title="bbox 1869 710 3486 785">
    <p class='ocr_par' dir='ltr' id='par_1_23' title="bbox 1869 710 3486 785">
     <span class='ocr_line' id='line_1_23' title="bbox 1869 710 3486 785; baseline 0.004 -22"><span class='ocrx_word' id='word_1_153' title='bbox 1869 712 1973 779; x_wconf 89' lang='lat'><strong><em>(33)</em></strong></span> <span class='ocrx_word' id='word_1_154' title='bbox 2009 726 2131 763; x_wconf 88' lang='lat' dir='ltr'><strong><em>esse</em></strong></span> <span class='ocrx_word' id='word_1_155' title='bbox 2162 726 2279 783; x_wconf 86' lang='lat' dir='ltr'><strong><em>non</em></strong></span> <span class='ocrx_word' id='word_1_156' title='bbox 2336 710 2572 780; x_wconf 88' lang='lat' dir='ltr'><strong><em>possint,</em></strong></span> <span class='ocrx_word' id='word_1_157' title='bbox 2625 711 2671 763; x_wconf 89' lang='lat' dir='ltr'><strong><em>si</em></strong></span> <span class='ocrx_word' id='word_1_158' title='bbox 2700 711 2954 766; x_wconf 67' lang='lat' dir='ltr'><strong><em>haeretici</em></strong></span> <span class='ocrx_word' id='word_1_159' title='bbox 3006 730 3134 768; x_wconf 89' lang='lat' dir='ltr'><strong><em>vere</em></strong></span> <span class='ocrx_word' id='word_1_160' title='bbox 3179 715 3486 785; x_wconf 85' lang='lat' dir='ltr'><strong><em>baptizant,</em></strong></span> 
     </span>
    </p>
   </div>
   <div class='ocr_carea' id='block_1_24' title="bbox 1867 802 3487 875">
    <p class='ocr_par' dir='ltr' id='par_1_24' title="bbox 1867 802 3487 875">
     <span class='ocr_line' id='line_1_24' title="bbox 1867 802 3487 875; baseline 0.004 -20"><span class='ocrx_word' id='word_1_161' title='bbox 1867 802 1975 871; x_wconf 91' lang='lat' dir='ltr'><strong><em>ipsi</em></strong></span> <span class='ocrx_word' id='word_1_162' title='bbox 2006 802 2215 856; x_wconf 82' lang='lat' dir='ltr'><strong><em>habent</em></strong></span> <span class='ocrx_word' id='word_1_163' title='bbox 2252 802 2558 872; x_wconf 88' lang='lat' dir='ltr'><strong><em>baptisma.</em></strong></span> <span class='ocrx_word' id='word_1_164' title='bbox 2594 804 2660 857; x_wconf 91' lang='lat' dir='ltr'><strong><em>Et</em></strong></span> <span class='ocrx_word' id='word_1_165' title='bbox 2689 803 2784 874; x_wconf 87' lang='lat' dir='ltr'><strong><em>qui</em></strong></span> <span class='ocrx_word' id='word_1_166' title='bbox 2815 803 2922 858; x_wconf 88' lang='lat' dir='ltr'><strong><em>hoc</em></strong></span> <span class='ocrx_word' id='word_1_167' title='bbox 2964 805 3076 859; x_wconf 88' lang='lat' dir='ltr'>illis</span> <span class='ocrx_word' id='word_1_168' title='bbox 3101 808 3487 875; x_wconf 84' lang='lat' dir='ltr'><strong><em>patrocinium</em></strong></span> 
     </span>
    </p>
   </div>
   <div class='ocr_carea' id='block_1_25' title="bbox 1867 894 3490 967">
    <p class='ocr_par' dir='ltr' id='par_1_25' title="bbox 1867 894 3490 967">
     <span class='ocr_line' id='line_1_25' title="bbox 1867 894 3490 967; baseline 0.005 -19"><span class='ocrx_word' id='word_1_169' title='bbox 1867 894 1935 949; x_wconf 89' lang='lat' dir='ltr'><strong><em>de</em></strong></span> <span class='ocrx_word' id='word_1_170' title='bbox 1982 896 2318 949; x_wconf 81' lang='lat' dir='ltr'><strong><em>auctoritate</em></strong></span> <span class='ocrx_word' id='word_1_171' title='bbox 2359 914 2460 950; x_wconf 88' lang='lat' dir='ltr'><strong><em>sua</em></strong></span> <span class='ocrx_word' id='word_1_172' title='bbox 2491 899 2737 967; x_wconf 68' lang='lat' dir='ltr'><strong><em>prtestat,</em></strong></span> <span class='ocrx_word' id='word_1_173' title='bbox 2768 897 2919 951; x_wconf 88' lang='lat' dir='ltr'><strong><em>cedit</em></strong></span> <span class='ocrx_word' id='word_1_174' title='bbox 2950 898 3058 951; x_wconf 84' lang='lat' dir='ltr'><strong><em>illis</em></strong></span> <span class='ocrx_word' id='word_1_175' title='bbox 3109 903 3166 952; x_wconf 90' lang='lat' dir='ltr'><strong><em>et</em></strong></span> <span class='ocrx_word' id='word_1_176' title='bbox 3208 902 3490 956; x_wconf 87' lang='lat' dir='ltr'><strong><em>consentit</em></strong></span> 
     </span>
    </p>
   </div>
   <div class='ocr_carea' id='block_1_26' title="bbox 1865 988 3489 1059">
    <p class='ocr_par' dir='ltr' id='par_1_26' title="bbox 1865 988 3489 1059">
     <span class='ocr_line' id='line_1_26' title="bbox 1865 988 3489 1059; baseline 0.004 -19"><span class='ocrx_word' id='word_1_177' title='bbox 1865 993 1927 1041; x_wconf 87' lang='lat' dir='ltr'><strong><em>ut</em></strong></span> <span class='ocrx_word' id='word_1_178' title='bbox 1957 988 2128 1042; x_wconf 88' lang='lat' dir='ltr'><strong><em>hostis</em></strong></span> <span class='ocrx_word' id='word_1_179' title='bbox 2162 994 2216 1042; x_wconf 88' lang='lat' dir='ltr'><strong><em>et</em></strong></span> <span class='ocrx_word' id='word_1_180' title='bbox 2245 989 2604 1043; x_wconf 87' lang='lat' dir='ltr'><strong><em>adversarius</em></strong></span> <span class='ocrx_word' id='word_1_181' title='bbox 2636 990 2748 1059; x_wconf 82' lang='grc'>(34)</span> <span class='ocrx_word' id='word_1_182' title='bbox 2800 990 3003 1046; x_wconf 77' lang='lat' dir='ltr'><strong><em>Christi</em></strong></span> <span class='ocrx_word' id='word_1_183' title='bbox 3036 991 3247 1046; x_wconf 86' lang='lat' dir='ltr'><strong><em>habere</em></strong></span> <span class='ocrx_word' id='word_1_184' title='bbox 3296 994 3489 1047; x_wconf 87' lang='lat' dir='ltr'><strong><em>videa-</em></strong></span> 
     </span>
    </p>
   </div>
   <div class='ocr_carea' id='block_1_27' title="bbox 1866 1081 3488 1153">
    <p class='ocr_par' dir='ltr' id='par_1_27' title="bbox 1866 1081 3488 1153">
     <span class='ocr_line' id='line_1_27' title="bbox 1866 1081 3488 1153; baseline 0.004 -19"><span class='ocrx_word' id='word_1_185' title='bbox 1866 1084 1957 1134; x_wconf 88' lang='lat' dir='ltr'><strong><em>tur</em></strong></span> <span class='ocrx_word' id='word_1_186' title='bbox 1982 1081 2251 1135; x_wconf 85' lang='lat' dir='ltr'><strong><em>abluendi</em></strong></span> <span class='ocrx_word' id='word_1_187' title='bbox 2283 1089 2339 1137; x_wconf 91' lang='lat' dir='ltr'><strong><em>et</em></strong></span> <span class='ocrx_word' id='word_1_188' title='bbox 2369 1082 2706 1153; x_wconf 82' lang='lat' dir='ltr'><strong><em>puriﬁcandi</em></strong></span> <span class='ocrx_word' id='word_1_189' title='bbox 2741 1088 2797 1139; x_wconf 91' lang='lat' dir='ltr'><strong><em>et</em></strong></span> <span class='ocrx_word' id='word_1_190' title='bbox 2825 1084 3211 1139; x_wconf 85' lang='lat' dir='ltr'><strong><em>sanctiﬁcandi</em></strong></span> <span class='ocrx_word' id='word_1_191' title='bbox 3239 1086 3488 1141; x_wconf 88' lang='lat' dir='ltr'><strong><em>hominis</em></strong></span> 
     </span>
    </p>
   </div>
   <div class='ocr_carea' id='block_1_28' title="bbox 1864 1176 3485 1250">
    <p class='ocr_par' dir='ltr' id='par_1_28' title="bbox 1864 1176 3485 1250">
     <span class='ocr_line' id='line_1_28' title="bbox 1864 1176 3485 1250; baseline 0.004 -21"><span class='ocrx_word' id='word_1_192' title='bbox 1864 1178 2224 1245; x_wconf 89' lang='lat' dir='ltr'><strong><em>potestatem.</em></strong></span> <span class='ocrx_word' id='word_1_193' title='bbox 2282 1176 2389 1230; x_wconf 81' lang='lat' dir='ltr'><strong><em>Nos</em></strong></span> <span class='ocrx_word' id='word_1_194' title='bbox 2442 1182 2631 1231; x_wconf 89' lang='lat' dir='ltr'><strong><em>autem</em></strong></span> <span class='ocrx_word' id='word_1_195' title='bbox 2686 1177 2925 1231; x_wconf 87' lang='lat' dir='ltr'><strong><em>dicimus</em></strong></span> <span class='ocrx_word' id='word_1_196' title='bbox 2955 1194 3051 1232; x_wconf 90' lang='lat' dir='ltr'><strong><em>eos</em></strong></span> <span class='ocrx_word' id='word_1_197' title='bbox 3084 1180 3181 1250; x_wconf 90' lang='lat' dir='ltr'><strong><em>qui</em></strong></span> <span class='ocrx_word' id='word_1_198' title='bbox 3232 1179 3361 1235; x_wconf 87' lang='lat' dir='ltr'><strong><em>inde</em></strong></span> <span class='ocrx_word' id='word_1_199' title='bbox 3392 1197 3485 1235; x_wconf 88' lang='lat' dir='ltr'><strong><em>ve-</em></strong></span> 
     </span>
    </p>
   </div>
   <div class='ocr_carea' id='block_1_29' title="bbox 1864 1269 3483 1343">
    <p class='ocr_par' dir='ltr' id='par_1_29' title="bbox 1864 1269 3483 1343">
     <span class='ocr_line' id='line_1_29' title="bbox 1864 1269 3483 1343; baseline 0.004 -22"><span class='ocrx_word' id='word_1_200' title='bbox 1864 1269 2028 1322; x_wconf 86' lang='lat' dir='ltr'><strong><em>niunt</em></strong></span> <span class='ocrx_word' id='word_1_201' title='bbox 2085 1287 2197 1324; x_wconf 89' lang='lat' dir='ltr'><strong><em>non</em></strong></span> <span class='ocrx_word' id='word_1_202' title='bbox 2254 1270 2587 1340; x_wconf 87' lang='lat' dir='ltr'><strong><em>rebaptizari</em></strong></span> <span class='ocrx_word' id='word_1_203' title='bbox 2645 1271 2795 1341; x_wconf 92' lang='lat' dir='ltr'><strong><em>apud</em></strong></span> <span class='ocrx_word' id='word_1_204' title='bbox 2848 1288 2988 1341; x_wconf 90' lang='lat' dir='ltr'><strong><em>nos,</em></strong></span> <span class='ocrx_word' id='word_1_205' title='bbox 3038 1273 3137 1327; x_wconf 92' lang='lat' dir='ltr'><strong><em>sed</em></strong></span> <span class='ocrx_word' id='word_1_206' title='bbox 3190 1273 3483 1343; x_wconf 86' lang='lat' dir='ltr'><strong><em>baptizari.</em></strong></span> 
     </span>
    </p>
   </div>
   <div class='ocr_carea' id='block_1_30' title="bbox 1862 1362 3479 1436">
    <p class='ocr_par' dir='ltr' id='par_1_30' title="bbox 1862 1362 3479 1436">
     <span class='ocr_line' id='line_1_30' title="bbox 1862 1362 3479 1436; baseline 0.004 -21"><span class='ocrx_word' id='word_1_207' title='bbox 1862 1362 2055 1432; x_wconf 88' lang='lat' dir='ltr'><strong><em>Neque</em></strong></span> <span class='ocrx_word' id='word_1_208' title='bbox 2103 1364 2259 1416; x_wconf 88' lang='lat' dir='ltr'><strong><em>enim</em></strong></span> <span class='ocrx_word' id='word_1_209' title='bbox 2318 1363 2601 1434; x_wconf 88' lang='lat' dir='ltr'><strong><em>accipiunt</em></strong></span> <span class='ocrx_word' id='word_1_210' title='bbox 2653 1364 2766 1418; x_wconf 88' lang='lat' dir='ltr'><strong><em>illic</em></strong></span> <span class='ocrx_word' id='word_1_211' title='bbox 2811 1365 3022 1435; x_wconf 88' lang='lat' dir='ltr'><strong><em>aliquid</em></strong></span> <span class='ocrx_word' id='word_1_212' title='bbox 3054 1365 3151 1419; x_wconf 89' lang='lat' dir='ltr'><strong><em>ubi</em></strong></span> <span class='ocrx_word' id='word_1_213' title='bbox 3182 1367 3325 1421; x_wconf 89' lang='lat' dir='ltr'><strong><em>nihil</em></strong></span> <span class='ocrx_word' id='word_1_214' title='bbox 3360 1372 3479 1436; x_wconf 80' lang='lat' dir='ltr'><strong><em>est;</em></strong></span> 
     </span>
    </p>
   </div>
   <div class='ocr_carea' id='block_1_31' title="bbox 1861 1455 3486 1531">
    <p class='ocr_par' dir='ltr' id='par_1_31' title="bbox 1861 1455 3486 1531">
     <span class='ocr_line' id='line_1_31' title="bbox 1861 1455 3486 1531; baseline 0.004 -23"><span class='ocrx_word' id='word_1_215' title='bbox 1861 1455 1961 1508; x_wconf 89' lang='lat' dir='ltr'><strong><em>sed</em></strong></span> <span class='ocrx_word' id='word_1_216' title='bbox 2014 1456 2247 1510; x_wconf 85' lang='lat' dir='ltr'><strong><em>veniunt</em></strong></span> <span class='ocrx_word' id='word_1_217' title='bbox 2296 1456 2367 1510; x_wconf 91' lang='lat' dir='ltr'><strong><em>ad</em></strong></span> <span class='ocrx_word' id='word_1_218' title='bbox 2399 1474 2503 1511; x_wconf 89' lang='lat' dir='ltr'><strong><em>nos</em></strong></span> <span class='ocrx_word' id='word_1_219' title='bbox 2548 1460 2607 1509; x_wconf 89' lang='lat' dir='ltr'><strong><em>ut</em></strong></span> <span class='ocrx_word' id='word_1_220' title='bbox 2657 1457 2747 1511; x_wconf 90' lang='lat' dir='ltr'><strong><em>hic</em></strong></span> <span class='ocrx_word' id='word_1_221' title='bbox 2776 1458 3059 1529; x_wconf 87' lang='lat' dir='ltr'><strong><em>accipiant</em></strong></span> <span class='ocrx_word' id='word_1_222' title='bbox 3088 1459 3180 1513; x_wconf 91' lang='lat' dir='ltr'><strong><em>ubi</em></strong></span> <span class='ocrx_word' id='word_1_223' title='bbox 3214 1465 3268 1513; x_wconf 89' lang='lat' dir='ltr'><strong><em>et</em></strong></span> <span class='ocrx_word' id='word_1_224' title='bbox 3298 1460 3486 1531; x_wconf 84' lang='lat' dir='ltr'><strong><em>gratia</em></strong></span> 
     </span>
    </p>
   </div>
   <div class='ocr_carea' id='block_1_32' title="bbox 1861 1549 3485 1621">
    <p class='ocr_par' dir='ltr' id='par_1_32' title="bbox 1861 1549 3485 1621">
     <span class='ocr_line' id='line_1_32' title="bbox 1861 1549 3485 1621; baseline 0.002 -18"><span class='ocrx_word' id='word_1_225' title='bbox 1861 1554 1917 1603; x_wconf 90' lang='lat' dir='ltr'><strong><em>et</em></strong></span> <span class='ocrx_word' id='word_1_226' title='bbox 1943 1550 2152 1603; x_wconf 88' lang='lat' dir='ltr'><strong><em>veritas</em></strong></span> <span class='ocrx_word' id='word_1_227' title='bbox 2202 1549 2387 1604; x_wconf 89' lang='lat' dir='ltr'><strong><em>omnis</em></strong></span> <span class='ocrx_word' id='word_1_228' title='bbox 2417 1555 2521 1617; x_wconf 90' lang='lat' dir='ltr'><strong><em>est,</em></strong></span> <span class='ocrx_word' id='word_1_229' title='bbox 2557 1551 2693 1621; x_wconf 89' lang='lat' dir='ltr'><strong><em>quia</em></strong></span> <span class='ocrx_word' id='word_1_230' title='bbox 2722 1555 2779 1605; x_wconf 91' lang='lat' dir='ltr'><strong><em>et</em></strong></span> <span class='ocrx_word' id='word_1_231' title='bbox 2821 1551 3007 1620; x_wconf 85' lang='lat' dir='ltr'><strong><em>gratia</em></strong></span> <span class='ocrx_word' id='word_1_232' title='bbox 3036 1557 3093 1606; x_wconf 90' lang='lat' dir='ltr'><strong><em>et</em></strong></span> <span class='ocrx_word' id='word_1_233' title='bbox 3133 1553 3339 1607; x_wconf 86' lang='lat' dir='ltr'><strong><em>veritas</em></strong></span> <span class='ocrx_word' id='word_1_234' title='bbox 3373 1571 3485 1607; x_wconf 85' lang='lat' dir='ltr'><strong><em>una</em></strong></span> 
     </span>
    </p>
   </div>
   <div class='ocr_carea' id='block_1_33' title="bbox 219 1612 1759 1716">
    <p class='ocr_par' dir='ltr' id='par_1_33' title="bbox 219 1612 1759 1685">
     <span class='ocr_line' id='line_1_33' title="bbox 219 1612 1759 1685; baseline 0.007 -22"><span class='ocrx_word' id='word_1_235' title='bbox 219 1612 452 1680; x_wconf 69' lang='lat' dir='ltr'><strong><em>exempla</em></strong></span> <span class='ocrx_word' id='word_1_236' title='bbox 519 1612 757 1666; x_wconf 77' lang='lat' dir='ltr'><strong><em>subdidi.</em></strong></span> <span class='ocrx_word' id='word_1_237' title='bbox 824 1634 851 1661; x_wconf 83' lang='lat'>»</span> <span class='ocrx_word' id='word_1_238' title='bbox 908 1615 1198 1683; x_wconf 81' lang='lat' dir='ltr'><strong><em>Utriusque</em></strong></span> <span class='ocrx_word' id='word_1_239' title='bbox 1238 1618 1400 1670; x_wconf 88' lang='lat' dir='ltr'><strong><em>etiam</em></strong></span> <span class='ocrx_word' id='word_1_240' title='bbox 1456 1621 1517 1685; x_wconf 83' lang='lat' dir='ltr'><strong><em>ﬁt</em></strong></span> <span class='ocrx_word' id='word_1_241' title='bbox 1561 1621 1759 1673; x_wconf 83' lang='lat' dir='ltr'><strong><em>mentio</em></strong></span> 
     </span>
    </p>
   </div>
   <div class='ocr_carea' id='block_1_34' title="bbox 1864 1612 3478 1716">
    <p class='ocr_par' dir='ltr' id='par_1_34' title="bbox 1864 1612 3478 1716">
     <span class='ocr_line' id='line_1_34' title="bbox 1864 1612 3478 1716; baseline 0.002 -19"><span class='ocrx_word' id='word_1_242' title='bbox 1864 1645 1964 1697; x_wconf 91' lang='lat' dir='ltr'><strong><em>est.</em></strong></span> <span class='ocrx_word' id='word_1_243' title='bbox 1997 1645 2166 1697; x_wconf 85' lang='lat' dir='ltr'><strong><em>Porro</em></strong></span> <span class='ocrx_word' id='word_1_244' title='bbox 2221 1647 2411 1697; x_wconf 89' lang='lat' dir='ltr'><strong><em>autem</em></strong></span> <span class='ocrx_word' id='word_1_245' title='bbox 2458 1612 2695 1714; x_wconf 82' lang='lat' dir='ltr'><strong><em>quidam</em></strong></span> <span class='ocrx_word' id='word_1_246' title='bbox 2744 1612 3094 1716; x_wconf 50' lang='lat' dir='ltr'><strong><em>devcollegis</em></strong></span> <span class='ocrx_word' id='word_1_247' title='bbox 3123 1646 3331 1701; x_wconf 84' lang='lat' dir='ltr'><strong><em>nostris</em></strong></span> <span class='ocrx_word' id='word_1_248' title='bbox 3360 1664 3478 1702; x_wconf 85' lang='lat' dir='ltr'><strong><em>ma-</em></strong></span> 
     </span>
    </p>
   </div>
   <div class='ocr_carea' id='block_1_35' title="bbox 220 1702 1757 1776">
    <p class='ocr_par' dir='ltr' id='par_1_35' title="bbox 220 1702 1757 1776">
     <span class='ocr_line' id='line_1_35' title="bbox 220 1702 1757 1776; baseline 0.008 -25"><span class='ocrx_word' id='word_1_249' title='bbox 220 1702 267 1751; x_wconf 80' lang='lat' dir='ltr'><strong><em>in</em></strong></span> <span class='ocrx_word' id='word_1_250' title='bbox 317 1702 549 1768; x_wconf 84' lang='lat' dir='ltr'><strong><em>epistola</em></strong></span> <span class='ocrx_word' id='word_1_251' title='bbox 590 1702 664 1755; x_wconf 90' lang='lat' dir='ltr'><strong><em>ad</em></strong></span> <span class='ocrx_word' id='word_1_252' title='bbox 715 1702 1071 1765; x_wconf 84' lang='lat' dir='ltr'><strong><em>Jubaiunum,</em></strong></span> <span class='ocrx_word' id='word_1_253' title='bbox 1123 1709 1172 1757; x_wconf 88' lang='lat' dir='ltr'><strong><em>et</em></strong></span> <span class='ocrx_word' id='word_1_254' title='bbox 1221 1704 1377 1774; x_wconf 84' lang='lat' dir='ltr'><strong><em>hujus</em></strong></span> <span class='ocrx_word' id='word_1_255' title='bbox 1412 1708 1635 1776; x_wconf 83' lang='lat' dir='ltr'><strong><em>epistola</em></strong></span> <span class='ocrx_word' id='word_1_256' title='bbox 1687 1724 1757 1763; x_wconf 89' lang='lat' dir='ltr'><strong><em>se-</em></strong></span> 
     </span>
    </p>
   </div>
   <div class='ocr_carea' id='block_1_36' title="bbox 217 1792 408 1856">
    <p class='ocr_par' dir='ltr' id='par_1_36' title="bbox 217 1792 408 1856">
     <span class='ocr_line' id='line_1_36' title="bbox 217 1792 408 1856; baseline -0.01 -13"><span class='ocrx_word' id='word_1_257' title='bbox 217 1792 408 1856; x_wconf 86' lang='lat' dir='ltr'><strong><em>quenti.</em></strong></span> 
     </span>
    </p>
   </div>
   <div class='ocr_carea' id='block_1_37' title="bbox 524 1871 1359 1944">
    <p class='ocr_par' dir='ltr' id='par_1_37' title="bbox 524 1871 1359 1944">
     <span class='ocr_line' id='line_1_37' title="bbox 524 1871 1359 1944; baseline 0.005 -18"><span class='ocrx_word' id='word_1_258' title='bbox 524 1871 745 1940; x_wconf 82' lang='lat' dir='ltr'><strong><em>(Exstat</em></strong></span> <span class='ocrx_word' id='word_1_259' title='bbox 782 1874 917 1926; x_wconf 91' lang='lat' dir='ltr'><strong><em>tom.</em></strong></span> <span class='ocrx_word' id='word_1_260' title='bbox 960 1873 1000 1939; x_wconf 92' lang='lat' dir='ltr'><strong><em>I,</em></strong></span> <span class='ocrx_word' id='word_1_261' title='bbox 1032 1873 1140 1928; x_wconf 92' lang='lat' dir='ltr'><strong><em>col.</em></strong></span> <span class='ocrx_word' id='word_1_262' title='bbox 1178 1876 1359 1944; x_wconf 88' lang='lat'><strong><em>1073.)</em></strong></span> 
     </span>
    </p>
   </div>
   <div class='ocr_carea' id='block_1_38' title="bbox 674 2011 1203 2068">
    <p class='ocr_par' dir='ltr' id='par_1_38' title="bbox 674 2011 1203 2068">
     <span class='ocr_line' id='line_1_38' title="bbox 674 2011 1203 2068; baseline 0.008 -4"><span class='ocrx_word' id='word_1_263' title='bbox 674 2011 997 2067; x_wconf 81' lang='lat' dir='ltr'><strong><em>EPISTOLA</em></strong></span> <span class='ocrx_word' id='word_1_264' title='bbox 1038 2014 1203 2068; x_wconf 85' lang='lat' dir='ltr'><strong><em>LXXI.</em></strong></span> 
     </span>
    </p>
   </div>
   <div class='ocr_carea' id='block_1_39' title="bbox 156 2109 1758 2183">
    <p class='ocr_par' dir='ltr' id='par_1_39' title="bbox 156 2109 1758 2183">
     <span class='ocr_line' id='line_1_39' title="bbox 156 2109 1758 2183; baseline 0.007 -25"><span class='ocrx_word' id='word_1_265' title='bbox 156 2109 340 2167; x_wconf 80' lang='lat' dir='ltr'><strong><em>(Erasm.</em></strong></span> <span class='ocrx_word' id='word_1_266' title='bbox 375 2110 444 2159; x_wconf 84' lang='lat' dir='ltr'><strong><em>ad</em></strong></span> <span class='ocrx_word' id='word_1_267' title='bbox 477 2112 806 2174; x_wconf 82' lang='lat' dir='ltr'><strong><em>()uintinum,</em></strong></span> <span class='ocrx_word' id='word_1_268' title='bbox 834 2128 883 2177; x_wconf 90' lang='lat' dir='ltr'><strong><em>p.</em></strong></span> <span class='ocrx_word' id='word_1_269' title='bbox 927 2118 1049 2177; x_wconf 85' lang='lat'><strong>337;</strong></span> <span class='ocrx_word' id='word_1_270' title='bbox 1078 2116 1291 2176; x_wconf 86' lang='lat' dir='ltr'><strong><em>Pamel.,</em></strong></span> <span class='ocrx_word' id='word_1_271' title='bbox 1320 2117 1527 2180; x_wconf 67' lang='lat' dir='ltr'><strong><em>Rigalt,</em></strong></span> <span class='ocrx_word' id='word_1_272' title='bbox 1571 2119 1758 2183; x_wconf 85' lang='lat' dir='ltr'><strong><em>Baluz.,</em></strong></span> 
     </span>
    </p>
   </div>
   <div class='ocr_carea' id='block_1_40' title="bbox 453 2184 1433 2251">
    <p class='ocr_par' dir='ltr' id='par_1_40' title="bbox 453 2184 1433 2251">
     <span class='ocr_line' id='line_1_40' title="bbox 453 2184 1433 2251; baseline 0.007 -20"><span class='ocrx_word' id='word_1_273' title='bbox 453 2184 650 2245; x_wconf 83' lang='lat' dir='ltr'><strong><em>Oxon.,</em></strong></span> <span class='ocrx_word' id='word_1_274' title='bbox 687 2185 844 2247; x_wconf 87' lang='lat' dir='ltr'><strong><em>Lips.,</em></strong></span> <span class='ocrx_word' id='word_1_275' title='bbox 873 2196 995 2235; x_wconf 82' lang='lat' dir='ltr'><strong><em>LXXI</em></strong></span> <span class='ocrx_word' id='word_1_276' title='bbox 1022 2201 1036 2247; x_wconf 89' lang='lat'><strong>;</strong></span> <span class='ocrx_word' id='word_1_277' title='bbox 1073 2187 1259 2248; x_wconf 63' lang='lat' dir='ltr'><strong><em>Paris,</em></strong></span> <span class='ocrx_word' id='word_1_278' title='bbox 1292 2190 1433 2251; x_wconf 85' lang='lat' dir='ltr'><strong><em>Lxx.)</em></strong></span> 
     </span>
    </p>
   </div>
   <div class='ocr_carea' id='block_1_41' title="bbox 340 2303 1541 2358">
    <p class='ocr_par' dir='ltr' id='par_1_41' title="bbox 340 2303 1541 2358">
     <span class='ocr_line' id='line_1_41' title="bbox 340 2303 1541 2358; baseline 0.006 -17"><span class='ocrx_word' id='word_1_279' title='bbox 340 2303 406 2341; x_wconf 71' lang='lat' dir='ltr'><strong><em>AD</em></strong></span> <span class='ocrx_word' id='word_1_280' title='bbox 449 2304 717 2358; x_wconf 73' lang='lat' dir='ltr'><strong><em>QUINTUM,</em></strong></span> <span class='ocrx_word' id='word_1_281' title='bbox 760 2306 826 2343; x_wconf 72' lang='lat' dir='ltr'><strong><em>DE</em></strong></span> <span class='ocrx_word' id='word_1_282' title='bbox 866 2307 1154 2346; x_wconf 65' lang='lat' dir='ltr'><strong><em>HERETICIS</em></strong></span> <span class='ocrx_word' id='word_1_283' title='bbox 1183 2308 1541 2348; x_wconf 75' lang='lat' dir='ltr'><strong><em>BAPTIZANDIS.</em></strong></span> 
     </span>
    </p>
   </div>
   <div class='ocr_carea' id='block_1_42' title="bbox 157 2399 1758 2471">
    <p class='ocr_par' dir='ltr' id='par_1_42' title="bbox 157 2399 1758 2471">
     <span class='ocr_line' id='line_1_42' title="bbox 157 2399 1758 2471; baseline 0.008 -22"><span class='ocrx_word' id='word_1_284' title='bbox 157 2399 521 2455; x_wconf 68' lang='lat' dir='ltr'><strong><em>Ancuussruu.</em></strong></span> <span class='ocrx_word' id='word_1_285' title='bbox 554 2430 622 2441; x_wconf 90' lang='lat'>—</span> <span class='ocrx_word' id='word_1_286' title='bbox 662 2403 1031 2471; x_wconf 82' lang='lat' dir='ltr'><strong><em>Respondetur</em></strong></span> <span class='ocrx_word' id='word_1_287' title='bbox 1058 2402 1274 2469; x_wconf 89' lang='lat' dir='ltr'><strong><em>Quinto,</em></strong></span> <span class='ocrx_word' id='word_1_288' title='bbox 1320 2407 1378 2458; x_wconf 90' lang='lat' dir='ltr'><strong><em>in</em></strong></span> <span class='ocrx_word' id='word_1_289' title='bbox 1415 2406 1758 2461; x_wconf 81' lang='lat' dir='ltr'><strong><em>Mauritania</em></strong></span> 
     </span>
    </p>
   </div>
   <div class='ocr_carea' id='block_1_43' title="bbox 256 2491 1628 2563">
    <p class='ocr_par' dir='ltr' id='par_1_43' title="bbox 256 2491 1628 2563">
     <span class='ocr_line' id='line_1_43' title="bbox 256 2491 1628 2563; baseline 0.005 -21"><span class='ocrx_word' id='word_1_290' title='bbox 256 2491 510 2559; x_wconf 82' lang='lat' dir='ltr'><strong><em>episcopo,</em></strong></span> <span class='ocrx_word' id='word_1_291' title='bbox 541 2492 840 2546; x_wconf 84' lang='lat' dir='ltr'><strong><em>consulenti</em></strong></span> <span class='ocrx_word' id='word_1_292' title='bbox 876 2493 940 2547; x_wconf 87' lang='lat' dir='ltr'><strong><em>de</em></strong></span> <span class='ocrx_word' id='word_1_293' title='bbox 970 2493 1233 2548; x_wconf 64' lang='lat' dir='ltr'><strong><em>hwreticis</em></strong></span> <span class='ocrx_word' id='word_1_294' title='bbox 1262 2495 1628 2563; x_wconf 78' lang='lat' dir='ltr'><strong><em>baptizandis.</em></strong></span> 
     </span>
    </p>
   </div>
   <div class='ocr_carea' id='block_1_44' title="bbox 215 2604 1760 2679">
    <p class='ocr_par' dir='ltr' id='par_1_44' title="bbox 215 2604 1760 2679">
     <span class='ocr_line' id='line_1_44' title="bbox 215 2604 1760 2679; baseline 0.006 -22"><span class='ocrx_word' id='word_1_295' title='bbox 215 2604 250 2658; x_wconf 86' lang='grc' dir='ltr'><strong><em>Ι.</em></strong></span> <span class='ocrx_word' id='word_1_296' title='bbox 294 2607 608 2676; x_wconf 83' lang='lat' dir='ltr'><strong><em>Cyprianus</em></strong></span> <span class='ocrx_word' id='word_1_297' title='bbox 650 2608 859 2671; x_wconf 89' lang='lat' dir='ltr'><strong><em>Quinto</em></strong></span> <span class='ocrx_word' id='word_1_298' title='bbox 905 2609 1063 2663; x_wconf 85' lang='lat' dir='ltr'><strong><em>fratri</em></strong></span> <span class='ocrx_word' id='word_1_299' title='bbox 1108 2610 1217 2679; x_wconf 78' lang='lat'><strong><em>(28)</em></strong></span> <span class='ocrx_word' id='word_1_300' title='bbox 1250 2610 1511 2666; x_wconf 86' lang='lat' dir='ltr'><strong><em>salutem.</em></strong></span> <span class='ocrx_word' id='word_1_301' title='bbox 1545 2612 1760 2667; x_wconf 82' lang='lat' dir='ltr'><strong><em>Retulit</em></strong></span> 
     </span>
    </p>
   </div>
   <div class='ocr_carea' id='block_1_45' title="bbox 160 2696 1757 2775">
    <p class='ocr_par' dir='ltr' id='par_1_45' title="bbox 160 2696 1757 2775">
     <span class='ocr_line' id='line_1_45' title="bbox 160 2696 1757 2775; baseline 0.006 -25"><span class='ocrx_word' id='word_1_302' title='bbox 160 2696 214 2750; x_wconf 85' lang='lat' dir='ltr'><strong><em>ad</em></strong></span> <span class='ocrx_word' id='word_1_303' title='bbox 273 2715 379 2765; x_wconf 89' lang='lat' dir='ltr'><strong><em>me,</em></strong></span> <span class='ocrx_word' id='word_1_304' title='bbox 440 2701 624 2755; x_wconf 86' lang='lat' dir='ltr'><strong><em>frater</em></strong></span> <span class='ocrx_word' id='word_1_305' title='bbox 684 2701 1035 2769; x_wconf 87' lang='lat' dir='ltr'><strong><em>charissime,</em></strong></span> <span class='ocrx_word' id='word_1_306' title='bbox 1094 2703 1367 2758; x_wconf 88' lang='lat' dir='ltr'><strong><em>Lucianus</em></strong></span> <span class='ocrx_word' id='word_1_307' title='bbox 1436 2705 1545 2775; x_wconf 79' lang='lat'><strong><em>(29)</em></strong></span> <span class='ocrx_word' id='word_1_308' title='bbox 1599 2722 1757 2760; x_wconf 91' lang='lat' dir='ltr'><strong><em>com-</em></strong></span> 
     </span>
    </p>
   </div>
   <div class='ocr_carea' id='block_1_46' title="bbox 160 2792 1758 2868">
    <p class='ocr_par' dir='ltr' id='par_1_46' title="bbox 160 2792 1758 2868">
     <span class='ocr_line' id='line_1_46' title="bbox 160 2792 1758 2868; baseline 0.006 -24"><span class='ocrx_word' id='word_1_309' title='bbox 160 2792 423 2863; x_wconf 78' lang='lat' dir='ltr'><strong><em>presbyter</em></strong></span> <span class='ocrx_word' id='word_1_310' title='bbox 469 2798 669 2849; x_wconf 86' lang='lat' dir='ltr'><strong><em>noster</em></strong></span> <span class='ocrx_word' id='word_1_311' title='bbox 701 2801 755 2850; x_wconf 90' lang='lat' dir='ltr'><strong><em>te</em></strong></span> <span class='ocrx_word' id='word_1_312' title='bbox 805 2796 1153 2851; x_wconf 89' lang='lat' dir='ltr'><strong><em>desiderasse</em></strong></span> <span class='ocrx_word' id='word_1_313' title='bbox 1198 2800 1262 2851; x_wconf 90' lang='lat' dir='ltr'><strong><em>ut</em></strong></span> <span class='ocrx_word' id='word_1_314' title='bbox 1307 2798 1758 2868; x_wconf 82' lang='lat' dir='ltr'><strong><em>signiﬁcaremus</em></strong></span> 
     </span>
    </p>
   </div>
   <div class='ocr_carea' id='block_1_47' title="bbox 160 2884 1760 2961">
    <p class='ocr_par' dir='ltr' id='par_1_47' title="bbox 160 2884 1760 2961">
     <span class='ocr_line' id='line_1_47' title="bbox 160 2884 1760 2961; baseline 0.007 -25"><span class='ocrx_word' id='word_1_315' title='bbox 160 2884 241 2937; x_wconf 85' lang='lat' dir='ltr'><strong><em>tibi</em></strong></span> <span class='ocrx_word' id='word_1_316' title='bbox 285 2886 416 2956; x_wconf 90' lang='lat' dir='ltr'><strong><em>quid</em></strong></span> <span class='ocrx_word' id='word_1_317' title='bbox 446 2888 767 2942; x_wconf 85' lang='lat' dir='ltr'><strong><em>sentiamus</em></strong></span> <span class='ocrx_word' id='word_1_318' title='bbox 796 2889 864 2944; x_wconf 88' lang='lat' dir='ltr'><strong><em>de</em></strong></span> <span class='ocrx_word' id='word_1_319' title='bbox 908 2890 993 2943; x_wconf 85' lang='lat' dir='ltr'><strong><em>his</em></strong></span> <span class='ocrx_word' id='word_1_320' title='bbox 1034 2891 1130 2960; x_wconf 89' lang='lat' dir='ltr'><strong><em>qui</em></strong></span> <span class='ocrx_word' id='word_1_321' title='bbox 1175 2891 1325 2961; x_wconf 86' lang='lat' dir='ltr'><strong><em>apud</em></strong></span> <span class='ocrx_word' id='word_1_322' title='bbox 1368 2891 1663 2946; x_wconf 65' lang='lat' dir='ltr'><strong><em>hmreticos</em></strong></span> <span class='ocrx_word' id='word_1_323' title='bbox 1702 2896 1760 2947; x_wconf 82' lang='lat' dir='ltr'><strong><em>et</em></strong></span> 
     </span>
    </p>
   </div>
   <div class='ocr_carea' id='block_1_48' title="bbox 1860 1736 3481 1808">
    <p class='ocr_par' dir='ltr' id='par_1_48' title="bbox 1860 1736 3481 1808">
     <span class='ocr_line' id='line_1_48' title="bbox 1860 1736 3481 1808; baseline 0.004 -19"><span class='ocrx_word' id='word_1_324' title='bbox 1860 1737 1983 1789; x_wconf 89' lang='lat' dir='ltr'><strong><em>lunt</em></strong></span> <span class='ocrx_word' id='word_1_325' title='bbox 2028 1736 2305 1791; x_wconf 80' lang='lat' dir='ltr'><strong><em>haereticis</em></strong></span> <span class='ocrx_word' id='word_1_326' title='bbox 2349 1738 2624 1791; x_wconf 90' lang='lat' dir='ltr'><strong><em>honorem</em></strong></span> <span class='ocrx_word' id='word_1_327' title='bbox 2658 1738 2795 1792; x_wconf 88' lang='lat' dir='ltr'><strong><em>dare</em></strong></span> <span class='ocrx_word' id='word_1_328' title='bbox 2842 1754 3014 1808; x_wconf 89' lang='lat' dir='ltr'><strong><em>quam</em></strong></span> <span class='ocrx_word' id='word_1_329' title='bbox 3047 1739 3209 1793; x_wconf 92' lang='lat' dir='ltr'><strong><em>nobis</em></strong></span> <span class='ocrx_word' id='word_1_330' title='bbox 3240 1756 3481 1795; x_wconf 82' lang='lat' dir='ltr'><strong><em>consen-</em></strong></span> 
     </span>
    </p>
   </div>
   <div class='ocr_carea' id='block_1_49' title="bbox 1857 1830 3483 1904">
    <p class='ocr_par' dir='ltr' id='par_1_49' title="bbox 1857 1830 3483 1904">
     <span class='ocr_line' id='line_1_49' title="bbox 1857 1830 3483 1904; baseline 0.002 -20"><span class='ocrx_word' id='word_1_331' title='bbox 1857 1830 1997 1899; x_wconf 84' lang='lat' dir='ltr'><strong><em>tire;</em></strong></span> <span class='ocrx_word' id='word_1_332' title='bbox 2046 1834 2099 1884; x_wconf 90' lang='lat' dir='ltr'><strong><em>et</em></strong></span> <span class='ocrx_word' id='word_1_333' title='bbox 2143 1830 2302 1899; x_wconf 91' lang='lat' dir='ltr'><strong><em>dum,</em></strong></span> <span class='ocrx_word' id='word_1_334' title='bbox 2325 1830 2493 1885; x_wconf 89' lang='lat' dir='ltr'><strong><em>unius</em></strong></span> <span class='ocrx_word' id='word_1_335' title='bbox 2532 1830 2798 1901; x_wconf 86' lang='lat' dir='ltr'><strong><em>baptismi</em></strong></span> <span class='ocrx_word' id='word_1_336' title='bbox 2829 1832 3266 1902; x_wconf 86' lang='lat' dir='ltr'><strong><em>asseveratione,</em></strong></span> <span class='ocrx_word' id='word_1_337' title='bbox 3294 1833 3483 1904; x_wconf 87' lang='lat' dir='ltr'><strong><em>bapti-</em></strong></span> 
     </span>
    </p>
   </div>
   <div class='ocr_carea' id='block_1_50' title="bbox 1860 1923 3485 1999">
    <p class='ocr_par' dir='ltr' id='par_1_50' title="bbox 1860 1923 3485 1999">
     <span class='ocr_line' id='line_1_50' title="bbox 1860 1923 3485 1999; baseline 0.003 -22"><span class='ocrx_word' id='word_1_338' title='bbox 1860 1940 1984 1977; x_wconf 90' lang='lat' dir='ltr'><strong><em>zare</em></strong></span> <span class='ocrx_word' id='word_1_339' title='bbox 2012 1923 2303 1979; x_wconf 86' lang='lat' dir='ltr'><strong><em>venientes</em></strong></span> <span class='ocrx_word' id='word_1_340' title='bbox 2328 1924 2547 1992; x_wconf 86' lang='lat' dir='ltr'><strong><em>nolunt,</em></strong></span> <span class='ocrx_word' id='word_1_341' title='bbox 2592 1924 2669 1979; x_wconf 89' lang='lat' dir='ltr'><strong><em>sic</em></strong></span> <span class='ocrx_word' id='word_1_342' title='bbox 2698 1928 2796 1979; x_wconf 90' lang='lat' dir='ltr'><strong><em>aut</em></strong></span> <span class='ocrx_word' id='word_1_343' title='bbox 2841 1925 2954 1980; x_wconf 89' lang='lat' dir='ltr'><strong><em>duo</em></strong></span> <span class='ocrx_word' id='word_1_344' title='bbox 2999 1926 3343 1997; x_wconf 80' lang='lat' dir='ltr'><strong><em>baptismate</em></strong></span> <span class='ocrx_word' id='word_1_345' title='bbox 3373 1928 3485 1999; x_wconf 87' lang='lat' dir='ltr'><strong><em>ipsi</em></strong></span> 
     </span>
    </p>
   </div>
   <div class='ocr_carea' id='block_1_51' title="bbox 1860 2018 3481 2090">
    <p class='ocr_par' dir='ltr' id='par_1_51' title="bbox 1860 2018 3481 2090">
     <span class='ocr_line' id='line_1_51' title="bbox 1860 2018 3481 2090; baseline 0.002 -17"><span class='ocrx_word' id='word_1_346' title='bbox 1860 2018 2094 2087; x_wconf 88' lang='lat' dir='ltr'><strong><em>faciunt,</em></strong></span> <span class='ocrx_word' id='word_1_347' title='bbox 2145 2018 2282 2072; x_wconf 90' lang='lat' dir='ltr'><strong><em>dum</em></strong></span> <span class='ocrx_word' id='word_1_348' title='bbox 2315 2021 2371 2073; x_wconf 89' lang='lat' dir='ltr'><strong><em>et</em></strong></span> <span class='ocrx_word' id='word_1_349' title='bbox 2415 2018 2564 2089; x_wconf 86' lang='lat' dir='ltr'><strong><em>apud</em></strong></span> <span class='ocrx_word' id='word_1_350' title='bbox 2592 2018 2891 2074; x_wconf 76' lang='lat' dir='ltr'><strong><em>haereticos</em></strong></span> <span class='ocrx_word' id='word_1_351' title='bbox 2919 2020 3203 2090; x_wconf 87' lang='lat' dir='ltr'><strong><em>baptisma</em></strong></span> <span class='ocrx_word' id='word_1_352' title='bbox 3232 2037 3351 2077; x_wconf 91' lang='lat' dir='ltr'><strong><em>esse</em></strong></span> <span class='ocrx_word' id='word_1_353' title='bbox 3398 2022 3481 2076; x_wconf 90' lang='lat' dir='ltr'><strong><em>di-</em></strong></span> 
     </span>
    </p>
   </div>
   <div class='ocr_carea' id='block_1_52' title="bbox 1858 2112 3483 2183">
    <p class='ocr_par' dir='ltr' id='par_1_52' title="bbox 1858 2112 3483 2183">
     <span class='ocr_line' id='line_1_52' title="bbox 1858 2112 3483 2183; baseline 0.001 -15"><span class='ocrx_word' id='word_1_354' title='bbox 1858 2118 2011 2182; x_wconf 85' lang='lat' dir='ltr'><strong><em>cunt,</em></strong></span> <span class='ocrx_word' id='word_1_355' title='bbox 2067 2117 2164 2166; x_wconf 90' lang='lat' dir='ltr'><strong><em>aut</em></strong></span> <span class='ocrx_word' id='word_1_356' title='bbox 2211 2116 2382 2181; x_wconf 87' lang='lat' dir='ltr'><strong><em>certe,</em></strong></span> <span class='ocrx_word' id='word_1_357' title='bbox 2433 2112 2584 2183; x_wconf 88' lang='lat' dir='ltr'><strong><em>quod</em></strong></span> <span class='ocrx_word' id='word_1_358' title='bbox 2629 2117 2712 2167; x_wconf 88' lang='lat' dir='ltr'><strong><em>est</em></strong></span> <span class='ocrx_word' id='word_1_359' title='bbox 2763 2112 3031 2183; x_wconf 83' lang='lat' dir='ltr'><strong><em>gravius,</em></strong></span> <span class='ocrx_word' id='word_1_360' title='bbox 3088 2115 3483 2169; x_wconf 78' lang='lat' dir='ltr'><strong><em>haereticorum</em></strong></span> 
     </span>
    </p>
   </div>
   <div class='ocr_carea' id='block_1_53' title="bbox 1859 2206 3484 2285">
    <p class='ocr_par' dir='ltr' id='par_1_53' title="bbox 1859 2206 3484 2285">
     <span class='ocr_line' id='line_1_53' title="bbox 1859 2206 3484 2285; baseline 0.002 -23"><span class='ocrx_word' id='word_1_361' title='bbox 1859 2207 2157 2285; x_wconf 38' lang='lat' dir='ltr'><strong><em>sordidam.</em></strong></span> <span class='ocrx_word' id='word_1_362' title='bbox 2176 2211 2231 2260; x_wconf 88' lang='lat' dir='ltr'><strong><em>et</em></strong></span> <span class='ocrx_word' id='word_1_363' title='bbox 2273 2206 2572 2276; x_wconf 85' lang='lat' dir='ltr'><strong><em>profanam</em></strong></span> <span class='ocrx_word' id='word_1_364' title='bbox 2600 2206 2933 2261; x_wconf 89' lang='lat' dir='ltr'><strong><em>tinctionem</em></strong></span> <span class='ocrx_word' id='word_1_365' title='bbox 2981 2223 3112 2262; x_wconf 88' lang='lat' dir='ltr'><strong><em>vero</em></strong></span> <span class='ocrx_word' id='word_1_366' title='bbox 3140 2212 3196 2263; x_wconf 89' lang='lat' dir='ltr'><strong><em>et</em></strong></span> <span class='ocrx_word' id='word_1_367' title='bbox 3230 2210 3394 2264; x_wconf 92' lang='lat' dir='ltr'><strong><em>unico</em></strong></span> <span class='ocrx_word' id='word_1_368' title='bbox 3426 2216 3484 2265; x_wconf 89' lang='lat' dir='ltr'><strong><em>et</em></strong></span> 
     </span>
    </p>
   </div>
   <div class='ocr_carea' id='block_1_54' title="bbox 1859 2300 3483 2373">
    <p class='ocr_par' dir='ltr' id='par_1_54' title="bbox 1859 2300 3483 2373">
     <span class='ocr_line' id='line_1_54' title="bbox 1859 2300 3483 2373; baseline 0.002 -18"><span class='ocrx_word' id='word_1_369' title='bbox 1859 2300 2114 2372; x_wconf 87' lang='lat' dir='ltr'><strong><em>legitimo</em></strong></span> <span class='ocrx_word' id='word_1_370' title='bbox 2160 2300 2418 2355; x_wconf 84' lang='lat' dir='ltr'><strong><em>Ecclesiae</em></strong></span> <span class='ocrx_word' id='word_1_371' title='bbox 2470 2300 2763 2354; x_wconf 83' lang='lat' dir='ltr'><strong><em>catholicae</em></strong></span> <span class='ocrx_word' id='word_1_372' title='bbox 2812 2300 3095 2371; x_wconf 85' lang='lat' dir='ltr'><strong><em>baptismo</em></strong></span> <span class='ocrx_word' id='word_1_373' title='bbox 3150 2319 3483 2373; x_wconf 74' lang='lat' dir='ltr'><strong><em>praeponere</em></strong></span> 
     </span>
    </p>
   </div>
   <div class='ocr_carea' id='block_1_55' title="bbox 1858 2393 3483 2467">
    <p class='ocr_par' dir='ltr' id='par_1_55' title="bbox 1858 2393 3483 2467">
     <span class='ocr_line' id='line_1_55' title="bbox 1858 2393 3483 2467; baseline 0.002 -19"><span class='ocrx_word' id='word_1_374' title='bbox 1858 2399 1914 2448; x_wconf 91' lang='lat' dir='ltr'><strong><em>et</em></strong></span> <span class='ocrx_word' id='word_1_375' title='bbox 1936 2395 2206 2465; x_wconf 69' lang='lat' dir='ltr'><strong><em>prmferre</em></strong></span> <span class='ocrx_word' id='word_1_376' title='bbox 2226 2393 2600 2461; x_wconf 88' lang='lat' dir='ltr'><strong><em>contendunt,</em></strong></span> <span class='ocrx_word' id='word_1_377' title='bbox 2627 2409 2739 2448; x_wconf 91' lang='lat' dir='ltr'><strong><em>non</em></strong></span> <span class='ocrx_word' id='word_1_378' title='bbox 2763 2394 3190 2451; x_wconf 88' lang='lat' dir='ltr'><strong><em>considerantes</em></strong></span> <span class='ocrx_word' id='word_1_379' title='bbox 3210 2398 3483 2467; x_wconf 88' lang='lat' dir='ltr'><strong><em>scriptum</em></strong></span> 
     </span>
    </p>
   </div>
   <div class='ocr_carea' id='block_1_56' title="bbox 1859 2487 3485 2562">
    <p class='ocr_par' dir='ltr' id='par_1_56' title="bbox 1859 2487 3485 2562">
     <span class='ocr_line' id='line_1_56' title="bbox 1859 2487 3485 2562; baseline 0.001 -17"><span class='ocrx_word' id='word_1_380' title='bbox 1859 2507 1981 2545; x_wconf 90' lang='lat' dir='ltr'><strong><em>esse</em></strong></span> <span class='ocrx_word' id='word_1_381' title='bbox 2016 2506 2028 2542; x_wconf 76' lang='grc' dir='ltr'>ε</span> <span class='ocrx_word' id='word_1_382' title='bbox 2071 2489 2176 2555; x_wconf 86' lang='lat' dir='ltr'><strong><em>Qui</em></strong></span> <span class='ocrx_word' id='word_1_383' title='bbox 2214 2488 2527 2557; x_wconf 84' lang='lat' dir='ltr'><strong><em>baptizatur</em></strong></span> <span class='ocrx_word' id='word_1_384' title='bbox 2571 2487 2679 2557; x_wconf 83' lang='lat'><strong><em>(35)</em></strong></span> <span class='ocrx_word' id='word_1_385' title='bbox 2730 2504 2764 2542; x_wconf 91' lang='lat' dir='ltr'><strong><em>a</em></strong></span> <span class='ocrx_word' id='word_1_386' title='bbox 2819 2496 3050 2553; x_wconf 82' lang='lat' dir='ltr'><strong><em>mortuo,</em></strong></span> <span class='ocrx_word' id='word_1_387' title='bbox 3110 2492 3249 2561; x_wconf 87' lang='lat' dir='ltr'><strong><em>quid</em></strong></span> <span class='ocrx_word' id='word_1_388' title='bbox 3272 2495 3485 2562; x_wconf 81' lang='lat' dir='ltr'><strong><em>proﬁcit</em></strong></span> 
     </span>
    </p>
   </div>
   <div class='ocr_carea' id='block_1_57' title="bbox 1860 2581 3485 2653">
    <p class='ocr_par' dir='ltr' id='par_1_57' title="bbox 1860 2581 3485 2653">
     <span class='ocr_line' id='line_1_57' title="bbox 1860 2581 3485 2653; baseline 0.002 -15"><span class='ocrx_word' id='word_1_389' title='bbox 1860 2584 2063 2638; x_wconf 87' lang='lat' dir='ltr'><strong><em>lavatio</em></strong></span> <span class='ocrx_word' id='word_1_390' title='bbox 2106 2582 2221 2650; x_wconf 88' lang='lat' dir='ltr'><strong><em>ejus</em></strong></span> <span class='ocrx_word' id='word_1_391' title='bbox 2244 2581 2290 2615; x_wconf 67' lang='grc'>⁶²</span> <span class='ocrx_word' id='word_1_392' title='bbox 2324 2582 2535 2652; x_wconf 84' lang='lat' dir='ltr'><strong><em>(Eccli.,</em></strong></span> <span class='ocrx_word' id='word_1_393' title='bbox 2565 2597 2749 2651; x_wconf 66' lang='grc' dir='ltr'><strong>χχχιιι,</strong></span> <span class='ocrx_word' id='word_1_394' title='bbox 2796 2584 2885 2653; x_wconf 88' lang='grc'><strong><em>30)</em></strong></span> <span class='ocrx_word' id='word_1_395' title='bbox 2914 2582 2942 2636; x_wconf 77' lang='lat' dir='ltr'><strong><em>‘l</em></strong></span> <span class='ocrx_word' id='word_1_396' title='bbox 2987 2584 3345 2639; x_wconf 85' lang='lat' dir='ltr'><strong><em>Manifestum</em></strong></span> <span class='ocrx_word' id='word_1_397' title='bbox 3403 2592 3485 2641; x_wconf 90' lang='lat' dir='ltr'><strong><em>est</em></strong></span> 
     </span>
    </p>
   </div>
   <div class='ocr_carea' id='block_1_58' title="bbox 1860 2675 3485 2746">
    <p class='ocr_par' dir='ltr' id='par_1_58' title="bbox 1860 2675 3485 2746">
     <span class='ocr_line' id='line_1_58' title="bbox 1860 2675 3485 2746; baseline 0.001 -15"><span class='ocrx_word' id='word_1_398' title='bbox 1860 2680 2051 2731; x_wconf 85' lang='lat' dir='ltr'><strong><em>autem</em></strong></span> <span class='ocrx_word' id='word_1_399' title='bbox 2080 2692 2173 2730; x_wconf 89' lang='lat' dir='ltr'><strong><em>eos</em></strong></span> <span class='ocrx_word' id='word_1_400' title='bbox 2205 2675 2301 2746; x_wconf 90' lang='lat' dir='ltr'><strong><em>qui</em></strong></span> <span class='ocrx_word' id='word_1_401' title='bbox 2327 2692 2446 2730; x_wconf 91' lang='lat' dir='ltr'><strong><em>non</em></strong></span> <span class='ocrx_word' id='word_1_402' title='bbox 2498 2681 2629 2729; x_wconf 89' lang='lat' dir='ltr'><strong><em>sunt</em></strong></span> <span class='ocrx_word' id='word_1_403' title='bbox 2681 2675 2739 2729; x_wconf 91' lang='lat' dir='ltr'><strong><em>in</em></strong></span> <span class='ocrx_word' id='word_1_404' title='bbox 2786 2677 3028 2733; x_wconf 87' lang='lat' dir='ltr'><strong><em>Ecclesia</em></strong></span> <span class='ocrx_word' id='word_1_405' title='bbox 3078 2677 3284 2732; x_wconf 87' lang='lat' dir='ltr'><strong><em>Christi</em></strong></span> <span class='ocrx_word' id='word_1_406' title='bbox 3335 2677 3485 2733; x_wconf 87' lang='lat' dir='ltr'><strong><em>inter</em></strong></span> 
     </span>
    </p>
   </div>
   <div class='ocr_carea' id='block_1_59' title="bbox 1859 2768 3480 2840">
    <p class='ocr_par' dir='ltr' id='par_1_59' title="bbox 1859 2768 3480 2840">
     <span class='ocr_line' id='line_1_59' title="bbox 1859 2768 3480 2840; baseline 0.002 -16"><span class='ocrx_word' id='word_1_407' title='bbox 1859 2776 2117 2824; x_wconf 90' lang='lat' dir='ltr'><strong><em>mortuos</em></strong></span> <span class='ocrx_word' id='word_1_408' title='bbox 2145 2768 2481 2840; x_wconf 86' lang='lat' dir='ltr'><strong><em>computari,</em></strong></span> <span class='ocrx_word' id='word_1_409' title='bbox 2516 2786 2621 2823; x_wconf 91' lang='lat' dir='ltr'><strong><em>nec</em></strong></span> <span class='ocrx_word' id='word_1_410' title='bbox 2648 2786 2811 2839; x_wconf 90' lang='lat' dir='ltr'><strong><em>posse</em></strong></span> <span class='ocrx_word' id='word_1_411' title='bbox 2843 2770 2912 2824; x_wconf 85' lang='lat' dir='ltr'><strong><em>ab</em></strong></span> <span class='ocrx_word' id='word_1_412' title='bbox 2944 2787 3009 2826; x_wconf 90' lang='lat' dir='ltr'><strong><em>eo</em></strong></span> <span class='ocrx_word' id='word_1_413' title='bbox 3038 2771 3307 2825; x_wconf 80' lang='lat' dir='ltr'><strong><em>viviﬁcari</em></strong></span> <span class='ocrx_word' id='word_1_414' title='bbox 3338 2773 3480 2827; x_wconf 88' lang='lat' dir='ltr'><strong><em>alte-</em></strong></span> 
     </span>
    </p>
   </div>
   <div class='ocr_carea' id='block_1_60' title="bbox 1859 2863 3481 2935">
    <p class='ocr_par' dir='ltr' id='par_1_60' title="bbox 1859 2863 3481 2935">
     <span class='ocr_line' id='line_1_60' title="bbox 1859 2863 3481 2935; baseline 0.001 -16"><span class='ocrx_word' id='word_1_415' title='bbox 1859 2882 1989 2920; x_wconf 89' lang='lat' dir='ltr'><strong><em>rum</em></strong></span> <span class='ocrx_word' id='word_1_416' title='bbox 2032 2864 2129 2935; x_wconf 90' lang='lat' dir='ltr'><strong><em>qui</em></strong></span> <span class='ocrx_word' id='word_1_417' title='bbox 2166 2863 2284 2933; x_wconf 90' lang='lat' dir='ltr'><strong><em>ipse</em></strong></span> <span class='ocrx_word' id='word_1_418' title='bbox 2335 2880 2446 2917; x_wconf 91' lang='lat' dir='ltr'><strong><em>non</em></strong></span> <span class='ocrx_word' id='word_1_419' title='bbox 2490 2863 2660 2925; x_wconf 82' lang='lat' dir='ltr'><strong><em>vivat,</em></strong></span> <span class='ocrx_word' id='word_1_420' title='bbox 2704 2864 2936 2935; x_wconf 86' lang='lat' dir='ltr'><strong><em>quando</em></strong></span> <span class='ocrx_word' id='word_1_421' title='bbox 2964 2880 3080 2919; x_wconf 86' lang='lat' dir='ltr'><strong><em>una</em></strong></span> <span class='ocrx_word' id='word_1_422' title='bbox 3113 2866 3185 2919; x_wconf 89' lang='lat' dir='ltr'><strong><em>sit</em></strong></span> <span class='ocrx_word' id='word_1_423' title='bbox 3215 2867 3481 2934; x_wconf 89' lang='lat' dir='ltr'><strong><em>Ecclesia,</em></strong></span> 
     </span>
    </p>
   </div>
   <div class='ocr_carea' id='block_1_61' title="bbox 160 2958 3488 3059">
    <p class='ocr_par' dir='ltr' id='par_1_61' title="bbox 160 2958 3488 3059">
     <span class='ocr_line' id='line_1_61' title="bbox 160 2958 3488 3059; baseline 0.005 -29"><span class='ocrx_word' id='word_1_424' title='bbox 160 2977 520 3035; x_wconf 84' lang='lat' dir='ltr'><strong><em>schismaticos</em></strong></span> <span class='ocrx_word' id='word_1_425' title='bbox 569 2981 843 3052; x_wconf 87' lang='lat' dir='ltr'><strong><em>baptizati</em></strong></span> <span class='ocrx_word' id='word_1_426' title='bbox 890 2958 1177 3039; x_wconf 74' lang='lat' dir='ltr'><strong><em>videntur.</em></strong></span> <span class='ocrx_word' id='word_1_427' title='bbox 1210 2958 1298 3039; x_wconf 31' lang='lat' dir='ltr'><strong><em>iDe</em></strong></span> <span class='ocrx_word' id='word_1_428' title='bbox 1364 3002 1473 3056; x_wconf 88' lang='lat' dir='ltr'><strong><em>qua</em></strong></span> <span class='ocrx_word' id='word_1_429' title='bbox 1518 3002 1577 3041; x_wconf 89' lang='lat' dir='ltr'><strong><em>re</em></strong></span> <span class='ocrx_word' id='word_1_430' title='bbox 1626 2987 1759 3057; x_wconf 91' lang='lat' dir='ltr'><strong><em>quid</em></strong></span> <span class='ocrx_word' id='word_1_431' title='bbox 1782 2984 1836 3057; x_wconf 84' lang='lat' dir='ltr'><strong><em>C</em></strong></span> <span class='ocrx_word' id='word_1_432' title='bbox 1861 2976 1987 3031; x_wconf 65' lang='lat' dir='ltr'><strong><em>qmB</em></strong></span> <span class='ocrx_word' id='word_1_433' title='bbox 2007 2960 2133 3059; x_wconf 38' lang='lat' dir='ltr'><strong><em>Vit?</em></strong></span> <span class='ocrx_word' id='word_1_434' title='bbox 2153 2958 2981 3059; x_wconf 38' lang='grc' dir='ltr'><strong><em>,ωξξθτᾳδῖδῗδίίδω-θθθδθουω</em></strong></span> <span class='ocrx_word' id='word_1_435' title='bbox 3008 2963 3065 3013; x_wconf 67' lang='lat' dir='ltr'><strong><em>et</em></strong></span> <span class='ocrx_word' id='word_1_436' title='bbox 3084 2959 3223 3014; x_wconf 55' lang='lat' dir='ltr'><strong><em>mm</em></strong></span> <span class='ocrx_word' id='word_1_437' title='bbox 3244 2960 3300 3014; x_wconf 64' lang='lat' dir='ltr'><strong><em>in</em></strong></span> <span class='ocrx_word' id='word_1_438' title='bbox 3327 2964 3488 3014; x_wconf 47' lang='grc' dir='ltr'><strong><em>Μετ’</em></strong></span> 
     </span>
    </p>
   </div>
   <div class='ocr_carea' id='block_1_62' title="bbox 159 3050 2803 3150">
    <p class='ocr_par' dir='ltr' id='par_1_62' title="bbox 159 3050 2803 3150">
     <span class='ocr_line' id='line_1_62' title="bbox 159 3050 2803 3150; baseline -0.007 -26"><span class='ocrx_word' id='word_1_439' title='bbox 159 3086 315 3140; x_wconf 81' lang='lat' dir='ltr'><strong><em>nuper</em></strong></span> <span class='ocrx_word' id='word_1_440' title='bbox 369 3075 429 3128; x_wconf 81' lang='lat' dir='ltr'><strong><em>in</em></strong></span> <span class='ocrx_word' id='word_1_441' title='bbox 478 3050 717 3130; x_wconf 64' lang='lat' dir='ltr'><strong><em>concilio</em></strong></span> <span class='ocrx_word' id='word_1_442' title='bbox 784 3076 891 3147; x_wconf 75' lang='lat' dir='ltr'><strong><em>(3o)</em></strong></span> <span class='ocrx_word' id='word_1_443' title='bbox 945 3077 1176 3147; x_wconf 64' lang='lat' dir='ltr'><strong><em>plurimi</em></strong></span> <span class='ocrx_word' id='word_1_444' title='bbox 1238 3050 1573 3150; x_wconf 50' lang='lat' dir='ltr'><strong><em>coepiscopi,</em></strong></span> <span class='ocrx_word' id='word_1_445' title='bbox 1629 3050 1759 3133; x_wconf 39' lang='lat' dir='ltr'><strong><em>sum</em></strong></span> <span class='ocrx_word' id='word_1_446' title='bbox 1794 3050 2000 3109; x_wconf 56' lang='lat' dir='ltr'><strong><em>&#39;num</em></strong></span> <span class='ocrx_word' id='word_1_447' title='bbox 2032 3056 2088 3106; x_wconf 87' lang='lat' dir='ltr'><strong><em>et</em></strong></span> <span class='ocrx_word' id='word_1_448' title='bbox 2112 3050 2351 3105; x_wconf 85' lang='lat' dir='ltr'><strong><em>vivificat</em></strong></span> <span class='ocrx_word' id='word_1_449' title='bbox 2382 3051 2479 3104; x_wconf 87' lang='lat' dir='ltr'><strong><em>Dei</em></strong></span> <span class='ocrx_word' id='word_1_450' title='bbox 2509 3051 2803 3122; x_wconf 88' lang='lat' dir='ltr'><strong><em>populum.</em></strong></span> 
     </span>
    </p>
   </div>
   <div class='ocr_carea' id='block_1_63' title="bbox 161 3166 1762 3244">
    <p class='ocr_par' dir='ltr' id='par_1_63' title="bbox 161 3166 1762 3244">
     <span class='ocr_line' id='line_1_63' title="bbox 161 3166 1762 3244; baseline 0.005 -27"><span class='ocrx_word' id='word_1_451' title='bbox 161 3166 614 3238; x_wconf 85' lang='lat' dir='ltr'><strong><em>compresbyteris</em></strong></span> <span class='ocrx_word' id='word_1_452' title='bbox 643 3170 740 3239; x_wconf 89' lang='lat' dir='ltr'><strong><em>qui</em></strong></span> <span class='ocrx_word' id='word_1_453' title='bbox 772 3170 1027 3237; x_wconf 86' lang='lat' dir='ltr'><strong><em>aderant,</em></strong></span> <span class='ocrx_word' id='word_1_454' title='bbox 1058 3171 1447 3226; x_wconf 88' lang='lat' dir='ltr'><strong><em>censuerimus</em></strong></span> <span class='ocrx_word' id='word_1_455' title='bbox 1476 3171 1669 3244; x_wconf 82' lang='grc'><strong><em>409</em></strong></span> <span class='ocrx_word' id='word_1_456' title='bbox 1698 3175 1762 3227; x_wconf 90' lang='lat' dir='ltr'><strong><em>ut</em></strong></span> 
     </span>
    </p>
   </div>
   <div class='ocr_carea' id='block_1_64' title="bbox 160 3259 1758 3335">
    <p class='ocr_par' dir='ltr' id='par_1_64' title="bbox 160 3259 1758 3335">
     <span class='ocr_line' id='line_1_64' title="bbox 160 3259 1758 3335; baseline 0.006 -24"><span class='ocrx_word' id='word_1_457' title='bbox 160 3259 319 3325; x_wconf 81' lang='lat' dir='ltr'><strong><em>scires,</em></strong></span> <span class='ocrx_word' id='word_1_458' title='bbox 339 3261 601 3330; x_wconf 87' lang='lat' dir='ltr'><strong><em>ejusdem</em></strong></span> <span class='ocrx_word' id='word_1_459' title='bbox 634 3262 885 3333; x_wconf 68' lang='lat' dir='ltr'><strong><em>epistolae</em></strong></span> <span class='ocrx_word' id='word_1_460' title='bbox 912 3265 1239 3335; x_wconf 83' lang='lat' dir='ltr'><strong><em>exemplum</em></strong></span> <span class='ocrx_word' id='word_1_461' title='bbox 1262 3265 1362 3319; x_wconf 92' lang='lat' dir='ltr'><strong><em>tibi</em></strong></span> <span class='ocrx_word' id='word_1_462' title='bbox 1384 3266 1530 3319; x_wconf 89' lang='lat' dir='ltr'><strong><em>misi.</em></strong></span> <span class='ocrx_word' id='word_1_463' title='bbox 1560 3266 1758 3319; x_wconf 87' lang='lat' dir='ltr'><strong><em>Nescio</em></strong></span> 
     </span>
    </p>
   </div>
   <div class='ocr_carea' id='block_1_65' title="bbox 159 3351 1758 3429">
    <p class='ocr_par' dir='ltr' id='par_1_65' title="bbox 159 3351 1758 3429">
     <span class='ocr_line' id='line_1_65' title="bbox 159 3351 1758 3429; baseline 0.005 -25"><span class='ocrx_word' id='word_1_464' title='bbox 159 3351 339 3406; x_wconf 84' lang='lat' dir='ltr'><strong><em>etenim</em></strong></span> <span class='ocrx_word' id='word_1_465' title='bbox 398 3370 513 3425; x_wconf 89' lang='lat' dir='ltr'><strong><em>qua</em></strong></span> <span class='ocrx_word' id='word_1_466' title='bbox 568 3356 1016 3426; x_wconf 74' lang='lat' dir='ltr'><strong><em>praesumptione</em></strong></span> <span class='ocrx_word' id='word_1_467' title='bbox 1064 3357 1350 3412; x_wconf 89' lang='lat' dir='ltr'><strong><em>ducuntur</em></strong></span> <span class='ocrx_word' id='word_1_468' title='bbox 1398 3359 1633 3429; x_wconf 87' lang='lat' dir='ltr'><strong><em>quidam</em></strong></span> <span class='ocrx_word' id='word_1_469' title='bbox 1688 3359 1758 3412; x_wconf 89' lang='lat' dir='ltr'><strong><em>de</em></strong></span> 
     </span>
    </p>
   </div>
   <div class='ocr_carea' id='block_1_66' title="bbox 159 3445 1756 3523">
    <p class='ocr_par' dir='ltr' id='par_1_66' title="bbox 159 3445 1756 3523">
     <span class='ocr_line' id='line_1_66' title="bbox 159 3445 1756 3523; baseline 0.007 -28"><span class='ocrx_word' id='word_1_470' title='bbox 159 3445 357 3516; x_wconf 76' lang='lat' dir='ltr'><strong><em>collegis</em></strong></span> <span class='ocrx_word' id='word_1_471' title='bbox 386 3448 498 3517; x_wconf 84' lang='grc'>(31)</span> <span class='ocrx_word' id='word_1_472' title='bbox 534 3449 758 3516; x_wconf 85' lang='lat' dir='ltr'><strong><em>nostris,</em></strong></span> <span class='ocrx_word' id='word_1_473' title='bbox 785 3453 845 3503; x_wconf 89' lang='lat' dir='ltr'><strong><em>ut</em></strong></span> <span class='ocrx_word' id='word_1_474' title='bbox 871 3454 1075 3505; x_wconf 89' lang='lat' dir='ltr'><strong><em>nutent</em></strong></span> <span class='ocrx_word' id='word_1_475' title='bbox 1102 3468 1197 3506; x_wconf 87' lang='lat' dir='ltr'><strong><em>eos</em></strong></span> <span class='ocrx_word' id='word_1_476' title='bbox 1224 3452 1320 3523; x_wconf 87' lang='lat' dir='ltr'><strong><em>qui</em></strong></span> <span class='ocrx_word' id='word_1_477' title='bbox 1350 3453 1500 3523; x_wconf 90' lang='lat' dir='ltr'><strong><em>apud</em></strong></span> <span class='ocrx_word' id='word_1_478' title='bbox 1530 3454 1756 3508; x_wconf 72' lang='lat' dir='ltr'><strong><em>haereti-</em></strong></span> 
     </span>
    </p>
   </div>
   <div class='ocr_carea' id='block_1_67' title="bbox 1932 3166 3486 3225">
    <p class='ocr_par' dir='ltr' id='par_1_67' title="bbox 1932 3166 3486 3225">
     <span class='ocr_line' id='line_1_67' title="bbox 1932 3166 3486 3225; baseline 0.001 -1"><span class='ocrx_word' id='word_1_479' title='bbox 1932 3173 1995 3225; x_wconf 82' lang='grc' dir='ltr'><strong><em>ΙΙ.</em></strong></span> <span class='ocrx_word' id='word_1_480' title='bbox 2034 3172 2100 3225; x_wconf 87' lang='lat' dir='ltr'><strong><em>Et</em></strong></span> <span class='ocrx_word' id='word_1_481' title='bbox 2127 3169 2324 3223; x_wconf 90' lang='lat' dir='ltr'><strong><em>dicunt</em></strong></span> <span class='ocrx_word' id='word_1_482' title='bbox 2368 3184 2427 3221; x_wconf 92' lang='lat' dir='ltr'><strong><em>se</em></strong></span> <span class='ocrx_word' id='word_1_483' title='bbox 2470 3166 2527 3220; x_wconf 89' lang='lat' dir='ltr'><strong><em>in</em></strong></span> <span class='ocrx_word' id='word_1_484' title='bbox 2584 3168 2687 3220; x_wconf 91' lang='lat' dir='ltr'><strong><em>hoc</em></strong></span> <span class='ocrx_word' id='word_1_485' title='bbox 2731 3173 2982 3222; x_wconf 86' lang='lat' dir='ltr'><strong><em>veterem</em></strong></span> <span class='ocrx_word' id='word_1_486' title='bbox 3015 3168 3486 3225; x_wconf 87' lang='lat' dir='ltr'><strong><em>consuetudinem</em></strong></span> 
     </span>
    </p>
   </div>
   <div class='ocr_carea' id='block_1_68' title="bbox 1860 3261 3482 3335">
    <p class='ocr_par' dir='ltr' id='par_1_68' title="bbox 1860 3261 3482 3335">
     <span class='ocr_line' id='line_1_68' title="bbox 1860 3261 3482 3335; baseline 0.001 -17"><span class='ocrx_word' id='word_1_487' title='bbox 1860 3266 2043 3335; x_wconf 88' lang='lat' dir='ltr'><strong><em>sequi,</em></strong></span> <span class='ocrx_word' id='word_1_488' title='bbox 2074 3262 2302 3334; x_wconf 86' lang='lat' dir='ltr'><strong><em>quando</em></strong></span> <span class='ocrx_word' id='word_1_489' title='bbox 2333 3261 2481 3332; x_wconf 88' lang='lat' dir='ltr'><strong><em>apud</em></strong></span> <span class='ocrx_word' id='word_1_490' title='bbox 2522 3267 2739 3316; x_wconf 89' lang='lat' dir='ltr'><strong><em>veteres</em></strong></span> <span class='ocrx_word' id='word_1_491' title='bbox 2790 3261 3075 3317; x_wconf 63' lang='lat' dir='ltr'><strong><em>haereseos</em></strong></span> <span class='ocrx_word' id='word_1_492' title='bbox 3105 3269 3162 3318; x_wconf 90' lang='lat' dir='ltr'><strong><em>et</em></strong></span> <span class='ocrx_word' id='word_1_493' title='bbox 3213 3264 3482 3319; x_wconf 88' lang='lat' dir='ltr'><strong><em>schisma-</em></strong></span> 
     </span>
    </p>
   </div>
   <div class='ocr_carea' id='block_1_69' title="bbox 1860 3355 3488 3428">
    <p class='ocr_par' dir='ltr' id='par_1_69' title="bbox 1860 3355 3488 3428">
     <span class='ocr_line' id='line_1_69' title="bbox 1860 3355 3488 3428; baseline 0.001 -15"><span class='ocrx_word' id='word_1_494' title='bbox 1860 3363 1979 3413; x_wconf 89' lang='lat' dir='ltr'><strong><em>tum</em></strong></span> <span class='ocrx_word' id='word_1_495' title='bbox 2034 3358 2223 3428; x_wconf 89' lang='lat' dir='ltr'><strong><em>prima</em></strong></span> <span class='ocrx_word' id='word_1_496' title='bbox 2279 3356 2465 3410; x_wconf 87' lang='lat' dir='ltr'><strong><em>adhuc</em></strong></span> <span class='ocrx_word' id='word_1_497' title='bbox 2510 3355 2721 3410; x_wconf 87' lang='lat' dir='ltr'><strong><em>fuerint</em></strong></span> <span class='ocrx_word' id='word_1_498' title='bbox 2748 3355 2926 3424; x_wconf 89' lang='lat' dir='ltr'><strong><em>initia,</em></strong></span> <span class='ocrx_word' id='word_1_499' title='bbox 2957 3360 3021 3410; x_wconf 90' lang='lat' dir='ltr'><strong><em>ut</em></strong></span> <span class='ocrx_word' id='word_1_500' title='bbox 3074 3356 3131 3411; x_wconf 90' lang='lat' dir='ltr'><strong><em>hi</em></strong></span> <span class='ocrx_word' id='word_1_501' title='bbox 3163 3357 3274 3413; x_wconf 91' lang='lat' dir='ltr'><strong><em>illic</em></strong></span> <span class='ocrx_word' id='word_1_502' title='bbox 3300 3365 3488 3414; x_wconf 86' lang='lat' dir='ltr'><strong><em>essent</em></strong></span> 
     </span>
    </p>
   </div>
   <div class='ocr_carea' id='block_1_70' title="bbox 1859 3448 3487 3523">
    <p class='ocr_par' dir='ltr' id='par_1_70' title="bbox 1859 3448 3487 3523">
     <span class='ocr_line' id='line_1_70' title="bbox 1859 3448 3487 3523; baseline 0.001 -17"><span class='ocrx_word' id='word_1_503' title='bbox 1859 3454 1956 3523; x_wconf 89' lang='lat' dir='ltr'><strong><em>qui</em></strong></span> <span class='ocrx_word' id='word_1_504' title='bbox 2010 3452 2080 3505; x_wconf 86' lang='lat' dir='ltr'><strong><em>de</em></strong></span> <span class='ocrx_word' id='word_1_505' title='bbox 2125 3451 2374 3505; x_wconf 86' lang='lat' dir='ltr'><strong><em>Ecclesia</em></strong></span> <span class='ocrx_word' id='word_1_506' title='bbox 2421 3448 2781 3516; x_wconf 81' lang='lat' dir='ltr'><strong><em>recedebant,</em></strong></span> <span class='ocrx_word' id='word_1_507' title='bbox 2817 3454 2874 3503; x_wconf 89' lang='lat' dir='ltr'><strong><em>et</em></strong></span> <span class='ocrx_word' id='word_1_508' title='bbox 2908 3450 2995 3503; x_wconf 87' lang='lat' dir='ltr'><strong><em>hic</em></strong></span> <span class='ocrx_word' id='word_1_509' title='bbox 3028 3450 3298 3521; x_wconf 88' lang='lat' dir='ltr'><strong><em>baptizati</em></strong></span> <span class='ocrx_word' id='word_1_510' title='bbox 3330 3453 3487 3523; x_wconf 88' lang='lat' dir='ltr'><strong><em>prius</em></strong></span> 
     </span>
    </p>
   </div>
   <div class='ocr_carea' id='block_1_71' title="bbox 1529 3565 2129 3629">
    <p class='ocr_par' dir='ltr' id='par_1_71' title="bbox 1529 3565 2129 3629">
     <span class='ocr_line' id='line_1_71' title="bbox 1529 3565 2129 3629; baseline -0.005 0"><span class='ocrx_word' id='word_1_511' title='bbox 1529 3566 1739 3629; x_wconf 76' lang='lat' dir='ltr'><strong><em>Variae</em></strong></span> <span class='ocrx_word' id='word_1_512' title='bbox 1793 3565 2129 3628; x_wconf 88' lang='lat' dir='ltr'><strong><em>lectiones.</em></strong></span> 
     </span>
    </p>
   </div>
   <div class='ocr_carea' id='block_1_72' title="bbox 204 3681 1535 3737">
    <p class='ocr_par' dir='ltr' id='par_1_72' title="bbox 204 3681 1535 3737">
     <span class='ocr_line' id='line_1_72' title="bbox 204 3681 1535 3737; baseline 0.004 -7"><span class='ocrx_word' id='word_1_513' title='bbox 204 3682 239 3711; x_wconf 85' lang='grc'><strong><em>⁴¹</em></strong></span> <span class='ocrx_word' id='word_1_514' title='bbox 269 3681 332 3731; x_wconf 86' lang='lat' dir='ltr'><strong><em>Et</em></strong></span> <span class='ocrx_word' id='word_1_515' title='bbox 356 3682 748 3734; x_wconf 84' lang='lat' dir='ltr'><strong><em>schismaticos</em></strong></span> <span class='ocrx_word' id='word_1_516' title='bbox 772 3686 911 3735; x_wconf 86' lang='lat' dir='ltr'><strong><em>Lam.</em></strong></span> <span class='ocrx_word' id='word_1_517' title='bbox 942 3684 1096 3736; x_wconf 81' lang='lat' dir='ltr'><strong><em>Ebor.</em></strong></span> <span class='ocrx_word' id='word_1_518' title='bbox 1122 3687 1229 3737; x_wconf 78' lang='grc' dir='ltr'><strong><em>ΝΟ.</em></strong></span> <span class='ocrx_word' id='word_1_519' title='bbox 1264 3689 1307 3736; x_wconf 86' lang='grc'>1.</span> <span class='ocrx_word' id='word_1_520' title='bbox 1336 3688 1461 3737; x_wconf 86' lang='lat' dir='ltr'><strong><em>Bod.</em></strong></span> <span class='ocrx_word' id='word_1_521' title='bbox 1488 3688 1535 3737; x_wconf 68' lang='lat'><strong><em>2.</em></strong></span> 
     </span>
    </p>
   </div>
   <div class='ocr_carea' id='block_1_73' title="bbox 1626 3685 2359 3737">
    <p class='ocr_par' dir='ltr' id='par_1_73' title="bbox 1626 3685 2359 3737">
     <span class='ocr_line' id='line_1_73' title="bbox 1626 3685 2359 3737; baseline -0.003 -2"><span class='ocrx_word' id='word_1_522' title='bbox 1626 3690 1667 3721; x_wconf 63' lang='grc' dir='ltr'>υ</span> <span class='ocrx_word' id='word_1_523' title='bbox 1693 3686 1989 3737; x_wconf 83' lang='lat' dir='ltr'><strong><em>Lavatione</em></strong></span> <span class='ocrx_word' id='word_1_524' title='bbox 2022 3685 2145 3735; x_wconf 89' lang='lat' dir='ltr'><strong><em>Bod.</em></strong></span> <span class='ocrx_word' id='word_1_525' title='bbox 2182 3688 2224 3734; x_wconf 90' lang='lat'><strong><em>1.</em></strong></span> <span class='ocrx_word' id='word_1_526' title='bbox 2253 3687 2359 3734; x_wconf 82' lang='lat' dir='ltr'><strong><em>Lin.</em></strong></span> 
     </span>
    </p>
   </div>
   <div class='ocr_carea' id='block_1_74' title="bbox 1429 3807 2188 3890">
    <p class='ocr_par' dir='ltr' id='par_1_74' title="bbox 1429 3807 2188 3890">
     <span class='ocr_line' id='line_1_74' title="bbox 1429 3807 2188 3890; baseline -0.008 -18"><span class='ocrx_word' id='word_1_527' title='bbox 1429 3808 1655 3890; x_wconf 90' lang='lat' dir='ltr'><strong><em>Steph.</em></strong></span> <span class='ocrx_word' id='word_1_528' title='bbox 1705 3807 1948 3872; x_wconf 89' lang='lat' dir='ltr'><strong><em>Baluzii</em></strong></span> <span class='ocrx_word' id='word_1_529' title='bbox 1995 3813 2188 3870; x_wconf 68' lang='lat' dir='ltr'><strong><em>noue.</em></strong></span> 
     </span>
    </p>
   </div>
   <div class='ocr_carea' id='block_1_75' title="bbox 208 3912 1759 3980">
    <p class='ocr_par' dir='ltr' id='par_1_75' title="bbox 208 3912 1759 3980">
     <span class='ocr_line' id='line_1_75' title="bbox 208 3912 1759 3980; baseline 0.003 -17"><span class='ocrx_word' id='word_1_530' title='bbox 208 3912 288 3977; x_wconf 67' lang='lat'><strong><em>(27]</em></strong></span> <span class='ocrx_word' id='word_1_531' title='bbox 316 3916 497 3980; x_wconf 83' lang='lat' dir='ltr'><strong><em>Hujus</em></strong></span> <span class='ocrx_word' id='word_1_532' title='bbox 534 3914 799 3980; x_wconf 69' lang='lat' dir='ltr'><strong><em>Epistolm</em></strong></span> <span class='ocrx_word' id='word_1_533' title='bbox 832 3918 1005 3980; x_wconf 86' lang='lat' dir='ltr'><strong><em>prima</em></strong></span> <span class='ocrx_word' id='word_1_534' title='bbox 1032 3917 1202 3968; x_wconf 89' lang='lat' dir='ltr'><strong><em>editio</em></strong></span> <span class='ocrx_word' id='word_1_535' title='bbox 1238 3917 1473 3968; x_wconf 84' lang='lat' dir='ltr'><strong><em>debetur</em></strong></span> <span class='ocrx_word' id='word_1_536' title='bbox 1510 3917 1759 3977; x_wconf 85' lang='lat' dir='ltr'><strong><em>Erasmo,</em></strong></span> 
     </span>
    </p>
   </div>
   <div class='ocr_carea' id='block_1_76' title="bbox 159 3986 1764 4053">
    <p class='ocr_par' dir='ltr' id='par_1_76' title="bbox 159 3986 1764 4053">
     <span class='ocr_line' id='line_1_76' title="bbox 159 3986 1764 4053; baseline 0.004 -21"><span class='ocrx_word' id='word_1_537' title='bbox 159 3987 237 4046; x_wconf 87' lang='lat' dir='ltr'><strong><em>qui</em></strong></span> <span class='ocrx_word' id='word_1_538' title='bbox 278 3988 422 4036; x_wconf 87' lang='lat' dir='ltr'><strong><em>illam</em></strong></span> <span class='ocrx_word' id='word_1_539' title='bbox 486 3986 666 4036; x_wconf 88' lang='lat' dir='ltr'><strong><em>edidit</em></strong></span> <span class='ocrx_word' id='word_1_540' title='bbox 725 4000 871 4037; x_wconf 88' lang='lat' dir='ltr'><strong><em>anno</em></strong></span> <span class='ocrx_word' id='word_1_541' title='bbox 938 3989 1079 4038; x_wconf 78' lang='grc'>1519.</span> <span class='ocrx_word' id='word_1_542' title='bbox 1130 3988 1336 4038; x_wconf 90' lang='lat' dir='ltr'><strong><em>Verum</em></strong></span> <span class='ocrx_word' id='word_1_543' title='bbox 1393 4002 1522 4053; x_wconf 86' lang='lat' dir='ltr'><strong><em>quia</em></strong></span> <span class='ocrx_word' id='word_1_544' title='bbox 1585 3993 1764 4039; x_wconf 81' lang='lat' dir='ltr'><strong><em>exstat</em></strong></span> 
     </span>
    </p>
   </div>
   <div class='ocr_carea' id='block_1_77' title="bbox 159 4059 1761 4124">
    <p class='ocr_par' dir='ltr' id='par_1_77' title="bbox 159 4059 1761 4124">
     <span class='ocr_line' id='line_1_77' title="bbox 159 4059 1761 4124; baseline 0.005 -23"><span class='ocrx_word' id='word_1_545' title='bbox 159 4061 284 4104; x_wconf 82' lang='lat' dir='ltr'><strong><em>extra</em></strong></span> <span class='ocrx_word' id='word_1_546' title='bbox 309 4059 563 4108; x_wconf 86' lang='lat' dir='ltr'><strong><em>ordinem</em></strong></span> <span class='ocrx_word' id='word_1_547' title='bbox 594 4059 987 4122; x_wconf 87' lang='lat' dir='ltr'><strong><em>Epistolarum,</em></strong></span> <span class='ocrx_word' id='word_1_548' title='bbox 1016 4064 1071 4111; x_wconf 87' lang='lat' dir='ltr'><strong><em>et</em></strong></span> <span class='ocrx_word' id='word_1_549' title='bbox 1104 4062 1279 4124; x_wconf 88' lang='lat' dir='ltr'><strong><em>posita</em></strong></span> <span class='ocrx_word' id='word_1_550' title='bbox 1311 4065 1391 4109; x_wconf 91' lang='lat' dir='ltr'><strong><em>est</em></strong></span> <span class='ocrx_word' id='word_1_551' title='bbox 1431 4065 1553 4124; x_wconf 84' lang='lat' dir='ltr'><strong><em>post</em></strong></span> <span class='ocrx_word' id='word_1_552' title='bbox 1593 4061 1761 4110; x_wconf 88' lang='lat' dir='ltr'><strong><em>libros</em></strong></span> 
     </span>
    </p>
   </div>
   <div class='ocr_carea' id='block_1_78' title="bbox 164 4125 1758 4193">
    <p class='ocr_par' dir='ltr' id='par_1_78' title="bbox 164 4125 1758 4193">
     <span class='ocr_line' id='line_1_78' title="bbox 164 4125 1758 4193; baseline 0.004 -20"><span class='ocrx_word' id='word_1_553' title='bbox 164 4125 589 4189; x_wconf 68' lang='lat' dir='ltr'><strong><em>Testimoniorum,</em></strong></span> <span class='ocrx_word' id='word_1_554' title='bbox 635 4133 757 4192; x_wconf 90' lang='lat' dir='ltr'><strong><em>post</em></strong></span> <span class='ocrx_word' id='word_1_555' title='bbox 800 4130 1079 4193; x_wconf 88' lang='lat' dir='ltr'><strong><em>Epistolas</em></strong></span> <span class='ocrx_word' id='word_1_556' title='bbox 1121 4131 1187 4180; x_wconf 86' lang='lat' dir='ltr'><strong><em>ad</em></strong></span> <span class='ocrx_word' id='word_1_557' title='bbox 1225 4132 1560 4181; x_wconf 85' lang='lat' dir='ltr'><strong><em>Jubaianum</em></strong></span> <span class='ocrx_word' id='word_1_558' title='bbox 1597 4136 1651 4182; x_wconf 84' lang='lat' dir='ltr'><strong><em>et</em></strong></span> <span class='ocrx_word' id='word_1_559' title='bbox 1690 4131 1758 4181; x_wconf 88' lang='lat' dir='ltr'><strong><em>ad</em></strong></span> 
     </span>
    </p>
   </div>
   <div class='ocr_carea' id='block_1_79' title="bbox 162 4197 1759 4263">
    <p class='ocr_par' dir='ltr' id='par_1_79' title="bbox 162 4197 1759 4263">
     <span class='ocr_line' id='line_1_79' title="bbox 162 4197 1759 4263; baseline 0.004 -18"><span class='ocrx_word' id='word_1_560' title='bbox 162 4197 475 4263; x_wconf 87' lang='lat' dir='ltr'><strong><em>Pompeium,</em></strong></span> <span class='ocrx_word' id='word_1_561' title='bbox 536 4215 646 4250; x_wconf 88' lang='lat' dir='ltr'><strong><em>non</em></strong></span> <span class='ocrx_word' id='word_1_562' title='bbox 701 4201 1147 4252; x_wconf 85' lang='lat' dir='ltr'><strong><em>animadvertens</em></strong></span> <span class='ocrx_word' id='word_1_563' title='bbox 1188 4203 1400 4252; x_wconf 91' lang='lat' dir='ltr'><strong><em>Eckius</em></strong></span> <span class='ocrx_word' id='word_1_564' title='bbox 1446 4204 1597 4252; x_wconf 85' lang='lat' dir='ltr'><strong><em>illam</em></strong></span> <span class='ocrx_word' id='word_1_565' title='bbox 1636 4216 1759 4252; x_wconf 87' lang='lat' dir='ltr'><strong><em>esse</em></strong></span> 
     </span>
    </p>
   </div>
   <div class='ocr_carea' id='block_1_80' title="bbox 161 4272 1760 4337">
    <p class='ocr_par' dir='ltr' id='par_1_80' title="bbox 161 4272 1760 4337">
     <span class='ocr_line' id='line_1_80' title="bbox 161 4272 1760 4337; baseline 0.004 -22"><span class='ocrx_word' id='word_1_566' title='bbox 161 4274 284 4337; x_wconf 81' lang='lat' dir='ltr'><strong><em>extra</em></strong></span> <span class='ocrx_word' id='word_1_567' title='bbox 325 4286 627 4321; x_wconf 87' lang='lat' dir='ltr'><strong><em>numerum</em></strong></span> <span class='ocrx_word' id='word_1_568' title='bbox 670 4272 1062 4335; x_wconf 87' lang='lat' dir='ltr'><strong><em>Epistolarum,</em></strong></span> <span class='ocrx_word' id='word_1_569' title='bbox 1107 4287 1236 4323; x_wconf 91' lang='lat' dir='ltr'><strong><em>cum</em></strong></span> <span class='ocrx_word' id='word_1_570' title='bbox 1279 4274 1428 4324; x_wconf 90' lang='lat' dir='ltr'><strong><em>illius</em></strong></span> <span class='ocrx_word' id='word_1_571' title='bbox 1477 4276 1760 4337; x_wconf 78' lang='lat' dir='ltr'><strong><em>exemplar</em></strong></span> 
     </span>
    </p>
   </div>
   <div class='ocr_carea' id='block_1_81' title="bbox 161 4336 1759 4406">
    <p class='ocr_par' dir='ltr' id='par_1_81' title="bbox 161 4336 1759 4406">
     <span class='ocr_line' id='line_1_81' title="bbox 161 4336 1759 4406; baseline 0.004 -20"><span class='ocrx_word' id='word_1_572' title='bbox 161 4336 373 4403; x_wconf 82' lang='lat' dir='ltr'><strong><em>haberet,</em></strong></span> <span class='ocrx_word' id='word_1_573' title='bbox 403 4356 471 4391; x_wconf 85' lang='lat' dir='ltr'><strong><em>ex</em></strong></span> <span class='ocrx_word' id='word_1_574' title='bbox 510 4354 575 4391; x_wconf 90' lang='lat' dir='ltr'><strong><em>ea</em></strong></span> <span class='ocrx_word' id='word_1_575' title='bbox 623 4347 884 4405; x_wconf 85' lang='lat' dir='ltr'><strong><em>tanquam</em></strong></span> <span class='ocrx_word' id='word_1_576' title='bbox 926 4343 1131 4393; x_wconf 85' lang='lat' dir='ltr'><strong><em>inedita</em></strong></span> <span class='ocrx_word' id='word_1_577' title='bbox 1166 4346 1535 4406; x_wconf 77' lang='lat' dir='ltr'><strong><em>fragmentum</em></strong></span> <span class='ocrx_word' id='word_1_578' title='bbox 1575 4336 1759 4394; x_wconf 74' lang='lat' dir='ltr'><strong><em>attulit</em></strong></span> 
     </span>
    </p>
   </div>
   <div class='ocr_carea' id='block_1_82' title="bbox 162 4411 1759 4480">
    <p class='ocr_par' dir='ltr' id='par_1_82' title="bbox 162 4411 1759 4480">
     <span class='ocr_line' id='line_1_82' title="bbox 162 4411 1759 4480; baseline 0.005 -23"><span class='ocrx_word' id='word_1_579' title='bbox 162 4411 204 4457; x_wconf 87' lang='lat' dir='ltr'><strong><em>in</em></strong></span> <span class='ocrx_word' id='word_1_580' title='bbox 244 4412 371 4462; x_wconf 89' lang='lat' dir='ltr'><strong><em>libro</em></strong></span> <span class='ocrx_word' id='word_1_581' title='bbox 405 4428 463 4474; x_wconf 90' lang='grc' dir='ltr'><strong>ιι,</strong></span> <span class='ocrx_word' id='word_1_582' title='bbox 508 4427 631 4476; x_wconf 83' lang='lat' dir='ltr'><strong><em>cap.</em></strong></span> <span class='ocrx_word' id='word_1_583' title='bbox 674 4416 718 4474; x_wconf 88' lang='lat'><strong><em>1,</em></strong></span> <span class='ocrx_word' id='word_1_584' title='bbox 763 4414 829 4464; x_wconf 89' lang='lat' dir='ltr'><strong><em>de</em></strong></span> <span class='ocrx_word' id='word_1_585' title='bbox 876 4415 1116 4465; x_wconf 80' lang='lat' dir='ltr'><strong><em>Primam</em></strong></span> <span class='ocrx_word' id='word_1_586' title='bbox 1166 4416 1345 4479; x_wconf 78' lang='lat' dir='ltr'><strong><em>Papae,</em></strong></span> <span class='ocrx_word' id='word_1_587' title='bbox 1390 4421 1443 4465; x_wconf 87' lang='lat' dir='ltr'><strong><em>et</em></strong></span> <span class='ocrx_word' id='word_1_588' title='bbox 1503 4417 1759 4480; x_wconf 61' lang='lat' dir='ltr'><strong><em>quendam</em></strong></span> 
     </span>
    </p>
   </div>
   <div class='ocr_carea' id='block_1_83' title="bbox 162 4481 1761 4550">
    <p class='ocr_par' dir='ltr' id='par_1_83' title="bbox 162 4481 1761 4550">
     <span class='ocr_line' id='line_1_83' title="bbox 162 4481 1761 4550; baseline 0.004 -23"><span class='ocrx_word' id='word_1_589' title='bbox 162 4481 257 4541; x_wconf 87' lang='lat' dir='ltr'><strong><em>ejus</em></strong></span> <span class='ocrx_word' id='word_1_590' title='bbox 304 4484 467 4533; x_wconf 85' lang='lat' dir='ltr'><strong><em>verba</em></strong></span> <span class='ocrx_word' id='word_1_591' title='bbox 524 4483 785 4534; x_wconf 86' lang='lat' dir='ltr'><strong><em>describit</em></strong></span> <span class='ocrx_word' id='word_1_592' title='bbox 835 4498 902 4535; x_wconf 84' lang='lat' dir='ltr'><strong><em>ex</em></strong></span> <span class='ocrx_word' id='word_1_593' title='bbox 957 4487 1097 4536; x_wconf 89' lang='lat' dir='ltr'><strong><em>libro</em></strong></span> <span class='ocrx_word' id='word_1_594' title='bbox 1144 4501 1179 4536; x_wconf 89' lang='grc' dir='ltr'><strong><em>ιι</em></strong></span> <span class='ocrx_word' id='word_1_595' title='bbox 1230 4489 1525 4550; x_wconf 76' lang='lat' dir='ltr'><strong><em>Augustini</em></strong></span> <span class='ocrx_word' id='word_1_596' title='bbox 1580 4493 1761 4537; x_wconf 80' lang='lat' dir='ltr'><strong><em>contra</em></strong></span> 
     </span>
    </p>
   </div>
   <div class='ocr_carea' id='block_1_84' title="bbox 163 4552 1760 4618">
    <p class='ocr_par' dir='ltr' id='par_1_84' title="bbox 163 4552 1760 4618">
     <span class='ocr_line' id='line_1_84' title="bbox 163 4552 1760 4618; baseline 0.005 -19"><span class='ocrx_word' id='word_1_597' title='bbox 163 4552 453 4615; x_wconf 79' lang='lat' dir='ltr'><strong><em>Donatistas,</em></strong></span> <span class='ocrx_word' id='word_1_598' title='bbox 482 4569 605 4618; x_wconf 87' lang='lat' dir='ltr'><strong><em>cap.</em></strong></span> <span class='ocrx_word' id='word_1_599' title='bbox 649 4558 691 4604; x_wconf 91' lang='lat'><strong><em>1.</em></strong></span> <span class='ocrx_word' id='word_1_600' title='bbox 738 4555 1045 4606; x_wconf 87' lang='lat' dir='ltr'><strong><em>Emendavi</em></strong></span> <span class='ocrx_word' id='word_1_601' title='bbox 1089 4557 1237 4606; x_wconf 86' lang='lat' dir='ltr'><strong><em>illam</em></strong></span> <span class='ocrx_word' id='word_1_602' title='bbox 1280 4559 1573 4609; x_wconf 86' lang='lat' dir='ltr'><strong><em>collatione</em></strong></span> <span class='ocrx_word' id='word_1_603' title='bbox 1616 4560 1760 4609; x_wconf 87' lang='lat' dir='ltr'><strong><em>facta</em></strong></span> 
     </span>
    </p>
   </div>
   <div class='ocr_carea' id='block_1_85' title="bbox 162 4626 1177 4692">
    <p class='ocr_par' dir='ltr' id='par_1_85' title="bbox 162 4626 1177 4692">
     <span class='ocr_line' id='line_1_85' title="bbox 162 4626 1177 4692; baseline 0.007 -22"><span class='ocrx_word' id='word_1_604' title='bbox 162 4634 264 4671; x_wconf 87' lang='lat' dir='ltr'><strong><em>cum</em></strong></span> <span class='ocrx_word' id='word_1_605' title='bbox 288 4626 567 4675; x_wconf 82' lang='lat' dir='ltr'><strong><em>sexdecim</em></strong></span> <span class='ocrx_word' id='word_1_606' title='bbox 605 4626 894 4678; x_wconf 86' lang='lat' dir='ltr'><strong><em>codicibus</em></strong></span> <span class='ocrx_word' id='word_1_607' title='bbox 919 4629 1177 4692; x_wconf 87' lang='lat' dir='ltr'><strong><em>antiquis.</em></strong></span> 
     </span>
    </p>
   </div>
   <div class='ocr_carea' id='block_1_86' title="bbox 210 4707 1758 4776">
    <p class='ocr_par' dir='ltr' id='par_1_86' title="bbox 210 4707 1758 4776">
     <span class='ocr_line' id='line_1_86' title="bbox 210 4707 1758 4776; baseline 0.003 -18"><span class='ocrx_word' id='word_1_608' title='bbox 210 4707 294 4765; x_wconf 70' lang='grc'>(28)</span> <span class='ocrx_word' id='word_1_609' title='bbox 316 4709 502 4769; x_wconf 82' lang='lat' dir='ltr'><strong><em>Quinto</em></strong></span> <span class='ocrx_word' id='word_1_610' title='bbox 536 4709 713 4772; x_wconf 80' lang='lat' dir='ltr'><strong><em>fratri.</em></strong></span> <span class='ocrx_word' id='word_1_611' title='bbox 748 4712 1088 4776; x_wconf 89' lang='lat' dir='ltr'><strong><em>Episc0pum</em></strong></span> <span class='ocrx_word' id='word_1_612' title='bbox 1120 4714 1291 4764; x_wconf 78' lang='lat' dir='ltr'><strong><em>fuisse</em></strong></span> <span class='ocrx_word' id='word_1_613' title='bbox 1332 4715 1387 4762; x_wconf 91' lang='lat' dir='ltr'><strong><em>in</em></strong></span> <span class='ocrx_word' id='word_1_614' title='bbox 1432 4714 1758 4763; x_wconf 83' lang='lat' dir='ltr'><strong><em>Mauritania</em></strong></span> 
     </span>
    </p>
   </div>
   <div class='ocr_carea' id='block_1_87' title="bbox 163 4775 889 4845">
    <p class='ocr_par' dir='ltr' id='par_1_87' title="bbox 163 4775 889 4845">
     <span class='ocr_line' id='line_1_87' title="bbox 163 4775 889 4845; baseline 0.01 -21"><span class='ocrx_word' id='word_1_615' title='bbox 163 4775 348 4829; x_wconf 84' lang='lat' dir='ltr'><strong><em>docebit</em></strong></span> <span class='ocrx_word' id='word_1_616' title='bbox 369 4794 617 4844; x_wconf 84' lang='lat' dir='ltr'><strong><em>sequens</em></strong></span> <span class='ocrx_word' id='word_1_617' title='bbox 643 4783 889 4845; x_wconf 82' lang='lat' dir='ltr'><strong><em>epistola.</em></strong></span> 
     </span>
    </p>
   </div>
   <div class='ocr_carea' id='block_1_88' title="bbox 211 4861 1759 4933">
    <p class='ocr_par' dir='ltr' id='par_1_88' title="bbox 211 4861 1759 4933">
     <span class='ocr_line' id='line_1_88' title="bbox 211 4861 1759 4933; baseline 0.006 -23"><span class='ocrx_word' id='word_1_618' title='bbox 211 4861 295 4923; x_wconf 75' lang='lat'><strong><em>(29)</em></strong></span> <span class='ocrx_word' id='word_1_619' title='bbox 340 4864 620 4913; x_wconf 81' lang='lat' dir='ltr'><strong><em>Lucianus.</em></strong></span> <span class='ocrx_word' id='word_1_620' title='bbox 687 4866 848 4915; x_wconf 91' lang='lat' dir='ltr'><strong><em>lllum</em></strong></span> <span class='ocrx_word' id='word_1_621' title='bbox 896 4879 996 4932; x_wconf 90' lang='lat' dir='ltr'><strong><em>ego</em></strong></span> <span class='ocrx_word' id='word_1_622' title='bbox 1050 4880 1170 4917; x_wconf 90' lang='lat' dir='ltr'><strong><em>esse</em></strong></span> <span class='ocrx_word' id='word_1_623' title='bbox 1217 4872 1352 4931; x_wconf 91' lang='lat' dir='ltr'><strong><em>puto</em></strong></span> <span class='ocrx_word' id='word_1_624' title='bbox 1406 4869 1502 4931; x_wconf 90' lang='lat' dir='ltr'><strong><em>qui</em></strong></span> <span class='ocrx_word' id='word_1_625' title='bbox 1543 4870 1759 4933; x_wconf 87' lang='lat' dir='ltr'><strong><em>scripsit</em></strong></span> 
     </span>
    </p>
   </div>
   <div class='ocr_carea' id='block_1_89' title="bbox 162 4933 1755 5054">
    <p class='ocr_par' dir='ltr' id='par_1_89' title="bbox 162 4933 1755 5054">
     <span class='ocr_line' id='line_1_89' title="bbox 162 4933 1755 5054; baseline 0.008 -76"><span class='ocrx_word' id='word_1_626' title='bbox 162 4933 493 5054; x_wconf 49' lang='lat' dir='ltr'><strong><em>epistglasgéﬁ</em></strong></span> <span class='ocrx_word' id='word_1_627' title='bbox 527 4938 577 4985; x_wconf 89' lang='lat' dir='ltr'><strong><em>et</em></strong></span> <span class='ocrx_word' id='word_1_628' title='bbox 619 4936 697 4997; x_wconf 74' lang='lat'><strong><em>21,</em></strong></span> <span class='ocrx_word' id='word_1_629' title='bbox 744 4939 905 5000; x_wconf 86' lang='lat' dir='ltr'><strong><em>cujus</em></strong></span> <span class='ocrx_word' id='word_1_630' title='bbox 950 4938 1114 4988; x_wconf 87' lang='lat' dir='ltr'><strong><em>etiam</em></strong></span> <span class='ocrx_word' id='word_1_631' title='bbox 1160 4940 1370 4990; x_wconf 83' lang='lat' dir='ltr'><strong><em>mentio</em></strong></span> <span class='ocrx_word' id='word_1_632' title='bbox 1418 4939 1652 4990; x_wconf 86' lang='lat' dir='ltr'><strong><em>habetur</em></strong></span> <span class='ocrx_word' id='word_1_633' title='bbox 1703 4942 1755 4990; x_wconf 90' lang='lat' dir='ltr'><strong><em>in</em></strong></span> 
     </span>
     <span class='ocr_line' id='line_1_90' title="bbox 164 5012 472 5054; baseline 0.016 -7"><span class='ocrx_word' id='word_1_634' title='bbox 164 5012 256 5054; x_wconf 81' lang='lat' dir='ltr'><strong><em>epis</em></strong></span> <span class='ocrx_word' id='word_1_635' title='bbox 330 5019 359 5054; x_wconf 77' lang='grc' dir='ltr'><strong><em>ει</em></strong></span> <span class='ocrx_word' id='word_1_636' title='bbox 459 5040 472 5052; x_wconf 93' lang='grc'><strong>.</strong></span> 
     </span>
    </p>
   </div>
   <div class='ocr_carea' id='block_1_90' title="bbox 164 5012 472 5063">
    <p class='ocr_par' dir='ltr' id='par_1_90' title="bbox 164 5012 472 5063">
     <span class='ocr_line' id='line_1_91' title="bbox 164 5012 472 5063; baseline 0.016 -16"><span class='ocrx_word' id='word_1_637' title='bbox 164 5012 359 5063; x_wconf 81' lang='lat' dir='ltr'><strong><em>epistola</em></strong></span> <span class='ocrx_word' id='word_1_638' title='bbox 390 5012 472 5054; x_wconf 67' lang='lat'><strong><em>22.</em></strong></span> 
     </span>
    </p>
   </div>
   <div class='ocr_carea' id='block_1_91' title="bbox 210 5087 1659 5155">
    <p class='ocr_par' dir='ltr' id='par_1_91' title="bbox 210 5087 1659 5155">
     <span class='ocr_line' id='line_1_92' title="bbox 210 5087 1659 5155; baseline 0.002 -14"><span class='ocrx_word' id='word_1_639' title='bbox 210 5087 296 5149; x_wconf 83' lang='lat'><strong><em>(38)</em></strong></span> <span class='ocrx_word' id='word_1_640' title='bbox 325 5092 381 5139; x_wconf 83' lang='lat' dir='ltr'><strong><em>In</em></strong></span> <span class='ocrx_word' id='word_1_641' title='bbox 406 5092 646 5142; x_wconf 77' lang='lat' dir='ltr'><strong><em>concilio.</em></strong></span> <span class='ocrx_word' id='word_1_642' title='bbox 680 5090 820 5141; x_wconf 86' lang='lat' dir='ltr'><strong><em>Vide</em></strong></span> <span class='ocrx_word' id='word_1_643' title='bbox 851 5093 1139 5155; x_wconf 85' lang='lat' dir='ltr'><strong><em>epistolam</em></strong></span> <span class='ocrx_word' id='word_1_644' title='bbox 1169 5094 1247 5153; x_wconf 86' lang='lat'><strong><em>70,</em></strong></span> <span class='ocrx_word' id='word_1_645' title='bbox 1285 5093 1356 5142; x_wconf 85' lang='lat' dir='ltr'><strong><em>ad</em></strong></span> <span class='ocrx_word' id='word_1_646' title='bbox 1382 5094 1659 5144; x_wconf 85' lang='lat' dir='ltr'><strong><em>Numidas.</em></strong></span> 
     </span>
    </p>
   </div>
   <div class='ocr_carea' id='block_1_92' title="bbox 211 5180 1757 5247">
    <p class='ocr_par' dir='ltr' id='par_1_92' title="bbox 211 5180 1757 5247">
     <span class='ocr_line' id='line_1_93' title="bbox 211 5180 1757 5247; baseline 0.004 -20"><span class='ocrx_word' id='word_1_647' title='bbox 211 5180 297 5240; x_wconf 80' lang='grc'>(31)</span> <span class='ocrx_word' id='word_1_648' title='bbox 352 5182 575 5242; x_wconf 83' lang='lat' dir='ltr'><strong><em>Quidam</em></strong></span> <span class='ocrx_word' id='word_1_649' title='bbox 634 5183 697 5232; x_wconf 80' lang='lat' dir='ltr'><strong><em>de</em></strong></span> <span class='ocrx_word' id='word_1_650' title='bbox 754 5180 981 5245; x_wconf 78' lang='lat' dir='ltr'><strong><em>collegis,</em></strong></span> <span class='ocrx_word' id='word_1_651' title='bbox 1042 5188 1099 5232; x_wconf 86' lang='lat' dir='ltr'><strong><em>ut</em></strong></span> <span class='ocrx_word' id='word_1_652' title='bbox 1170 5184 1483 5233; x_wconf 88' lang='lat' dir='ltr'><strong><em>Florentius</em></strong></span> <span class='ocrx_word' id='word_1_653' title='bbox 1544 5197 1757 5247; x_wconf 82' lang='lat' dir='ltr'><strong><em>cogno-</em></strong></span> 
     </span>
    </p>
   </div>
   <div class='ocr_carea' id='block_1_93' title="bbox 166 5254 1756 5319">
    <p class='ocr_par' dir='ltr' id='par_1_93' title="bbox 166 5254 1756 5319">
     <span class='ocr_line' id='line_1_94' title="bbox 166 5254 1756 5319; baseline 0.006 -23"><span class='ocrx_word' id='word_1_654' title='bbox 166 5255 321 5301; x_wconf 87' lang='lat' dir='ltr'><strong><em>mento</em></strong></span> <span class='ocrx_word' id='word_1_655' title='bbox 364 5254 666 5317; x_wconf 83' lang='lat' dir='ltr'><strong><em>Pupianus,</em></strong></span> <span class='ocrx_word' id='word_1_656' title='bbox 718 5259 782 5303; x_wconf 89' lang='lat' dir='ltr'><strong><em>ut</em></strong></span> <span class='ocrx_word' id='word_1_657' title='bbox 829 5260 982 5317; x_wconf 86' lang='lat' dir='ltr'><strong><em>patet</em></strong></span> <span class='ocrx_word' id='word_1_658' title='bbox 1027 5270 1095 5306; x_wconf 83' lang='lat' dir='ltr'><strong><em>ex</em></strong></span> <span class='ocrx_word' id='word_1_659' title='bbox 1126 5258 1356 5319; x_wconf 88' lang='lat' dir='ltr'><strong><em>epistola</em></strong></span> <span class='ocrx_word' id='word_1_660' title='bbox 1392 5256 1472 5317; x_wconf 84' lang='lat'><strong><em>79,</em></strong></span> <span class='ocrx_word' id='word_1_661' title='bbox 1512 5256 1580 5305; x_wconf 85' lang='lat' dir='ltr'><strong><em>ad</em></strong></span> <span class='ocrx_word' id='word_1_662' title='bbox 1629 5269 1756 5305; x_wconf 89' lang='lat' dir='ltr'><strong><em>eum</em></strong></span> 
     </span>
    </p>
   </div>
   <div class='ocr_carea' id='block_1_94' title="bbox 164 5323 349 5384">
    <p class='ocr_par' dir='ltr' id='par_1_94' title="bbox 164 5323 349 5384">
     <span class='ocr_line' id='line_1_95' title="bbox 164 5323 349 5384; baseline 0.032 -17"><span class='ocrx_word' id='word_1_663' title='bbox 164 5323 349 5384; x_wconf 79' lang='lat' dir='ltr'><strong><em>scripta.</em></strong></span> 
     </span>
    </p>
   </div>
   <div class='ocr_carea' id='block_1_95' title="bbox 213 5401 1755 5470">
    <p class='ocr_par' dir='ltr' id='par_1_95' title="bbox 213 5401 1755 5470">
     <span class='ocr_line' id='line_1_96' title="bbox 213 5401 1755 5470; baseline -0.001 -13"><span class='ocrx_word' id='word_1_664' title='bbox 213 5401 293 5461; x_wconf 68' lang='lat'><strong><em>(33)</em></strong></span> <span class='ocrx_word' id='word_1_665' title='bbox 348 5406 492 5464; x_wconf 81' lang='lat' dir='ltr'><strong><em>Quod</em></strong></span> <span class='ocrx_word' id='word_1_666' title='bbox 534 5420 698 5457; x_wconf 86' lang='lat' dir='ltr'><strong><em>unum</em></strong></span> <span class='ocrx_word' id='word_1_667' title='bbox 746 5407 957 5456; x_wconf 82' lang='lat' dir='ltr'><strong><em>scilicet.</em></strong></span> <span class='ocrx_word' id='word_1_668' title='bbox 1001 5406 1224 5457; x_wconf 87' lang='lat' dir='ltr'><strong><em>Retinui</em></strong></span> <span class='ocrx_word' id='word_1_669' title='bbox 1255 5409 1552 5458; x_wconf 87' lang='lat' dir='ltr'><strong><em>lectionem</em></strong></span> <span class='ocrx_word' id='word_1_670' title='bbox 1593 5409 1755 5470; x_wconf 86' lang='lat' dir='ltr'><strong><em>quin-</em></strong></span> 
     </span>
    </p>
   </div>
   <div class='ocr_carea' id='block_1_96' title="bbox 168 5478 1758 5542">
    <p class='ocr_par' dir='ltr' id='par_1_96' title="bbox 168 5478 1758 5542">
     <span class='ocr_line' id='line_1_97' title="bbox 168 5478 1758 5542; baseline 0.004 -21"><span class='ocrx_word' id='word_1_671' title='bbox 168 5481 253 5530; x_wconf 79' lang='lat' dir='ltr'><strong><em>que</em></strong></span> <span class='ocrx_word' id='word_1_672' title='bbox 277 5479 521 5525; x_wconf 82' lang='lat' dir='ltr'><strong><em>veterum</em></strong></span> <span class='ocrx_word' id='word_1_673' title='bbox 556 5478 842 5534; x_wconf 79' lang='lat' dir='ltr'><strong><em>librorum.</em></strong></span> <span class='ocrx_word' id='word_1_674' title='bbox 869 5491 996 5542; x_wconf 69' lang='lat' dir='ltr'><strong><em>quas</em></strong></span> <span class='ocrx_word' id='word_1_675' title='bbox 1042 5480 1178 5527; x_wconf 90' lang='lat' dir='ltr'><strong><em>mihi</em></strong></span> <span class='ocrx_word' id='word_1_676' title='bbox 1223 5478 1444 5529; x_wconf 87' lang='lat' dir='ltr'><strong><em>videtur</em></strong></span> <span class='ocrx_word' id='word_1_677' title='bbox 1486 5492 1609 5529; x_wconf 90' lang='lat' dir='ltr'><strong><em>esse</em></strong></span> <span class='ocrx_word' id='word_1_678' title='bbox 1652 5493 1758 5542; x_wconf 90' lang='lat' dir='ltr'><strong><em>op-</em></strong></span> 
     </span>
    </p>
   </div>
   <div class='ocr_carea' id='block_1_97' title="bbox 170 5541 1756 5615">
    <p class='ocr_par' dir='ltr' id='par_1_97' title="bbox 170 5541 1756 5615">
     <span class='ocr_line' id='line_1_98' title="bbox 170 5541 1756 5615; baseline 0.008 -28"><span class='ocrx_word' id='word_1_679' title='bbox 170 5541 289 5591; x_wconf 80' lang='lat' dir='ltr'><strong><em>tima.</em></strong></span> <span class='ocrx_word' id='word_1_680' title='bbox 314 5547 573 5598; x_wconf 87' lang='lat' dir='ltr'><strong><em>Erasmus</em></strong></span> <span class='ocrx_word' id='word_1_681' title='bbox 619 5554 674 5599; x_wconf 90' lang='lat' dir='ltr'><strong><em>et</em></strong></span> <span class='ocrx_word' id='word_1_682' title='bbox 711 5551 803 5599; x_wconf 84' lang='lat' dir='ltr'><strong><em>alii</em></strong></span> <span class='ocrx_word' id='word_1_683' title='bbox 843 5541 964 5613; x_wconf 80' lang='lat' dir='ltr'><strong><em>pest</em></strong></span> <span class='ocrx_word' id='word_1_684' title='bbox 1017 5563 1145 5599; x_wconf 90' lang='lat' dir='ltr'><strong><em>eum</em></strong></span> <span class='ocrx_word' id='word_1_685' title='bbox 1193 5555 1516 5613; x_wconf 87' lang='lat' dir='ltr'><strong><em>posuerunt,</em></strong></span> <span class='ocrx_word' id='word_1_686' title='bbox 1545 5567 1573 5598; x_wconf 86' lang='grc'><strong><em>‹‹</em></strong></span> <span class='ocrx_word' id='word_1_687' title='bbox 1607 5541 1756 5615; x_wconf 84' lang='lat' dir='ltr'><strong><em>quod</em></strong></span> 
     </span>
    </p>
   </div>
   <div class='ocr_carea' id='block_1_98' title="bbox 170 5619 1757 5684">
    <p class='ocr_par' dir='ltr' id='par_1_98' title="bbox 170 5619 1757 5684">
     <span class='ocr_line' id='line_1_99' title="bbox 170 5619 1757 5684; baseline 0.006 -23"><span class='ocrx_word' id='word_1_688' title='bbox 170 5621 313 5684; x_wconf 72' lang='lat' dir='ltr'><strong><em>unum</em></strong></span> <span class='ocrx_word' id='word_1_689' title='bbox 339 5619 546 5669; x_wconf 88' lang='lat' dir='ltr'><strong><em>scilicet</em></strong></span> <span class='ocrx_word' id='word_1_690' title='bbox 574 5622 624 5669; x_wconf 90' lang='lat' dir='ltr'><strong><em>in</em></strong></span> <span class='ocrx_word' id='word_1_691' title='bbox 659 5621 909 5672; x_wconf 87' lang='lat' dir='ltr'><strong><em>Ecclesia</em></strong></span> <span class='ocrx_word' id='word_1_692' title='bbox 942 5621 1227 5672; x_wconf 83' lang='lat' dir='ltr'><strong><em>Catholica</em></strong></span> <span class='ocrx_word' id='word_1_693' title='bbox 1255 5626 1352 5671; x_wconf 85' lang='lat' dir='ltr'><strong><em>est.</em></strong></span> <span class='ocrx_word' id='word_1_694' title='bbox 1384 5622 1519 5684; x_wconf 74' lang='lat' dir='ltr'><strong><em>Qum</em></strong></span> <span class='ocrx_word' id='word_1_695' title='bbox 1556 5621 1757 5671; x_wconf 90' lang='lat' dir='ltr'><strong><em>Eccle-</em></strong></span> 
     </span>
    </p>
   </div>
   <div class='ocr_carea' id='block_1_99' title="bbox 173 5682 1755 5756">
    <p class='ocr_par' dir='ltr' id='par_1_99' title="bbox 173 5682 1755 5756">
     <span class='ocr_line' id='line_1_100' title="bbox 173 5682 1755 5756; baseline 0.006 -24"><span class='ocrx_word' id='word_1_696' title='bbox 173 5682 235 5733; x_wconf 79' lang='lat' dir='ltr'><strong><em>sia</em></strong></span> <span class='ocrx_word' id='word_1_697' title='bbox 273 5688 312 5737; x_wconf 79' lang='lat' dir='ltr'><strong><em>si</em></strong></span> <span class='ocrx_word' id='word_1_698' title='bbox 349 5694 426 5739; x_wconf 88' lang='lat' dir='ltr'><strong><em>est</em></strong></span> <span class='ocrx_word' id='word_1_699' title='bbox 473 5704 598 5755; x_wconf 85' lang='lat' dir='ltr'><strong><em>una,</em></strong></span> <span class='ocrx_word' id='word_1_700' title='bbox 625 5705 747 5743; x_wconf 85' lang='lat' dir='ltr'><strong><em>esse</em></strong></span> <span class='ocrx_word' id='word_1_701' title='bbox 792 5697 948 5743; x_wconf 82' lang='lat' dir='ltr'><strong><em>extra</em></strong></span> <span class='ocrx_word' id='word_1_702' title='bbox 987 5692 1296 5743; x_wconf 79' lang='lat' dir='ltr'><strong><em>Ecclesium</em></strong></span> <span class='ocrx_word' id='word_1_703' title='bbox 1326 5682 1606 5756; x_wconf 77' lang='lat' dir='ltr'><strong><em>Baptisms</em></strong></span> <span class='ocrx_word' id='word_1_704' title='bbox 1644 5706 1755 5743; x_wconf 91' lang='lat' dir='ltr'><strong><em>non</em></strong></span> 
     </span>
    </p>
   </div>
   <div class='ocr_carea' id='block_1_100' title="bbox 1779 4392 2445 4477">
    <p class='ocr_par' dir='ltr' id='par_1_100' title="bbox 1779 4392 2445 4477">
     <span class='ocr_line' id='line_1_101' title="bbox 1779 4392 2445 4477; baseline -0.009 -13"><span class='ocrx_word' id='word_1_705' title='bbox 1779 4392 2247 4477; x_wconf 37' lang='lat' dir='ltr'><strong><em>DOp‘tatusrlib.</em></strong></span> <span class='ocrx_word' id='word_1_706' title='bbox 2305 4427 2321 4462; x_wconf 87' lang='lat'>1</span> <span class='ocrx_word' id='word_1_707' title='bbox 2364 4430 2373 4462; x_wconf 89' lang='lat'>:</span> <span class='ocrx_word' id='word_1_708' title='bbox 2422 4432 2445 4457; x_wconf 77' lang='grc' dir='ltr'><strong><em>α</em></strong></span> 
     </span>
    </p>
   </div>
   <div class='ocr_carea' id='block_1_101' title="bbox 1863 3911 3488 3980">
    <p class='ocr_par' dir='ltr' id='par_1_101' title="bbox 1863 3911 3488 3980">
     <span class='ocr_line' id='line_1_102' title="bbox 1863 3911 3488 3980; baseline 0.001 -13"><span class='ocrx_word' id='word_1_709' title='bbox 1863 3920 2055 3980; x_wconf 87' lang='lat' dir='ltr'><strong><em>potest.</em></strong></span> <span class='ocrx_word' id='word_1_710' title='bbox 2090 3934 2117 3960; x_wconf 93' lang='lat'>»</span> <span class='ocrx_word' id='word_1_711' title='bbox 2150 3912 2387 3977; x_wconf 88' lang='lat' dir='ltr'><strong><em>Quidam</em></strong></span> <span class='ocrx_word' id='word_1_712' title='bbox 2432 3911 2555 3962; x_wconf 88' lang='lat' dir='ltr'><strong><em>libri</em></strong></span> <span class='ocrx_word' id='word_1_713' title='bbox 2603 3916 2814 3963; x_wconf 88' lang='lat' dir='ltr'><strong><em>veteres</em></strong></span> <span class='ocrx_word' id='word_1_714' title='bbox 2856 3912 3063 3964; x_wconf 88' lang='lat' dir='ltr'><strong><em>habent</em></strong></span> <span class='ocrx_word' id='word_1_715' title='bbox 3102 3922 3292 3978; x_wconf 68' lang='lat' dir='ltr'><strong><em>praeter</em></strong></span> <span class='ocrx_word' id='word_1_716' title='bbox 3318 3917 3488 3968; x_wconf 84' lang='lat' dir='ltr'><strong><em>Eccle-</em></strong></span> 
     </span>
    </p>
   </div>
   <div class='ocr_carea' id='block_1_102' title="bbox 1860 4002 2014 4037">
    <p class='ocr_par' dir='ltr' id='par_1_102' title="bbox 1860 4002 2014 4037">
     <span class='ocr_line' id='line_1_103' title="bbox 1860 4002 2014 4037; baseline -0.026 0"><span class='ocrx_word' id='word_1_717' title='bbox 1860 4002 2014 4037; x_wconf 62' lang='lat' dir='ltr'><strong><em>sram.</em></strong></span> 
     </span>
    </p>
   </div>
   <div class='ocr_carea' id='block_1_103' title="bbox 1925 4056 3487 4121">
    <p class='ocr_par' dir='ltr' id='par_1_103' title="bbox 1925 4056 3487 4121">
     <span class='ocr_line' id='line_1_104' title="bbox 1925 4056 3487 4121; baseline 0.003 -17"><span class='ocrx_word' id='word_1_718' title='bbox 1925 4060 2025 4121; x_wconf 82' lang='grc'>(33)</span> <span class='ocrx_word' id='word_1_719' title='bbox 2064 4059 2179 4106; x_wconf 90' lang='lat' dir='ltr'><strong><em>Duo</em></strong></span> <span class='ocrx_word' id='word_1_720' title='bbox 2227 4056 2564 4120; x_wconf 79' lang='lat' dir='ltr'><strong><em>baptismata.</em></strong></span> <span class='ocrx_word' id='word_1_721' title='bbox 2602 4057 2884 4108; x_wconf 86' lang='lat' dir='ltr'><strong><em>Editiones</em></strong></span> <span class='ocrx_word' id='word_1_722' title='bbox 2928 4057 3140 4107; x_wconf 88' lang='lat' dir='ltr'><strong><em>Erasmi</em></strong></span> <span class='ocrx_word' id='word_1_723' title='bbox 3183 4063 3235 4107; x_wconf 89' lang='lat' dir='ltr'><strong><em>et</em></strong></span> <span class='ocrx_word' id='word_1_724' title='bbox 3281 4059 3487 4108; x_wconf 87' lang='lat' dir='ltr'><strong><em>Morel—</em></strong></span> 
     </span>
    </p>
   </div>
   <div class='ocr_carea' id='block_1_104' title="bbox 1861 4128 3488 4193">
    <p class='ocr_par' dir='ltr' id='par_1_104' title="bbox 1861 4128 3488 4193">
     <span class='ocr_line' id='line_1_105' title="bbox 1861 4128 3488 4193; baseline 0.001 -15"><span class='ocrx_word' id='word_1_725' title='bbox 1861 4130 1919 4178; x_wconf 89' lang='lat' dir='ltr'><strong><em>lii</em></strong></span> <span class='ocrx_word' id='word_1_726' title='bbox 1944 4129 2153 4178; x_wconf 89' lang='lat' dir='ltr'><strong><em>addunt</em></strong></span> <span class='ocrx_word' id='word_1_727' title='bbox 2186 4134 2278 4177; x_wconf 82' lang='lat' dir='ltr'><strong><em>aut</em></strong></span> <span class='ocrx_word' id='word_1_728' title='bbox 2304 4128 2489 4177; x_wconf 87' lang='lat' dir='ltr'><strong><em>multa.</em></strong></span> <span class='ocrx_word' id='word_1_729' title='bbox 2523 4130 2729 4179; x_wconf 89' lang='lat' dir='ltr'><strong><em>Verum</em></strong></span> <span class='ocrx_word' id='word_1_730' title='bbox 2775 4143 2835 4178; x_wconf 84' lang='lat' dir='ltr'><strong><em>ea</em></strong></span> <span class='ocrx_word' id='word_1_731' title='bbox 2881 4129 3082 4178; x_wconf 89' lang='lat' dir='ltr'><strong><em>desunt</em></strong></span> <span class='ocrx_word' id='word_1_732' title='bbox 3119 4131 3173 4178; x_wconf 89' lang='lat' dir='ltr'><strong><em>in</em></strong></span> <span class='ocrx_word' id='word_1_733' title='bbox 3214 4134 3488 4193; x_wconf 86' lang='lat' dir='ltr'><strong><em>quatuor-</em></strong></span> 
     </span>
    </p>
   </div>
   <div class='ocr_carea' id='block_1_105' title="bbox 1862 4199 3488 4253">
    <p class='ocr_par' dir='ltr' id='par_1_105' title="bbox 1862 4199 3488 4253">
     <span class='ocr_line' id='line_1_106' title="bbox 1862 4199 3488 4253; baseline 0.001 -4"><span class='ocrx_word' id='word_1_734' title='bbox 1862 4200 2039 4249; x_wconf 89' lang='lat' dir='ltr'><strong><em>decim</em></strong></span> <span class='ocrx_word' id='word_1_735' title='bbox 2074 4199 2229 4249; x_wconf 86' lang='lat' dir='ltr'><strong><em>libris</em></strong></span> <span class='ocrx_word' id='word_1_736' title='bbox 2255 4202 2309 4249; x_wconf 84' lang='lat' dir='ltr'><strong><em>et</em></strong></span> <span class='ocrx_word' id='word_1_737' title='bbox 2355 4199 2649 4249; x_wconf 86' lang='lat' dir='ltr'><strong><em>veteribus.</em></strong></span> <span class='ocrx_word' id='word_1_738' title='bbox 2691 4200 2977 4249; x_wconf 85' lang='lat' dir='ltr'><strong><em>Habentur</em></strong></span> <span class='ocrx_word' id='word_1_739' title='bbox 3022 4204 3205 4250; x_wconf 87' lang='lat' dir='ltr'><strong><em>tamen</em></strong></span> <span class='ocrx_word' id='word_1_740' title='bbox 3245 4202 3301 4250; x_wconf 91' lang='lat' dir='ltr'><strong><em>in</em></strong></span> <span class='ocrx_word' id='word_1_741' title='bbox 3347 4203 3488 4253; x_wconf 88' lang='lat' dir='ltr'><strong><em>Cor-</em></strong></span> 
     </span>
    </p>
   </div>
   <div class='ocr_carea' id='block_1_106' title="bbox 1860 4270 3487 4335">
    <p class='ocr_par' dir='ltr' id='par_1_106' title="bbox 1860 4270 3487 4335">
     <span class='ocr_line' id='line_1_107' title="bbox 1860 4270 3487 4335; baseline 0.002 -15"><span class='ocrx_word' id='word_1_742' title='bbox 1860 4270 2089 4321; x_wconf 89' lang='lat' dir='ltr'><strong><em>beiensi.</em></strong></span> <span class='ocrx_word' id='word_1_743' title='bbox 2157 4274 2350 4320; x_wconf 87' lang='lat' dir='ltr'><strong><em>Arator</em></strong></span> <span class='ocrx_word' id='word_1_744' title='bbox 2412 4271 2508 4319; x_wconf 91' lang='lat' dir='ltr'><strong><em>lib.</em></strong></span> <span class='ocrx_word' id='word_1_745' title='bbox 2580 4285 2616 4320; x_wconf 92' lang='grc' dir='ltr'><strong><em>ιι</em></strong></span> <span class='ocrx_word' id='word_1_746' title='bbox 2689 4274 2927 4321; x_wconf 83' lang='lat' dir='ltr'><strong><em>Actuum</em></strong></span> <span class='ocrx_word' id='word_1_747' title='bbox 2989 4273 3417 4335; x_wconf 87' lang='lat' dir='ltr'><strong><em>apostolicorum</em></strong></span> <span class='ocrx_word' id='word_1_748' title='bbox 3476 4289 3487 4323; x_wconf 91' lang='lat'>:</span> 
     </span>
    </p>
   </div>
   <div class='ocr_carea' id='block_1_107' title="bbox 1861 4343 3489 4408">
    <p class='ocr_par' dir='ltr' id='par_1_107' title="bbox 1861 4343 3489 4408">
     <span class='ocr_line' id='line_1_108' title="bbox 1861 4343 3489 4408; baseline 0 -19"><span class='ocrx_word' id='word_1_749' title='bbox 1861 4361 1888 4389; x_wconf 84' lang='grc'>«</span> <span class='ocrx_word' id='word_1_750' title='bbox 1923 4343 2071 4405; x_wconf 89' lang='lat' dir='ltr'><strong><em>Quid</em></strong></span> <span class='ocrx_word' id='word_1_751' title='bbox 2104 4344 2386 4406; x_wconf 88' lang='lat' dir='ltr'><strong><em>geminum</em></strong></span> <span class='ocrx_word' id='word_1_752' title='bbox 2412 4343 2689 4405; x_wconf 78' lang='lat' dir='ltr'><strong><em>Baptisms</em></strong></span> <span class='ocrx_word' id='word_1_753' title='bbox 2709 4344 2880 4406; x_wconf 85' lang='lat' dir='ltr'><strong><em>&#39;cupis</em></strong></span> <span class='ocrx_word' id='word_1_754' title='bbox 2910 4344 3169 4394; x_wconf 88' lang='lat' dir='ltr'><strong><em>simulare</em></strong></span> <span class='ocrx_word' id='word_1_755' title='bbox 3198 4347 3489 4408; x_wconf 83' lang='lat' dir='ltr'><strong><em>profana.»</em></strong></span> 
     </span>
    </p>
   </div>
   <div class='ocr_carea' id='block_1_108' title="bbox 2499 4413 3489 4476">
    <p class='ocr_par' dir='ltr' id='par_1_108' title="bbox 2499 4413 3489 4476">
     <span class='ocr_line' id='line_1_109' title="bbox 2499 4413 3489 4476; baseline 0.006 -16"><span class='ocrx_word' id='word_1_756' title='bbox 2499 4413 2667 4464; x_wconf 89' lang='lat' dir='ltr'><strong><em>Vides</em></strong></span> <span class='ocrx_word' id='word_1_757' title='bbox 2707 4428 2856 4476; x_wconf 81' lang='lat' dir='ltr'><strong><em>ergo,</em></strong></span> <span class='ocrx_word' id='word_1_758' title='bbox 2901 4416 3066 4465; x_wconf 85' lang='lat' dir='ltr'><strong><em>frater</em></strong></span> <span class='ocrx_word' id='word_1_759' title='bbox 3110 4417 3489 4475; x_wconf 87' lang='lat' dir='ltr'><strong><em>Parmeniane,</em></strong></span> 
     </span>
    </p>
   </div>
   <div class='ocr_carea' id='block_1_109' title="bbox 1863 4484 3489 4535">
    <p class='ocr_par' dir='ltr' id='par_1_109' title="bbox 1863 4484 3489 4535">
     <span class='ocr_line' id='line_1_110' title="bbox 1863 4484 3489 4535; baseline 0.001 -1"><span class='ocrx_word' id='word_1_760' title='bbox 1863 4486 2158 4535; x_wconf 68' lang='lat' dir='ltr'><strong><em>haereticos</em></strong></span> <span class='ocrx_word' id='word_1_761' title='bbox 2210 4499 2240 4534; x_wconf 88' lang='lat' dir='ltr'><strong><em>a</em></strong></span> <span class='ocrx_word' id='word_1_762' title='bbox 2288 4484 2453 4533; x_wconf 89' lang='lat' dir='ltr'><strong><em>domo</em></strong></span> <span class='ocrx_word' id='word_1_763' title='bbox 2499 4484 2746 4533; x_wconf 86' lang='lat' dir='ltr'><strong><em>veritatis</em></strong></span> <span class='ocrx_word' id='word_1_764' title='bbox 2797 4488 3041 4533; x_wconf 82' lang='lat' dir='ltr'><strong><em>extorres</em></strong></span> <span class='ocrx_word' id='word_1_765' title='bbox 3091 4486 3238 4534; x_wconf 89' lang='lat' dir='ltr'><strong><em>solos</em></strong></span> <span class='ocrx_word' id='word_1_766' title='bbox 3284 4486 3489 4535; x_wconf 87' lang='lat' dir='ltr'><strong><em>habere</em></strong></span> 
     </span>
    </p>
   </div>
   <div class='ocr_carea' id='block_1_110' title="bbox 1860 4554 3484 4618">
    <p class='ocr_par' dir='ltr' id='par_1_110' title="bbox 1860 4554 3484 4618">
     <span class='ocr_line' id='line_1_111' title="bbox 1860 4554 3484 4618; baseline -0.002 -11"><span class='ocrx_word' id='word_1_767' title='bbox 1860 4559 2009 4607; x_wconf 85' lang='lat' dir='ltr'><strong><em>varia</em></strong></span> <span class='ocrx_word' id='word_1_768' title='bbox 2062 4560 2114 4606; x_wconf 90' lang='lat' dir='ltr'><strong><em>et</em></strong></span> <span class='ocrx_word' id='word_1_769' title='bbox 2167 4556 2300 4605; x_wconf 85' lang='lat' dir='ltr'><strong><em>falsa</em></strong></span> <span class='ocrx_word' id='word_1_770' title='bbox 2360 4556 2706 4618; x_wconf 81' lang='lat' dir='ltr'><strong><em>baptismate,</em></strong></span> <span class='ocrx_word' id='word_1_771' title='bbox 2753 4554 2957 4617; x_wconf 88' lang='lat' dir='ltr'><strong><em>quibus</em></strong></span> <span class='ocrx_word' id='word_1_772' title='bbox 3001 4555 3324 4618; x_wconf 88' lang='lat' dir='ltr'><strong><em>inquinatus</em></strong></span> <span class='ocrx_word' id='word_1_773' title='bbox 3372 4569 3484 4604; x_wconf 89' lang='lat' dir='ltr'><strong><em>non</em></strong></span> 
     </span>
    </p>
   </div>
   <div class='ocr_carea' id='block_1_111' title="bbox 1860 4625 3487 4692">
    <p class='ocr_par' dir='ltr' id='par_1_111' title="bbox 1860 4625 3487 4692">
     <span class='ocr_line' id='line_1_112' title="bbox 1860 4625 3487 4692; baseline -0.002 -15"><span class='ocrx_word' id='word_1_774' title='bbox 1860 4629 2031 4692; x_wconf 88' lang='lat' dir='ltr'><strong><em>possit</em></strong></span> <span class='ocrx_word' id='word_1_775' title='bbox 2074 4627 2317 4687; x_wconf 81' lang='lat' dir='ltr'><strong><em>abluere,</em></strong></span> <span class='ocrx_word' id='word_1_776' title='bbox 2371 4626 2696 4675; x_wconf 89' lang='lat' dir='ltr'><strong><em>immundus</em></strong></span> <span class='ocrx_word' id='word_1_777' title='bbox 2740 4625 3061 4686; x_wconf 87' lang='lat' dir='ltr'><strong><em>emundare,</em></strong></span> <span class='ocrx_word' id='word_1_778' title='bbox 3105 4625 3487 4688; x_wconf 86' lang='lat' dir='ltr'><strong><em>supplantator</em></strong></span> 
     </span>
    </p>
   </div>
   <div class='ocr_carea' id='block_1_112' title="bbox 1860 4695 3485 4764">
    <p class='ocr_par' dir='ltr' id='par_1_112' title="bbox 1860 4695 3485 4764">
     <span class='ocr_line' id='line_1_113' title="bbox 1860 4695 3485 4764; baseline -0.003 -15"><span class='ocrx_word' id='word_1_779' title='bbox 1860 4702 2084 4764; x_wconf 79' lang='lat' dir='ltr'><strong><em>erigere.</em></strong></span> <span class='ocrx_word' id='word_1_780' title='bbox 2124 4717 2151 4743; x_wconf 90' lang='lat'>»</span> <span class='ocrx_word' id='word_1_781' title='bbox 2184 4697 2288 4747; x_wconf 91' lang='lat' dir='ltr'><strong><em>Ubi</em></strong></span> <span class='ocrx_word' id='word_1_782' title='bbox 2318 4709 2481 4746; x_wconf 90' lang='lat' dir='ltr'><strong><em>nemo</em></strong></span> <span class='ocrx_word' id='word_1_783' title='bbox 2513 4710 2623 4746; x_wconf 91' lang='lat' dir='ltr'><strong><em>non</em></strong></span> <span class='ocrx_word' id='word_1_784' title='bbox 2659 4695 2808 4746; x_wconf 88' lang='lat' dir='ltr'><strong><em>videt</em></strong></span> <span class='ocrx_word' id='word_1_785' title='bbox 2852 4695 3149 4759; x_wconf 89' lang='lat' dir='ltr'><strong><em>legendum</em></strong></span> <span class='ocrx_word' id='word_1_786' title='bbox 3195 4710 3314 4746; x_wconf 89' lang='lat' dir='ltr'><strong><em>esse</em></strong></span> <span class='ocrx_word' id='word_1_787' title='bbox 3350 4710 3485 4760; x_wconf 87' lang='lat' dir='ltr'><strong><em>sup-</em></strong></span> 
     </span>
    </p>
   </div>
   <div class='ocr_carea' id='block_1_113' title="bbox 1898 4772 2153 4821">
    <p class='ocr_par' dir='ltr' id='par_1_113' title="bbox 1898 4772 2153 4821">
     <span class='ocr_line' id='line_1_114' title="bbox 1898 4772 2153 4821; baseline -0.012 0"><span class='ocrx_word' id='word_1_788' title='bbox 1898 4772 2044 4821; x_wconf 88' lang='lat' dir='ltr'><strong><em>lanta</em></strong></span> <span class='ocrx_word' id='word_1_789' title='bbox 2055 4776 2153 4820; x_wconf 86' lang='lat' dir='ltr'><strong><em>tus.</em></strong></span> 
     </span>
    </p>
   </div>
   <div class='ocr_carea' id='block_1_114' title="bbox 1858 4786 3485 4907">
    <p class='ocr_par' dir='ltr' id='par_1_114' title="bbox 1858 4786 3485 4907">
     <span class='ocr_line' id='line_1_115' title="bbox 1898 4786 2153 4821; baseline -0.012 0"><span class='ocrx_word' id='word_1_790' title='bbox 1898 4786 2153 4821; x_wconf 71' lang='lat' dir='ltr'><strong><em>laniatus.</em></strong></span> 
     </span>
     <span class='ocr_line' id='line_1_116' title="bbox 1858 4786 3485 4907; baseline 0.001 -14"><span class='ocrx_word' id='word_1_791' title='bbox 1858 4786 1891 4836; x_wconf 67' lang='grc' dir='ltr'>ρ</span> <span class='ocrx_word' id='word_1_792' title='bbox 1925 4844 2019 4907; x_wconf 74' lang='lat' dir='ltr'><strong><em>(3t)</em></strong></span> <span class='ocrx_word' id='word_1_793' title='bbox 2068 4843 2239 4891; x_wconf 84' lang='lat' dir='ltr'><strong><em>Hostis</em></strong></span> <span class='ocrx_word' id='word_1_794' title='bbox 2287 4845 2332 4889; x_wconf 86' lang='lat' dir='ltr'><strong><em>et</em></strong></span> <span class='ocrx_word' id='word_1_795' title='bbox 2384 4839 2746 4889; x_wconf 77' lang='lat' dir='ltr'><strong><em>adversarius.</em></strong></span> <span class='ocrx_word' id='word_1_796' title='bbox 2797 4838 2890 4888; x_wconf 91' lang='lat' dir='ltr'><strong><em>Sic</em></strong></span> <span class='ocrx_word' id='word_1_797' title='bbox 2938 4840 3280 4892; x_wconf 85' lang='lat' dir='ltr'><strong><em>restituimus</em></strong></span> <span class='ocrx_word' id='word_1_798' title='bbox 3333 4844 3485 4895; x_wconf 90' lang='lat' dir='ltr'><strong><em>hunc</em></strong></span> 
     </span>
    </p>
   </div>
   <div class='ocr_carea' id='block_1_115' title="bbox 1860 4909 3489 4976">
    <p class='ocr_par' dir='ltr' id='par_1_115' title="bbox 1860 4909 3489 4976">
     <span class='ocr_line' id='line_1_117' title="bbox 1860 4909 3489 4976; baseline 0.002 -15"><span class='ocrx_word' id='word_1_799' title='bbox 1860 4914 2042 4963; x_wconf 90' lang='lat' dir='ltr'><strong><em>locum</em></strong></span> <span class='ocrx_word' id='word_1_800' title='bbox 2073 4926 2170 4976; x_wconf 88' lang='lat' dir='ltr'><strong><em>pro</em></strong></span> <span class='ocrx_word' id='word_1_801' title='bbox 2210 4925 2275 4961; x_wconf 91' lang='lat' dir='ltr'><strong><em>eo</em></strong></span> <span class='ocrx_word' id='word_1_802' title='bbox 2317 4909 2466 4974; x_wconf 89' lang='lat' dir='ltr'><strong><em>quod</em></strong></span> <span class='ocrx_word' id='word_1_803' title='bbox 2508 4910 2627 4959; x_wconf 61' lang='lat' dir='ltr'><strong><em>aliae</em></strong></span> <span class='ocrx_word' id='word_1_804' title='bbox 2678 4910 2950 4960; x_wconf 90' lang='lat' dir='ltr'><strong><em>editiones</em></strong></span> <span class='ocrx_word' id='word_1_805' title='bbox 2993 4910 3199 4961; x_wconf 85' lang='lat' dir='ltr'><strong><em>habent</em></strong></span> <span class='ocrx_word' id='word_1_806' title='bbox 3239 4914 3403 4964; x_wconf 84' lang='lat' dir='ltr'><strong><em>hostes</em></strong></span> <span class='ocrx_word' id='word_1_807' title='bbox 3442 4921 3489 4966; x_wconf 87' lang='lat' dir='ltr'><strong><em>et</em></strong></span> 
     </span>
    </p>
   </div>
   <div class='ocr_carea' id='block_1_116' title="bbox 1858 4981 3485 5046">
    <p class='ocr_par' dir='ltr' id='par_1_116' title="bbox 1858 4981 3485 5046">
     <span class='ocr_line' id='line_1_118' title="bbox 1858 4981 3485 5046; baseline 0.002 -13"><span class='ocrx_word' id='word_1_808' title='bbox 1858 4985 2173 5041; x_wconf 80' lang='lat' dir='ltr'><strong><em>adversarii,</em></strong></span> <span class='ocrx_word' id='word_1_809' title='bbox 2214 4981 2363 5046; x_wconf 90' lang='lat' dir='ltr'><strong><em>quod</em></strong></span> <span class='ocrx_word' id='word_1_810' title='bbox 2416 4982 2493 5031; x_wconf 87' lang='lat' dir='ltr'><strong><em>ita</em></strong></span> <span class='ocrx_word' id='word_1_811' title='bbox 2544 4982 2811 5045; x_wconf 88' lang='lat' dir='ltr'><strong><em>scriptum</em></strong></span> <span class='ocrx_word' id='word_1_812' title='bbox 2847 4981 3088 5032; x_wconf 88' lang='lat' dir='ltr'><strong><em>vidimus</em></strong></span> <span class='ocrx_word' id='word_1_813' title='bbox 3123 4984 3179 5032; x_wconf 91' lang='lat' dir='ltr'><strong><em>in</em></strong></span> <span class='ocrx_word' id='word_1_814' title='bbox 3227 4986 3485 5036; x_wconf 88' lang='lat' dir='ltr'><strong><em>omnibus</em></strong></span> 
     </span>
    </p>
   </div>
   <div class='ocr_carea' id='block_1_117' title="bbox 1858 5053 2430 5119">
    <p class='ocr_par' dir='ltr' id='par_1_117' title="bbox 1858 5053 2430 5119">
     <span class='ocr_line' id='line_1_119' title="bbox 1858 5053 2430 5119; baseline -0.007 -14"><span class='ocrx_word' id='word_1_815' title='bbox 1858 5056 2099 5119; x_wconf 88' lang='lat' dir='ltr'><strong><em>antiquis</em></strong></span> <span class='ocrx_word' id='word_1_816' title='bbox 2124 5053 2430 5105; x_wconf 89' lang='lat' dir='ltr'><strong><em>codicibus.</em></strong></span> 
     </span>
    </p>
   </div>
   <div class='ocr_carea' id='block_1_118' title="bbox 1922 5125 3482 5189">
    <p class='ocr_par' dir='ltr' id='par_1_118' title="bbox 1922 5125 3482 5189">
     <span class='ocr_line' id='line_1_120' title="bbox 1922 5125 3482 5189; baseline 0.003 -12"><span class='ocrx_word' id='word_1_817' title='bbox 1922 5128 2016 5187; x_wconf 79' lang='grc'>(35)</span> <span class='ocrx_word' id='word_1_818' title='bbox 2054 5128 2156 5188; x_wconf 86' lang='lat' dir='ltr'><strong><em>Qui</em></strong></span> <span class='ocrx_word' id='word_1_819' title='bbox 2185 5125 2510 5188; x_wconf 83' lang='lat' dir='ltr'><strong><em>baptizatur.</em></strong></span> <span class='ocrx_word' id='word_1_820' title='bbox 2549 5126 2715 5175; x_wconf 87' lang='lat' dir='ltr'><strong><em>Hunc</em></strong></span> <span class='ocrx_word' id='word_1_821' title='bbox 2740 5138 2950 5174; x_wconf 88' lang='lat' dir='ltr'><strong><em>morem</em></strong></span> <span class='ocrx_word' id='word_1_822' title='bbox 2991 5126 3229 5189; x_wconf 82' lang='lat' dir='ltr'><strong><em>explicat</em></strong></span> <span class='ocrx_word' id='word_1_823' title='bbox 3255 5133 3482 5181; x_wconf 87' lang='lat' dir='ltr'><strong><em>sanctus</em></strong></span> 
     </span>
    </p>
   </div>
   <div class='ocr_carea' id='block_1_119' title="bbox 1856 5197 3525 5264">
    <p class='ocr_par' dir='ltr' id='par_1_119' title="bbox 1856 5197 3525 5264">
     <span class='ocr_line' id='line_1_121' title="bbox 1856 5197 3525 5264; baseline 0.002 -17"><span class='ocrx_word' id='word_1_824' title='bbox 1856 5199 2102 5247; x_wconf 87' lang='lat' dir='ltr'><strong><em>Joannes</em></strong></span> <span class='ocrx_word' id='word_1_825' title='bbox 2142 5197 2575 5259; x_wconf 88' lang='lat' dir='ltr'><strong><em>Chrysostomus</em></strong></span> <span class='ocrx_word' id='word_1_826' title='bbox 2618 5199 2674 5245; x_wconf 91' lang='lat' dir='ltr'><strong><em>in</em></strong></span> <span class='ocrx_word' id='word_1_827' title='bbox 2713 5198 2869 5245; x_wconf 89' lang='lat' dir='ltr'><strong><em>initio</em></strong></span> <span class='ocrx_word' id='word_1_828' title='bbox 2908 5197 3154 5247; x_wconf 72' lang='lat' dir='ltr'><strong><em>homilise</em></strong></span> <span class='ocrx_word' id='word_1_829' title='bbox 3200 5200 3245 5259; x_wconf 80' lang='grc'><strong><em>4,</em></strong></span> <span class='ocrx_word' id='word_1_830' title='bbox 3274 5200 3328 5248; x_wconf 90' lang='lat' dir='ltr'><strong><em>in</em></strong></span> <span class='ocrx_word' id='word_1_831' title='bbox 3376 5202 3485 5264; x_wconf 89' lang='lat' dir='ltr'><strong><em>pri-</em></strong></span> <span class='ocrx_word' id='word_1_832' title='bbox 3524 5230 3525 5233; x_wconf 61' lang='grc' dir='ltr'><strong>η</strong></span> 
     </span>
    </p>
   </div>
   <div class='ocr_carea' id='block_1_120' title="bbox 1856 5268 3487 5334">
    <p class='ocr_par' dir='ltr' id='par_1_120' title="bbox 1856 5268 3487 5334">
     <span class='ocr_line' id='line_1_122' title="bbox 1856 5268 3487 5334; baseline 0.002 -16"><span class='ocrx_word' id='word_1_833' title='bbox 1856 5284 2003 5319; x_wconf 87' lang='lat' dir='ltr'><strong><em>mam</em></strong></span> <span class='ocrx_word' id='word_1_834' title='bbox 2043 5270 2199 5318; x_wconf 85' lang='lat' dir='ltr'><strong><em>Pauli</em></strong></span> <span class='ocrx_word' id='word_1_835' title='bbox 2242 5268 2545 5332; x_wconf 89' lang='lat' dir='ltr'><strong><em>Epistolam</em></strong></span> <span class='ocrx_word' id='word_1_836' title='bbox 2597 5269 2665 5317; x_wconf 87' lang='lat' dir='ltr'><strong><em>ad</em></strong></span> <span class='ocrx_word' id='word_1_837' title='bbox 2715 5268 3049 5318; x_wconf 84' lang='lat' dir='ltr'><strong><em>Cerintbios.</em></strong></span> <span class='ocrx_word' id='word_1_838' title='bbox 3084 5268 3226 5319; x_wconf 86' lang='lat' dir='ltr'><strong><em>Vide</em></strong></span> <span class='ocrx_word' id='word_1_839' title='bbox 3266 5270 3487 5334; x_wconf 84' lang='lat' dir='ltr'><strong><em>Rigaltii</em></strong></span> 
     </span>
    </p>
   </div>
   <div class='ocr_carea' id='block_1_121' title="bbox 1857 5340 3486 5391">
    <p class='ocr_par' dir='ltr' id='par_1_121' title="bbox 1857 5340 3486 5391">
     <span class='ocr_line' id='line_1_123' title="bbox 1857 5340 3486 5391; baseline 0 0"><span class='ocrx_word' id='word_1_840' title='bbox 1857 5340 2270 5391; x_wconf 86' lang='lat' dir='ltr'><strong><em>observationes</em></strong></span> <span class='ocrx_word' id='word_1_841' title='bbox 2334 5341 2401 5390; x_wconf 91' lang='lat' dir='ltr'><strong><em>ad</em></strong></span> <span class='ocrx_word' id='word_1_842' title='bbox 2453 5340 2657 5390; x_wconf 88' lang='lat' dir='ltr'><strong><em>librum</em></strong></span> <span class='ocrx_word' id='word_1_843' title='bbox 2717 5340 3043 5390; x_wconf 86' lang='lat' dir='ltr'><strong><em>Tertulliani</em></strong></span> <span class='ocrx_word' id='word_1_844' title='bbox 3096 5340 3164 5389; x_wconf 89' lang='lat' dir='ltr'><strong><em>de</em></strong></span> <span class='ocrx_word' id='word_1_845' title='bbox 3222 5343 3486 5391; x_wconf 75' lang='lat' dir='ltr'><strong><em>Resurrcc~</em></strong></span> 
     </span>
    </p>
   </div>
   <div class='ocr_carea' id='block_1_122' title="bbox 1858 5411 3487 5475">
    <p class='ocr_par' dir='ltr' id='par_1_122' title="bbox 1858 5411 3487 5475">
     <span class='ocr_line' id='line_1_124' title="bbox 1858 5411 3487 5475; baseline 0 -14"><span class='ocrx_word' id='word_1_846' title='bbox 1858 5413 1996 5461; x_wconf 82' lang='lat' dir='ltr'><strong><em>tione</em></strong></span> <span class='ocrx_word' id='word_1_847' title='bbox 2036 5414 2234 5465; x_wconf 81' lang='lat' dir='ltr'><strong><em>carnis.</em></strong></span> <span class='ocrx_word' id='word_1_848' title='bbox 2273 5412 2732 5475; x_wconf 88' lang='lat' dir='ltr'><strong><em>Christophorum</em></strong></span> <span class='ocrx_word' id='word_1_849' title='bbox 2776 5411 3073 5460; x_wconf 86' lang='lat' dir='ltr'><strong><em>Justellum</em></strong></span> <span class='ocrx_word' id='word_1_850' title='bbox 3118 5412 3173 5459; x_wconf 91' lang='lat' dir='ltr'><strong><em>in</em></strong></span> <span class='ocrx_word' id='word_1_851' title='bbox 3223 5412 3377 5461; x_wconf 85' lang='lat' dir='ltr'><strong><em>Notis</em></strong></span> <span class='ocrx_word' id='word_1_852' title='bbox 3418 5411 3487 5462; x_wconf 86' lang='lat' dir='ltr'><strong><em>ad</em></strong></span> 
     </span>
    </p>
   </div>
   <div class='ocr_carea' id='block_1_123' title="bbox 1861 5480 3485 5546">
    <p class='ocr_par' dir='ltr' id='par_1_123' title="bbox 1861 5480 3485 5546">
     <span class='ocr_line' id='line_1_125' title="bbox 1861 5480 3485 5546; baseline -0.001 -15"><span class='ocrx_word' id='word_1_853' title='bbox 1861 5483 2123 5531; x_wconf 80' lang='lat' dir='ltr'><strong><em>Cononem</em></strong></span> <span class='ocrx_word' id='word_1_854' title='bbox 2173 5484 2232 5531; x_wconf 69' lang='lat'><strong><em>12</em></strong></span> <span class='ocrx_word' id='word_1_855' title='bbox 2288 5482 2479 5546; x_wconf 78' lang='lat' dir='ltr'><strong><em>synodi</em></strong></span> <span class='ocrx_word' id='word_1_856' title='bbox 2527 5481 2871 5542; x_wconf 74' lang='lat' dir='ltr'><strong><em>Antiochense,</em></strong></span> <span class='ocrx_word' id='word_1_857' title='bbox 2914 5480 3251 5531; x_wconf 88' lang='lat' dir='ltr'><strong><em>Fridericum</em></strong></span> <span class='ocrx_word' id='word_1_858' title='bbox 3307 5481 3485 5543; x_wconf 84' lang='lat' dir='ltr'><strong><em>Span-</em></strong></span> 
     </span>
    </p>
   </div>
   <div class='ocr_carea' id='block_1_124' title="bbox 1858 5551 3489 5604">
    <p class='ocr_par' dir='ltr' id='par_1_124' title="bbox 1858 5551 3489 5604">
     <span class='ocr_line' id='line_1_126' title="bbox 1858 5551 3489 5604; baseline -0.001 -3"><span class='ocrx_word' id='word_1_859' title='bbox 1858 5552 2107 5602; x_wconf 88' lang='lat' dir='ltr'><strong><em>bemium</em></strong></span> <span class='ocrx_word' id='word_1_860' title='bbox 2157 5558 2211 5603; x_wconf 90' lang='lat' dir='ltr'><strong><em>et</em></strong></span> <span class='ocrx_word' id='word_1_861' title='bbox 2262 5554 2533 5604; x_wconf 89' lang='lat' dir='ltr'><strong><em>Joannem</em></strong></span> <span class='ocrx_word' id='word_1_862' title='bbox 2587 5552 2937 5603; x_wconf 89' lang='lat' dir='ltr'><strong><em>Harduinum</em></strong></span> <span class='ocrx_word' id='word_1_863' title='bbox 2994 5554 3049 5602; x_wconf 92' lang='lat' dir='ltr'><strong><em>in</em></strong></span> <span class='ocrx_word' id='word_1_864' title='bbox 3090 5551 3489 5601; x_wconf 85' lang='lat' dir='ltr'><strong><em>dissertationi-</em></strong></span> 
     </span>
    </p>
   </div>
   <div class='ocr_carea' id='block_1_125' title="bbox 1859 5620 3489 5690">
    <p class='ocr_par' dir='ltr' id='par_1_125' title="bbox 1859 5620 3489 5690">
     <span class='ocr_line' id='line_1_127' title="bbox 1859 5620 3489 5690; baseline -0.002 -17"><span class='ocrx_word' id='word_1_865' title='bbox 1859 5624 1965 5675; x_wconf 88' lang='lat' dir='ltr'><strong><em>bus</em></strong></span> <span class='ocrx_word' id='word_1_866' title='bbox 1996 5639 2135 5690; x_wconf 87' lang='lat' dir='ltr'><strong><em>quas</em></strong></span> <span class='ocrx_word' id='word_1_867' title='bbox 2178 5626 2484 5676; x_wconf 86' lang='lat' dir='ltr'><strong><em>emiserunt</em></strong></span> <span class='ocrx_word' id='word_1_868' title='bbox 2536 5624 2597 5674; x_wconf 84' lang='lat' dir='ltr'><strong><em>de</em></strong></span> <span class='ocrx_word' id='word_1_869' title='bbox 2624 5624 2896 5687; x_wconf 82' lang='lat' dir='ltr'><strong><em>Baptismo</em></strong></span> <span class='ocrx_word' id='word_1_870' title='bbox 2928 5636 3031 5686; x_wconf 83' lang='lat' dir='ltr'><strong><em>pro</em></strong></span> <span class='ocrx_word' id='word_1_871' title='bbox 3071 5623 3307 5671; x_wconf 84' lang='lat' dir='ltr'><strong><em>mortuis.</em></strong></span> <span class='ocrx_word' id='word_1_872' title='bbox 3344 5620 3489 5690; x_wconf 85' lang='lat' dir='ltr'><strong><em>Vide</em></strong></span> 
     </span>
    </p>
   </div>
   <div class='ocr_carea' id='block_1_126' title="bbox 1859 5689 3496 5762">
    <p class='ocr_par' dir='ltr' id='par_1_126' title="bbox 1859 5689 3496 5762">
     <span class='ocr_line' id='line_1_128' title="bbox 1859 5689 3496 5762; baseline -0.004 -18"><span class='ocrx_word' id='word_1_873' title='bbox 1859 5689 2028 5747; x_wconf 83' lang='lat' dir='ltr'><strong><em>etiam</em></strong></span> <span class='ocrx_word' id='word_1_874' title='bbox 2066 5696 2449 5762; x_wconf 59' lang='lat' dir='ltr'><strong><em>praefationem</em></strong></span> <span class='ocrx_word' id='word_1_875' title='bbox 2497 5696 2788 5749; x_wconf 87' lang='lat' dir='ltr'><strong><em>Amboesil</em></strong></span> <span class='ocrx_word' id='word_1_876' title='bbox 2831 5695 2903 5746; x_wconf 87' lang='lat' dir='ltr'><strong><em>ad</em></strong></span> <span class='ocrx_word' id='word_1_877' title='bbox 2941 5691 3297 5752; x_wconf 76' lang='lat' dir='ltr'><strong><em>Abaelardum,</em></strong></span> <span class='ocrx_word' id='word_1_878' title='bbox 3327 5701 3379 5753; x_wconf 77' lang='grc' dir='ltr'>Ρ.</span> <span class='ocrx_word' id='word_1_879' title='bbox 3415 5689 3496 5739; x_wconf 63' lang='lat'><strong><em>‘24.</em></strong></span> 
     </span>
    </p>
   </div>
  </div>
