3978 6194
450 263 552 316 423

1469 259 1784 316 CYPRIANI
1827 260 2104 317 OPERUM
2147 261 2316 316 PARS
2357 263 2395 316 1.
2428 291 2497 302 -—
2527 263 2885 319 EPISTOLE.

3687 269 3778 324 424

454 387 723 452 fuerant;
755 382 944 455 410
977 398 1120 454 quos
1154 388 1287 437 tunc
1315 389 1530 450 tamen,
1560 385 1631 437 ad
1663 385 1964 439 Ecclesiam
1993 401 2080 439 re-
2107 397 2164 469 Α
2188 386 2413 451 (Galat.,
2443 403 2499 454 ιι,
2533 388 2617 457 ti)
2645 404 2656 452 ;
2706 387 3111 442 documentum
3152 387 3365 442 scilicet
3403 387 3558 443 nobis
3583 394 3634 444 et
3660 408 3783 445 cou-

454 483 739 534 vertentes
780 481 836 530 et
866 477 1254 546 pmnitentiam
1283 482 1537 548 agentes,
1565 495 1794 533 necesse
1823 496 1936 532 non
1960 484 2086 532 erat

450 573 762 642 baptizare.
810 570 968 634 Quod
1000 587 1098 624 nos
1132 588 1355 642 quoque
1392 572 1563 626 hodie
1606 573 1988 638 observamus,
2026 578 2087 625 ut

452 682 596 736 quos
631 669 851 719 constet
879 664 970 718 hic
1015 665 1322 735 baptizatos
1349 681 1469 719 esse
1502 672 1556 718 et
1593 683 1626 720 a
1669 666 1832 720 nobis
1858 667 1926 721 ad
1966 667 2081 720 hm-

454 763 658 818 reticos
677 761 986 832 transiisse,
1016 763 1059 816 si
1076 763 1464 834 postmodum,
1488 769 1714 834 peccato
1736 781 1835 818 suo
1857 765 2082 834 cognito

460 861 516 910 et
540 873 732 911 errore
753 856 998 927 digesto,
1025 857 1092 911 ad
1111 856 1411 910 veritatem
1434 860 1490 910 et
1510 854 1803 911 matricem
1829 857 2083 926 redeant,

461 950 595 1002 satis
621 950 692 1003 sit
718 950 776 1003 in
804 949 1194 1020 paenitentiam
1229 966 1462 1004 manum
1492 951 1834 1021 imponere;
1865 955 1929 1004 ut
1955 951 2086 1021 quia

462 1043 579 1097 ovis
599 1044 719 1113 jam
758 1043 946 1097 fuerat
972 1045 1041 1110 ⁵⁸,
1095 1043 1240 1097 hanc
1273 1043 1426 1098 enim
1466 1043 1844 1098 abalienatam
1884 1044 1991 1114 (36)
2031 1047 2087 1100 et

460 1136 839 1190 errabundam
883 1136 940 1191 in
983 1136 1122 1192 ovile
1164 1153 1328 1190 suum
1358 1140 1551 1207 pastor
1592 1137 1846 1208 recipiat.
1881 1137 1939 1192 Si
1981 1154 2082 1191 au-

459 1231 578 1283 tem
611 1228 708 1300 qui
737 1229 807 1282 ab
855 1229 1132 1284 haereticis
1176 1230 1350 1296 venit,
1398 1229 1706 1300 baptizatus
1734 1231 1791 1284 in
1841 1230 2086 1284 Ecclesia

459 1323 615 1394 prius
661 1340 777 1378 non
822 1323 947 1389 fuit,
991 1324 1089 1377 sed
1138 1323 1361 1377 alienus
1404 1324 1462 1377 in
1513 1329 1698 1378 totum
1725 1328 1782 1378 et
1813 1325 2086 1395 profanus

459 1417 636 1482 venit,
684 1415 1050 1486 baptizandus
1105 1420 1282 1470 estut
1332 1418 1448 1470 ovis
1489 1417 1620 1484 ﬁat,
1664 1418 1799 1487 quia
1842 1434 1960 1472 una
2003 1422 2088 1472 est

463 1526 610 1581 aqua
641 1509 698 1562 in
732 1509 974 1564 Ecclesia
1007 1513 1204 1564 sancta
1233 1527 1358 1580 quin
1387 1526 1516 1564 oves
1543 1511 1732 1565 faciat.
1762 1512 1825 1565 Et
1855 1511 2083 1579 idcirco,

460 1603 596 1673 quia
645 1602 784 1656 nihil
832 1607 1013 1674 potest
1040 1620 1159 1658 esse
1199 1620 1500 1658 commune
1533 1604 1830 1658 mendacio
1858 1607 1912 1658 et
1938 1605 2082 1658 veri-

459 1697 586 1762 tati,
634 1696 886 1749 tenebris
917 1700 974 1750 et
1004 1697 1134 1764 luci,
1165 1699 1335 1752 morti
1363 1701 1421 1752 et
1461 1698 1902 1763 immortalitati,
1936 1699 2082 1752 anti-

2185 479 2400 532 cordia:
2436 483 2492 532 et
2537 480 2832 549 patientiae
2877 479 3150 549 tribuens,
3197 485 3262 535 ut
3304 497 3417 536 non
3446 483 3785 553 pertinaciter
3831 524 3834 528 η

2183 579 2376 626 nostra
2420 589 2697 643 amemus,
2741 575 2837 628 sed
2881 591 3006 644 quae
3048 574 3350 645 aliquando
3395 593 3425 628 a
3465 577 3718 632 fratribus
3738 585 3786 634 et

2186 665 2415 735 collegis
2460 667 2668 721 nostris
2711 667 2923 722 utiliter
2952 675 3006 723 et
3057 668 3357 722 salubriter
3406 676 3784 740 suggeruntur,

2187 759 2231 812 si
2264 759 2376 812 sint
2405 776 2536 813 vera
2583 768 2637 813 et
2688 761 2961 830 legitima,
3011 762 3133 832 ipsa
3189 762 3377 831 potius
3420 770 3606 816 nostra
3635 765 3784 819 duca-

2186 867 2314 905 mus
2337 854 2402 905 ‘5.
2432 853 2530 909 Cui
2561 853 2641 906 rei
2665 855 2864 908 Paulus
2913 870 3139 924 quoque
3185 854 3554 924 prospiciens,
3585 861 3639 910 et
3668 873 3783 911 con-

2185 945 2387 999 cordia?
2435 952 2490 998 et
2522 946 2646 1016 paci
2692 946 2935 1001 ﬁdeliter
2984 947 3305 1013 consulens,
3343 948 3401 1000 in
3449 948 3680 1017 epistola
3706 967 3792 1003 sua

2187 1039 2379 1108 posuit
2406 1038 2595 1094 dicens
2626 1056 2639 1092 :
2669 1041 2949 1110 Propheta
2975 1045 3156 1094 autem
3186 1041 3291 1095 duo
3325 1048 3423 1094 aut
3447 1046 3548 1095 tres
3582 1043 3788 1111 loquan-

2188 1135 2297 1193 tur,
2328 1137 2377 1185 et
2402 1135 2578 1186 ceteri
2597 1135 2924 1188 examinant.
2945 1133 3006 1188 Si
3017 1140 3197 1188 autem
3214 1135 3315 1187 alii
3337 1135 3627 1188 revelatum
3641 1138 3791 1201 fuerit

2188 1225 2413 1288 sedenti,
2457 1227 2548 1280 ille
2577 1227 2728 1295 prior
2756 1232 2935 1281 taceat
2964 1228 3000 1294 (l
3029 1226 3173 1293 Cor.,
3207 1243 3316 1294 xxv,
3347 1229 3434 1293 29,
3482 1227 3585 1297 30).
3613 1227 3722 1299 41
3741 1228 3782 1299 1

2190 1317 2314 1382 Qua
2361 1319 2419 1372 in
2465 1324 2624 1389 parte
2666 1320 2858 1374 docuit
2902 1323 2960 1373 et
2989 1320 3242 1375 ostendit
3267 1321 3448 1375 multa
3476 1319 3703 1390 singulis
3742 1322 3791 1375 in

2187 1412 2394 1466 melius
2438 1413 2694 1480 revelari,
2744 1417 2802 1466 et
2826 1412 3031 1468 debere
3059 1429 3543 1485 unumquemque,
3574 1431 3680 1468 non
3705 1431 3793 1484 pro

2187 1521 2255 1561 eo
2304 1505 2457 1575 quod
2503 1507 2676 1560 semel
2726 1505 3032 1560 imbiberat
3078 1511 3136 1560 et
3183 1507 3413 1562 tenebat
3455 1507 3794 1577 pertinaciter

2187 1599 2480 1669 congredi,
2531 1599 2654 1666 sed,
2709 1599 2754 1653 si
2785 1599 2921 1670 quid
2965 1599 3172 1654 melius
3202 1605 3265 1654 et
3297 1600 3489 1654 utilius
3520 1601 3793 1666 exstiterit,

2193 1693 2436 1747 libenter
2456 1693 2742 1763 amplecti.
2785 1694 2905 1747 Non
2937 1693 3093 1748 enim
3126 1694 3412 1748 vincimur
3433 1693 3654 1764 quando
3678 1694 3798 1748 oile-

467 1790 678 1844 christo
725 1792 782 1843 et
831 1789 1072 1856 Christo,
1133 1807 1232 1860 per
1279 1791 1474 1845 omnia
1519 1791 1791 1845 debemus
1837 1791 2092 1845 Ecclesiae
2114 1763 2168 1835 B
2197 1791 2400 1841 runtur
2419 1786 2582 1840 nobis
2608 1786 2861 1853 meliora,
2887 1786 2987 1840 sed
3011 1787 3369 1854 instruimur,
3392 1788 3632 1841 maxime
3652 1789 3702 1842 in
3721 1788 3801 1842 his

464 1883 759 1936 catholicae
810 1883 1084 1937 unitatem
1136 1889 1352 1952 tenere,
1399 1901 1498 1939 nec
1548 1885 1604 1937 in
1650 1885 1836 1954 aliquo
1870 1885 2002 1939 ﬁdei
2037 1888 2094 1938 et

461 1976 713 2031 veritatis
745 1975 999 2030 hostibus
1029 1976 1250 2031 cedere.

533 2071 615 2125 ΙΙΙ.
667 2071 789 2124 Non
844 2073 924 2123 est
952 2074 1142 2123 autem
1171 2070 1240 2123 de
1272 2070 1682 2125 consuetudine
1713 2073 2083 2141 praescriben-

462 2163 622 2229 dum,
658 2163 752 2216 sed
787 2163 1002 2217 ratione
1032 2163 1391 2216 vincendum.
1427 2164 1568 2217 Nam
1597 2180 1700 2218 nec
1728 2165 1924 2219 Petrus
1955 2167 2086 2234 (37),

466 2273 637 2326 quem
672 2257 922 2326 primum
951 2256 1229 2310 Dominus
1253 2257 1443 2326 elegit,
1478 2260 1535 2310 et
1559 2274 1728 2328 super
1753 2274 1925 2328 quem
1953 2258 2089 2312 aedi-

460 2349 648 2404 ﬁcavit
691 2349 1001 2404 Ecclesiam
1031 2366 1210 2416 suam,
1250 2365 1378 2403 cum
1432 2366 1620 2403 secum
1650 2351 1855 2404 Paulus
1885 2351 1953 2404 de
1981 2353 2090 2405 cir-

463 2443 810 2497 cumcisione
861 2443 1222 2513 postmodum
1253 2443 1612 2513 disceptaret,
1652 2444 1957 2498 vindicavit
1984 2445 2092 2499 sibi

462 2536 672 2607 aliquid
705 2537 1024 2590 insolenter
1068 2542 1163 2590 aut
1194 2540 1531 2606 arroganter
1560 2538 1882 2607 assumpsit,
1915 2545 1974 2592 ut
2004 2539 2090 2592 di-

464 2633 616 2684 ceret
671 2646 727 2684 se
770 2630 1079 2700 primatum
1129 2633 1322 2684 tenere
1362 2631 1469 2700 (38)
1519 2634 1576 2682 et
1626 2629 2008 2701 obtemperari
2065 2650 2097 2684 a

463 2723 697 2778 novellis
738 2727 794 2776 et
845 2723 1083 2793 posteris
1133 2723 1238 2776 sibi
1286 2723 1470 2793 potius
1497 2727 1784 2793 oportere.
1835 2725 1944 2779 Nec
1995 2726 2092 2779 de-

472 2818 655 2888 spexit
710 2817 944 2871 l’aulum
1010 2817 1164 2886 quod
1232 2817 1490 2871 Ecclesia:
1559 2818 1715 2887 prius
1772 2822 2098 2888 persecutor

463 2911 683 2976 fuisset,
737 2910 835 2964 sed
884 2910 1181 2964 consilium
1227 2910 1472 2964 veritatis
1517 2910 1766 2976 admisit,
1796 2917 1850 2965 et
1893 2913 2096 2964 rationi

462 3003 734 3074 legitimae
777 3020 951 3074 quam
987 3003 1192 3058 Paulus
1236 3002 1559 3058 vindicabat
1609 3003 1769 3058 facile
1815 3005 2098 3058 consensit

2195 1896 2324 1950 quae
2358 1879 2430 1933 ad
2461 1879 2725 1934 Ecclesia:
2745 1879 3029 1935 unitatem
3062 1881 3351 1952 pertinent
3379 1885 3439 1934 et
3457 1880 3576 1950 spei
3601 1897 3661 1934 ac
3684 1880 3797 1935 ﬁdei

2194 1979 2401 2028 nostrae
2446 1975 2744 2028 veritatem
2772 1992 2788 2043 ;
2815 1978 2879 2028 ut
2903 1991 3006 2029 nos
3060 1974 3374 2028 sacerdotes
3405 1975 3523 2041 Dei,
3554 1980 3608 2029 et
3634 1975 3799 2028 Eccle-

2195 2067 2290 2120 sia:
2327 2067 2447 2135 ejus
2477 2068 2547 2121 de
2579 2067 2753 2137 ipsius
2783 2067 3117 2139 dignatione
3143 2068 3437 2139 praepositi
3465 2067 3697 2122 sciamus
3721 2084 3800 2123 re-

2195 2159 2427 2214 missam
2455 2163 2818 2231 peccatorum
2853 2178 2966 2216 non
2993 2162 3103 2215 nisi
3129 2163 3187 2216 in
3215 2163 3461 2216 Ecclesia
3494 2161 3611 2216 dari
3638 2177 3799 2231 posse,

2194 2270 2299 2308 nec
2330 2270 2494 2324 posse
2525 2254 2878 2309 adversarios
2922 2255 3128 2309 Christi
3174 2255 3494 2326 quidquam
3537 2254 3638 2309 sibi
3673 2255 3801 2308 circa

2195 2348 2314 2416 ejus
2344 2347 2578 2418 gratiam
2611 2347 2916 2402 vindicare.

2267 2441 2354 2494 1V.
2387 2440 2546 2504 Quod
2595 2441 2823 2511 quidem
2854 2444 2910 2495 et
2944 2441 3306 2511 Agrippinus,
3339 2441 3508 2496 bonas
3539 2443 3802 2496 memoris:

2196 2533 2283 2586 vir
2339 2535 2470 2604 (59),
2523 2551 2649 2588 cum
2697 2533 2913 2589 caeteris
2958 2534 3310 2606 coepiscopis
3338 2537 3455 2590 suis
3489 2537 3585 2607 qui
3625 2537 3714 2590 illo
3754 2537 3804 2589 in

2198 2632 2455 2698 tempore
2501 2629 2557 2680 in
2588 2628 2876 2698 provincia
2905 2629 3086 2684 Africa
3118 2632 3174 2683 et
3201 2630 3471 2684 Numidia
3526 2629 3802 2684 Ecclesiam

2199 2720 2417 2773 Domini
2447 2721 2866 2791 gubernabant,
2898 2722 3091 2777 statuit
3131 2725 3186 2776 et
3228 2723 3433 2777 librato
3464 2723 3576 2794 (40)
3607 2722 3803 2776 consilii

2198 2819 2512 2873 communis
2537 2819 2801 2874 examine
2829 2820 3099 2876 ﬁrmavit.
3127 2823 3374 2884 Quorum
3401 2820 3732 2876 sententiam
3758 2825 3806 2872 et

2198 2912 2524 2982 religiosam
2547 2919 2602 2968 et
2627 2914 2944 2986 legitimam
2973 2921 3029 2970 et
3049 2915 3372 2984 salutarem,
3399 2914 3532 2970 ﬁdei
3568 2919 3620 2968 et
3644 2913 3806 2968 Eccle-

2199 3005 2293 3059 siae
2339 3006 2634 3061 catholicae
2685 3013 3126 3079 congruentem,
3171 3027 3272 3064 nos
3325 3008 3500 3064 etiam
3529 3007 3694 3062 secuti
3721 3021 3803 3058 su-

1831 3129 2041 3192 Variae
2102 3130 2438 3195 lectiones.

527 3248 570 3281 ⁴⁸
604 3247 737 3297 Ovis
755 3247 936 3296 fuerat
967 3248 1121 3295 Oxon.

1221 3249 1262 3279 ‘5
1299 3246 1416 3309 Ipsa
1444 3247 1629 3310 potius
1659 3247 2058 3310 amplectamur
2093 3249 2213 3297 Thu.
2243 3250 2351 3299 Ista
2383 3250 2522 3300 Foss.

1757 3352 1979 3433 Steph.
2030 3352 2274 3415 Baluzii
2317 3359 2516 3417 nota.

531 3473 628 3560 (3d)
686 3472 1074 3560 Aba‘lienatam;
1099 3473 1259 3560 'T‘res
1302 3472 1429 3560 libri
1471 3476 1687 3560 vetpres
1728 3473 1934 3523 habent
1975 3472 2174 3560 abi-C
2199 3479 2382 3560 tamen
2407 3475 2667 3560 “nonnde
2711 3476 2880 3560 longa
2909 3475 3321 3560 consuetudine
3351 3473 3806 3560 prmscribendum

469 3551 699 3610 geatam,
727 3549 850 3595 octo
883 3545 975 3593 alii
1012 3543 1294 3606 abjectam,
1335 3544 1477 3592 alius
1521 3542 1784 3604 abactam,
1826 3557 1972 3592 unus
2013 3557 2098 3593 re-

471 3619 594 3681 gius
619 3632 649 3663 «
671 3615 937 3678 abjectam
972 3619 1026 3664 et
1052 3615 1474 3665 tremebundam
1500 3615 1555 3662 in
1583 3615 1743 3664 ovile.
1777 3632 1802 3661 »
1831 3615 2102 3680 Rigaltius

467 3689 645 3750 magis
668 3686 863 3748 probat
887 3686 1209 3750 abigentam.

529 3759 624 3821 (37)
661 3760 794 3808 Nam
838 3771 929 3807 nec
974 3759 1176 3806 Petrus.
1220 3757 1407 3806 Refert
1445 3757 1597 3806 hunc
1645 3758 1829 3807 locum
1873 3762 2101 3808 sanctus

469 3830 820 3894 Augustinus
859 3830 913 3878 in
951 3829 1108 3879 initio
1149 3829 1272 3877 libri
1319 3829 1549 3879 secundi
1593 3829 1655 3879 de
1686 3830 1951 3892 Baptismo
1998 3830 2102 3878 ad—

469 3913 665 3951 versus
689 3901 1013 3950 Donatistae.

533 3973 630 4032 (38)
683 3971 746 4019 Se
791 3972 1077 4032 primatum
1127 3975 1313 4018 tenere.
1373 3972 1434 4020 In
1491 3972 1824 4034 glossemate
1869 3971 1994 4020 libri
2042 3972 2106 4021 de

478 4042 684 4091 Unilate
727 4040 966 4090 Ecclesiae
1000 4057 1015 4088 :
1069 4057 1097 4087 «
1149 4040 1423 4089 Primatus
1472 4041 1631 4090 Petro
1688 4041 1851 4090 datur
1893 4047 1957 4092 ut
1993 4056 2104 4092 una

473 4111 678 4161 Christi
710 4112 961 4161 Ecclesia
999 4115 1054 4162 et
1086 4124 1196 4160 una
1230 4109 1503 4161 Cathedra
1541 4126 1662 4162 esse
1693 4117 2042 4163 monstretur.
2076 4133 2103 4159 »

472 4181 612 4231 Vide
644 4182 757 4231 illic
788 4182 1201 4232 observationes
1229 4182 1466 4243 Rigaltii.

533 4255 630 4312 (39)
694 4253 1022 4316 Agrippinus
1075 4253 1221 4301 bona:
1273 4255 1534 4302 memoriae
1586 4256 1683 4301 vir.
1741 4252 1888 4302 Citat
1951 4254 2101 4303 hunc

472 4323 658 4374 locum
702 4328 930 4373 sanctus
972 4325 1319 4386 Augustinus
1350 4323 1442 4373 lib.
1484 4338 1518 4373 ιι
1559 4324 1621 4373 de
1660 4325 1925 4386 Baptismo
1973 4339 2104 4374 con-

470 4395 550 4442 tra
583 4393 922 4456 Donatistas,
949 4408 1066 4458 cap.
1101 4397 1149 4442 9.
1193 4395 1303 4445 Sed
1343 4408 1443 4458 ego
1479 4408 1589 4444 non
1637 4396 1859 4444 invenio
1901 4395 1957 4442 in
1998 4394 2105 4444 hoc

471 4462 596 4514 loco
624 4463 887 4528 Cypriani
925 4466 1074 4528 quod
1125 4466 1475 4529 Augustinus
1507 4465 1672 4528 paulo
1712 4469 1838 4513 ante
1878 4465 1954 4514 ait
1987 4464 2105 4528 Cy-

472 4536 727 4598 prianum
759 4534 964 4585 dixisse
1005 4535 1467 4586 consuetudinem
1512 4535 1578 4584 de
1621 4535 1952 4598 recipiendis
1989 4535 2104 4586 hae-

472 4605 660 4654 reticis
694 4604 904 4668 absque
943 4620 1088 4656 novo
1133 4607 1416 4669 Baptismo
1449 4607 1607 4669 quasi
1651 4608 1860 4670 coepisse
1905 4607 2106 4670 corrigi

471 4689 570 4740 per
595 4675 980 4741 Agrippinum,
1011 4679 1065 4726 et
1108 4690 1233 4726 mox
1265 4676 1333 4726 de
1367 4690 1469 4725 suo
1512 4677 1588 4725 ait
1628 4690 1749 4727 eam
1791 4690 1883 4736 per
1910 4677 2105 4739 Agrip-

469 4748 657 4810 pinum
719 4748 987 4810 corrumpi
1057 4749 1285 4811 cwpisse,
1346 4761 1453 4796 non
1511 4748 1724 4810 corrigi.
1795 4748 1872 4795 Ita
1931 4748 2106 4810 expli-

472 4818 649 4868 canda
698 4822 844 4866 sunt.
891 4819 984 4867 Ait
1031 4819 1378 4882 Augustinus
1431 4819 1799 4881 quaestionem
1842 4817 1910 4866 de
1950 4831 2104 4879 repe—

471 4891 666 4939 titione
693 4889 959 4952 Baptismi
987 4888 1235 4938 nondum
1263 4891 1422 4938 aetate
1468 4887 1730 4951 Cypriani
1768 4887 1940 4935 fuisse
1978 4899 2101 4948 per-

472 4963 762 5010 tractatam
821 4959 1134 5021 diligenter,
1183 4959 1276 5008 sed
1334 4962 1517 5007 tamen
1571 4956 1931 5008 saluberrima
1971 4970 2102 5006 con-

473 5031 772 5080 suetudine
827 5031 1070 5079 tenuisse
1115 5029 1446 5089 Ecclesiam,
1494 5028 1798 5079 Romanam
1827 5027 2105 5085 videlicet,

469 5108 529 5151 ut
589 5103 818 5166 planum
877 5107 958 5151 est
1016 5116 1084 5152 ex
1151 5100 1392 5164 Epistola
1454 5100 1796 5158 Firmiliani,
1853 5100 1908 5147 in
1972 5098 2106 5160 ipsis

473 5186 694 5235 quoque
747 5171 1120 5222 schismaticis
1177 5175 1230 5220 et
1283 5170 1565 5221 haereticis
1625 5170 1900 5233 corrigere
1958 5167 2107 5232 quod

471 5254 702 5305 pravum
751 5246 883 5303 erat,
929 5256 1038 5292 non
1089 5244 1284 5292 iterare
1331 5242 1478 5306 quod
1525 5241 1716 5290 datum
1768 5245 1931 5291 esset.
1985 5242 2109 5290 Alia

474 5318 592 5363 erat
633 5313 980 5363 consuetudo
1028 5313 1282 5363 ecclesiae
1331 5315 1624 5363 Africanae.
1669 5312 1740 5362 Et
1783 5313 1914 5377 quia
1963 5314 2108 5375 Papa

475 5383 795 5446 Stephanus
826 5385 963 5434 nihil
1008 5383 1272 5434 afferebat
1309 5383 1376 5433 ad
1418 5384 1853 5434 conﬁrmandam
1892 5385 2108 5447 opinio-

472 5467 604 5504 nem
657 5468 817 5504 suam
866 5470 1031 5519 quam
1078 5455 1563 5515 consuetudinem,
1609 5456 1833 5518 sugillat
1874 5455 2106 5518 Cypria-

471 5538 581 5575 nus
639 5526 784 5577 hanc
836 5525 1155 5591 disputandi
1211 5526 1553 5586 methodum,
1608 5531 1660 5577 et
1713 5527 1788 5575 ait
1827 5528 1984 5590 epist.
2025 5526 2104 5586 7t,

471 5610 528 5661 p.
591 5598 698 5658 19.7,
731 5603 786 5647 et
835 5599 992 5661 epist.
1048 5599 1127 5654 74,
1184 5612 1306 5661 pag.
1353 5597 1463 5654 141,
1517 5597 1794 5659 agendum
1845 5610 1965 5646 esse
2013 5611 2106 5645 ra—

472 5669 643 5730 tione,
680 5682 790 5718 non
830 5667 1254 5728 consuetudine,
1284 5681 1449 5730 quam
1487 5673 1645 5716 vocat
1683 5669 1882 5718 erroris
1920 5671 2104 5715 vetus-

476 5743 661 5790 tatem.
720 5741 855 5790 Nam
913 5741 1168 5804 quamvis
1225 5737 1572 5789 consuetudo
1628 5739 1804 5801 legem
1859 5739 2106 5787 imitetur

472 5815 524 5868 et
553 5825 663 5861 non
705 5813 893 5862 minus
937 5824 1104 5877 quam
1151 5810 1299 5874 quod
1349 5811 1614 5874 scriptum
1666 5817 1746 5860 est
1789 5813 2104 5873 usurpatur,

2124 4853 2184 4924 D

2201 3552 2304 3609 est,
2362 3547 2468 3596 nisi
2525 3547 2598 3596 sit
2652 3547 2995 3596 rationabilis
3039 3551 3094 3596 et
3137 3561 3234 3610 per
3298 3551 3519 3596 tantum
3569 3545 3809 3608 temporis

2202 3617 2480 3668 duraverit
2510 3618 2657 3681 quod
2685 3621 2803 3681 ejus
2842 3619 3062 3667 initium
3100 3632 3212 3667 non
3257 3622 3514 3667 teneatur
3558 3619 3611 3666 in
3648 3616 3806 3666 homi-

2203 3702 2336 3737 num
2369 3690 2649 3738 memoria.
2679 3688 3158 3739 Consuetudinem
3184 3689 3331 3738 enim
3371 3689 3532 3739 aiunt
3558 3689 3807 3750 juriscon-

2202 3760 2329 3808 sulti
2353 3772 2473 3810 esse
2499 3772 2660 3809 usum
2688 3759 3072 3810 rationabilem
3099 3761 3436 3823 competenti
3469 3764 3706 3822 tempore
3737 3756 3810 3804 ﬁr-

2202 3834 2430 3890 matum,
2463 3831 2616 3879 nullo
2641 3835 2767 3882 actu
2799 3833 3071 3881 contrario
3098 3833 3490 3893 interruptum.
3524 3829 3811 3893 Cyprianus

2204 3906 2392 3951 contra
2435 3901 2825 3951 consuetudini
2865 3902 3260 3962 Romanorum,
3289 3915 3461 3964 quam
3500 3901 3674 3950 aiebat
3711 3911 3808 3946 non

2205 3970 2488 4020 dimanare
2519 3971 2587 4020 de
2621 3972 2772 4021 fonte
2811 3972 3138 4035 apostolico,
3174 3976 3238 4020 ut.
3271 3971 3502 4035 agnovit
3531 3971 3688 4021 etiam
3726 3968 3809 4017 Ba-

2205 4044 2414 4103 ronius,
2473 4043 2789 4105 opponebat
2837 4043 3297 4094 consuetudinem
3345 4043 3610 4102 veritatis,
3661 4053 3808 4102 quam

2205 4113 2435 4175 putabat
2461 4127 2585 4164 esse
2621 4116 2676 4162 in
2712 4114 2949 4164 ecclesia
2979 4114 3261 4164 Africana.
3301 4113 3451 4164 Sane
3487 4111 3811 4176 Augustinus

2205 4184 2282 4231 ait
2339 4184 2797 4234 consuetudinem
2861 4185 3057 4235 cedere
3115 4184 3317 4235 debere
3381 4184 3595 4234 veritati
3653 4181 3810 4230 mani-

2205 4253 2432 4303 festatae.
2480 4255 2549 4303 Et
2596 4254 2726 4318 quia
2757 4254 2849 4303 illa
2874 4269 2985 4304 non
3010 4259 3126 4304 erat
3168 4253 3521 4303 manifestata
3564 4266 3680 4303 aavo
3715 4250 3811 4312 Cy-

2204 4325 2403 4388 priani,
2445 4329 2505 4373 ut
2540 4339 2666 4388 quas
2710 4325 2959 4374 nondum
3007 4329 3336 4389 pertractata
3373 4326 3557 4374 fuerat
3600 4324 3810 4383 diligen-

2208 4400 2307 4456 ter,
2340 4401 2625 4460 propterea
2654 4397 2808 4446 illum
2855 4402 3106 4458 excusat,
3141 4400 3193 4446 et
3240 4400 3398 4460 putat
3443 4396 3601 4446 illum
3643 4405 3811 4455 recep-

2207 4470 2392 4516 turum
2447 4468 2617 4517 fuisse
2667 4469 2976 4529 veritatem,
3035 4468 3245 4516 situm
3286 4481 3351 4517 ea
3395 4467 3592 4517 fuisset
3647 4466 3811 4514 mani—

2207 4537 2421 4599 festata,
2458 4541 2537 4587 uti
2585 4542 2773 4600 postea
2821 4539 2924 4587 fuit
2968 4540 3023 4587 in
3074 4538 3310 4588 concilio
3357 4538 3623 4601 plenario.
3651 4536 3811 4586 Caste-

2205 4622 2328 4656 rum
2385 4609 2511 4659 istic
2574 4608 2952 4658 adnotandum
3010 4614 3092 4659 est
3151 4609 3246 4659 diu
3307 4615 3434 4659 ante
3493 4608 3812 4673 Cyprianum

2207 4684 2486 4742 receptam
2535 4680 2706 4730 fuisse
2747 4679 3100 4743 disciplinam
3150 4681 3218 4731 de
3275 4680 3618 4743 baptizandis
3659 4679 3812 4727 haere-

2206 4751 2332 4799 ticis
2361 4749 2430 4798 ad
2460 4751 2765 4800 Ecclesium
2797 4751 3174 4812 venientibus,
3207 4756 3266 4801 ut
3295 4751 3550 4802 dicemus
3595 4751 3649 4798 in
3683 4747 3812 4797 notis

2208 4819 2274 4869 ad
2324 4821 2610 4870 Concilium
2659 4822 3099 4886 Carthaginiense,
3131 4822 3381 4886 adeoque
3423 4822 3624 4871 falsum
3662 4819 3814 4868 fuisse

2207 4891 2576 4954 Nicephorum
2649 4893 2938 4943 Callistum
3014 4908 3140 4944 cum
3216 4895 3437 4956 scripsit
3495 4892 3812 4955 Cyprianum

2205 4964 2444 5026 primum
2484 4966 2654 5014 fuisse
2685 4966 2781 5028 qui
2826 4964 3184 5029 baptizandos
3233 4979 3353 5016 esse
3395 4965 3669 5014 censuerit
3711 4961 3814 5010 hie-

2206 5035 2425 5084 reticos.
2460 5035 2676 5084 Addam
2717 5036 2773 5084 in
2814 5036 2921 5086 hoc
2967 5036 3090 5086 loco
3133 5036 3456 5098 Gregorium
3503 5035 3702 5098 Papam
3728 5029 3813 5078 VII

2207 5117 2374 5154 usum
2431 5119 2550 5155 esse
2599 5108 2924 5157 auctoritate
2972 5107 3234 5171 Cypriani
3283 5107 3550 5156 adversus
3597 5114 3814 5154 consue-

2211 5176 2456 5228 tudinem
2511 5181 2670 5242 cujus
2714 5192 2850 5228 usus
2907 5180 3218 5229 contrarius
3264 5182 3346 5228 est
3399 5177 3646 5236 veritati,
3700 5174 3812 5237 quia

2209 5249 2475 5311 quaelibet
2530 5250 2898 5311 consuetudo,
2954 5252 3314 5313 quantumvis
3357 5251 3596 5309 vetusta,
3653 5257 3813 5309 quan-

2209 5321 2414 5368 tumvis
2451 5321 2690 5384 vulgata,
2721 5323 2940 5371 veritati
2978 5327 3063 5371 est
3099 5319 3498 5384 postponenda.
3543 5319 3730 5368 Exstat
3758 5325 3814 5362 ea

2208 5389 2456 5452 Gregorii
2505 5391 2752 5454 Epistola
2797 5391 2943 5455 apud
2984 5394 3321 5450 Gratianum,
3356 5391 3482 5440 dist.
3533 5392 3582 5451 8,
3629 5401 3738 5450 cap.
3767 5384 3815 5433 Si

2208 5462 2645 5511 consuetudinem.
3593 5501 3599 5505 .

2270 5533 2367 5592 (40)
2419 5533 2652 5582 Librato.
2701 5535 2836 5584 Tres
2905 5535 3028 5585 libri
3081 5539 3318 5594 veteres,
3365 5532 3557 5582 librato
3613 5529 3814 5582 consitio

2206 5605 2484 5652 communi.
2525 5605 2635 5654 Alii
2664 5609 2875 5667 septem
2903 5610 2957 5655 et
3001 5606 3166 5656 editio
3202 5605 3436 5664 Erasmi,
3469 5603 3664 5652 librata
3703 5613 3812 5648 con—

2207 5673 2316 5723 silii
2361 5676 2649 5726 communis
2693 5679 3105 5728 examinatione.
3151 5676 3260 5738 Qui
3302 5675 3578 5725 scribendi
3632 5669 3813 5722 modus

2207 5750 2384 5795 exstat
2416 5747 2580 5796 etiam
2605 5749 2661 5797 in
2686 5749 2844 5798 initio
2874 5749 3122 5812 epistolae
3147 5750 3449 5814 sequentis.
