3978 6194
171 211 258 262 425
1510 203 1832 262 EPISTOLA
1872 203 2066 260 LXXV.

3378 212 3480 266 426

159 347 281 385 mus.
309 330 368 383 Et
401 330 591 399 quales
630 345 802 400 super
846 329 952 384 hac
998 346 1060 384 re
1099 330 1319 384 litteras
1363 329 1664 384 fecerimus
1698 337 1758 384 ut
1779 346 1837 415 Α
1929 331 2168 384 nendum
2213 334 2309 400 qui
2353 331 2564 386 diversa
2606 334 2884 387 sentirent.
2925 333 3010 387 Ita
3046 336 3296 402 quamvis
3337 350 3479 388 eom-

161 425 322 491 scires,
366 423 682 493 exemplum
725 440 924 478 earum
973 425 1055 478 ad
1116 424 1376 478 notitiam
1437 427 1553 478 tam
1601 429 1756 478 luam

160 534 309 589 quam
347 518 391 551 ⁴⁶
436 515 909 588 cocpiscoporum
955 521 1284 572 nostrorum
1322 517 1419 589 qui
1457 518 1570 572 illic
1609 525 1760 584 sunt,

161 627 246 682 pro
290 610 569 664 communi
621 611 947 680 dilectione,
1000 611 1448 667 transmisimus.
1492 611 1638 682 Opto
1680 616 1759 679 te,

161 705 313 759 frater
337 703 679 771 charissima,
702 721 932 776 semper
958 705 1111 762 bene
1144 706 1356 760 valere.

673 825 999 881 EPISTULA
1040 827 1229 881 LXXII.

158 935 374 992 (Emam,
419 945 474 996 ιι,
511 938 571 996 1;
613 936 825 997 Pamel.,
873 937 1082 999 Rgalt.,
1126 937 1317 995 Baluz.,
1360 936 1552 994 Oxon.,
1597 933 1758 997 Lips.,

207 1017 371 1066 um;
409 1005 590 1066 Paris.,
621 1017 773 1069 LXXI;
807 1005 1102 1070 Coustant.,
1128 1007 1288 1070 Epist.
1324 1009 1474 1056 Rom.
1522 1007 1692 1067 Pont.,
1725 1016 1761 1064 1,

207 1081 317 1139 iis;
344 1077 552 1138 Routh.,
581 1077 710 1126 Bell.
743 1092 868 1139 scr.,
899 1090 976 1139 ιιι,
1001 1094 1054 1142 p.
1082 1082 1140 1129 88
1172 1082 1223 1128 et
1245 1081 1378 1140 tu.)

405 1193 474 1230 AD
514 1192 836 1233 STEPHANI]!
877 1194 1074 1246 PAPAI,
1119 1194 1185 1232 DE
1223 1192 1488 1232 CONCILIO.

157 1285 535 1338 Ancuuamuu.
562 1314 628 1323 —
673 1283 980 1354 Cyprianus
1019 1300 1138 1339 eum
1175 1285 1390 1353 collegis
1436 1285 1496 1336 in
1541 1281 1764 1336 concilio

213 1372 463 1441 quodam,
519 1375 746 1426 nuntiat
793 1373 1061 1444 Stephano
1124 1376 1359 1430 Romano
1410 1373 1684 1440 Pontiﬁci,
1729 1386 1764 1424 a

219 1477 319 1516 sese
346 1467 610 1517 statutum
639 1479 764 1525 esse,
791 1471 905 1518 tum
929 1470 990 1518 ut
1011 1464 1078 1518 ab
1094 1464 1357 1518 haereticis
1377 1462 1450 1516 ad
1472 1461 1766 1517 Ecclesium

216 1557 523 1606 revertentes
558 1552 923 1622 baptizentur,
956 1557 1070 1607 tum
1099 1559 1161 1607 ut
1191 1553 1307 1606 alia
1333 1551 1640 1606 conditione
1657 1564 1764 1604 non

213 1642 539 1708 recipiantur
582 1643 820 1710 episcopi
862 1647 960 1695 aut
994 1643 1301 1710 presbyteri
1343 1641 1410 1694 ab
1456 1639 1646 1694 iisdem
1677 1653 1761 1692 ve-

218 1732 432 1796 nientes,
463 1745 626 1799 quam
655 1734 715 1784 ut
739 1732 1194 1785 communicarent
1222 1732 1368 1784 laici.

618 1822 777 1893 (Vide
809 1827 848 1877 t.
881 1825 924 1891 Ι,
951 1824 1060 1878 col.
1098 1823 1277 1893 1083.)

649 1942 971 2000 EPISTOLA
1014 1943 1238 1999 LXXIII.

153 2051 363 2117 (Erum,
389 2052 454 2102 ad
477 2053 744 2114 Jubaian.,
768 2053 831 2104 de
869 2055 1052 2104 Haeret.
1093 2053 1257 2117 bapt.,
1294 2069 1348 2119 p.
1384 2057 1474 2102 322
1493 2069 1508 2117 ;
1539 2055 1763 2115 Pamel.,

223 2123 417 2186 Rigalt.,
448 2125 647 2186 Belum,
677 2126 865 2187 Oxon.,
892 2126 1054 2189 Lips,
1075 2137 1236 2176 Lxxm
1252 2141 1268 2189 ;
1293 2125 1474 2188 Paria,
1496 2126 1678 2187 Lxxu.)

319 2237 387 2274 AD
425 2237 754 2290 JUBAIANUI,
795 2239 862 2277 DE
901 2239 1195 2280 HBRETICIS
1231 2240 1586 2281 BAPTIZANDIS.

155 2318 507 2370 Aacuusmuu
548 2316 710 2385 hujus
743 2319 978 2388 epistolae
1013 2318 1174 2374 habes
1219 2321 1378 2374 initio
1409 2318 1609 2388 synodi
1638 2320 1764 2376 Cur-

215 2406 438 2473 thagin.,
481 2421 655 2475 supra
695 2413 820 2461 tom.
872 2408 909 2474 I,
946 2409 1007 2461 in
1053 2409 1162 2462 haec
1199 2409 1364 2462 verba
1410 2424 1422 2462 :
1456 2407 1768 2477 Cyprianus

214 2495 343 2548 dia-it
377 2511 390 2548 ε
441 2516 469 2545 α
518 2495 792 2556 Audistis,
825 2496 1038 2564 college
1074 2497 1425 2563 dilectissimi,
1457 2497 1592 2566 quid
1636 2495 1770 2550 mihi

212 2585 507 2638 Jabaianus
559 2587 892 2654 coepiscopus
937 2591 1115 2641 noster
1159 2587 1451 2655 scripserit,
1495 2586 1770 2641 consulens

216 2673 643 2728 mediocritatem
683 2677 926 2728 nostram
961 2675 1026 2730 de
1063 2675 1258 2728 illicito
1295 2680 1345 2729 et
1389 2677 1626 2744 profano
1662 2675 1769 2728 h2-

216 2765 493 2816 reticorum
551 2763 837 2833 baptismo,
883 2768 931 2818 et
978 2763 1114 2833 quid
1157 2779 1250 2832 ego
1294 2765 1344 2818 ei
1387 2766 1769 2834 rescripserim,

221 2867 420 2907 censens
470 2853 672 2908 scilicet
723 2852 866 2920 quod
911 2853 1068 2907 semel
1114 2859 1276 2921 atque
1318 2855 1512 2907 iterum
1554 2858 1601 2907 et
1637 2868 1774 2922 saepe

229 2943 569 3004 censuimus,
635 2940 909 2996 haereticos
971 2941 1044 2995 ad
1105 2941 1395 2996 Ecclesium
1456 2944 1769 3003 venientes,

221 3031 452 3086 Ecclesiae
499 3032 776 3102 Baptismo
816 3033 1153 3100 sanctiﬁcari
1191 3037 1240 3085 et
1295 3031 1570 3102 baptizari
1612 3023 1770 3100 opor-

221 3125 334 3174 tere.
392 3141 422 3171 »
479 3123 726 3175 Pertinet
784 3121 970 3189 itaque
1021 3122 1185 3174 etiam
1247 3121 1354 3174 hac
1405 3121 1480 3174 ad
1545 3135 1774 3174 errorem

220 3207 471 3278 Cypriani
491 3215 545 3264 et
576 3211 1023 3280 coepiscoporum.
1271 3266 1278 3272 ,

166 3302 298 3370 (Eam
345 3319 546 3374 porro,
591 3302 736 3356 sicut
777 3306 834 3356 et
879 3302 1326 3372 praecedentem,
1360 3302 1508 3356 inter
1551 3319 1772 3374 magnae

227 3382 660 3454 Rebaptismatis
683 3397 863 3435 causa:
893 3388 1263 3438 monumenta
1283 3381 1770 3437 demandavimus.

219 3460 405 3516 Videt.
437 3465 480 3526 Ι,
517 3463 624 3516 col.
665 3460 846 3528 H58.)

660 3581 983 3638 EPISTOLA
1013 3583 1229 3638 LXXIV.

163 3689 346 3747 (Erum.
387 3693 456 3742 ad
486 3693 779 3756 Pompeium
823 3698 1003 3744 contra
1037 3695 1185 3758 epist.
1233 3693 1502 3758 Stephani,
1542 3709 1592 3758 p.
1648 3698 1772 3743 332:

218 3763 375 3882 Ettmel
405 3800 418 3821 ,
445 3764 654 3894 R)igalt.,
701 3765 890 3827 Baluz.,
925 3775 1106 3826 Lxx1v;
1143 3764 1325 3827 Paris.,
1363 3775 1550 3826 Lxxm;
1585 3765 1774 3827 Oxon,

266 3849 357 3896 ps.,
383 3845 466 3884 Lx.

325 3871 357 3896 .,
383 3871 466 3884 ...η

172 3945 225 3982 ΔΙ)
256 3947 516 3988 ΡΟΙΡΕΙΗΙ
559 3947 768 3989 CONTRA
809 3949 1107 3989 EPISTOLAM
1148 3949 1400 3988 STEPHANI
1444 3950 1511 3986 DE
1553 3949 1774 3989 ΗΕΒΕΤῘ·

714 4029 799 4069 CIS
841 4030 1201 4069 BAPTIZANDIS.

173 4106 520 4161 AncUIzNTL'u
563 4107 720 4176 hujus
766 4109 1020 4178 Epistulae
1062 4109 1211 4163 istud
1249 4114 1325 4164 est
1365 4108 1516 4178 apud
1559 4111 1623 4162 D.
1667 4110 1775 4164 Au-

227 4199 408 4262 gustin.
457 4198 556 4251 lib.
606 4213 637 4249 ν
687 4203 883 4252 contra
931 4197 1226 4260 Donatist.,
1269 4213 1389 4268 cap.
1438 4200 1504 4251 23
1553 4219 1563 4250 :
1616 4219 1643 4245 «
1686 4198 1776 4252 Ad

233 4284 532 4354 Pompeium
559 4289 740 4355 inquit
787 4288 951 4341 etiam
998 4287 1182 4341 scribit
1227 4289 1530 4356 Cyprianus
1571 4287 1635 4340 de
1676 4287 1776 4340 hac

233 4375 403 4428 eadem
449 4390 532 4440 re,
578 4376 673 4430 ubi
723 4382 912 4446 aperte
957 4377 1168 4431 indicat
1223 4376 1573 4446 Stephanum,
1619 4393 1776 4445 quem

231 4463 465 4518 Romana:
517 4465 762 4520 Ecclesia:
817 4467 1123 4535 episcopum
1181 4471 1309 4520 tunc
1359 4467 1528 4532 fuisse
1576 4467 1771 4520 didici-
1793 4450 1853 4523 D

231 4567 352 4616 mus,
383 4569 491 4607 non
528 4554 703 4608 solum
742 4553 848 4608 sibi
889 4554 965 4608 ad
1011 4555 1118 4608 ista
1162 4548 1642 4617 non'consensisse,
1681 4571 1767 4610 ve-

231 4656 336 4695 rum
361 4645 526 4697 etiam
568 4641 761 4715 413
805 4650 1000 4698 contra
1043 4646 1320 4714 scripsisse
1366 4650 1529 4715 atque
1565 4662 1767 4716 praece-

231 4731 374 4797 pisse.
399 4753 427 4781 ι)
470 4733 547 4786 De
577 4747 687 4800 qua
723 4747 944 4788 rursum
988 4745 1108 4802 cap.
1134 4735 1202 4788 25
1236 4749 1249 4788 :
1285 4754 1313 4783 «
1356 4737 1481 4789 Jam
1519 4736 1621 4790 illa
1652 4752 1771 4805 quae

233 4819 281 4870 in
307 4818 634 4890 Stephanum
680 4822 858 4875 iratus
895 4821 1092 4890 effudit
1131 4828 1431 4878 retractare
1469 4826 1612 4885 nolo,
1641 4827 1770 4894 quia

235 4910 276 4959 et
301 4922 425 4977 Opus
458 4924 570 4963 non
597 4914 670 4964 est
696 4931 712 4976 ;
741 4909 929 4964 eadem
959 4913 1159 4982 quippe
1202 4914 1325 4982 ipsa
1360 4914 1620 4968 dicuntur
1654 4930 1774 4983 quae

226 4995 330 5062 jam
371 5001 505 5052 satis
551 4998 790 5054 discussa
838 5005 1005 5066 sunt;
1053 5006 1103 5055 et
1153 5017 1215 5056 ea
1262 5005 1536 5072 praeterire
1583 5004 1774 5057 melius

239 5091 325 5151 est,
353 5102 467 5155 qua
486 5087 786 5156 periculum
825 5090 1141 5158 perniciosae
1177 5090 1527 5146 dissensionis
1569 5092 1771 5145 habue-

236 5181 370 5227 runt.
415 5175 718 5245 Stephanus
767 5183 948 5232 autem
999 5183 1048 5234 et
1097 5179 1440 5236 abstinendos
1480 5186 1776 5252 putaverat

238 5265 320 5330 qui
355 5265 417 5318 de
458 5267 810 5336 suscipiendis
859 5268 1124 5323 haereticis
1159 5271 1395 5338 priscam
1431 5272 1772 5326 consuetudi-

235 5366 337 5405 nem
379 5355 670 5410 convellere
699 5363 1062 5423 conarentur;
1092 5361 1193 5413 iste
1238 5363 1415 5413 autem
1461 5361 1775 5429 quaestionis

237 5440 388 5508 ipsius
432 5443 760 5512 difﬁcultate
804 5453 1100 5515 permotus,
1148 5453 1197 5502 et
1235 5451 1436 5503 sanctis
1485 5449 1774 5504 charitatis

242 5529 510 5586 visceribus
565 5532 863 5603 largissime
899 5535 1182 5604 praeditus,
1215 5539 1274 5592 in
1300 5529 1513 5593 unitate
1551 5541 1623 5594 eis
1660 5555 1776 5594 ma-

1781 1718 1839 1789 B

1934 424 2155 482 melius,
2184 423 2277 475 sed
2306 429 2484 476 tamen
2503 425 2752 489 fraterne
2779 424 3119 492 indignetur,
3150 427 3278 478 vicit
3306 431 3483 479 tamen

1930 528 2045 581 pus:
2076 511 2280 566 Christi
2319 515 2377 564 in
2415 512 2670 566 cordibus
2711 527 2916 575 eorum,
2949 519 3009 566 ut
3054 515 3112 566 in
3147 515 3248 566 tali
3289 515 3484 568 discre-

1928 603 2156 669 putione
2185 601 2399 654 nullum
2443 602 2585 654 inter
2611 615 2694 654 eos
2737 601 2942 654 malum
2984 603 3287 656 schismatis
3316 605 3486 656 ori-re-

1937 695 2044 742 tur.
2077 711 2104 738 »
2134 692 2405 744 Hactenus
2449 690 2578 754 ille;
2625 704 2746 758 quae
2776 690 3051 757 proliaius
3095 693 3397 758 citavimus,
3429 708 3485 745 eo

1934 778 2079 847 quod
2133 777 2371 832 antidoti
2417 780 2526 831 sint
2582 779 2727 840 loco,
2783 779 3039 833 adversus
3090 795 3172 833 eos
3220 783 3314 848 qui
3367 782 3488 834 hinc

1936 868 2167 921 schisma
2187 882 2344 921 suum
2373 883 2406 920 a
2433 867 2665 921 Romano
2690 869 2939 936 pontiﬁce
2970 871 3282 936 conﬁrmare
3307 872 3488 923 nit-un-

1941 963 2051 1010 tur.
2083 986 2150 996 —
2179 959 2334 1011 Hanc
2365 961 2544 1010 autem
2582 956 2880 1024 epistolam,
2910 962 2970 1009 ut
3009 962 3058 1010 et
3084 958 3486 1026 praecedentem,

1934 1049 2078 1100 inter
2114 1046 2354 1114 ejusdem
2387 1045 2848 1114 rebaptizantium
2883 1045 3098 1101 dissidii
3137 1048 3488 1101 instrumenta

1933 1137 2162 1204 reperies
2190 1141 2326 1188 tom.
2358 1136 2401 1203 Ι,
2429 1135 2535 1188 col.
2572 1138 2702 1189 H73
2735 1135 2868 1189 Eon.

2407 1289 2721 1345 EPISTOLA
2767 1290 2956 1345 LXXV.

1866 1401 2099 1463 (Pamel.,
2154 1400 2361 1464 Rigalt.,
2412 1401 2602 1460 Baluz.,
2649 1401 2838 1461 Oxon.,
2897 1401 3055 1464 Lips,
3099 1411 3259 1463 LXXV;
3317 1401 3493 1462 Paris.,

1926 1483 2110 1533 LXXIV;
2136 1472 2299 1604 Ro)uth
2329 1509 2342 1532 ,
2368 1472 2559 1536 Script.
2602 1473 3006 1522 Ecclesiasticor.
3047 1473 3220 1535 Opusc.
3255 1476 3495 1536 praecip.,

1926 1548 1974 1604 1,
2005 1558 2056 1604 p.
2083 1547 2189 1592 221.

1958 1581 1974 1606 ,
2005 1558 2056 1607 p.
2083 1547 2189 1592 221.

1867 1673 2184 1731 FIRMILIANI.
2221 1672 2449 1710 EPISCOPI
2492 1671 2756 1711 CESAREE
2795 1672 3152 1725 CAPPADOCIE,
3186 1674 3254 1711 AD
3281 1673 3493 1714 CYPRIA‘

2158 1752 2292 1803 NUM,
2336 1751 2545 1791 CONTRA
2585 1753 2874 1792 EPISTOLAM
2915 1753 3191 1792 STEPHANI.

1863 1872 2260 1926 Ancuuasruu.
2292 1901 2360 1910 —
2387 1872 2710 1940 Argumenti
2730 1886 2952 1941 prorsus
2993 1873 3227 1940 ejusdem
3262 1880 3339 1929 est
3374 1890 3497 1928 cum

1933 1959 2276 2029 praecedenti,
2309 1959 2403 2014 sed
2419 1960 2588 2028 paulo
2604 1959 2961 2014 vehementius
2981 1967 3031 2014 et
3055 1963 3300 2016 acerbius
3325 1979 3490 2032 quam

1936 2051 2240 2119 episcopum
2267 2049 2450 2102 deceat
2486 2051 2713 2118 scripta,
2742 2064 2805 2103 ea
2835 2051 3191 2119 potissimum,
3225 2057 3494 2119 quantum

1937 2141 2198 2208 suspicor,
2229 2138 2295 2192 de
2319 2151 2504 2202 causa,
2535 2138 2680 2207 quod
2707 2138 2780 2191 ad
2806 2139 3208 2199 Firmilianum.
3239 2143 3496 2196 Helenum

1937 2233 1990 2282 et
2042 2233 2256 2282 ceteros
2299 2227 2524 2282 illarum
2576 2229 2825 2297 partium
2879 2232 3146 2298 episcopos
3195 2232 3499 2300 Stephanus

1946 2317 2114 2370 alium
2164 2331 2370 2386 quoque
2419 2318 2701 2384 epistolam
2744 2319 3068 2386 scripserat,
3117 2333 3172 2372 se
3223 2319 3338 2374 illis
3392 2337 3500 2375 non

1939 2407 2460 2461 communicaturum
2491 2406 2740 2474 quandiu
2782 2407 2839 2459 in
2882 2422 2943 2460 ea
2981 2410 3249 2462 sententia
3273 2409 3338 2463 de
3362 2409 3498 2478 bap-

1942 2494 2180 2550 tizandis
2207 2493 2468 2547 haereticis
2497 2496 2846 2563 persisterent
2881 2513 2890 2546 :
2921 2497 3007 2548 uti
3047 2510 3113 2548 ea:
3130 2497 3357 2566 epistola
3379 2498 3504 2550 Dio-

1943 2587 2088 2653 nysii
2115 2583 2480 2638 Alexandrini
2508 2583 2582 2636 ad
2610 2583 2819 2636 Xistum
2857 2582 3125 2652 Stephani
3155 2599 3501 2640 successorem

1940 2675 2092 2728 docet
2124 2672 2408 2733 Eusebius,
2457 2674 2597 2726 Hist.
2630 2672 2855 2733 Eccles.,
2888 2671 2984 2725 lib.
3015 2687 3110 2738 vn,
3140 2690 3186 2728 c.
3230 2675 3282 2726 4.
3323 2673 3504 2742 Atque

1945 2763 2078 2817 adeo
2125 2763 2371 2829 fortassis
2419 2762 2718 2816 consultius
2760 2764 2924 2828 foret,
2974 2779 3252 2833 nunquam
3298 2764 3503 2818 editam

1941 2856 2115 2920 fuisse
2143 2851 2278 2905 hanc
2315 2852 2618 2920 epistolam,
2650 2854 2728 2904 ita
2767 2856 2826 2904 ut
2863 2857 3046 2921 putem
3083 2854 3320 2908 consulto
3350 2854 3504 2908 illam

1945 2944 2178 2997 omisisse
2227 2942 2558 2994 Munatium.
2594 2941 2789 2994 Verum
2835 2956 2956 2994 cum
2995 2957 3030 2994 a
3073 2941 3316 2996 Morelli.)
3361 2945 3504 2996 evul-

1945 3037 2081 3100 gata
2111 3032 2200 3095 sit,
2225 3029 2639 3098 praetermittere
2670 3028 2825 3083 nolui
2855 3047 2870 3082 :
2905 3035 3018 3083 tum
3046 3030 3190 3099 quod
3223 3045 3304 3085 res
3334 3048 3500 3100 quas-

1945 3121 2074 3174 dam
2120 3117 2500 3172 memorandas
2547 3119 2840 3179 contineat,
2898 3125 3011 3172 tum
3057 3119 3204 3188 quod
3247 3121 3508 3176 Antidoti

1947 3210 2056 3264 loco
2102 3223 2211 3262 esse
2248 3211 2450 3276 queant
2486 3206 2648 3260 verba
2692 3207 2928 3276 epistolas
2970 3207 3104 3260 dicti
3146 3209 3395 3278 Dionysii
3428 3211 3503 3266 ad

1943 3299 2299 3368 Stephanum,
2348 3311 2512 3366 quam
2560 3295 2717 3349 habet
2766 3295 2900 3350 dicti
2943 3296 3039 3351 lib.
3069 3311 3112 3350 c.
3143 3299 3172 3352 3
3220 3299 3499 3362 Eusebius,

1946 3395 1996 3443 et
2034 3389 2226 3458 repetit
2269 3386 2432 3440 latius
2465 3385 2814 3456 Nicephorus,
2862 3388 3009 3442 Hist.
3054 3389 3276 3451 Eccles.,
3307 3390 3398 3444 lib.
3427 3406 3500 3458 γι,

1945 3495 1991 3531 c.
2021 3482 2072 3538 7,
2122 3493 2187 3531 ea:
2224 3476 2422 3546 quibus
2463 3475 2812 3529 Palinodiam
2838 3476 2994 3530 illum
3021 3477 3186 3546 (quod
3213 3481 3391 3549 aiunt)
3417 3494 3498 3534 ce-

1946 3569 2138 3620 cinisse
2181 3570 2426 3620 constat:
2461 3585 2488 3612 «
2535 3565 2675 3620 Scito
2719 3564 2962 3635 (inquit),
2987 3568 3187 3633 frater,
3215 3571 3503 3623 orientales

1947 3661 2110 3725 atque
2137 3656 2301 3709 etiam
2327 3654 2606 3707 ulteriores
2635 3653 2898 3716 ecclesias,
2931 3671 3050 3724 qua?
3085 3663 3246 3711 antea
3281 3658 3505 3711 disside«

1946 3746 2094 3806 bant,
2126 3744 2198 3798 ad
2242 3744 2508 3798 unitatem
2537 3758 2643 3798 esse
2685 3744 2956 3806 reductas,
2998 3761 3278 3816 omnesque
3319 3750 3504 3816 utique

1946 3849 2130 3889 eurum
2169 3834 2438 3886 antistites
2479 3833 2762 3886 unanimes
2804 3838 2854 3887 et
2894 3838 3296 3900 consentientes,
3335 3853 3502 3907 supra

1944 3924 2161 3978 modum
2184 3922 2250 3975 de
2287 3937 2419 3990 pace
2445 3926 2495 3974 et
2523 3922 2808 3976 concordia
2843 3939 2963 3992 quae
3006 3932 3203 3994 praeter
3229 3933 3502 3998 exspecta-

1949 4017 2144 4068 tionem
2199 4013 2399 4066 accidit
2455 4012 2632 4066 lecturi
2683 4028 2694 4064 :
2752 4015 3155 4069 Demetrianum
3207 4019 3263 4069 in
3314 4020 3505 4086 primis

1946 4101 2374 4161 Antiochenam,
2441 4101 2796 4154 Theoctistum
2854 4102 3252 4164 Caesariensmn,
3317 4106 3500 4158 Maza-

1948 4191 2127 4244 benem
2172 4191 2440 4244 Eliensem
2484 4189 2799 4243 Alexandri
2837 4191 3087 4258 defuncti
3127 4207 3501 4255 successorem,

1946 4281 2222 4333 Marinum
2281 4279 2523 4347 Tyrium,
2581 4279 2928 4334 Heliodorum
2979 4280 3348 4336 Laudicensem
3405 4287 3503 4352 qui

1944 4372 2002 4422 in
2055 4369 2223 4422 locum
2292 4367 2658 4435 Thelymed-ris
2707 4369 3032 4437 subroyatus
3093 4377 3190 4440 est,
3248 4373 3504 4427 Helenum

1951 4461 2282 4526 Tarsensem,
2313 4463 2362 4512 et
2398 4458 2642 4513 ecclesias
2682 4458 2885 4514 Ciliciae
2913 4475 3109 4527 omnes,
3143 4459 3258 4532 41
3278 4462 3338 4532 4
3381 4465 3501 4518 Fir-

1943 4549 2254 4614 milianum,
2279 4552 2328 4601 et
2354 4546 2756 4615 Cappadociam
2775 4564 3000 4603 omnem.
3025 4552 3336 4619 Praecipuus
3357 4555 3500 4607 enim

1943 4639 2313 4706 episcoporum
2362 4637 2664 4697 nominavi,
2717 4652 2782 4690 ne
2837 4639 3066 4705 epistola
3122 4639 3332 4706 longior
3381 4643 3501 4708 ﬁat,

1941 4741 2068 4780 neve
2113 4725 2296 4779 multis
2332 4724 2507 4778 verbis
2555 4727 2658 4778 sim
2696 4725 2983 4780 molestior.
3012 4728 3116 4784 Sed
3151 4733 3202 4782 et
3240 4731 3502 4784 universae

1947 4814 2120 4883 Syriae
2182 4818 2232 4868 et
2291 4813 2511 4868 Arabiae
2541 4855 2555 4876 ,
2623 4815 3008 4883 Mesopotamia
3062 4819 3220 4886 ipsa,
3280 4819 3499 4885 Pontus,

1942 4909 2244 4976 Bithynia:
2297 4912 2346 4960 et
2392 4907 2474 4975 (ut
2525 4907 2684 4960 semel
2713 4906 2913 4973 dicam)
2968 4908 3261 4970 exsultant,
3302 4909 3503 4978 ubique

1943 5013 2141 5060 omnes,
2180 4995 2466 5051 concordia
2511 5001 2561 5048 et
2597 4996 2850 5061 fraterna
2887 4997 3152 5051 charitate
3189 4998 3501 5067 gloriﬁcan-

1947 5095 2020 5142 tes
2069 5089 2256 5141 Deum.
2307 5106 2334 5134 »
2389 5087 2659 5140 Hactenus
2705 5087 3012 5153 Dionysius.
3046 5085 3145 5140 Cui
3179 5089 3384 5142 similia
3427 5093 3504 5143 υί-

1944 5177 2068 5231 dere
2113 5182 2187 5230 est
2252 5175 2401 5245 apud
2446 5178 2505 5229 ι).
2551 5176 2936 5242 Hieronymum
2976 5180 3161 5230 coritra
3203 5177 3505 5245 Luciferia-

1944 5281 2057 5327 nos,
2125 5271 2174 5320 et
2241 5265 2390 5333 apud
2453 5267 2514 5320 D.
2584 5265 2754 5331 Aug.,
2826 5270 2867 5318 t.
2934 5266 3014 5320 IIl
3071 5272 3259 5321 contra
3325 5266 3499 5322 Cresc.

1945 5356 2210 5417 Gramm.,
2234 5370 2278 5408 c.
2316 5357 2365 5415 l,
2393 5357 2426 5408 2
2465 5358 2515 5408 et
2553 5357 2606 5415 3,
2644 5355 2739 5408 ubi
2773 5369 2838 5408 ea:
2862 5355 2985 5424 ipsa
3035 5356 3361 5422 confessione
3405 5358 3506 5409 Do-

1945 5447 2276 5499 natistarum
2319 5444 2508 5510 refert,
2553 5443 2853 5498 Orientales
2909 5445 3178 5514 episcopos
3221 5445 3502 5500 rescidisse

1947 5550 2037 5589 seu
2061 5534 2242 5604 potius
2279 5535 2565 5588 correxisse
2607 5549 2764 5586 suum
2795 5533 3086 5602 judicium,
3117 5551 3222 5603 quo
3261 5538 3333 5589 eis
3378 5537 3503 5605 pla-

1528 5667 1738 5732 Variee
1782 5665 2116 5732 lectiones.

245 5762 283 5798 ’⁸⁸
307 5764 475 5819 Tuam
500 5769 766 5833 tanquam
793 5769 919 5821 Bod.
946 5770 994 5821 2.

479 5857 747 5928 ΡΑτιιοι..
797 5857 898 5926 IV.

3130 5861 3204 5924 14
