3978 6194
0 5535 304 5695 rs

532 219 631 273 427

1436 224 1491 276 S.
1535 223 1849 277 CYPRIANI
1889 224 2159 280 OPEHUM
2203 225 2374 278 PARS
2414 225 2453 276 l.
2495 253 2564 264 —
2603 223 2968 279 EPISTOLAS.

3744 235 3834 292 428

607 351 822 408 σείεται,
875 347 942 400 de
993 347 1101 400 ista
1154 347 1413 415 baptismi
1459 351 1747 417 quaestione
1788 349 2062 419 Cypria-no
2105 355 2154 405 et
2175 349 2520 435 Apraeﬁniti
2537 349 3238 404 lociterminicoercerent.
3259 347 3366 403 Sed
3383 348 3836 424 415quomodo

605 437 870 502 Africano
895 435 1115 488 concilio
1150 440 1442 492 consentire
1490 444 1750 506 oportere.
1784 470 1850 478 ——
1891 444 1962 495 De
1999 440 2155 508 hujus

602 530 1023 592 cazterurumque
1051 521 1423 594 Epistolarum
1470 544 1591 596 quae
1631 529 1706 582 ad
1733 530 1879 583 litem
1914 531 2152 599 rebapti-

602 615 846 666 zantium
871 615 1163 682 pertinent,
1191 615 1391 678 indole,
1420 619 1730 680 authentia,
1755 622 2073 674 auctoritate
2103 627 2153 674 et

600 708 778 757 tenore
828 704 1023 756 videsis
1072 720 1190 773 quae
1247 709 1384 759 tomo
1437 707 1762 774 praecedenti
1813 707 1933 773 (col.
1998 709 2150 778 1201)

601 793 982 862 disputantur.
1004 793 1137 846 Enn.

1051 910 1362 966 EPISTOLA
1405 911 1615 965 LXXVI.

529 1013 772 1074 (Erasm.,
798 1025 834 1075 ι,
863 1017 888 1060 6
933 1015 1086 1078 [1-11],
1129 1020 1181 1067 et
1222 1028 1292 1079 ιν,
1322 1021 1347 1064 7
1384 1016 1642 1080 [XII-XVI];
1681 1017 1897 1077 Pamel.,
1948 1017 2150 1080 Rigalt,

623 1089 812 1148 Baluz.,
855 1095 1046 1150 LXXV];
1079 1088 1255 1148 Paris,
1281 1099 1448 1149 Lxxv,
1475 1089 1664 1144 Oxon.,
1696 1087 1852 1150 Lips,
1885 1094 2044 1152 LXIX.)

529 1196 597 1234 AD
638 1195 860 1234 MAGNUM
897 1195 960 1232 DE
1000 1191 1339 1231 BAPTIZANDIS
1381 1189 1693 1228 NOVATIANIS
1735 1191 1796 1228 ET
1837 1191 1902 1228 DE
1951 1192 2018 1229 IIS
2058 1192 2148 1237 QUI

829 1275 879 1313 IN
923 1274 1088 1311 LECTO
1129 1271 1360 1310 GRATIAM
1402 1270 1845 1314 CONSEQL'L’NTUR.

527 1358 927 1408 Aacuueuruu.
960 1382 1026 1390 ——
1057 1352 1214 1404 Prior
1238 1349 1476 1418 epistola?
1516 1365 1646 1419 pars
1683 1349 1916 1420 ejusdem
1950 1355 2025 1405 est
2055 1366 2143 1404 ar-

597 1442 837 1512 gumenti
900 1455 1018 1494 cum
1078 1437 1500 1507 praecedentibus
1569 1445 1933 1508 praeterquam
2003 1439 2147 1508 quod

596 1532 832 1586 inculcat
874 1531 938 1584 de
975 1529 1298 1585 Novatianis
1349 1528 1492 1596 quod
1546 1530 1604 1581 in
1651 1544 1840 1595 genere
1879 1531 2037 1598 prius
2081 1529 2146 1582 de

601 1623 843 1677 omnibus
870 1621 1130 1675 haereticis
1169 1619 1423 1683 dimcrat;
1468 1618 1633 1672 obiter
1661 1620 1823 1672 etiam
1857 1621 2146 1674 insinuans

597 1714 972 1766 successionem
1014 1711 1308 1778 legitimam
1352 1709 1408 1760 in
1454 1707 1721 1764 Cuthedra
1757 1710 1922 1772 Petri,
1963 1712 2144 1762 notam

595 1816 701 1855 esse
751 1816 858 1870 qua
907 1800 1150 1866 cognosci
1194 1801 1360 1866 possit
1407 1799 1659 1853 Ecclesia.
1699 1798 1941 1854 Secunda
1988 1805 2146 1868 parte

602 1893 787 1961 (quam
831 1889 1084 1942 hactenus
1128 1901 1408 1956 perperam
1449 1902 1548 1955 pro
1593 1888 1707 1940 alia
1747 1889 1992 1956 Epistola
2038 1888 2145 1942 edi-

594 1985 704 2033 tam
742 1978 933 2032 titulus
957 1981 1090 2031 satis
1118 1975 1348 2045 indicat)
1372 1991 1518 2044 mque
1536 1991 1720 2030 verum
1746 1977 2016 2046 baptisma
2037 1992 2145 2031 esse

594 2070 764 2130 docet,
788 2068 882 2136 qui
905 2082 1000 2135 per
1026 2067 1389 2134 aspersionem
1410 2066 1468 2118 in
1496 2066 1622 2119 lecto
1642 2069 1720 2134 ﬁt,
1749 2069 1908 2134 atque
1933 2067 2027 2136 qui
2045 2082 2144 2135 per

587 2159 974 2213 immersionem
995 2159 1055 2224 ﬁt
1074 2158 1133 2208 in
1159 2155 1416 2209 Ecclesia.
1457 2155 1590 2209 Vide
1623 2160 1747 2209 tom.
1780 2156 1822 2217 I,
1853 2156 1951 2209 col.
1984 2157 2137 2209 1183.

1032 2275 1351 2331 EPISTOLA
1390 2275 1625 2329 LXXVII.

514 2383 756 2446 (Erasm.,
783 2392 861 2440 lli,
888 2383 980 2440 25;
1010 2378 1225 2450 Pamel,
1251 2377 1455 2450 Rigalt,
1484 2377 1676 2441 Baluz.,
1714 2388 1926 2440 LXXVII;
1957 2379 2138 2440 Paris,

1025 2448 1211 2509 Oxon,
1245 2448 1401 2512 Lips.,
1439 2450 1636 2512 LXXVI.)

547 2555 615 2596 AD
657 2551 993 2594 NEMESIANUM
1035 2551 1096 2588 ET
1134 2550 1380 2590 CASTEROS
1425 2550 1702 2590 MABTYRES
1756 2551 1811 2590 ΙΝ

1132 2629 1511 2669 CONSTITUTOS.

517 2717 914 2769 Aacuusurcu.
956 2739 1024 2749 —
1066 2711 1218 2763 Miris
1265 2710 1545 2777 praconiis
1602 2715 1868 2778 martyres
1913 2711 1986 2764 ad
2029 2727 2134 2765 me-

591 2803 786 2856 tallum
811 2800 1115 2863 damnatos,
1142 2798 1370 2866 singulis
1397 2800 1675 2852 tormentis
1695 2800 1916 2866 singula
1941 2800 2137 2854 solatia

579 2893 811 2962 pulchra
837 2890 1097 2944 antithesi
1120 2903 1414 2957 opponens.
1445 2887 1508 2940 In
1537 2887 1725 2941 exsilio
1759 2892 1937 2942 autem
1965 2892 2132 2958 scrip-

586 2989 697 3036 tam
727 2981 976 3048 colligere
1003 2983 1096 3045 est,
1117 2993 1182 3031 ea:
1205 2977 1316 3030 illis
1346 2977 1550 3030 verbis:
1582 2978 1704 3031 Nisi
1726 2993 1808 3030 me
1845 2977 1905 3031 ob
1932 2981 2135 3044 confes-

579 3073 779 3125 sionem
797 3069 1028 3122 nominis
1045 3066 1344 3134 relegatum
1361 3066 1620 3133 praeﬁniti
1639 3067 1855 3119 termini
1872 3072 2127 3121 arcerent.

579 3163 619 3214 Ι.
679 3159 997 3230 Cyprianus
1050 3153 1414 3220 Nemesiano,
1479 3154 1665 3221 Felici,
1724 3155 1916 3222 Lucio,
1967 3157 2130 3210 alteri

505 3255 694 3321 Felici,
743 3252 945 3317 Litteo,
994 3248 1255 3314 Poliano,
1304 3247 1528 3315 Victori,
1567 3248 1753 3301 Jaderi
1802 3249 1994 3302 Dativo
2033 3267 2125 3303 co-

503 3347 804 3419 episcopis,
854 3345 996 3398 item
1045 3341 1517 3412 compresbyteris
1566 3344 1623 3394 et
1667 3341 2022 3411 diaconilms,
2073 3347 2130 3396 et

501 3441 720 3496 caeteris
746 3436 1017 3492 fratribus
1046 3435 1104 3488 in
1144 3434 1377 3489 metallo
1420 3434 1530 3505 (41)
1560 3435 1881 3488 constitutis
1911 3440 2121 3505 marty-

500 3535 660 3590 ribus
699 3531 794 3587 Dei
821 3530 998 3586 Patris
1022 3528 1434 3599 omnipotentis
1461 3532 1516 3582 et
1543 3530 1671 3582 .lesu
1700 3528 1907 3584 Christi
1934 3528 2120 3583 Domi-

504 3631 564 3684 ni
610 3632 666 3682 et
717 3625 812 3682 Dei
861 3623 1272 3679 conservatoris
1320 3623 1495 3677 nostri
1538 3627 1810 3676 aeternam
1863 3623 2122 3680 salutem.

502 3723 690 3779 Gloria
760 3719 988 3790 quidem
1068 3721 1246 3771 vestra
1315 3715 1621 3786 poscebat,
1690 3717 1998 3771 beatissimi
2062 3736 2126 3772 ac

506 3814 853 3872 dilectissimi
903 3812 1122 3879 fratres,
1180 3813 1242 3863 ut
1292 3810 1363 3863 ad
1416 3813 1780 3880 conspectum
1831 3814 2002 3882 atque
2054 3812 2124 3866 ad

502 3911 860 3981 complexum
898 3909 1144 3961 vestrum
1177 3903 1371 3959 venire
1409 3903 1527 3973 ipse
1566 3903 1861 3971 deberem,
1891 3905 1998 3958 nisi
2039 3922 2126 3960 me

498 4019 728 4077 quoque
765 4001 834 4056 ob
875 3999 1290 4056 confessionem
1330 3996 1577 4051 nominis
1636 3996 1750 4067 (42)
1805 3997 2126 4068 relegatum

1861 2552 1998 2591 ΜΕΤΑ
2005 2551 2103 2590 LLO

2152 3107 2206 3180 C

2254 459 2483 514 possum
2499 449 2849 514 repi-aesento
2869 459 2960 496 me
2981 442 3154 509 vobis,
3177 448 3232 496 et
3251 443 3321 496 ad
3340 459 3427 496 vos
3449 446 3838 523 etiamsicorpo-

2255 553 2316 590 re
2348 543 2402 591 et
2427 553 2621 606 gressu
2649 537 2755 605 (43)
2785 536 2979 591 venire
3001 553 3116 590 non
3147 535 3332 602 datur,
3357 537 3646 595 dilectione
3671 547 3835 601 tamen

2255 635 2310 684 et
2336 630 2540 700 spiritu
2563 631 2748 697 venio,
2780 631 3106 700 exprimens
3136 630 3338 683 litteris
3365 630 3608 687 animum
3648 652 3836 708 meum,

2253 740 2366 794 quo
2416 725 2474 777 in
2523 723 2643 778 istis
2691 724 2996 778 virtutibus
3054 729 3110 778 et
3160 724 3420 778 laudibus
3467 729 3652 781 vestris
3697 730 3840 786 ltelus

2254 817 2492 883 exsulto,
2524 817 2854 887 participem
2902 834 2994 870 me
3039 821 3378 888 computans
3412 818 3586 888 vobis,
3613 822 3707 876 etsi
3737 841 3836 878 non

2249 911 2506 980 passione
2574 911 2848 981 corporis,
2901 911 3185 964 consortio
3251 910 3553 967 charitatis.
3609 916 3687 968 An
3747 933 3840 988 ego

2249 1005 2458 1074 possim
2513 1008 2694 1058 tacere
2751 1008 2811 1058 et
2858 1021 3049 1060 vocem
3095 1021 3280 1059 meam
3333 1005 3553 1060 silentio
3604 1024 3837 1077 premere

2250 1114 2376 1152 cum
2426 1097 2494 1151 de
2541 1097 2887 1152 cliarissimis
2929 1098 3070 1152 meis
3123 1104 3241 1152 tam
3299 1099 3473 1151 multa
3519 1103 3573 1153 et
3619 1101 3839 1169 gloriosa

2249 1207 2586 1261 cognoscam
2631 1190 2837 1262 quibus
2885 1208 2983 1246 vos
3026 1191 3213 1245 divina
3250 1191 3505 1263 dignatio
3549 1193 3835 1265 honoravit,

2251 1290 2311 1338 ut
2335 1302 2398 1339 ex
2429 1285 2587 1339 vobis
2633 1302 2759 1355 pars
2799 1285 2920 1354 jam
2955 1285 3208 1355 martyrii
3251 1286 3336 1338 sui
3387 1287 3838 1344 consummatione

2246 1379 2602 1448 prmecsserit
2633 1378 2967 1434 meritorum
2987 1395 3220 1434 suorum
3243 1395 3514 1433 coronam
3537 1379 3604 1434 de
3624 1382 3837 1437 Domino

2246 1478 2566 1542 receptura,
2620 1490 2750 1544 pars
2796 1472 2984 1527 adhuc
3030 1473 3086 1526 in
3129 1489 3418 1527 carcerum
3462 1474 3703 1529 claustris
3740 1476 3837 1530 sive

2244 1565 2301 1618 in
2336 1567 2581 1620 metallis
2619 1573 2676 1620 et
2723 1566 2956 1620 vinculis
2997 1566 3415 1632 demoretur”,
3446 1566 3709 1622 exhibens
3750 1586 3839 1640 per

2247 1659 2396 1729 ipsas
2433 1659 2842 1730 suppliciorum
2890 1677 3080 1714 moras
3124 1659 3556 1714 corroborandis
3599 1661 3840 1716 fratribus

2247 1758 2302 1806 et
2327 1753 2617 1806 armandis
2646 1754 2862 1823 majora
2890 1753 3252 1819 documenta,
3276 1753 3346 1807 ad
3379 1753 3702 1808 meritorum
3731 1756 3842 1808 titu-

2247 1845 2333 1899 los
2362 1846 2407 1880 ‘3
2438 1847 2753 1917 ampliores
2784 1850 3195 1901 tormentorum
3240 1847 3509 1902 tarditate
3548 1847 3839 1918 proﬁciens,

2245 1939 2515 1995 habitura
2549 1942 2628 1994 tot
2670 1940 2957 1995 mercedes
2988 1941 3092 2011 (44)
3145 1940 3204 1995 in
3248 1940 3572 1994 coelestibus
3619 1941 3843 2011 praemiis

2245 2036 2384 2104 quot
2410 2051 2560 2089 nunc
2587 2034 2704 2088 dies
2737 2035 3127 2104 numerat(45)
3149 2034 3205 2087 in
3233 2033 3453 2105 poenis?
3481 2034 3615 2098 Qum
3633 2035 3841 2106 quidem

2243 2127 2423 2191 vobis,
2474 2127 2768 2182 fortissimi
2822 2144 2887 2182 ac
2942 2127 3254 2182 beatissimi
3310 2129 3548 2196 fratres,
3598 2145 3696 2200 pro
3737 2145 3839 2183 me-

2243 2221 2353 2276 rito
2383 2221 2681 2292 religionis
2711 2238 2775 2276 ac
2803 2222 2934 2276 ﬁdei
2973 2225 3172 2276 vestrae
3204 2221 3478 2277 accidisse
3516 2238 3627 2276 non
3665 2223 3840 2288 miror,

2242 2321 2305 2369 ut
2333 2332 2428 2370 vos
2453 2316 2532 2369 sic
2557 2315 2826 2370 Dominus
2855 2315 2926 2370 ad
2955 2315 3269 2386 gloriarum
3295 2315 3542 2370 sublime
3580 2316 3842 2386 fastigium

2241 2408 2664 2464 clarificationis
2709 2425 2825 2464 suae
2873 2410 3086 2464 honore
3127 2409 3475 2480 provexerit,
3503 2409 3598 2480 qui
3639 2424 3844 2480 semper

2239 2503 2298 2557 in
2327 2503 2575 2557 Ecclesia
2606 2503 2727 2573 ejus
2753 2503 3032 2558 custodito
3059 2502 3192 2557 ﬁdei
3216 2509 3420 2558 tenore
3451 2504 3559 2574 (46)
3592 2502 3843 2572 viguistis,

2239 2601 2641 2652 conservantes
2691 2595 2932 2651 ﬁrmiter
2982 2596 3277 2650 Dominica
3329 2597 3599 2650 mandata
3647 2595 3744 2665 (47)
3793 2595 3843 2648 in

2239 2691 2600 2761 simplicitate
2631 2689 3037 2756 innocentiam,
3069 2690 3124 2744 in
3166 2690 3447 2745 charitate
3483 2688 3843 2754 concordiam,

2237 2784 2574 2839 modestiam
2614 2784 2674 2838 in
2719 2783 3062 2852 humilitate,
3103 2783 3460 2855 diligentiam
3499 2783 3557 2837 in
3598 2782 3841 2837 adminis-

2236 2880 2516 2944 tratione,
2561 2877 2918 2947 vigilantiam
2966 2876 3023 2930 in
3071 2876 3413 2946 adjuvandis
3465 2874 3842 2940 laborantibus,

2236 2970 2683 3026 misericordiam
2707 2971 2763 3024 in
2780 2970 3035 3025 fovendis
3058 2970 3421 3042 pauperibus,
3439 2970 3496 3024 in
3511 2968 3845 3024 defendenda

2234 3065 2467 3119 veritate
2499 3063 2892 3131 constantiam,
2923 3065 2976 3118 in
3024 3064 3338 3136 disciplinae
3384 3064 3684 3120 severitate
3727 3078 3842 3117 cen-

2233 3175 2441 3212 suram.
2471 3162 2566 3226 Ac,
2596 3175 2666 3213 ne
2695 3157 2908 3229 aliquid
2935 3159 3004 3212 ad
3027 3158 3352 3228 exemplum
3380 3158 3665 3213 bonorum
3695 3156 3846 3210 facto-

2228 3269 2357 3305 rum
2400 3251 2621 3306 deesset
2658 3251 2716 3305 in
2766 3251 2946 3313 vobis,
2995 3252 3166 3305 etiam
3211 3252 3267 3305 in
3311 3251 3667 3306 confessione
3715 3263 3846 3303 nunc

2228 3345 2379 3399 vocis
2411 3349 2466 3400 et
2493 3346 2752 3416 passione
2783 3345 3032 3416 corporis
3063 3345 3298 3399 fratrum
3330 3350 3554 3400 mentes
3581 3344 3646 3399 ad
3676 3342 3847 3396 divina

2229 3440 2507 3510 martyris
2550 3438 2884 3509 provocatis,
2915 3440 3085 3494 duces
3125 3456 3224 3494 vos
3268 3439 3604 3494 exhibendo
3645 3435 3848 3492 virtutis

2229 3534 2362 3603 (48),
2397 3537 2476 3600 ut,
2507 3533 2644 3586 dum
2675 3550 2811 3603 grex
2856 3535 3113 3603 pastores
3145 3550 3275 3588 suos
3317 3533 3581 3604 sequitur
3625 3535 3679 3587 et
3713 3528 3845 3602 quod

2226 3626 2348 3680 fieri
2377 3643 2408 3678 a
2438 3627 2757 3698 praepositis
2786 3628 2967 3681 cernit
2995 3627 3272 3694 imitatur,
3304 3628 3544 3697 paribus
3566 3623 3848 3696 obsequio-

2228 3736 2352 3772 rum
2389 3720 2608 3773 meritis
2637 3737 2669 3776 a
2700 3720 2938 3774 Domino
2972 3725 3302 3774 coronetur.

2299 3812 2414 3884 41
2433 3811 2578 3885 611.
2597 3813 2760 3877 Quod
2778 3819 2990 3880 autem,
3016 3813 3263 3867 fustibus
3285 3814 3420 3868 caesi
3441 3813 3603 3885 prius
3623 3809 3848 3883 graviter

2228 3911 2284 3960 et
2315 3907 2534 3975 afflicti,
2565 3923 2666 3978 per
2692 3907 2968 3977 ejusmodi
2995 3923 3188 3978 poenas
3209 3907 3480 3961 initiastis
3501 3902 3849 3960 confessionis

2228 4003 2430 4054 vestra:
2470 4000 2710 4070 gloriosa
2758 4001 3074 4072 primordia
3119 4002 3254 4070 (49),
3301 4001 3656 4056 exsecranda
3702 3995 3848 4054 nobis

1878 4095 2087 4160 Variae
2141 4098 2476 4161 lectiones.

560 4196 602 4230 ‘7
637 4193 880 4246 Metellis
909 4191 1228 4241 demoretur
1253 4190 1390 4238 Lam.
1417 4187 1572 4237 Ebor.
1609 4187 1732 4237 Bod.
1765 4188 1872 4238 ΝΟ.
1908 4190 1952 4238 1.
2019 4189 2061 4222 4”
2091 4190 2337 4254 Martyrii
2369 4192 2562 4242 titulos
2594 4193 2726 4241 Pem.
2775 4193 2910 4241 Voss.
2951 4193 2995 4241 2.

1803 4277 2032 4359 Steph.
2079 4279 2325 4344 Baluzii
2371 4286 2566 4344 notae.

560 4387 657 4448 (Μ)
688 4386 742 4434 1η
772 4380 1000 4432 metallo.
1031 4378 1294 4444 Siguensi
1333 4378 1390 4426 in
1428 4377 1673 4440 Epistola
1703 4377 1781 4426 30.
1825 4377 1904 4427 De
1950 4378 2133 4429 Chris-

500 4459 665 4509 tianis
704 4454 980 4505 damnatis
1019 4451 1086 4502 ad
1131 4450 1352 4500 metalla
1394 4449 1520 4500 vide
1550 4449 1771 4498 Baronii
1812 4450 2129 4501 natationes

498 4529 566 4579 ad
595 4529 740 4578 diem
776 4527 836 4576 16
860 4523 1160 4574 Februarii.

565 4601 664 4663 (42)
723 4597 1102 4660 Confessiouem
1154 4593 1398 4643 nominis.
1454 4592 1685 4642 Veteres
1746 4592 2014 4663 editiones
2075 4598 2128 4644 et

497 4662 609 4724 tres
641 4671 764 4721 libri
810 4673 1024 4719 veteres
1074 4665 1284 4715 addunt
1329 4676 1532 4714 nomen
1581 4662 1804 4714 Christi.
1847 4663 2127 4712 Manutius

497 4743 785 4808 expunxit.
839 4740 1005 4790 Recte
1033 4750 1186 4787 sane.
1219 4737 1338 4787 Non
1383 4739 1564 4808 exstat
1600 4736 1657 4782 in
1695 4745 1802 4783 xxx
1844 4733 2001 4808 libris
2028 4747 2125 4808 an-

496 4803 681 4879 tiquis.
727 4809 1115 4863 Necessarium
1155 4820 1266 4856 non
1297 4818 1425 4879 esse»
1453 4807 1612 4879 patet
1648 4817 1736 4879 ea
1761 4803 1950 4854 multis
1988 4804 2126 4854 locis

494 4875 773 4937 similibus
801 4882 947 4946 apud
974 4881 1333 4943 Cyprianum.
1351 4876 1504 4946 iVide
1535 4875 1858 4924 Pamelium.

559 4958 654 5020 (43)
713 4945 944 5016 Corpore
994 4957 1037 5000 et
1086 4962 1288 5012 gressu.
1335 4945 1524 4997 Codex
1568 4946 1838 4995 Fuxensis
1879 4950 1933 4996 et
1976 4959 2123 4995 unus

495 5029 860 5092 Anglicanus,
886 5033 1138 5084 corporeo
1161 5031 1358 5092 gressu.

557 5086 659 5160 (ῐιι)
709 5095 971 5145 Habitare
1009 5095 1081 5140 tot
1129 5089 1403 5138 mercedes.
1454 5086 1728 5160 Sulpitius
1775 5086 2017 5138 Severus
2065 5089 2120 5137 in

495 5157 737 5232 Epistula
791 5166 860 5214 ad
910 5161 1192 5213 Claudiam
1219 5171 1493 5232 sororem:
1523 5177 1552 5204 «
1600 5157 1874 5220 Quantam
1918 5161 2121 5232 ineas-

493 5229 730 5292 levetibus
779 5233 1182 5286 beatitudinem
1233 5230 1522 5293 virginitas
1582 5234 1774 5279 sancta
1823 5229 2119 5294 possideat,

492 5315 692 5376 praeter
748 5307 1158 5376 Scripturarum
1215 5301 1568 5376 testimonia,
1625 5300 1901 5376 Ecclesiae
1953 5302 2118 5376 etiam

493 5371 898 5433 consuetudine
933 5374 1246 5435 edocemur,
1288 5385 1400 5437 qua
1442 5371 1680 5422 dicimus
1723 5372 2002 5436 peculiare
2039 5373 2120 5423 illi

492 5453 795 5503 subsistere
851 5448 1112 5498 meritum
1169 5445 1330 5507 cujus
1393 5447 1479 5493 est
1527 5444 1786 5507 specialis
1833 5457 2120 5494 consecra-

489 5526 584 5575 tio.
630 5542 658 5569 »
705 5521 841 5571 Haec
882 5517 1114 5582 epistola
1157 5514 1303 5566 edita
1339 5518 1498 5565 antea
1545 5515 1722 5563 fuerat
1771 5515 1913 5564 inter
1953 5529 2120 5578 opera

491 5592 837 5656 Hieronymi.
889 5589 1006 5638 lmo
1062 5588 1120 5637 in
1164 5584 1359 5636 codice
1407 5585 1534 5634 1128
1584 5583 1940 5634 bibliothecas
1987 5585 2117 5636 Col-

488 5655 723 5717 bertinai
754 5664 959 5712 inserta
993 5662 1074 5710 est
1110 5656 1356 5722 Epistola
1399 5655 1472 5705 ad
1503 5656 1830 5706 Eustochium
1875 5656 1942 5706 de
1986 5657 2117 5706 Vir-

485 5738 718 5804 ginitate
766 5731 1056 5786 servanda.
1109 5730 1182 5804 ΙιιΔ
1220 5727 1459 5804 concilio
1505 5740 1636 5779 vero
1677 5728 2116 5804 Aquisgranensi

482 5799 615 5868 Enni
652 5806 746 5859 816
788 5805 882 5858 lib.
923 5817 981 5869 ιι,
1005 5817 1127 5870 cap.
1155 5801 1207 5864 6,
1243 5800 1448 5853 dicitur
1484 5812 1605 5852 esse
1649 5802 1825 5852 sancti
1868 5799 2114 5851 Athana-

2232 4381 2319 4436 sii,
2361 4381 2602 4444 itemque
2648 4381 2703 4429 in
2745 4379 3051 4444 appendice
3088 4377 3313 4429 Codicis
3344 4377 3688 4442 Regularum
3731 4371 3849 4426 editi

2231 4451 2302 4500 ab
2330 4452 2638 4500 Holstenio.

2148 4492 2721 4583 Dmtlblei'iiinerat.
2778 4521 2894 4585 Ego
2955 4521 3186 4585 prmiero
3235 4533 3359 4570 eam
3411 4520 3705 4570 lectionem
3763 4526 3848 4578 pro

2229 4606 2294 4642 eo
2341 4592 2490 4656 quod
2542 4598 2702 4643 antea
2744 4592 3028 4655 legebatur
3073 4595 3457 4642 numerantur.
3514 4590 3652 4640 Eam
3703 4599 3850 4652 porro

2227 4665 2628 4714 restitutionem
2682 4665 3014 4714 confirmant
3055 4662 3386 4727 quindecim
3438 4661 3568 4711 libri
3613 4663 3848 4710 veteres;

2227 4749 2462 4799 eamque
2514 4735 2830 4786 conﬁrmari
2893 4749 3054 4799 posse
3119 4739 3252 4798 puto
3309 4735 3483 4784 etiam
3541 4730 3850 4782 auctoritate

2226 4806 2462 4857 duorum
2504 4808 2954 4870 Anglicanorum,
2999 4809 3054 4857 in
3085 4806 3291 4872 quibus
3339 4807 3616 4870 scriptum
3649 4806 3728 4854 est
3765 4813 3852 4848 nu-

2224 4887 2446 4931 merant.
2479 4881 2602 4944 Quo
2632 4882 2794 4931 etiam
2823 4881 2985 4932 modo
3012 4883 3120 4945 legi
3165 4882 3218 4930 in
3255 4879 3601 4943 quibusdam
3639 4874 3846 4925 nostris.

2287 4953 2386 5013 (46)
2440 4952 2704 5002 Custodito
2749 4953 2869 5014 ﬁdei
2923 4957 3117 5001 tenore.
3167 4951 3245 5000 Ita
3289 4964 3399 5001 sex
3449 4948 3585 4999 libri
3633 4949 3847 4996 veteres.

2223 5025 2331 5073 Alii
2364 5029 2601 5088 quatuor
2642 5023 2849 5073 habent
2883 5041 2909 5069 ‹‹
2946 5022 3236 5073 custodita;
3277 5021 3410 5071 ﬁdei
3461 5026 3653 5069 tenore
3691 5015 3851 5077 vigui-

2223 5097 2338 5145 stis.
2367 5110 2394 5142 io
2427 5094 2520 5146 Sic
2541 5097 2705 5146 etiam
2737 5100 2950 5159 septem
2979 5095 3294 5158 Anglicani.
3324 5093 3440 5142 Alii
3470 5097 3601 5150 tres,
3631 5106 3658 5132 «
3681 5091 3850 5138 custo-

2222 5167 2354 5218 dita:
2381 5167 2509 5217 ﬁdei
2541 5167 2786 5230 vigorem
2819 5181 2830 5214 :
2859 5167 3131 5216 tenuistis.
3160 5186 3185 5210 »
3217 5164 3359 5213 Vide
3387 5161 3716 5214 Pamelium.

2285 5239 2387 5300 (47)
2448 5228 2721 5286 Dominica
2774 5237 3047 5286 mandata.
3099 5236 3224 5285 Duo
3253 5234 3383 5284 libri
3418 5239 3639 5284 veteres
3663 5228 3852 5280 habent

2220 5309 2424 5367 divina,
2459 5309 2653 5358 eodem
2681 5322 2864 5359 sensu.
3205 5376 3210 5377 ν
3529 5375 3534 5377 _
3610 5375 3616 5377 Α
3745 5371 3757 5377 _
3800 5367 3847 5377 ,,

2282 5380 2384 5442 (48)
2446 5377 2754 5429 Emhibendo
2808 5380 3037 5428 virtutis.
3102 5376 3291 5429 Codex
3351 5375 3541 5426 sancti
3591 5368 3849 5432 Arnulpbi

2218 5449 2524 5499 virtutibus.

2280 5522 2379 5582 (49)
2403 5521 2648 5571 Gloriosa
2689 5521 3004 5582 primordia.
3035 5523 3213 5572 Antea
3255 5519 3556 5583 legebatur
3590 5513 3843 5580 religiosa.

2221 5592 2315 5642 Sic
2337 5593 2501 5642 etiam
2535 5591 2702 5641 habet
2729 5592 2904 5643 codex
2930 5594 3108 5644 sancti
3137 5590 3438 5654 Arnulphi.
3471 5590 3659 5640 Lectio
3685 5596 3843 5648 quam

2219 5676 2321 5727 ego
2361 5663 2621 5712 substitui
2669 5664 2872 5712 melius
2915 5664 3051 5712 mihi
3105 5662 3409 5713 convenire
3467 5661 3684 5710 videtur
3725 5667 3844 5706 cum

2217 5735 2358 5798 style
2387 5739 2442 5784 et
2466 5748 2594 5785 cum
2625 5736 2896 5785 sententia
2925 5737 3105 5786 sancti
3139 5734 3417 5798 martyris.
3451 5733 3646 5787 Inveni
3670 5732 3840 5784 autem

2217 5803 2369 5856 illam
2393 5806 2450 5856 in
2470 5806 2719 5871 quinque
2743 5805 2985 5871 antiquis
3014 5803 3452 5873 exemplaribus.
