3978 6194
222 196 301 249 429
1537 191 1793 248 EPISTOI

1949 190 2136 246 XXVII.
3418 194 3520 247 430

214 318 300 372 ista
324 333 404 369 res
427 330 534 369 non
561 319 663 370 est.
696 315 885 387 Neque
915 316 1069 370 enim
1104 316 1175 371 ad
1222 316 1397 372 fustes
1423 317 1793 371 christianum
1817 328 1873 400 Α
1897 314 2242 369 detestabilis
2319 318 2377 368 et
2431 319 2573 369 tetra
2626 315 2949 390 gentilibus,
3003 317 3155 387 quali
3222 317 3518 387 splendore

214 427 381 480 corpus
433 410 671 478 expavit,
719 410 878 479 cujus
948 415 1031 463 est
1087 427 1211 480 spes
1261 410 1443 463 omnis
1498 411 1555 463 in
1612 411 1789 480 ligno.
1897 408 2268 479 pensabitur?
2313 410 2604 464 Smcularis
2650 412 2769 465 haec
2811 417 2867 463 et
2911 410 3092 464 brevis
3138 427 3306 481 poma
3347 427 3518 480 quam

212 504 602 557 Sacramentum
646 503 841 557 salutis
883 520 997 557 sua:
1043 503 1249 556 Christi
1306 520 1498 557 servus
1540 503 1791 573 agnovit.
1894 502 2027 556 clari
2066 506 2123 555 et
2175 502 2371 556 aeterni
2404 503 2634 556 honoris
2691 504 2951 557 mercede
2998 502 3329 567 mutabitur,
3366 520 3515 571 cum,

211 596 516 664 Redemptus
546 595 703 665 ligno
751 595 821 649 ad
865 596 1033 649 vitam
1076 600 1347 650 aeternam
1378 597 1535 667 ligno
1569 612 1795 666 provec-
1894 595 2209 650 secundum
2279 596 2426 648 beati
2471 598 2719 667 Apostoli
2770 612 2965 649 vocem
3032 598 3518 650 transformaverit

208 696 279 742 tus
302 694 376 741 est
403 688 471 742 ad
504 704 800 742 coronam.
832 689 971 752 Quid
1015 705 1147 743 vero
1179 689 1387 743 mirum
1435 689 1481 742 si
1523 706 1652 743 vasa
1690 707 1790 743 au-
1897 689 2173 742 Dominus
2218 705 2422 759 corpus
2456 689 2797 743 humilitatis
2845 695 3045 742 uostrm
3101 690 3515 743 conformatum

208 799 283 835 rea
308 787 357 835 et
381 785 648 850 argentea
679 783 736 836 in
768 784 1081 849 metallum,
1118 783 1170 837 id
1211 788 1296 837 est
1338 784 1460 837 auri
1489 786 1545 836 et
1570 783 1792 853 argenti
1894 783 2111 852 corpori
2140 782 2411 837 claritatis
2440 800 2556 836 suae
2588 784 2837 854 (Philip,
2870 799 2946 849 Ill,
2977 784 3061 853 21)
3094 783 3120 835 ?

205 875 537 943 domicilium,
581 875 693 929 dati
722 875 873 945 estis,
907 876 1016 929 nisi
1043 877 1195 947 quod
1231 894 1383 930 nunc
1430 877 1791 932 metallorum
1966 878 2059 931 IlI.
2094 876 2199 930 Sed
2248 894 2349 930 nec
2399 877 2454 930 in
2502 876 2621 944 illo,
2684 876 2885 930 fratres
2931 875 3294 941 dilectissimi,
3329 876 3520 947 aliqua

204 975 370 1022 natura
414 984 681 1022 conversa
728 970 837 1039 (50)
877 975 981 1038 est,
1032 970 1265 1040 locaque
1314 986 1441 1039 quae
1484 987 1687 1023 aurum
1736 976 1791 1023 et
1895 975 2081 1040 potest
2110 978 2209 1024 aut
2239 970 2536 1040 religionis
2564 975 2661 1023 aut
2707 969 2834 1022 fidei
2869 970 3093 1039 jactura
3134 969 3327 1022 sentiri
3370 970 3523 1039 quod

199 1067 467 1130 argentum
494 1064 627 1116 dare
654 1068 786 1116 ante
829 1066 1260 1129 consueverant,
1306 1064 1561 1133 accipere
1603 1080 1787 1133 coepe-
1896 1063 2003 1116 illic
2037 1080 2185 1116 nunc
2214 1062 2601 1116 sacerdotibus
2633 1063 2725 1115 Dei
2762 1064 3000 1116 facultas
3040 1079 3155 1116 non
3199 1064 3366 1116 datur
3392 1061 3521 1116 offe-

200 1160 324 1208 runt.
355 1156 747 1224 lmposuerunt
794 1173 1020 1227 quoque
1073 1156 1374 1226 compedes
1403 1157 1639 1226 pedibus
1668 1173 1789 1210 ves-
1896 1156 2058 1209 rendi
2089 1162 2143 1211 et
2165 1156 2487 1211 celebrandi
2520 1155 2789 1209 sacrificia
2809 1155 2923 1226 (55)
2949 1155 3161 1209 divina.
3192 1156 3519 1223 Celt-bratis,

199 1248 296 1313 tris,
339 1254 390 1301 et
449 1249 703 1301 membra
747 1248 929 1303 felicia
976 1248 1049 1303 ad
1088 1249 1187 1303 Dei
1229 1249 1444 1319 templa
1485 1250 1791 1303 infamibus
1894 1250 2010 1303 imo
2059 1253 2227 1318 atque
2285 1249 2499 1302 offertis
2552 1248 2885 1303 sacrificium
2946 1250 3055 1302 Deo
3106 1252 3159 1302 et
3209 1248 3517 1318 pretiosum

197 1340 401 1393 vinculis
444 1341 779 1411 ligaverunt,
814 1343 971 1413 quasi
1019 1359 1147 1396 cum
1187 1359 1420 1413 corpore
1477 1343 1682 1413 ligetur
1739 1349 1793 1396 et
1894 1343 2109 1414 pariter
2152 1347 2207 1395 et
2248 1342 2558 1411 gloriosum
2610 1348 2665 1395 et
2710 1341 3022 1412 plurimum
3066 1341 3222 1397 vobis
3256 1342 3323 1396 ad
3355 1344 3520 1396 retri-

202 1433 401 1504 spiritus
441 1434 510 1501 ‘9,
584 1439 677 1488 aut
717 1452 923 1489 aurum
978 1440 1226 1490 vestrum
1274 1435 1409 1491 ferri
1455 1436 1793 1507 contagione
1894 1436 2183 1490 butionem
2214 1436 2578 1506 przemiorum
2618 1434 2927 1489 ccelestium
2978 1436 3361 1505 profuturum,
3391 1453 3521 1491 cum

202 1528 505 1582 maculetur.
557 1529 758 1583 Dicatis
803 1531 919 1585 Deo
980 1530 1311 1584 hominibus
1352 1530 1462 1600 (51)
1518 1535 1573 1584 et
1622 1530 1793 1585 fidem
1896 1529 2191 1599 Scriptura
2218 1528 2406 1582 divina
2437 1530 2708 1598 loquatur
2735 1532 2790 1582 et
2817 1528 2965 1583 dicat
3008 1531 3389 1598 :Sacriﬁcium
3416 1533 3521 1583 Deo

199 1637 333 1674 suam
364 1622 623 1691 religiosa
671 1622 880 1677 virtute
916 1622 1249 1677 testantibus
1293 1628 1633 1678 ornamenta
1663 1628 1793 1677 sunt
1892 1624 2119 1692 spiritus
2151 1622 2564 1688 contribulatus,
2613 1638 2699 1675 cor
2749 1624 3038 1676 cont-ritum
3075 1628 3123 1676 et
3178 1624 3523 1677 humiliatum

199 1714 301 1783 ista,
350 1731 459 1768 non
516 1716 783 1785 vincula;
840 1732 945 1770 nec
986 1715 1441 1771 Christianorum
1485 1716 1661 1786 pedes
1716 1705 2030 1776 adBDeus
2076 1733 2184 1770 non
2224 1717 2447 1785 despicit
2476 1716 2640 1786 (Psal.
2676 1732 2726 1781 L,
2766 1716 2872 1783 18).
2903 1717 3015 1770 Hoc
3048 1732 3146 1769 vos
3187 1716 3520 1770 sacrificium

197 1806 461 1861 infamiam
492 1809 909 1879 copulant(52),
938 1809 1034 1863 sed
1067 1810 1378 1863 clarificant
1397 1810 1466 1864 ad
1495 1827 1785 1863 coronam.
1890 1811 2007 1864 Deo
2038 1809 2276 1878 offertis,
2305 1810 2411 1863 hoc
2446 1808 2779 1863 sacrificium
2820 1809 2940 1862 sine
2984 1808 3406 1863 intermissione
3435 1811 3525 1863 die

197 1901 230 1953 Ο
264 1900 422 1970 pedes
470 1902 712 1956 feliciter
756 1902 947 1969 vincti,
1006 1902 1102 1973 qui
1153 1920 1270 1957 non
1325 1920 1356 1956 a
1394 1903 1557 1957 fabro
1611 1904 1706 1957 sed
1758 1920 1789 1957 a
1890 1921 1952 1957 ac
1984 1909 2144 1957 nocte
2193 1903 2509 1971 celebratis,
2562 1902 2764 1956 hostire
2806 1902 2940 1955 facti
2983 1902 3115 1971 Deo,
3162 1908 3219 1956 et
3273 1909 3521 1956 vosmet-

198 1994 405 2048 Domino
484 1995 880 2049 resolvuntur!
939 2012 970 2050 ο
1036 1996 1208 2067 pedes
1288 1996 1524 2051 feliciter
1598 1996 1787 2063 vincti,
1890 1998 2041 2068 ipsos
2077 2003 2295 2051 sanctas
2326 2003 2498 2067 atque
2543 1996 2941 2050 immaculatas
2968 1995 3225 2049 victimas
3256 1996 3521 2051 exhiben-

196 2088 274 2157 qui
304 2088 357 2141 in
384 2089 592 2142 itinere
636 2089 873 2144 salutari
925 2090 997 2144 ad
1048 2090 1371 2161 paradisum
1412 2090 1741 2161 diriguntur
1773 2090 1786 2143 l
1892 2095 1994 2158 tes,
2032 2090 2175 2144 sicut
2209 2090 2510 2161 Apostolus
2549 2089 2890 2143 adhortatur
2944 2095 3000 2143 et
3052 2089 3188 2143 dicit
3223 2106 3233 2143 :
3270 2090 3372 2144 Oro
3400 2106 3522 2157 ergo

198 2197 222 2234 0
250 2181 401 2251 pedes
441 2183 496 2236 in
547 2185 757 2237 saeculo
801 2183 870 2237 ad
901 2200 1152 2255 praesens
1199 2184 1376 2254 ligati,
1410 2190 1469 2236 ut
1500 2186 1611 2238 sint
1637 2201 1785 2238 sem-
1889 2201 2000 2251 vos,
2030 2186 2252 2250 fratres,
2300 2200 2398 2253 per
2436 2184 2857 2238 misericordiam
2912 2185 3027 2250 Dei,
3073 2188 3131 2238 ut
3182 2186 3528 2238 constituatis

196 2292 279 2344 per
312 2277 455 2346 apud
500 2277 812 2331 Dominum
876 2278 1069 2332 liberi!
1118 2296 1150 2331 ο
1201 2279 1375 2349 pedes
1426 2279 1790 2348 compedibus
1890 2294 2115 2348 corpora
2164 2284 2345 2332 vestra
2398 2279 2626 2332 hostium
2667 2280 2871 2340 vivum,
2919 2285 3190 2346 sanetam,
3224 2280 3523 2347 placentem

197 2372 239 2420 et
264 2370 599 2425 traversariis
637 2370 746 2441 (53)
788 2371 1020 2425 interim
1064 2371 1468 2437 cuuctabundi,
1512 2371 1610 2424 sed
1644 2372 1788 2426 cele-
1891 2376 1995 2426 Deo
2028 2374 2157 2442 (56),
2204 2387 2296 2425 nec
2343 2373 2755 2440 conﬁguremini
2792 2373 2984 2425 swculo
3028 2373 3169 2431 huic,
3204 2373 3296 2425 sed
3341 2378 3521 2426 trans-

194 2462 310 2515 riter
354 2464 421 2517 ad
482 2464 773 2519 Christum
848 2465 1088 2535 glorioso
1159 2465 1364 2519 itinere
1442 2466 1659 2519 cursuri
1692 2466 1738 2499 ⁵ο
1772 2465 1785 2517 l
1888 2467 2198 2532 formemini
2224 2467 2280 2518 in
2305 2467 2653 2519 renovatione
2681 2480 2885 2532 sensus,
2920 2466 2993 2518 ad
3022 2466 3373 2534 probandum
3404 2482 3524 2534 qua:

197 2555 449 2618 Quantum
476 2558 601 2612 vult
628 2558 722 2611 hic
751 2558 838 2612 vel
863 2558 1056 2613 invida
1073 2559 1374 2612 crudelitas
1404 2558 1487 2612 vel
1517 2559 1786 2627 maligna,
1887 2561 1957 2613 sit
1982 2560 2234 2613 voluntas
2265 2559 2363 2612 Dei
2390 2558 2527 2611 bona
2556 2563 2604 2612 et
2630 2559 2851 2628 placens
2875 2564 2923 2612 et
2948 2560 3186 2629 perfecta
3210 2558 3405 2629 (Rom,
3425 2575 3517 2625 xu,

194 2650 403 2704 nexibus
441 2668 540 2705 vos
585 2651 701 2705 suis
759 2655 812 2705 et
858 2651 1095 2706 vinculis
1149 2654 1363 2720 teneat,
1395 2652 1503 2705 cito
1550 2669 1582 2704 ει
1625 2652 1789 2707 terris
1893 2656 1912 2705 1
1948 2671 1964 2721 ς
1994 2653 2258 2722 Philipp,
2294 2668 2369 2719 III,
2403 2652 2513 2719 21).
3292 2633 3304 2644 ’

195 2746 239 2794 et
269 2744 435 2813 pcenis
464 2744 589 2800 istis
629 2745 699 2798 ad
748 2745 1015 2799 ccelorum
1051 2762 1231 2815 regna
1261 2745 1519 2800 venietis.
1558 2744 1674 2799 Non
1701 2746 1785 2800 fo-
1965 2747 2045 2799 IV.
2092 2747 2203 2799 Hoc
2253 2752 2337 2799 est
2387 2745 2538 2798 enim
2589 2746 2735 2815 quod
2785 2745 3071 2816 praecipue
3129 2745 3247 2800 Deo
3301 2747 3520 2817 placeat

192 2839 327 2889 retur
352 2839 407 2891 in
435 2838 681 2893 metallis
725 2839 871 2893 lecto
918 2844 976 2893 et
1014 2839 1261 2893 culcitris
1304 2855 1529 2910 corpus,
1578 2839 1676 2893 sed
1706 2856 1789 2893 re-
1888 2840 1995 2893 hoc
2023 2843 2108 2893 est
2144 2839 2202 2892 in
2239 2856 2350 2910 quo
2390 2838 2701 2908 majoribus
2732 2839 2947 2893 meritis
2979 2839 3053 2892 ad
3080 2840 3518 2910 promerendam

195 2929 393 2999 frigerio
443 2938 498 2986 et
550 2932 752 2986 solatio
805 2933 1008 2988 Christi
1060 2933 1297 2986 fovetur.
1370 2933 1537 2986 Humi
1599 2934 1789 3003 jacent
1887 2934 2235 2988 voluntatem
2264 2933 2361 2986 Dei
2409 2948 2582 3002 opera
2624 2939 2812 2987 nostra
2852 2932 3226 3004 proveniant;
3270 2934 3379 2988 hoe
3435 2938 3518 2988 est

191 3022 308 3077 fessa
344 3025 634 3080 laboribus
682 3026 924 3093 viscera;
980 3025 1080 3079 sed
1137 3042 1301 3096 poena
1356 3043 1471 3079 non
1517 3033 1600 3080 est
1654 3043 1782 3080 cum
1806 3072 1856 3099 η
1888 3028 2039 3099 quod
2068 3027 2249 3080 solum
2281 3025 2519 3079 Domino
2542 3026 2583 3059 5'
2628 3026 2696 3080 de
2728 3025 3020 3079 beneficiis
3051 3027 3172 3097 ejus
3206 3028 3516 3097 grandibus

194 3072 307 3077 ""'
344 3072 632 3080 "'"""""
692 3072 924 3093 ""'"’"
980 3072 1080 3079 """
1137 3072 1301 3096 I’W""
1356 3072 1471 3079 ’““’⁵⁴
1520 3072 1600 3080 """
1656 3072 1782 3080 "““"
1889 3072 2039 3099 1"“
2068 3072 2249 3080 """""‘
2281 3072 2516 3079 ""'"""
2631 3072 2695 3080 "'
2728 3072 3019 3079 """"'"'""
3055 3072 3171 3097 vel"
3206 3072 3515 3097 Ο”“’“⁶”⁴“’⁸’““’

194 3115 377 3171 Christo
393 3118 609 3189 jacere.
643 3120 920 3189 Squalent
957 3119 1078 3172 sine
1121 3120 1337 3173 balneis
1386 3120 1647 3173 membra
1673 3072 1859 3173 situC
1885 3124 1939 3177 et
1964 3119 2303 3174 salutaribus
2352 3118 2484 3171 fidei
2529 3135 2591 3172 ac
2625 3118 2940 3173 devotionis
2985 3126 3193 3174 nostra:
3243 3121 3515 3192 obsequia

194 3214 237 3261 et
269 3212 417 3266 sorde
456 3212 779 3277 deformia;
822 3212 923 3267 sed
969 3213 1299 3283 spiritaliter
1336 3213 1487 3266 intus
1537 3213 1785 3266 abluitur
1884 3213 2213 3277 retribuant,
2258 3210 2604 3280 praedicante
2662 3212 2719 3265 in
2769 3212 3004 3266 Psalmis
3054 3216 3113 3266 et
3162 3217 3516 3269 contestante

193 3303 313 3370 quod
340 3305 469 3358 foris
494 3306 800 3359 carnaliter
827 3305 1343 3359 sordidatur.Panis
1366 3306 1481 3359 illic
1503 3306 1777 3376 exiguus:
1884 3306 2094 3377 Spiritu
2135 3308 2325 3357 sancto
2381 3321 2392 3357 :
2453 3304 2598 3371 Quid
2656 3305 2974 3371 retribuam,
3028 3305 3236 3376 inquit,
3294 3309 3516 3362 Domino

192 3400 238 3449 at
259 3413 351 3451 non
378 3401 431 3452 in
453 3400 569 3453 solo
588 3415 738 3468 pane
783 3402 919 3454 vivit
968 3399 1139 3465 homo,
1185 3400 1277 3453 sed
1324 3402 1383 3453 in
1428 3415 1664 3454 sermone
1690 3402 1788 3453 Dei
1882 3416 1980 3469 pro
2027 3399 2271 3452 omnibus
2311 3413 2431 3467 qum
2485 3398 2677 3451 tribuit
2718 3399 2901 3452 mihi?
2971 3400 3201 3454 Calicem
3254 3402 3518 3455 salutaris

196 3490 361 3551 (Deut,
392 3508 497 3558 vm,
541 3492 620 3556 3).
670 3491 858 3563 417
900 3493 1076 3547 Vestis
1104 3493 1420 3563 algentibus
1460 3493 1648 3560 deest;
1685 3493 1783 3547 sed
1885 3496 2147 3561 accipiam
2195 3497 2245 3545 et
2299 3506 2487 3545 nomen
2536 3493 2747 3545 Domini
2810 3493 3088 3547 invocabo.
3159 3496 3399 3549 Pretiosa
3456 3499 3514 3548 in

191 3584 266 3650 qui
303 3585 586 3639 Christum
634 3586 841 3653 induit,
911 3590 967 3641 et
1022 3589 1256 3640 vestitus
1302 3587 1655 3641 abundanter
1727 3593 1783 3641 et
1881 3590 2162 3656 conspectu
2196 3587 2412 3638 Domini
2437 3582 2629 3655 418
2656 3600 2797 3640 mors
2814 3587 3089 3653 justorum
3110 3587 3156 3620 ⁶²
3184 3588 3295 3655 ejus
3342 3588 3509 3660 (Psal.

191 3676 342 3729 cultus
434 3686 537 3733 est.
625 3679 930 3733 Semitonsi
1006 3681 1201 3751 capitis
1282 3682 1511 3750 capillus
1589 3682 1781 3734 horre-
1884 3682 2129 3745 cxv,12,
2174 3681 2398 3749 13,15).
2436 3677 2572 3740 Quis
2605 3694 2721 3731 non
2770 3678 3015 3733 libenter
3067 3686 3124 3734 et
3179 3682 3512 3751 prompte53

192 3768 272 3823 scit
296 3774 429 3841 (54);
461 3772 589 3837 sed,
628 3789 755 3825 cum
803 3773 873 3827 sit
911 3778 1079 3843 caput
1121 3774 1219 3826 viri
1272 3774 1543 3839 Christus,
1585 3774 1777 3845 quale-
1881 3773 2113 3827 calicem
2144 3771 2335 3824 salutis
2377 3771 2671 3840 accipiat?
2705 3771 2830 3841 quis
2873 3789 2988 3826 non
3031 3777 3265 3843 appetat
3307 3776 3511 3843 gaude-

194 3877 377 3933 cunque
438 3865 583 3919 illud
633 3868 806 3937 caput
849 3868 1041 3921 deceat
1094 3884 1321 3921 necesse
1368 3871 1450 3920 est
1506 3868 1654 3937 quod
1708 3867 1778 3921 ob
1880 3867 2104 3920 bundus
2131 3866 2236 3933 (57)
2265 3870 2319 3918 et
2345 3864 2507 3917 lmtus
2535 3864 2593 3918 in
2626 3881 2736 3935 quo
2770 3865 2980 3936 aliquid
3028 3870 3085 3919 et
3121 3866 3242 3937 ipse
3271 3868 3511 3921 Domino

194 3953 380 4016 Domini
421 3975 638 4013 nomen
666 3958 888 4030 insigne
933 3965 1033 4013 est.
1078 3961 1272 4015 Omnis
1319 3960 1421 4014 ista
1451 3960 1779 4015 deformitas
1880 3977 1981 4014 suo
2032 3958 2348 4013 retribuat?
2399 3958 2526 4028 quis
2573 3974 2683 4012 non
2736 3958 3037 4029 pretiosam
3084 3959 3142 4013 in
3197 3966 3507 4032 conspectu

1527 4085 1736 4149 Variae
1790 4086 2125 4150 lectiones.

239 4203 505 4268 "Ligetur
540 4208 601 4255 et
626 4204 884 4256 Christus
921 4207 1063 4255 Lam.
1106 4205 1259 4256 Ebor.
1303 4206 1429 4257 Bod.
1473 4206 1517 4255 2.
1559 4207 1664 4258 NC.
1709 4209 1749 4256 1.
1818 4206 1859 4239 ⁵ο
1898 4206 2152 4257 Recursit
2190 4205 2336 4254 hanc
2378 4203 2500 4253 Bod.
2543 4205 2590 4254 2.
2630 4204 2739 4253 ΝΟ.
2786 4206 2831 4254 1.
2878 4205 3028 4254 Ebor.
3075 4204 3327 4257 Curritur
3378 4211 3509 4262 Pem.

196 4272 482 4345 [Domino
523 4274 599 4325 de
642 4277 902 4327 omnibus
948 4278 1080 4326 Voss.
1124 4279 1170 4327 2.
1220 4279 1355 4327 Lam.
1397 4278 1549 4329 Ebor.
1620 4282 1659 4312 ⁵³
1708 4279 2042 4329 Sanctorum
2079 4277 2217 4325 Lam.
2270 4272 2421 4322 liber.
2470 4273 2592 4322 Bod.
2646 4276 2691 4323 1.
2761 4276 2799 4306 ⁵³
2848 4274 3107 4325 Libenter
3154 4281 3209 4326 et
3247 4292 3514 4345 prospere

192 4340 274 4389 Nc.
311 4344 339 4391 2
1156 4429 1169 4441 ⁴
1454 4412 1675 4494 Steph.
1724 4410 1970 4474 Baluzii
2012 4414 2207 4471 uotae.

241 4531 690 4625 (bolnueta'l‘lorum
730 4541 933 4625 natura
982 4549 1255 4625 centena.
1292 4538 1552 4625 Dufﬂnus
1599 4538 1694 4587 lib.
1723 4551 1812 4625 11,]

1932 4535 2137 4585 luribus
2169 4522 2455 4595 exemplis.
2508 4531 2789 4580 Honorius
2828 4531 3270 4625 et‘Theodosius
3316 4537 3430 4585 AA.
3464 4538 3503 4586 Ι.

1932 4622 1943 4625 μ
1988 4605 2207 4625 Π,,12-ξ-
2256 4602 2625 4625 ηἲιιΑΛᾹΛι-ξηκζ
2689 4602 2747 4625 Α,-
2803 4603 2871 4625 [1,.
2911 4602 2983 4625 ἐι..
3037 4616 3136 4625 ΛιΑ-ιι
3191 4607 3266 4625 ..13
3323 4621 3404 4625 δή,
3448 4615 3503 4625 ,ΑΔ

193 4611 290 4663 cap.
322 4604 367 4665 6,
402 4623 432 4653 ς
478 4607 581 4657 Per
624 4607 772 4657 idem
821 4612 1041 4673 tempus
1089 4610 1358 4674 Ecclesia,
1394 4612 1546 4661 velut
1591 4602 1859 4674 perse-"
1885 4622 1943 4659 1v
1987 4605 2210 4657 Codicis
2256 4602 2647 4663 Theodosiani,
2685 4602 2747 4650 de
2797 4602 2985 4651 Habitu
3033 4616 3138 4665 quo
3188 4607 3266 4653 uti
3315 4615 3507 4669 oportet

195 4674 399 4743 cutionis
439 4678 566 4741 igne
613 4678 913 4740 conﬂaute,
957 4681 1145 4743 purior
1182 4684 1301 4732 auri
1345 4682 1566 4732 metallo
1619 4681 1786 4731 reful-
1888 4681 2033 4728 intra
2084 4677 2303 4733 urbem,
2345 4675 2541 4725 aiunt:
2590 4691 2616 4720 «
2669 4674 2900 4736 Majores
2940 4674 3139 4733 crines,
3185 4676 3509 4731 indumenta

194 4742 341 4802 εθδθι.
376 4765 399 4792 η
960 4742 975 4743 ί
1792 4794 1809 4810 ,
1886 4751 2113 4813 pellium
2146 4752 2310 4798 etiam
2344 4747 2399 4795 in
2445 4746 2637 4805 servis,
2672 4746 2816 4794 inter
2845 4743 3039 4794 urbem
3083 4749 3508 4801 sacratissimam

240 4817 322 4875 {fit}
357 4819 549 4871 Dicatis
588 4823 697 4872 Deo
732 4822 1044 4875 hominibus.
1081 4825 1247 4875 Hunc
1290 4826 1475 4875 locum
1509 4824 1785 4873 illustrant
1885 4821 2239 4885 praecipimus
2284 4817 2540 4868 inhiberi.
2579 4835 2606 4861 »
2652 4815 2793 4866 Vide
2836 4816 3137 4866 concilium
3185 4819 3515 4882 Epaonense

195 4895 243 4959 Ea
279 4901 390 4951 quas
432 4893 487 4940 in
529 4892 699 4942 simili
741 4901 1068 4959 argumento
1116 4898 1323 4946 notavit
1373 4896 1679 4947 Cotelerius
1728 4896 1783 4944 in
1885 4906 2099 4943 canone
2126 4891 2205 4941 39.
2250 4888 2484 4939 Romani
2530 4888 2677 4937 enim
2726 4892 2881 4936 tonsa
2921 4886 3191 4959 barbaet
3220 4893 3398 4953 capite
3425 4894 3511 4942 in-

194 4954 460 5031 Epistolam
480 4965 657 5015 sancti
687 4954 884 5029 Ignatii
911 4966 979 5015 ad
1005 4967 1294 5031 Ephesios.
1884 4964 2080 5015 cedere
2146 4960 2419 5019 solebant,
2478 4962 2539 5008 ut
2591 4960 2874 5031 annotavit
2921 4957 3192 5007 Baronius
3253 4961 3307 5009 in
3362 4966 3511 5015 tomo

246 5030 326 5090 (52)
356 5034 506 5085 Pedes
542 5038 805 5100 copulant.
842 5030 1061 5089 Seneca
1081 5053 1199 5103 cap.
1245 5042 1320 5097 ll,
1346 5039 1413 5089 de
1446 5037 1783 5102 Tranquilli-
1881 5038 2059 5099 primo
2084 5032 2381 5103 Annalium
2411 5030 2934 5103 ecclesiasticarum.

196 5101 283 5174 late
306 5106 466 5155 animi
502 5122 513 5153 :
544 5126 572 5154 (ς
598 5099 827 5158 Vinctus
850 5108 918 5158 ad
943 5099 1262 5159 sodalitium
1283 5122 1478 5158 manus
1499 5099 1783 5173 c0pulatas
1946 5108 1996 5167 (5
2034 5112 2046 5164 )
2096 5106 2155 5153 In
2200 5102 2389 5153 codice
2432 5101 2599 5161 Flori,
2631 5118 2658 5145 α
2702 5099 3001 5174 sacriﬁcia.
3025 5100 3372 5174 VosAdivina
3413 5121 3514 5159 ce-

196 5171 508 5224 intercidit.»
1571 5171 1587 5173 “
1882 5177 2122 5227 lebratis.
2152 5194 2180 5222 »
2231 5176 2290 5223 In
2345 5174 2538 5224 codice
2582 5185 2711 5222 vero
2757 5172 3025 5234 Lamonii,
3060 5192 3085 5218 α
3146 5171 3511 5229 Sacriﬁcandi

247 5242 325 5302 (53)
361 5247 735 5300 Treversariis.
770 5251 847 5300 Ita
893 5250 1062 5300 editio
1109 5251 1337 5301 Morellii
1380 5255 1435 5302 et
1483 5250 1780 5301 duodecim
1882 5250 2069 5300 officia
2096 5247 2355 5297 divina.»

199 5310 296 5362 libri
322 5322 543 5370 veteres.
576 5322 685 5370 Alii
734 5323 986 5385 quinque
1011 5327 1064 5372 et
1101 5322 1269 5372 editio
1312 5323 1546 5374 Manutii
1574 5321 1783 5372 habent
1944 5321 2043 5382 (56)
2074 5319 2363 5368 Placentem
2394 5318 2517 5366 Deo.
2550 5315 2739 5365 Codex
2775 5312 3115 5365 Veronensis
3152 5317 3321 5381 addit,
3354 5339 3381 5367 ‹‹
3411 5321 3515 5372 Ra-

200 5388 584 5442 transversariis.
613 5393 751 5444 Vide
776 5394 1102 5456 glossarium
1130 5395 1384 5443 Latinum
1414 5392 1628 5456 Cangii.
1880 5391 2147 5444 tionahile
2173 5388 2541 5438 ministerium
2569 5391 2836 5435 vestrum.
2868 5404 2895 5429 »

248 5456 324 5517 (55)
382 5460 523 5511 Infra
572 5464 712 5526 epist
781 5467 858 5525 78,
902 5479 1024 5528 pag.
1076 5465 1157 5514 161
1215 5481 1225 5513 :
1272 5481 1301 5512 «
1346 5464 1645 5515 Semitonsi
1684 5477 1782 5512 ca-
1948 5464 2044 5525 (57‘)
2096 5459 2509 5510 Gaudebundus.
2567 5458 2647 5506 Ita
2696 5461 2911 5528 veteres
2950 5456 3075 5506 libri
3125 5462 3179 5507 et
3228 5460 3516 5511 editiones.

201 5525 301 5583 Ditis
321 5525 693 5594 capillaturam
724 5525 1047 5600 adsequas'ti.
1082 5552 1111 5585 »
1139 5537 1381 5586 Adnotat
1420 5536 1504 5585 vir
1532 5534 1785 5584 doctissi-
1882 5534 1990 5583 Alii
2031 5532 2243 5582 habent
2279 5528 2672 5595 gaudibundus,
2698 5526 2848 5600 quod
2886 5528 3036 5600 idem
3080 5534 3181 5577 est.
3226 5532 3517 5593 Apuleius,

204 5604 302 5646 mus
321 5600 553 5655 Joannes
592 5606 835 5656 Marinus
865 5597 931 5656 in
981 5608 1390 5658 Exercitatione
1420 5620 1519 5666 xv,
1550 5606 1612 5655 de
1658 5607 1783 5654 Ton-
1883 5604 1977 5654 lib.
2011 5617 2108 5654 vni
2156 5600 2689 5665 Metamorphoseon,
2733 5597 2997 5648 «'Soboli
3044 5612 3316 5649 novorum
3361 5603 3523 5650 mari-

204 5677 306 5745 tam
340 5672 584 5735 clericali,
623 5691 744 5741 cap.
801 5681 843 5739 Ι,
875 5681 908 5743 §
942 5680 990 5739 9,
1031 5680 1243 5729 tonderi
1291 5684 1345 5729 et
1390 5678 1505 5728 radi
1552 5677 1783 5741 ignomi-
1886 5681 2064 5726 torum
2110 5673 2521 5739 gaudibundus.
2566 5690 2592 5715 »
2624 5669 2687 5717 In
2731 5669 2876 5745 libro
2904 5668 2993 5745 itte
3041 5670 3307 5745 Passione
3355 5671 3530 5745 Naxi-

206 5739 387 5792 niosum
412 5739 803 5813 servitutisque
834 5739 1048 5815 insigne
1088 5752 1294 5812 fuisse;
1324 5750 1375 5800 id
1415 5747 1562 5814 quod
1581 5739 1783 5813 probat
1884 5749 2056 5799 miani
2086 5752 2139 5797 et
2184 5746 2337 5797 Isaac
2382 5749 2687 5808 martyrum
2731 5740 3183 5799 Donatistarum,
3210 5742 3300 5805 qui
3348 5739 3545 5799 editus
