3978 6194
473 270 568 326 431

1379 271 1432 323 S.
1474 265 1786 322 CYPRIANI
1826 265 2100 323 OPERUM
2143 266 2310 323 PARS
2351 271 2388 322 l.
2432 299 2498 308 —
2541 268 2899 325 El’ISTOL/E.

3687 279 3775 335 432

471 397 698 452 Domini
747 400 991 451 mortem
1044 395 1267 449 fortiter
1315 399 1371 449 et
1437 398 1763 449 constanter
1832 394 2088 466 excipiat,
2117 401 2297 482 Aest,
2331 412 2586 450 connexa
2613 397 2768 450 vobis
2799 397 3020 450 vinculo
3065 395 3383 450 fortissimas
3425 397 3708 470 charitatis,
3735 413 3781 459 et

471 492 778 561 placiturus
805 490 926 559 ejus
953 489 1129 542 oculis
1170 489 1268 558 qui
1311 505 1414 543 nos
1455 489 1513 541 in
1561 488 1964 558 congressione
1996 505 2091 541 no-

471 584 641 637 minis
669 583 751 637 sui
783 583 1111 636 constitutos
1138 583 1242 650 (58)
1288 582 1532 653 desuper
1580 587 1855 652 spectans,
1902 582 2095 634 volen-

469 683 554 730 tes
579 676 923 746 comprobat,
954 676 1178 745 adjuvat
1225 674 1578 742 dimicantes,
1616 675 1904 729 vincentes
1938 691 2095 728 coro-

473 775 593 839 nat,
655 769 1025 822 retributione
1069 768 1339 821 bonitatis
1389 783 1451 821 ac
1498 768 1721 838 pietatis
1770 774 2018 838 paternae
2051 768 2098 801 5‘

473 878 846 916 remunerans
878 861 936 914 in
970 860 1133 914 nobis
1160 861 1207 893 ⁵⁵
1259 860 1532 931 quidquid
1574 861 1694 931 ipse
1735 861 2014 931 priestitit,
2045 864 2101 915 et

469 955 761 1009 honoraris
788 953 942 1024 quod
973 954 1090 1023 ipse
1122 953 1404 1023 perfecit?

542 1051 604 1102 V.
646 1047 824 1118 Ipsius
870 1047 1023 1100 enim
1067 1063 1187 1100 esse
1232 1047 1380 1116 quod
1430 1045 1708 1101 vincimus
1757 1050 1813 1102 et
1847 1047 2001 1117 quod
2026 1047 2097 1102 ad

470 1141 704 1195 maximi
758 1139 1083 1195 certaminis
1140 1141 1417 1210 palmam,
1471 1140 1698 1194 subacto
1753 1141 2094 1209 adversario,

469 1234 850 1306 pervenimus,
885 1233 1134 1288 declarat
1169 1238 1223 1286 et
1255 1233 1422 1287 docet
1469 1233 1738 1287 Dominus
1764 1233 1822 1287 in
1851 1235 2097 1304 Evange-

468 1328 548 1382 lio
578 1344 678 1381 suo
722 1327 956 1381 dicens:
987 1325 1118 1380 Cum
1167 1332 1347 1380 autem
1396 1342 1487 1380 vos
1533 1326 1881 1390 tradiderint,
1931 1327 2098 1382 nolite

467 1424 702 1489 cogitare
727 1421 988 1490 quomodo
1018 1424 1114 1473 aut
1142 1420 1278 1488 quid
1305 1420 1604 1488 loquamini
1632 1438 1648 1484 ;
1690 1421 1915 1474 dabitur
1958 1424 2095 1475 enim

467 1515 614 1569 vobis
641 1517 698 1567 in
714 1515 815 1567 illa
854 1515 985 1567 hora
1012 1513 1147 1582 quid
1192 1513 1510 1582 loquamini.
1539 1517 1656 1569 Non
1679 1516 1822 1568 enim
1849 1530 1941 1568 vos
1971 1517 2097 1569 estis

469 1611 566 1678 qui
588 1609 891 1677 loquimini,
922 1607 1017 1660 sed
1041 1607 1280 1676 Spiritus
1308 1609 1490 1660 Patris
1518 1610 1685 1662 vestri
1712 1609 1810 1676 qui
1854 1608 2096 1676 loquitur

465 1704 524 1756 in
562 1702 707 1756 vobis
755 1702 992 1769 (Matth,
1034 1716 1086 1766 v,
1133 1703 1215 1768 19,
1256 1702 1364 1768 20).
1414 1701 1480 1754 Et
1532 1699 1744 1754 iterum
1775 1717 1788 1754 :
1820 1703 2009 1755 Ponite
2038 1703 2095 1755 in

2199 504 2231 540 a
2262 489 2580 560 praepositis
2607 490 2718 542 suis
2747 506 2851 543 nec
2882 505 3106 543 carcere
3138 505 3238 542 nec
3270 490 3500 543 metallis
3529 502 3782 563 separata.

2200 581 2369 651 Cujus
2398 592 2637 636 numero
2669 599 2770 635 nec
2800 581 3048 652 virgines
3078 582 3299 648 desunt,
3332 583 3526 652 quibus
3557 586 3620 639 ad
3651 604 3786 642 sexa-

2201 676 2500 743 genarium
2527 676 2773 729 fructum
2799 679 3068 729 centenus
3089 675 3319 729 accessit
3351 676 3572 742 (Matth,
3591 695 3697 748 xm,
3718 683 3784 751 8),
3837 741 3841 744 Α

2199 785 2452 839 quasque
2485 769 2558 822 ad
2612 768 2893 822 caelestem
2940 785 3205 822 coronam
3261 767 3449 840 419
3505 771 3669 840 gloria
3707 791 3788 844 ge-

2197 863 2356 915 mina
2385 863 2491 932 (59)
2538 862 2814 932 provexit.
2865 864 2922 916 In
2974 863 3165 932 pueris
3216 878 3440 932 quoque
3489 863 3592 934 (60)
3636 866 3788 920 virtus

2198 957 2379 1025 major
2427 958 2591 1009 aetate
2643 973 2823 1009 annos
2863 972 2995 1010 suos
3043 955 3406 1009 confessionis
3453 957 3611 1012 laude
3651 965 3786 1013 tran-

2199 1049 2435 1115 scendit,
2471 1052 2530 1102 ut
2562 1049 2823 1120 martyrii
2851 1049 3020 1103 vestri
3046 1049 3273 1103 beatum
3310 1065 3538 1120 gregem
3567 1054 3619 1104 et
3643 1069 3786 1106 sexus

2198 1144 2254 1196 et
2281 1145 2418 1195 astas
2449 1142 2636 1196 omnis
2661 1145 2909 1196 ornaret.

2270 1237 2378 1288 Vlt.
2432 1235 2535 1299 Qui
2588 1251 2737 1289 nunc
2785 1234 2963 1301 vobis,
3026 1234 3374 1289 dilectissimi
3427 1235 3632 1303 fratres,
3677 1253 3788 1292 con~

2197 1327 2447 1382 scientiae
2475 1328 2713 1383 victricis
2749 1329 2928 1399 vigor,
2962 1344 3089 1399 quae
3117 1328 3439 1382 sublimitas
3468 1329 3652 1398 animi,
3679 1347 3791 1401 quae

2196 1420 2252 1474 in
2280 1438 2446 1475 sensu
2474 1422 2811 1476 exsultantia
2839 1422 2993 1491 (60‘),
3025 1421 3118 1492 qui
3145 1421 3468 1492 triumphus
3489 1421 3543 1476 in
3564 1427 3788 1493 pectore,

2196 1531 2665 1586 unumquemque
2716 1519 2967 1568 vestrum
3016 1521 3160 1569 stare
3205 1515 3274 1568 ad
3325 1515 3660 1584 promissum
3705 1517 3794 1570 Dei

2194 1609 2516 1678 prtemium,
2551 1609 2621 1662 de
2643 1607 2860 1678 judicio
2888 1607 2984 1662 Dei
3018 1608 3128 1679 (61)
3161 1624 3282 1662 esse
3309 1623 3590 1676 securum,
3617 1609 3793 1663 ambu-

2193 1701 2314 1755 lare
2347 1701 2405 1754 in
2437 1701 2683 1755 metallis
2710 1701 2842 1771 (62),
2890 1701 3107 1771 captivo
3150 1701 3387 1772 quidem
3429 1717 3674 1772 corpore,
3705 1702 3793 1756 sed

466 1795 714 1849 cordibus
734 1797 921 1848 vestris
953 1810 1061 1847 non
1083 1794 1459 1863 praemeditari
1491 1810 1760 1848 excusare.
1805 1797 1916 1861 Ego
1953 1797 2094 1848 enim
2115 1790 2168 1860 B
2193 1794 2364 1848 corde
2397 1797 2673 1864 regnante
2689 1795 2734 1828 ⁵⁷
2766 1795 2907 1849 scire
2949 1795 3240 1852 Christum
3291 1811 3484 1849 secum
3534 1811 3649 1849 esse
3671 1812 3792 1866 prse-

467 1889 605 1942 dabo
629 1888 775 1941 vobis
801 1902 855 1940 os
881 1892 930 1940 et
954 1889 1281 1955 sapientiam
1300 1889 1390 1939 cui
1412 1903 1521 1940 non
1563 1893 1818 1956 poterunt
1847 1889 2090 1941 resistere

466 1983 771 2036 adversarii
801 1983 968 2034 vestri
996 1981 1168 2048 (Luc.,
1213 1996 1322 2045 xxx,
1360 1982 1443 2047 14,
1488 1982 1596 2048 15).
1630 1982 1690 2035 In
1718 1996 1830 2051 quo
1858 1981 2088 2051 quidem

465 2079 525 2129 et
554 2075 907 2128 credentium
941 2089 1149 2144 magna
1189 2072 1394 2127 ﬁducia
1441 2080 1525 2127 est
1565 2078 1622 2128 et
1665 2075 1829 2144 culpa
1872 2075 2087 2143 gravis-

465 2169 606 2221 sima
633 2167 982 2238 perfidorum
1025 2183 1138 2221 non
1171 2167 1404 2220 credere
1425 2166 1476 2221 ei
1505 2166 1602 2238 qui
1634 2183 1690 2221 se
1725 2183 1892 2237 opem
1927 2184 2088 2222 suam

465 2263 733 2316 daturum
771 2261 1171 2315 confitentibus
1207 2260 1527 2330 pollicetur,
1568 2277 1670 2314 nec
1705 2277 1894 2316 rursus
1924 2277 2086 2315 eum-

465 2357 595 2410 dem
617 2355 821 2409 timere
853 2354 950 2425 qui
981 2357 1259 2409 aeternam
1291 2370 1519 2424 poenam
1560 2355 1902 2425 negantibus
1931 2371 2086 2409 com-

465 2449 734 2504 minatur.

535 2544 620 2597 Vl.
651 2542 789 2605 Quae
817 2557 914 2596 vos
942 2540 1154 2606 omnia,
1181 2539 1466 2594 fortissimi
1507 2557 1570 2594 ac
1603 2540 1912 2595 fidelissimi
1943 2541 2089 2596 mili-

462 2642 547 2692 tes
597 2634 823 2702 Christi,
876 2633 1201 2688 insinuastis
1245 2634 1516 2687 fratribus
1566 2634 1792 2702 nostris,
1849 2634 2090 2704 implen-

461 2734 550 2784 tes
578 2730 624 2763 ⁵⁸
673 2729 832 2783 factis
885 2727 1038 2799 quod
1105 2726 1292 2780 verbis
1363 2731 1496 2781 ante
1577 2728 1857 2793 docuistis,
1913 2728 2087 2782 futuri

462 2823 695 2879 maximi
728 2822 784 2875 in
832 2837 1010 2892 regno
1061 2821 1357 2888 ccelorum,
1411 2821 1715 2890 pollicente
1771 2821 2007 2875 Domino
2035 2826 2091 2876 et

463 2918 686 2974 dicente
716 2933 728 2970 :
761 2917 867 2983 Qui
893 2916 1080 2982 fecerit
1118 2919 1167 2968 et
1205 2916 1280 2968 sic
1325 2914 1584 2976 docuerit,
1632 2916 1903 2968 interimus
1933 2931 2086 2970 voca-

465 3012 609 3066 bitur
661 3012 720 3063 in
766 3025 930 3077 regno
982 3008 1232 3062 caelorum
1285 3007 1528 3077 (Matth,
1574 3024 1626 3073 ν,
1673 3009 1778 3076 19).
1835 3007 2087 3078 Denique

463 3104 789 3174 exemplum
819 3106 1068 3156 vestrum
1113 3106 1326 3167 secuta,
1366 3100 1662 3172 multiplex
1692 3100 1874 3170 plebis
1899 3101 2087 3171 portio

2192 1893 2428 1955 sentem,
2471 1887 2822 1958 gaudentem
2887 1887 3185 1942 tolerantia
3233 1905 3532 1943 servorum
3584 1904 3796 1942 suorum

2190 1997 2292 2052 per
2329 1980 2563 2052 vestigia
2592 1986 2648 2035 et
2677 1981 2792 2034 vias
2821 1997 2950 2035 suas
2979 1981 3049 2035 ad
3081 1997 3260 2052 regna
3306 1986 3518 2035 aeterna
3548 1981 3794 2053 gradien-

2190 2075 2330 2129 tium
2358 2075 2385 2129 ?
2416 2075 2758 2146 Exspectatis
2791 2074 3044 2145 quotidie
3077 2074 3192 2129 laeti
3227 2074 3596 2145 profectionis
3615 2079 3794 2128 vestrae

2189 2169 2491 2222 salutarem
2520 2167 2692 2232 diem,
2721 2170 2776 2221 et
2796 2168 2920 2239 jam
2942 2168 3178 2240 jamque
3209 2168 3255 2203 ⁵⁸
3287 2168 3360 2222 de
3403 2169 3588 2224 seculo
3627 2183 3795 2222 reces-

2191 2261 2327 2328 suri,
2368 2261 2440 2315 ad
2491 2266 2803 2332 martyrum
2876 2277 3116 2316 munera
3189 2265 3244 2317 et
3297 2261 3584 2316 domicilia
3629 2260 3800 2314 divina

2189 2355 2524 2426 properatis,
2553 2361 2678 2426 post
2715 2356 2816 2410 has
2863 2355 3064 2409 mundi
3116 2355 3389 2410 tenebras
3434 2353 3598 2408 visuri
3625 2353 3796 2407 candi-

2191 2448 2482 2503 dissimam
2515 2449 2702 2502 lucem
2732 2454 2788 2502 et
2816 2449 3100 2520 accepturi
3149 2448 3436 2519 majorem
3465 2446 3800 2519 passionibus

2191 2541 2456 2597 omnibus
2505 2545 2559 2595 et
2601 2541 3112 2596 conflictationibus
3156 2541 3504 2608 claritatem,
3559 2539 3800 2612 Apostolo

2189 2639 2541 2689 contestante
2567 2638 2621 2688 et
2651 2635 2874 2690 dicente
2909 2652 2920 2689 :
2950 2638 3069 2692 Non
3115 2642 3243 2690 sunt
3294 2637 3583 2703 condignae
3604 2635 3798 2704 passio-

2190 2743 2282 2782 nes
2314 2728 2476 2796 hujus
2511 2731 2761 2798 temporis
2793 2728 2866 2782 ad
2891 2735 3345 2798 superventuram
3371 2730 3668 2783 claritatem
3695 2741 3801 2796 qua.v

2188 2822 2516 2876 revelabitur
2559 2823 2617 2875 in
2659 2822 2809 2876 nobis
2853 2822 3046 2891 (Rom,
3107 2837 3217 2890 vm,
3260 2821 3368 2891 18).
3430 2822 3618 2887 Plane,
3682 2819 3803 2890 quia

2189 2930 2340 2968 nunc
2365 2914 2523 2968 vobis
2562 2914 2618 2967 in
2664 2913 2923 2985 precibus
2969 2914 3255 2968 efficacior
3299 2930 3491 2970 sermo
3534 2917 3633 2980 est,
3666 2915 3719 2966 et
3741 2910 3802 2964 ad

2191 3005 2616 3077 impetrandum
2669 3007 2818 3078 quod
2883 3007 2939 3061 in
3005 3007 3280 3078 pressuris
3338 3007 3554 3079 petitur
3601 3004 3802 3060 facilior

2191 3100 2370 3155 oratio
2401 3104 2504 3168 est,
2533 3100 2712 3171 petite
2742 3100 3052 3171 impensius
3078 3103 3135 3154 et
3176 3109 3380 3172 rogate
3423 3104 3490 3155 ut
3526 3096 3806 3155 confessio-

461 3199 718 3254 confessa
767 3199 851 3249 est
891 3195 1176 3249 vobiscum
1219 3191 1430 3265 pariter
1475 3198 1531 3248 et
1577 3193 1792 3264 pariter
1821 3199 2092 3248 coronata
2111 3161 2167 3234 (ἶ
2194 3211 2322 3249 nem
2347 3194 2608 3249 omnium
2643 3199 2905 3249 nostrum
2935 3194 3196 3266 dignatio
3220 3195 3415 3250 divina
3443 3195 3806 3258 consummet,

1830 3348 2039 3411 Variae
2099 3348 2442 3412 lectiones.

526 3488 565 3521 ⁵⁸
597 3487 867 3538 Bonitatis
897 3489 1139 3549 paternae
1175 3485 1309 3533 Lam.
1342 3483 1465 3534 Bod.
1491 3484 1537 3534 2.
1566 3482 1723 3533 Ebor.
1754 3483 1862 3533 ΝΟ.
1898 3483 1941 3531 1.

461 3563 510 3623 1,
536 3562 582 3610 2.
619 3560 757 3609 Lam.
794 3556 945 3606 Ebor.
978 3557 1085 3606 ΝΟ.
1115 3559 1163 3618 1,
1191 3557 1235 3604 2.
1306 3554 1346 3588 ⁵⁷
1373 3554 1552 3606 Corde
1582 3559 1906 3618 regnantem
1935 3554 2079 3605 scire
2104 3555 2243 3603 Lam.
2277 3555 2401 3604 Bod.
2428 3558 2474 3602 2.
2510 3553 2663 3602 Ebor.

2010 3486 2050 3515 ⁵⁵
2083 3483 2142 3532 In
2167 3483 2329 3533 bonis
2353 3484 2493 3533 Lam.
2539 3483 2658 3532 Bod.
2706 3483 2755 3533 2.
2791 3484 2896 3532 Nc.
2927 3484 2970 3532 1.
3009 3481 3161 3531 Ebor.
3230 3481 3272 3516 ⁵⁸
3296 3481 3662 3545 Compleutes
3692 3478 3805 3530 Bod.

2734 3553 2773 3587 ⁵⁸
2793 3553 2863 3604 Et
2885 3554 3053 3604 etiam
3095 3553 3232 3603 Voss.
3265 3553 3315 3602 2.

1752 3670 1977 3753 Steph.
2026 3671 2272 3734 Baluzii
2315 3678 2510 3735 notae.

463 3840 547 3889 est
569 3842 609 3896 ζα
640 3835 960 3886 doctissimo
1004 3834 1121 3884 viro
1167 3833 1448 3885 Ludovico
1495 3834 1666 3884 Ellies
1696 3833 1770 3882 du
1809 3832 1928 3894 Pin,
1956 3832 2092 3897 legi-

462 3912 553 3956 tur
599 3921 609 3955 :
658 3923 687 3951 «
729 3905 850 3956 Hoc
903 3905 984 3954 illi
1040 3905 1374 3955 miraculum
1423 3902 1824 3969 gaudebundus
1876 3903 2095 3952 cunctis

462 3978 830 4043 praesentibus
869 3977 1284 4027 demonstravit.
1313 3992 1341 4024 »
1377 3977 1461 4027 Ex
1502 3990 1567 4026 eo
1611 3975 1761 4024 fonte
1804 3977 1920 4024 orta
1968 3977 2096 4022 sunt

461 4050 700 4114 plurima
735 4047 937 4098 similia
962 4047 1253 4109 vocabula,
1280 4052 1343 4098 ut
1389 4045 1746 4097 nudabundus
1778 4046 1835 4094 in
1867 4044 2092 4108 epistola

465 4121 726 4184 Cypriani
777 4119 849 4168 ad
894 4121 1182 4179 Donatum,
1221 4117 1610 4168 cruciabundus
1653 4119 1709 4165 in
1747 4115 1978 4179 epistola
2019 4116 2096 4174 15,

464 4194 535 4241 ad
579 4190 904 4251 Cornelium,
951 4189 1412 4239 turchinabundus
1449 4192 1502 4238 et
1533 4186 1925 4236 lurchabundus
1950 4187 2096 4248 apud

467 4263 908 4324 Quintilianum;
938 4260 1085 4322 apud
1113 4259 1445 4310 Suetonium
1479 4258 1819 4316 ludibundus,
1848 4257 2094 4318 gratula-

464 4333 690 4390 bundus,
739 4331 1152 4390 osculabundus,
1197 4330 1344 4394 apud
1397 4331 1666 4381 Senecam
1717 4328 2092 4390 reptabundus,

464 4402 610 4468 apud
669 4406 732 4452 A.
799 4401 1043 4453 Gellium
1115 4402 1530 4462 amat-abundas,
1594 4398 2092 4458 stomachabundus,

465 4481 518 4524 et
557 4474 908 4533 errabundus,
951 4473 1100 4536 apud
1145 4473 1440 4536 Apuleium
1484 4470 1906 4529 bacchabundus,
1938 4477 2092 4519 mur-

2195 3833 2306 3883 cim
2337 3848 2608 3884 annorum
2644 3846 2880 3898 puerum
2907 3832 3170 3896 martyrio
3199 3829 3466 3883 aﬁ'ectum
3511 3844 3638 3882 cum
3665 3829 3811 3879 Blan-

2193 3904 2322 3954 dina
2352 3910 2591 3969 martyre
2621 3905 3002 3969 Lugdunensi,
3033 3910 3088 3953 et
3129 3904 3469 3953 Dioscorum
3505 3901 3809 3966 quindecim

2194 3989 2420 4040 quoque
2450 3989 2721 4025 annorum
2762 3987 2998 4039 puerum
3035 3973 3140 4023 sub
3165 3974 3342 4024 Decio
3382 3975 3562 4023 multa
3603 3983 3810 4036 passum

2192 4047 2340 4109 apud
2383 4047 2777 4097 Alexandriam
2823 4059 2919 4108 pro
2956 4045 3184 4094 nomine
3224 4044 3457 4094 Christi.
3503 4043 3812 4093 Prudentius

2193 4117 2250 4165 in
2293 4117 2552 4168 Carmine
2582 4119 2650 4167 de
2688 4124 2879 4168 sancto
2905 4117 3154 4166 Romano
3189 4121 3438 4178 martyre
3461 4113 3809 4171 Antiocheno,

2192 4189 2436 4237 celebrat
2479 4188 2860 4238 incredibilem
2899 4187 3013 4237 fere
3055 4189 3430 4238 constantiam
3461 4188 3615 4250 pueri
3649 4183 3814 4234 adhuc

2193 4257 2465 4308 lactentis.
2522 4260 2584 4308 In
2634 4259 2788 4309 Actis
2835 4262 3142 4321 martyrum
3186 4259 3619 4308 Donatistarum
3667 4254 3814 4304 editis

2191 4331 2247 4379 in
2297 4329 2436 4378 libro
2477 4329 2723 4380 secundo
2775 4329 3259 4379 Miscellaneorum
3301 4331 3622 4378 nostrorum
3668 4321 3811 4387 p.70,

2191 4414 2308 4463 cap.
2361 4403 2434 4462 15,
2468 4402 2676 4452 mentio
2719 4404 2799 4450 est
2843 4400 3112 4448 Hilariani
3156 4399 3378 4462 parvuli
3429 4399 3640 4449 fortiter
3681 4393 3813 4458 passi

2193 4484 2290 4532 pro
2337 4474 2563 4521 nomine
2621 4471 2849 4522 Christi.
2895 4471 3089 4520 Victor
3130 4471 3382 4520 Vitensis
3431 4466 3815 4520 commemorat

461 4544 848 4600 murabundus,
893 4544 1363 4608 imaginabundus,
1407 4541 1856 4593 munerabundus.
1901 4537 2370 4608 Abun-Dtilium
2429 4542 2719 4606 cujusdam
2769 4541 2974 4592 nobilis
3033 4541 3499 4605 Carthaginensis
3559 4548 3813 4608 annorum

464 4615 557 4665 dat
586 4621 768 4664 autem
811 4614 905 4665 hic
942 4618 1134 4664 auctor
1175 4615 1452 4664 similibus
1489 4611 1796 4673 vocabulis,
1824 4623 1950 4675 qum
1994 4624 2092 4661 ne-

461 4700 616 4737 cesse
664 4701 772 4736 non
838 4689 920 4736 est
979 4698 1430 4736 commemorare.
1488 4683 1650 4747 Apud
1711 4682 1776 4744 Q.
1841 4681 2094 4733 Curtium

462 4757 884 4809 bacchabundus.
936 4754 1099 4820 Apud
1155 4755 1398 4806 Nonium
1450 4753 1794 4814 Marcellum,
1848 4751 2096 4802 vitabun-

463 4831 624 4965 du(s~‘.i8)
687 4899 1018 4951 Constitutos.
1068 4900 1203 4949 Tres
1249 4899 1373 4948 libri
1424 4899 1634 4948 veteres
1677 4899 1984 4960 exegerunt
2033 4899 2092 4945 ut

461 4973 791 5024 adderemus
806 4972 915 5022 hoc
942 4969 1300 5021 vocabulum.
1327 4968 1436 5019 Sed
1468 4972 1650 5020 tamen
1671 4973 1806 5031 puto
1827 4981 1937 5018 non
1969 4980 2092 5018 esse

460 5046 858 5094 necessarium.

523 5116 624 5176 (59)
661 5116 899 5164 Gemina.
953 5113 1033 5162 Ita
1077 5114 1295 5161 veteres
1343 5110 1639 5172 editiones,
1668 5109 2089 5175 quatuordecim

457 5185 583 5236 libri
631 5187 824 5244 nostri,
873 5188 927 5233 et
965 5186 1176 5247 septem
1225 5182 1535 5248 Anglicani.
1584 5183 1708 5232 Alia
1748 5182 1932 5241 lectio,
1964 5195 2089 5245 qua:

459 5258 630 5308 habet
682 5259 969 5320 geminata,
1015 5269 1183 5318 quam
1231 5255 1496 5305 Erasmus
1538 5254 1766 5316 invexit,
1806 5254 2089 5303 Manutius

456 5334 510 5379 et
538 5329 818 5379 Morellius
848 5327 1211 5388 retinuerunt,
1240 5329 1417 5376 exstat
1444 5327 1496 5374 in
1525 5326 1772 5390 quinque
1801 5323 2088 5375 codicibus

458 5400 723 5463 antiquis.

523 5472 621 5534 (60)
664 5473 720 5520 In
764 5469 948 5534 pueris
993 5481 1215 5532 quoque.
1263 5469 1408 5519 Infra
1456 5470 1614 5533 epist.
1662 5469 1742 5530 81,
1780 5483 1905 5532 pag.
1953 5468 2083 5518 164:

454 5561 483 5583 α
517 5543 724 5591 Pueros
762 5542 933 5590 etiam
979 5539 1137 5589 vobis
1185 5539 1424 5603 gloriosa
1464 5541 1812 5607 confessione
1857 5539 2086 5589 sociavit

453 5613 642 5663 divina
673 5613 932 5676 dignatio.
966 5629 993 5657 »
1024 5610 1198 5662 Multa
1245 5611 1465 5660 virtutis
1502 5625 1567 5661 ac
1611 5611 1742 5662 ﬁdei
1786 5624 2084 5674 puerorum

452 5685 710 5748 exempla
756 5683 916 5732 nobis
966 5681 1350 5732 subministrat
1393 5682 1709 5746 antiquitas.
1759 5682 1843 5732 Ex
1893 5682 2086 5731 multis

452 5770 579 5822 qua;
603 5756 833 5821 proferri
860 5757 1084 5818 possent
1107 5753 1335 5806 afferam
1372 5757 1591 5804 tantum
1616 5755 1888 5804 nonnulla
1919 5754 2084 5802 illus—

449 5830 636 5890 triora.
686 5827 849 5894 Apud
894 5826 1204 5879 Eusebium
1243 5825 1499 5877 videmus
1548 5825 1803 5876 Pontium
1853 5825 2086 5891 quinde-

2196 4613 2416 4663 circiter
2443 4619 2652 4677 septem
2695 4617 2822 4677 post
2865 4611 3072 4662 multos
3098 4613 3386 4662 cruciatus
3432 4611 3741 4661 demersum
3762 4606 3812 4654 in

2194 4685 2426 4747 gurgite.
2471 4685 2531 4733 In
2570 4686 2831 4735 Passione
2873 4696 3004 4733 vero
3033 4682 3489 4733 beatissimorum
3528 4684 3814 4747 martyrum

2195 4746 2372 4818 quivx
2402 4756 2586 4806 Nonas
2609 4756 2742 4806 Julii
2768 4756 2912 4820 passi
2943 4758 3074 4804 sunt
3098 4753 3246 4817 apud
3289 4752 3687 4818 Carthaginem
3719 4746 3813 4798 sub

2194 4825 2472 4878 Hunerico
2495 4841 2622 4891 rege
2648 4827 3025 4877 Vandalorum
3051 4826 3375 4875 nominatur
3401 4823 3712 4874 infantulus
3730 4833 3815 4869 no-

2194 4897 2344 4948 mine
2379 4899 2654 4949 Maximus
2700 4912 2828 4949 cum
2872 4897 2983 4947 illis
3021 4897 3377 4947 excruciatus
3419 4899 3474 4945 et
3502 4895 3810 4945 exstinctus.

2194 4969 2497 5021 Sufﬁciunt
2522 4971 2646 5021 haec
2669 4970 2940 5033 exempta.

2256 5041 2376 5103 (60‘)
2412 5041 2740 5092 Exultantia.
2777 5041 3040 5104 Quinque
3087 5038 3212 5090 libri
3260 5042 3485 5088 veteres
3533 5036 3816 5100 praeferunt

2192 5115 2495 5163 exsultatio.

2252 5185 2346 5245 (6|)
2387 5186 2460 5234 De
2488 5184 2698 5247 judicio
2739 5184 2851 5233 Dei.
2881 5183 3149 5246 Quamvis
3183 5181 3332 5232 hanc
3376 5180 3677 5232 lectionem
3716 5187 3816 5247 non

2191 5246 2504 5306 invenerim
2549 5257 2659 5305 nisi
2705 5258 2760 5306 in
2816 5255 2994 5305 tribus
3039 5253 3195 5303 libris
3233 5251 3545 5312 veteribus,
3580 5262 3688 5298 non
3727 5246 3817 5294 du-

2189 5327 2304 5378 bito
2336 5331 2520 5377 tamen
2561 5330 2695 5391 quin
2725 5329 2796 5376 sit
2843 5327 3037 5376 melior
3082 5338 3249 5388 quam
3288 5336 3356 5396 ea
3392 5335 3523 5396 quas
3572 5319 3734 5396 habet
3759 5319 3815 5396 dc

2178 5400 2378 5462 judicii
2407 5400 2508 5449 die.
2541 5398 2611 5447 Et
2639 5402 2824 5448 tamen
2856 5397 2950 5446 illa
2979 5399 3153 5446 exstat
3189 5396 3244 5444 in
3288 5394 3552 5458 pluribus
3584 5392 3815 5451 antiquis

2188 5470 2495 5519 codicibus.
2532 5468 2695 5530 Quod
2743 5468 2870 5518 ideo
2911 5467 3118 5518 adnoto
3159 5472 3224 5516 ut
3247 5467 3295 5514 si
3327 5467 3458 5529 quis
3489 5464 3639 5513 illam
3681 5471 3813 5523 prae-

2186 5541 2340 5599 ferat,
2362 5542 2496 5590 sciat
2528 5553 2587 5589 se
2609 5553 2768 5603 posse
2798 5540 2979 5589 facere
3008 5553 3137 5589 cum
3162 5539 3512 5589 auctoritate.

2250 5613 2344 5672 (62)
2380 5614 2439 5662 In
2469 5601 2714 5661 metallis.
2745 5612 2822 5660 Ita
2864 5613 3078 5661 veteres
3107 5609 3383 5659 editiones
3417 5613 3474 5660 et
3504 5616 3668 5657 xxvu
3696 5601 3812 5651 libri

2187 5687 2418 5744 veteres,
2447 5683 2681 5733 Ruﬁnus
2711 5681 2806 5732 lib.
2833 5695 2933 5745 vn,
2962 5695 3084 5745 cap.
3115 5682 3163 5742 7,
3185 5699 3212 5725 «
3236 5680 3290 5728 in
3323 5678 3552 5730 metalla
3575 5674 3810 5745 destina-

2187 5757 2286 5817 tos,
2317 5770 2346 5803 »
2372 5760 2428 5806 et
2454 5755 2548 5804 lib.
2575 5767 2652 5816 iv,
2685 5767 2806 5817 cap.
2828 5743 2961 5815 23,'«
2990 5743 3087 5817 per
3120 5751 3345 5803 metalla
3391 5749 3657 5801 fratribus
3684 5743 3807 5796 rete-

2184 5826 2340 5892 gatis.
2361 5841 2391 5874 »
2417 5825 2697 5878 Manutius
2720 5825 2907 5891 posuit
2927 5826 2985 5875 in
3011 5823 3239 5877 metallo.
