3978 6194
214 172 302 225 433

1556 173 1875 228 EPISTOLA
1914 174 2040 228 LXX
2053 173 2183 228 VIII.

3441 172 3543 227 434

214 296 267 347 ut
290 294 355 346 de
398 292 513 347 istis
544 292 786 347 tenebris
828 298 885 347 et
926 294 1145 365 laqueis
1190 295 1389 349 mundi
1439 312 1539 350 nos
1585 313 1815 367 quoque
1841 307 2019 380 Anos
2047 295 2303 367 discipuli
2349 297 2523 351 secuti
2562 296 2711 367 apud
2760 295 3058 367 prmsidem
3091 293 3273 350 dicere
3303 294 3539 349 debere—

214 386 477 439 vobiscum
507 387 758 457 integros
787 391 842 440 et
871 387 1142 458 gloriosos
1188 389 1333 443 Deus
1378 388 1604 457 liberet,
1638 395 1696 444 ut
1720 389 1816 460 qui

212 478 483 533 charitatis
516 485 569 533 et
597 480 748 549 pacis
801 481 1026 534 vincqu
1068 483 1315 551 copulati
1365 486 1560 537 contra
1592 482 1814 536 haereti-

210 589 386 627 corum
430 572 671 643 injurias
719 578 775 627 et
813 590 1101 643 pressuras
1136 575 1434 645 gentilium
1465 576 1635 630 simul
1666 576 1817 630 steti-

208 682 336 731 mus,
370 665 581 735 pariter
604 667 661 719 in
694 666 889 736 regnis
928 667 1244 721 cmlestibus
1276 669 1642 739 gaudeamus.
1670 669 1816 740 Opto

205 776 308 823 vos,
356 758 659 813 beatissimi
701 776 765 814 ac
806 760 1159 815 dilectissimi
1206 761 1431 829 fratres,
1462 762 1541 831 '_in
1576 763 1816 817 Domino

204 852 334 906 bene
368 853 559 906 valere
589 858 644 907 et
670 854 849 908 nostri
878 870 1105 925 semper
1130 857 1187 909 et
1211 854 1425 926 ubique
1465 854 1814 911 meminisse.

810 971 1137 1025 EPISTOLA
1182 972 1445 1026 LXXVIII.

201 1073 416 1135 (Pamel.,
462 1074 674 1138 Rigalt,
719 1076 909 1137 Baluz.,
958 1088 1183 1209 Lxxvpl;
1217 1078 1399 1137 Paris,
1442 1078 1628 1137 Oxon.,
1662 1079 1816 1142 Lips,

893 1159 1089 1198 Lxxxu.

893 1159 1089 1198 LXXXII.

203 1245 505 1298 NEIESIANI,
567 1249 777 1300 DATIVI,
851 1250 1049 1288 FELICIS
1100 1251 1163 1289 ET
1218 1251 1456 1291 VICTORIS
1504 1251 1817 1291 RESPONSUM

783 1339 851 1377 AD
892 1339 1220 1379 CYPRIANUM.

200 1437 587 1489 Ancunezv'run.
630 1465 691 1475 —
718 1438 962 1506 Epistola
986 1439 1095 1492 haec
1135 1442 1183 1492 et
1229 1437 1351 1491 dum
1378 1444 1650 1507 sequentes
1678 1439 1820 1492 nihil

258 1524 413 1576 aliud
446 1541 614 1592 quam
645 1541 899 1594 responsa
925 1530 1202 1581 continent
1243 1532 1318 1580 ad
1360 1528 1642 1596 epistolam
1677 1544 1817 1597 prae-

257 1612 546 1673 cedentem,
594 1621 780 1683 utpote
828 1631 945 1683 quae
997 1618 1305 1682 gratiarum
1350 1618 1615 1669 actionem
1641 1621 1812 1670 conti-

1919 406 2062 456 mus,
2118 390 2272 460 prior
2334 391 2483 461 apud
2541 393 2659 444 acta
2712 391 3061 461 proconsulis
3136 389 3537 459 pronuntiasti,

1918 488 1974 539 et
2008 484 2143 537 tuba
2199 500 2405 537 canens
2460 484 2552 536 Dei
2604 484 2830 551 milites,
2885 484 3200 538 coelestibus
3245 485 3420 537 armis
3450 484 3538 538 in-

1918 580 2176 644 structos,
2213 578 2284 631 ad
2322 576 2741 646 congressionis
2788 578 3047 647 praelium
3095 578 3370 645 excitasti,
3403 582 3457 630 et
3486 578 3541 631 in

1917 671 2032 724 acie
2060 671 2246 740 prima
2274 687 2537 741 pugnans
2565 670 2805 739 spiritali
2836 671 3019 739 gladio
3043 670 3333 724 diabolum
3365 672 3541 725 inter~

1919 750 2120 831 fecisti,
2155 763 2385 835 agmina
2416 780 2640 834 quoque
2682 764 2921 817 fratrum
2975 764 3109 816 hinc
3159 768 3214 817 et
3250 765 3385 818 inde
3418 781 3537 817 ver-

1916 857 2001 911 bis
2054 857 2162 911 tuis
2203 858 2589 927 composuisti,
2638 861 2696 909 ut
2744 856 2964 911 insidia)
3008 856 3238 910 inimico
3289 857 3539 927 undique

1917 951 2306 1017 tenderentur,
2337 957 2390 1005 et
2427 951 2716 1005 cadaveris
2759 952 2869 1021 (6i)
2901 950 3329 1020 ipsiuspublici
3368 952 3542 1003 hostis

1916 1045 2077 1098 nervi
2104 1044 2309 1098 concisi
2340 1045 2705 1098 calcarentur.
2745 1044 2921 1098 Crede
2966 1044 3150 1108 nobis,
3186 1042 3539 1109 charissime,

1918 1138 2189 1208 quoniam
2232 1154 2339 1190 non
2399 1141 2482 1190 est
2519 1154 2549 1190 a
2594 1138 2906 1191 centesimo
2940 1137 3172 1207 praemio
3220 1136 3411 1190 minor
3452 1141 3543 1190 tua

1920 1231 2191 1285 innocens
2235 1231 2448 1293 anima,
2495 1247 2621 1301 quae
2668 1247 2771 1284 nec
2808 1231 2998 1284 saeculi
3042 1231 3256 1299 primos
3304 1230 3544 1301 impetus

1917 1324 2125 1389 timuit,
2156 1341 2258 1378 nec
2287 1324 2369 1378 ire
2397 1324 2454 1378 in
2475 1324 2734 1378 exsilium
2756 1324 3052 1388 recusavit,
3084 1341 3187 1377 nec
3216 1324 3541 1394 relinquere

1918 1418 2203 1471 civitatem
2260 1417 2559 1483 dubitavit,
2608 1434 2709 1471 nec
2750 1417 2805 1469 in
2853 1418 3071 1471 deserto
3118 1417 3239 1471 loco
3289 1433 3544 1471 commo-

1921 1512 2032 1565 rari
2063 1512 2106 1545 ⁶¹
2158 1512 2412 1580 horruit;
2466 1517 2540 1580 et,
2591 1511 2863 1583 quoniam
2908 1511 3098 1565 multis
3138 1511 3540 1565 documentum

1921 1605 2283 1659 confessionis
2317 1605 2493 1673 dedit,
2528 1605 2645 1676 ipsa
2676 1608 2986 1676 martyrum
3017 1604 3170 1674 prior
3192 1604 3366 1657 duxit.
3392 1605 3540 1657 Alios

256 1708 401 1762 nent,
434 1708 549 1755 tum
574 1718 673 1772 pro
707 1704 1072 1758 consolatione
1103 1705 1393 1770 (inermia,
1423 1710 1536 1759 tum
1561 1722 1662 1774 pro
1692 1706 1815 1759 sub-
1844 1675 1895 1746 Β
1922 1699 2075 1752 enim
2108 1706 2162 1751 et
2193 1699 2465 1769 martyria
2496 1698 2753 1753 facienda
2775 1699 3029 1769 exemplo
3060 1714 3159 1751 suo
3186 1699 3535 1767 provocavit;

254 1790 389 1843 sidio
422 1806 535 1843 una
588 1794 771 1845 misso.
832 1796 917 1848 Ea:
958 1809 1015 1847 eo
1052 1799 1233 1847 autem
1281 1795 1425 1863 quod
1460 1802 1564 1848 tres
1592 1796 1815 1849 diversa

256 1880 490 1947 epistolae
529 1882 804 1950 rescriptae
844 1885 969 1935 sunt
1004 1882 1079 1935 ad
1130 1884 1345 1936 unicam
1384 1882 1668 1952 Cypriani,
1705 1883 1815 1936 col-

259 1967 413 2035 ligere
462 1974 543 2021 est
583 1971 643 2021 in
697 1970 924 2023 diversis
975 1971 1187 2023 metalli
1236 1972 1441 2037 fodinis
1498 1976 1813 2027 constitutos

254 2057 422 2120 fuisse
468 2059 747 2126 episcopos
788 2059 884 2126 qui
923 2074 1009 2112 eas
1048 2060 1311 2113 scribunt.
1350 2062 1505 2126 Quod
1534 2066 1814 2131 conﬁrmat

256 2146 479 2213 epistola
510 2148 602 2208 80,
632 2147 725 2200 ubi
742 2149 873 2201 certi
898 2148 1105 2201 metalli
1130 2151 1189 2216 ﬁt
1221 2151 1435 2202 mentio.

254 2254 289 2305 l.
320 2252 610 2323 Cypriano
645 2253 803 2307 fratri
845 2253 1235 2321 Nemesianus,
1286 2255 1510 2309 Dativus
1555 2257 1729 2323 Felix,
1757 2264 1812 2311 et

193 2345 433 2399 Victorin
464 2346 706 2400 Domino
732 2352 1006 2400 aeternam
1034 2347 1299 2401 salutem.
1319 2350 1556 2419 Semper
1584 2351 1812 2421 magnis

195 2439 437 2492 sensibus
462 2456 575 2510 pro
606 2439 879 2511 temporis
920 2440 1246 2494 conditione
1287 2441 1490 2496 litteris
1520 2444 1628 2496 tuis
1657 2444 1809 2499 locu-

193 2535 267 2584 tus
297 2550 371 2599 es,
403 2533 690 2603 Cypriane
722 2532 1086 2587 dilectissime
1112 2551 1124 2599 ;
1148 2534 1356 2604 quibus
1393 2535 1621 2591 assidue
1652 2538 1809 2592 lectis

193 2632 237 2679 et
262 2627 408 2697 pravi
435 2627 811 2697 corriguntur
852 2632 908 2681 et
951 2628 1113 2681 bona:
1142 2627 1276 2681 fidei
1322 2629 1586 2683 homines
1614 2646 1805 2685 corro-

192 2718 469 2774 borantur.
503 2722 652 2773 Dum
698 2720 849 2774 enim
898 2738 1007 2775 non
1062 2720 1273 2775 desinis
1319 2723 1642 2778 tractatibus
1698 2725 1809 2780 tuis

194 2818 540 2868 sacramenta
577 2813 808 2879 nudare,
844 2814 919 2867 sic
948 2831 1050 2868 nos
1080 2815 1135 2868 in
1169 2814 1277 2869 ﬁde
1298 2816 1343 2849 59
1386 2816 1523 2871 facis
1552 2833 1807 2873 crescere

198 2913 243 2959 et
282 2908 345 2960 de
392 2908 605 2961 staculo
659 2907 926 2962 homines
964 2908 1037 2961 ad
1078 2908 1477 2963 credulitatem
1517 2912 1803 2966 accedere.

194 3000 313 3054 Nam
346 3017 711 3072 quaecunque
741 3000 893 3054 bona
913 3000 970 3054 in
1002 3001 1196 3055 multis
1222 3002 1382 3056 libris
1400 3004 1511 3056 tuis
1538 3004 1801 3073 intulisti,

193 3095 391 3147 nescius
418 3095 617 3166 ipsum
644 3099 699 3149 te
735 3095 896 3149 nobis
941 3095 1281 3165 designasti;
1335 3114 1393 3150 es
1427 3098 1581 3152 enim
1612 3100 1659 3131 δο
1688 3116 1811 3152 om-

196 3188 339 3241 nibus
368 3187 706 3243 hominibus
736 3188 792 3241 in
824 3193 1062 3242 tractatu
1093 3189 1298 3259 major,
1341 3190 1397 3243 in
1440 3207 1701 3245 sermone
1731 3192 1813 3246 fa-

194 3281 423 3347 cundior,
454 3282 515 3335 in
550 3282 782 3335 consilio
815 3282 1146 3352 sapientior,
1192 3283 1250 3336 in
1298 3283 1577 3353 patientia
1607 3285 1815 3356 simpli-

195 3372 314 3438 cior,
346 3374 401 3427 in
454 3374 731 3445 operibus
784 3375 1017 3445 largior,
1056 3376 1112 3428 in
1168 3376 1523 3429 abstinentia
1572 3380 1815 3432 sanctior

193 3465 240 3519 in
268 3468 537 3539 obsequio
569 3467 857 3536 humilior,
889 3474 943 3522 et
971 3468 1029 3521 in
1067 3472 1197 3522 actu
1238 3469 1394 3523 bono
1424 3471 1809 3525 innocentior.

194 3558 295 3613 Scis
321 3568 373 3615 et
418 3562 572 3631 ipse,
615 3560 962 3629 charissima,
1010 3568 1266 3616 nostrum
1325 3564 1567 3633 optabile
1608 3572 1804 3619 votum

194 3669 297 3707 esse
326 3656 471 3725 quod
498 3661 557 3708 te
585 3653 897 3721 videamus,
928 3654 1221 3708 doctorem
1254 3661 1311 3709 et
1343 3660 1658 3711 amatorem
1700 3660 1802 3729 (63)

194 3750 458 3816 nostrum,
492 3747 573 3802 ad
616 3764 879 3801 coronam
918 3765 1141 3819 magna:
1188 3749 1551 3804 confessionis
1606 3768 1804 3822 perve-

200 3858 331 3895 uisse
340 3883 350 3894 .

255 3934 422 4009 421
466 3936 539 3989 II.
572 3937 733 4005 Nam,
768 3936 931 4007 quasi
952 3936 1134 3989 bonus
1162 3941 1216 3990 et
1244 3952 1405 3990 verus
1432 3938 1645 4006 doctor,
1668 3940 1803 4010 quid

1915 1797 1971 1846 et
1998 1810 2099 1845 nos
2134 1798 2352 1845 tantum
2402 1799 2716 1863 martyrum
2760 1792 2829 1846 de
2875 1791 3079 1845 smculo
3108 1791 3229 1861 jam
3260 1793 3535 1845 exceden-

1916 1885 2056 1939 tium
2095 1886 2245 1939 socia
2275 1903 2397 1940 esse
2427 1886 2613 1955 coepit,
2646 1886 2739 1939 sed
2772 1901 2901 1939 cum
2931 1888 2987 1939 et
3028 1885 3231 1938 futuris
3256 1885 3539 1939 caelestem

1913 1979 2220 2033 amicitiam
2250 1979 2547 2050 copulavit.

1985 2076 2066 2129 lll.
2100 2077 2292 2144 Agunt
2332 2090 2470 2144 ergo
2504 2072 2607 2126 tibi
2642 2072 2942 2126 nobiscum
2982 2072 3236 2127 damnati
3263 2072 3541 2139 maximas

1914 2166 2067 2238 apud
2114 2169 2288 2221 Deum
2347 2167 2577 2237 gratias,
2636 2167 2915 2237 Cypriane
2956 2166 3341 2233 dilectissime,
3387 2167 3542 2237 quod

1912 2260 2111 2315 litteris
2158 2260 2270 2314 tuis
2307 2259 2617 2313 laborantia
2661 2265 2888 2331 pectora
2952 2260 3237 2327 recreasti,
3296 2261 3540 2314 fustibus

1911 2355 2197 2409 vulnerata
2226 2354 2481 2408 membra
2515 2354 2744 2423 curasti,
2768 2354 3142 2425 compedibus
3184 2354 3356 2425 pedes
3384 2355 3529 2425 liga-

1913 2452 1995 2502 tos
2046 2448 2338 2515 resolvisti,
2394 2447 2708 2502 semitonsis
2783 2448 2981 2519 capitis
3012 2449 3058 2481 ⁶²
3136 2448 3541 2520 capillaturam

1910 2541 2243 2611 adaequasti,
2292 2541 2557 2595 tenebras
2627 2542 2863 2595 carceris
2917 2542 3271 2611 illuminasti,
3315 2546 3540 2597 montes

1910 2635 2126 2688 mctalli
2156 2636 2211 2688 iu
2245 2636 2477 2705 planum
2509 2635 3062 2703 deduxisti,naribus
3090 2637 3261 2690 etiam
3285 2638 3543 2707 fragran-

1911 2732 1991 2782 tes
2014 2730 2060 2762 6³
2112 2729 2281 2784 ﬂores
2332 2729 2674 2798 imposuisti,
2729 2734 2783 2783 et
2848 2733 3062 2783 tetrum
3112 2730 3348 2785 odorem
3397 2730 3539 2785 fumi

1908 2823 2187 2876 exclusisti
2215 2824 2282 2876 δι.
2336 2823 2487 2876 Fecit
2525 2825 2717 2876 autem
2768 2828 2825 2876 et
2878 2830 3237 2893 prosecutum
3279 2825 3536 2879 ministe-

1912 2916 2056 2968 rium
2090 2921 2248 2969 tuum
2284 2920 2339 2970 et
2380 2915 2603 2979 Quirini
2635 2915 2980 2969 dilectissimi
3022 2918 3198 2971 nostri
3234 2919 3389 2987 quod
3438 2936 3543 2988 per

1831 3050 1885 3123 C
1914 3009 2335 3063 Herennianum
2379 3010 2485 3079 (65)
2532 3010 3012 3080 hypodiaconum,
3057 3016 3110 3065 et
3146 3012 3456 3064 Lucianum
3484 3015 3541 3065 et

2280 3109 2318 3123 ,.
3422 3107 3434 3123 ι

1910 3104 2217 3157 Maximum
2270 3109 2324 3157 et
2368 3103 2694 3159 Amantium
2746 3104 3033 3174 acolythos
3085 3105 3542 3159 distribuendum

1911 3197 2112 3249 misisti
2134 3198 2179 3231 ⁸⁵
2228 3214 2579 3268 quascunque
2630 3196 3054 3251 necessitatibus
3093 3214 3396 3268 corporum
3431 3200 3530 3253 de-

1907 3291 2137 3344 fuerant
2174 3291 2448 3360 expediri.
2502 3290 2689 3345 Simus
2732 3308 2871 3361 ergo
2919 3290 3273 3344 orationibus
3334 3295 3541 3346 nostris

1909 3384 2241 3437 alterutrum
2289 3384 2600 3454 adjutores,
2654 3390 2709 3436 et
2740 3401 3026 3454 rogemus,
3057 3385 3199 3438 sicut
3233 3386 3539 3448 mandasti,

1910 3484 1969 3531 ut
2002 3478 2175 3531 [leum
2206 3482 2262 3530 et
2291 3477 2579 3531 Christum
2597 3482 2653 3531 et
2679 3479 2924 3548 Angelos
2950 3478 3005 3531 iu
3029 3479 3295 3533 omnibus
3322 3481 3541 3533 actibus

1908 3570 2111 3623 nostris
2144 3570 2464 3624 habeamus
2497 3572 2768 3625 fautores.
2801 3573 3076 3641 Optamus
3109 3578 3185 3639 te,
3217 3572 3414 3646 422
3446 3574 3541 3627 do-

1912 3664 2059 3718 mine
2086 3664 2279 3730 frater,
2325 3681 2548 3735 semper
2588 3665 2733 3718 bene
2778 3666 2961 3719 valere
3013 3670 3070 3719 et
3118 3668 3293 3721 nostri
3337 3669 3538 3721 memi-

1906 3756 2076 3811 nisse.
2107 3759 2300 3812 Saluta
2328 3774 2526 3811 omnes
2550 3758 2647 3828 qui
2681 3763 2870 3812 tecum
2918 3763 3072 3813 sunt.
3108 3760 3315 3815 Omnes
3359 3763 3541 3816 nostri

1906 3850 2001 3919 qui
2037 3851 2331 3905 nobiscum
2360 3853 2493 3904 sunt
2525 3853 2577 3903 te
2606 3857 2803 3905 amant
2847 3856 2905 3905 et
2948 3852 3217 3920 salutant,
3265 3858 3324 3908 et
3352 3854 3541 3910 videre

1906 3944 2259 3998 desiderant.

1510 4060 1511 4063 ‘
1556 4039 1763 4104 Variae
1816 4043 2155 4107 lectiones.

250 4136 283 4167 υ
314 4136 503 4187 Fidem
542 4137 693 4209 foss.
733 4136 782 4209 Ξ.Δ
846 4134 1147 4209 f°iEtenim
1192 4134 1466 4209 omnibus
1486 4136 1594 4209 NC.
1630 4139 1681 4209 2.
1745 4139 1787 4170 δ’
1818 4140 2014 4191 Morari
2049 4143 2158 4191 Lin.
2197 4144 2305 4193 ΝΟ.
2350 4145 2394 4193 2.
2466 4146 2508 4177 δ’
2554 4144 2842 4209 Capitibus
2888 4146 2995 4194 ιιή.
3063 4144 3104 4178 ⁸³
3148 4144 3537 4208 Flagrantibus

205 4206 319 4254 Voss.
348 4209 394 4256 2.

466 4210 509 4239 ³⁴
540 4206 860 4255 Discussisti
887 4208 1022 4255 Pem.
1060 4206 1166 4255 ΝΟ.
1195 4206 1242 4253 2.
1283 4207 1412 4254 Voss.
1446 4208 1493 4255 2.
1560 4207 1602 4238 ⁸⁵
1635 4208 1935 4260 Mandastis
1965 4214 2099 4261 Pem.

1467 4280 1692 4362 Steph.
1756 4283 2000 4348 Baluzii
2058 4293 2252 4351 notae.

245 4389 330 4450 (63)
364 4390 425 4438 Et
477 4393 788 4438 amatorem.
825 4388 933 4437 Ista
985 4387 1094 4437 duo
1130 4387 1397 4438 vocabula
1438 4402 1550 4439 non
1597 4390 1803 4441 haben-

196 4434 267 4506 tur
291 4434 342 4508 in
366 4460 614 4510 editione
651 4459 899 4519 Manutii,
928 4460 1022 4523 qui
1066 4460 1277 4521 primus
1322 4460 1468 4510 hanc
1510 4462 1799 4523 epistolam
1822 4434 1878 4505 D

196 4530 358 4579 edidit.
406 4534 619 4582 Desunt
671 4532 838 4580 etiam
900 4530 955 4578 in
1002 4530 1193 4579 codice
1263 4530 1673 4593 Moyssiacensi.
1752 4535 1806 4582 in

198 4599 437 4662 Furensi,
469 4606 526 4651 et
558 4602 612 4650 in
646 4600 1001 4650 Lamoniano.
1042 4600 1273 4650 Exstant
1310 4605 1498 4651 autem
1542 4603 1597 4650 in
1641 4604 1808 4665 pluri-

198 4669 285 4720 bus
310 4674 427 4723 aliis
453 4674 722 4736 antiquis,
753 4673 919 4721 etiam
952 4672 1006 4720 in
1040 4672 1343 4722 Veronensi
1392 4676 1446 4722 et
1484 4674 1538 4722 in
1566 4674 1809 4726 editione

199 4742 517 4794 Morelliana.
570 4744 897 4794 Emendabo
946 4746 1151 4802 autem,
1203 4742 1329 4792 data
1387 4745 1697 4806 occasione,
1725 4748 1806 4796 lo—

200 4827 306 4863 cum
332 4817 486 4866 valde
517 4814 842 4865 mendosum
876 4816 930 4863 in
969 4815 1199 4877 epistola
1255 4814 1318 4863 35
1363 4815 1511 4864 Aviti
1562 4818 1807 4880 episcopi

200 4883 527 4943 Viennensis,
583 4888 676 4949 qui
722 4886 803 4936 sic
855 4886 1023 4936 habet
1078 4902 1088 4933 :
1141 4905 1167 4930 «
1204 4886 1339 4936 Nam
1394 4900 1489 4948 per
1545 4891 1807 4950 majorem

199 4956 372 5007 domus
414 4958 605 5018 Tullii,
642 4958 738 5020 qui
772 4970 1015 5007 amorem
1077 4960 1231 5006 tuum
1275 4958 1578 5008 Dominum
1621 4974 1807 5010 meum

201 5024 594 5088 Sigismundum
635 5043 664 5077 a
705 5034 858 5091 patre
884 5032 997 5088 tuo,
1029 5046 1056 5073 »
1106 5031 1210 5076 etc.
1258 5029 1490 5078 Multum
1536 5032 1689 5082 torsit
1719 5032 1809 5082 hic

198 5096 335 5148 locus
362 5101 542 5150 virum
566 5100 1088 5163 praestantissimum
1114 5098 1391 5148 Jacobum
1431 5100 1804 5153 Sirmondum.

200 5168 369 5232 Neque
408 5172 465 5220 id
494 5170 682 5221 hercle
724 5171 939 5233 injuria.
986 5171 1055 5218 At
1101 5169 1146 5217 si
1191 5168 1524 5220 Sirmondus
1577 5174 1810 5226 vidisset

202 5246 420 5293 veterem
452 5244 657 5292 librum
692 5242 831 5293 Petri
883 5242 1154 5292 Marnwsii
1197 5244 1469 5292 senatoris
1510 5244 1805 5296 Gratiano-

202 5312 419 5373 politani,
450 5314 667 5363 nullum
700 5314 754 5362 in
796 5312 1165 5374 explicatione
1216 5312 1385 5374 hujus
1420 5313 1529 5364 loci
1562 5314 1806 5364 laborem

204 5380 471 5434 habuisset.
528 5384 621 5435 Sic
659 5386 808 5435 enim
862 5384 1125 5446 scriptum
1165 5386 1249 5431 est
1298 5386 1353 5432 in
1403 5383 1544 5435 libro
1574 5384 1671 5435 illo
1720 5399 1810 5435 ve-

206 5452 285 5501 teri
314 5470 323 5502 :
357 5474 381 5499 α
412 5456 546 5505 Nam
586 5468 681 5518 per
710 5456 975 5517 majorem
1007 5454 1207 5504 domus
1255 5458 1385 5515 tum,
1430 5456 1525 5519 qui
1571 5455 1809 5507 damna—

208 5526 353 5573 torem
382 5526 649 5575 domuum
690 5538 876 5575 meum
920 5524 1339 5589 Sigismundum
1382 5540 1412 5575 a
1459 5530 1614 5589 patre
1637 5531 1751 5587 tuo,
1776 5542 1808 5574 »

209 5596 291 5642 etc.
345 5596 444 5646 Ubi
500 5601 681 5647 tamen
752 5596 1134 5658 reponendum
1197 5599 1278 5646 est
1349 5603 1642 5648 amatorem
1710 5611 1809 5660 pro

210 5664 557 5718 damnatorem.
593 5667 803 5719 Similis
847 5667 1159 5717 emendatio
1204 5667 1456 5718 fortassis
1492 5668 1809 5720 adhibenda

214 5740 277 5783 est
306 5740 451 5802 epist.
483 5741 531 5789 ll
584 5738 795 5791 Nicolal
839 5739 999 5803 Papae
1034 5739 1075 5801 Ι,
1113 5740 1168 5789 in
1216 5752 1325 5802 qua
1359 5738 1559 5802 legitur
1593 5755 1603 5788 ;
1642 5758 1669 5786 «
1694 5741 1805 5804 Ap-

1904 4401 2057 4456 paret
2088 4401 2139 4447 te
2167 4399 2353 4447 minus
2395 4399 2560 4447 saluti
2601 4399 2883 4449 communi
2925 4414 3092 4462 quam
3137 4401 3271 4450 sorti
3310 4402 3541 4464 privata)

1904 4468 2264 4519 intendere.»
2296 4471 2430 4519 Nam
2479 4471 2533 4517 in
2596 4472 2763 4520 veteri
2817 4470 3009 4520 codice
3057 4485 3159 4521 ms.
3208 4474 3537 4522 monasterii

1909 4541 2087 4589 sancti
2114 4541 2346 4605 Remigii
2391 4540 2679 4590 Remousis
2730 4543 2997 4603 scriptum
3040 4547 3126 4591 est
3163 4556 3323 4605 quam
3367 4544 3539 4591 aniori

1979 4626 2137 4659 ιυαιο.

1907 4616 2423 4743 ρνῖἕῧωέαααυενίε.
2478 4685 2601 4733 Duo
2646 4684 2772 4732 libri
2827 4687 3039 4732 veteres
3095 4684 3303 4734 habent
3365 4701 3395 4733 «
3438 4684 3541 4735 Ca-

1909 4752 2108 4802 davera
2151 4754 2323 4816 ipsius
2367 4755 2576 4816 publici
2630 4754 2807 4803 hostis
2853 4758 2909 4803 et
2955 4756 3109 4803 nervi
3164 4756 3372 4805 concisi
3424 4756 3536 4805 cal-

1909 4819 2180 4864 careutur.
2242 4834 2267 4861 »
2317 4816 2409 4866 Sic
2462 4818 2624 4866 etiam
2672 4821 2782 4866 tres
2834 4816 3144 4878 Anglicani.
3196 4817 3275 4865 Ita
3315 4831 3539 4881 quoque

1908 4885 2172 4937 habuisse
2205 4887 2580 4937 Veronensem
2610 4888 2860 4937 omnium
2900 4888 3353 4951 antiquissimum
3397 4889 3537 4938 mihi

1909 4963 2254 5020 compertum
2300 4963 2398 5009 est.
2444 4959 2544 5008 His
2588 4959 3009 5009 auctoritatibus
3045 4958 3216 5008 fultus
3272 4960 3539 5009 constitui

1908 5042 2093 5078 veram
2119 5030 2432 5080 lectionem.
2473 5030 2607 5079 Nam
2638 5034 2901 5092 prasterea
2934 5034 3148 5080 certum
3175 5034 3259 5080 est
3283 5044 3396 5081 non
3418 5044 3539 5081 esse

1908 5100 2066 5163 plura
2096 5101 2364 5151 cadavera
2394 5101 2448 5149 in
2477 5114 2590 5150 uno
2618 5100 2797 5151 hoste.

1972 5173 2065 5232 (65)
2120 5175 2218 5221 Per
2263 5173 2680 5222 Hercnnianum.
2740 5171 2932 5222 Codex
3001 5171 3297 5222 Remensis
3363 5172 3542 5224 sancti

1910 5242 2179 5304 Dionysii.
2231 5262 2257 5287 «
2309 5243 2412 5292 Per
2456 5242 2700 5294 Felicem
2736 5243 3154 5293 Herennianum
3196 5243 3540 5308 hypodiaco-

1910 5327 2042 5361 num
2096 5317 2147 5363 et
2194 5314 2500 5364 Lucianum
2552 5316 2606 5363 et
2652 5315 2961 5363 Maximum
3019 5318 3078 5364 et
3125 5317 3435 5377 Augustum
3488 5318 3543 5364 et

1909 5384 2223 5434 Amandum
2268 5385 2651 5447 presbyterum
2700 5384 3162 5441 distribuendam,
3209 5406 3236 5431 »
3285 5390 3391 5436 etc.
3450 5385 3542 5437 Sic

1909 5457 2072 5505 etiam
2121 5457 2292 5505 ferme
2349 5458 2405 5506 in
2452 5455 2673 5505 duobus
2728 5456 3067 5519 Anglicanis.
3118 5456 3282 5506 Hunc
3328 5457 3541 5506 Heren-

1909 5528 2137 5575 nianum
2184 5528 2455 5577 Baronius
2493 5529 2651 5590 putat
2702 5527 2859 5576 illum
2908 5540 3030 5577 esse
3079 5540 3175 5589 per
3224 5539 3391 5590 quem
3439 5525 3544 5585 Cy—

1910 5599 2153 5660 prianus,
2181 5611 2309 5648 cum
2341 5603 2487 5649 esset
2510 5599 2692 5659 exsul,
2719 5599 3081 5661 pecuniarum
3110 5597 3355 5649 subsidia
3400 5594 3550 5646 misit

1911 5669 1978 5719 ad
2006 5668 2352 5723 confessores
2380 5670 2450 5722 ad
2479 5669 2706 5721 metalla
2740 5669 3045 5721 damnatos.
