3978 6194
413 260 515 316 435

868 384 1191 441 EPISTOLA
1235 385 1418 439 LXXIX
1450 385 1574 455 (se).

473 496 710 558 (Erasm.,
740 508 808 557 iv,
837 499 864 544 7
885 514 900 558 ;
926 497 1139 558 Pamel.,
1168 496 1308 559 Rigal
1337 533 1351 556 ,
1381 497 1567 556 Baluz.,
1591 506 1776 555 LXXIX;
1800 495 1942 544 Paris
1968 531 1982 554 ,

909 570 1097 628 Oxon.,
1135 568 1296 631 Lips,
1351 576 1550 627 LXVIII.)

557 683 625 721 ΑΙ)
666 682 885 720 ΕυΜυΕΜ
926 683 1067 721 LL'CII
1121 682 1182 719 ΕΤ
1231 679 1563 719 (ἶλΕΤΕκΟΒυΜ
1609 679 1899 719 ΜΑΗΤΥΚΕΜ

1063 769 1392 808 RESPONSUM.

416 866 731 920 ARGUMENTI
761 881 868 919 esse
905 865 1143 933 ejusdem
1181 881 1298 919 cum
1334 864 1680 933 prwcedenti,
1729 864 1894 916 verba
1924 864 2042 930 ipsa

483 955 720 1021 cpistola:
746 955 1130 1015 demonstrant,
1156 959 1315 1023 atque
1347 953 1475 1007 adeo
1497 968 1602 1006 non
1634 954 1789 1006 Lucii
1810 954 2044 1008 Romani

485 1044 780 1109 Pontiﬁcis,
811 1043 905 1096 sed
948 1043 1102 1096 Lucii
1129 1044 1386 1109 martyris
1428 1048 1477 1094 ct
1523 1043 1756 1110 episcopi
1785 1041 2044 1106 Africani

488 1131 717 1199 cpistola
738 1137 830 1192 est,
859 1131 1026 1185 multo
1043 1133 1222 1184 minus
1243 1134 1417 1184 autem
1441 1128 1708 1198 Cypriani
1729 1129 1802 1183 ad
1818 1131 2041 1184 Lucium

490 1221 717 1288 Papam.

493 1338 530 1390 l.
557 1335 840 1406 Cypriane
868 1335 1025 1389 fratri
1052 1339 1107 1389 et
1133 1334 1604 1405 collegas,Lucius
1626 1334 1794 1407 etqui
1819 1351 2038 1389 mecum

416 1432 548 1484 sunt
579 1429 797 1494 fratres,
830 1445 1027 1482 omnes
1055 1427 1111 1481 in
1141 1429 1382 1483 Domino
1412 1429 1670 1483 salutem.
1701 1429 2040 1482 Exsultanli-

412 1523 520 1577 bus
547 1522 712 1576 nobis
725 1528 780 1576 et
799 1521 1124 1576 laetantibus
1142 1522 1197 1575 in
1221 1525 1331 1576 Deo
1358 1522 1514 1593 quod
1545 1539 1647 1577 nos
1670 1522 1741 1576 ad
1770 1538 2035 1593 congres-

412 1617 633 1669 sionem
663 1617 709 1649 ⁶⁶
737 1615 1042 1669 armaverit
1064 1617 1120 1670 et
1146 1617 1204 1669 in
1229 1615 1423 1685 prtelio
1443 1616 1680 1671 victores
1708 1633 1810 1670 sua
1837 1616 2036 1692 digna-

413 1708 567 1763 tione
597 1709 809 1776 fecerit,
840 1717 1286 1778 supervenerunt
1311 1710 1512 1763 litteris
1540 1714 1673 1775 tuae,
1705 1709 1880 1763 frater
1903 1709 2032 1762 cha-

1332 263 1386 317 S.
1426 257 1740 319 CYPRIANI
1779 261 2054 317 OPERUM
2095 261 2264 316 PARS
2296 261 2335 312 Ι.
2369 288 2437 298 —
2475 259 2838 314 EPISTOLZE.

3651 260 3746 314 436

2057 396 2115 466 Α
2136 382 2388 448 rationis,
2417 382 2513 454 qui
2539 384 2596 435 et
2623 387 2676 436 te
2709 381 2869 437 nobis
2913 381 3115 434 litteris
3164 378 3274 433 tuis
3315 382 3746 451 reprmsentasti,

2146 479 2209 530 ut
2241 478 2436 546 pectus
2463 475 2604 528 illud
2644 481 2810 530 tuum
2855 473 3165 528 candidum
3215 478 3272 526 et
3321 472 3565 539 beatum,
3609 475 3751 543 quod

2144 584 2374 639 semper
2406 568 2684 634 novimus,
2733 568 3139 634 manifestares,
3188 571 3243 620 et
3289 565 3596 620 secundum
3626 568 3754 620 latu-

2146 661 2342 716 dinem
2364 661 2486 731 ejus
2509 660 2808 714 nobiscum
2829 659 3029 714 laudes
3057 660 3172 713 Deo
3189 658 3422 725 diceres,
3452 674 3562 712 non
3589 676 3752 730 quan-

2145 759 2265 808 tum
2311 771 2412 808 nos
2462 770 2753 808 meremur
2791 753 3010 819 audire,
3049 753 3144 807 sed
3187 757 3461 822 quantum
3505 755 3560 804 tu
3606 758 3754 822 potes

2145 848 2350 903 dicere.
2382 848 2511 901 Tuis
2551 847 2702 901 enim
2754 846 2984 901 vocibus
3035 849 3091 900 et
3130 862 3257 916 quae
3305 844 3491 898 minus
3521 845 3575 898 in
3604 845 3754 900 nobis

2142 941 2417 996 instructa
2443 947 2607 996 erant
2634 940 2924 995 exornasti
2972 945 3028 994 et
3072 939 3422 994 conﬁrmasti
3449 938 3518 992 ad
3544 945 3754 992 susten-

2142 1035 2416 1089 tationem
2447 1034 2779 1089 earumdem
2812 1033 3137 1104 passionum
3183 1049 3320 1104 quas
3365 1031 3610 1103 patimur
3637 1036 3752 1101 (68),

2141 1129 2319 1184 securi
2351 1129 2420 1182 de
2451 1128 2686 1199 praemio
2717 1128 2926 1182 coelusti
2965 1131 3020 1182 et
3053 1127 3121 1180 de
3169 1142 3384 1182 corona
3425 1125 3677 1195 martyrii
3707 1129 3758 1180 et

2139 1223 2208 1277 de
2238 1238 2412 1292 regno
2438 1222 2556 1288 Dei,
2591 1237 2656 1276 ex
2684 1221 2978 1291 prophetia
3006 1237 3177 1291 quam
3201 1219 3403 1273 litteris
3432 1219 3539 1272 tuis
3557 1219 3756 1288 Spiritu

2139 1321 2332 1369 sancto
2360 1315 2564 1386 plenus
2595 1313 2968 1385 sp0pondisti.
3005 1316 3117 1367 Hoc
3151 1317 3332 1367 totum
3363 1313 3405 1346 '“
3440 1311 3554 1376 fiet,
3597 1312 3752 1366 dilec-

2140 1409 2373 1472 tissime,
2407 1409 2450 1460 si
2480 1425 2581 1462 nos
2617 1407 2966 1461 orationibus
2999 1407 3107 1460 tuis
3148 1407 3207 1460 in
3253 1411 3448 1460 mente
3484 1405 3753 1470 habueris,

2139 1501 2291 1573 quod
2319 1504 2372 1555 te
2399 1501 2586 1556 facere
2615 1501 2856 1568 contido,
2891 1500 3033 1554 sicut
3059 1504 3116 1554 et
3143 1517 3244 1554 nos
3273 1499 3472 1570 utique
3506 1499 3755 1552 facimus.

2210 1597 2296 1650 lll.
2329 1594 2661 1665 Accepimus
2685 1595 2902 1665 itaque,
2934 1594 3105 1648 frater
3133 1592 3672 1658 desiderantissime,
3701 1591 3752 1644 id

2142 1688 2293 1759 quod
2320 1707 2351 1742 a
2376 1688 2610 1752 Quirino
2641 1694 2696 1741 et
2723 1705 2754 1741 a
2784 1691 2836 1740 te
2862 1687 2986 1758 ipso
3016 1686 3217 1740 misisti
3245 1685 3591 1740 sacriﬁcium
3616 1685 3659 1718 ⁷³
3691 1701 3754 1738 ex

843 1759 1286 1778 --τώμὼ-η-

418 1803 660 1870 rissime,
695 1819 834 1873 quas
882 1819 984 1874 per
1035 1803 1458 1857 Herennianum
1501 1803 1955 1874 hypodiaconum
1987 1759 2116 1855 etB
2144 1781 2302 1837 omni
2326 1797 2496 1852 Opere
2525 1781 2760 1835 mundo-
2786 1780 2940 1836 Sicut
2966 1784 3022 1834 et
3048 1779 3397 1874 Νοθνοωυιίι
3432 1781 3570 1847 Deo»
3590 1778 3756 1874 “Ad?

416 1896 727 1952 Luciauum
762 1902 818 1950 et
842 1896 1140 1950 Maximum
1171 1902 1226 1951 et
1244 1895 1568 1952 Amantium
1597 1895 1889 1966 acolythos
1929 1894 2037 1948 mi-

421 1989 539 2043 sisti
589 1990 787 2056 nobis;
841 1989 1045 2060 quibus
1091 1990 1267 2049 lectis.
1311 1989 1619 2060 recipimus
1639 1991 1683 2023 ⁶⁷
1717 1990 1773 2042 in
1809 1988 2042 2042 vinculis

415 2083 820 2149 laxamentum,
845 2083 901 2136 in
932 2098 1195 2152 pressura
1221 2082 1487 2137 solatium
1521 2088 1577 2136 et
1605 2082 1660 2135 in
1706 2083 2038 2136 necessitate

417 2175 764 2246 praesidium,
793 2181 849 2229 et
875 2176 1106 2229 excitati
1128 2176 1174 2210 ⁵⁸
1202 2192 1396 2228 sumus
1419 2180 1475 2229 et
1497 2175 1778 2229 robustius
1801 2174 2038 2228 animati

417 2269 486 2322 ad
521 2269 563 2322 si
595 2269 727 2340 quid
756 2268 1001 2339 amplius
1024 2269 1196 2322 fuerit
1221 2285 1537 2338 poenarum.
1569 2270 1706 2322 Nam
1755 2272 1882 2322 ante
1911 2285 2036 2339 pas-

417 2362 634 2425 sionem
673 2381 703 2415 a
734 2366 786 2416 te
815 2379 1014 2416 sumus
1041 2361 1112 2415 ad
1139 2362 1383 2431 gloriam
1410 2363 1716 2432 provocati,
1745 2362 1841 2433 qui
1883 2363 2040 2432 prior

415 2456 574 2509 nobis
625 2456 889 2510 ducatum
948 2455 1021 2509 ad
1075 2455 1488 2510 confessionem
1537 2455 1782 2510 nominis
1833 2455 2038 2512 Christi

417 2549 709 2620 praebuisti
729 2551 796 2602 69.
830 2550 939 2604 Nos
983 2566 1139 2617 vero,
1173 2549 1348 2603 secuti
1396 2549 1630 2620 vestigia
1663 2549 2039 2604 confessionis

412 2650 545 2709 tute,
578 2660 769 2714 parem
803 2644 1046 2714 gratiam
1075 2642 1184 2713 (67)
1214 2646 1401 2698 tecum
1423 2660 1739 2714 speramus.
1772 2645 1912 2697 Nam
1944 2643 2040 2714 qui

411 2737 566 2808 prior
594 2742 678 2791 est
704 2737 760 2790 in
790 2753 977 2804 cursu,
1013 2736 1167 2807 prior
1200 2740 1285 2790 est
1313 2742 1367 2790 et
1389 2737 1460 2791 ad
1497 2737 1827 2807 prtemium;
1859 2743 1914 2791 et
1941 2738 2037 2808 qui

413 2831 568 2901 prior
597 2831 879 2901 occupasti
907 2830 976 2884 de
999 2846 1110 2901 quo
1136 2829 1370 2900 cmpisti,
1399 2830 1529 2885 inde
1556 2831 1661 2884 hoc
1689 2831 1850 2884 nobis
1879 2848 2034 2885 com-

411 2924 735 2991 municasti,
761 2924 1158 2978 demonstrans
1182 2923 1395 2978 scilicet
1421 2923 1772 2978 individuam
1799 2925 2039 2978 cliarita-

410 3020 616 3083 tem7°,
649 3019 785 3090 quia
815 3035 1042 3089 semper
1087 3035 1187 3071 nos
1233 3017 1476 3072 dilexisti
1504 3035 1520 3085 ;
1562 3021 1626 3072 ut
1659 3019 1865 3088 quibus
1893 3035 2039 3072 unus

407 3113 520 3166 fuit
551 3111 780 3182 spiritus
804 3113 862 3166 in
893 3111 1295 3182 conjunctione
1328 3111 1498 3181 pacis,
1520 3109 1711 3183 423
1741 3117 1888 3165 esset
1918 3129 2038 3182 pre-
2059 3124 2112 3197 ρ

407 3224 537 3260 cum
567 3207 879 3260 luarumio‘
913 3203 1096 3275 gratia
1137 3207 1192 3258 et
1234 3220 1352 3258 una
1396 3220 1600 3258 corona
1638 3205 2031 3260 confessionis.

480 3303 541 3355 ll.
571 3300 817 3354 Accessit
845 3306 1033 3353 autem
1061 3298 1181 3366 tibi,
1211 3299 1386 3352 frater
1421 3299 1772 3366 charissime,
1801 3301 1871 3353 ad
1901 3317 2033 3354 con-

407 3393 667 3450 fessionis
719 3409 986 3447 coronam
1037 3391 1343 3446 retributio
1421 3409 1660 3462 operum
1736 3392 2038 3447 abundans

408 3504 699 3558 mensura,
729 3503 903 3558 quam
943 3485 1180 3556 accipies
1207 3501 1236 3538 a
1269 3485 1507 3539 Domino
1555 3485 1610 3539 in
1654 3485 1742 3540 die
1772 3503 2037 3541 remune-

2147 1877 2378 1930 lectatus
2405 1879 2491 1929 est
2519 1876 2669 1929 Deus
2695 1875 2755 1928 in
2783 1874 3015 1928 odorem
3037 1873 3346 1940 suavitatis,
3367 1876 3428 1927 et
3450 1871 3757 1943 respexitin

2144 1968 2484 2023 sacriﬁcium
2513 1969 2656 2038 ejus,
2688 1968 2765 2022 ita
2793 1971 2848 2022 et
2881 1967 2936 2021 in
2955 1971 3201 2022 vestrum
3230 1966 3494 2037 respiciat
3511 1969 3565 2020 et
3589 1965 3758 2020 delec-

2145 2065 2294 2117 tetur
2314 2063 2360 2095 73
2393 2061 2628 2116 reddere
2661 2060 2816 2116 vobis
2843 2061 3144 2132 hujustam
3162 2061 3299 2115 boni
3331 2059 3524 2131 operis
3553 2074 3754 2113 merce-

2145 2156 2292 2210 dem.
2325 2158 2460 2210 Peto
2490 2159 2683 2209 autem
2728 2159 2791 2210 ut
2836 2155 3053 2209 litteras
3103 2171 3238 2226 quas
3281 2153 3354 2208 ad
3398 2152 3757 2218 Quirinum"

2142 2249 2381 2303 fecimus
2413 2248 2716 2303 transmitti
2749 2248 2912 2319 pI‘tBCi
2921 2249 3056 2319 pias.
3085 2249 3227 2314 Opto
3256 2253 3332 2316 te,
3355 2248 3534 2302 frater
3559 2245 3757 2301 charis-

2145 2343 2285 2397 sime
2305 2359 2368 2396 ac
2391 2341 2930 2411 desiderantissime,
2954 2359 3073 2396 sem
3083 2342 3340 2414 perbene
3355 2343 3544 2397 valere
3563 2345 3619 2396 et
3634 2357 3757 2394 nos-

2145 2437 2216 2490 tri
2247 2435 2592 2491 meminisse.
2615 2436 2804 2491 Saluta
2825 2452 3024 2492 omnes
3048 2436 3146 2507 qui
3165 2439 3349 2491 tecum
3369 2438 3523 2490 sunt.
3550 2435 3675 2489 Vale
3696 2435 3757 2486 ⁷⁵.

2606 2553 2927 2609 EPISTULA
2972 2554 3139 2607 LXXX
3171 2556 3301 2623 (69).

2142 2665 2376 2728 (Pamel.,
2417 2664 2626 2727 Rigalt.,
2676 2665 2825 2714 Baluz
2852 2702 2865 2725 ,
2923 2676 3099 2726 Lxxx;
3155 2665 3335 2725 Paris,
3386 2665 3580 2725 Oxon.,
3609 2664 3766 2726 Lips,

2851 2739 3045 2798 Lxxix.)

2141 2842 2358 2895 FELICIS,
2403 2842 2634 2891 JADERIS,
2706 2842 2920 2881 POLIANI
2969 2843 3030 2881 ΕΤ
3093 2843 3423 2882 (ΣΛΕΤΕΒΟΗΗΗ
3481 2841 3762 2883 IARIYRL‘M

2567 2929 2876 2970 RESPONSUM
2903 2931 2970 2970 AD
2999 2931 3311 2970 CYPRIANUM
3325 2957 3336 2972 .

2139 3019 2538 3070 Aacuuauruu.
2587 3043 2653 3054 —
2693 3017 2961 3084 Martyres
3002 3031 3170 3085 supra
3215 3016 3351 3069 dicti
3389 3015 3686 3070 subsidium
3733 3027 3762 3065 a

2348 3103 2623 3173 Cypriano
2657 3105 3028 3159 transmissum
3054 3107 3204 3173 grati
3229 3111 3553 3173 agnoscunt.

2206 3209 2485 3280 Cypriano
2514 3209 2846 3263 charissimo
2879 3215 2935 3265 et
2975 3210 3340 3265 dilectissimo
3376 3211 3553 3274 Felix,
3579 3210 3759 3275 Jader,

2138 3300 2329 3374 424
2355 3301 2638 3368 Polianus,
2656 3319 2770 3356 una
2790 3320 2919 3357 cum
2949 3304 3288 3375 presbyteris
3311 3305 3651 3358 etomnibus
3674 3320 3760 3356 no-

2135 3395 2351 3450 biscum
2367 3396 2855 3451 commorantibus
2868 3396 3021 3468 apud
3042 3397 3333 3452 metallum
3367 3397 3646 3468 Siguense
3660 3395 3758 3463 (70)

2137 3490 2409 3543 mternam
2457 3489 2515 3542 in
2553 3489 2791 3544 Domino
2818 3490 3083 3544 salutem.
3117 3491 3513 3545 Resalutamus
3542 3495 3617 3558 te,
3650 3490 3760 3544 fra-

1777 3644 1987 3708 Variae
2043 3646 2382 3708 lectiones.

468 3783 510 3814 δε
541 3783 599 3829 In
632 3779 1025 3844 congressione
1054 3778 1168 3840 An,
1199 3780 1253 3827 et
1277 3776 1347 3828 ad
1385 3779 1832 3840 congressionem
1880 3780 2017 3827 Lam.
2060 3780 2186 3828 Bod.
2228 3781 2276 3829 ἓ.
2342 3780 2385 3812 ⁸⁷
2419 3781 2744 3844 Recipimus
2801 3782 2955 3830 Oxon.
3025 3782 3068 3816 σε
3096 3782 3399 3832 Exercitati
3440 3785 3533 3831 Ar.
3574 3781 3679 3830 ΝΟ.
3717 3783 3760 3827 1.

408 3854 428 3884 δ
487 3851 752 3901 'I‘ribuisti
789 3849 914 3898 Bod.
953 3849 999 3896 2.
1037 3847 1145 3897 N0.
1192 3849 1233 3896 l.
1274 3845 1424 3896 Ebor.
1491 3846 1534 3880 7°
1558 3847 1688 3898 inde
1724 3847 1977 3899 eamdem
2018 3849 2124 3898 ΝΟ.
2171 3849 2700 3901 demonstrationem
2745 3851 2959 3901 scilicet
2992 3852 3298 3902 individuse
3347 3852 3636 3903 charitatis
3681 3855 3762 3900 Ar.

418 3927 551 3972 Voss.
593 3924 641 3972 ἓξ.
683 3923 796 3971 Lin.
832 3920 952 3968 Bod.
1001 3920 1404 3969 Demonstrasti
1440 3919 1654 3969 scilicet
1695 3918 2041 3969 individuam
2069 3921 2203 3968 Pem.

2273 3919 2336 3952 ⁷⁰⁹
2374 3921 2664 3971 Unitarum
2712 3922 2868 3971 Oxon.
2938 3921 2981 3955 7'
3010 3923 3130 3972 Hoc
3174 3928 3356 3973 tamen
3395 3925 3490 3972 Ar.
3529 3924 3761 3972 Tantum

417 3994 542 4045 Bod.
569 3995 616 4043 2.
685 3993 725 4024 7'
757 3990 1009 4040 Vestrum
1042 3988 1171 4037 add.
1211 3989 1316 4037 Lin.
1347 3990 1454 4038 ΝΟ.
1481 3987 1526 4037 2.
1596 3988 1636 4022 ⁷³
1667 3989 1946 4054 Respiciet
1965 3994 2019 4040 et
2055 3989 2437 4041 delectabitur.
2475 3994 2586 4043 Ver.
2637 3992 2894 4044 Reddens
2936 3995 3044 4043 ιιή.
3083 3994 3186 4045 N0.
3231 3995 3278 4043 ‘2.
3345 3994 3387 4028 7‘
3427 3994 3759 4058 Cyprianum

415 4068 526 4116 Ver.
595 4064 635 4098 ⁷⁵
667 4062 836 4114 Prmci
849 4062 982 4124 pias.
1009 4060 1146 4109 Vale
1174 4060 1304 4108 Sem.
1346 4061 1474 4108 Voss.
1503 4061 1549 4109 2.
1581 4061 1700 4109 Bod.
1739 4063 1782 4110 1.

1700 4170 1926 4251 Steph.
1973 4171 2217 4234 Balnzii
2264 4177 2459 4236 notae.

468 4324 830 4389 (66)Difticile
882 4326 963 4374 est
1011 4325 1162 4373 certo
1216 4321 1446 4372 deﬁnire
1509 4335 1579 4371 an
1637 4322 1759 4374 haec
1803 4324 2035 4388 epistola

406 4396 666 4464 Cypriani
713 4395 800 4453 sit,
839 4407 908 4443 an
949 4405 1077 4443 vero
1128 4394 1301 4454 Lucii,
1334 4392 1588 4464 quamvis
1630 4393 1881 4444 videatur
1914 4408 2034 4445 esse

2135 4325 2462 4389 corrigendi.

2199 4395 2294 4458 (69)
2337 4396 2514 4460 Hujus
2575 4397 2821 4460 epistolae
2883 4399 3054 4460 prima
3112 4397 3280 4448 editio
3342 4400 3483 4448 facta
3551 4402 3635 4450 est
3708 4398 3759 4446 in

405 4462 882 4558 Gy_prianijpo‘tiiis
923 4477 1095 4558 lquam
1143 4464 1320 4558 Lucii.
1367 4463 1426 4511 In
1471 4462 1648 4558 tri-ibus.
1687 4466 1867 4558 enim)
1885 4467 2028 4558 apti-
2055 4465 2359 4558 Det-ticius
2427 4468 2823 4558 iplpographica
2884 4469 3132 4550 Manutii.
3198 4469 3305 4558 Ea)
3357 4475 3545 4519 autem
3588 4469 3760 4558 ‘e’ditio

403 4533 529 4608 quis
580 4537 869 4590 codicibus
905 4535 1108 4585 dicitur
1141 4536 1345 4608 scripta
1386 4549 1416 4584 a
1449 4533 1774 4608 “Cypriand
1803 4535 1870 4584 ad
1919 4537 2034 4586 Lu-

403 4605 555 4665 cium
605 4614 659 4660 et
706 4609 802 4672 qui
838 4621 966 4658 cum
1007 4619 1074 4657 eo
1125 4611 1276 4667 sunt,
1311 4606 1368 4655 in
1413 4606 1536 4655 aliis
1573 4619 1705 4656 vero
1756 4605 1912 4657 Lucii
1967 4608 2034 4658 ad

405 4688 766 4751 Cyprianum.
831 4683 954 4731 Duo
1013 4683 1198 4729 autem
1254 4677 1502 4751 tribuunt
1557 4678 1729 4751 Lucio
1778 4681 2036 4751 episcopo

403 4747 671 4809 Romano.
715 4752 1009 4803 Existimat
1057 4754 1242 4799 tamen
1287 4747 1567 4797 Pamelius
1607 4747 1758 4798 hunc
1799 4748 2034 4798 Lucium

404 4844 521 4880 esse
579 4827 858 4876 diversum
918 4821 988 4871 ab
1042 4834 1108 4871 eo
1162 4819 1259 4884 qui
1311 4819 1416 4867 fuit
1476 4820 1769 4882 episcopus
1834 4820 2035 4870 Roma-

405 4915 530 4951 nus.
567 4899 645 4948 Ea
686 4907 814 4944 vero
851 4891 1077 4942 Pamelii
1123 4890 1309 4954 Opinio
1355 4888 1487 4938 hinc
1516 4887 1834 4938 conﬁrmari
1874 4902 2034 4952 posse

402 4971 622 5022 videtur
675 4964 822 5029 quod
869 4965 914 5012 si
967 4961 1198 5026 epistola
1248 4960 1354 5009 ista
1416 4963 1501 5010 est
1561 4959 1842 5023 Cypriani,
1905 4973 2034 5011 cum

404 5043 571 5093 missa
607 5037 677 5086 sit
706 5049 802 5098 per
835 5033 1059 5084 eosdem
1089 5032 1186 5096 qui
1214 5031 1512 5080 attulerant
1538 5043 1659 5080 eam
1679 5044 1804 5094 quae
1833 5031 2033 5096 scripta

402 5117 484 5164 est
541 5109 612 5158 ad
657 5105 1041 5160 Nemea-ianum,
1091 5103 1256 5151 missa
1294 5100 1514 5151 videtur
1563 5103 1618 5150 in
1668 5102 1910 5152 Africam
1965 5102 2032 5152 ad

402 5181 702 5248 quemdam
729 5174 1171 5248 Lucium._Certe
1216 5174 1272 5248 in
1319 5173 1550 5235 epistola
1584 5175 1644 5222 77
1675 5173 1937 5248 Cypriani
1952 5174 2036 5248 ad

401 5244 663 5315 Μανιυνσε
724 5249 778 5296 in
854 5244 1062 5294 metallo
1109 5245 1429 5315 constitutos,
1483 5258 1607 5315 pag.
1669 5246 1776 5304 158,
1829 5246 2035 5296 Lucius

401 5314 723 5376 nominatur
749 5321 892 5369 inter
927 5317 1214 5381 episcopos
1242 5314 1403 5364 Afros
1432 5314 1500 5364 ad
1545 5329 1687 5379 quos
1730 5330 1793 5366 ea
1832 5318 2034 5381 scripta

404 5401 560 5528 esid?)
592 5467 776 5514 Parem
805 5460 1054 5527 gratiam.
1084 5459 1205 5508 Duo
1234 5457 1360 5508 libri
1393 5461 1604 5508 veteres
1629 5457 1833 5508 habent
1850 5473 2033 5522 param

397 5541 762 5672 ωῖέἔῖῃᾈυαε
809 5607 1058 5668 patimur.
1108 5601 1296 5653 Codex
1342 5603 1695 5665 Veronensis,
1742 5607 1870 5654 octo
1910 5605 2034 5654 libri

397 5681 589 5738 nostri,
640 5682 694 5728 et
738 5676 850 5726 duo
891 5675 1181 5737 Anglicani
1218 5675 1520 5738 praeferunt
1557 5675 1637 5723 uti
1691 5688 1793 5723 nos
1850 5675 2034 5724 edidi-

398 5768 540 5803 mus.
594 5753 769 5800 Antea
820 5745 1106 5810 legebatur
1154 5760 1285 5809 quus
1333 5747 1593 5809 patienter
1646 5745 1881 5807 ferimus.
1925 5745 2034 5796 Sed

391 5838 514 5879 eam
558 5823 860 5875 lectionem
911 5831 1012 5888 ego
1057 5822 1193 5886 puto
1241 5820 1415 5871 ortam
1472 5830 1594 5870 esse
1644 5830 1712 5868 ex
1753 5817 2034 5884 prurigine

2141 4537 2444 4588 Victorium
2473 4539 2829 4590 Herenniano
2875 4541 3164 4602 praeponit.
3198 4540 3307 4592 Sed
3347 4555 3554 4591 nomen
3588 4541 3762 4589 Victo-

2138 4608 2201 4657 rii
2265 4623 2376 4658 non
2429 4615 2710 4673 comparet
2762 4611 2817 4659 in
2863 4610 2958 4660 illo
3001 4614 3248 4660 veterum
3321 4612 3579 4662 codicum
3638 4625 3759 4660 cum

2137 4678 2340 4741 quibus
2389 4694 2492 4744 ego
2549 4681 2760 4730 contuli
2813 4695 2977 4748 opera
3024 4684 3202 4732 sancti
3259 4683 3537 4746 Cypriani,
3585 4694 3759 4744 neque

2136 4749 2190 4796 in
2241 4749 2579 4800 editionibus
2634 4765 2759 4815 quas
2795 4757 2984 4816 postea
3031 4758 3238 4803 secutas
3295 4759 3446 4813 sunt,
3517 4769 3627 4804 una
3669 4767 3759 4803 ex-

2137 4824 2296 4882 cepta
2351 4822 2661 4885 Rigaltiana
2731 4827 2786 4872 et
2841 4837 2904 4873 ea
2961 4837 3128 4887 quam
3203 4827 3524 4888 procuravit
3603 4825 3759 4875 Rein—

2137 4891 2344 4941 hartus.

2200 4962 2292 5024 (70)
2339 4963 2605 5026 Siguensc.
2645 4964 2723 5013 ita
2778 4963 2901 5013 libri
2943 4963 3054 5014 duo
3100 4970 3329 5016 veteres.
3375 4967 3483 5016 Alii
3530 4980 3626 5017 sex
3665 4965 3758 5013 ha-

2137 5031 2270 5082 bent
2307 5034 2611 5097 Singucnse.
2643 5035 2928 5085 Manutius
2973 5035 3236 5086 Sibuense.
3293 5038 3388 5086 Vir
3425 5037 3759 5088 clarissimus

2135 5105 2388 5155 Domnus
2441 5106 2756 5156 Bernardus
2819 5122 2847 5156 a
2924 5108 3330 5160 Montefalcone
3387 5111 3444 5158 in
3499 5114 3648 5160 tomo
3716 5105 3759 5154 ΙΙ

2136 5189 2295 5227 novas
2347 5191 2464 5227 sum
2510 5178 2852 5228 collectionis
2901 5179 3119 5228 Patrum
3177 5181 3520 5241 Graacorum,
3594 5178 3761 5230 edidit

2137 5247 2352 5298 Cosmaa
2380 5249 2802 5312 Indicopieustas
2837 5249 3038 5300 librum
3083 5251 3146 5300 de
3192 5251 3615 5302 Christianorum
3647 5250 3760 5314 Opi-

2135 5320 2290 5368 nione
2337 5320 2401 5368 de
2454 5321 2666 5379 mundo,
2713 5321 2809 5371 ubi
2848 5321 2942 5370 lib.
2989 5335 3043 5383 ιι,
3094 5337 3216 5387 pag.
3262 5325 3370 5384 142,
3417 5322 3652 5373 Cosmas
3684 5322 3762 5370 lo-

2137 5404 2314 5453 quens
2345 5390 2412 5440 de
2459 5392 2630 5441 veteri
2678 5391 2864 5441 tabula
2911 5393 3192 5444 Ptolemaei
3241 5394 3545 5457 Evergetas,
3607 5406 3760 5442 com-

2136 5465 2404 5512 memorat
2459 5463 2617 5511 illum
2675 5464 2728 5512 in
2775 5464 3070 5528 Egyptum
3119 5467 3424 5529 profectum
3480 5466 3759 5527 subegisse

2135 5532 2383 5596 Agamen
2443 5537 2497 5583 et
2545 5533 2769 5596 Siguen.
2817 5535 2974 5586 Unde
3034 5537 3280 5586 fortassis
3335 5536 3520 5599 colligi
3586 5537 3760 5599 posset

2136 5604 2483 5652 confessores
2523 5604 2694 5655 fuisse
2745 5608 3016 5669 projectos
3061 5610 3114 5657 in
3158 5608 3483 5659 solitudines
3525 5607 3754 5672 zEgypti.

2136 5675 2207 5724 At
2236 5675 2506 5724 Baronius
2551 5689 2698 5726 anno
2747 5677 2839 5727 260
2883 5681 3037 5740 putat
3079 5679 3504 5744 intelligendum
3548 5691 3667 5730 esse
3695 5676 3756 5725 de

2136 5746 2359 5796 metallo
2391 5744 2606 5809 Sigensi
2638 5747 2696 5797 in
2740 5749 3066 5799 Mauritania
3111 5750 3415 5816 Tingitana.
3459 5749 3623 5813 Quod
3652 5748 3757 5797 for-

2136 5821 2280 5869 tasse
2306 5817 2505 5870 melius
2535 5822 2634 5871 est.
