3978 6194
158 222 245 276 437

1508 217 1823 273 EPISTULA
1862 220 2085 273 LXXXI.

3360 217 3461 272 438

156 350 223 395 ter
244 339 570 405 charissime,
602 354 703 409 per
730 340 1155 393 Herennianum
1182 341 1228 373 ⁷⁵
1250 340 1731 411 hypodiaconum,
1758 354 1816 426 Α
1838 341 1948 395 tius
1968 347 2024 395 et
2044 340 2225 395 laetius
2248 344 2433 412 posset
2450 342 2699 395 accidere
2723 358 2892 412 quam
2913 356 3061 396 nunc
3083 339 3243 395 vobis
3275 340 3455 395 inhae-

156 435 419 489 Lucianum
449 438 505 485 et
529 432 841 487 Maximum
869 434 1072 487 fratres
1108 439 1333 488 nostros
1362 435 1534 488 fortes
1560 440 1616 489 et
1656 435 1733 489 in-

152 529 365 581 columes
416 526 816 596 adjuvantibus
863 527 1216 581 orationibus
1257 528 1403 594 tuis;
1458 545 1488 581 a
1532 528 1736 598 quibus

156 620 439 691 accepimus
464 620 762 673 oblationis
794 622 1027 674 nomine
1065 637 1177 675 non
1212 621 1513 675 minimam
1552 639 1733 692 quan-

150 716 343 768 titatem
368 730 481 767 una
511 730 639 767 cum
670 714 874 767 litteris
904 716 1012 768 tuis
1038 732 1179 786 quas
1209 715 1478 786 scripsisti
1514 717 1643 784 (7i),
1679 716 1735 769 in

148 807 320 879 quibus
353 807 615 877 dignatus
631 825 690 861 es
720 809 788 862 de
808 808 992 863 verbis
1011 808 1323 863 cmlestibus
1347 826 1447 863 nos
1466 814 1736 880 tanquam

144 901 257 955 ﬁlios
284 903 385 972 (72)
414 901 753 956 confortare.
790 904 855 957 Et
886 903 998 956 Deo
1035 904 1187 957 Patri
1222 904 1603 973 omnipotenti
1629 920 1736 975 per

144 995 395 1049 Christum
444 995 564 1063 ejus
599 995 809 1065 gratias
852 996 1076 1066 egimus
1119 1000 1173 1051 et
1210 997 1435 1068 agimus
1472 998 1620 1067 quod
1659 998 1733 1051 sic

142 1087 405 1142 confortati
434 1093 489 1142 et
516 1088 865 1144 corroborati
898 1106 1093 1144 sumus
1122 1107 1223 1161 per
1249 1096 1403 1144 tuam
1437 1090 1732 1146 allocutio-

143 1197 268 1247 nem,
294 1184 552 1250 petentes
578 1182 646 1235 de
674 1182 851 1236 animi
880 1184 959 1236 tui
988 1184 1235 1237 candore
1268 1189 1327 1237 ut
1359 1201 1459 1238 nos
1496 1184 1733 1238 assiduis

140 1274 454 1328 orationibus
488 1276 599 1328 tuis
625 1275 682 1329 in
718 1279 911 1330 mente
944 1277 1158 1331 habere
1203 1278 1475 1347 digneris,
1513 1285 1572 1331 ut
1604 1296 1735 1332 con-

139 1366 406 1421 fessionem
447 1374 690 1423 vestram
734 1373 792 1422 et
833 1376 1110 1435 nostram,
1142 1387 1312 1441 quam
1358 1372 1631 1425 Dominus
1674 1372 1732 1425 in

139 1460 276 1514 nobis
299 1462 557 1515 conferre
584 1462 856 1533 dignatus
885 1469 988 1532 est,
1018 1465 1300 1535 suppleat.
1325 1465 1516 1520 Saluta
1534 1482 1732 1520 omnes

141 1556 217 1624 qui
241 1558 419 1608 tecum
448 1562 895 1611 commorantur.
925 1557 1198 1627 Optamus
1224 1563 1301 1627 te,
1324 1559 1498 1613 frater
1525 1559 1734 1614 charis-

141 1648 269 1715 sime,
300 1648 354 1701 in
386 1650 499 1702 Deo
527 1666 755 1721 semper
774 1651 920 1703 bene
950 1652 1153 1706 valere.
1190 1652 1337 1706 Felix
1366 1654 1563 1723 scripsi
1597 1656 1727 1722 (73).

1838 452 1983 503 rere,
2002 439 2065 489 ut
2081 434 2271 507 425
2294 436 2811 506 complecteremini
2832 452 2922 488 me
2941 437 3047 505 (75)
3069 436 3327 489 manibus
3347 435 3457 488 illis

1838 546 1965 601 quae
1985 546 2141 599 purae
2165 536 2222 583 et
2242 530 2571 583 innocentes
2592 535 2647 583 et
2671 530 3019 583 Dominicam
3042 530 3215 583 ﬁdem
3238 546 3461 583 servan-

1838 626 1924 676 tes
1944 623 2217 693 sacrilega
2237 623 2511 693 obsequia
2534 623 2903 692 respuerant?
2924 623 3061 686 Quid
3078 623 3384 692 jucundius
3400 626 3456 677 et

1836 717 2130 771 sublimius
2160 734 2330 787 quam
2366 716 2608 769 osculari
2636 732 2784 769 nunc
2815 732 2913 769 ora
2939 720 3141 783 vestra,
3171 733 3297 787 quae
3326 716 3451 785 glo-

1834 810 1980 865 riosa
2018 826 2153 865 voce
2201 810 2506 864 Dominum
2553 810 2809 863 confessa
2862 810 2970 877 (76)
3012 813 3163 875 sunt,
3204 810 3453 880 conspici

1834 906 2001 958 etiam
2048 908 2383 974 praesentem
2436 903 2507 956 ab
2549 904 2724 957 oculis
2774 902 2991 969 vestris,
3040 902 3157 973 qui,
3190 903 3451 972 despecto

1835 999 2061 1063 smculo,
2106 997 2499 1067 conspiciendo
2546 999 2658 1050 Deo
2708 996 2866 1066 digni
2909 996 3287 1050 exstiterunt?
3324 996 3454 1063 Sed,

1834 1093 2102 1162 quoniam
2132 1090 2259 1144 huic
2292 1091 2499 1145 laetitia?
2522 1090 2788 1144 interesse
2809 1091 3046 1143 facultas
3067 1106 3177 1142 non
3200 1090 3367 1143 datur
3386 1090 3453 1155 ⁷⁸,

1834 1186 1934 1241 has
1963 1201 2065 1255 pro
2095 1202 2184 1239 me
2224 1185 2293 1237 ad
2337 1201 2501 1238 aures
2534 1190 2591 1237 et
2632 1184 2702 1237 ad
2747 1185 2937 1239 oculos
2981 1186 3197 1236 vestros
3226 1182 3454 1235 vicarius

1836 1278 2047 1333 litteras
2075 1279 2253 1345 mitto,
2288 1278 2492 1348 quibus
2537 1278 2788 1347 gratulor
2832 1277 3044 1347 pariter
3083 1280 3139 1330 et
3187 1277 3456 1330 exhortor

1836 1378 1896 1427 ut
1929 1373 1984 1427 in
2026 1372 2372 1426 confessione
2415 1372 2652 1425 caalestis
2692 1370 2890 1441 gloria:
2927 1372 3104 1424 fortes
3142 1375 3197 1425 et
3232 1370 3456 1424 stabiles

1835 1467 2245 1538 perseveretis,
2299 1471 2354 1519 et
2409 1464 2648 1536 ingressi
2703 1464 2849 1517 viam
2903 1464 3213 1517 Dominicis
3266 1464 3461 1533 digna-

1832 1562 2021 1626 tionis,
2062 1562 2129 1615 ad
2170 1560 2553 1631 accipiendam
2592 1574 2865 1612 coronam
2900 1557 3134 1628 spiritali
3175 1558 3377 1612 virtute
3407 1560 3453 1591 79

1832 1656 2103 1726 pergatis,
2135 1654 2407 1707 habentes
2440 1652 2742 1706 Dominum
2772 1654 3152 1721 protectorem
3180 1656 3236 1705 et
3255 1653 3456 1705 ducem

137 1742 273 1794 Iader
320 1742 638 1813 subscripsi.
692 1744 952 1798 Polianus
992 1744 1126 1815 legi.
1179 1746 1482 1800 Dominum
1538 1762 1730 1802 meum
1752 1716 1809 1788 B
1832 1751 1930 1819 qui
1958 1748 2101 1802 dixit
2130 1765 2141 1801 ;
2176 1750 2302 1801 Ecce
2328 1747 2597 1801 vobiscum
2633 1762 2749 1799 sum
2778 1746 3025 1799 omnibus
3064 1745 3249 1799 diebus
3289 1760 3455 1813 usque

138 1835 521 1905 Eutychianum
550 1838 595 1870 ⁷⁷
627 1838 831 1891 saluto.

624 1954 953 2009 EPISTOLA
993 1956 1203 2010 LXXXI.

134 2063 429 2126 (Erum.,1v,
462 2069 482 2114 1
517 2080 534 2127 ;
568 2066 786 2124 Pamel.,
822 2067 1031 2129 Rigalt.,
1076 2068 1266 2127 Baluz.,
1309 2080 1507 2130 Lxxxx;
1551 2070 1728 2131 Paris,

575 2150 741 2202 cxxx;
771 2140 958 2200 Oxon.,
993 2140 1145 2203 Lips.,
1179 2142 1266 2202 γι.)

184 2238 408 2279 CYPRIANI
447 2241 522 2278 AD
560 2241 789 2281 SEBGIUM
830 2244 893 2280 ΕΤ
932 2242 1275 2283 ROGATIANUM
1316 2244 1377 2283 ΕΤ
1415 2244 1657 2284 CETEROS

342 2330 716 2369 εοδιτεδεοιιεε
756 2332 807 2369 1N
848 2332 1081 2371 CARCERE
1114 2332 1477 2371 CONSTITUTOS.

132 2418 493 2471 Anccusx'rcu.
520 2448 589 2457 —
628 2420 990 2486 Rogatianum
1027 2424 1077 2472 et
1114 2420 1343 2488 collegas
1379 2422 1724 2486 confessores,

187 2509 234 2558 in
264 2522 469 2561 carcere
502 2509 838 2574 constitutos,
868 2509 1193 2575 consolatur,
1222 2516 1270 2563 et
1296 2511 1535 2579 exemplo
1561 2511 1732 2578 Roga-

188 2597 309 2648 (iani
332 2598 563 2649 senioris
592 2602 642 2649 et
682 2597 997 2651 Feliczssimi
1026 2605 1331 2666 martyrum
1369 2600 1576 2653 animos
1617 2601 1728 2654 illis

186 2683 343 2737 addit.
372 2687 438 2737 In
465 2686 658 2738 exsilio
684 2688 941 2755 scriptam
973 2688 1195 2756 epistola
1225 2690 1346 2756 ipsa
1371 2688 1600 2742 indicat.

186 2772 218 2823 I.
246 2772 557 2842 Cyprianus
592 2773 787 2843 Sergio
819 2775 923 2843 (74)
959 2781 1013 2828 et
1057 2775 1371 2846 Rogatiano
1418 2780 1472 2829 et
1510 2778 1727 2831 caeteris

131 2865 517 2919 confessoribus
546 2866 602 2919 in
628 2866 873 2920 Domino
898 2871 1229 2938 perpetuam
1248 2869 1507 2924 salutem.
1530 2873 1724 2925 Saluto

130 2972 217 3023 vos,
260 2960 455 3013 fratres
510 2959 828 3014 charissimi
873 2978 936 3014 ac
980 2961 1314 3029 beatissimi,
1366 2970 1565 3034 Optans
1606 2966 1724 3035 ipse

130 3066 313 3121 quoque
357 3059 668 3122 conspectu
705 3059 887 3108 vestro
930 3054 1061 3123 frui,
1093 3055 1136 3108 si
1167 3072 1256 3110 me
1287 3056 1355 3109 ad
1399 3074 1493 3110 vos
1534 3074 1725 3128 perve-

128 3142 221 3196 nire
244 3144 340 3198 loci
366 3145 624 3201 conditio
653 3147 1033 3218 permitteret.
1060 3148 1203 3212 Quid
1225 3149 1384 3203 enim
1406 3151 1545 3205 mihi
1572 3155 1724 3223 Opta-
1744 3146 1799 3219 C

1834 1844 1907 1897 ad
1936 1844 2448 1897 consummationem
2474 1841 2667 1894 mundi
2698 1840 2743 1871 ⁸ο
2786 1840 3022 1905 (Matth.,
3056 1854 3240 1903 xxvm,
3268 1840 3379 1907 20).
3412 1840 3454 1893 Ο

1830 1936 2062 1990 beatum
2091 1952 2378 1990 carcerem
2408 1934 2540 2005 (77),
2576 1950 2745 2004 quem
2776 1932 3072 1986 illustravit
3104 1937 3285 1985 vestra
3315 1948 3457 2002 pra:-

1830 2026 2043 2079 sential
2069 2042 2101 2079 ο
2122 2025 2355 2079 beatum
2382 2040 2692 2089 carcerem,
2723 2023 2820 2093 qui
2853 2022 3113 2076 homines
3138 2022 3317 2076 mittit
3339 2024 3448 2093 (78)

1831 2119 2171 2183 adcmluml
2205 2136 2237 2171 o
2266 2117 2531 2171 tenebras
2560 2116 2867 2171 lucidiores
2906 2116 3021 2170 sole
3067 2116 3189 2187 ipso
3230 2122 3285 2170 et
3327 2119 3449 2171 luce

1828 2214 1933 2267 hac
1967 2212 2168 2266 mundi
2195 2212 2481 2275 clariores,
2510 2210 2602 2265 ubi
2630 2210 2799 2263 modo
2830 2210 3136 2264 constituta
3151 2215 3282 2265 sunt
3306 2212 3317 2266 l
3352 2211 3450 2265 Dei

1831 2307 2045 2377 templa
2076 2312 2131 2360 et
2156 2305 2558 2360 sanctiﬁcanda
2578 2304 2784 2358 divinis
2805 2303 3249 2358 confessionibus
3277 2321 3455 2360 mem-

1828 2401 1927 2455 bra
1956 2403 2159 2456 vestra.

1900 2499 1966 2551 lI.
1998 2496 2107 2549 Nec
2132 2494 2445 2565 quidquam
2490 2498 2744 2548 versetur
2781 2494 2837 2547 in
2864 2494 3129 2548 cordibus
3159 2500 3213 2549 et
3248 2496 3449 2548 menti-

1827 2590 1933 2642 bus
1964 2589 2162 2643 vestris
2189 2604 2358 2659 quam
2395 2588 2587 2641 divina
2626 2594 2911 2657 praecepta
2945 2591 3000 2641 et
3035 2587 3304 2641 mandata
3348 2605 3454 2642 caa-

1826 2684 2008 2750 lestia,
2066 2682 2271 2753 quibus
2323 2698 2417 2735 vos
2473 2682 2542 2735 ad
2596 2681 2958 2735 tolerantiam
3017 2683 3123 2750 (79)
3178 2682 3453 2751 passionis

1828 2777 2071 2847 Spiritus
2111 2781 2336 2829 sanctus
2383 2791 2610 2846 semper
2657 2775 2950 2828 animavit.
2995 2776 3174 2830 Nemo
3204 2780 3452 2830 mortem

1826 2870 2058 2940 cogitet,
2089 2870 2186 2925 sed
2227 2868 2732 2935 immortalitatem,
2769 2884 2871 2922 nec
2900 2868 3305 2939 temporariam
3336 2884 3450 2939 pce-

1826 2980 1978 3030 nam,
2010 2964 2105 3017 sed
2136 2963 2377 3033 gloriam
2407 2962 2836 3032 sempiternam,
2869 2978 2997 3016 cum
3036 2962 3305 3033 scriptum
3337 2964 3407 3017 sit
3434 2980 3451 3015 :

1824 3060 2067 3115 Pretiosa.
2120 3064 2195 3112 est
2246 3060 2302 3110 in
2346 3062 2625 3125 conspectu
2674 3058 2885 3109 Domini
2926 3071 3066 3110 mors
3100 3057 3375 3125 justorum
3404 3058 3446 3091 ⁸¹

1825 3154 1939 3222 ejus
1968 3152 2133 3223 (Psal.
2164 3167 2283 3217 cxv,
2329 3152 2435 3217 l5).
2487 3151 2554 3203 Et
2596 3149 2845 3203 iterum:
2891 3152 3223 3219 Sacriﬁcium
3264 3153 3368 3205 Deo
3400 3152 3445 3185 ⁸2

1480 3266 1690 3330 Varia?
1735 3267 2070 3330 lectiones.

175 3378 206 3411 ⁷⁸
231 3380 533 3431 Victoriurn
561 3383 807 3433 Herenn.
834 3385 989 3446 Impr.
1058 3384 1098 3417 77
1125 3386 1539 3449 Eutychianum
1568 3388 1707 3437 ocos!
1741 3391 1789 3437 in
1815 3388 1961 3437 codd.
1993 3389 2130 3436 Lam.
2166 3385 2311 3435 Ebor.
2341 3386 2448 3435 ΝΟ.
2478 3385 2508 3434 2
2572 3384 2612 3416 ⁷³
2650 3386 2916 3435 Interesse
2957 3398 3067 3434 non
3112 3384 3271 3434 datur
3310 3386 3429 3433 Lam

128 3450 159 3480 7"
185 3452 303 3503 Vitis
328 3468 593 3504 coronam
620 3455 847 3517 spiritali
882 3457 1086 3505 virtute
1118 3457 1266 3505 Ebor.
1297 3459 1429 3505 Pem.
1461 3460 1595 3507 Lam.
1632 3459 1758 3509 Bod.
1792 3461 1836 3519 I,
1872 3459 1919 3519 Ξ,
1946 3458 1991 3506 3.
2058 3456 2098 3490 ⁸)
2140 3455 2343 3507 Saeculi
2386 3457 2521 3504 Lam.
2567 3454 2719 3503 Ebor.
2762 3454 2881 3503 Bod.
2927 3456 2974 3504 2.
3041 3454 3083 3488 δ’
3119 3454 3450 3506 Sanctorum

130 3521 236 3569 lam.
269 3524 386 3573 Bod.
418 3525 573 3573 Ebor.
610 3525 719 3573 ΝΟ.
789 3523 830 3555 ⁸³
856 3524 1207 3576 Sacriﬁcium
1234 3528 1335 3576 Dei
1371 3528 1494 3577 Bod.
1528 3530 1570 3576 I.

1387 3617 1610 3698 Steph.
1659 3616 1902 3680 Baluzii
1950 3623 2147 3680 notae.

182 3722 252 3779 τι]
285 3724 415 3783 Quas
454 3723 733 3785 scripsisti.
782 3723 1044 3786 Quinque
1089 3723 1210 3772 libri
1257 3727 1491 3782 veteres,
1552 3724 1724 3787 quin-

131 3803 213 3851 que
238 3794 354 3843 item
382 3794 699 3856 Anglicani,
737 3798 789 3843 et
820 3794 1095 3844 editiones
1119 3795 1350 3845 Manutii
1393 3800 1446 3845 et
1488 3794 1723 3846 Morellii

131 3858 299 3911 habent
325 3877 453 3926 quas
473 3863 687 3922 misisti,
714 3864 911 3914 eodem
940 3877 1126 3913 sensu.

180 3932 264 3989 (72)
312 3934 585 3997 Tanquam
635 3933 786 3996 ﬁlios.
845 3935 979 3984 Tres
1038 3935 1163 3985 libri
1222 3939 1436 3986 veteres
1514 3934 1725 3985 addunt

133 4008 238 4051 tuos.

182 4076 256 4135 (73)
299 4077 445 4126 Felix
486 4078 697 4140 scripsi.
749 4077 902 4126 Istud
948 4075 1197 4126 additum
1242 4082 1325 4127 est
1370 4092 1445 4127 ex
1482 4080 1724 4130 editione

133 4144 410 4208 Anglicana.
471 4149 593 4197 Non
653 4148 838 4197 inveni
896 4149 1042 4197 enim
1096 4148 1151 4196 in
1218 4148 1338 4197 aliis
1393 4150 1727 4200 editionibus

134 4228 281 4279 neque
330 4221 381 4267 in
415 4220 577 4269 libris
634 4220 853 4269 nostris.
905 4220 1097 4282 Itaque
1148 4221 1195 4268 si
1253 4234 1380 4269 vera
1428 4226 1511 4270 est
1540 4222 1722 4281 lectio,

135 4288 191 4333 uti
222 4300 328 4337 eam
372 4294 507 4352 puto
564 4303 770 4349 veram,
823 4290 1111 4351 epistolam
1169 4291 1387 4353 scripsit
1434 4292 1525 4341 hic
1572 4293 1725 4341 Felix

134 4358 205 4418 qui
228 4362 389 4421 priore
416 4362 541 4410 loco
582 4362 901 4409 nominatur
941 4361 1081 4409 inter
1119 4362 1408 4424 episcopos
1446 4377 1475 4411 a
1523 4363 1727 4426 quibus

134 4430 322 4507 epistola
348 4433 553 4507 scripta
583 4433 899 4507 est._.la_der,
942 4433 1037 4496 qui
1082 4433 1345 4507 secundo
1371 4435 1492 4507 loco
1539 4435 1720 4484 nomi—
1746 4437 1804 4507 Ι)

136 4502 277 4561 natur,
305 4502 664 4567 subscripsit;
693 4504 969 4563 Polianus,
1004 4504 1099 4567 qui
1127 4504 1305 4563 tertio,
1334 4504 1481 4565 legit.

182 4570 257 4628 (7i)
282 4573 474 4635 Sergio.
519 4575 598 4622 Ita
636 4574 807 4623 edidit
852 4575 1125 4624 Pamelius
1175 4579 1226 4623 et
1269 4574 1360 4622 alii
1400 4578 1523 4636 post
1551 4588 1720 4631 eum;

134 4650 328 4703 eamque
355 4644 652 4693 lectionem
684 4644 951 4695 exhibent
976 4646 1078 4694 tria
1117 4650 1302 4695 vetera
1360 4646 1718 4708 exemplaria.

133 4708 227 4758 Alia
280 4713 475 4763 habent
526 4716 745 4777 Seagrio
824 4715 910 4763 vel
984 4715 1219 4777 Seugeio.
1286 4716 1345 4763 In
1397 4715 1721 4777 Remigiano

135 4788 280 4833 vetere
310 4801 319 4829 τ
350 4804 377 4831 e
401 4785 715 4849 Cyprianus
766 4786 957 4847 Sergio
1001 4788 1052 4834 et
1098 4785 1399 4847 Rogatiano
1430 4789 1481 4835 et
1515 4785 1721 4835 Victori

136 4856 172 4897 et
198 4852 515 4905 Felicissimo
552 4861 604 4906 et
647 4858 865 4907 casteris
913 4855 1338 4905 confessoribus.
1366 4874 1391 4900 ››
1436 4856 1597 4917 Quod
1627 4869 1721 4904 au-

135 4925 216 4970 tem
243 4928 485 4976 nonnulli
526 4934 737 4978 veteres
783 4928 908 4977 libri
947 4931 1000 4976 et
1048 4927 1320 4976 editiones
1366 4925 1573 4975 habent
1601 4944 1625 4969 α
1652 4925 1721 4975 ad

137 4991 456 5056 Regatianum
478 5002 777 5062 juniorem,
803 5018 828 5046 ››
862 4999 915 5049 id
946 4999 1088 5048 male
1127 4999 1369 5061 positum
1411 5010 1531 5046 esse
1572 5001 1721 5045 recte

136 5074 426 5135 censuerunt
452 5072 639 5135 Angli,
688 5073 784 5133 qui
828 5071 973 5121 hanc
1021 5083 1176 5119 suam
1218 5069 1549 5118 sententiam
1573 5068 1722 5115 mul-

138 5134 188 5181 tis
210 5140 494 5190 rationibus
530 5134 885 5193 ostenderunt
919 5156 1041 5193 esse
1090 5155 1291 5191 veram.
1341 5140 1517 5203 Sergii
1564 5152 1720 5200 porro

138 5216 300 5259 nomen
350 5228 459 5263 non
508 5214 741 5264 habetur
788 5216 844 5263 in
893 5214 1084 5264 codice
1129 5212 1397 5262 Vaticano
1464 5212 1569 5270 195,
1624 5223 1721 5259 ne—

140 5288 221 5337 que
247 5280 293 5329 in
335 5284 861 5347 Gratianopolitano,
913 5298 1097 5347 neque
1136 5283 1363 5332 demum
1419 5282 1474 5329 in
1517 5281 1722 5330 Lamo—

140 5348 284 5423 niano.
319 5355 431 5404 Non
463 5357 738 5406 exstitisse
771 5358 937 5407 etiam
972 5358 1027 5404 in
1075 5355 1244 5405 veteri
1276 5353 1469 5404 codice
1513 5353 1722 5416 optimo

141 5416 277 5479 li‘Iuet
301 5438 362 5474 ex
392 5429 749 5477 annotatione
784 5427 993 5477 Nicolai
1021 5426 1183 5476 Fabri
1218 5426 1395 5488 posita
1441 5425 1496 5473 in
1528 5437 1723 5474 exem-

144 5491 245 5550 plari
269 5498 515 5549 editionis
565 5502 911 5562 Pamelianm,
944 5500 1041 5551 ubi
1084 5502 1165 5550 vir
1203 5500 1559 5549 doctissimus
1598 5513 1723 5550 mo—

146 5568 238 5635 nuit
259 5569 305 5615 iu
336 5584 397 5619 eo
423 5571 617 5623 codice
642 5573 750 5634 legi
776 5572 1102 5635 simpliciter
1131 5572 1424 5635 Rogatiano
1455 5576 1502 5620 et
1527 5571 1724 5619 caeteris

147 5634 494 5751 cfhfulsorribus,
554 5643 632 5691 uti
676 5644 842 5692 etiam
886 5634 1136 5693 habetur
1183 5634 1241 5692 in
1301 5641 1494 5692 codice
1546 5642 1724 5690 sancti

150 5741 161 5749 .
189 5719 270 5751 mu
290 5725 319 5751 n
360 5726 389 5751 ιΔ

150 5709 391 5772 Arnulphi.

202 5777 277 5839 1.75)
298 5781 761 5847 Complecteremini
789 5798 885 5837 me.
914 5785 1051 5839 Hac
1085 5788 1166 5837 est
1191 5796 1316 5836 vera
1342 5784 1524 5845 lectio,
1556 5796 1725 5850 quam

1823 3724 2158 3773 confirmant
2189 3736 2383 3773 omnes
2424 3724 2537 3772 fere
2583 3722 2707 3771 libri
2758 3726 2971 3771 veteres
3014 3724 3067 3771 et
3101 3735 3294 3772 omnes
3333 3724 3447 3773 edi-

1824 3797 2006 3845 tiones
2032 3797 2295 3857 antiquae.
2325 3794 2602 3843 Pamelius
2634 3796 2835 3851 tamen,
2884 3805 2947 3841 ea
2999 3794 3327 3844 auctoritate
3369 3796 3455 3843 in-

1824 3866 2197 3930 superhabita,
2229 3866 2463 3913 mutavit
2502 3868 2558 3915 et
2597 3862 2786 3924 edidit,
2830 3868 2891 3912 ut
2936 3863 3302 3925 complecterer
3341 3880 3457 3914 ma-

1826 3952 1925 3988 nus
1977 3937 2120 3998 illas,
2181 3940 2394 3986 tantum
2447 3936 2578 3998 quia
2620 3934 2917 3985 lectionem
2966 3934 3116 3984 illam
3169 3936 3458 3986 invenerat

1826 4008 2097 4071 adjectam
2135 4005 2202 4055 ad
2252 4007 2555 4070 marginem
2601 4006 2811 4056 codicis
2852 4006 3278 4068 Afﬂigemensis.
3316 4008 3455 4057 Eam

1826 4093 1993 4142 quam
2021 4091 2121 4126 nos
2152 4090 2479 4128 revocamus
2509 4078 2809 4141 praeferunt
2834 4076 3141 4126 octodecim
3169 4077 3293 4125 libri
3323 4092 3456 4127 nos-

1824 4149 1890 4196 tri
1940 4152 1994 4197 et
2044 4149 2236 4198 decem
2284 4149 2597 4213 Anglicani.
2652 4148 2895 4198 Pamelio
2938 4149 3125 4197 favent
3176 4148 3286 4199 duo
3339 4154 3455 4199 tan-

1826 4223 1959 4267 tum.

1888 4291 1981 4354 (76)
2044 4291 2317 4341 Dominum
2370 4290 2618 4353 confessa.
2670 4290 2859 4340 Codex
2912 4290 3319 4353 Burgundicus,
3364 4305 3456 4342 no-

1826 4375 1943 4409 men
1982 4362 2190 4411 Domini
2215 4362 2471 4424 confessa.

1890 4434 1983 4494 (77)
2019 4435 2058 4483 0
2088 4433 2291 4482 beatum
2337 4446 2620 4482 carcerem.
2656 4432 3032 4482 Tertullianus
3082 4434 3135 4482 in
3183 4433 3324 4484 libro
3383 4436 3456 4484 ad

1826 4506 2087 4567 Martyres
2135 4505 2367 4567 loquens
2409 4504 2476 4553 de
2520 4517 2710 4554 eorum
2760 4517 2975 4553 carcere
3016 4506 3128 4552 ait:
3164 4524 3189 4549 ‹‹
3220 4505 3277 4555 Si
3306 4507 3455 4555 enim

1826 4576 2193 4638 recogitemus
2236 4576 2417 4638 ipsum
2457 4576 2633 4636 magis
2675 4574 2948 4623 mundum
2993 4587 3271 4624 carcerem
3314 4588 3452 4635 esse,

1825 4648 2013 4697 exisse
2045 4660 2139 4695 vos
2169 4660 2198 4695 e
2235 4658 2455 4696 carcere
2486 4659 2651 4708 quam
2680 4645 2735 4692 in
2766 4658 3045 4694 carcerem
3074 4646 3328 4695 introisse
3362 4646 3455 4694 in-

1826 4718 2153 4781 telligemus.
2186 4732 2213 4763 »
2264 4718 2333 4767 Et
2384 4728 2519 4765 mox
2567 4715 2720 4764 addit
2767 4714 2834 4764 de
2884 4728 3103 4765 carcere
3151 4730 3161 4763 :
3215 4734 3241 4760 «
3272 4716 3457 4767 Habet

1827 4789 2098 4847 tenebras,
2149 4786 2245 4837 sed
2286 4788 2475 4836 lumen
2520 4787 2653 4836 estis
2690 4785 2811 4848 ipsi.
2846 4784 3025 4834 Habet
3064 4785 3305 4846 vincula,
3358 4786 3457 4836 sed

1826 4873 1926 4909 vos
1950 4860 2065 4908 Deo
2092 4859 2259 4909 soluti
2290 4859 2438 4909 estis.
2468 4876 2494 4903 »
2526 4860 2739 4914 Arator,
2774 4856 2871 4905 lib.
2904 4870 2938 4906 ιι
2974 4859 3191 4907 Acluum
3234 4861 3454 4921 aposto—

1826 4930 2041 4978 licorum
2079 4945 2088 4976 :

1895 4944 2041 4978 orum
2079 4945 2088 4976 ξ

1866 4944 1890 4979 C
2009 4992 2047 5040 Ο
2081 4991 2201 5040 felix
2228 4991 2291 5039 (le
2320 4991 2466 5039 clade
2497 4990 2661 5051 locus,
2685 4990 2769 5039 cui
2795 4989 2933 5038 clara
2958 4991 3214 5053 refulgent

2014 5062 2225 5112 Lumina
2248 5076 2342 5125 pro
2367 5062 2612 5111 tenebris.

1884 5135 1979 5193 (78)
2011 5134 2103 5183 Dei
2150 5136 2321 5183 mittit.
2366 5135 2489 5183 Duo
2540 5134 2667 5183 libri
2706 5137 2923 5183 veteres
2958 5149 2968 5181 :
3008 5152 3032 5178 α
3064 5134 3333 5184 Homines
3377 5134 3458 5184 di-

1823 5206 1991 5255 mittit
2018 5206 2085 5255 ad
2112 5206 2334 5256 coelum.
2382 5225 2409 5251 »
2451 5206 2623 5255 Vetus
2669 5205 3030 5268 Remigianus
3072 5221 3082 5253 :
3124 5224 3150 5252 α
3187 5206 3455 5257 Homines

1823 5278 1921 5327 Dei
1952 5276 2179 5326 dimittit
2209 5277 2277 5325 ad
2307 5277 2527 5327 ccelum.
2556 5294 2584 5323 »

1886 5349 1981 5409 (79)
2021 5347 2394 5397 Tolerantinm.
2425 5349 2670 5399 Illustrat
2708 5348 2862 5399 hunc
2908 5349 3092 5399 locum
3134 5348 3457 5399 Holstenius

1824 5420 1879 5468 in
1907 5418 2053 5468 notis
2091 5417 2158 5467 ad
2208 5420 2523 5470 Passionem
2566 5425 2884 5469 sanctarum
2945 5420 3228 5481 Perpetua:
3271 5423 3325 5469 et
3355 5419 3457 5467 Fe-

1824 5491 2069 5550 licitatis,
2101 5490 2196 5540 ubi
2232 5496 2425 5541 auctor
2461 5492 2618 5555 ponit
2656 5490 3037 5541 suﬂ'erentiam
3083 5504 3181 5553 pro
3216 5503 3281 5539 eo
3312 5488 3462 5553 quod

1825 5563 2139 5628 Cyprianus
2167 5562 2307 5611 dixit
2338 5562 2703 5613 tolerantiam.
2738 5562 2860 5612 Vox
2890 5565 2973 5611 est
2996 5562 3289 5617 Africana;
3339 5571 3468 5623 qua:

1826 5640 2097 5704 reperitur
2145 5638 2311 5688 etiam
2360 5640 2416 5688 in
2478 5639 2630 5688 Actis
2696 5641 3001 5700 martyrum
3054 5635 3471 5685 Donatistarum

1827 5713 1882 5761 in
1930 5713 2069 5762 libro
2128 5724 2163 5759 ιι
2218 5709 2701 5782 Miscellaneorum
2756 5710 3122 5782 ngostrorumL
3142 5719 3271 5782 pag.
3310 5704 3375 5754 60
3418 5708 3478 5752 et

1826 5782 2206 5850 sequentibus.
2240 5781 2383 5837 Vide
2410 5780 2757 5838 Glossarium
2784 5777 3049 5833 Latinum
3082 5775 3295 5841 Cangii.
