3978 6194
425 283 529 342 439

1327 285 1381 345 S.
1423 279 1739 347 CYPRIANI
1781 287 2058 344 OPERUM
2100 288 2271 342 PARS
2313 289 2355 342 l.
2396 317 2465 332 --
2505 290 2862 346 EPISTOl.zE.

3672 287 3767 345 440

431 412 655 480 spiritus
681 409 1107 474 'contribulatus,
1158 429 1248 467 cor
1287 416 1578 468 contritum
1617 420 1669 467 et
1713 413 2058 466 humiliatum
2080 415 2274 495 Aﬁlti,
2306 419 2355 468 et
2385 415 2634 479 haeredes,
2665 413 2899 468 heredes
2942 411 3160 482 quidem
3208 412 3324 473 Dei,
3357 413 3645 468 cohaeredes
3684 429 3770 468 au-

434 504 574 556 Deus
618 517 726 556 non
773 503 997 571 despicit
1044 503 1208 569 (Psal.
1240 519 1287 568 1.,
1322 502 1427 571 19).
1471 504 1536 556 Et
1574 502 1806 568 iterum,
1840 502 1934 556 ubi
1976 503 2056 556 lo-

434 597 628 666 quitur
657 595 949 666 Scriptura
982 595 1169 649 divina
1198 595 1266 649 de
1294 595 1594 650 tormentis
1629 612 1754 666 quae
1786 599 2065 666 martyres

439 689 534 744 Dei
555 692 960 744 consecrantet
984 689 1041 743 in
1059 689 1177 759 ipsa
1206 689 1486 760 passionis
1511 689 1706 762 426
1731 690 2065 761 probatione

438 783 793 838 sanctiﬁcant
829 803 842 836 :
872 785 942 837 Et
981 786 1030 837 si
1066 799 1244 837 coram
1282 785 1584 838 hominibus
1618 789 1881 838 tormenta
1916 785 2068 853 passi

439 882 587 942 sunt,
618 893 735 948 spes
764 894 946 932 eorum
975 877 1387 932 immortalitate
1415 879 1581 946 plena
1607 883 1701 932 est.
1729 879 1798 931 Et
1825 880 1883 930 in
1923 894 2063 948 pau-

439 977 512 1029 cis
540 975 744 1034 vexati,
777 975 836 1026 in
860 973 1045 1026 multis
1084 973 1210 1026 bene
1240 971 1613 1041 disponentur,
1642 975 1897 1040 quoniam
1925 975 2066 1026 Deus

439 1069 668 1122 tentavit
692 1067 833 1128 illos,
863 1072 912 1118 et
942 1067 1147 1119 invenit
1176 1066 1297 1119 illos
1323 1065 1513 1133 dig-nos
1543 1080 1614 1119 se.
1649 1067 1928 1135 Tanquam
1963 1082 2066 1120 au-

440 1176 562 1214 rum
616 1163 674 1212 in
717 1161 940 1225 fornace
988 1160 1245 1228 probavit
1289 1159 1410 1213 illos
1461 1165 1511 1212 et
1557 1161 1720 1228 quasi
1769 1160 2070 1214 holocausti

443 1255 672 1308 hostiam
727 1255 932 1323 accepit
984 1254 1127 1317 illos,
1173 1259 1222 1306 et
1273 1254 1332 1306 in
1383 1258 1612 1322 tempore
1661 1254 1764 1307 erit
1805 1258 2069 1322 respectus

441 1348 682 1402 illorum.
749 1346 1047 1415 Fulgebunt
1082 1347 1243 1414 justi,
1291 1351 1340 1399 et
1391 1350 1653 1415 tanquam
1713 1347 1963 1401 scintilla:
2008 1348 2068 1400 in

447 1442 772 1495 arundineto
823 1441 1126 1494 discurrent
1184 1439 1312 1510 (80).
1358 1440 1690 1494 Judicabunt
1736 1442 1977 1494 nationes
2021 1444 2071 1494 et

449 1535 876 1589 dominabuntur
895 1535 1135 1602 populis,
1171 1538 1220 1587 et
1245 1534 1492 1602 regnabit
1518 1549 1699 1588 eorum
1728 1535 1978 1588 dominus
2002 1536 2070 1604 in

445 1634 762 1697 perpetuum
795 1628 968 1696 (Sap.,
1001 1643 1080 1693 ιιι,
1106 1627 1246 1696 4-8).
1278 1626 1519 1690 Quando
1549 1642 1688 1696 ergo
1725 1627 2072 1697 iudicaturos

443 1737 541 1775 vos
587 1724 643 1774 et
680 1725 1015 1791 regnaturos
1064 1736 1192 1772 cum
1244 1720 1466 1774 Christo
1509 1720 1749 1774 Domino
1792 1721 2068 1790 cogitatis,

2167 515 2270 562 tem
2301 507 2520 570 Christi,
2547 507 2810 577 siquidem
2839 507 3253 575 compatiamur,
3286 509 3348 558 ut
3381 509 3430 559 et
3467 509 3773 575 commagni-

2162 603 2380 670 ﬁcemur
2408 601 2453 634 ⁸⁵
2485 602 2635 670 (Rom
2666 641 2679 661 ,
2713 615 2828 667 vm,
2864 599 2976 669 l6).
3016 597 3248 652 Addidit
3287 597 3453 651 etiam
3489 615 3772 669 compara-

2168 694 2377 749 tionem
2408 693 2707 764 praasentis
2753 691 3026 762 temporis
3066 693 3121 745 et
3156 690 3361 744 futurae
3400 691 3667 745 claritatis
3692 691 3771 746 di-

2165 803 2300 842 cens
2330 804 2343 840 :
2371 791 2489 845 Non
2534 790 2660 840 sunt
2706 786 2986 854 condignae
3025 785 3299 854 passiones
3340 784 3498 853 hujus
3541 787 3776 854 temporis

2166 881 2241 936 ad
2277 885 2720 951 superventuram
2748 878 2934 953 427
2967 879 3272 933 claritatem
3309 892 3428 946 quae
3468 878 3777 933 revelabitur

2165 977 2224 1029 in
2251 975 2403 1028 nobis
2437 974 2623 1044 (Ibid.,
2655 972 2762 1041 l8).
2797 973 2966 1041 Cujus
2991 969 3262 1026 claritatis
3290 970 3399 1041 (82)
3429 969 3661 1041 gloriam
3691 987 3774 1024 co-

2166 1068 2432 1139 gitantes,
2464 1083 2755 1137 pressurae
2780 1081 2979 1119 omnes
3009 1069 3064 1118 et
3103 1063 3523 1133 persecutiones
3551 1063 3775 1118 tolerare

2169 1178 2272 1216 nos
2297 1160 2582 1226 convenit,
2618 1159 2772 1231 quia,
2807 1159 2906 1214 etsi
2955 1161 3087 1212 sunt
3127 1155 3326 1210 multa!
3366 1173 3639 1228 pressurae
3669 1157 3776 1227 jus-

2168 1261 2377 1323 torum,
2406 1272 2472 1309 ex
2505 1254 2770 1309 omnibus
2801 1257 2994 1308 tamen
3021 1251 3338 1306 liberantur
3385 1250 3482 1321 qui
3524 1249 3578 1304 in
3620 1251 3778 1305 Deum

2167 1349 2369 1404 ﬁdunt

2241 1444 2332 1499 Ill.
2366 1444 2564 1497 Beatas
2595 1442 2766 1496 etiam
2792 1439 3033 1496 feminas
3071 1457 3196 1512 qua:
3235 1437 3525 1494 vobiscum
3566 1439 3692 1489 sunt
3729 1435 3779 1490 in

2171 1537 2371 1591 eadem
2420 1535 2788 1590 confessionis
2827 1535 3005 1605 gloria
3043 1533 3387 1597 constitute,
3431 1546 3577 1602 qum,
3608 1529 3779 1584 Domi-

2170 1629 2356 1684 nicam
2412 1629 2584 1683 tidem
2645 1633 2909 1682 tenentes
2951 1631 3006 1682 et
3049 1643 3182 1681 sexu
3226 1643 3326 1680 suo
3371 1624 3626 1680 fortiores
3663 1621 3782 1692 (83),

2177 1741 2289 1778 non
2321 1723 2502 1776 solum
2534 1722 2669 1793 ipsm
2695 1722 2763 1775 ad
2795 1721 2990 1793 glorim
3038 1736 3301 1775 coronam
3338 1718 3609 1789 proximae
3645 1719 3783 1785 sunt,

449 1814 734 1870 exsultetis
761 1829 990 1868 necesse
1016 1816 1102 1867 est
1123 1818 1178 1867 et
1199 1813 1519 1868 futurorum
1545 1813 1753 1884 gaudio
1774 1814 2076 1884 praesentia
2097 1791 2151 1861 B
2177 1817 2276 1872 sed
2325 1819 2382 1870 et
2426 1816 2644 1871 caeteris
2688 1831 2912 1888 quoque
2955 1814 3186 1870 feminis
3224 1814 3546 1885 exemplum
3589 1811 3652 1866 de
3674 1827 3786 1864 sua

446 1907 725 1979 supplicia
761 1907 1001 1975 calcatis,
1036 1908 1276 1961 scientes
1313 1907 1380 1960 ab
1426 1908 1589 1961 initio
1622 1908 1822 1962 mundi
1864 1909 1944 1962 sic
1985 1908 2071 1962 in-

449 2003 705 2057 stitutum
753 2007 812 2055 ut
848 2001 1069 2055 laboret
1111 2001 1236 2055 istic
1278 2001 1333 2054 in
1378 2001 1630 2055 seeculari
1664 2001 2075 2056 conﬂictatione

443 2096 684 2167 justitia,
732 2095 961 2166 quando
1004 2095 1062 2148 in
1112 2095 1336 2166 origine
1379 2096 1424 2128 ³³
1472 2095 1663 2149 statim
1712 2097 1896 2166 prima
1937 2096 2076 2150 Abel

445 2190 632 2260 justus
659 2189 954 2257 occiditur,
988 2195 1042 2242 et
1064 2188 1268 2243 exinde
1294 2189 1429 2259 justi
1467 2189 1673 2259 quique
1704 2195 1759 2244 et
1787 2190 2076 2260 prophetae

454 2287 511 2337 et
542 2283 785 2353 apostoli
817 2282 991 2336 missi.
1021 2281 1233 2346 Quibus
1264 2282 1528 2336 omnibus
1549 2282 1817 2337 Dominus
1848 2299 2076 2355 quoque

450 2378 507 2430 in
552 2393 610 2429 se
657 2377 776 2447 ipso
819 2376 1108 2431 constituit
1151 2377 1494 2446 exemplum,
1544 2376 1751 2430 docens
1794 2376 1865 2431 ad
1909 2393 2076 2431 suum

457 2487 702 2542 regnum
738 2487 874 2539 non,
905 2469 1013 2524 nisi
1049 2485 1143 2523 eos
1167 2470 1262 2540 qui
1308 2486 1366 2524 se
1396 2485 1499 2540 per
1526 2471 1572 2505 εδ
1612 2471 1759 2524 viam
1791 2487 1947 2524 suam
1989 2488 2074 2525 se-

451 2565 563 2618 culi
599 2565 728 2630 sint,
759 2564 1053 2635 pervenire
1083 2563 1276 2617 dicens
1309 2580 1321 2617 :
1353 2563 1460 2629 Qui
1482 2569 1632 2618 amat
1661 2566 1895 2619 animam
1925 2581 2079 2621 suam

449 2662 508 2713 in
567 2661 666 2713 isto
718 2659 928 2721 sweulo,
975 2658 1166 2727 perdet
1209 2657 1386 2712 illam.
1437 2661 1503 2712 Et
1549 2660 1643 2728 qui
1681 2658 1795 2712 odit
1843 2663 2081 2713 animam

457 2769 614 2807 suam
657 2755 715 2806 in
753 2755 854 2805 isto
895 2753 1102 2813 saeculo,
1143 2754 1198 2805 in
1236 2753 1408 2805 vitam
1451 2757 1701 2806 wternam
1751 2754 2083 2808 conservabit

451 2847 603 2900 illam
631 2848 832 2916 (Joan.,
863 2861 958 2910 xu,
1003 2843 1114 2912 25).
1161 2845 1226 2898 Et
1264 2845 1466 2899 iterum
1505 2867 1514 2898 :
1562 2847 1742 2901 Nolite
1780 2849 1964 2902 timere
2001 2863 2082 2902 eos

453 2943 548 3010 qui
573 2940 822 2994 occidunt
861 2954 1069 3008 corpus,
1105 2940 1347 2992 animam
1390 2954 1512 2993 vero
1546 2955 1653 2993 non
1681 2946 1905 3009 possunt
1943 2945 2079 2995 occi-

2175 1910 2490 1967 constantia
2544 1909 2937 1981 praebuerunt.
2993 1913 3089 1977 Ac,
3137 1925 3210 1963 ne
3264 1907 3405 1981 quid
3462 1906 3673 1962 deesset
3723 1904 3786 1959 ad

2178 2006 2419 2077 gloriam
2455 2003 2679 2059 numeri
2705 2003 2875 2057 vestri
2908 2004 2977 2066 ⁸⁸,
3002 2005 3070 2058 ut
3093 2003 3280 2057 omnis
3306 2000 3596 2057 vobiscum
3633 2005 3685 2054 et
3708 2015 3783 2053 se-

2177 2116 2278 2154 xus
2317 2105 2372 2154 et
2413 2103 2547 2153 tetas
2592 2101 2741 2152 esset
2783 2097 2840 2152 in
2888 2097 3130 2164 honore,
3175 2111 3390 2168 pueros
3433 2093 3604 2150 etiam
3646 2091 3788 2148 vobis

2179 2193 2418 2264 gloriosa
2441 2191 2799 2246 confessione
2828 2190 3062 2245 sociavit
3087 2189 3274 2244 divina
3299 2188 3581 2260 dignatio,
3607 2202 3792 2257 reprte-

2179 2291 2411 2341 sentans
2458 2285 2620 2340 nobis
2665 2285 2772 2340 tale
2816 2283 3026 2355 aliquid
3069 2284 3237 2356 quale
3277 2282 3546 2348 Ananiae,
3590 2278 3790 2334 Azarias

2180 2385 2234 2434 et
2257 2380 2487 2435 Misahel
2515 2379 2761 2433 illustres
2793 2379 2955 2449 pueri
2993 2377 3306 2449 aliquando
3348 2376 3641 2439 fecerunt;
3671 2372 3786 2444 qui-

2178 2476 2284 2530 bus
2315 2473 2545 2528 inclusis
2571 2472 2628 2526 in
2661 2472 2949 2526 caminum
2985 2472 3030 2505 ⁸⁷
3078 2475 3376 2525 cesserunt
3422 2468 3583 2540 ignes
3623 2469 3678 2522 et
3708 2482 3789 2520 re-

2180 2567 2478 2640 frigerium
2519 2566 2628 2638 (84)
2678 2566 2930 2620 flammae
2985 2565 3289 2633 dederunt,
3347 2565 3626 2635 prasente
3675 2576 3788 2615 cum

2181 2663 2287 2717 illis
2336 2661 2574 2717 Domino
2615 2665 2673 2715 et
2727 2660 3002 2732 probante
3047 2659 3202 2731 quod
3246 2659 3306 2713 in
3351 2657 3698 2713 confessores
3742 2657 3793 2709 et

2181 2761 2460 2827 martyres
2486 2755 2606 2825 ejus
2639 2754 2780 2808 nihil
2812 2757 3001 2825 posset
3040 2753 3319 2824 gehennae
3365 2752 3532 2806 ardor
3569 2747 3789 2821 operari.

2182 2851 2276 2904 sed
2310 2850 2461 2921 quod
2493 2848 2586 2920 qui
2612 2848 2668 2902 in
2701 2849 2878 2902 Deum
2910 2847 3209 2902 crederent
3236 2847 3304 2913 ⁸⁸,
3333 2845 3645 2900 incolumes
3664 2857 3794 2896 sem-

2184 2961 2284 3016 per
2310 2947 2366 2999 et
2393 2941 2501 2998 tuti
2529 2943 2585 2997 in
2618 2941 2884 2996 omnibus
2913 2945 3371 3013 perseverarent.
3401 2941 3467 2994 Et
3495 2935 3792 2992 considere-

449 3036 572 3088 dere
605 3050 617 3087 :
652 3035 825 3100 magis
855 3037 1034 3086 autem
1059 3034 1279 3086 metuite
1305 3048 1422 3086 eum
1447 3035 1546 3102 qui
1568 3040 1740 3102 potest
1770 3039 1821 3088 et
1845 3037 2084 3089 animum
2186 3039 2256 3093 tis
2284 3035 2611 3109 diligentius
2640 3040 2790 3106 peto,
2822 3049 2925 3105 pro
2951 3036 3136 3088 vestra
3181 3032 3482 3103 religione,
3512 3046 3634 3102 qua:
3657 3025 3793 3099 apud

452 3135 500 3182 et
542 3142 731 3197 corpus
775 3126 1009 3180 occidere
1047 3127 1106 3178 in
1148 3126 1441 3193 gehennam
1468 3125 1575 3194 (81)
1618 3129 1858 3195 (Matth.,
1890 3144 1943 3194 κ,
1973 3129 2080 3198 28).
2106 3156 2160 3228 Ο
2185 3147 2392 3202 pueros
2421 3129 2560 3184 ﬁdes
2601 3126 2793 3195 fuerit,
2822 3143 2952 3198 qua:
2993 3125 3309 3197 promereri
3353 3123 3648 3179 Dominum
3688 3121 3792 3191 ple-

453 3221 655 3276 Paulus
709 3219 882 3273 etiam
933 3235 1033 3271 nos
1090 3218 1427 3272 adhortatur
1473 3222 1539 3272 ut
1598 3220 1696 3290 qui
1742 3221 1809 3275 ad
1857 3222 2086 3276 Domini
2115 3217 2160 3228 “”
2188 3225 2316 3278 nius
2362 3223 2567 3294 potuit.
2609 3221 2691 3276 Ad
2739 3220 2932 3274 omnia
2973 3219 3123 3274 enim
3177 3217 3386 3290 parati,
3435 3217 3577 3271 sicut
3615 3228 3795 3270 omnes

451 3313 729 3385 promissa
756 3311 946 3366 venire
973 3310 1255 3381 cupimus,
1287 3311 1504 3366 imitari
1535 3312 1843 3368 Dominum
1873 3315 1929 3368 in
1962 3331 2084 3369 om-
2189 3333 2312 3372 esse
2367 3316 2664 3381 debemus,
2719 3314 2880 3369 aiunt
2927 3312 3048 3383 regi
3098 3329 3110 3367 :
3163 3312 3649 3370 Nabuchodonosor
3692 3323 3792 3369 ras,

453 3408 625 3461 nibus
653 3407 964 3460 debeamus
995 3421 1007 3459 :
1045 3406 1256 3470 Sumus,
1288 3405 1494 3476 inquit,
1522 3407 1627 3474 ﬁlii
1663 3409 1780 3462 Dei.
1807 3409 1869 3465 Si
1907 3415 2087 3465 autem
2188 3427 2294 3466 non
2321 3425 2455 3481 opus
2476 3414 2553 3464 est
2585 3405 2778 3481 428
2810 3408 2962 3463 nobis
2981 3407 3048 3462 de
3073 3407 3169 3462 hoc
3187 3406 3347 3460 verbo
3373 3406 3480 3474 (85)
3499 3401 3796 3473 respondere

1826 3525 2035 3590 Variae
2094 3529 2436 3592 lectiones.

514 3632 553 3664 ³³
588 3633 648 3681 In
675 3631 886 3693 origine
909 3629 1105 3678 mundi
1131 3629 1251 3679 Bod.
1286 3631 1330 3680 3.
1363 3628 1407 3663 ⁸⁴
1434 3630 1546 3680 Eos
1573 3633 1670 3695 qui
1708 3645 1927 3697 semper
1957 3635 2080 3686 Bod.
2117 3639 2257 3687 Lam.
2292 3635 2443 3685 Ebor.
2484 3634 2595 3685 ΝΟ.
2632 3635 2676 3684 1.
2742 3634 2784 3668 ³⁵
2814 3633 2883 3684 Ut
2917 3633 3006 3683 sic
3044 3631 3418 3696 gloriﬁcemur
3465 3631 3632 3679 Veron.
3662 3626 3723 3677 Ut
3749 3629 3797 3675 et

457 3699 1026 3762 commagniﬁcemur,
1066 3699 1189 3748 Bod.
1227 3699 1274 3758 1,
1309 3698 1356 3748 2.
1400 3700 1540 3748 Lam.
1580 3702 1690 3750 Lin.
1739 3701 1892 3750 Ebor.
1961 3703 2002 3734 ⁸⁸
2038 3705 2278 3756 Numero
2312 3708 2498 3755 vestro
2541 3703 2699 3766 Neap.
2736 3703 2984 3754 Muneris
3021 3703 3186 3751 vestri
3241 3701 3350 3750 Ver.
3420 3698 3462 3733 ⁸⁷
3495 3700 3558 3749 In
3597 3697 3794 3748 camino

457 3773 594 3821 Lam.
663 3769 704 3801 ⁸³
729 3769 792 3817 In
817 3769 998 3818 Deum
1025 3780 1085 3818 se
1119 3766 1405 3818 crederent
1437 3767 1559 3818 Bod.
1591 3771 1639 3830 1,
1660 3768 1707 3818 2.
1739 3771 1875 3822 Lam.
1903 3775 2013 3824 ΝΟ.
2042 3777 2087 3825 1.
2119 3776 2272 3825 Ebor.
2299 3777 2407 3826 Lin.

1752 3874 1975 3957 Steph.
2024 3876 2267 3941 Baluzii
2313 3883 2510 3940 notae.

520 3999 620 4062 (80)
677 3997 1028 4063 Falgebunt...
1087 3998 1403 4048 discurrant.
1450 3999 1588 4050 Hmc
1627 4000 1830 4050 desunt
1875 4003 1929 4051 in
1979 4018 2088 4053 un-

459 4071 638 4122 decim
663 4068 949 4119 codicibus
997 4069 1390 4131 manuscriptis
1420 4073 1476 4119 et
1518 4071 1573 4118 in
1618 4070 1862 4122 editione
1895 4073 2089 4123 Manu-

459 4143 538 4191 tii.
571 4143 812 4192 Deerant
841 4141 1008 4189 etiam
1051 4141 1107 4189 in
1149 4141 1327 4203 capite
1381 4141 1441 4188 12
1491 4141 1755 4204 Epistolas
1798 4142 1865 4191 ad
1896 4143 2092 4194 Fortu-

458 4217 650 4263 natam
676 4211 740 4259 rte
764 4210 1150 4259 Eathortatione
1177 4209 1450 4272 martyrii.
1483 4211 1594 4260 Nos
1630 4214 1998 4275 reposuimus.

526 4287 618 4344 (8|)
657 4285 714 4332 In
755 4281 1063 4345 gehennam.
1107 4281 1343 4344 Reliqua
1391 4280 1550 4330 istius
1596 4284 1843 4345 epistola:
1895 4283 2097 4332 desunt

459 4356 515 4403 in
547 4353 742 4404 codice
768 4352 943 4401 sancti
971 4351 1264 4414 Arnulphi,
1298 4353 1353 4400 et
1396 4351 1452 4399 in
1487 4365 1678 4401 eorum
1731 4366 1856 4416 qum
1898 4353 2098 4402 desunt

458 4425 583 4474 loco
644 4423 942 4471 substitute
983 4426 1066 4470 est
1100 4425 1504 4484 consequenter
1547 4435 1746 4486 magna
1794 4436 1920 4486 pars
1963 4422 2094 4486 Epi-

459 4495 617 4544 stolm
650 4493 722 4541 ad
755 4495 1133 4554 Antonianum,
1167 4493 1486 4556 incipiendo
1527 4494 1597 4543 ab
1630 4494 1717 4543 his
1757 4494 1939 4544 verbis
1968 4506 2088 4557 pag.

457 4569 511 4616 7l
547 4581 558 4614 :
584 4583 611 4612 α
637 4565 1053 4628 Exomologesis
1085 4564 1231 4628 apud
1256 4563 1462 4614 inferos
1483 4579 1596 4614 non
1618 4570 1719 4626 est,
1738 4569 1842 4615 etc.
1870 4583 1897 4610 »
1915 4578 2093 4628 usque

460 4637 528 4686 ad
559 4636 726 4686 finem
761 4636 1025 4698 Epistolas
1049 4636 1122 4685 ad
1147 4637 1524 4698 Antonianum,
1555 4641 1609 4686 et
1651 4637 1705 4685 in
1745 4637 1899 4686 calce
1925 4636 2094 4699 scrip-

462 4714 579 4757 tum
611 4712 732 4756 est:
773 4707 851 4756 Ad
902 4708 1263 4771 Antonianum
1306 4706 1369 4755 de
1412 4706 1654 4756 Cornelio
1694 4712 1742 4756 et
1797 4707 2094 4756 Novatiano

460 4779 684 4842 explicat.
728 4779 823 4828 Sic
864 4780 1028 4827 etiam
1089 4779 1145 4826 in
1196 4777 1448 4826 Thuano.
1506 4777 1670 4827 Porro
1716 4778 1979 4841 Epistolas
2023 4778 2094 4826 ad

458 4850 822 4898 Antonianum
848 4850 1022 4912 prima
1074 4862 1200 4912 pars
1244 4846 1589 4898 desideratur
1633 4849 1686 4897 in
1731 4853 1968 4913 utroque
1991 4862 2097 4899 co-

461 4921 600 4980 dice,
634 4925 689 4969 et
729 4920 924 4981 incipit
967 4923 1200 4982 uterque
1248 4917 1318 4968 ab
1365 4917 1451 4967 his
1481 4917 1667 4968 verbis
1719 4920 2098 4983 eatomologesis

461 4991 610 5054 apud
637 4991 832 5052 inferos
864 5004 969 5038 non
996 4996 1086 5050 est,
1113 4995 1217 5041 etc.

524 5063 621 5120 (82)
657 5061 982 5110 Ctm-itatem.
1006 5060 1194 5111 Codex
1224 5061 1520 5120 Fuxensis,
1545 5061 1732 5124 gloriae
1759 5074 2032 5111 coronam.

526 5133 624 5195 (83)
687 5134 827 5182 Saxa
857 5146 948 5182 suo
984 5132 1246 5194 fortiores.
1295 5133 1461 5190 Infra,
1505 5133 1561 5181 in
1615 5133 1758 5182 libro
1808 5133 1872 5182 de
1902 5133 2099 5182 Habitu

463 5205 750 5266 virginum,
804 5217 924 5265 pag.
977 5204 1066 5252 l73
1122 5217 1133 5249 :
1189 5220 1217 5247 ‹‹
1268 5202 1485 5252 Fortior
1539 5203 1743 5253 femina
1791 5204 1923 5252 viris
1987 5208 2092 5253 tor-

464 5273 764 5338 quentibus
810 5275 1165 5323 invenitur.»
1211 5273 1528 5323 Lactantius
1580 5273 1675 5323 lib.
1725 5287 1780 5332 ν,
1829 5288 1948 5338 cap.
1997 5275 2095 5324 l3:

464 5363 492 5391 «
521 5346 670 5395 Ecce
697 5359 865 5394 sexus
901 5344 1157 5394 inﬁrmus
1188 5349 1242 5394 et
1288 5345 1494 5408 fragilis
1541 5350 1676 5395 aetas
1715 5345 2003 5398 dilacerari
2047 5350 2101 5397 et

465 5421 579 5466 toto
631 5429 861 5478 corpore
911 5416 1110 5479 urique
1163 5418 1551 5479 perpetitur.»
1620 5418 1996 5480 Hieronymus
2043 5417 2099 5465 in

464 5488 709 5552 Epistota
751 5486 818 5536 ad
864 5487 1228 5536 Eustochium
1278 5487 1346 5536 de
1399 5487 1661 5538 Custodia
1706 5489 2048 5551 Virginitatis
2087 5501 2099 5534 :

464 5578 491 5602 «
529 5560 694 5608 Beata
720 5563 926 5622 martyr
962 5561 1146 5621 Agnes
1182 5564 1237 5608 et
1279 5562 1499 5608 relatam
1545 5560 1676 5608 vicit
1716 5563 1771 5608 et
1801 5563 2099 5622 tyrannum

464 5635 516 5680 et
577 5629 800 5679 titulum
850 5631 1116 5679 castitatis
1167 5631 1430 5693 martyrio
1476 5631 1896 5679 consecravit.»
1948 5629 2099 5678 Idem

464 5707 519 5752 in
551 5703 795 5766 Epistola
828 5702 898 5752 de
924 5702 1148 5752 Muliere
1191 5703 1397 5766 septies
1442 5703 1551 5751 icta
1599 5716 1610 5749 :
1658 5719 1687 5745 «
1717 5700 1917 5750 Mulier
1962 5714 2099 5750 sexu

464 5775 752 5833 inﬁrmior,
783 5775 985 5823 virtute
1010 5773 1212 5822 furtior.
1245 5793 1270 5818 »
1306 5773 1604 5833 Eusebius,
1634 5771 1725 5820 lib.
1763 5785 1839 5830 v1,
1869 5785 1987 5834 cap.
2019 5773 2098 5830 41,

460 5847 626 5896 rel‘ert
697 5845 984 5897 historiam
1058 5851 1267 5898 sancta:
1320 5845 1633 5910 Apollonia:
1687 5843 1922 5896 Ruﬁnus
1977 5855 2101 5892 eam

2113 4525 2170 4595 D

2189 4018 2413 4070 quoque
2454 4006 2715 4066 referens,
2752 4004 2845 4054 lib.
2878 4017 2958 4061 VI,
3003 4017 3121 4067 cap.
3171 4002 3250 4063 3t,
3303 4015 3435 4052 cum
3489 3999 3713 4050 dixisset
3737 3995 3794 4044 il-

2192 4077 2301 4126 lam
2328 4079 2522 4140 sponte
2565 4075 2866 4139 prosiliisse
2906 4075 2961 4123 in
3007 4074 3192 4137 ignem
3231 4087 3402 4136 quem
3447 4072 3796 4140 persecutores

2194 4138 2574 4206 minabantur,
2619 4145 2770 4195 addit
2825 4160 2835 4192 :
2885 4163 2912 4190 «
2943 4145 3021 4193 lla
3076 4148 3137 4193 ut
3176 4145 3611 4207 perterrerentur
3653 4138 3794 4188 etiam

2193 4218 2297 4281 ipsi
2353 4217 2695 4268 crudelitatis
2748 4221 3004 4266 auctores
3049 4215 3197 4278 quod
3256 4214 3560 4278 promptior
3599 4211 3798 4260 inventa

2195 4292 2278 4338 est
2307 4287 2374 4337 ad
2404 4293 2635 4338 mortem
2670 4289 2874 4338 femina
2908 4300 3073 4350 quam
3106 4289 3429 4349 persecutor
3460 4284 3526 4333 ad
3554 4293 3796 4346 poenam.»

2197 4358 2337 4409 Vide
2367 4359 2531 4409 etiam
2569 4359 2852 4408 historiam
2881 4357 3171 4406 Blandinm
3205 4355 3465 4426 martyris
3488 4350 3628 4426 apud
3660 4361 3796 4426 eum:

2195 4430 2321 4480 dem
2377 4431 2698 4480 Eusebium.
2741 4429 2955 4487 Florus,
3023 4427 3114 4477 lib.
3174 4441 3229 4485 II,
3275 4440 3395 4490 cap.
3442 4424 3523 4484 25,
3573 4420 3797 4471 meminit

2194 4501 2481 4565 cujusdam
2521 4502 2742 4551 feminae
2806 4499 3260 4562 Carlhaginensis
3312 4489 3440 4560 quas
3501 4497 3552 4543 in
3607 4489 3796 4543 excidio

2195 4571 2347 4620 urbis
2382 4570 2851 4634 Carthaginensis,
2887 4583 2917 4619 a
2961 4569 3205 4619 culmine
3256 4581 3316 4617 se
3355 4567 3552 4616 domus
3593 4565 3645 4613 in
3697 4573 3796 4634 rne-

2194 4641 2346 4690 dium
2388 4643 2540 4690 misit
2566 4632 2908 4703 incendium,
2957 4655 3022 4692 eo
3063 4643 3310 4703 tempore
3352 4651 3463 4702 quo
3503 4650 3560 4686 se
3587 4632 3796 4703 quadra-

2195 4713 2347 4777 ginta
2393 4712 2566 4762 millia
2611 4713 2852 4761 virorum
2898 4702 3234 4762 dediderunt
3286 4710 3445 4781 duce
3497 4702 3792 4781 Asdrubale-

2196 4773 2280 4831 Ait
2321 4795 2450 4846 ergo
2496 4783 2722 4832 Florus:
2753 4801 2780 4826 «
2822 4781 3045 4843 Quanto
3086 4783 3282 4831 fortius
3320 4779 3541 4829 femina.
3581 4794 3605 4822 ι)
3644 4773 3796 4846 Elius

2197 4843 2522 4916 Spartianus
2569 4854 2637 4903 de
2676 4853 2918 4904 Zenobia
2961 4867 3134 4904 uxore
3182 4851 3416 4921 Odenati
3470 4849 3544 4897 ait
3579 4862 3590 4894 :
3621 4843 3797 4921 «.Quw

2197 4911 2495 4971 multorum
2542 4923 2811 4973 sententia
2863 4922 3055 4971 fortior
3097 4923 3292 4970 marito
3335 4919 3506 4968 fuisse
3564 4911 3798 4978 perbibe-

2198 4997 2304 5041 tur.
2336 5010 2362 5036 »
2399 4991 2629 5050 Statius,
2659 4992 2752 5042 lib.
2784 5005 2863 5054 ix,
2887 4991 3201 5042 Thebaidos
3233 5004 3244 5037 :

2355 5064 2469 5126 Ipsa
2495 5063 2623 5112 nihil
2655 5067 2911 5124 metuens,
2933 5075 3190 5125 sexusque
3224 5061 3382 5110 oblita
3409 5056 3634 5107 minoris.

2259 5135 2358 5196 (84)
2406 5133 2770 5198 llefrigerium.
2817 5134 2898 5182 Ita
2943 5137 3156 5183 veteres
3193 5130 3464 5182 editiones
3501 5133 3554 5178 et
3589 5126 3798 5198 quatuor

2198 5193 2325 5255 libri
2343 5193 2584 5255 veteres.
2635 5203 2919 5254 Manutius
2965 5202 3136 5252 edidit
3169 5200 3443 5263 refrigerii
3489 5199 3662 5269 locum.
3691 5193 3798 5269 QEO

2200 5277 2366 5327 etiam
2407 5276 2570 5324 modo
2599 5275 2802 5338 legitur
2845 5274 2900 5323 in
2932 5273 3194 5324 undecim
3228 5261 3516 5322 codicibus
3542 5271 3594 5320 et
3618 5267 3669 5315 in
3697 5261 3796 5312 edi-

2200 5348 2348 5396 tione
2376 5346 2629 5397 Morellii.

2262 5419 2366 5481 (85)
2394 5419 2468 5466 De
2507 5417 2598 5465 hoc
2640 5415 2818 5466 verbo.
2859 5415 3057 5466 Codex
3104 5415 3442 5474 Pithaaanus,
3491 5411 3554 5461 de
3595 5409 3681 5481 hoc
3709 5416 3798 5453 ser-

2200 5480 2364 5538 mone.
2402 5489 2472 5537 Et
2501 5492 2685 5536 tamen
2718 5487 3031 5551 Cyprianus
3059 5487 3312 5551 epist.55,
3343 5485 3415 5534 ad
3445 5480 3796 5551 Thibaritanos,

2200 5561 2256 5608 in
2284 5560 2464 5622 capite
2495 5571 2558 5608 x1
2617 5549 2880 5622 Epistolse
2936 5559 3003 5606 ad
3044 5549 3407 5607 Fortunatam
3455 5553 3516 5603 de
3562 5549 3797 5622 Exhortq-

2199 5614 2682 5690 tione-martyrii,-
2721 5631 2777 5679 et
2831 5629 2926 5677 lib.
2971 5641 3026 5678 Ill
3072 5627 3516 5683 Testimoniorum,
3543 5633 3702 5698 _cap.'

2201 5713 2418 5763 semper
2443 5689 2596 5762 ponit
2645 5698 2710 5746 de
2745 5699 2836 5748 hoc
2879 5699 3054 5748 verbo.
3101 5699 3294 5761 Itaque
3334 5693 3650 5746 mutandum
3691 5689 3795 5762 istic

2199 5784 2312 5819 non
2368 5771 2487 5819 fuit.
2529 5769 2666 5819 Vide
2705 5769 3089 5819 annotationes
3136 5767 3348 5817 Erasmi
3398 5765 3464 5815 ad
3505 5763 3662 5824 caput
3699 5766 3793 5820 prl-

2201 5855 2356 5892 mum
2386 5840 2674 5906 Evangelii
2703 5839 3018 5892 secundum
3045 5839 3331 5892 Joannem.
