3978 6194
182 253 253 309 ibi
1466 246 1467 249 ¹
1518 256 1841 311 EPISTULA
1872 256 2113 311 LXXXII.

3386 254 3489 311 442

175 382 270 434 tibi.
294 382 376 435 Est
419 382 553 433 enim
584 381 743 441 Deus,
775 383 864 434 cui
890 395 982 435 nos
1009 383 1289 441 servimus.
1325 388 1513 450 potens
1549 386 1751 453 eripere
1772 394 1830 466 Α
1852 382 2165 451 pervenire.
2200 382 2388 436 Victor
2420 382 2692 437 diaconus
2723 383 2827 453 (89)
2867 386 2924 437 et
2950 382 3044 453 qui
3094 396 3318 437 mecum
3348 384 3481 436 sunt

175 490 250 527 nos
284 473 341 526 de
381 474 582 526 camino
628 475 770 540 ignis
818 475 1083 535 ardentis,
1126 480 1176 528 et
1217 475 1281 528 de
1330 477 1578 530 manibus
1629 480 1755 541 tuis,

174 583 264 627 rex,
291 566 528 619 liberabit
554 582 670 620 nos.
702 570 770 621 Et
800 569 847 620 si
871 583 997 633 non,
1028 571 1213 621 notum
1261 569 1361 622 tibi
1391 571 1463 623 sit
1505 574 1760 639 quoniam

171 660 257 713 diis
305 661 400 712 tuis
451 674 555 713 non
599 662 860 714 servimus
909 665 958 714 et
1006 663 1291 729 imaginem
1333 677 1555 717 auream
1597 680 1761 733 quam

170 754 378 807 statuisti
422 767 525 804 non
572 752 865 807 adoramus
914 753 1096 822 (Dan.,
1146 770 1225 819 ιιι,
1279 756 1480 825 16-18).
1523 756 1659 809 Cum
1705 772 1762 811 se

169 846 435 900 crederent
472 850 525 899 et
563 861 667 916 pro
711 846 823 900 ﬁde
865 862 969 900 sua
1011 847 1225 901 scirent
1272 864 1432 918 posse
1472 848 1643 903 etiam
1690 850 1760 904 de

166 938 403 1011 presenti
436 938 711 1010 supplicio
756 939 1005 1009 liberari,
1045 941 1262 1011 jactare
1313 942 1423 996 hoc
1466 945 1663 997 tamen
1707 951 1764 998 et

167 1033 420 1086 vindicare
472 1032 577 1087 sibi
633 1034 944 1088 noluerunt
1001 1034 1271 1104 dicentes,
1320 1039 1389 1091 Et
1426 1039 1475 1090 si
1512 1052 1639 1098 non,
1690 1054 1761 1091 ne

168 1126 331 1179 minor
362 1129 509 1180 esset
537 1126 903 1181 confessionis
928 1127 1103 1182 virtus
1131 1128 1250 1183 sine
1281 1130 1602 1185 testimonio
1630 1146 1761 1200 pas-

165 1218 329 1273 sionis.
359 1218 716 1274 Addiderunt
759 1237 924 1291 posse
966 1222 1163 1276 omnia
1205 1224 1381 1277 Deum
1424 1222 1632 1289 facere,
1668 1225 1764 1279 sed

166 1316 327 1366 tamen
366 1327 482 1366 non
516 1312 572 1366 in
618 1313 725 1367 hoc
767 1313 945 1368 fidere
991 1319 1055 1368 ut
1091 1315 1319 1369 liberari
1360 1316 1417 1369 in
1460 1316 1765 1386 praesentia

164 1406 365 1471 vellent,
412 1406 513 1459 sed
561 1406 716 1461 illam
760 1406 1037 1463 libertatis
1082 1414 1136 1463 et
1174 1408 1495 1464 securitatis
1532 1414 1765 1465 aeternae

165 1500 375 1571 gloriam
397 1501 733 1571 cogitarent.

224 1590 296 1643 IV.
325 1588 508 1653 Quam
540 1590 712 1645 ﬁdem
740 1606 832 1644 vos
863 1606 1091 1662 quoque
1144 1592 1451 1646 retinentes
1484 1599 1539 1647 et
1579 1594 1669 1647 die
1700 1610 1764 1647 ac

162 1689 300 1737 nocte
352 1682 716 1749 meditantes,
762 1686 884 1739 toto
928 1684 1099 1739 corde
1139 1685 1211 1739 ad
1260 1687 1437 1741 Deum
1488 1687 1761 1759 prompti,

162 1781 459 1847 contemptu
486 1776 859 1847 praesentium
886 1778 1080 1833 futura
1118 1780 1513 1835 tantummodo
1541 1782 1753 1851 cogita-
1782 1774 1833 1845 Β

162 1871 218 1924 tis
244 1873 359 1940 (86),
400 1878 461 1925 ut
487 1870 561 1925 ad
589 1872 839 1927 fructum
881 1871 1047 1943 regni
1088 1873 1289 1927 aeterni
1321 1879 1378 1929 et
1407 1874 1478 1929 ad
1518 1875 1762 1946 comple-

162 1980 273 2017 xum
300 1968 354 2019 et
378 1965 639 2019 osculum
673 1965 897 2020 Domini
929 1971 986 2020 et
1011 1972 1377 2037 conspectum
1408 1969 1603 2023 venire
1630 1985 1762 2039 pos-

160 2057 275 2125 sitis,
309 2064 365 2112 ut
393 2059 722 2130 sequamini
749 2060 809 2113 in
839 2059 1105 2114 omnibus
1129 2060 1507 2131 Rogatianum
1536 2062 1765 2133 presby-

159 2158 342 2218 terum,
371 2153 689 2222 gloriosum
717 2170 939 2220 senem,
974 2153 1121 2207 viam
1157 2154 1313 2209 vobis
1341 2156 1386 2189 ⁸9
1414 2156 1483 2210 ad
1521 2156 1765 2226 gloriam

160 2247 409 2317 temporis
445 2246 628 2301 nostri
656 2246 918 2318 religiosa
944 2247 1172 2303 -virtute
1219 2255 1277 2304 et
1316 2249 1507 2303 divina
1556 2250 1762 2320 digna-

161 2341 287 2395 tione
311 2341 643 2407 facientem,
673 2342 925 2411 quicum
964 2341 1310 2397 Felicissimo
1354 2343 1530 2399 fratre
1571 2350 1765 2397 nostro

159 2435 323 2505 quieto
366 2451 603 2505 semper
638 2440 695 2488 et
734 2435 925 2490 sobrio
964 2436 1256 2506 excipiens
1299 2436 1618 2492 ferocientis
1663 2454 1762 2508 po-

162 2529 254 2598 puli
278 2529 581 2599 impetum,
614 2528 863 2599 primum
895 2529 1211 2600 hospitium
1250 2530 1409 2585 vobis
1448 2531 1505 2585 in
1537 2548 1763 2586 carcere

162 2622 492 2695 praeparavit,
524 2626 583 2676 et
624 2625 875 2677 metator
914 2623 1160 2694 quodam
1203 2624 1369 2678 modo
1418 2628 1607 2679 vester
1633 2625 1763 2695 (87),

160 2732 287 2770 nunc
324 2731 558 2786 quoque
599 2732 698 2770 vos
744 2716 1029 2771 antecedit
1070 2717 1203 2787 (88).
1249 2717 1415 2781 Quod
1465 2724 1525 2771 ut
1573 2717 1764 2791 429

161 2814 564 2863 consummetur
607 2809 663 2863 in
705 2809 880 2877 vobis,
912 2809 1153 2864 assiduis
1187 2810 1532 2865 orationibus
1571 2814 1763 2867 Domi-

160 2920 274 2957 num
318 2904 715 2974 deprecamur,
745 2907 828 2970 ut,
866 2903 1041 2957 initiis
1084 2905 1154 2959 ad
1198 2922 1422 2960 summa
1470 2906 1761 2977 pergenti-

158 2995 260 3063 bus,
292 3013 424 3067 quos
466 2996 731 3050 confiteri
772 2997 929 3064 fecit,
979 2998 1145 3052 faciat
1185 3004 1243 3054 et
1286 3000 1568 3054 coronari.
1616 3000 1763 3071 Opto

160 3105 256 3157 vos,
300 3092 497 3145 fratres
552 3090 872 3144 cbarissimi
928 3094 986 3145 et
1036 3092 1365 3159 beatissimi,
1407 3093 1465 3146 in
1523 3093 1762 3147 Domino

1858 486 1955 525 vos
1983 471 2246 525 salutant.

2301 588 2622 643 EPISTOLA
2661 589 2875 643 Lxxxn
2914 588 3043 659 (90).

1862 700 2094 762 (Pamet.,
2142 699 2347 761 Rigalt,
2401 699 2591 759 Baluz.,
2636 710 2804 760 Lxxx;
2848 699 3031 759 Paris,
3075 710 3262 761 Lxxx1;
3303 700 3493 761 Oxon.,

2492 769 2611 833 Lips
2636 804 2651 830 ,
2687 772 2862 830 ωαχ.)

1861 882 1929 919 AD
1971 880 2295 931 SUCCESSUM,
2341 881 2406 919 DE
2444 880 2657 919 NUNTIIS
2695 880 2834 919 ROMA
2876 879 3129 919 REVEBSIS
3160 879 3497 919 PERSECUTIO-

2404 970 2509 1007 NE!
2552 968 2964 1009 NUNTIANTIBUS.

1861 1052 2257 1103 Ancumsnrun.
2277 1076 2345 1088 —
2373 1050 2608 1103 Nuntiat
2638 1050 2884 1103 Successo
2902 1049 3143 1116 episcopo
3164 1047 3491 1114 Cyprianus,

1928 1139 2295 1207 persecutione
2328 1138 2529 1191 acriori
2564 1137 2688 1203 jam
2730 1136 2944 1189 decreta
2987 1150 3087 1204 per
3138 1135 3495 1190 Valerianum

1934 1229 2311 1297 imperatorem
2352 1227 2527 1296 (haud
2575 1228 2736 1280 dubie
2780 1241 2901 1279 cum
2942 1223 3229 1293 Gallieno),
3280 1238 3497 1291 passum

1932 1320 2109 1373 Romae
2180 1320 2389 1372 Xistum
2458 1317 2760 1385 pontiﬁcem
2825 1329 2916 1367 vni
2994 1314 3125 1367 Idus
3206 1314 3494 1381 Augusti,

1934 1406 2096 1474 idque
2127 1409 2189 1459 ut
2215 1406 2432 1473 collegis
2469 1406 2675 1458 exteris
2708 1406 2968 1471 signiﬁcet
3001 1404 3160 1471 petit,
3201 1418 3305 1471 quo
3338 1418 3499 1455 suum

1935 1498 2162 1565 quisque
2186 1510 2396 1563 gregem
2423 1496 2496 1549 ad
2532 1496 2859 1562 martyrium
2901 1494 3122 1546 animet.
3155 1492 3283 1547 Cum
3314 1498 3495 1546 autem

1934 1586 2101 1655 paulo
2136 1592 2255 1654 post
2282 1600 2459 1639 mense
2496 1584 2799 1653 Septembri
2836 1597 3031 1653 passus
3062 1586 3133 1637 sit
3168 1583 3493 1652 Cyprianus,

1938 1690 2045 1729 non
2088 1675 2313 1729 dubium
2360 1675 2495 1743 quin
2527 1673 2623 1727 sub
2666 1675 2827 1740 ﬁnem
2870 1674 2993 1727 vita:
3026 1675 3231 1743 scripta
3274 1674 3345 1726 sit
3387 1673 3497 1726 haec

1929 1764 2177 1834 epistola.

1937 1877 1979 1928 Ι.
2038 1873 2357 1945 Cyprianus
2409 1875 2675 1927 Successo
2729 1872 2838 1941 (91)
2896 1872 3058 1927 fratri
3107 1873 3367 1926 salutem.
3426 1874 3494 1928 Ut

1866 1985 1982 2023 non
2013 1967 2167 2021 vobis
2213 1966 2268 2020 in
2317 1965 2635 2020 continenti
2684 1966 3015 2035 scriberem,
3065 1966 3243 2019 frater
3286 1965 3496 2020 charis-

1865 2061 2030 2130 sime,
2063 2061 2153 2114 illa
2202 2076 2290 2114 res
2333 2060 2467 2113 fecit
2514 2061 2643 2128 (92),
2676 2060 2828 2129 quod
2878 2059 3122 2114 universi
3172 2059 3355 2114 clerici
3390 2059 3498 2129 (93)

1865 2155 1970 2209 sub
2028 2155 2141 2209 ictu
2193 2154 2391 2223 agonis
2449 2154 2554 2223 (94)
2621 2152 2952 2219 constituti,
3009 2153 3276 2207 recedere
3332 2153 3499 2207 istinc

1867 2248 2105 2303 omnino
2135 2264 2250 2302 non
2282 2249 2569 2317 poterant,
2600 2246 2780 2317 parati
2814 2263 3012 2302 omnes
3038 2247 3145 2316 (95)
3186 2262 3289 2318 pro
3318 2246 3499 2301 animi

1867 2342 1953 2396 sui
2008 2340 2301 2396 devotione
2359 2339 2432 2394 ad
2485 2339 2735 2394 divinam
2785 2345 2841 2393 et
2897 2340 3178 2396 ccelestem
3230 2339 3496 2410 gloriam.

1866 2435 2058 2491 Sciatis
2086 2438 2275 2489 autem
2307 2451 2400 2488 eos
2442 2434 2659 2488 venisse
2706 2450 2847 2505 quos
2888 2434 2959 2487 ad
3003 2434 3214 2489 Urbem
3262 2437 3498 2506 propter

1868 2530 1974 2584 hoc
2003 2529 2288 2595 miseram,
2308 2531 2374 2581 ut
2395 2527 2936 2598 quomodocumque
2966 2528 3035 2583 de
3065 2528 3227 2582 nobis
3254 2528 3504 2598 rescrip-

1868 2629 1988 2676 tum
2044 2622 2286 2688 fuisset,
2353 2620 2698 2691 exploratam
2750 2621 2853 2675 sibi
2912 2620 3211 2676 veritatem
3266 2621 3338 2674 ad
3391 2637 3498 2675 nos

1867 2717 2209 2786 perferrent.
2241 2713 2434 2788 430
2460 2715 2631 2769 Multa
2661 2714 2813 2768 enim
2846 2716 2996 2768 varia
3032 2720 3090 2769 et
3129 2714 3343 2769 incerta
3374 2714 3499 2785 Opi-

1869 2809 2130 2864 nionibus
2158 2809 2523 2863 ventilentur.
2558 2808 2694 2872 Quae
2740 2813 2929 2861 autem
2976 2811 3107 2862 sunt
3143 2808 3203 2861 in
3246 2824 3379 2862 vero
3419 2808 3501 2861 ita

1868 2920 1924 2957 se
1975 2903 2207 2957 habent.
2264 2901 2632 2972 Rescripsisse
2684 2901 3045 2956 Valerianum
3099 2904 3206 2971 (96)
3272 2902 3345 2955 ad
3408 2918 3495 2955 sc-

1866 3001 2065 3051 natnm
2120 2998 2180 3049 ut
2233 2996 2483 3065 episc0pi
2535 3000 2593 3049 et
2646 2996 2961 3065 presbyteri
3013 2999 3070 3049 et
3118 2994 3381 3049 diacones
3436 2996 3496 3048 in

1869 3090 2183 3145 continenti
2208 3088 2756 3156 animadvertuntur,
2781 3092 3065 3143 senatores
3095 3106 3227 3143 vero
3257 3095 3312 3144 ct
3341 3105 3501 3159 egre-

160 3198 355 3255 semper
392 3184 548 3239 bene
574 3184 757 3238 valere
787 3187 844 3237 et
884 3184 959 3238 ad
990 3201 1260 3241 coronam
1304 3186 1540 3241 cmlestis
1568 3186 1760 3257 gloria:
1785 3168 1838 3240 C
1863 3184 1941 3256 gii
1997 3183 2100 3237 viri
2154 3189 2209 3237 et
2257 3182 2472 3252 equites
2525 3181 2759 3236 Romani
2810 3183 2880 3250 9°,
2936 3182 3214 3253 dignitate
3267 3183 3497 3249 amissa,

1519 3328 1727 3392 Variae
1785 3328 2125 3391 lectiones.

210 3460 243 3491 ⁸³
263 3462 415 3512 Viam
443 3462 610 3512 nobis
641 3465 796 3511 Oxon.
866 3463 907 3492 9°
934 3463 1003 3512 Et
1026 3462 1220 3513 delevit
1259 3463 1391 3527 Lips.
1429 3463 1616 3519 editor,
1650 3463 1898 3513 suadente
1926 3462 2167 3512 Neandro
2192 3463 2287 3525 Kg.
2324 3464 2369 3511 l.
2400 3477 2452 3525 p.
2496 3462 2605 3521 ut,
2642 3476 2695 3511 n.
2737 3461 2786 3523 3,
2811 3462 2897 3510 cui
2935 3460 3161 3511 adsensit
3203 3462 3500 3511 Muenterus

155 3532 379 3591 primord.
408 3534 548 3582 Eccl.
577 3533 746 3593 Afric.
770 3547 820 3595 p.
856 3535 965 3595 171,
988 3548 1036 3581 n.
1072 3535 1114 3583 l.

1427 3615 1650 3697 Steph.
1700 3614 1940 3678 Baluzii
1988 3619 2184 3677 notas.

210 3762 293 3822 {86)
322 3762 596 3825 Cogitatis.
642 3763 806 3813 Hunc
850 3764 1035 3813 locum
1076 3777 1180 3815 nos
1222 3763 1645 3815 emendavimus
1688 3777 1755 3813 ex

160 3832 247 3880 ﬁde
270 3833 499 3881 duorum
528 3839 779 3882 veterum
811 3834 1232 3897 exemplarium.

210 3904 291 3963 (87)
339 3906 570 3952 Metalor
606 3910 787 3952 vester.
840 3904 1187 3955 Vocabulum
1234 3905 1357 3966 hoc,
1396 3903 1542 3969 quod
1585 3904 1763 3953 diver-

159 3988 231 4023 sas
260 3974 415 4026 habet
451 3975 910 4038 significationes,
953 3981 1133 4025 ortum
1179 3981 1260 4027 est
1304 3990 1371 4026 ex
1398 3976 1761 4039 agricolarum

159 4052 268 4095 arte.
317 4048 407 4097 Sic
458 4048 610 4097 enim
654 4051 922 4097 vocantur
964 4049 1060 4110 qui
1106 4048 1330 4098 arbores
1376 4049 1430 4097 in
1468 4048 1765 4097 seminario

159 4116 233 4165 vel
259 4117 475 4167 arbusto
511 4118 816 4181 disponunt
853 4122 909 4168 et
957 4119 1149 4168 ordine
1198 4118 1440 4182 quodam
1485 4119 1760 4181 digerunt,

160 4190 339 4252 origine
370 4188 537 4239 ducta
575 4202 604 4237 a
641 4194 806 4250 meta,
860 4189 915 4238 id
969 4195 1052 4240 est
1094 4204 1351 4254 agrorum
1404 4192 1638 4240 termino
1664 4203 1763 4238 seu

160 4258 282 4307 linea
308 4275 411 4323 qua
440 4260 637 4322 incipit
670 4273 931 4309 mensura
983 4261 1052 4310 ad
1104 4261 1479 4323 dieponendas
1520 4261 1759 4310 arbores.

162 4328 267 4379 Istic
309 4333 580 4395 accipitur
624 4332 692 4381 de
723 4345 788 4380 eo
840 4333 932 4395 qui
978 4332 1300 4395 praecedens
1347 4333 1553 4382 milites
1586 4335 1764 4381 castra

162 4401 297 4462 locat,
327 4403 569 4466 hospitia
617 4409 883 4465 praeparat
923 4418 933 4449 :
982 4404 1264 4466 Vegetius,
1314 4404 1407 4454 lib.
1453 4418 1509 4464 ιι,
1549 4417 1666 4466 cap.
1698 4404 1761 4451 7:

161 4493 180 4513 σι
212 4474 505 4535 Metatores,
534 4475 628 4537 qui
660 4474 1038 4535 prmcedenles
1070 4475 1256 4524 locum
1275 4476 1485 4539 eligunt
1506 4475 1761 4525 castris.»

1856 3762 2095 3826 hospitia
2130 3766 2453 3826 prasparent.
2488 3763 2681 3826 Itaque
2724 3761 2989 3811 castrensi
3042 3759 3317 3811 vocabulo
3361 3772 3498 3809 usus

1863 3839 1945 3883 est
1971 3838 2197 3883 sanctus
2223 3834 2552 3897 Cyprianus.
2588 3831 2726 3881 Vide
2752 3832 3063 3892 Vegetium.

1929 3906 2028 3968 (89)
2066 3906 2235 3954 Victor
2272 3906 2555 3955 Diaconus.
2602 3904 2736 3953 Haec
2771 3902 2957 3952 addita
3001 3906 3133 3952 sunt
3176 3916 3243 3953 ex
3281 3904 3501 3952 vetusto

1864 3976 2056 4026 codice
2092 3976 2437 4039 Remigiano.

1926 4049 2024 4110 (90)
2055 4048 2234 4110 Hujus
2283 4047 2566 4111 Epistolas,
2618 4050 2778 4111 cujus
2830 4047 3003 4110 prima
3056 4045 3222 4096 editio
3270 4044 3503 4095 debetur

1865 4120 2131 4179 Manutio,
2167 4120 2335 4170 habui
2372 4119 2568 4170 decem
2609 4125 2790 4169 vetera
2829 4117 3184 4180 exemplaria.
3226 4116 3503 4165 Pamelius

1863 4190 2059 4239 habuit
2081 4189 2211 4238 duo.
2244 4189 2408 4253 Angli
2439 4190 2656 4239 nullum
2692 4188 3027 4238 habuerunt.

1926 4261 2020 4323 (91)
2074 4262 2332 4322 Successo,
2390 4261 2650 4323 episcopo
2694 4260 2763 4310 ab
2830 4259 3003 4310 Abbir
3058 4258 3502 4318 Germaniciana,

1864 4333 1959 4395 qui
1987 4332 2232 4381 interfuit
2281 4333 2521 4382 concilio
2578 4331 3001 4394 Carthaginensi
3050 4330 3155 4379 sub
3202 4329 3500 4393 Cypriano.

1866 4404 2124 4466 Martyrio
2151 4405 2318 4453 vitam
2350 4404 2539 4453 finisse
2574 4403 2774 4453 docent
2824 4406 2955 4452 Acta
2991 4403 3256 4465 passionis
3284 4405 3505 4451 sancto-

1867 4490 1985 4525 rum
2017 4477 2278 4535 Montani,
2335 4476 2487 4524 Lucii
2550 4480 2603 4524 et
2644 4476 2878 4523 aliorum
2914 4474 3061 4523 edita
3094 4488 3123 4522 a
3173 4473 3340 4523 sociis
3378 4472 3503 4521 Bol-

163 4544 343 4594 Nouius
388 4534 681 4595 Marcellus
727 4547 980 4606 :Metari,
1024 4559 1241 4608 parare.
1306 4534 1459 4598 Unde
1506 4550 1558 4595 et
1609 4534 2138 4604 meta-Dlandianis
2167 4551 2222 4597 et
2247 4547 2590 4596 Theoderico
2617 4547 2904 4596 Ruinarto.

164 4620 288 4663 tores.
353 4617 601 4665 Praefatio
652 4615 800 4666 Celsi
862 4618 918 4663 in
966 4617 1368 4667 Alter-cntionem
1440 4618 1658 4666 Jasonis
1710 4620 1764 4665 et

165 4686 349 4749 Papisci
408 4704 418 4735 :
481 4706 510 4732 «
561 4688 968 4751 Frequentatur
1022 4690 1233 4753 ubique
1307 4694 1398 4739 aut
1450 4691 1766 4740 manifestat

164 4759 480 4821 proplietatio
533 4764 861 4809 cunctorum
911 4761 1005 4824 qui
1050 4766 1242 4811 sancto
1291 4761 1501 4823 Spiritu
1537 4774 1765 4823 praemo-

165 4835 303 4879 nente
352 4831 623 4880 adventus
658 4830 879 4879 Domini
921 4834 1227 4880 metatores
1243 4844 1363 4881 esse
1393 4831 1539 4881 soliti
1567 4838 1712 4879 sunt.
1738 4849 1764 4873 »

168 4898 325 4950 Victor
374 4902 638 4962 Vitensis,
684 4901 780 4949 lib.
828 4914 884 4959 v,
942 4914 1058 4965 cap.
1115 4903 1170 4951 l2
1221 4917 1231 4949 :
1290 4920 1316 4947 «
1352 4902 1451 4953 Vel
1504 4914 1765 4966 superare

166 4980 318 5032 posset
361 4988 507 5037 aqua
560 4972 798 5022 mendax
852 4977 1019 5022 tantas
1064 4974 1365 5023 voluntatis
1403 4976 1764 5037 propositum,

166 5043 423 5106 quodjam
476 5044 643 5093 homo
699 5044 799 5093 Dei
848 5044 1183 5093 metantibus
1231 5046 1490 5109 lacrymis
1544 5047 1767 5095 miserat

166 5112 375 5176 legatum
405 5116 461 5164 in
497 5116 771 5166 castum.»
826 5115 999 5165 Iidem
1053 5122 1319 5167 vocantur
1371 5130 1653 5167 mensores
1710 5118 1764 5165 in

165 5183 299 5233 titulo
329 5187 549 5236 Codicis
592 5184 966 5235 Theodosiani
1007 5186 1069 5234 de
1112 5187 1335 5236 Metatis.
1386 5188 1682 5247 Lucianns,
1712 5188 1764 5235 in

165 5252 379 5315 Epistola
404 5257 477 5305 ad
512 5257 823 5318 Celerinum,
877 5270 996 5319 pag.
1036 5258 1117 5316 50,
1168 5263 1327 5308 vocat
1370 5259 1602 5308 Decium
1643 5272 1768 5307 Ine-

166 5327 365 5377 latorem
429 5328 771 5378 Antichristi.
833 5327 1012 5389 Quem
1069 5329 1253 5379 locum
1310 5330 1453 5380 male
1498 5329 1767 5391 Rigaltins

170 5399 416 5449 transtulit
436 5399 505 5449 ad
534 5405 705 5449 artem
745 5400 1132 5463 agricolarum,
1167 5405 1431 5465 tanquam
1475 5402 1519 5450 si
1564 5400 1768 5450 Lucia-

168 5477 255 5535 nus
280 5469 347 5518 ita
379 5472 628 5521 scribens
658 5472 993 5535 respexisset
1028 5473 1092 5521 ad
1141 5473 1343 5522 lineam
1388 5475 1503 5522 sive
1546 5473 1766 5521 funicu-

168 5534 263 5608 lum
309 5543 587 5591 metatoris
638 5534 862 5592 arbores
920 5556 1048 5592 suas
1104 5544 1470 5607 disponentis.
1529 5543 1765 5608 (Veget.,

172 5605 306 5656 Insul.
338 5614 412 5659 rei
442 5612 575 5673 mil,
607 5628 661 5673 ιι,
690 5615 718 5661 7
759 5629 768 5660 :
820 5613 1111 5665 Metatores
1163 5605 1443 5673 dicuntur,
1491 5616 1586 5677 qui
1634 5605 1769 5677 pras-

172 5678 395 5729 cedentes
421 5684 606 5733 locum
642 5686 834 5734 castris
872 5684 1135 5735 idoneum
1175 5686 1403 5749 eligunt.
1452 5685 1768 5747 GOLDAS'I‘.)

221 5754 302 5811 88)
347 5755 625 5804 Ληιεςειιὶι.
717 5756 942 5805 Certum
1015 5763 1095 5807 est
1160 5762 1456 5806 luctatores
1544 5762 1770 5805 vocatos

174 5818 312 5874 fuisse
342 5830 734 5890 antecessores,
769 5828 909 5891 “,quia
950 5827 1286 5881 antecedunt
1334 5829 1537 5880 milites
1585 5831 1643 5878 ut
1689 5828 1769 5879 eis

1929 4618 2022 4680 (92)
2055 4618 2153 4667 Illa
2196 4632 2279 4666 res
2326 4617 2458 4678 fecit.
2510 4615 2602 4665 Sic
2657 4616 2952 4677 legendum
2998 4615 3145 4678 apud
3194 4614 3500 4673 Ruricium,

1865 4687 1961 4737 lib.
2007 4700 2061 4747 ιι,
2109 4688 2265 4750 epist.
2322 4688 2397 4736 14.
2463 4687 2625 4749 Apud
2673 4686 2979 4735 Caesarium
3028 4686 3405 4735 Arelatensem
3446 4684 3502 4731 in

1866 4759 2260 4809 Exhortatione
2295 4759 2361 4807 ad
2390 4758 2714 4808 charitatem
2757 4772 2820 4805 πα
2855 4757 2955 4806 Illa
3000 4757 3084 4808 vel
3138 4758 3379 4805 maxime
3418 4768 3503 4803 res

1866 4830 2011 4880 facit.
2045 4848 2070 4874 ››

1930 4902 2022 4961 (93)
2076 4900 2282 4950 Clerici.
2339 4901 2440 4949 Per
2497 4913 2637 4962 quos
2695 4899 2834 4948 mitti
2901 4902 3301 4949 consueverant
3388 4898 3505 4961 epi-

1866 4972 2022 5022 stolm
2048 4972 2466 5030 ecclesiasticae,
2506 4975 2567 5019 ut
2609 4971 2700 5019 alii
2743 4968 3268 5031 animadverterunt,
3294 4972 3344 5018 et
3372 4970 3506 5018 satis

1866 5046 2058 5092 notum
2100 5047 2180 5092 est
2230 5043 2315 5092 vel
2355 5056 2423 5091 ex
2462 5043 2628 5091 unico
2682 5041 2976 5104 Cypriano.
3020 5041 3392 5103 Hieronymus
3448 5042 3504 5089 in

1866 5114 2160 5177 Epitaphio
2209 5114 2393 5163 Paulm
2435 5128 2445 5160 :
2494 5131 2520 5157 «
2575 5113 2717 5162 Misit
2754 5112 2850 5161 tibi
2892 5126 2988 5175 per
3029 5112 3293 5161 clericum
3340 5124 3505 5161 suum

1868 5186 2172 5249 epistolam.
2201 5200 2228 5231 ς)

1932 5258 2023 5318 (94)
2070 5256 2171 5307 Sub
2225 5256 2331 5304 ictu
2380 5256 2581 5321 agonis.
2633 5257 2766 5304 Acta
2825 5258 3141 5304 sanctorum
3196 5257 3504 5317 martyrum

1868 5340 1995 5391 quae
2048 5340 2175 5375 mox
2230 5326 2527 5375 citavimus
2562 5341 2572 5373 :
2603 5346 2628 5370 «
2674 5326 2900 5387 Negavit
2962 5336 3083 5374 esse
3129 5324 3183 5372 in
3235 5324 3511 5388 passionis

1870 5400 1981 5449 ictu
2013 5398 2276 5448 dolorem.
2309 5414 2339 5444 »
2376 5397 2516 5447 Vide
2545 5410 2670 5460 quae
2720 5396 2865 5443 dicta
2907 5400 3037 5444 sunt
3069 5408 3236 5458 supra
3282 5395 3350 5443 ad
3397 5394 3510 5455 epi-

1868 5471 2065 5520 stolam
2092 5470 2171 5530 26,
2196 5486 2223 5517 α
2255 5470 2314 5518 Ιιι
2338 5470 2457 5532 ipso
2485 5469 2729 5522 interitu,
2753 5484 2778 5509 ν
2807 5480 2928 5528 pag.
2962 5466 3069 5515 412.

1930 5544 2027 5602 (95)
2062 5541 2251 5591 Parati
2294 5553 2487 5589 omnes.
2549 5538 2731 5587 Editio
2790 5536 3109 5586 Morelliana
3164 5540 3220 5585 et
3263 5536 3513 5597 quinque

1868 5614 1995 5665 libri
2022 5617 2232 5663 veteres
2262 5626 2271 5658 :
2302 5630 2329 5657 α
2358 5611 2531 5661 Parati
2578 5622 2769 5659 omnes
2805 5622 2903 5673 pro
2950 5608 3285 5658 animatione
3333 5606 3518 5655 divina

1870 5690 1924 5735 et
1954 5684 2167 5736 cmlesti
2198 5696 2423 5734 corona.
2452 5700 2478 5725 υ

1934 5756 2032 5818 (96)
2076 5756 2432 5805 Valerianum.
2488 5752 2628 5804 Vide
2679 5756 2838 5802 notas
2888 5752 3112 5799 nostras
3162 5747 3226 5797 ad
3280 5748 3454 5809 caput
3491 5748 3525 5799 ὃ

1871 5828 2143 5883 Lactantii
2171 5828 2231 5877 tle
2262 5828 2521 5881 Mortibus
2556 5826 2975 5875 Persecutorum.
