3978 6194
490 287 589 343 443

484 411 656 465 etiam
685 409 849 465 bonis
875 409 1196 481 spolientur
1220 428 1237 475 ;
1270 414 1344 478 et,
1370 409 1416 462 si
1439 407 1717 478 ademptis
1744 407 2108 462 facultatibus

1387 287 1441 341 S.
1482 286 1793 342 CYPRIANI
1834 285 2105 340 OPERUM
2148 284 2320 338 PARS
2359 285 2403 336 Ι.
2444 310 2512 322 -
2551 282 2917 337 EPISTOLIE.

3717 280 3810 334 444

2209 410 2286 472 te,
2315 405 2492 459 frater
2529 404 2877 473 charissime,
2915 417 3146 475 semper
3187 401 3246 456 in
3286 401 3522 456 Domino
3551 401 3687 457 bene
3725 419 3808 458 va-

483 505 789 558 Christiani
855 521 976 560 esse
1040 502 1569 575 perseveraverint,
1637 502 1817 572 capite
1883 498 2188 572 quoque“
2209 498 2353 552 lere.

483 599 828 652 mulctentur
876 600 1026 668 (9‘7);
1075 603 1351 652 matronae
1399 613 1556 665 vero,
1597 595 1878 666 ademptis
1921 595 2106 659 bonis,

479 691 540 744 in
571 691 828 745 exsilium
872 693 1237 762 relegantur;
1283 690 1584 746 Caesariani
1619 695 1807 744 autem
1846 689 2105 760 quicum-

481 799 590 853 que
637 785 723 838 vel
768 784 926 855 prius
971 784 1212 838 confessi
1260 785 1487 838 fuerant
1527 785 1612 837 vel
1665 799 1816 836 nunc
1868 781 2107 837 confessi

477 876 716 943 fuerint,
761 878 1139 931 confiscentur
1176 881 1232 931 et
1270 877 1437 932 vincti
1478 877 1537 930 in
1587 877 1925 933 Caesarianas
1973 892 2104 946 pos-

479 971 756 1024 sessiones
819 971 1086 1041 descripti
1132 972 1176 1006 ⁹¹
1247 971 1564 1025 mittantur.
1631 971 1877 1041 Subjecit
1938 971 2105 1024 etiam

478 1063 804 1117 Valerianus
843 1064 1157 1134 imperator
1182 1065 1422 1118 orationi
1459 1080 1574 1118 suae
1603 1065 1924 1134 exemplum
1956 1065 2103 1119 litte-

477 1173 676 1211 rarum
726 1173 867 1228 quas
917 1158 985 1212 ad
1045 1158 1307 1227 prmsides
1363 1158 1784 1228 provinciarum
1832 1158 1900 1212 de
1946 1158 2104 1212 nobis

476 1250 612 1305 fecit
641 1267 654 1304 :
687 1267 826 1320 quas
852 1251 1066 1305 litteras
1091 1251 1343 1321 quotidie
1381 1267 1673 1321 speramus
1703 1252 1914 1318 venire,
1945 1255 2100 1305 stan-

479 1348 561 1398 tes
587 1343 896 1398 secundum
925 1344 1055 1398 ﬁdei
1088 1344 1418 1398 ﬁrmitatem
1446 1345 1513 1398 ad
1546 1345 1822 1415 passionis
1854 1346 2102 1399 toleran-

476 1437 632 1505 tiam,
657 1441 713 1490 et
740 1443 1124 1506 exspectantes
1157 1437 1226 1491 de
1254 1454 1358 1508 ope
1409 1441 1466 1490 et
1491 1437 1849 1508 indulgentia
1878 1438 2104 1492 Domini

478 1531 608 1584 vitm
639 1536 866 1584 aeternas
894 1547 1186 1585 coronam.
1218 1531 1429 1585 Xistum
1465 1532 1573 1602 (98)
1621 1535 1813 1586 autem
1844 1533 1900 1586 in
1943 1532 2101 1586 cimi-

476 1623 623 1677 terio
654 1624 1111 1678 animadversum
1142 1625 1331 1679 sciatis
1365 1632 1560 1681 octavo
1587 1626 1793 1681 Iduum
1839 1625 1947 1695 (99)
1988 1629 2098 1680 Au-

477 1722 773 1786 gustarum
817 1718 928 1784 die,
960 1724 1016 1772 et
1054 1735 1185 1773 cum
1227 1735 1290 1772 eo
1331 1720 1587 1774 diaconos
1629 1726 1874 1790 quatuor
1903 1720 1950 1754 9’
2003 1721 2098 1790 (1).

2707 577 3028 633 EPISTOLA
3061 577 3318 632 LXXXIII.

2209 688 2444 750 (Pamel.,
2485 688 2688 750 Rigalt.,
2724 689 2912 748 Baluz.,
2953 698 3186 748 Lxxxm;
3232 684 3614 746 Paris.,t.xxx1;
3641 685 3812 747 Oxon,

2837 758 2995 822 Lips.,
3020 761 3216 810 LXXXI.)

2209 880 2276 918 AD
2316 879 2527 919 CLERUI
2567 880 2630 917 ET
2669 879 2895 930 PLEBEM,
2939 881 3005 917 DE
3055 877 3157 918 SUO
3207 877 3447 926 SECESSU,
3489 876 3655 916 PAULO
3689 876 3813 915 ANTE

2861 968 3082 1008 PASSION
3091 969 3158 1008 ΕΜ
3167 994 3178 1005 .

2207 1071 2601 1125 Aacuusuruu.
2635 1101 2702 1110 —-
2743 1071 2875 1125 Cum
2906 1069 3048 1138 jam,
3089 1070 3185 1123 sub
3230 1072 3386 1136 finem
3421 1069 3568 1128 vita,
3601 1066 3670 1119 ad
3709 1067 3814 1119 hor-

2278 1164 2355 1214 tos
2402 1175 2523 1214 suos
2562 1175 2768 1214 reverso
2810 1159 3086 1228 Cypriane
3129 1160 3477 1212 nuntiaretur
3517 1158 3694 1210 missos
3719 1170 3816 1210 esse

2277 1250 2374 1316 qui
2401 1263 2455 1303 se
2490 1250 2698 1301 Uticam
2724 1247 2798 1301 ad
2823 1248 3151 1316 supplicium
3175 1248 3574 1316 pertraherent,
3604 1245 3811 1298 secessit.

2276 1339 2355 1394 Ne
2407 1352 2530 1390 vero
2583 1341 2726 1390 metu
2777 1339 2968 1390 mortis
3021 1337 3081 1389 id
3132 1338 3320 1402 fecisse
3367 1334 3686 1398 crederetur,
3727 1333 3816 1386 hac

2278 1425 2506 1493 epistola
2531 1439 2745 1478 causam
2783 1424 2984 1486 reddit,
3029 1430 3092 1478 ut
3134 1439 3320 1492 nempe
3359 1438 3467 1477 non
3502 1422 3635 1475 alibi
3665 1437 3814 1489 quam

2278 1516 2622 1581 Carthagine,
2653 1516 2707 1568 in
2735 1519 3022 1584 conspectu
3065 1529 3301 1574 suorum,
3331 1513 3651 1580 martyrium
3675 1510 3810 1565 subi-

2273 1610 2374 1659 ret.

2273 1723 2313 1774 Ι.
2361 1720 2672 1791 Cyprianus
2718 1720 3058 1791 presbyteris
3103 1723 3159 1773 et
3193 1718 3528 1773 diaconibus
3569 1721 3624 1772 et
3673 1716 3810 1787 plebi

473 1785 576 1864 Sed
608 1816 662 1864 et
691 1811 822 1865 huic
849 1812 1226 1882 persecutioni
1267 1813 1518 1883 quotidie
1553 1785 1820 1868 insistunt
1848 1785 2177 1884 praefecti};
2205 1785 2477 1868 universas
2526 1785 2790 1868 salutem.
2833 1785 2974 1868 cum
3021 1814 3306 1884 perlatum
3352 1813 3424 1867 ad
3471 1828 3572 1865 nos
3614 1785 3808 1878 fuisset,

472 1903 529 1956 in
557 1904 740 1972 Urbe;
770 1907 854 1972 ut,
903 1905 949 1958 si
988 1906 1085 1976 qui
1127 1905 1231 1959 sibi
1268 1906 1436 1961 oblati
1483 1907 1715 1975 fuerint,
1744 1907 2098 1962 animadver-

473 2000 684 2058 tantur,
719 2002 776 2050 et
805 1998 950 2051 bona
981 2015 1180 2052 eorum
1213 2000 1347 2054 tisco
1375 1999 1752 2054 vindicentur.

545 2091 610 2143 ll.
648 2090 772 2143 Haec
816 2096 949 2160 peto
993 2108 1094 2162 per
1122 2108 1217 2146 vos
1260 2097 1316 2147 et
1359 2093 1580 2146 caeteris
1623 2093 1858 2162 collegis
1894 2094 2102 2147 nostris

471 2183 845 2252 innotescant,
879 2190 937 2237 ut
966 2185 1173 2256 ubique
1204 2185 1428 2240 hortatu
1460 2202 1664 2240 eorum
1690 2187 1867 2256 possit
1894 2187 2100 2240 frater-

472 2276 619 2329 nitas
649 2277 1008 2332 corroborari
1035 2283 1090 2332 et
1135 2279 1206 2333 ad
1249 2295 1496 2350 agonem
1540 2280 1854 2350 spiritalem
1885 2296 2101 2350 praepa-

471 2370 606 2431 rari.
641 2374 703 2424 ut
729 2370 935 2442 singuli
965 2389 1030 2426 ex
1067 2373 1273 2427 nostris
1311 2389 1424 2426 non
1462 2373 1644 2443 magis
1669 2377 1918 2428 mortem
1946 2374 2099 2444 cogi-

469 2466 592 2516 tent
639 2481 808 2534 quam
841 2465 1352 2535 immortalitatem,
1385 2473 1457 2534 et,
1504 2467 1672 2537 plana
1717 2467 1828 2521 fide
1873 2483 1936 2520 ac
1987 2471 2103 2521 tota

469 2557 676 2610 virtute
722 2558 966 2613 Domino
1011 2559 1204 2625 dicati,
1252 2561 1541 2630 gaudeant
1584 2561 1768 2632 magis
1813 2577 1986 2630 quam
2026 2561 2098 2614 ti-

469 2656 661 2704 meant
692 2651 748 2705 in
782 2652 886 2706 hac
915 2652 1307 2722 confessione;
1341 2652 1522 2726 431
1565 2653 1622 2707 in
1647 2671 1761 2725 qua
1792 2654 1979 2708 sciunt
2007 2655 2099 2709 Dei

467 2749 525 2798 et
571 2745 778 2799 Christi
824 2745 1033 2801 milites
1081 2763 1195 2801 non
1243 2748 1470 2817 perimi,
1502 2747 1599 2802 sed
1645 2749 1924 2802 coronari.
1958 2749 2101 2818 Opto

2201 1907 2400 1962 fratres
2451 1907 2785 1972 cliarissimi,
2835 1907 3274 1961 commentarios
3322 1906 3398 1975 (2)
3456 1921 3575 1960 esse
3634 1904 3813 1958 missos

2205 2000 2302 2070 qui
2352 2015 2446 2054 me
2487 2000 2708 2055 Uticam
2748 2000 3152 2070 perducerent,
3193 2005 3250 2054 et
3297 1998 3532 2054 consilio
3573 1998 3810 2052 charissi-

2203 2109 2430 2149 morum
2479 2110 2811 2164 persuasum
2857 2097 3006 2147 esset
3051 2098 3114 2146 ut
3161 2093 3229 2147 de
3274 2093 3455 2146 hortis
3502 2090 3702 2146 nostris
3745 2089 3810 2161 (3)

2201 2187 2427 2241 interim
2487 2186 2908 2252 secederemus,
2961 2187 3113 2256 justa
3165 2187 3581 2240 interveniente
3636 2199 3810 2248 causa,

2200 2280 2475 2348 consensi,
2509 2297 2577 2334 eo
2600 2280 2752 2351 quod
2781 2286 3060 2351 congruat
3099 2279 3432 2350 episcopum
3478 2279 3534 2332 in
3579 2294 3644 2332 ea
3688 2276 3809 2330 civi-

2202 2378 2318 2427 tate
2346 2375 2403 2427 in
2438 2389 2546 2444 qua
2578 2373 2840 2428 Ecclesiae
2872 2373 3179 2428 Dominicae
3213 2377 3442 2443 praeest,
3486 2371 3597 2426 illic
3636 2370 3811 2424 Domi-

2201 2484 2339 2522 num
2369 2467 2628 2522 conﬁteri
2657 2474 2712 2522 et
2738 2467 2962 2538 plebem
3005 2467 3331 2520 universam
3364 2464 3652 2536 prmpositi
3689 2479 3814 2534 prte-

2201 2561 2374 2614 sentis
2421 2561 2778 2615 confessione
2841 2561 3159 2615 clariﬁcari.
3215 2560 3626 2630 Quodcumque
3676 2557 3814 2611 enim

2203 2655 2306 2707 sub
2333 2645 2435 2707 illo;
2467 2654 2838 2708 confessionis
2885 2659 3176 2708 momento
3209 2653 3502 2707 confessor
3539 2652 3815 2722 episcopus

2200 2747 2470 2817 loquitur,
2500 2748 2783 2818 aspirante
2813 2748 2944 2817 Deo,
2973 2764 3072 2802 ore
3101 2747 3367 2802 omnium
3417 2746 3680 2818 loquitur.
3707 2749 3810 2800 Ca:-

1856 2859 2064 2922 Variaa
2107 2859 2445 2922 lectiones.

533 2965 572 2996 °'
602 2965 660 3014 Et
691 2966 878 3030 scripti
918 2969 1029 3016 Ver.
1096 2966 1138 3000 οι
1169 2967 1379 3031 Quarto
1425 2969 1533 3017 Ver.
1565 2968 1709 3019 Cum
1739 2968 1932 3019 eodem
1961 2971 2222 3030 quartum
2256 2967 2411 3015 Oxon.

1749 3073 1975 3154 Steph.
2023 3071 2271 3134 Baluzii
2317 3076 2506 3132 notae.

527 3182 625 3242 (97)
653 3181 988 3232 Mulctentur.
1021 3183 1154 3233 Tres
1182 3183 1307 3232 libri
1353 3188 1566 3234 veteres
1601 3183 1808 3233 habent
1858 3182 2100 3245 punian—

471 3257 578 3310 tur,
611 3252 720 3302 duo
749 3253 1069 3314 plectantur.

528 3326 624 3385 (98)
677 3326 896 3374 Xistum.

468 3395 727 3457 Cypriani
759 3411 768 3442 :
802 3413 830 3441 «
858 3397 983 3445 Jam
1013 3395 1080 3446 de
1115 3399 1275 3448 Xisto
1303 3397 1448 3447 bono
1475 3402 1530 3448 et
1557 3397 1788 3460 paciﬁco
1815 3397 2104 3448 sacerdote

466 3479 531 3515 ac
561 3470 846 3529 propterea
903 3467 1226 3518 beatissimo
1270 3473 1510 3533 martyre
1555 3468 1623 3518 ab
1676 3468 1823 3518 Urbe
1873 3471 2105 3516 nuntius

466 3545 770 3590 venerat.»
819 3541 960 3592 Vide
1007 3543 1252 3593 Annales
1313 3543 1677 3606 Cyprianicos
1735 3549 1787 3593 et
1842 3543 2102 3593 disserta-

467 3613 676 3662 tionem
715 3626 775 3664 x1
829 3611 1216 3678 Cyprianicam
1267 3615 1556 3665 Dodwelli.
1607 3614 1983 3678 Hieronymus
2045 3617 2098 3664 in

466 3682 712 3747 Epistola
790 3685 861 3734 ad
929 3684 1308 3750 Ctesiphontem
1391 3686 1655 3736 adversus
1734 3686 2098 3748 Pelagianos:

465 3771 495 3801 «
527 3754 801 3816 Evagrius
841 3756 1100 3806 Ponticus
1141 3757 1396 3808 confudit
1428 3757 1649 3806 Xistum
1693 3755 2100 3820 Pythagoreum

465 3839 593 3875 cum
645 3825 798 3876 Sixto
849 3832 1090 3890 martyre
1145 3833 1201 3879 et
1251 3830 1512 3892 episcopo
1586 3829 1850 3878 Romanae
1899 3827 2100 3878 Eccle-

465 3910 576 3946 ειω.
603 3914 632 3944 >>
1399 3925 1402 3927 λ

522 3970 622 4030 (99)
681 3971 871 4021 Octavo
927 3973 1130 4022 Iduum.
1163 3973 1426 4036 Quinque
1478 3973 1603 4023 libri
1636 3975 1850 4022 veteres
1895 3971 2098 4035 praefe—

462 4046 592 4090 runt
621 4042 824 4105 quinto.
861 4043 970 4094 Sed
990 4045 1046 4094 in
1079 4045 1485 4110 martyrologiis
1505 4045 1771 4108 scriptum
1799 4048 1881 4094 est
1899 4048 2095 4104 octavo,

463 4113 518 4160 in
547 4112 728 4162 Gestis
757 4115 1168 4177 pontiﬁcalibus
1193 4121 1359 4166 sexto.

526 4185 588 4244 (1)
639 4186 892 4235 Diacones
937 4191 1186 4250 quatuor.
1243 4187 1370 4236 Scio
1419 4186 1543 4236 istic
1596 4187 1703 4249 legi
1756 4187 1812 4235 in
1870 4185 2095 4250 quibus-

462 4253 588 4303 dam
615 4257 897 4307 veteribus
939 4256 1093 4306 libris
1127 4263 1181 4307 et
1224 4258 1280 4307 in
1321 4258 1714 4321 posterioribus
1757 4257 2096 4308 editionibus

462 4329 513 4374 et
567 4340 678 4376 cum
722 4328 896 4378 eodem
935 4329 1207 4389 Quartum.
1247 4332 1318 4380 At
1375 4343 1476 4392 ego
1525 4330 1758 4392 praefero
1798 4329 2095 4377 lectionem

462 4397 692 4448 Manutii
728 4404 783 4449 et
817 4400 1068 4459 Morellii,
1109 4406 1165 4451 et
1197 4407 1330 4465 puto
1372 4407 1621 4451 veterum
1668 4400 1934 4450 librorum
1981 4401 2093 4449 lec-

461 4469 668 4518 tionem
710 4472 804 4535 qui
859 4471 1067 4522 habent
1123 4476 1386 4536 Quartum
1435 4479 1610 4522 ortam
1663 4484 1784 4523 esse
1816 4485 1882 4520 ex
1927 4485 2092 4534 prava

459 4540 697 4592 lectione
745 4542 910 4605 hujus
953 4543 1060 4594 loci
1105 4544 1439 4608 Cyprianici.
1498 4545 1663 4594 Error
1713 4547 1900 4593 autem
1941 4549 2094 4592 ortus

462 4617 566 4672 est,
597 4617 657 4663 ut
687 4616 900 4678 opinor,
933 4629 1001 4665 ex
1038 4630 1103 4667 eo
1152 4616 1302 4681 quod
1346 4618 1401 4666 in
1455 4615 1694 4680 quodam
1741 4614 1880 4665 libro
1929 4615 2095 4664 veteri

462 4685 725 4748 scriptum
754 4691 869 4737 erat
898 4689 953 4737 in
987 4688 1316 4752 compendio
1363 4692 1410 4736 et
1441 4700 1552 4735 cum
1589 4699 1647 4735 eo
1695 4685 1744 4734 ά.
1792 4699 1870 4742 iv,
1898 4699 2095 4748 quem-

462 4756 764 4806 admodum
819 4772 922 4821 ego
983 4773 1207 4823 quoque
1255 4759 1365 4808 vidi
1412 4758 1678 4820 scriptum
1733 4770 1808 4817 ιν,
1871 4757 1927 4804 in
1981 4770 2094 4806 uno

464 4829 633 4878 veteri
682 4829 841 4878 libro.
891 4830 976 4879 Ex
1011 4844 1124 4894 quo
1165 4832 1464 4894 sequentes
1513 4828 1719 4878 librarii
1770 4829 2018 4879 fecerunt
2049 4834 2096 4878 et

461 4914 573 4948 cum
603 4901 779 4951 eodem
827 4902 1104 4962 Quartum.
1136 4902 1270 4951 Nam
1315 4903 1445 4949 sunt
1490 4899 1660 4964 aliqui
1715 4899 1840 4949 libri
1881 4905 2095 4949 veteres

460 4972 556 5034 qui
610 4971 816 5020 habent
852 4975 1065 5021 tantum
1113 4977 1160 5021 et
1209 4984 1324 5020 cum
1368 4969 1543 5020 eodem
1592 4976 1842 5034 quatuor,
1889 4971 2093 5020 omissa

458 5057 595 5093 voce
643 5044 902 5094 diacones.
957 5042 1183 5094 Certum
1257 5046 1342 5094 est
1411 5055 1571 5104 porro
1629 5041 1841 5090 nullam
1899 5041 2094 5104 Quarti

461 5117 803 5163 mentionem
857 5114 987 5164 alibi
1043 5114 1264 5177 reperiri
1317 5127 1485 5177 quam
1553 5113 1698 5176 apud
1773 5114 2095 5176 martyrolo-

462 5200 579 5248 gos,
612 5187 707 5249 qui
746 5186 917 5235 citant
960 5185 1248 5248 epistolam
1300 5184 1579 5247 Cypriani.
1611 5184 1838 5234 Certum
1869 5199 2094 5247 quoque

461 5261 544 5305 est
583 5255 989 5306 Felicissimum
1045 5262 1100 5305 et
1131 5257 1425 5318 Agapitum
1474 5255 1741 5305 diaconos
1793 5255 2095 5305 decollatos

459 5327 632 5375 fuisse
678 5340 807 5377 cum
855 5327 1032 5378 Xisto.
1091 5327 1276 5389 Quare
1329 5330 1459 5389 puto
1515 5327 1706 5375 falsam
1756 5339 1874 5376 esse
1921 5327 2096 5375 anim-

460 5397 846 5459 adversionem
900 5398 1128 5448 Pamelii
1203 5399 1480 5448 censentis
1555 5397 1712 5447 nullo
1763 5397 1928 5447 modo
2005 5397 2097 5446 de-

460 5469 610 5519 fendi
637 5483 799 5532 posse
834 5471 1130 5520 lectionem
1159 5469 1391 5519 Manutii
1414 5474 1466 5518 et
1497 5469 1748 5518 Morellii.
1794 5467 1938 5519 Sane
1970 5469 2094 5518 istic

461 5545 964 5590 commemorantur
1009 5545 1246 5605 quatuor
1285 5539 1503 5590 diaconi
1549 5554 1678 5589 cum
1729 5540 1884 5588 Xisto
1926 5541 2092 5601 passi.

459 5611 529 5660 Et
567 5614 751 5660 tamen
797 5611 907 5662 duo
957 5615 1167 5662 tantum
1226 5626 1353 5662 cum
1408 5624 1474 5660 eo
1527 5611 1779 5661 decollati
1835 5612 2095 5660 dicuntur

460 5681 515 5730 in
569 5682 718 5731 Actis
763 5685 901 5744 ejus.
964 5683 1023 5732 In
1076 5682 1260 5734 Gestis
1307 5697 1434 5732 vero
1485 5682 1919 5746 pontiﬁcalibus,
1969 5695 2095 5744 qua:

460 5754 698 5802 citantur
735 5755 902 5803 etiam
954 5756 1010 5803 in
1059 5755 1302 5818 antiquis
1341 5753 1764 5817 Martyr010giis,
1825 5753 2094 5815 scriptum

459 5831 538 5876 est
570 5838 666 5878 sex
697 5839 826 5878 cum
871 5826 966 5878 illo
1018 5839 1208 5891 passos
1247 5839 1384 5878 esse.
1433 5825 1542 5879 Sed
1587 5826 1691 5878 ista
1732 5824 2096 5891 repugnantia

981 3327 1207 3376 Pontius
1268 3327 1554 3386 diaconus,
1631 3329 1685 3376 in
1749 3328 1860 3375 Vita
1936 3330 2107 3377 sancti

2206 3179 2418 3228 nullius
2451 3182 2532 3228 est
2572 3180 2853 3229 momenti.
2887 3180 3268 3229 Felicissimus
3303 3182 3360 3228 et
3391 3180 3655 3242 Agapitus
3695 3187 3818 3224 mor-

2127 3217 2180 3289 Ο
2209 3256 2318 3300 tem
2360 3250 2618 3299 obierunt
2677 3264 2805 3300 cum
2853 3251 3028 3312 Xisto,
3075 3251 3270 3313 reliqui
3321 3217 3606 3313 aliqﬁoxex
3643 3246 3818 3296 diebus

2207 3321 2588 3383 sequentibus.

2271 3392 2333 3451 (2)
2385 3392 2818 3441 Commentarios.
2866 3392 3166 3452 Manutius,
3211 3392 3299 3441 cui
3357 3392 3533 3455 prima
3585 3388 3818 3452 Epistola

2207 3465 2366 3513 istius
2411 3465 2580 3514 editio
2629 3465 2880 3525 debetur,
2931 3470 2984 3515 et
3038 3466 3320 3516 Morellius
3374 3467 3671 3530 posuerunt
3715 3461 3816 3522 [ru-

2204 3540 2536 3601 mentarios;
2605 3552 2775 3602 quam
2833 3539 3131 3590 lectionem
3177 3540 3400 3603 praefert
3445 3541 3610 3588 etiam
3660 3534 3816 3588 codex

2207 3609 2496 3661 Remensis
2521 3610 2697 3660 sancti
2729 3610 2997 3673 Dionysii.
3033 3612 3239 3660 Omnes
3277 3611 3370 3660 alii
3417 3615 3468 3660 et
3497 3609 3606 3659 duo
3629 3606 3816 3658 laudati

2202 3695 2233 3730 a
2284 3681 2528 3731 Pamelio
2578 3680 2788 3730 habent
2855 3682 3275 3731 commentarios.
3328 3683 3495 3731 Istam
3546 3681 3812 3730 lectionem

2202 3753 2308 3802 sibi
2340 3753 2516 3816 magis
2561 3752 2780 3816 probari
2831 3752 2969 3802 dixit
3007 3754 3303 3814 Pamelius,
3349 3759 3403 3804 et
3446 3758 3626 3802 tamen
3660 3747 3814 3799 edidit

2199 3823 2600 3887 frumentarios.
2657 3823 3054 3874 Commentarii
3125 3826 3242 3875 sive
3287 3823 3810 3876 commentarienses,

2201 3909 2439 3959 quorum
2488 3895 2660 3944 multa
2689 3896 2898 3945 mentio
2946 3895 3000 3944 in
3042 3895 3248 3946 Codice
3297 3895 3698 3952 Theodosiano,
3727 3889 3811 3938 ubi

2199 3971 2467 4016 vocantur
2496 3966 2843 4029 nequissimi,
2883 3966 2920 4014 ii
2969 3971 3143 4026 erant,
3181 3971 3238 4017 ut
3287 3969 3363 4016 ait
3401 3966 3586 4016 Julius
3634 3963 3807 4013 Firmi-

2200 4051 2300 4087 cus
2332 4038 2386 4086 in
2417 4036 2558 4086 libro
2605 4037 2669 4086 de
2715 4037 3046 4087 Institutione
3087 4037 3396 4099 Matheseos,
3446 4036 3644 4102 quibus
3671 4033 3807 4082 dam-

2198 4114 2456 4159 natorum
2499 4120 2632 4158 cura
2668 4109 3137 4172 committebatur,
3183 4110 3269 4160 vel
3315 4121 3596 4159 carcerum
3643 4107 3807 4156 custo-

2197 4179 2311 4241 des,
2371 4193 2511 4244 quos
2564 4193 2665 4230 nos
2718 4193 2982 4230 vocamus
3057 4180 3358 4242 geolarios,
3435 4178 3662 4242 geoliers.
3729 4173 3808 4224 Sic

2198 4251 2345 4300 enim
2393 4256 2539 4301 recte
2591 4251 2943 4314 explicantur
3016 4252 3072 4300 in
3127 4253 3283 4300 Actis
3339 4251 3501 4314 primi
3553 4251 3806 4313 ingressus

2195 4321 2426 4371 Joannis
2456 4321 2763 4382 d’Orléans,
2795 4322 3036 4385 episCOpi
3074 4322 3509 4380 Aurelianensis,
3539 4321 3592 4369 in
3632 4317 3805 4366 urbem

2195 4407 2353 4442 suam
2385 4407 2530 4442 anno
2557 4394 2718 4444 1522:
2757 4411 2785 4442 α
2830 4393 3198 4458 Episcopatus
3247 4391 3660 4444 Aurelianensis
3701 4401 3802 4438 car-

2196 4478 2386 4514 cerum
2427 4464 2970 4514 'commentarienses
3021 4466 3139 4515 sive
3190 4465 3478 4529 geolarios.
3539 4481 3565 4508 »
3609 4459 3804 4514 Iisdem,

2197 4539 2256 4584 ut
2286 4536 2361 4584 ait
2391 4535 2539 4584 idem
2598 4535 2890 4591 Firmicus,
2926 4535 3279 4599 publicarum
3330 4540 3646 4586 catenarum
3693 4542 3805 4580 cura

2198 4606 2665 4667 demandabatur;
2718 4607 2786 4656 de
2833 4607 3038 4670 quibus
3091 4606 3215 4656 vide
3267 4608 3431 4656 etiam
3488 4604 3805 4656 Ludovicum

2197 4678 2432 4728 Caelium
2483 4677 2855 4742 Rhodiginum
2904 4677 2998 4727 lib.
3050 4691 3132 4737 IX,
3180 4691 3298 4742 cap.
3363 4679 3442 4728 3t.
3494 4677 3656 4727 Recte
3696 4683 3806 4733 ergo

2195 4749 2509 4812 Cyprianus
2540 4749 2614 4798 ait
2677 4750 2875 4798 missos
2917 4762 3038 4799 esse
3093 4749 3520 4799 commentarios
3573 4746 3662 4810 qui
3694 4755 3804 4794 eum

2196 4821 2411 4871 Uticam
2469 4820 2852 4884 perducerent.
2911 4819 3081 4870 Iidem
3153 4821 3375 4871 lictores
3439 4821 3698 4870 vocantur
3759 4815 3805 4862 in

2194 4892 2442 4956 Epistola
2472 4893 2799 4954 Hieronymi
2831 4890 2899 4941 de
2938 4891 3169 4940 muliere
3217 4892 3418 4954 septies
3456 4891 3565 4939 icta
3591 4904 3600 4937 :
3628 4905 3655 4936 «
3683 4885 3803 4934 Tur-

2194 4962 2355 5012 batur
2383 4962 2477 5012 tali
2521 4963 2720 5012 nuntio
2751 4961 2884 5011 urbs
2926 4962 3257 5025 propinqua,
3303 4965 3356 5011 et
3408 4964 3519 5010 tota
3571 4959 3805 5008 lictorum

2195 5039 2414 5084 caterva
2461 5034 2814 5096 glomeratur,
2870 5047 2900 5082 e
2957 5033 3162 5097 quibus
3220 5032 3453 5092 medius,
3523 5029 3590 5080 ad
3657 5039 3803 5090 quem

2196 5106 2587 5155 damnatorum
2633 5119 2763 5155 cura
2826 5105 3155 5169 pertinebat,
3200 5116 3562 5167 erumpens,»
3611 5106 3707 5150 etc.
3733 5097 3802 5146 De

2197 5179 2568 5229 frumentariis
2596 5177 2721 5227 vide
2750 5182 2909 5226 notas
2935 5176 3174 5227 Andreae
3201 5176 3413 5226 Schotti
3443 5175 3509 5224 ad
3541 5170 3802 5223 Aurelium

2197 5251 2514 5309 Victorem;
2594 5249 2896 5298 Henricum
2975 5248 3254 5297 Valesium
3330 5247 3397 5296 ad
3480 5244 3674 5294 librum
3737 5251 3801 5293 γι,

2197 5334 2314 5384 cap.
2340 5321 2419 5380 30,
2446 5321 2575 5369 Hist.
2606 5319 2794 5368 Eccles.
2831 5317 3078 5377 Eusebii,
3107 5323 3159 5368 et
3196 5318 3532 5368 Glossarium
3572 5313 3801 5384 Latinum

2198 5377 2415 5454 Ca'ngii.
2458 5391 2583 5440 Alio
2635 5403 2802 5439 sensu
2863 5388 3106 5439 Jacobus
3152 5389 3346 5438 Billius
3377 5388 3430 5436 in
3479 5383 3696 5454 scholiis
3743 5377 3800 5454 ad

2199 5451 2517 5514 Orationem
2548 5459 2800 5524 Gregorii
2827 5460 3158 5510 Nazianzeni
3205 5460 3268 5508 de
3313 5458 3476 5522 Plaga
3518 5451 3800 5506 Grandinis.

2197 5533 2586 5583 frumentarios
2614 5545 2708 5581 eos
2733 5535 2894 5581 vocat
2915 5533 3011 5595 qui
3040 5531 3248 5582 idcirco
3271 5531 3602 5581 frumentum
3630 5524 3802 5577 emunt

2197 5611 2258 5655 ut
2287 5605 2478 5654 tratres
2506 5617 2638 5653 suos
2669 5604 3000 5666 opprimant.
3528 5673 3531 5674 ν
3596 5671 3604 5674 _
3687 5665 3717 5674 υ

2263 5678 2326 5737 (3)
2358 5678 2426 5724 De
2457 5674 2631 5725 hortis
2656 5665 2868 5725 nostris.
2892 5675 3034 5725 Vide
3060 5688 3185 5738 qua:
3210 5673 3278 5726 de
3317 5674 3486 5724 hortis
3521 5671 3634 5721 istis
3672 5665 3801 5715 dicta

2197 5754 2323 5799 sunt
2356 5746 2422 5797 ad
2449 5747 2758 5813 Epistolam
2788 5759 2864 5807 v1,
2892 5759 3015 5812 pag.
3045 5747 3154 5798 393.
