3978 6194
147 218 224 273 445
1334 215 1676 270 ΕΡΙΞΤΟΜΞ

1795 216 1938 271 ΙΒΙΑΞ
1977 217 2166 274 TRES.

3330 219 3430 275 446

145 347 285 396 terum
313 335 649 391 mutilabitur
682 337 863 391 honor
906 336 1155 391 ecclesias
1186 340 1394 392 nostra:
1443 341 1556 392 tam
1590 339 1707 408 glo-
1735 351 1783 422 Α
1809 339 1988 409 pistis,
2019 343 2075 394 et
2123 341 2437 395 secundum
2470 342 2623 414 quod
2665 360 2753 397 me
2799 343 3078 400 tractante
3125 339 3438 413 smpissime

143 434 283 497 riosae,
308 431 465 500 siego
491 429 789 500 episcopus
809 430 1040 485 alterius
1061 429 1309 484 ecclesias
1339 432 1702 502 praepositus,

139 534 318 599 accepta
351 527 490 597 apud
523 527 738 582 Uticam
796 544 965 598 super
1007 527 1360 582 confessione
1403 530 1704 596 sententia,

139 621 297 678 exinde
344 627 548 690 martyr
589 620 663 674 ad
719 621 1025 675 Dominum
1073 620 1414 691 proﬁciscar,
1450 622 1702 691 quando-

136 716 322 786 quidem
346 729 447 784 ego
477 717 533 768 et
561 729 665 783 pro
693 731 784 768 me
829 721 886 768 et
928 730 1035 784 pro
1085 714 1239 768 vobis
1265 714 1420 785 apud
1450 731 1544 769 vos
1570 731 1703 769 con-

136 807 245 862 ﬁteri
273 811 322 860 et
351 806 420 860 ibi
450 806 588 876 pati,
623 813 678 861 et
724 806 929 861 exinde
979 807 1053 861 ad
1091 808 1394 862 Dominum
1427 808 1703 878 proﬁcisci

136 900 440 956 orationibus
489 901 768 954 continuis
821 900 1095 971 deprecer
1135 907 1192 955 et
1237 901 1380 955 votis
1443 902 1706 956 omnibus

133 999 344 1064 exaptem
378 992 566 1067 432
591 997 649 1047 et
675 993 927 1048 debeam.
963 995 1355 1064 Exspectamus
1401 1011 1539 1065 ergo
1591 994 1699 1060 hic,

135 1091 174 1142 in
196 1103 390 1140 secessu
418 1087 611 1140 abdito
653 1087 967 1153 constituti,
1006 1086 1312 1142 adventum
1351 1089 1704 1158 proconsulis

130 1180 486 1250 Carthaginem
517 1181 826 1246 redeuntis,
856 1180 1104 1233 audituri
1131 1181 1199 1234 ab
1234 1197 1302 1235 eo
1345 1181 1482 1251 quid
1515 1182 1702 1252 impe-

131 1281 306 1327 ratores
332 1289 499 1343 super
525 1273 975 1330 Christianorum
1006 1274 1281 1328 laicorum
1312 1282 1368 1329 et
1409 1275 1701 1345 episc0po-

130 1383 225 1419 rum
252 1365 469 1421 nomine
490 1366 902 1434 mandaverint,
931 1369 988 1421 et
1003 1366 1209 1421 dicturi
1231 1367 1383 1438 quod
1407 1369 1477 1422 ad
1498 1369 1702 1424 horam

129 1460 358 1514 Dominus
383 1461 490 1514 dici
531 1460 792 1514 voluerit.

177 1556 234 1608 ll.
263 1555 357 1607 Vos
383 1558 598 1620 autem,
631 1555 834 1608 fratres
883 1553 1219 1621 charissimi,
1268 1571 1367 1625 pro
1407 1555 1703 1626 disciplina

133 1663 265 1717 quam
291 1647 354 1701 de
387 1647 668 1702 mandatis
721 1647 1028 1702 Dominicis
1063 1665 1095 1701 a
1141 1664 1231 1701 me
1266 1663 1496 1718 semper
1539 1665 1700 1703 acce-

1810 432 2102 501 didicistis,
2145 434 2396 505 quietem
2450 443 2505 490 et
2548 437 3020 507 tranquillitatem
3063 440 3272 503 tenete,
3330 453 3438 490 nec

1807 525 2108 597 quisquam
2122 530 2376 581 vestrum
2401 528 2652 599 aliquem
2683 531 2992 584 tumultum
3016 531 3284 584 fratribus
3305 547 3431 584 mo-

1807 625 1960 684 veat,
1990 625 2085 674 aut
2125 621 2276 674 ultro
2327 638 2382 675 se
2422 621 2732 692 gentilibus
2772 623 2990 677 otferat.
3024 624 3436 694 Apprehensus

1807 712 1958 766 enim
1988 719 2042 767 et
2088 713 2329 768 traditus
2379 715 2535 786 loqui
2590 715 2798 782 debet;
2851 715 3131 786 siquidem
3171 718 3230 770 in
3273 717 3436 772 nobis

1805 806 2079 860 Dominus
2106 808 2316 877 positus
2346 808 2443 864 illa
2491 809 2630 862 hora
2675 810 2961 879 loquatur,
2995 810 3094 880 qui
3122 827 3227 864 nos
3255 813 3432 864 conﬁ-

1807 904 1911 958 teri
1932 906 2115 976 magis
2144 906 2321 959 voluit
2346 923 2518 976 quam
2563 907 2812 977 proﬁteri
2840 909 2908 961 ³³.
2941 907 3086 970 Quid
3133 914 3326 962 autem
3364 909 3432 962 de

1806 1002 2008 1052 castero
2053 1015 2154 1052 nos
2209 999 2504 1054 observare
2546 1001 2846 1055 conveniat
2898 1007 3205 1071 antequam
3253 1001 3311 1054 in
3341 1017 3434 1054 me

1805 1091 2157 1146 confessione
2205 1094 2450 1147 nominis
2488 1094 2586 1148 Dei
2631 1095 2928 1164 proconsul
2971 1093 3307 1148 sententiam
3348 1093 3432 1146 fe-

1807 1187 1896 1238 rat
1925 1184 2019 1255 (4),
2053 1185 2369 1240 instruente
2401 1187 2645 1241 Domino
2684 1189 2741 1240 in
2787 1203 3096 1241 commune
3122 1186 3198 1257 (5)
3234 1187 3430 1256 dispo-

1807 1293 2028 1331 nemus.
2061 1279 2384 1333 Incolumes
2415 1297 2527 1346 vos,
2559 1281 2758 1334 fratres
2789 1280 3130 1344 charissimi,
3161 1280 3435 1332 Dominus

1805 1375 2002 1426 noster
2050 1371 2108 1426 in
2148 1373 2392 1427 Ecclesia
2434 1390 2534 1428 sua
2587 1390 2928 1444 permanere
2981 1373 3150 1428 faciat
3197 1379 3252 1426 et
3305 1390 3438 1428 con-

1804 1480 2024 1519 servare
2052 1465 2334 1537 dignetur.
2395 1469 2476 1521 lta
2517 1467 2616 1522 tiat
2647 1467 2722 1536 (6)
2767 1484 2870 1539 per
2906 1483 3065 1520 suam
3107 1466 3430 1522 misericor-

1807 1557 1954 1612 diam
1979 1560 2046 1612 °‘.

182 1761 314 1824 Tres
342 1760 632 1841 epistolae
665 1780 811 1843 quae
841 1766 1213 1844 sequuntur
1246 1762 1417 1824 inter
1455 1763 1759 1843 epistolas
1808 1767 2108 1850 Cypriani
2149 1771 2576 1853 reperiuntur
2608 1772 2672 1833 in
2723 1771 3121 1852 quibusdam
3170 1771 3350 1834 libris

1545 1863 1832 1945 antiquis
1861 1868 1968 1948 (7).

279 1985 522 2024 EPISTOLA
562 1984 809 2024 CORNELII
867 1985 1012 2024 PAPE
1049 1987 1118 2023 AD
1159 1984 1490 2025 CYPRIANUI.

170 2062 457 2116 Dilectionis
495 2067 607 2115 tuae
657 2077 774 2115 non
820 2061 1173 2116 delectabilia
1211 2067 1265 2116 et
1307 2066 1502 2116 contra
1556 2062 1691 2116 ﬁdei

121 2156 328 2225 regulam
380 2156 586 2225 scripta
624 2155 866 2225 suscepi,
899 2156 956 2208 in
998 2155 1204 2226 quibus
1236 2172 1470 2210 nauscas
1498 2172 1694 2227 recog-

121 2249 234 2310 novi,
291 2255 342 2303 et
397 2265 617 2303 venena
661 2265 989 2303 sermonum
1034 2249 1305 2303 adversus
1351 2249 1686 2304 catholicam

120 2359 195 2411 per
215 2345 377 2396 totum
420 2342 621 2397 orbem
667 2342 932 2396 diffusam
984 2343 1284 2397 Ecclesiam
1330 2343 1695 2398 horribilibus

118 2440 202 2490 ate
227 2436 488 2507 superseri
523 2436 748 2490 zizaniis
789 2453 900 2489 non
944 2435 1189 2490 laudavi.
1232 2437 1367 2500 Quae
1418 2442 1546 2507 peto
1599 2454 1693 2491 ve-

118 2530 272 2583 lociter
295 2530 450 2584 tollas
479 2547 549 2584 ac
578 2529 955 2600 praedamnes.
990 2530 1144 2592 Quod
1175 2530 1331 2600 prius
1373 2531 1606 2601 quidem
1637 2538 1691 2585 te

118 2621 258 2676 facere
307 2623 603 2692 oportebat
657 2639 832 2694 quam
884 2622 940 2675 in
997 2623 1211 2677 mundo
1282 2623 1490 2677 lethale
1542 2623 1692 2678 virus

117 2732 354 2784 aspersum
408 2715 756 2787 simplicium
815 2719 870 2769 et
917 2716 1303 2770 innocentium
1347 2716 1693 2772 interﬁceret

116 2812 305 2863 mentes.
348 2811 463 2863 Non
513 2826 648 2880 ergo
695 2809 934 2879 dignum
980 2816 1062 2864 est
1093 2808 1287 2882 433
1321 2810 1686 2880 rebaptizare.

115 2901 222 2969 Ergo
244 2902 451 2956 eradica
485 2908 545 2956 et
573 2902 802 2968 extrica,
840 2908 900 2957 ut
931 2902 1200 2971 diximus,
1229 2902 1546 2956 ﬂorulentis
1569 2920 1689 2956 ser-

115 2994 326 3048 monibus
368 2999 542 3066 atque
595 2995 786 3065 dignis
823 3013 928 3066 per
971 2996 1346 3065 posteriorem
1389 2995 1688 3065 epistolam

114 3088 260 3154 priora
284 3089 509 3159 scripta,
536 3104 664 3158 quae
693 3092 891 3142 contra
916 3089 1245 3142 catholicam
1269 3089 1436 3143 tidem
1468 3105 1690 3143 servare

113 3185 402 3235 censuerunt
444 3181 746 3252 genimina
788 3181 1128 3252 viperarum.
1177 3182 1299 3235 Non
1346 3181 1498 3235 enim
1529 3182 1694 3236 decet

113 3274 240 3326 tantae
269 3275 410 3327 urbis
433 3275 753 3328 antistitem
795 3274 1442 3346 excellentissimumque
1494 3276 1687 3329 docto-

1717 1979 2044 2085 Bservare.
2099 1979 2266 2033 Jubet
2318 1979 2565 2049 desuper
2627 1979 2892 2050 majestas
2969 1981 3139 2048 atque
3193 1977 3431 2048 Spiritus

1799 2073 2051 2136 sanctus,
2083 2073 2241 2142 cujus
2270 2072 2325 2125 in
2377 2072 2539 2127 nobis
2587 2074 2768 2143 gratia
2817 2072 2971 2127 testis
3019 2077 3102 2125 est
3149 2071 3427 2125 salutaris.

1797 2166 1961 2228 Nam,
1990 2182 2117 2220 cum
2164 2169 2429 2221 tractaret
2477 2167 2546 2220 de
2595 2165 3174 2236 traditoribus,jubet
3223 2164 3429 2218 tamin

1797 2260 2101 2330 Evangelio
2131 2277 2299 2330 quam
2330 2261 2385 2313 in
2417 2261 2702 2332 Apostolo,
2738 2263 2858 2314 tam
2905 2259 2962 2312 in
2996 2258 3228 2313 Psalmis
3257 2275 3428 2328 quam

1798 2353 1855 2407 in
1879 2353 2176 2424 Prophetis
2209 2357 2265 2407 et
2292 2353 2509 2408 caeteris
2526 2352 3426 2426 Scripturis:Scrutamini(.loan.,

1796 2465 1851 2512 ν,
1884 2449 1994 2518 39).
2027 2449 2147 2512 Quo
2180 2451 2428 2502 scrutato
2469 2465 2499 2502 a
2533 2447 2714 2514 nobis,
2759 2448 3007 2501 inventis
3029 2448 3077 2481 95
3121 2447 3190 2500 ab
3239 2446 3306 2500 iis
3330 2445 3427 2516 qui

1799 2541 2118 2612 Scripturas
2146 2547 2370 2596 sanctas
2400 2541 2754 2595 tradiderunt
2774 2557 2887 2595 non
2920 2540 3127 2594 mereri
3161 2557 3253 2593 eos
3285 2556 3423 2593 con-

1796 2635 1954 2705 gredi
1985 2635 2279 2689 consilium
2309 2641 2592 2703 nostrum,
2627 2635 2678 2688 id
2698 2638 2783 2688 est
2813 2634 3112 2688 consilium
3140 2633 3420 2686 habitare.

1794 2730 1969 2782 Nemo
2003 2733 2086 2782 est
2115 2728 2270 2782 enim
2295 2728 2390 2799 qui
2421 2728 2528 2782 hoc
2545 2727 2843 2781 consilium
2874 2726 3279 2781 condreatur96
3306 2743 3421 2779 non

1794 2823 2078 2876 caelestem
2110 2825 2348 2891 spectet.
2383 2825 2453 2875 Ac
2481 2827 2780 2892 propterea
2820 2820 3261 2874 memoravimus
3291 2825 3352 2873 ut
3383 2819 3424 2872 ii

1794 2916 1893 2987 qui
1923 2916 2106 2970 taliter
2133 2915 2448 2985 Scripturas
2481 2918 2859 2969 tractaverunt
2896 2915 2966 2968 ad
2995 2919 3205 2968 statum
3236 2913 3424 2984 plebis

1793 3009 2153 3080 etjudicium
2197 3009 2268 3063 ab
2320 3009 2455 3080 ipsis
2499 3013 2840 3079 porrectum,
2891 3025 2994 3062 nec
3041 3008 3229 3078 aliqua
3270 3007 3416 3060 actio

1791 3103 1860 3155 ab
1897 3103 2029 3173 ipsis
2061 3103 2266 3173 promi,
2297 3103 2392 3156 sed
2448 3119 2548 3156 nec
2589 3102 2758 3156 etiam
2796 3102 2862 3154 ad
2908 3107 3114 3156 statum
3163 3099 3421 3154 sacrificii

1795 3213 1980 3266 neque
2012 3196 2191 3265 plebis
2221 3212 2340 3250 esse
2374 3196 2648 3266 proximi;
2684 3195 2778 3266 qui
2808 3195 3026 3266 utique,
3049 3196 3171 3265 jam
3200 3194 3418 3250 dudum

1792 3289 2060 3343 derelicta
2088 3289 2502 3360 plebe,nudata
2529 3289 2746 3354 altaria,
2775 3291 3040 3359 prompta
3063 3287 3418 3342 sacrificia“.

113 3385 200 3423 rem
226 3375 294 3437 ul,
321 3371 454 3426 dum
491 3377 652 3442 putas
686 3372 916 3426 hereSiS
959 3373 1248 3444 baptisma
1274 3373 1682 3444 prmdamnan-
1709 3377 1763 3451 C
1790 3382 1980 3436 Merito
2003 3383 2123 3436 haec
2155 3385 2537 3436 memorantes
2567 3398 2697 3436 cum
2729 3381 2993 3437 maestitia
3025 3387 3194 3453 atque
3224 3381 3422 3436 dolore

112 3461 230 3530 dum,
255 3481 432 3519 verum
461 3466 743 3537 baptisma
775 3466 1130 3520 sermonibus
1163 3467 1446 3520 maculare
1489 3467 1686 3520 audias

113 3570 205 3623 quze
242 3557 387 3612 doles
429 3565 629 3613 contra
686 3559 1015 3628 Apostolum
1098 3559 1309 3613 scilicet
1364 3576 1688 3631 repugnare

113 3647 341 3704 dicentem
373 3671 384 3706 :
426 3655 574 3707 Unus
607 3656 762 3713 Deus,
790 3669 903 3706 una
928 3653 1082 3721 ﬁdes,
1113 3669 1280 3707 unum
1309 3654 1596 3723 baptisma.

518 3764 547 3798 Α
559 3763 588 3797 D
633 3761 827 3800 PLEBEM
855 3762 1228 3800 CARTHAGINIS.

161 3849 435 3917 Cyprianus
463 3849 616 3920 plebi
663 3850 990 3920 Carthagini
1034 3851 1361 3906 consistenti
1409 3854 1686 3905 aeternam

110 3937 150 3992 in
193 3941 402 3997 Domino
448 3943 715 4006 salutem,
761 3945 978 3998 Gratias
1033 3945 1265 4015 quidem
1303 3944 1526 4016 agimus
1577 3946 1686 3998 Deo

111 4031 222 4086 Patri
271 4041 321 4089 et
367 4037 612 4091 Domino
658 4037 785 4090 Jesu
833 4037 1076 4105 Christo,
1113 4039 1210 4108 qui
1255 4055 1350 4091 vos
1395 4039 1681 4093 adunatos

112 4128 242 4195 atque
271 4129 320 4183 in
351 4129 740 4185 conventicula
771 4131 1038 4186 restituit.
1070 4133 1311 4202 PrOpter
1340 4148 1508 4203 quam
1562 4148 1685 4185 rem

113 4224 503 4278 memoravimus
521 4230 578 4278 et
595 4224 870 4294 scriptum
894 4225 1356 4280 beatissimorum
1370 4231 1686 4296 martyrum

113 4315 239 4382 atque
265 4317 646 4372 confessorum
677 4317 960 4371 voluimus
988 4319 1057 4373 ad
1091 4319 1392 4373 consilium
1422 4325 1679 4373 nostrum

1789 3476 1963 3530 animi
2019 3476 2215 3548 protici
2249 3481 2394 3530 teste
2446 3477 2516 3530 ad
2570 3477 2874 3530 Dominum
2921 3476 3073 3547 quod
3122 3475 3422 3530 debuimus

1790 3574 2061 3636 statuere,
2084 3586 2252 3640 quam
2282 3586 2479 3623 omnes
2504 3568 2941 3640 disceptationes
2959 3573 3016 3623 et
3035 3568 3414 3622 dissensiones

1791 3670 1845 3718 et
1874 3664 2112 3716 hmreses
2145 3669 2200 3716 et
2239 3664 2499 3716 scandala
2528 3664 2853 3728 hauserant,
2900 3679 2972 3716 ne
3025 3662 3258 3716 ulterius
3285 3678 3417 3732 pro-

1790 3763 1992 3812 vocent
2017 3774 2074 3810 se
2125 3757 2387 3812 homines
2414 3774 2513 3810 seu
2557 3757 2748 3810 minus
2797 3757 2932 3810 tidei
2975 3773 3073 3810 seu
3121 3756 3421 3827 Scripturis

1788 3852 1940 3905 leves
1968 3851 2080 3904 sint
2107 3857 2162 3905 et
2190 3851 2423 3904 lectores
2443 3850 2497 3904 id
2522 3852 2822 3904 statuimus
2839 3856 3006 3921 atque
3027 3849 3325 3906 statuimus
3347 3849 3420 3916 9⁸,

1791 3949 1960 4015 atque
1988 3947 2195 3998 statuto
2228 3947 2424 3998 nostro
2455 3945 2637 3998 recedi
2667 3944 2955 4010 nolumus,
2986 3947 3048 3996 ut
3078 3943 3122 3997 si
3163 3942 3258 4014 qui
3299 3946 3384 3996 tra
3405 3973 3419 3982 -

1791 4038 1934 4092 didit
1982 4038 2322 4108 praepositus
2372 4039 2501 4091 huic
2543 4037 2688 4108 plebi
2738 4043 3064 4090 mereantur
3103 4037 3417 4090 antistitem

1787 4131 2282 4186 administrantem
2311 4131 2473 4185 altari
2520 4149 2582 4185 ac
2629 4148 2867 4202 corpore
2910 4131 3154 4202 integro.
3186 4129 3254 4185 lis
3287 4146 3418 4183 vero

1779 4225 2058 4294 jussimus
2087 4242 2119 4278 a
2147 4225 2350 4295 quibus
2393 4231 2450 4279 et
2492 4225 2828 4278 sacrificium
2882 4225 3073 4278 otferri
3119 4224 3414 4294 jubemus,

1790 4319 1996 4372 merito
2025 4320 2321 4390 praeceptis
2369 4318 2435 4371 iis
2481 4318 2863 4390 obtemperari
2906 4318 3096 4387 debet,
3131 4335 3234 4371 nec
3264 4317 3416 4371 aliud

1422 4459 1632 4523 Varias
1683 4459 2020 4521 lectiones.

153 4590 182 4619 "‘
203 4592 409 4646 Temere
429 4596 676 4659 proﬁteri
717 4597 829 4644 Vat.
899 4597 940 4627 9‘
973 4598 1086 4645 Haec
1113 4596 1306 4644 ultima
1329 4595 1482 4644 verba
1507 4596 1758 4659 reficiunt
1790 4597 1946 4644 Oxon.
1982 4598 2114 4659 Lips.

2184 4598 2223 4628 93
2257 4597 2550 4645 Inventum
2580 4599 2659 4644 est
2694 4595 2905 4658 conjici!
2943 4594 3122 4642 Baluz.
3191 4595 3231 4623 '4'“
3263 4592 3418 4641 Con-

111 4662 336 4731 grediatur
354 4667 509 4725 forte.
538 4666 674 4714 Edd.
745 4665 786 4696 97'
806 4667 958 4715 Forte
986 4667 1423 4731 dereliquerunt.
1455 4667 1584 4716 Edd.
1653 4667 1689 4699 τε

1795 4679 1903 4730 que
1939 4669 2250 4717 statuimus.
2284 4669 2394 4715 Haec
2430 4671 2704 4729 supersunt
2733 4680 2794 4713 uc
2829 4664 3058 4727 sphnlma
3099 4664 3422 4711 nmanueusis

111 4728 309 4782 redolent.
336 4735 466 4784 Edd.

1350 4800 1576 4881 Steph.
1626 4798 1782 4862 Balu
1792 4800 1870 4860 zii
1912 4806 2110 4863 notae.

152 4918 203 4977 (4)
230 4921 500 4973 Proconsut
539 4923 847 4973 sententiam
878 4928 1032 4986 lerat.
1067 4924 1326 4989 Quinque
1363 4926 1490 4975 libri
1531 4929 1683 4976 vete-

109 4999 183 5044 res,
211 4995 525 5052 proconsulis
553 5000 806 5044 sententia
836 4994 1013 5056 feriat.

153 5061 200 5120 (ὅ)
225 5063 274 5110 In
307 5079 591 5115 commune.
622 5066 974 5131 Quamquam
1013 5069 1118 5116 ista
1153 5068 1319 5118 lectio
1351 5070 1418 5117 sit
1453 5069 1677 5132 optima,

107 5140 188 5201 non
227 5135 462 5199 displicet
511 5143 691 5188 tamen
741 5153 802 5186 ea
859 5153 1024 5201 quam
1083 5139 1260 5189 codex
1308 5140 1432 5190 ‘2“‘2
1485 5141 1680 5190 biblio-

111 5198 240 5252 thecas
282 5207 608 5259 Colbertinae
654 5215 707 5259 et
754 5198 1029 5258 Fuxensis
1070 5209 1354 5260 exhibent.
1397 5211 1678 5262 Exhibent

110 5277 247 5346 autem
283 5280 332 5327 in
368 5281 668 5341 communis,
711 5281 764 5329 id
800 5286 883 5331 est
921 5295 1049 5330 cum
1087 5282 1253 5330 simul
1293 5284 1520 5342 erimus,
1550 5297 1678 5332 cum

111 5354 146 5416 Ψ
193 5360 342 5398 unum
396 5353 842 5402 convenerimus.
909 5351 1050 5402 Cum
1115 5356 1301 5403 autem
1362 5353 1679 5416 frequenter

111 5411 454 5471 observaverim
523 5423 741 5473 codices
805 5425 1182 5474 Veronensem
1243 5427 1299 5472 et
1367 5411 1677 5473 Fuiensem

111 5487 306 5558 Pﬁferre
337 5493 558 5542 easdem
597 5495 886 5555 lectiones,
925 5495 1046 5545 haec
1079 5509 1203 5546 mea
1234 5495 1545 5545 observatio
1575 5495 1679 5544 ful-

111 5558 212 5604 cntur
243 5563 388 5612 etiam
428 5566 743 5615 testimonio
781 5567 944 5616 istius
984 5566 1110 5617 loci.
1150 5566 1485 5617 Veronensis
1527 5568 1677 5615 enim

112 5619 293 5700 habebat
327 5636 619 5684 comrm'nus.
662 5635 788 5697 Quo
826 5638 993 5686 etiam
1038 5637 1202 5686 modo
1251 5637 1519 5700 scriptum
1565 5636 1676 5686 vidi

259 5700 566 5778 Suetonium
597 5705 659 5778 in
688 5696 826 5755 iVi'ta
879 5708 1117 5757 ('aesaris.
1163 5696 1489 5771 Apollonius
1530 5709 1676 5771 apud

117 5759 340 5833 Rufinum,
370 5775 460 5824 lib.
498 5789 534 5826 ν
561 5777 688 5829 Hist.
723 5777 938 5840 Eccles,
977 5793 1094 5847 cap.
1131 5759 1271 5842 18,‘«
1309 5780 1421 5830 Aut
1452 5780 1498 5831 si
1533 5759 1675 5830 con-

1703 4949 1761 5021 D
1785 4925 1983 4988 ﬁdunt,
2015 4929 2069 4976 in
2096 4928 2348 4977 cominus
2379 4928 2620 4977 veniant.
2652 4943 2680 4974 ›>

1847 4998 1908 5021 ΙΩΧ
1949 5000 2015 5021 Ιι..
2055 5000 2138 5021 Ωηι
2191 4999 2338 5021 Ἱ-Δ..,1
2374 4999 2680 5021 ..-I-I:..l:m..n

1846 4998 1909 5059 (6)
1939 5000 2017 5049 Ιια
2047 5000 2154 5062 fiat.
2189 4999 2341 5050 Istud
2373 4999 2688 5050 addidimus
2719 5013 2787 5049 ex
2824 4996 2962 5048 libro
2994 4997 3255 5048 Fuxensi.

1845 5071 1908 5132 (7)
1963 5060 2230 5131 Quamvis
2281 5072 2454 5120 nolim
2510 5074 2770 5134 praestare
2827 5068 2928 5117 has
2992 5073 3100 5118 tres
3155 5060 3417 5132 epistOIHS

1780 5155 1900 5190 esse
1943 5141 2223 5205 Cypriani,
2257 5143 2444 5205 putavi
2487 5146 2670 5191 tamen
2714 5140 2914 5191 debere
2957 5153 3043 5190 me
3088 5139 3210 5189 illas
3252 5141 3416 5191 edere

1780 5214 1835 5261 in
1879 5211 1986 5262 hoc
2026 5213 2168 5272 loco,
2213 5215 2342 5276 quia
2385 5212 2698 5264 referuntur
2741 5213 2794 5260 in
2839 5210 3175 5275 quibusdam
3211 5213 3419 5262 veteri-

1780 5283 1885 5332 bus
1931 5283 2086 5332 libris
2131 5283 2503 5347 Epistolarum
2544 5284 2721 5334 sancti
2773 5283 3056 5346 Cypriani.
3107 5283 3223 5330 Viri
3270 5282 3416 5330 docti

1779 5353 1901 5401 illas
1943 5355 2357 5403 examinal‘mnt.
2407 5355 2606 5414 Prima,
2651 5369 2776 5418 qua:
2821 5357 2904 5404 est
2948 5353 3188 5403 Cornelii
3234 5355 3413 5416 Papae,

1778 5424 1999 5473 inventa
2045 5429 2144 5487 est,
2186 5431 2245 5475 ut
2287 5425 2354 5475 ad
2393 5427 2548 5488 epist.
2594 5430 2654 5475 7U
2699 5427 2906 5476 dictum
2953 5429 3052 5483 est,
3098 5427 3151 5473 in
3198 5424 3418 5474 duobus

1778 5495 1934 5544 libris
1976 5497 2276 5557 veteribus,
2316 5497 2563 5548 secunda
2605 5499 2661 5547 in
2705 5498 2898 5547 codice
2938 5497 3181 5546 Fuxensi
3224 5494 3418 5543 biblio-

1779 5566 1952 5617 thecae
1996 5565 2354 5630 Colbertinaa,
2398 5569 2553 5621 tertia
2590 5571 2646 5619 in
2696 5567 2893 5620 eodem
2941 5567 3134 5618 codice
3176 5565 3421 5616 Fuxensi

1778 5642 1831 5687 et
1868 5639 1924 5687 in
1964 5651 2028 5690 eo
2067 5641 2162 5702 qui
2200 5645 2449 5693 servatur
2490 5640 2680 5692 Remis
2717 5642 2774 5691 in
2809 5638 3030 5691 abbatia
3064 5637 3255 5692 Sancti
3282 5635 3419 5684 Dios

1777 5722 1939 5760 IlVSll.
