3978 6194
522 197 625 256 447

1445 200 1499 256 S.
1543 200 1857 256 CYPRIANI
1899 198 2175 254 OPERUM
2217 197 2387 252 PARS
2425 196 2467 249 Ι.
2497 225 2564 235 -
2604 195 2962 251 EPISTOLAE.
3742 202 3827 260 448

527 323 624 377 fiet
648 339 820 394 quam
847 322 1035 377 statim
1069 323 1391 394 evangelica
1422 340 1530 378 vox
1559 323 1776 377 sincera
1820 325 1940 376 cata
1979 325 2140 376 Joan-
2169 333 2227 404 Α
2247 319 2569 373 infirmitati
2603 322 2808 373 nostra:
2835 319 3082 388 praestat.
3106 315 3417 372 Periclitari
3438 319 3646 375 volebat
3669 323 3830 380 adhuc

524 433 655 470 nem
709 416 962 486 loquitur
1010 433 1023 471 :
1082 418 1238 483 Nolo,
1296 417 1500 488 inquit,
1548 418 1613 472 de
1656 417 1903 471 manibus
1963 419 2152 471 vestris

525 516 813 583 sacriﬁcia,
841 517 972 583 quia
1000 530 1107 569 non
1133 516 1352 569 venistis
1381 515 1454 568 ad
1477 530 1559 568 me
1584 530 1701 568 cum
1726 514 1900 568 hostia
1927 514 2148 569 munda.

525 607 630 669 Qui
658 608 854 679 utique
881 607 1128 662 hostiam
1181 607 1456 661 mundam
1494 623 1608 662 non
1650 607 1831 672 offert,
1863 607 2046 662 hostia
2080 607 2151 661 de

523 700 788 754 manibus
813 702 934 771 ejus
968 717 1080 754 non
1129 701 1400 755 ascendit.
1444 703 1584 756 Nam
1625 701 1834 755 iterum
1861 701 2103 772 legimus
2137 717 2149 754 :

524 797 590 848 In
631 796 904 864 principio
946 799 1064 849 erat
1114 795 1366 857 Verbum,
1423 801 1472 849 et
1530 796 1761 851 Verbum
1821 800 1938 849 erat
2005 795 2156 864 apud

528 891 716 953 Deum,
747 894 797 942 et
849 891 985 943 Deus
1023 893 1142 942 erat
1202 889 1429 944 Verbum
1477 888 1678 958 (Joan.,
1709 889 1748 955 l,
1780 889 1848 957 t).
1897 887 2005 952 Qui
2051 904 2155 958 per

525 981 769 1036 Verbum
804 981 1134 1036 tinctionem
1163 981 1428 1036 ﬁnxerint
1459 981 1593 1035 dare
1628 997 1718 1036 res
1748 981 2154 1036 inhabitabiles

527 1075 680 1144 apud
707 1074 831 1129 illos
871 1091 971 1128 seu
1023 1091 1180 1130 veras
1233 1075 1538 1146 scripturas
1589 1079 1808 1129 sanctas
1848 1091 1947 1129 seu
1974 1075 2150 1142 ﬁctas,

525 1168 623 1238 qui
655 1167 750 1223 dat
791 1185 986 1224 vocem
1034 1173 1092 1223 et
1139 1169 1235 1240 qui
1277 1169 1373 1223 dat
1427 1168 1700 1223 desideria
1752 1168 2024 1239 proxima,
2057 1167 2154 1239 qui

525 1261 722 1332 utique
750 1262 932 1332 tinget
957 1263 1179 1316 tradere
1207 1261 1494 1332 supplebit
1536 1261 1923 1316 traditionem.
1954 1262 2152 1318 Merito

525 1359 801 1425 negantes
828 1355 1090 1410 volumus
1117 1355 1348 1410 interim
1381 1356 1604 1410 veniam
1640 1355 1848 1410 habere
1877 1357 2154 1410 conﬁten-

526 1451 612 1502 tes
642 1453 852 1518 patres.
887 1450 1026 1502 Nam
1059 1449 1155 1520 qui
1189 1449 1325 1503 dicit
1350 1465 1406 1503 se
1432 1449 1759 1520 Scripturas
1783 1466 1894 1504 non
1923 1449 2152 1515 habere,

526 1541 720 1612 utique
773 1547 1002 1612 paratus
1055 1542 1164 1596 fuit
1205 1548 1260 1596 et
1318 1541 1510 1615 434
1577 1543 1849 1613 torqueri,
1908 1559 2154 1614 quorum

527 1636 789 1706 exempla
838 1635 1138 1690 habemus.
1197 1637 1383 1691 Tertio
1434 1641 1809 1706 negaverunt,
1862 1639 1920 1690 et
1966 1653 2149 1690 sacra-

529 1731 789 1782 mentum
822 1745 932 1783 non
969 1729 1343 1784 tradiderunt.
1387 1729 1449 1783 Hi
1490 1735 1681 1784 autem
1713 1729 1809 1800 qui
1846 1747 1947 1784 nec
1975 1730 2149 1784 inter-
2177 1693 2231 1764 Β

528 1823 710 1892 rogati
740 1822 1086 1889 obtulerunt,
1116 1821 1342 1876 interim
1377 1840 1554 1894 usque
1585 1823 1653 1878 ad
1687 1826 1895 1877 statum
1929 1824 2150 1878 consilii

528 1916 657 1969 laici
684 1915 1208 1970 communicabunt.
1252 1918 1656 1972 Verumtamen
1699 1916 1755 1971 in
1783 1921 1993 1972 statum
2023 1935 2156 1972 con-

529 2009 637 2062 silii
676 2009 824 2080 quod
877 2009 1170 2080 Scriptura
1208 2015 1400 2064 sancta
1435 2010 1798 2080 promoverit,
1837 2011 2152 2066 secundum

529 2102 872 2156 sententiam
922 2102 1089 2156 ﬁxam
1140 2103 1349 2156 sanctis
1402 2108 1458 2156 et
1505 2103 1699 2157 amicis
1751 2103 1848 2157 Dei
1905 2105 2152 2175 suppleri

528 2195 812 2263 volumus,
841 2212 968 2250 cum
998 2196 1122 2266 jam
1161 2200 1332 2250 testes
1377 2199 1434 2250 et
1478 2196 1724 2267 proximi
1773 2197 1985 2267 aliquid
2031 2199 2153 2268 jam

531 2288 747 2342 dudum
802 2293 1116 2344 statuerant
1171 2291 1345 2344 nostri
1384 2294 1792 2345 antecessores.
1849 2290 1931 2345 Ob
1975 2308 2152 2363 quam

531 2398 651 2436 rem
681 2399 907 2438 necesse
941 2389 1024 2438 est
1069 2401 1172 2438 nos
1215 2383 1454 2438 testibus
1498 2384 1816 2439 consentire
1853 2386 2153 2456 complecti

531 2482 588 2530 et
645 2476 928 2548 supplere.
978 2479 1122 2548 Opto
1177 2494 1274 2532 vos
1327 2477 1381 2531 in
1441 2477 1679 2532 Domino
1734 2495 1960 2550 semper
2006 2479 2152 2534 bene

528 2571 732 2626 valere.
766 2575 968 2626 Amen.
1012 2572 1124 2626 Deo
1157 2570 1385 2642 gratias.

939 2680 1009 2718 AD
1038 2681 1306 2720 TURASIUH
1346 2681 1740 2721 PRESBYTERUH.

599 2757 908 2829 Cyprianus
933 2757 1235 2813 benedicto
1263 2763 1319 2812 et
1343 2759 1707 2814 dilectissimo
1740 2761 1958 2831 parenti
1987 2762 2154 2815 Tura-

531 2851 612 2905 sio
652 2851 705 2906 in
761 2852 1000 2906 Domino
1051 2855 1322 2906 aeternam
1373 2853 1632 2906 salutem.
1687 2854 1989 2909 Charitatis
2045 2858 2153 2908 tum

527 2945 732 3016 scripta
763 2946 1010 3017 percepi,
1045 2946 1247 3017 quibus
1277 2946 1532 3000 animum
1561 2951 1722 3000 tuum
1770 2946 1962 3001 dolore
1992 2965 2150 3002 com-

529 3043 751 3093 motum
807 3039 874 3094 de
927 3039 1059 3094 tiliae
1111 3039 1454 3094 dormitione
1509 3041 1769 3112 cognovi.
1821 3042 1945 3096 Non
2000 3041 2229 3135 aliudC

529 3133 922 3204 principaliter
963 3132 1280 3187 admiratus
1330 3150 1457 3187 sum
1489 3151 1658 3204 quam
1705 3135 1991 3190 christiani
2023 3153 2150 3206 pec-

529 3221 668 3275 toris
724 3221 781 3274 in
833 3226 886 3275 te
927 3222 1203 3292 jactatam
1255 3221 1424 3276 fuisse
1471 3223 1760 3290 virtutem,
1799 3227 1859 3276 ut
1893 3224 2149 3277 animum

530 3314 786 3368 ﬂecteres
812 3315 882 3368 ad
914 3315 1181 3369 dolorem.
1213 3317 1420 3386 Stupeo
1449 3333 1676 3370 murum
1724 3317 1852 3370 tidei
1885 3320 2149 3388 penetra-

531 3411 652 3461 tum
704 3407 1031 3462 vulneribus
1084 3408 1355 3474 orhitatis,
1411 3426 1581 3482 quem
1632 3410 1812 3481 sepire
1881 3410 2155 3464 debuerat

529 3518 656 3572 spes
683 3502 1115 3557 resurrectionis
1140 3508 1195 3558 et
1212 3503 1373 3574 regni
1393 3504 1649 3558 caelestis.
1676 3505 1994 3576 Numquam
2027 3521 2155 3575 spes

530 3612 659 3650 cum
693 3595 890 3650 dolore
933 3597 1260 3664 concordat,
1293 3614 1397 3652 nec
1450 3597 1590 3652 fides
1635 3597 1942 3668 aliquando
1986 3599 2155 3653 sentit

527 3710 888 3765 quacumque
898 3694 1844 3766 jacturam.Resurgerejcredimus
1877 3701 2152 3763 mortuos,

528 3794 585 3843 et
609 3788 935 3860 plangimus
964 3789 1134 3860 :quid
1159 3789 1493 3858 faceremus,
1510 3789 1730 3859 simori
1759 3789 2152 3845 tantummodo

529 3881 648 3936 sine
677 3883 1088 3938 resurrectione
1135 3884 1469 3954 prteciperet
1504 3884 1694 3937 Deus?
1740 3883 2009 3937 Voluntas
2043 3883 2152 3937 uti-

531 3991 643 4046 que
671 3977 792 4047 ejus
842 3978 958 4031 sola
1007 3976 1297 4032 sufﬁceret
1342 3977 1410 4031 ad
1460 3977 1750 4046 solatium,
1795 3977 1886 4032 cui
1934 3978 2155 4032 nullum

529 4070 986 4141 praeponendum
1019 4071 1230 4124 scimus
1257 4070 1538 4124 affectum.
1572 4071 1732 4135 Quod
1775 4070 2010 4125 dederat
2037 4071 2155 4124 abs-

527 4164 655 4218 tulit
681 4165 774 4236 qui
808 4168 1114 4219 creaverat.
1147 4163 1290 4228 Quid
1338 4170 1516 4218 certas
1567 4164 1840 4235 plangere
1878 4165 2033 4235 quod
2085 4164 2154 4218 ad

531 4261 753 4329 tempus
776 4274 1072 4328 acceperas
1087 4257 1114 4311 ?
1135 4256 1606 4314 Commodaverat
1627 4262 1686 4312 ut
1709 4257 1949 4312 haberes
1969 4275 2152 4329 quan-

529 4355 832 4422 tacumque
863 4355 1125 4422 tempore
1169 4351 1456 4418 voluisset,
1493 4356 1548 4405 et
1586 4368 1716 4405 cum
1751 4352 1917 4404 vellet
1960 4368 2154 4405 rursus

2252 413 2348 483 qui
2376 412 2527 466 dolet
2557 413 2801 483 aliquem
2832 411 3240 478 dormientem,
3264 415 3322 464 et
3346 410 3491 466 inter
3514 412 3700 469 ﬂuctus
3722 419 3831 474 vitta

2254 500 2548 572 praesentis
2603 500 2794 554 videre
2839 499 3106 570 cupiebat
3155 500 3423 554 miserum
3466 501 3719 558 laborare.
3764 508 3836 562 Ad

2253 594 2387 664 quid
2414 593 2795 648 Christianam
2847 599 2904 646 et
2941 592 3168 647 ﬁdelem
3219 592 3470 648 animam
3515 599 3670 664 putas
3709 597 3836 654 intra

2253 703 2542 741 carcerem
2573 685 3070 741 mundiremorari
3103 685 3389 755 debuisse,
3423 686 3508 740 cui
3529 689 3835 748 totusmun.

2255 779 2359 835 dus
2387 779 2747 850 naufragium
2774 783 2858 833 est
2877 778 2905 832 ?
2923 780 3113 834 Tantis
3135 782 3190 832 et
3209 779 3415 833 talibus
3437 783 3840 851 tempestatibus

2254 873 2381 927 vitae
2413 878 2498 927 tot
2526 872 2993 944 impugnationes
3021 871 3255 934 diaboli,
3306 875 3388 926 tot
3425 875 3665 943 corporis
3691 876 3841 941 bella,

2257 972 2340 1021 tot
2364 966 2550 1021 clades
2575 966 2783 1032 seaculi,
2814 969 2900 1020 tot
2923 966 3270 1020 calamitates
3291 964 3482 1020 evasit.
3509 967 3572 1020 Et
3597 968 3842 1040 lacrymas

2254 1059 2463 1126 fundis,
2493 1059 2651 1130 quasi
2692 1059 2908 1114 nescias
2945 1059 3082 1130 quid
3126 1059 3184 1114 in
3227 1065 3279 1114 te
3328 1059 3446 1130 ipse
3483 1061 3725 1130 quotidie
3760 1081 3840 1134 pa-

2255 1153 2430 1207 tiaris.
2464 1155 2699 1224 Propter
2717 1153 2868 1224 quod
2892 1151 3165 1207 Dominus
3191 1159 3270 1206 sic
3299 1152 3568 1207 admonet
3585 1157 3846 1224 apostolos

2255 1262 2386 1301 suos
2414 1245 2610 1300 dicens
2661 1263 2672 1300 :
2734 1244 2924 1318 435
2973 1246 3035 1301 Si
3084 1262 3164 1300 me
3207 1246 3523 1314 diligeretis,
3551 1248 3846 1314 gauderctis,

2254 1341 2512 1410 quoniam
2562 1339 2704 1393 vado
2756 1341 2831 1393 ad
2882 1342 3096 1394 Patrem
3151 1341 3352 1408 (Joan.,
3405 1355 3517 1406 xiv,
3551 1339 3654 1409 ‘28).
3703 1343 3849 1397 Plane

2256 1438 2547 1487 mortuum
2599 1433 2865 1486 Lazarum
2917 1432 3090 1499 ﬂevit,
3139 1432 3238 1486 sed
3285 1447 3400 1486 non
3439 1433 3547 1486 tuis
3595 1433 3848 1504 lacrymis.

2257 1525 2706 1580 Resurrectionis
2753 1526 3063 1597 promissor
3103 1525 3295 1580 dolere
3346 1542 3460 1580 non
3511 1531 3739 1597 poterat,
3789 1545 3849 1582 ne

2255 1617 2430 1674 tidem
2463 1618 2758 1690 perﬁdiam
2799 1620 3007 1674 faceret
3039 1635 3212 1690 quam
3266 1618 3524 1673 docebat.
3558 1619 3733 1674 Doluit
3760 1621 3849 1675 La-

2255 1728 2448 1767 zarum
2476 1729 2592 1767 non
2637 1712 3036 1774 dormientem,
3087 1712 3184 1766 sed
3234 1711 3424 1782 potius
3471 1716 3852 1784 resurgentem,

2255 1810 2312 1861 et
2343 1807 2516 1861 ﬂebat
2559 1823 2730 1878 quem
2760 1805 3093 1876 cogebatur,
3143 1810 3375 1876 propter
3423 1805 3709 1860 salvandos
3734 1807 3854 1860 alios

2255 1905 2309 1954 et
2339 1899 2774 1954 confundendos
2802 1899 3136 1965 incredulos,
3177 1899 3246 1953 ad
3289 1899 3561 1953 saeculum
3589 1916 3850 1954 revocare.

2256 1994 2408 2047 Hanc
2439 1993 2612 2047 vitam
2661 1993 2802 2047 dans
2842 1992 3109 2046 Dominus
3155 1991 3586 2058 ingemiscebat,
3618 2009 3774 2064 quam
3803 2000 3853 2046 tu

2254 2087 2412 2141 doles
2445 2103 2564 2142 esse
2593 2087 2894 2142 sublatam.
2925 2089 3133 2142 Contra
3170 2085 3454 2157 lacrymas
3483 2086 3602 2156 ejus
3625 2091 3856 2157 pugnant

2253 2181 2519 2252 lacrymae
2551 2188 2679 2247 tuae,
2712 2187 2770 2235 et
2807 2197 2969 2235 amor
3018 2186 3146 2234 tuus
3176 2181 3358 2234 amori
3385 2182 3512 2249 ejus
3542 2197 3653 2234 non
3681 2195 3856 2234 conve-

2255 2275 2356 2329 nit.
2391 2275 2576 2330 Fletus
2601 2275 2724 2346 ejus
2754 2291 2866 2330 non
2898 2274 3071 2328 habet
3098 2290 3313 2344 parem.
3362 2275 3460 2329 Ille
3500 2273 3719 2328 nolebat
3742 2272 3855 2327 red-

2254 2369 2387 2424 dere
2417 2368 2707 2423 laboribus
2727 2384 2899 2440 quem
2928 2368 3218 2434 dilexerat,
3241 2373 3297 2422 et
3321 2372 3382 2421 tu
3405 2384 3601 2422 amare
3623 2371 3674 2421 te
3701 2367 3859 2421 credis

2254 2462 2344 2516 cui
2396 2461 2655 2516 laborum
2710 2461 2940 2516 volebas
3005 2460 3190 2514 adhuc
3261 2466 3480 2515 restare
3555 2458 3860 2515 tormenta?

2255 2557 2556 2623 Caeterum,
2585 2557 2629 2610 si
2657 2557 2820 2626 putas
2847 2570 2976 2608 eum
3008 2559 3293 2607 mortuum
3320 2554 3590 2608 Lazarum
3617 2553 3854 2618 doluisse,

2254 2652 2385 2703 ante
2432 2666 2543 2702 non
2578 2647 2924 2719 permisisset
2983 2647 3134 2701 exire
3184 2647 3283 2718 qui
3332 2647 3613 2717 repellere
3662 2651 3862 2716 poterat

2255 2747 2519 2810 mortem,
2545 2745 2644 2796 aut
2671 2747 2819 2796 certe
2852 2758 2963 2795 non
2992 2741 3152 2795 ﬂeret
3181 2743 3278 2812 qui
3312 2745 3607 2795 mortuum
3636 2738 3857 2793 resusci-

2256 2836 2408 2891 tandi
2436 2835 2802 2906 postmodum
2840 2835 3120 2888 habuerat
3163 2837 3528 2905 potestatem.
3583 2832 3735 2887 Unde
3771 2847 3860 2901 ap-

2255 2933 2415 3001 paret
2441 2945 2574 2982 eum
2631 2928 2750 2982 sola
2805 2945 2866 2982 ea
2911 2944 3076 2982 causa
3113 2928 3281 2982 fuisse
3313 2931 3692 2994 commotum,
3723 2924 3860 2996 quod

2254 3025 2323 3077 ad
2377 3023 2644 3077 hostilem
2708 3023 2879 3076 vitam
2943 3021 3334 3076 charissimam
3387 3037 3558 3076 suum
3621 3034 3863 3074 revocare

2257 3117 2445 3171 denuo
2473 3123 2702 3187 propter
2729 3115 3043 3170 credituros
3085 3115 3303 3187 aliquos
3329 3116 3417 3170 vel
3445 3111 3862 3169 confundendos

2256 3210 2577 3264 incredulos
2623 3210 2946 3280 urgebatur.
2990 3211 3244 3280 Denique
3288 3209 3364 3263 sic
3417 3208 3749 3262 subsecutus
3794 3209 3864 3259 est

2256 3304 2530 3358 Dominus
2562 3303 2752 3357 dicens
2788 3321 2798 3355 :
2844 3305 3007 3372 Ergo,
3060 3305 3240 3370 Pater,
3289 3308 3348 3356 ut
3395 3303 3626 3357 credant
3655 3302 3779 3369 quia
3817 3304 3866 3350 tu

2254 3413 2334 3450 me
2381 3399 2597 3459 misisti,
2644 3396 2722 3450 ait
2767 3396 2913 3450 clara
2979 3413 3111 3450 voce
3167 3413 3180 3450 :
3241 3397 3474 3463 Lazare,
3531 3395 3696 3466 prodi
3734 3395 3867 3460 foras

2256 3492 2451 3560 (Joan.,
2480 3507 2551 3560 χι,
2583 3490 2695 3559 45).
2724 3491 2792 3544 Et
2835 3490 3047 3545 factum
3099 3496 3202 3545 est.
3250 3491 3512 3546 Gaudere
3542 3506 3676 3561 ergo
3714 3486 3866 3542 debes

2257 3584 2409 3638 unde
2455 3585 2548 3637 ille
2580 3587 2800 3638 coactus
2831 3590 2916 3638 est
2960 3586 3113 3650 tlere,
3146 3601 3214 3637 ne
3262 3583 3515 3638 videaris
3557 3578 3867 3638 dormientis

2255 3677 2610 3732 felicitatibus
2637 3677 2912 3732 invidere.
2945 3677 3028 3732 Ab
3049 3677 3234 3731 alieno
3257 3678 3478 3732 mundo
3499 3677 3568 3732 ad
3593 3673 3868 3748 prOprium

2256 3771 2539 3836 transivit,
2595 3770 2853 3826 transivit
2903 3772 2974 3825 ad
3051 3770 3375 3837 Dominum,
3441 3778 3501 3825 et
3569 3770 3640 3826 de
3695 3765 3869 3823 hostili

2257 3865 2436 3936 patria
2463 3865 2536 3920 ad
2581 3871 2879 3935 paternam
2933 3865 3177 3936 patriam
3227 3864 3502 3936 migravit
3550 3863 3623 3918 ad
3663 3862 3866 3925 caelum,

2256 3959 2475 4014 dicente
2493 3960 2758 4030 Apostolo
2798 3959 3064 4025 :Scimus,
3111 3958 3331 4029 inquit,
3374 3961 3662 4028 quoniam,
3705 3959 3867 4012 siter-

2255 4069 2386 4108 rena
2410 4053 2597 4108 domus
2644 4059 2832 4108 nostra.
2875 4053 3036 4121 hujus
3091 4055 3328 4120 corporis
3374 4055 3706 4118 resolvatur,
3745 4048 3871 4120 quod

2256 4147 2648 4201 habitationem
2676 4147 2929 4200 habemus
2958 4161 3064 4199 non
3091 4161 3260 4199 manu
3295 4148 3512 4212 factam
3553 4152 3800 4200 aeternam
3822 4145 3869 4195 in

2254 4241 2395 4294 melis
2440 4241 2502 4309 (ll
2534 4239 2680 4301 Cor.,
2715 4256 2764 4306 v,
2794 4240 2852 4309 ι).
2908 4239 3097 4295 Caruit
3136 4255 3271 4309 ergo
3317 4239 3514 4308 domo,
3567 4255 3732 4310 quam
3780 4251 3870 4288 nec

2255 4349 2418 4388 nosse
2451 4333 2967 4400 debuerat;caruit
2991 4332 3155 4386 malis
3181 4332 3419 4401 civibus,
3467 4349 3711 4404 quorum
3755 4329 3870 4383 odia

527 4445 795 4500 auferret.
825 4445 974 4499 Nihil
1000 4445 1227 4500 abstulit
1254 4451 1415 4500 tuum
1463 4445 1559 4515 qui
1605 4444 1858 4513 recipere
1891 4444 2152 4515 dignatus

2257 4426 2589 4493 sustinebat,
2621 4443 2690 4480 ne
2731 4427 2917 4480 adhuc
2965 4426 3437 4498 peregrinaretur
3469 4428 3532 4481 in
3586 4432 3731 4480 terra
3749 4440 3869 4478 con-

529 4541 612 4588 est
649 4533 966 4605 proprium.
1022 4535 1313 4590 Creditum
1371 4550 1535 4587 suum
1584 4532 1838 4602 recipere
1894 4533 2159 4588 decuerat

526 4628 883 4695 creditorem,
940 4633 995 4682 et
1036 4629 1177 4683 nihil
1228 4628 1388 4683 aliud
1438 4627 1600 4681 decet
1653 4643 1827 4696 quam
1891 4627 2156 4681 creditori

528 4740 629 4776 suo
657 4723 863 4792 gratias
892 4739 1063 4793 agere
1096 4720 1575 4776 mutuantem.Sic
1589 4719 1688 4774 Job
1717 4719 1960 4789 legimus
1983 4737 2155 4791 quam

528 4833 838 4887 sequamur
864 4815 1286 4870 devotissimam
1317 4829 1512 4867 vocem
1571 4829 1584 4866 :
1633 4815 1914 4880 Dominus,
1943 4813 2156 4884 inquit,

525 4912 694 4977 dedit,
742 4912 999 4964 Dominus
1046 4909 1288 4964 abstulit.
1336 4907 1487 4962 Sicut
1525 4908 1746 4961 Domino
1794 4908 2027 4976 placuit,
2075 4910 2157 4962 ita

525 5009 736 5069 factum
757 5009 852 5056 est.
883 5003 966 5058 Sit
989 5018 1177 5056 nomen
1203 5002 1418 5055 Domini
1449 5000 1800 5054 benedictum.
1820 5001 1958 5069 (Job,
1984 5017 2020 5067 1,
2041 5004 2131 5071 2|)

529 5098 731 5150 Parum
763 5112 901 5167 ergo
950 5112 1066 5150 non
1113 5098 1233 5147 erat
1281 5094 1401 5147 hazc
1449 5094 1565 5146 sola
1601 5093 1914 5148 consolatio
1959 5098 2156 5149 contra

528 5189 744 5243 luctum
783 5189 940 5260 quod
968 5204 1139 5242 nemo
1167 5187 1364 5258 lugere
1393 5187 1595 5240 debeat
1619 5203 1750 5241 cum
1782 5187 1999 5258 aliquid
2032 5188 2156 5242 red-

527 5283 736 5337 diderit
761 5283 1036 5347 alienum,
1063 5281 1196 5352 quia
1225 5282 1306 5335 fas
1333 5297 1444 5334 non
1479 5286 1602 5334 erat
1629 5280 1782 5352 apud
1810 5282 1981 5334 alium
2015 5281 2158 5335 deti-

529 5377 651 5430 neri
680 5377 831 5448 quod
863 5376 1098 5430 domino
1128 5392 1228 5429 suo
1270 5375 1454 5429 fuerat
1488 5374 1885 5430 necessarium.
1915 5375 2158 5429 Additur

525 5469 924 5526 consolationis
953 5469 1060 5523 alia
1087 5467 1462 5541 providentia,
1496 5485 1621 5539 qua:
1649 5468 1850 5538 jaculis
1898 5473 2157 5523 occurrat

527 5564 804 5620 orbitatis.
829 5565 1089 5619 Gaudere
1111 5563 1411 5618 debuimus
1429 5564 1497 5617 de
1512 5564 1715 5617 saeculo
1739 5562 2151 5629 recedentibus,

525 5658 570 5712 si
599 5660 786 5713 saeculi
815 5660 1015 5713 contra
1044 5675 1143 5712 uos
1167 5657 1495 5711 inimicitias
1524 5657 1958 5724 sentiremus,et
1992 5657 2154 5725 plan-

526 5753 712 5825 gimus
751 5751 1027 5809 beneficia
1080 5750 1325 5819 Domini,
1376 5750 1476 5823 qui
1528 5749 1687 5804 nobis
1731 5749 1883 5822 quod
1926 5751 2157 5821 praestat

2258 4522 2452 4587 traria,
2483 4520 2629 4574 sicut
2673 4521 2966 4591 Apostolus
3011 4525 3291 4574 memorat
3327 4520 3530 4574 dicens
3569 4537 3581 4575 :
3628 4518 3874 4588 Quamdiu

2257 4631 2439 4670 sumus
2465 4617 2522 4669 in
2549 4615 2644 4669 hoc
2662 4615 2875 4680 sacculo,
2889 4617 3301 4686 peregrinamur
3316 4631 3350 4668 a
3364 4617 3601 4668 Domino
3625 4615 3672 4684 (1
3677 4613 3870 4678 bid.,6}.

2258 4711 2367 4764 Nec
2425 4709 2588 4762 nobis
2641 4725 2779 4779 ergo
2836 4708 3006 4762 debet
3056 4708 3241 4761 luctus
3294 4708 3658 4774 incumbere,
3735 4705 3871 4776 quis-

2257 4803 2382 4875 quis
2409 4820 2442 4856 a
2467 4802 2929 4874 peregrinatione
2959 4802 3142 4856 redire
3171 4802 3450 4855 meruerit
3500 4802 3574 4856 ad
3611 4799 3874 4872 propriam

2257 4897 2580 4969 regionem,
2611 4896 2860 4951 maxime
2877 4911 3007 4950 cum
3029 4912 3141 4949 non
3164 4895 3352 4950 inanis
3374 4900 3434 4950 et
3461 4911 3678 4950 vacuus
3705 4892 3873 4948 redire

2258 4999 2520 5046 noscatur
2571 4991 2668 5062 qui
2720 4989 3160 5046 Christianitatis
3205 4996 3493 5043 mercatus
3530 4997 3620 5044 est
3651 4991 3873 5048 lucrum,

2257 5092 2490 5158 propter
2515 5085 2664 5157 quod
2692 5084 2842 5137 venit
2873 5084 2942 5137 ad
2991 5083 3195 5136 mundi
3237 5083 3682 5137 commercium.
3719 5082 3874 5150 Nego-

2257 5181 2400 5235 tium
2433 5178 2751 5250 explicavit,
2780 5177 2972 5244 rediit,
3002 5180 3058 5232 et
3086 5178 3197 5232 Deo
3221 5176 3487 5231 debitum
3518 5177 3700 5231 solvit.
3729 5178 3877 5231 Com-

2259 5276 2474 5346 paravit
2515 5280 2746 5344 propter
2779 5287 2953 5342 quam
3007 5271 3384 5325 descenderat
3427 5271 3805 5343 emptionem,
3829 5268 3879 5318 et

2255 5368 2325 5422 ad
2359 5367 2667 5422 Dominum
2706 5366 2928 5436 regredi
2981 5364 3325 5436 properavit,
3353 5365 3448 5418 cui
3492 5365 3697 5420 otl'erat
3741 5379 3874 5418 mer-

2256 5479 2400 5530 cem,
2435 5467 2494 5516 ut
2519 5463 2870 5533 comparata:
2916 5461 3118 5515 mercis
3160 5465 3275 5514 tam
3320 5461 3697 5515 securitatem
3744 5457 3875 5513 acci-

2257 5557 2370 5628 piat
2396 5573 2569 5627 quam
2609 5555 2911 5610 honorem.
2944 5558 3012 5610 Et
3038 5572 3164 5625 ego,
3191 5554 3439 5625 inquies,
3473 5556 3638 5609 nulla
3660 5553 3878 5625 promis-

2254 5666 2447 5704 sorum
2474 5650 2782 5704 ccelestium
2828 5649 3182 5704 dubitatione
3230 5648 3575 5718 conturbor,
3627 5647 3720 5703 sed
3772 5646 3876 5700 sola

2256 5746 2608 5820 separatione
2640 5747 2934 5805 morientis
2960 5752 3208 5806 aestuans
3235 5744 3527 5804 desolatus
3559 5745 3758 5804 solatio
3807 5741 3876 5815 pii
