3978 6194
177 230 256 284 449

1390 225 1727 282 ΕΡΙΞΤΟΙΑΕ
1767 223 1988 279 DUBl/E
2027 221 2218 279 TRES.

3374 220 3475 274 450

174 352 401 423 pignoris
422 351 625 419 jactor.
667 351 961 405 Excusatio
1006 350 1124 404 haec
1170 355 1257 405 est
1286 352 1405 405 sine
1440 350 1612 404 dubio
1642 351 1751 404 fra-
1778 364 1835 433 Α
1858 352 2034 401 tuam.
2067 347 2255 401 Gaude
2288 345 2387 399 tibi
2419 346 2571 415 quod
2601 344 2987 401 Christianam
3031 343 3342 398 mereberis
3386 359 3469 398 se-

175 443 373 515 gilitalis
402 444 683 509 humanae,
713 460 839 514 quae
867 444 1205 513 patrocinari
1237 461 1353 499 non
1382 448 1572 515 potest
1599 444 1748 497 diffi-

170 537 363 591 dcntize.
404 537 453 591 Si
497 536 649 590 enim
690 538 1095 592 desolationem
1146 538 1402 591 homines
1443 538 1589 591 ferre
1637 554 1747 591 non

166 631 403 695 valerent,
436 646 751 700 numquam
798 647 1029 701 prorsus
1058 648 1090 684 a
1135 648 1192 685 se
1239 648 1338 684 sua
1383 631 1625 701 pignora
1665 631 1748 684 di-

165 723 429 777 misissent.
458 722 762 778 Destitutos
802 741 858 777 se
899 741 931 777 a
969 724 1341 779 morientibus
1380 740 1746 795 conqueran-

164 821 251 880 tur,
278 822 326 869 et
353 817 495 869 vivos
535 816 683 870 ﬁlios
722 821 819 870 aut
855 823 1089 887 propter
1126 818 1344 872 litteras
1382 824 1481 872 aut
1517 822 1749 887 propter

161 911 368 964 honores
396 916 491 963 aut
527 912 762 981 propter
800 910 1026 981 negotia
1061 911 1381 982 peregrinis
1422 910 1747 981 regionibus

160 1002 385 1068 credunt,
414 1007 469 1056 et
512 1003 767 1073 gaudent
799 1006 910 1058 tota
943 1003 1057 1057 vita
1100 1004 1222 1058 sine
1265 1003 1559 1058 affectibus
1590 1019 1743 1058 com-

158 1096 353 1163 morari,
405 1096 711 1149 dummodo
757 1096 980 1167 capiant
1021 1097 1178 1167 quod
1221 1097 1290 1151 de
1339 1096 1454 1150 suis
1510 1097 1748 1167 cupiunt

156 1188 456 1259 pignoribus
482 1189 711 1260 adipisci
737 1207 750 1257 ;
782 1196 837 1244 et
869 1195 928 1243 ut
954 1191 1023 1244 ad
1052 1190 1259 1260 palatia
1287 1195 1545 1261 pergant,
1576 1205 1743 1261 pere-

158 1280 438 1351 grinantur.
454 1281 536 1335 Ad
558 1282 746 1336 studia
762 1283 1052 1353 dignitatis
1073 1283 1348 1353 navigant
1370 1283 1743 1354 acquirenda,

156 1375 222 1427 vel
257 1390 443 1428 causas
482 1375 809 1445 patrimonii
857 1376 1240 1446 explicandas‘
1272 1393 1377 1447 per
1419 1376 1645 1430 labores
1692 1380 1748 1430 et

156 1466 369 1537 pericula
398 1468 815 1538 proficiscentes
847 1469 1170 1539 impellunt,
1196 1485 1300 1523 nec
1331 1467 1522 1541 436
1553 1486 1745 1523 secum

154 1576 319 1613 vacare
345 1576 485 1630 quos
517 1560 763 1631 diligunt
802 1562 1116 1632 patiuntur.
1145 1563 1212 1616 Et
1251 1566 1315 1616 ut
1351 1563 1419 1616 ad
1466 1563 1744 1634 palatium

155 1653 268 1719 cceli,
300 1653 366 1707 ad
396 1653 586 1707 studia
611 1654 836 1722 Christi,
867 1655 935 1710 ad
965 1656 1241 1711 honorem
1275 1656 1400 1710 vitae
1430 1661 1743 1727 perpetua},

155 1746 207 1798 ad
234 1747 636 1817 patrimonium
683 1749 957 1819 passionis
999 1756 1227 1804 aeterna:
1273 1766 1403 1803 cum
1448 1727 1821 1804 securitateB

155 1840 341 1893 valeant
384 1841 704 1911 pervenire,
742 1859 911 1896 nemo
956 1842 1098 1897 tilios
1148 1859 1276 1897 suos
1322 1843 1565 1897 libenter
1609 1860 1641 1895 a
1687 1860 1745 1897 se

155 1933 428 2001 gratulatur
461 1933 787 1988 abscedere.
832 1936 1066 2006 Propter
1107 1936 1328 1990 incerta
1375 1952 1477 2006 per
1529 1936 1747 1990 incerta

153 2024 299 2079 ﬁlium
324 2027 409 2080 vel
435 2026 676 2081 fratrem
704 2029 790 2082 vel
825 2034 1123 2100 parentem
1167 2029 1526 2100 peregrinari
1569 2046 1743 2083 unus-

154 2120 360 2189 quisque
400 2121 710 2191 compellit,
742 2126 797 2175 et
834 2126 1066 2192 propter
1095 2128 1250 2176 certa
1294 2138 1397 2193 per
1435 2129 1593 2177 certa
1619 2139 1745 2176 suo-

154 2228 253 2265 rum
278 2214 523 2283 aliquem
554 2215 836 2284 proﬁcisci
876 2216 1063 2269 nullus
1098 2215 1368 2269 admittit.
1402 2216 1485 2269 Ad
1513 2232 1744 2287 compa-

153 2305 301 2359 randa
324 2310 560 2377 peccata
588 2308 843 2378 gaudent
882 2312 997 2362 tam
1038 2314 1301 2379 parentes
1342 2325 1374 2362 a
1406 2308 1536 2364 ﬁliis
1574 2325 1747 2380 quam

152 2398 229 2452 lilii
264 2416 293 2453 a
335 2400 671 2470 parentibus
716 2403 961 2472 separari
1002 2407 1344 2473 provocante
1388 2402 1629 2470 diabolo,
1677 2403 1746 2457 ad

152 2493 539 2563 indulgentiam
602 2495 1028 2566 percipiendam
1096 2496 1303 2551 nolunt
1370 2496 1439 2550 ab
1503 2496 1747 2552 invicem

153 2585 239 2639 Deo
281 2594 515 2641 vocante
563 2588 803 2643 discerni
855 2593 917 2643 ut
953 2594 1225 2661 appareat
1264 2606 1376 2643 non
1417 2607 1520 2660 pro
1558 2593 1748 2644 nostra

153 2679 331 2733 ratione
360 2697 465 2734 nos
495 2681 688 2737 dolere
721 2698 1142 2754 quemcumque
1169 2683 1432 2737 videmur
1460 2684 1745 2751 amittere,

152 2771 225 2824 sed
252 2772 518 2827 indicium
548 2776 729 2847 magis
770 2777 1069 2831 ostendere
1108 2776 1463 2846 difﬁdentiae,
1497 2777 1593 2848 qui
1634 2793 1747 2831 non

153 2866 458 2921 sustinemus
511 2871 838 2924 nostrorum
882 2870 1266 2940 profectiones
1302 2870 1374 2924 ad
1410 2871 1744 2940 Dominum,

151 2974 361 3028 quorum
427 2963 922 3033 peregrinationes
986 2964 1045 3017 in
1107 2964 1310 3018 saeculo
1367 2966 1743 3035 gratulamur.

151 3051 264 3113 Quia
288 3054 571 3109 credimus
602 3056 806 3110 mundi
847 3056 1038 3123 lucris,
1076 3057 1385 3111 toleramus
1416 3058 1591 3111 divisa
1619 3074 1743 3112 nos-

153 3144 466 3217 tricorporis
496 3149 778 3204 membra.
814 3150 867 3204 Si
895 3149 1262 3205 crederemus
1288 3150 1390 3204 Dei
1434 3150 1744 3221 promissis,

152 3242 252 3306 post
272 3240 693 3297 abscessionem
722 3248 1047 3298 nostrorum
1074 3243 1215 3299 nihil
1244 3244 1400 3299 aliud
1422 3260 1594 3315 quam
1622 3261 1748 3315 gra-

151 3330 234 3384 tias
292 3333 605 3389 debuerant
665 3352 933 3390 resonare
998 3337 1177 3391 nostri
1227 3338 1472 3407 pectoris
1521 3338 1744 3408 gaudia,

150 3424 259 3479 Mihi
283 3429 464 3496 crede,
496 3445 731 3500 semper
758 3430 813 3483 in
846 3430 1112 3484 omnibus
1138 3430 1504 3486 incredulitas
1522 3436 1744 3495 moeret,

153 3525 192 3570 et
228 3521 357 3575 sicut
403 3539 520 3576 non
572 3526 759 3593 potest
806 3540 969 3578 nosse
1010 3524 1150 3578 ﬁdes
1201 3524 1354 3595 quod
1410 3525 1624 3594 doleat,
1669 3526 1747 3579 sic

152 3611 433 3668 difﬁdentia
474 3616 601 3670 sola
631 3616 920 3671 doloribus
961 3622 1190 3673 tenetur
1241 3620 1460 3673 ancilla.
1517 3620 1654 3673 Nam
1700 3619 1744 3672 si

154 3702 465 3762 dormientes
516 3709 776 3774 dicimus,
838 3710 1189 3766 dormientes
1250 3712 1444 3782 utique
1512 3712 1743 3766 credere

153 3795 405 3868 debemus,
446 3819 563 3856 non
606 3806 880 3871 mortuos,
912 3806 1009 3859 sed
1056 3805 1473 3875 requiescentes
1514 3805 1743 3860 interim

153 3893 427 3948 secundum
457 3912 655 3950 vocem
704 3898 927 3951 Domini
970 3898 1214 3952 ﬁdeliter
1251 3899 1575 3969 loquentis:
1620 3901 1741 3956 0m-

150 3985 235 4045 m’s,
262 3986 456 4056 inquit,
502 3992 603 4058 qui
649 3992 820 4045 credit
863 3994 916 4044 in
960 4008 1063 4059 me,
1116 3993 1235 4047 licet
1277 3995 1565 4055 moriatur,
1605 3996 1747 4048 vivet

153 4077 325 4143 (leam,
362 4098 431 4147 xi,
468 4083 577 4151 25).
621 4084 679 4137 Si
727 4085 814 4138 cui
861 4086 1114 4139 medicus
1166 4086 1337 4141 homo
1384 4086 1747 4157 promitteret

150 4171 446 4243 quidquam,
476 4176 603 4229 sine
637 4177 809 4230 dubio
838 4180 1204 4249 promissioni
1233 4181 1353 4251 ejus
1383 4197 1594 4251 negare
1628 4197 1743 4235 non

150 4268 322 4331 poterit
350 4270 590 4324 omnino
622 4271 1075 4327 laetitiam.Nunc
1106 4275 1240 4344 quia
1261 4275 1529 4328 Dominus
1551 4275 1741 4328 Chris-

152 4357 221 4411 lus
259 4360 559 4418 fabricator
607 4371 663 4418 et
690 4365 1051 4421 resuscitator
1091 4368 1391 4437 promittit,
1428 4386 1538 4422 non
1580 4370 1745 4422 times

152 4450 402 4522 plangere,
434 4464 495 4511 ut
518 4458 834 4512 fideliorem
861 4460 1081 4515 Christo
1110 4462 1324 4530 pariter
1353 4467 1408 4515 et
1450 4462 1735 4532 potentio-
1758 4469 1819 4541 D

153 4558 250 4598 rem
274 4549 557 4605 medicum
589 4551 831 4606 videaris
864 4552 921 4606 in
954 4554 1428 4624 promissionihus
1456 4556 1735 4625 judicare.

155 4636 239 4691 Sed
280 4641 628 4711 destitutam,
657 4645 816 4711 dicis,
859 4647 1018 4701 doleo
1065 4654 1430 4717 senectutem,
1462 4650 1595 4718 quia
1636 4648 1736 4702 de-

153 4727 350 4788 hueram
380 4752 536 4791 meos
566 4738 772 4792 liberos
800 4740 987 4809 potius
1013 4742 1369 4809 antecedere,
1403 4759 1474 4795 ne
1504 4742 1558 4796 in
1592 4742 1741 4796 labo-

154 4822 277 4878 ribus
320 4846 695 4886 remanerem.
740 4832 980 4896 Quando
1027 4834 1095 4888 de
1142 4835 1532 4905 spiritualibus
1576 4836 1739 4890 bonis

152 4921 514 4995 quodcumque
541 4929 831 4993 tractatur,
860 4927 1003 4981 nihil
1031 4932 1114 4982 est
1146 4928 1387 4983 omnino
1435 4930 1503 4983 de
1539 4946 1737 4984 carna-

153 5012 267 5067 libus
319 5024 448 5072 ante
497 5023 691 5075 oculos
739 5022 1157 5093 reponendum.
1212 5026 1330 5095 Ego
1381 5024 1482 5078 tibi
1537 5025 1738 5079 melius

153 5108 383 5174 proﬁteor
411 5116 684 5183 evenisse,
719 5116 991 5186 quoniam
1023 5133 1137 5172 non
1168 5119 1481 5185 carnalem,
1505 5118 1604 5173 sed
1636 5118 1741 5189 spi-

151 5198 375 5260 ritualem
402 5209 553 5262 circa
579 5215 629 5263 te
665 5210 963 5265 considero
1002 5211 1357 5266 fidelitatem.
1390 5214 1470 5267 Tu
1519 5219 1573 5267 te
1603 5212 1744 5266 dicis

152 5290 204 5347 de
228 5296 446 5370 alicujus
488 5301 739 5372 pignoris
770 5304 926 5359 obitu
964 5305 1024 5358 in
1062 5312 1348 5359 senectute
1391 5308 1741 5360 confectum.

152 5384 241 5455 Ego
263 5396 447 5448 contra
477 5397 787 5467 comprobo
805 5398 1156 5454 sublevatam
1180 5404 1532 5455 senectutem
1559 5405 1742 5455 tuam.

155 5479 438 5554 Amputavit
469 5491 741 5545 Dominus
777 5493 1215 5548 sollicitudinem
1244 5509 1369 5565 quae
1409 5500 1463 5548 te
1511 5500 1740 5564 torque-

157 5570 231 5627 bat
266 5579 324 5633 de
367 5582 490 5638 viva
540 5586 653 5639 lllia
696 5602 766 5640 ne
818 5587 1051 5658 periret.
1096 5588 1289 5643 Melius
1346 5587 1541 5659 utique
1595 5604 1745 5642 nunc

160 5678 403 5729 mortuam
434 5680 637 5734 saeculo
671 5679 902 5735 rediisse
924 5682 997 5735 ad
1026 5682 1327 5737 Dominum
1356 5682 1544 5735 vivam
1568 5698 1743 5752 quam

158 5761 305 5821 Vivam
327 5772 532 5826 saeculo
559 5772 785 5829 dolores
818 5775 1053 5831 forsitan
1092 5776 1247 5849 apud
1271 5775 1576 5832 Dominum
1598 5792 1747 5831 mor-

1858 442 1975 511 qui,
2006 456 2181 511 quam
2206 444 2431 493 secutus
2453 440 2509 492 in
2538 440 2674 492 ccelo
2702 438 2949 508 gaudeas
2969 454 3161 491 rursus
3184 437 3471 506 amplecti.

1850 535 1969 588 Non
1998 539 2050 587 te
2083 533 2354 599 deseruit,
2392 531 2491 585 sed
2524 532 2846 602 prmccssit;
2879 537 2934 584 et
2962 547 3033 583 ne
3062 530 3286 584 doleret
3313 546 3470 583 exce-

1852 627 2083 681 dentem
2135 631 2359 697 patrem
2406 625 2688 695 suscipere
2728 624 3033 677 festinavit.
3073 625 3191 677 Non
3236 624 3473 677 amisisti

1848 724 1945 774 tua
1975 720 2353 773 nutrimenta.
2388 719 2443 773 Si
2478 719 2693 771 luctum
2721 716 3007 770 horrueris
3038 720 3093 770 et
3119 733 3289 770 senex
3310 722 3473 771 tuum

1849 812 2114 867 obtulisse
2168 812 2377 882 pignus
2429 811 2667 865 Domino
2709 811 2984 879 deputare
3032 809 3265 879 poteris,
3314 816 3476 879 potes

1849 907 2160 959 secundum
2184 908 2379 959 votum
2403 904 2615 958 habere
2634 908 2761 973 post
2781 902 3087 967 Abraham,
3111 901 3155 954 si
3178 918 3288 954 non
3314 908 3473 971 potes

1847 1000 2124 1070 primum,
2160 1004 2219 1053 ut
2245 998 2395 1069 quod
2430 998 2522 1052 ille
2548 1014 2664 1051 non
2692 995 2997 1067 trepidavit
3026 994 3246 1059 offerre,
3279 1000 3339 1048 tu
3366 996 3474 1048 sal-

1846 1097 1962 1146 tem
2003 1092 2244 1146 videaris
2286 1092 2354 1145 de
2396 1090 2617 1145 sublato
2658 1090 2928 1161 gaudere.
2958 1088 3040 1142 Ab
3070 1089 3167 1142 illo
3212 1088 3476 1142 Dominus

1846 1186 2173 1257 postulavit,
2207 1202 2238 1237 a
2264 1191 2319 1239 te
2350 1184 2499 1239 tulit.
2540 1184 2635 1237 Ille
2656 1182 2896 1253 jussioni
2938 1182 3144 1252 paruit,
3175 1186 3236 1235 tu
3276 1181 3473 1235 volun-

1845 1279 1950 1333 tati
1998 1278 2352 1332 consensisti.
2406 1278 2501 1332 llle
2552 1292 2656 1347 per
2705 1276 2960 1330 illicitam
3014 1275 3203 1345 legem
3258 1277 3475 1327 naturas

1848 1388 2022 1443 quem
2053 1371 2325 1426 Dominus
2348 1371 2452 1425 sibi
2477 1370 2739 1442 probavit
2760 1370 3049 1437 devotum,
3073 1372 3126 1423 te
3147 1369 3345 1422 saltem
3379 1384 3477 1437 per

1846 1466 2055 1520 licitam
2096 1466 2482 1521 conditionem
2526 1464 2814 1535 religionis
2853 1466 3085 1517 annotet
3125 1460 3476 1532 religiosum,

1847 1560 2079 1614 advocet
2107 1560 2460 1630 religiosum.
2488 1559 2627 1612 Nam
2667 1558 2781 1611 sive
2819 1556 3106 1611 voluntate
3138 1571 3245 1608 nec
3280 1570 3473 1608 neces-

1846 1654 2007 1707 sitate
2037 1652 2393 1723 compelleris
2419 1651 2736 1706 devotionis
2765 1650 3007 1705 Domino
3037 1647 3249 1719 aliquid
3282 1646 3469 1719 437

1847 1746 2114 1801 exhibere
2147 1788 2160 1813 ,
2211 1746 2270 1799 in
2333 1762 2447 1815 qua
2509 1748 2666 1815 parte
2734 1747 2786 1797 te
2837 1742 3217 1799 Christianum
3267 1741 3481 1811 poteris

1848 1840 2187 1911 approbare.
2225 1838 2529 1893 Erubescat
2553 1837 2922 1891 incredulitas
2953 1840 3143 1890 nostra
3174 1850 3303 1888 cum
3339 1850 3473 1903 gen-

1849 1934 2060 2000 tilibus,
2111 1933 2155 1987 si
2207 1931 2449 1987 Domino
2491 1931 2612 1985 vult
2660 1946 2782 1985 esse
2831 1930 3102 1999 subjecta.
3147 1927 3481 1982 Communis

1849 2033 1934 2082 est
1960 2027 2121 2082 nobis
2150 2042 2279 2080 cum
2311 2026 2419 2078 illis
2447 2025 2627 2079 exitus
2660 2023 2878 2091 mortis,
2908 2028 2963 2077 et
2994 2022 3221 2077 dolores
3250 2022 3476 2075 illorum

1846 2137 2173 2192 superamus
2228 2119 2520 2174 doloribus
2586 2117 2814 2173 nostris.
2873 2116 3017 2180 Quid
3071 2132 3375 2187 ageremus
3432 2115 3478 2168 si

1848 2214 2217 2286 peculiariter
2248 2212 2468 2283 aliquid
2493 2212 2819 2283 exigeretur
2844 2227 2877 2265 a
2905 2209 3066 2265 nobis
3093 2210 3244 2281 quod
3269 2209 3338 2263 ad
3377 2209 3473 2263 de-

1850 2308 2025 2363 decus
2059 2310 2318 2361 nostrum
2364 2307 2721 2378 pertineret?
2769 2304 3017 2359 Gentiles
3059 2305 3282 2358 dolores
3328 2318 3477 2374 sepe

1848 2406 2248 2469 contemnunt,
2292 2417 2421 2455 cum
2466 2417 2580 2454 non
2624 2401 2694 2453 ad
2751 2399 3029 2470 promissa
3080 2398 3331 2453 ccelestia
3379 2397 3480 2451 sed

1849 2497 1923 2551 ad
1987 2512 2179 2567 pcenas
2244 2494 2442 2548 tartari
2504 2494 2818 2565 rapiantur.
2878 2494 2944 2546 Et
2996 2508 3101 2546 nos
3157 2490 3479 2562 plangimus

1850 2593 2053 2644 euntes
2116 2589 2190 2643 ad
2259 2589 2483 2642 ccelum.
2551 2587 2883 2641 Consideret
2942 2585 3293 2641 Christianus
3353 2585 3479 2638 talis

1846 2683 1984 2755 quid
2015 2684 2289 2753 deinceps
2330 2684 2615 2736 mereatur
2661 2680 2760 2750 qui
2791 2696 2894 2734 nec
2932 2679 3146 2733 imitari
3185 2678 3481 2733 contendit

1848 2778 2105 2848 exempla
2138 2779 2496 2843 sanctorum,
2525 2790 2629 2829 nec
2673 2776 3068 2844 contemptum
3096 2771 3310 2827 habere
3340 2788 3479 2843 gen-

1849 2871 2057 2925 tilium.
2114 2870 2193 2924 llli
2241 2871 2422 2924 luctus
2478 2866 2831 2939 desperando
2888 2865 3226 2937 despiciunt,
3274 2871 3330 2920 et
3377 2882 3479 2919 nos

1852 2965 2139 3035 sperando
2170 2964 2460 3036 despicere
2500 2978 2801 3017 conamur.
2838 2960 3095 3031 Denique
3128 2960 3373 3015 vendere
3412 2959 3480 3013 li—

1849 3058 2015 3113 beros
2047 3074 2195 3130 saape
2229 3073 2345 3111 non
2378 3056 2662 3122 dubitant,
2695 3061 2755 3109 ut
2780 3056 2956 3123 vivos,
2986 3054 3140 3123 quod
3170 3053 3337 3123 pejus
3373 3056 3479 3120 est,

1849 3154 2146 3223 spernant.
2176 3152 2243 3205 Et
2268 3167 2373 3205 nos
2405 3166 2510 3204 nec
2532 3149 2931 3204 defunctorum
2950 3147 3135 3201 obitus
3157 3145 3476 3201 sublevant.

1846 3246 1916 3300 Et
1946 3262 2051 3300 nos
2076 3245 2329 3300 sublatos
2370 3243 2682 3315 captivitati
2727 3248 2783 3297 et
2818 3241 3075 3296 libertate
3103 3240 3342 3295 donatos
3380 3256 3476 3294 vo-

1846 3339 2036 3394 lumus
2065 3338 2298 3394 servire.
2330 3338 2496 3394 Filios
2521 3353 2651 3392 suos
2678 3334 2964 3407 intrepide
3000 3333 3334 3389 mortalibus
3359 3338 3474 3388 tra-

1848 3433 2013 3503 dunt,
2060 3438 2115 3488 et
2164 3450 2264 3487 nos
2304 3433 2375 3487 de
2424 3436 2618 3486 nostro
2663 3429 2832 3485 simul
2883 3436 2940 3483 et
2987 3445 3119 3484 suos
3168 3428 3371 3483 liberos
3421 3432 3479 3482 et

1846 3531 2072 3582 nostros
2088 3527 2414 3581 liberandos
2432 3525 2719 3580 dimittere
2740 3524 3016 3595 sacrilega
3038 3527 3226 3578 mente
3249 3527 3476 3577 cuncta-

1849 3637 1994 3689 mur,
2027 3620 2181 3691 quasi
2222 3620 2395 3674 tutius
2433 3618 2587 3689 apud
2626 3618 2890 3673 homines
2926 3616 3253 3687 judicemus
3294 3616 3476 3686 magis

1848 3730 2019 3786 quam
2037 3730 2212 3784 penes
2228 3712 2527 3767 Dominum
2541 3711 2926 3766 commendari
2939 3710 3193 3780 aliquem
3207 3709 3451 3764 ﬁliorum
3463 3751 3475 3764 .

1846 3807 2184 3862 Pudendum
2207 3807 2396 3861 nescio
2420 3806 2552 3877 quid
2576 3804 2929 3862 Christianus
2953 3806 3037 3857 est
3059 3803 3210 3874 apud
3236 3803 3476 3875 gentiles

1846 3901 2171 3973 opprobrii;
2217 3901 2423 3971 quibus
2472 3900 2692 3970 pejores
2749 3899 2871 3952 sine
2922 3897 3095 3950 dubio
3146 3897 3476 3966 judicantur

1846 4011 1987 4066 quos
2020 4011 2181 4064 pares
2200 3994 2411 4048 habere
2432 4010 2541 4046 non
2568 3992 2752 4046 dicam
2779 3992 3041 4046 meliores
3062 3990 3250 4043 fuerat
3279 3994 3478 4058 putare

1846 4088 2236 4143 criminosum.
2303 4086 2607 4143 Christiani
2674 4087 2881 4139 nolunt
2949 4085 3033 4138 vel
3099 4082 3476 4153 gratulatione

1846 4198 1977 4235 suos
2010 4180 2288 4234 deducere
2320 4180 2387 4233 ad
2415 4179 2586 4245 bona,
2616 4180 2854 4249 gentiles
2895 4178 3119 4231 tradere
3147 4192 3263 4231 non
3304 4192 3474 4231 cunc-

1845 4278 2041 4329 tantur
2065 4273 2134 4327 ad
2169 4274 2339 4329 mala.
2393 4275 2687 4327 Postremo
2719 4273 2805 4326 vel
2856 4288 2985 4326 cum
3033 4272 3157 4342 ipsa
3204 4269 3476 4324 felicitate

1849 4375 2175 4423 nostrorum
2215 4367 2583 4423 morientium
2616 4383 2889 4438 cogamur
2930 4366 3184 4419 animum
3224 4364 3473 4431 flectere,

1842 4469 1896 4517 et
1916 4462 2209 4517 desideriis
2233 4479 2431 4517 eorum
2458 4460 2737 4514 desideria
2766 4464 2959 4514 nostra
2981 4460 3255 4529 incipiant
3274 4474 3476 4528 repug-

1844 4573 2000 4611 nare.
2065 4558 2352 4610 [.mtahtur
2397 4555 2477 4609 illi
2531 4554 2629 4625 qui
2675 4560 2890 4608 exeunt
2929 4553 3221 4607 venientes
3263 4553 3334 4605 ad
3380 4567 3471 4603 re-

1842 4650 2054 4722 quiem.
2085 4651 2370 4704 I.zetemur
2399 4655 2453 4702 et
2488 4665 2589 4702 nos
2629 4664 2758 4701 cum
2805 4646 2961 4717 ipsis,
2993 4646 3192 4699 saltem
3237 4659 3475 4714 compu-

1844 4738 2033 4797 tantes.
2051 4746 2379 4797 nostrorum
2409 4740 2739 4795 exeuntium
2782 4738 3218 4793 beatitudinem.
3253 4736 3311 4791 Si
3340 4736 3471 4790 reli-

1846 4836 2033 4908 giosus
2084 4836 2170 4889 vel
2221 4835 2468 4890 novitius
2514 4834 2612 4904 qui
2657 4834 2854 4899 evasit,
2900 4832 2946 4886 si
2999 4848 3112 4885 non
3169 4835 3330 4901 potes
3388 4828 3474 4883 vel

1843 4931 2033 4985 exulta
2084 4929 2218 5001 quia
2274 4929 2549 4999 placuisse
2616 4925 2909 4997 cognoscis
2971 4924 3329 4995 participium
3389 4922 3472 4976 tui

1844 5024 2135 5093 sanguinis
2161 5022 2405 5090 Christo,
2440 5021 2684 5075 maxime
2715 5017 2907 5092 438
2940 5019 3096 5091 quod
3120 5019 3207 5071 vel
3229 5018 3298 5073 de
3323 5034 3475 5072 occa-

1846 5118 2004 5172 sione
2034 5116 2242 5171 debeas
2281 5118 2524 5171 tolerare
2568 5114 2797 5169 Domini
2832 5116 3197 5181 voluntatem,
3227 5114 3315 5168 cui
3359 5129 3475 5167 non

1848 5216 2007 5282 potes
2038 5210 2444 5265 contradicere.
2477 5212 2540 5264 Et
2578 5226 2709 5263 cum
2748 5208 2818 5263 sit
2850 5208 3112 5263 omnibus
3153 5207 3476 5263 communis

1849 5306 1938 5359 hic
1968 5322 2146 5371 casus,
2171 5320 2349 5358 vanus
2376 5303 2534 5357 dolor
2569 5306 2673 5369 est,
2702 5303 2798 5374 qui
2843 5318 2945 5357 nec
2990 5302 3213 5373 primus
3254 5301 3475 5355 videtur

1848 5416 1963 5453 esse
1992 5415 2097 5452 nec
2125 5400 2293 5452 solus.
2325 5397 2435 5452 Sed
2469 5396 2610 5451 dicis
2641 5412 2653 5450 :
2685 5397 2878 5450 Nullus
2908 5412 2997 5451 me
3036 5396 3104 5450 de
3148 5412 3277 5449 mea
3314 5396 3472 5449 deso-

1848 5492 2054 5548 latione
2103 5492 2305 5546 mentis
2356 5506 2541 5561 angor
2592 5491 2898 5551 exulcerat,
2952 5490 3051 5545 sed
3107 5506 3213 5560 pro
3257 5488 3477 5543 delictis

1848 5587 2064 5659 parvuli
2116 5586 2413 5641 morientis
2466 5584 2843 5640 humanitatis
2896 5583 3129 5638 aﬂ'ectUs
3187 5582 3477 5651 impulsat.

1849 5682 1959 5737 Nec
1988 5682 2095 5736 hoc
2124 5681 2255 5737 licet
2283 5696 2645 5736 commovere
2678 5678 2937 5735 animum
2967 5674 3379 5738 Christianum,
3416 5690 3485 5729 ne

1851 5784 2045 5833 contra
2072 5775 2279 5831 Christi
2312 5775 2553 5850 imperia
2573 5774 2842 5830 luctetur.
2864 5769 3012 5836 Quid
3039 5772 3128 5823 est
3162 5773 3308 5828 inter
3328 5779 3498 5834 quos-
