3990 6202
572 257 662 313 451
1487 255 1540 310 S.
1583 245 1898 310 CYPRIANI
1939 254 2212 310 OPERUM
2257 255 2426 310 PARS
2469 253 2528 309 ll.
2561 284 2630 296 —
2656 251 3022 312 OPUSCULA.
3781 258 3869 318 452

571 395 816 450 cumque
875 384 929 432 et
990 377 1436 448 qualescumque
1490 377 1631 432 ﬁlios
1686 377 1964 432 dimisisse
1985 420 1998 444 ,
2053 393 2198 447 quos
2222 391 2274 464 Α
2298 377 2578 447 privatum
2609 377 2951 448 particulare
2981 380 3232 432 nostrum
3261 377 3407 448 quod
3434 379 3503 432 ad
3528 381 3760 452 requiem
3786 400 3864 438 re-

568 473 876 542 jnbeamur
923 487 954 523 a
1000 470 1235 524 Domino
1281 487 1380 540 pro
1423 487 1592 524 causa
1635 470 1946 524 devotionis
1993 470 2195 525 odisse.

573 566 764 619 Melius
789 581 939 617 nunc
981 563 1160 617 salvat
1200 564 1448 617 animam
1495 578 1655 618 suam
1701 564 1973 618 moriens.
2004 563 2197 617 Relin-

572 659 698 726 quit
728 657 784 710 in
814 673 971 726 pace,
1005 673 1076 711 ne
1102 657 1560 727 persecutionem
1593 657 1883 711 dimittere
1931 672 2064 710 cum
2095 672 2197 710 suo

572 749 801 804 interitu
830 766 943 804 non
982 750 1216 815 valeret,
1251 751 1367 820 ipse
1403 751 1484 804 illi
1535 751 1838 804 auxiliatur
1883 750 1938 802 in
1981 749 2198 803 mundo

573 859 816 913 quorum
841 848 1027 897 mater
1056 843 1280 897 habitat
1308 843 1362 895 in
1392 843 1556 909 caelo,
1589 847 1645 897 et
1675 842 1770 912 qui
1795 842 1967 896 matri
1995 841 2197 896 subve-

572 938 678 998 nit,
730 943 783 990 et
822 937 950 990 ﬁliis
995 953 1098 1007 pro
1144 939 1300 990 certo
1341 937 1636 991 succurrit.
1670 937 1959 990 Postremo
1996 936 2122 988 vide
2162 934 2207 987 si

575 1031 782 1085 habeat
824 1030 1030 1101 aliquis
1077 1030 1272 1084 dolore
1305 1030 1547 1094 concidi,
1579 1029 1674 1083 ubi
1713 1028 1832 1082 sine
1877 1029 2065 1098 aliquo
2115 1044 2202 1081 re-

575 1124 763 1179 medio
800 1127 989 1194 potest
1029 1123 1232 1194 aliquis
1270 1121 1517 1192 fatigari.
1563 1121 1858 1192 Sapienter
1897 1121 2068 1176 debet
2099 1121 2202 1175 do-

576 1219 690 1271 lere
733 1217 830 1287 qui
876 1216 1048 1283 dolet,
1079 1232 1152 1270 ne
1201 1216 1403 1286 perdat
1452 1217 1571 1268 sine
1618 1231 1787 1268 causa
1830 1215 1984 1285 quod
2033 1215 2201 1269 dolet.

575 1313 734 1366 Nunc
765 1313 958 1364 autem
989 1315 1188 1364 contra
1214 1309 1428 1362 luctum
1458 1309 1738 1362 sumenda
1767 1313 1899 1362 sunt
1929 1325 2107 1377 arma,
2143 1310 2204 1361 ut

575 1420 702 1475 spes
747 1406 942 1456 nostra
985 1403 1159 1472 possit
1203 1401 1412 1456 habere
1454 1401 1771 1455 victoriam.
1811 1401 2204 1471 Principaliter

576 1497 725 1567 quod
755 1495 1034 1550 Dominus
1051 1494 1224 1548 voluit
1247 1495 1531 1564 suscipere
1554 1494 1922 1564 gratulemur.
1953 1495 2201 1566 Denique

577 1591 704 1660 quia
748 1589 852 1643 hoc
895 1588 1158 1642 omnibus
1210 1588 1268 1640 in
1329 1588 1542 1642 mundo
1594 1604 1901 1642 commune
1946 1587 2197 1656 additur,

2300 487 2588 526 vocamur.
2618 471 2884 541 Sequitur
2925 471 3340 525 consummatio
3385 473 3628 527 omnium
3663 477 3872 544 gaudio-

2303 580 2450 629 rum,
2479 580 2606 633 quae
2633 564 2689 617 in
2736 564 3158 618 resurrectione
3197 565 3436 619 invicem
3475 566 3630 620 nobis
3669 568 3874 624 Domino

2301 657 2647 711 reformante
2696 657 2980 724 reddetur,
3029 658 3173 711 sicut
3221 659 3521 728 Apostolus
3570 660 3873 736 pollicetur:

2301 751 2560 807 Nolumus
2591 752 2764 816 igitur
2797 752 3056 818 ignorare
3097 766 3210 812 vos,
3251 753 3472 818 fratres,
3503 751 3564 806 de
3600 754 3877 808 dormienti-

2311 843 2429 903 bus,
2461 849 2524 896 ut
2554 858 2660 896 non
2687 846 3082 897 contristemini
3105 846 3247 897 sicut
3275 851 3324 898 et
3343 847 3516 898 caeteri
3533 849 3624 914 qui
3646 861 3778 914 spem
3795 863 3883 900 non

2308 937 2524 990 habent.
2550 935 2613 990 Si
2638 939 2776 990 enim
2805 937 3068 991 credimus
3107 937 3254 1006 quod
3291 937 3448 991 Iesus
3483 943 3710 992 mortuus
3742 946 3807 994 est
3843 945 3884 995 et

2305 1032 2622 1096 resurrexit,
2649 1033 2725 1084 sic
2755 1035 2804 1084 et
2833 1045 2916 1084 eos
2941 1032 3038 1098 qui
3064 1030 3402 1085 dormierunt
3431 1033 3488 1084 in
3527 1033 3646 1086 Iesu
3685 1033 3887 1087 adducet

2305 1138 2421 1177 cum
2462 1137 2518 1177 eo
2561 1122 2602 1192 (Ι
2635 1124 2838 1185 Thess.,
2868 1139 2940 1188 iv,
2974 1122 3078 1193 12).
3123 1123 3252 1176 Haec
3296 1123 3422 1191 tibi,
3463 1124 3758 1192 benedicta,
3799 1142 3882 1195 pro

2305 1215 2580 1270 charita'e
2617 1221 2816 1270 mutua
2852 1216 3162 1270 transmisi.
3191 1219 3476 1273 Caeterum
3521 1217 3630 1271 scio
3669 1222 3719 1270 te
3763 1219 3886 1272 bene

2304 1309 2508 1375 valere,
2555 1309 2697 1363 alios
2741 1309 3037 1364 consolari.
3070 1311 3224 1364 Tunc
3261 1313 3316 1366 te
3359 1310 3567 1364 orbitas
3615 1327 3720 1364 non
3748 1311 3883 1364 iuve-

2305 1402 2428 1456 niet
2456 1401 2888 1472 penetrabilem,
2913 1402 2956 1456 si
2985 1403 3125 1458 alios
3144 1406 3347 1458 contra
3363 1403 3522 1458 illam
3542 1420 3650 1457 non
3668 1404 3882 1458 cessabis

2304 1511 2551 1549 armare.
2593 1494 2737 1566 Opto
2781 1500 2855 1562 te,
2902 1497 3079 1552 frater
3119 1497 3471 1564 charissima,
3512 1513 3724 1568 semper
3765 1497 3886 1553 bene

2302 1589 2482 1643 valere
2511 1591 2568 1643 et
2592 1588 2770 1642 nostri
2797 1590 3141 1646 meminisse.

1099 1769 1500 1777 -α--οψρο
1521 1770 1772 1778 .—____..-
1787 1770 2236 1777 —__-_.-——~__.__

2309 1770 2626 1778 ——-_.—_.._.___—
2635 1772 2693 1778 ς.-
2703 1772 3588 1781 -σῄ--ῴοῇοψοφῂψύοσ-οέ
3601 1774 3702 1780 ἡ..
3716 1773 3779 1780 ——-
3788 1770 3872 1783 -κ

1001 1900 1127 2061 S.
1237 1892 1883 2061 THASCII
1999 1894 2643 2062 C/ECILII
2742 1896 3512 2065 CYPRIANI

1549 2162 1842 2218 EPISCOPI
1884 2161 2455 2218 CARTHAGINENSIS
2495 2163 2578 2217 ET
2615 2164 2950 2219 MARTYRIS

1327 2385 1788 2479 OPERUM
1843 2387 2128 2478 PARS
2181 2387 2283 2478 ll.
2349 2426 2491 2440 ---
2546 2388 3158 2481 OPUSCULA.

2106 2615 2358 2623 '———-————

1920 2765 2119 2820 LIBER
2161 2766 2246 2820 DE
2287 2765 2527 2820 HABITU
2567 2765 2889 2822 VIRGINUM
2934 2766 3028 2834 (Ι).

576 2948 974 3000 ARGUMENTUI.
1011 2972 1075 2980 —
1113 2941 1340 2995 Pontius
1377 2941 1436 2994 in
1475 2940 1592 2993 vita
1636 2941 1698 2993 D.
1732 2937 1996 3008 Cypriani
2035 2942 2222 3008 paucis
2262 2940 2424 3008 hujus
2466 2941 2593 2993 libri
2631 2944 3006 3008 argumentum
3048 2939 3393 3007 complecitur
3425 2956 3438 2994 :
3481 2961 3507 2989 ‹‹
3552 2941 3694 3006 Quis,
3720 2943 3892 3010 inquit,

646 3036 884 3103 virgines
917 3031 992 3085 ad
1027 3037 1406 3099 congruentem
1441 3030 1720 3099 pudicitiae
1759 3029 2106 3098 disciplinam
2142 3035 2190 3083 et
2227 3030 2472 3083 habitum
2515 3031 2873 3084 sanctimonia
2921 3030 3166 3098 dignum,
3193 3029 3339 3083 velut
3383 3031 3562 3096 frenis
3604 3030 3896 3099 quibusdam

648 3124 885 3177 lectionis
934 3122 1223 3174 Dominicae
1273 3121 1574 3174 coerceret?
1619 3140 1645 3166 »
1693 3121 1952 3180 Primum,
2002 3123 2063 3172 ut
2115 3119 2280 3187 paulo
2321 3121 2503 3185 fusius
2543 3124 2920 3185 argumentum
2968 3119 3247 3188 explicem,
3288 3118 3592 3188 disciplinae
3640 3121 3896 3173 encomium

647 3212 894 3275 celebrat,
927 3214 978 3264 et
1017 3209 1129 3277 ejus
1172 3211 1462 3264 utilitatem
1511 3209 1806 3278 Scripturis
1845 3209 2167 3278 comprobat.
2220 3210 2434 3272 deinde,
2477 3210 2727 3278 gloriam,
2754 3209 2911 3263 decus
2953 3213 3004 3262 et
3047 3210 3243 3262 merita
3278 3210 3632 3276 virginitatis,
3657 3213 3706 3262 et
3741 3223 3896 3262 earum

646 3317 764 3372 quae
790 3300 1162 3368 virginitatem
1183 3313 1335 3352 suam
1353 3297 1559 3352 Christo
1577 3303 1836 3352 voverant
1863 3302 1911 3350 et
1940 3298 2254 3351 dicaverant
2279 3305 2613 3368 prosecutus,
2636 3299 3020 3352 continentiam
3040 3312 3146 3351 non
3172 3300 3229 3350 in
3257 3298 3370 3351 sola
3390 3299 3574 3352 carnis
3597 3298 3894 3364 integritate,

646 3393 740 3448 sed
773 3392 906 3445 etin
927 3390 1102 3443 cultus
1131 3394 1180 3442 et
1203 3394 1426 3443 ornatus
1454 3389 1652 3442 honore
1676 3389 1822 3443 docet
1865 3391 2147 3444 consistere
2176 3406 2188 3442 :
2232 3406 2401 3458 neque
2439 3405 2560 3445 vero
2598 3391 2822 3446 divitias
2860 3392 3186 3461 superfluam
3216 3391 3395 3446 cultus
3431 3407 3615 3446 curam
3652 3403 3892 3445 earcusare'

645 3482 797 3553 apud
835 3493 924 3533 eas
969 3494 1088 3547 qua
1119 3479 1242 3547 jam
1285 3478 1472 3533 saeculo
1517 3481 2005 3543 renuntiaverant;
2055 3481 2188 3549 quin
2225 3482 2431 3548 potius,
2459 3497 2578 3535 cum
2618 3481 3009 3535 moderandum
3041 3481 3193 3549 justo
3230 3483 3336 3548 ﬁne
3365 3481 3573 3535 cultum
3613 3478 3900 3548 prescribat

646 3575 830 3642 nuptis
872 3571 1091 3638 feminis
1119 3569 1386 3638 Apostoli,
1417 3568 1586 3622 multo
1631 3568 1690 3621 id
1728 3570 1899 3635 magis
1936 3569 2215 3624 observare
2255 3571 2520 3637 virginem
2555 3576 2834 3640 Oportere;
2869 3573 2966 3624 etsi
3004 3573 3188 3640 itaque
3214 3570 3502 3638 locupletes
3541 3573 3669 3630 sint,
3694 3571 3899 3634 cogitare

646 3663 832 3716 debere
870 3660 1129 3715 utendum
1171 3659 1388 3727 quidem
1429 3657 1658 3720 divitiis,
1689 3658 1780 3712 sed
1821 3658 1895 3712 ad
1936 3659 2097 3712 bonas
2140 3664 2301 3728 artes,
2332 3660 2405 3713 ad
2449 3661 2548 3713 illa
2593 3676 2716 3728 quae
2757 3663 3011 3729 praecepit
3041 3662 3201 3722 Deus,
3232 3660 3616 3728 empendendas
3643 3672 3812 3726 nempe
3852 3656 3898 3706 in

644 3767 899 3822 paupere.
932 3754 1054 3806 Post
1083 3749 1213 3809 haec,
1245 3752 1679 3801 ornamentorum
1708 3763 1771 3801 ac
1796 3750 2025 3802 vestium
2049 3750 2284 3818 insignia
2312 3738 2620 3818 prostitutis
2640 3752 2820 3818 potius
2851 3751 3068 3816 feminis
3091 3751 3374 3803 convenire
3409 3764 3572 3817 quam
3608 3745 3899 3814 virginibus.

646 3839 793 3892 docet
845 3855 910 3891 ea:
958 3839 1152 3906 Apoc,
1187 3851 1252 3890 ea:
1294 3836 1451 3888 Isaiae
1498 3850 1710 3903 quoque
1750 3851 1804 3889 Ill
1852 3850 1997 3906 eap.,
2027 3852 2192 3904 quam
2223 3838 2389 3890 Deum
2436 3837 2716 3905 offendant
2761 3843 2870 3890 tam
2912 3840 3090 3896 varia,
3122 3841 3230 3890 tam
3278 3842 3602 3904 sumptuosa
3645 3832 3899 3886 muliebria

647 3934 962 3983 ornamenta
1001 3926 1235 3980 deducit.
1266 3925 1442 3992 Atque
1489 3925 1642 3984 adeo,
1677 3940 1710 3976 ιι
1753 3926 2017 3993 super/luo
2060 3930 2260 3977 ornatu
2287 3925 2362 3978 ad
2399 3926 2646 3990 fucorum
2697 3926 2911 3979 diversa
2959 3940 3154 3992 genera.
3205 3925 3500 3978 transitum
3552 3924 3766 3989 faciens,
3814 3933 3899 3972 non

647 4016 949 4084 virginibus
976 4017 1286 4075 dumtaxat,
1315 4013 1408 4067 sed
1438 4019 1486 4067 et
1513 4015 1700 4082 nuptis
1727 4015 1825 4067 illa
1848 4030 2068 4082 prorsus
2093 4014 2385 4080 interdicit,
2402 4020 2584 4084 utpote
2610 4031 2728 4084 quae
2756 4018 2972 4083 impune
2998 4016 3196 4069 laturas
3227 4015 3478 4075 nonsint,
3498 4012 3639 4082 quod
3656 4013 3898 4077 facturam

649 4107 741 4160 Dei
765 4107 1080 4171 reformare,
1111 4105 1499 4171 transfigurare
1524 4109 1574 4156 et
1600 4103 1909 4158 adulterare
1937 4106 2214 4158 nitantur.
2243 4105 2408 4158 Porro
2435 4107 2597 4158 etiam
2626 4105 2723 4158 illa
2751 4105 3052 4172 virginibus
3078 4103 3352 4158 interdicit
3378 4118 3500 4171 quae
3527 4100 3831 4168 negligentia
3855 4097 3899 4146 in

657 4211 811 4250 usum
833 4198 1112 4252 venerant.
1144 4198 1254 4246 tum
1283 4195 1487 4262 nuptiis
1513 4209 1578 4247 ne
1605 4196 1882 4256 intersint,
1911 4199 2025 4248 tum
2051 4200 2112 4248 ut
2133 4197 2463 4264 promiscuas
2484 4196 2704 4250 balneas
2728 4211 2834 4250 non
2863 4196 3086 4250 adeant.
3115 4195 3272 4250 Brevi
3297 4193 3528 4261 denique
3553 4191 3767 4261 epilogo,
3788 4182 3899 4256 quid

652 4286 777 4338 boni
826 4285 1097 4336 contineat
1142 4284 1486 4335 continentiae
1522 4285 1716 4344 virtus,
1751 4299 1920 4352 quove
1959 4285 2102 4339 malo
2147 4289 2349 4351 careat,
2400 4285 2589 4347 tribus,
2619 4285 2761 4355 quod
2810 4287 2987 4347 aiunt,
3030 4284 3201 4339 verbis
3235 4287 3571 4353 prosecutus,
3603 4279 3788 4334 librum
3823 4274 3899 4326 hoc

649 4372 1051 4442 epiphonemate
1082 4371 1347 4426 concludit
1374 4387 1385 4423 :
1423 4392 1448 4418 «
1479 4373 1681 4426 Durate
1704 4373 1942 4437 fortiter,
1971 4367 2332 4443 spiritualiter
2357 4377 2584 4444 pergite,
2613 4377 2890 4444 pervenite
2915 4376 3189 4440 feliciter;
3224 4378 3438 4427 tantum
3469 4370 3768 4426 mementote
3793 4368 3899 4417 tunc

646 4462 821 4515 nostri
837 4475 956 4514 cum
979 4461 1196 4529 incipiet
1224 4461 1282 4512 in
1312 4461 1459 4513 vobis
1491 4461 1779 4527 virginitas
1807 4462 2081 4516 honorari.
2107 4485 2134 4512 ››
2172 4465 2236 4519 ΡΑ

2309 4479 2464 4518 ἰιῐυΒ.

649 4598 689 4653 l.
735 4595 1039 4665 Disciplina
1083 4597 1267 4649 custos
1310 4595 1430 4665 spei
1477 4597 1570 4665 (2),
1621 4596 2001 4650 retinaculum
2049 4597 2472 4682 ﬁdei,Bbonae
2531 4599 2752 4665 indolis,
2803 4597 3073 4669 magistra
3126 4596 3373 4664 virtutis,
3421 4595 3557 4649 facit
3605 4595 3660 4648 in
3711 4587 3899 4647 Christo

577 4693 686 4748 dux
720 4687 901 4763 441
939 4688 1160 4743 itineris
1181 4689 1466 4759 salutaris,
1489 4690 1671 4744 fomes
1691 4707 1757 4746 ac
1777 4690 2196 4746 nutrimentum
2301 4709 2537 4749 manere
2568 4709 2792 4763 semper
2819 4709 2883 4747 ac
2929 4691 3150 4762 jugiter
3199 4691 3313 4744 Deo
3362 4688 3552 4743 vivere
3601 4691 3655 4742 et
3692 4685 3753 4739 ad
3787 4696 3896 4752 pro-

1871 4826 2093 4908 Steph.
2132 4827 2377 4891 Baluzii
2411 4833 2605 4892 notae.

640 4968 703 5026 (t)
751 4968 923 5016 Antea
975 4962 1261 5028 legebatur
1312 4963 1380 5012 De
1425 4963 1714 5026 disciplina
1753 4966 1800 5012 et
1850 4963 2032 5013 habitu
2083 4965 2207 5013 Vir-
2307 4969 2547 5015 nostram
2579 4965 2938 5013 mutationem
2969 4964 3022 5012 in
3066 4962 3225 5012 titulo
3270 4962 3431 5011 istius
3466 4959 3591 5010 libri
3626 4950 3901 5008 conﬁrmari

574 5039 774 5100 ῃίηιιυι.
821 5036 1058 5087 Coactus
1106 5048 1230 5083 sum
1286 5039 1502 5084 mutare
1553 5039 1775 5098 propter
1823 5035 2206 5085 auctoritatem

577 5113 824 5156 veterum
879 5104 1294 5168 exemplarium,
1333 5105 1387 5152 in
1432 5106 1623 5168 primis
1666 5118 1800 5155 vero
1841 5104 2204 5169 Seguieriani.

578 5178 827 5226 omnium
854 5174 1248 5238 antiquissimi,
1276 5177 1329 5223 et
1355 5175 1483 5236 quia
1515 5188 1580 5223 eo
1614 5174 1778 5225 modo
1809 5175 2011 5226 librum
2041 5177 2208 5225 istum

577 5248 710 5297 citat
746 5251 972 5296 sanctus
1013 5245 1376 5306 Augustinus,
1415 5244 1510 5294 lib.
1545 5259 1599 5295 IV
1637 5246 1700 5295 de
1745 5248 1998 5297 Doctrina
2039 5249 2212 5298 Chris-

577 5318 750 5370 tiana.
799 5331 914 5380 cap.
966 5315 1046 5366 2t.
1096 5314 1175 5363 De
1230 5314 1323 5363 illo
1373 5316 1446 5363 ita
1500 5316 1689 5365 scribit
1735 5319 2108 5382 Hieronymus
2155 5319 2212 5367 in

577 5387 823 5452 Epistola
868 5387 938 5435 ad
992 5383 1319 5435 Eustochium
1370 5386 1438 5435 de
1492 5385 1753 5438 Custodia
1806 5389 2148 5453 Virginitatis
2197 5404 2209 5437 :

576 5479 604 5506 «
649 5460 820 5522 Legas
871 5456 1275 5507 Tertullianum
1319 5457 1387 5505 ad
1430 5459 1670 5507 amicum
1715 5459 2108 5524 philosophum
2158 5465 2211 5510 et

577 5531 647 5582 de
687 5528 1015 5594 Virginitate
1045 5527 1182 5576 alios
1220 5527 1436 5577 libellos
1477 5533 1532 5578 et
1574 5528 1718 5580 beati
1760 5529 2021 5594 Cypriani
2057 5531 2212 5581 volu-

578 5615 706 5654 men
744 5601 1044 5664 egregium.
1081 5614 1109 5646 »
1142 5597 1291 5647 Idem
1335 5601 1390 5648 in
1435 5599 1677 5663 Epistola
1717 5601 1788 5651 ad
1834 5603 2209 5652 Demetriadem

578 5675 645 5725 de
681 5673 1010 5737 Virginitate
1049 5670 1315 5720 servanda
1357 5686 1366 5718 :
1407 5689 1433 5714 «
1469 5671 1628 5721 Certe
1660 5677 1712 5722 et
1748 5673 1943 5722 beatus
1979 5673 2207 5737 Cypria-

577 5760 685 5797 nus
723 5744 1005 5809 egregium
1044 5741 1111 5793 de
1148 5741 1471 5806 Virginitate
1503 5743 1762 5794 volumen
1796 5745 1982 5794 edidit.
2013 5765 2038 5789 »
2070 5746 2207 5807 Quae

578 5819 742 5872 etiam
785 5816 1136 5882 reperiuntur
1189 5814 1241 5865 in
1293 5815 1522 5881 epistola
1571 5817 1632 5866 79
1678 5816 2003 5868 Hildeberti.
2051 5816 2210 5868 Hanc

2305 5050 2467 5100 posse
2524 5040 2658 5098 puto
2714 5035 3036 5084 auctoritate
3093 5032 3370 5093 Cassiani,
3425 5032 3520 5095 qui
3578 5028 3901 5100 libroanuos

2308 5094 2478 5157 edidit
2503 5094 2570 5156 de
2602 5106 2951 5154 Institutione
2981 5103 3378 5154 Monachorum
3409 5094 3625 5152 vecavit
3653 5099 3712 5172 de
3734 5094 3901 5172 Habitu

2310 5177 2698 5228 Monet-horum.
2729 5177 2822 5227 Sic
2846 5177 2992 5225 enim
3029 5176 3228 5237 legitur
3261 5176 3318 5224 in
3348 5172 3541 5223 codice
3567 5168 3899 5243 Corbeignst;

2309 5250 2497 5312 Incipit
2539 5247 2665 5297 liber
2710 5249 2914 5311 primus
2961 5246 3024 5295 de
3071 5246 3263 5296 Habitu
3311 5244 3702 5296 Monachorum.
3750 5237 3828 5314 Et.

2309 5304 2474 5368 ﬁne':
2520 5321 2592 5368 De
2635 5304 2824 5368 Habitu
2873 5316 3246 5368 Monachorum
3288 5315 3418 5364 liber
3457 5314 3660 5376 primus
3698 5304 3899 5370 explicit.

2311 5389 2405 5440 Sic
2455 5392 2621 5440 etiam
2674 5390 2729 5438 in
2788 5389 2978 5439 codice
3027 5388 3122 5437 782
3172 5386 3549 5456 bibliothecae,
3579 5377 3899 5456 Golbertinte:

2311 5463 2427 5512 Imo
2469 5464 2523 5511 in
2566 5462 2809 5511 editione
2842 5460 3234 5522 Antuerpiensi
3276 5455 3655 5520 Cbristophori
3694 5451 3902 5522 Plautini

2309 5534 2512 5598 legitur
2552 5535 2608 5583 in
2648 5533 2804 5582 initio
2846 5547 2856 5580 :
2902 5515 3290 5593 Liber-primus
3329 5529 3392 5578 de
3433 5515 3628 5599 Habitu
3665 5515 3899 5599 Monach?

2309 5585 2502 5656 Ezstat
2533 5605 2764 5668 insignis
2803 5603 2943 5654 liber
2971 5585 3146 5652 sancti
3187 5599 3416 5651 Joannis
3455 5590 3821 5661 Cbrysostomi
3853 5585 3904 5635 de

2317 5676 2646 5726 Viruinitate.

2382 5691 2460 5723 7'1
2509 5691 2520 5721 t
2579 5711 2581 5714 -
2637 5714 2646 5723 .

2375 5691 2441 5809 (ἐξ
2467 5691 2774 5811 'Digcffptina
2818 5750 2988 5796 custos
3025 5744 3150 5808 spei.
3196 5742 3258 5816 Τ.
3301 5736 3641 5816 Liﬁus,_lib.
3685 5740 3899 5816 sxxii!

2310 5836 2336 5864 «
2367 5803 2672 5883 Disciplina
2700 5821 2887 5869 custos
2924 5803 3276 5867 infirmitatis.
3309 5830 3338 5860 »
3368 5809 3672 5876 Cyprianus
3703 5808 3756 5856 in
3789 5803 3901 5868 Et)"
