3978 6194
194 159 265 210 153
1290 151 1351 206 Ll
1360 149 1489 207 BER
1532 148 1615 205 DE
1658 151 1765 205 HA]

1945 150 2291 207 VIRGINUM.
3388 158 3490 213 454

190 278 321 334 missa
350 278 361 309 ¹
393 273 624 329 coelestia
664 279 721 329 et
763 274 832 328 ad
885 275 1075 329 divina
1134 276 1372 347 praemia
1426 276 1746 347 pervenire.
1774 274 1993 358 Avelle
2034 290 2097 327 ac
2145 279 2339 329 tenere
2387 291 2487 328 nos
2530 274 2814 345 convenit,
2858 292 3026 346 quam
3075 280 3155 349 ut,
3206 276 3491 335 radicibus

188 374 307 426 Hanc
341 372 389 422 et
435 368 631 422 sectari
672 368 893 423 salubre
935 372 1039 434 cst,
1073 373 1127 423 et
1161 371 1404 424 aversari
1441 372 1511 438 (3)
1555 387 1618 424 ac
1657 388 1753 425 ne-
1862 369 2062 423 fortius
2087 368 2231 436 ﬁxis,
2259 375 2314 422 et
2350 369 2647 422 domiciliis
2687 371 2890 424 nostris
2920 388 3093 441 super
3132 376 3351 442 petram
3395 390 3487 427 ro-

184 461 673 535 gligerelethaleJn
696 463 1753 533 PsalmisloquiturSpiritussanctus”:
1857 461 2019 516 busta
2080 462 2229 515 mole
2284 462 2558 528 solidatis,
2616 464 2931 518 inconcussi
2983 467 3050 519 ad
3106 467 3385 535 prodellas
3436 474 3490 521 et

183 559 408 612 Continetc
448 555 821 625 disciplinam,
869 573 933 609 ne
973 558 1117 622 forte
1161 558 1434 611 irascatur
1478 559 1754 620 Dominus,
1858 555 2115 609 turbines
2144 556 2329 609 saeculi
2365 562 2601 624 stemus,
2632 561 2697 610 ut
2729 558 2799 611 ad
2845 559 2942 612 Dei
2992 576 3229 613 munera
3272 561 3341 629 (7)
3388 577 3491 631 per

178 658 216 705 et
234 651 442 719 pereatis
473 665 507 702 α
537 651 556 681 ³
584 652 676 702 via
703 654 848 703 recta
879 649 952 718 (4-)
987 666 1107 703 cum
1138 653 1401 705 exarserit
1428 653 1531 704 cito
1562 653 1639 690 ‘J‘
1670 654 1755 705 ira
1859 649 2047 703 divina
2107 656 2385 720 praecepta
2438 651 2748 717 veniamus,
2803 652 3227 707 considerantes
3275 656 3488 723 pariter

175 745 260 811 ejus
296 758 442 811 super
482 757 571 796 vos
617 743 783 812 (Psal.
814 759 871 807 ιι,
910 744 1016 811 12).
1067 745 1129 797 Et
1178 743 1430 797 iterum:
1485 746 1759 799 Peccutori
1856 758 1921 795 ac
1947 743 2188 797 scientes
2230 744 2379 812 quod
2426 744 2644 813 templa
2677 743 2770 796 Dei
2813 745 2925 797 sint
2972 746 3225 799 membra
3269 751 3484 815 nostra,

176 843 322 890 autem
338 837 470 889 dim
490 838 625 889 Deus
649 854 665 889 :
693 836 790 889 Ad
812 837 1228 906 quidseaponis
1251 836 1328 907 (5)
1340 838 1754 905 justiﬁcationes
1854 834 1924 887 ab
1957 836 2115 889 omni
2158 836 2294 889 faece
2337 835 2693 905 contagionis
2719 836 2969 906 antiqua:
3012 838 3217 891 lavacri
3257 840 3438 893 vitalis
3464 842 3485 873 θ

176 946 308 992 meas,
334 935 380 983 et
422 932 646 984 assumis
686 935 1058 985 testamentum
1102 946 1276 985 meum
1318 947 1414 1000 per
1455 946 1511 985 os
1560 931 1754 985 tuum?
1856 929 2299 985 sanctiﬁcatione
2342 933 2602 1000 purgata,
2655 946 2757 984 nec
2807 930 3003 984 violari
3052 948 3120 985 ea
3171 936 3270 986 aut
3312 933 3487 1002 pollui

176 1027 231 1078 Tu
285 1028 450 1076 autem
510 1023 674 1077 odisti
723 1024 1069 1092 disciplinam
1110 1029 1160 1077 et
1211 1025 1451 1093 abjectstz'
1492 1040 1753 1079 sermones
1853 1021 1935 1074 fas
1969 1022 2057 1089 sit,
2090 1022 2319 1092 quando
2366 1023 2463 1093 qui
2504 1023 2671 1076 violat
2718 1029 2773 1077 et
2815 1023 2935 1094 ipse
2980 1024 3241 1079 violetur.
3274 1027 3484 1079 Eorum

170 1132 279 1169 meos
304 1123 439 1169 retro
470 1117 487 1148 ⁷
524 1117 691 1185 (Psat.
726 1133 868 1178 xux,
896 1120 980 1184 16,
1010 1119 1120 1185 17).
1154 1119 1221 1172 Et
1249 1117 1437 1171 denuo
1463 1117 1708 1188 legimus
1736 1137 1746 1171 :
1852 1131 1957 1168 nos
2004 1115 2354 1186 templorum
2387 1116 2634 1169 cultores
2676 1124 2731 1169 et
2777 1117 3055 1171 antistites
3100 1134 3315 1172 sumus.
3358 1119 3481 1173 Scr-

172 1210 481 1279 Disciplinam
511 1212 608 1278 qui
633 1210 840 1274 abiicit,
872 1212 1075 1277 infelix
1111 1216 1187 1264 est
1213 1210 1392 1280 (Sap.,
1435 1227 1511 1278 III,
1545 1210 1652 1279 11).
1688 1213 1754 1265 Et
1852 1208 2071 1262 viamus
2098 1208 2181 1262 illi
2209 1210 2368 1280 cujus
2399 1226 2521 1263 esse
2540 1210 2662 1279 jam
2690 1210 2983 1280 ccepimus.
3022 1212 3226 1265 Paulus
3263 1212 3323 1265 in
3352 1212 3481 1283 Epi-

169 1304 222 1356 de
249 1303 531 1357 Salomone
572 1303 835 1357 mandata
865 1304 1167 1374 Sapientiae
1213 1306 1497 1359 monentis
1529 1305 1746 1375 accepi-
1851 1301 2008 1355 stolis
2056 1302 2170 1355 suis
2212 1303 2347 1356 dicit
2379 1304 2423 1335 ¹⁰
2471 1303 2678 1372 quibus
2717 1320 2832 1357 non
2879 1304 2949 1373 (8)
2994 1304 3065 1357 ad
3095 1304 3375 1359 curricula
3405 1306 3486 1359 vi-

167 1413 301 1450 mus:
344 1398 463 1458 Fili,
520 1414 587 1451 ne
629 1399 926 1465 neglexeris
979 1398 1324 1468 disciplinam
1364 1400 1602 1461 Domini,
1657 1414 1750 1453 nec
1851 1395 2021 1448 vendi
2072 1412 2175 1467 per
2228 1397 2416 1449 divina
2466 1396 2789 1465 magisteria
2839 1398 3141 1453 formavit:
3195 1403 3315 1456 Non
3364 1403 3486 1454 estis

166 1492 381 1556 defeceris
429 1492 497 1544 ab
548 1508 606 1545 eo
652 1498 957 1561 correptus;
1003 1507 1159 1560 quem
1196 1495 1335 1547 enim
1387 1491 1570 1561 diligit
1616 1496 1748 1547 Deus
1850 1492 2032 1543 uestri.
2083 1492 2269 1558 Empti
2320 1494 2463 1544 enim
2513 1494 2637 1545 estis
2680 1493 2857 1559 pretio
2906 1507 3101 1560 magno
3150 1494 3214 1547 ιι.
3267 1494 3483 1561 Clariﬁ-

164 1586 349 1652 corripit
387 1585 406 1617 ⁸
450 1584 653 1654 (Prom,
686 1601 765 1651 ni,
802 1588 888 1651 11,
921 1584 1026 1655 12).
1060 1585 1119 1639 Si
1151 1591 1340 1639 autem
1390 1585 1532 1637 Deus
1577 1601 1735 1655 quem

1907 1587 1963 1637 ite
1988 1584 2032 1617 ¹²
2073 1584 2147 1653 (9)
2178 1591 2225 1638 et
2251 1590 2469 1653 portate
2505 1587 2673 1638 Deum
2714 1588 2771 1638 in
2806 1600 3025 1654 corpore
3052 1591 3225 1641 vestro
3264 1588 3305 1655 (Ι
3336 1587 3478 1649 Cor.,

163 1676 312 1746 diligit
338 1677 566 1746 corripit
587 1680 645 1731 et
671 1678 743 1730 ad
765 1677 877 1732 hoc
896 1677 1131 1747 corripit
1152 1683 1211 1731 ut
1229 1678 1513 1740 emendet,
1550 1678 1747 1732 fratres
1767 1656 1823 1727 Β
1852 1693 1922 1741 vn,
1960 1679 2045 1744 19,
2074 1679 2183 1747 20).
2215 1677 2602 1731 Clariﬁcemus
2633 1681 2688 1731 et
2714 1682 3009 1748 portemus
3034 1680 3213 1733 Deum
3250 1697 3394 1750 puro
3425 1685 3482 1734 et

163 1785 367 1840 quoque,
412 1775 469 1824 et
510 1771 757 1825 maxime
808 1772 1145 1837 sacerdotes,
1193 1788 1305 1825 non
1356 1771 1601 1825 oderunt
1650 1772 1746 1825 sed
1849 1770 2067 1824 mundo
2088 1770 2452 1840 corpore(l0)
2485 1774 2542 1823 et
2572 1770 2970 1826 observatione
2996 1773 3267 1841 meliore;
3299 1780 3355 1828 et
3381 1776 3480 1845 qui

160 1863 364 1933 diligunt
391 1880 486 1917 eos
513 1880 658 1935 quos
683 1864 1000 1935 corripiunt
1042 1868 1107 1918 ut
1151 1866 1480 1931 emendent,
1519 1865 1748 1936 quando
1850 1880 1951 1932 per
1978 1864 2317 1933 sanguinem
2340 1863 2548 1917 Christi
2570 1864 2853 1935 redempti
2874 1867 2916 1899 ιδ
2939 1883 3274 1937 sumus,per
3290 1869 3483 1922 omnia

160 1958 199 2005 et
223 1954 349 2007 Deus
374 1970 476 2024 per
513 1955 852 2009 Hieremiam
882 1958 1012 2009 ante
1040 1953 1370 2024 prmdixerit
1396 1958 1451 2007 et
1491 1962 1749 2025 tempora
1850 1955 2135 2010 servitutis
2191 1956 2464 2027 obsequia
2518 1957 2915 2028 Redemptoris
2979 1959 3220 2030 imperio
3277 1978 3477 2031 parea-

156 2050 313 2098 nostra
340 2045 741 2115 significaverit
769 2045 958 2098 dicens
989 2063 1001 2098 :
1037 2047 1105 2098 Et
1144 2045 1284 2098 dabo
1325 2045 1470 2099 vobis
1505 2050 1749 2114 pastores
1851 2066 1993 2116 mus,
2022 2049 2337 2120 demusque
2368 2067 2602 2120 operam
2634 2052 2745 2121 (11)
2775 2068 2846 2105 ne
2872 2052 3005 2122 quid
3033 2053 3397 2108 immundum
3426 2060 3483 2110 et

156 2141 403 2195 secundum
454 2157 548 2195 cor
594 2158 791 2203 meum,
836 2148 887 2195 et
923 2146 1150 2211 pascant
1189 2156 1279 2195 vos
1315 2146 1592 2210 pascentes
1633 2156 1749 2195 cum
1847 2143 2151 2213 profanum
2184 2144 2399 2213 templo
2430 2144 2527 2197 Dei
2559 2144 2871 2213 inferatur;
2898 2162 2971 2199 ne
3000 2145 3250 2201 offensus
3279 2148 3477 2203 sedem

156 2233 405 2303 disciplina
425 2236 664 2305 (Jerem.,
696 2251 773 2301 Ill,
807 2237 910 2305 15).
1848 2253 2022 2307 quam
2064 2236 2364 2303 inhabitat,
2395 2237 2773 2308 derelinquat.
2809 2239 3143 2310 Sospitantis
3173 2243 3217 2275 ¹⁴
3255 2242 3479 2295 Domini

213 2328 260 2380 ll.
288 2328 443 2391 Quod
467 2329 517 2383 si
547 2329 603 2382 in
635 2328 936 2399 Scripturis
976 2328 1179 2382 sanctis
1208 2328 1281 2399 (6)
1331 2329 1665 2399 frequenter
1691 2335 1747 2382 et
1847 2330 2015 2384 verba
2043 2334 2175 2384 sunt
2200 2336 2257 2385 et
2282 2330 2558 2397 docentis,
2592 2332 2843 2386 curantis
2858 2334 3069 2403 pariter
3087 2339 3141 2388 et
3159 2336 3474 2390 monentis:

159 2420 328 2477 ubique
383 2421 688 2493 disciplina
752 2422 1122 2493 praecipitur,
1188 2427 1246 2476 et
1308 2422 1747 2477 fundamentum
1848 2428 1997 2491 Ecce,
2038 2424 2243 2495 inquit,
2283 2440 2447 2480 sanus
2487 2428 2669 2492 factus
2708 2442 2781 2492 es,
2820 2428 2944 2494 jam
2991 2430 3107 2483 noti
3150 2445 3388 2498 peccare,
3416 2447 3480 2485 ne

156 2515 404 2585 religionis
443 2532 510 2569 ac
560 2516 687 2570 ﬁdei
727 2516 797 2570 de
835 2515 1225 2570 observatione
1262 2532 1325 2570 ac
1366 2516 1571 2570 timore
1616 2532 1741 2586 pro-
1850 2520 1987 2587 quid
2028 2520 2130 2573 tibi
2173 2519 2409 2573 deterius
2448 2522 2547 2587 ﬁat
2590 2521 2788 2588 (Joan.,
2834 2538 2889 2588 v,
2937 2524 3042 2593 14).
3100 2523 3204 2578 Dat
3256 2524 3478 2578 vivendi

155 2608 398 2675 ficiscitur,
429 2608 627 2681 442
650 2608 787 2681 quid
810 2609 1380 2681 cupidiusappetere,
1404 2610 1545 2681 quid
1564 2611 1746 2682 magis
1847 2616 2102 2667 tenorem
2157 2614 2287 2683 (12),
2340 2612 2439 2667 dat
2500 2612 2844 2668 innocentiae
2902 2615 3116 2686 legem,
3174 2622 3475 2689 postquam

1502 2773 1709 2836 Variae
1752 2773 2087 2838 lectiones.

201 2914 454 2979 ‘Semper
475 2918 537 2964 et
566 2911 633 2963 ad
658 2914 927 2976 promissa
965 2914 1057 2962 Ar.
1101 2912 1207 2962 ΝΟ.
1250 2915 1295 2963 1.
1331 2912 1454 2962 Bod.
1496 2913 1543 2963 2.
1590 2912 1740 2962 Ebor.
1776 2915 1912 2963 Lam.
1968 2916 2081 2963 Var.
2125 2916 2169 2964 3.
2220 2916 2329 2966 ΜΗ.
2356 2918 2402 2966 2.
2471 2921 2489 2949 ι
2522 2916 2765 2968 Sanctus
2802 2916 2993 2970 dicens
3043 2918 3153 2969 Ver.
3226 2924 3241 2953 ³
3267 2920 3347 2971 De
3386 2921 3475 2971 via

149 2987 247 3035 Bod.
277 2988 314 3035 1.
348 2986 446 3034 Via
473 2988 625 3047 justa
646 2985 787 3034 Lam.
812 2983 964 3032 Ebor.
988 2983 1094 3032 ΝΟ.
1116 2984 1163 3032 2.
1199 2983 1343 3032 Corb.
1378 2984 1499 3032 Tim.
1568 2983 1638 3018 ‘-5
1665 2984 1726 3032 In
1755 2985 1915 3035 Brevi
1956 2987 2064 3035 Vat.
2095 2987 2140 3036 2.
2206 2988 2227 3021 ⁸
2253 2989 2321 3039 Ut
2346 2988 2475 3050 quid
2517 2991 2623 3038 Vet.
2662 2990 2852 3039 lanam.
2890 2992 3021 3040 Voss.
3049 2992 3093 3040 1.
3122 2992 3245 3040 Bod.
3267 2994 3312 3041 1.
3351 2993 3472 3042 Thu.

151 3058 255 3105 Foss.
314 3057 330 3088 7
355 3057 683 3106 Retrorsum
708 3058 843 3104 Pem.
874 3055 1001 3104 Bod.
1028 3058 1073 3104 4.
1106 3056 1235 3104 Post
1263 3068 1322 3105 se
1353 3055 1459 3103 ΝΟ.
1487 3055 1534 3103 2.
1603 3054 1620 3084 δ
1655 3054 1746 3104 Sic
1772 3059 1997 3120 corripit
2020 3058 2155 3105 Foss.
2224 3058 2243 3086 9
2267 3056 2536 3107 Salutaris
2558 3060 2651 3107 Ar.
2681 3057 2789 3107 ΝΟ.
2824 3060 2868 3108 1.
2901 3058 3050 3109 Ebor.
3082 3062 3221 3109 Lam.
3259 3062 3369 3110 ΜΗ.
3402 3064 3473 3111 sic

151 3126 202 3172 ad
228 3127 477 3174 Donatum.
561 3128 597 3155 ¹⁰
623 3126 783 3174 Ponit
803 3128 856 3175 et
878 3123 1015 3174 dicit
1042 3125 1177 3172 Foss.
1211 3123 1430 3185 Quibus
1455 3139 1558 3173 nos
1589 3126 1947 3176 successibus
1985 3128 2117 3176 Voss.
2144 3128 2192 3177 3.
2266 3132 2301 3159 ¹¹
2332 3128 2517 3192 Empti
2550 3130 2682 3179 estis
2721 3144 2919 3194 magno
2964 3130 3083 3180 Bod.
3117 3132 3163 3193 2,
3205 3133 3252 3182 4.
3288 3133 3396 3182 NC.
3427 3135 3473 3182 1.

150 3199 182 3243 1.
216 3198 326 3244 Voss.
360 3200 404 3257 1,
433 3197 481 3245 2.
521 3198 654 3245 Pem.
687 3195 856 3245 Lamb.
891 3195 1044 3244 Ebor.
1082 3197 1193 3244 Ver.
1223 3198 1331 3246 ΜΒ.
1406 3200 1443 3229 ¹²
1470 3198 1792 3249 Gloriﬁcate
1824 3201 1980 3249 Oxon.
2059 3204 2093 3233 ¹³
2125 3199 2330 3250 Christi
2357 3200 2581 3248 Domini
2615 3200 2882 3263 redempti
2919 3202 3042 3250 Thu.
3066 3203 3198 3251 Foss.
3271 3205 3310 3234 ¹⁴
3336 3203 3473 3252 Hos-

149 3268 332 3328 pitantis
356 3266 478 3316 Bod.
510 3269 558 3315 4.
590 3266 919 3316 Suscitantis
959 3266 1090 3314 Voss.
1121 3265 1167 3314 3.

1432 3374 1655 3457 Steph.
1691 3377 1937 3441 Baluzii
1967 3383 2163 3441 notze.

148 3504 255 3552 stola
281 3504 363 3593 ad‘
387 3505 817 3593 Donatuni,lpag:
850 3502 880 3551 2
917 3518 927 3550 :
958 3520 984 3584 (ξ
1014 3503 1815 3593 TipiOE‘ipnocentiasncus-C
1844 3508 1997 3570 tyris,
2052 3508 2204 3555 illam
2264 3508 2447 3556 omisit
2502 3508 2556 3556 in
2615 3520 2717 3557 sua
2766 3509 3036 3558 versione.
3088 3509 3256 3572 Angli
3306 3512 3472 3560 etiam

147 3579 224 3623 tos.
261 3594 284 3620 »
324 3574 517 3625 Cicero
566 3575 623 3622 in
673 3573 931 3623 Oratione
974 3575 1029 3622 in
1072 3575 1129 3623 L.
1176 3574 1541 3637 Calpurnium
1587 3576 1736 3626 Piso-
1765 3573 2247 3641 Vlexpunxerunt.

146 3658 247 3694 nem
290 3660 299 3692 :
344 3663 371 3692 α
408 3647 585 3695 Vetus
635 3644 730 3693 illa
771 3646 1030 3708 magistra
1082 3646 1308 3708 pudoris
1349 3652 1403 3695 et
1450 3647 1737 3697 modestius
1904 3652 1964 3713 (7)
1994 3650 2089 3698 Dei
2117 3663 2355 3699 munera.
2389 3653 2533 3701 Ante
2564 3652 2833 3714 scriptum
2859 3656 2975 3701 erat
3003 3651 3198 3701 Christi
3224 3666 3465 3703 munera.

146 3720 368 3767 severitas
425 3717 697 3767 censoria.
751 3734 779 3761 »
837 3714 1133 3779 Apuleius,
1187 3717 1280 3765 lib.
1336 3731 1396 3766 ix
1452 3720 1735 3767 Metamor-
1840 3719 1977 3781 Quae
2021 3731 2152 3767 sane
2196 3719 2359 3769 lectio
2405 3721 2547 3770 bona
2598 3727 2697 3770 est.
2744 3722 2948 3771 Verum
2993 3724 3256 3786 quoniam
3302 3724 3472 3773 editio

144 3788 323 3847 phoseon
364 3804 378 3836 :
422 3805 451 3836 «
494 3787 725 3837 Inimica
771 3786 919 3847 ﬁdei,
964 3788 1135 3836 hostis
1184 3788 1484 3850 pudicitiae.
1531 3808 1556 3833 »
1607 3789 1735 3837 Pul-
1838 3790 2155 3840 Morelliana
2209 3793 2263 3839 et
2309 3804 2503 3839 omnes
2552 3791 2678 3840 libri
2724 3796 2938 3841 veteres
2994 3806 3135 3855 quos
3187 3808 3287 3856 ego
3338 3796 3470 3855 vidi,

145 3857 244 3907 chra
271 3860 545 3922 pudicitiae
578 3858 987 3907 commendatio
1013 3862 1191 3907 exstat
1214 3859 1359 3922 apud
1393 3859 1736 3909 Ludovicum
1838 3860 2057 3911 duobus
2096 3861 2385 3909 dumtaxat
2424 3864 2684 3924 exceptis,
2715 3864 2907 3925 legunt
2939 3864 3033 3911 Dei
3062 3876 3304 3923 munera,
3333 3866 3472 3915 urbi-

146 3928 341 3981 Cualium
372 3930 767 3993 Rhodiginum,
795 3929 892 3979 lib.
923 3942 1019 3991 vn,
1047 3944 1164 3992 cap.
1197 3931 1274 3979 27.
1837 3937 2008 3982 tratus
2049 3947 2172 3981 sum
2220 3933 2529 3983 cedendum
2575 3946 2698 3983 esse
2742 3935 3052 3983 auctoritati
3100 3938 3177 3983 tot
3220 3941 3471 3986 veterum

192 4004 245 4063 (3)
278 4006 543 4052 Αυενςωοί.
588 3999 778 4051 Codex
816 4002 991 4050 sancti
1030 4001 1305 4063 Arnulphi
1349 4006 1400 4051 et
1443 4003 1737 4052 Beccensis
1836 4005 2254 4066 exemplarium,
2281 4005 2586 4067 praesertim
2618 4017 2748 4053 cum
2779 4005 2921 4053 infra
2958 4006 3014 4053 in
3040 4004 3182 4054 libro
3207 4006 3471 4056 Adversus

146 4074 349 4138 itemque
391 4076 565 4124 editio
607 4074 834 4123 Morellii
874 4073 1081 4122 habent
1117 4073 1415 4122 adversari.
1455 4075 1534 4123 Ita
1569 4075 1734 4124 etiam
1840 4076 2245 4136 Demetrianum,
2292 4089 2414 4140 pag.
2462 4075 2572 4135 223,
2621 4076 2697 4125 ita
2748 4076 2916 4125 etiam
2963 4076 3225 4138 scriptum
3268 4078 3356 4127 sit.
3402 4079 3471 4126 Et

146 4142 370 4195 Thuanus
407 4151 461 4196 et
500 4146 869 4202 Fossatensis,
904 4149 966 4193 ut
1008 4148 1154 4194 recte
1193 4143 1514 4194 adnotatum
1557 4149 1642 4193 est
1678 4147 1733 4194 in
1834 4147 1967 4197 licet
2005 4148 2058 4195 in
2102 4145 2242 4195 libro
2285 4146 2347 4194 de
2395 4147 2601 4195 Unitate
2644 4145 2904 4203 Ecclesiae,
2946 4160 3066 4211 pag.
3112 4149 3219 4208 195,
3256 4148 3471 4211 legatur

146 4215 344 4265 editione
371 4218 700 4280 Anglicana.
1837 4217 2035 4267 Christi
2072 4218 2313 4280 praemia,
2350 4230 2462 4267 non
2494 4218 2623 4267 inde
2664 4218 2850 4282 colligi
2884 4223 3066 4281 potest
3106 4220 3162 4267 in
3201 4220 3308 4268 isto
3346 4220 3470 4269 loco

192 4288 243 4347 [4)
268 4291 302 4337 Α
336 4289 421 4337 cia
452 4293 609 4337 recta.
644 4288 703 4335 ln
736 4286 930 4337 codice
956 4286 1133 4336 sancti
1163 4286 1435 4350 Arnulphi
1465 4288 1734 4349 scriptum
1835 4288 2178 4339 retinendam
2217 4301 2340 4339 esse
2369 4302 2561 4339 vocem
2604 4290 2817 4349 Christi,
2847 4290 3103 4353 quamvis
3142 4302 3206 4339 ea
3243 4302 3469 4353 quoque

145 4363 203 4404 est
217 4360 351 4419 justa
378 4364 429 4409 et
452 4372 621 4421 supra
654 4358 858 4407 lineam
888 4357 968 4407 vel
992 4363 1152 4407 recta.
1834 4361 1997 4411 lectio
2022 4361 2169 4411 bona
2203 4362 2290 4409 sit.

190 4430 243 4484 (ὅ)
282 4430 353 4477 Ad
396 4429 526 4492 quid
571 4430 807 4491 exponis.
858 4430 1004 4479 idem
1052 4429 1228 4479 codex
1254 4433 1306 4479 et
1328 4430 1627 4479 Beccensis
1676 4431 1733 4479 Ut
1895 4434 1957 4493 (8)
2003 4431 2195 4493 Quibus
2234 4445 2347 4482 nos.
2385 4433 2443 4481 In
2488 4432 2665 4481 tribus
2713 4432 2956 4494 antiquis
3003 4430 3292 4481 codicibus
3334 4432 3469 4495 legi-

144 4499 257 4558 σανα.
285 4500 355 4550 lta
388 4504 557 4551 etiam
589 4502 759 4551 editio
786 4500 1121 4550 Morelliana.
1834 4508 1925 4553 tur
1962 4504 2149 4566 quibus
2187 4517 2276 4552 nos
2303 4503 2654 4553 successimus.
2696 4501 2807 4552 Sed
2844 4501 3073 4551 verbum
3108 4504 3467 4561 successimus,

190 4571 552 4636 i6)Scr-ipturis
596 4573 807 4622 sanctis.
846 4572 906 4620 In
940 4570 1184 4621 editione
1224 4572 1435 4621 Erasmi
1474 4576 1526 4621 et
1571 4574 1626 4621 in
1667 4573 1733 4621 iis
1834 4575 1985 4639 quod
2032 4579 2180 4625 certe
2226 4588 2337 4623 non
2383 4579 2463 4624 est
2512 4573 2681 4635 hujus
2730 4573 2854 4633 loci,
2902 4572 3059 4623 deest
3107 4573 3162 4620 in
3207 4573 3467 4622 omnibus

145 4651 238 4699 quae
272 4648 452 4704 postea
498 4649 711 4693 secutae
752 4647 881 4691 sunt
923 4642 1144 4691 additur
1182 4647 1588 4706 consequenter
1625 4649 1733 4693 tam
1834 4648 1971 4696 aliis.

144 4714 350 4763 veteribus
404 4728 567 4778 quam
622 4714 788 4771 novis,
845 4727 1013 4776 quam
1070 4714 1409 4765 additionem
1465 4715 1733 4780 Rigaltius
1897 4718 1960 4779 (9)
2009 4716 2321 4778 Clariﬁcate.
2370 4715 2445 4764 Ita
2502 4714 2899 4778 septemdecim
2955 4712 3081 4762 libri
3134 4716 3362 4773 veteres,
3412 4718 3467 4765 et

144 4784 200 4828 ait
240 4798 346 4833 esse
390 4786 748 4849 superfluam.
801 4785 947 4835 Sane
994 4799 1104 4835 non
1158 4790 1335 4835 exstat
1381 4788 1438 4835 in
1490 4787 1732 4849 antiquis
1834 4802 1961 4838 mox
1990 4788 2350 4850 ctari/icemus.
2380 4786 2499 4835 Non
2535 4786 2876 4834 monuissem
2918 4798 3005 4835 me
3047 4785 3120 4835 ita
3159 4786 3463 4847 scripsisse,

144 4851 465 4913 editionibus;
522 4857 687 4920 idque
742 4870 935 4907 verum
986 4871 1107 4906 esse
1158 4858 1380 4907 adnotat
1435 4857 1728 4917 Pamelius,
1754 4893 1808 4920 η
1834 4861 1939 4909 nisi
1968 4860 2073 4907 alia
2109 4858 2291 4917 lectio,
2318 4869 2445 4920 quas
2477 4855 2643 4905 habet
2682 4854 2973 4919 gloriﬁcate
3006 4861 3058 4904 et
3097 4854 3466 4919 gloriﬁcamus,

143 4924 216 4994 sed
238 4931 405 4977 tamen
433 4933 623 4976 monet
652 4927 873 4977 codices
907 4929 1311 4991 manuscriptos
1347 4942 1465 4977 eam
1507 4927 1727 4978 habere.
1751 4924 1811 4964 U
1833 4930 2212 4994 prievaluisset
2254 4929 2309 4976 in
2357 4927 2618 4977 omnibus
2666 4926 3025 4987 editionibus,
3076 4931 3308 4988 excepta
3357 4927 3469 4977 Mo-

144 4992 233 5055 Ego
267 5012 385 5047 vero
417 5000 607 5048 testari
648 5012 873 5062 possum
910 5012 997 5048 me
1037 4998 1188 5049 illam
1222 5001 1277 5047 in
1317 5003 1467 5048 tanto
1497 5013 1731 5049 numero
1833 4992 2078 5051 relliana.
2128 4999 2345 5049 Praetuli
2396 5012 2555 5062 porro
2608 5000 2766 5047 istam
2817 5000 3039 5060 propter
3086 4998 3466 5048 auctoritatem

144 5072 348 5118 veterum
408 5072 811 5133 exemplarium
869 5084 999 5119 cum
1062 5070 1267 5134 quibus
1328 5082 1494 5133 opera
1550 5072 1731 5120 sancti
1832 5076 2079 5121 veterum
2112 5070 2533 5132 exemplarium,
2564 5073 2617 5119 et
2647 5070 2777 5132 quia
2814 5070 2889 5117 ita
2924 5069 3077 5131 loqui
3115 5072 3265 5117 amat
3296 5083 3468 5121 sanc-

143 5135 361 5200 Cypriani
406 5143 619 5192 contuli
668 5155 781 5191 non
824 5143 1097 5205 reperisse
1136 5143 1241 5191 nisi
1282 5143 1339 5191 in
1389 5154 1500 5191 uno
1540 5155 1730 5192 recen-
1832 5148 1921 5192 tus
1950 5143 2280 5206 Cyprianus.

144 5208 248 5276 tiore
268 5217 433 5263 sancti
474 5214 710 5265 Victoris
742 5215 1083 5263 Parisiensis.
1110 5214 1274 5264 Certe
1308 5227 1420 5262 non
1460 5218 1637 5264 exstat
1674 5215 1730 5263 in
1894 5216 1989 5275 (10)
2032 5214 2228 5263 Mundo
2276 5227 2507 5276 corpore.
2554 5214 2613 5262 In
2658 5212 2797 5262 libro
2844 5212 2989 5262 Flori
3034 5212 3307 5274 scriptum
3352 5214 3469 5262 erat

145 5275 459 5343 Seguieriano
500 5299 683 5349 neque
724 5287 781 5334 in
828 5286 1056 5348 epistola
1097 5285 1301 5347 Pelagii
1339 5287 1387 5334 Il
1430 5286 1501 5335 ad
1533 5288 1731 5349 episco-
1831 5286 2027 5336 mundo
2052 5291 2269 5346 pectore.

144 5362 214 5409 pos
261 5357 442 5416 [εει-ἑκ,
495 5357 593 5407 ubi
646 5356 755 5407 hoc
811 5357 1179 5421 fragmentum
1238 5358 1486 5408 refertur.
1546 5356 1731 5406 Editio
1896 5358 1987 5418 (11)
2022 5357 2313 5419 Demusque
2340 5367 2563 5417 operam.
2592 5354 2727 5404 Haec
2752 5353 2953 5403 desunt
2976 5354 3031 5404 in
3060 5353 3253 5405 codice
3285 5355 3469 5405 sancti

146 5424 345 5481 profecto
372 5442 500 5492 quia
542 5429 740 5479 dicitur
776 5429 962 5480 Gravii
999 5429 1151 5477 illam
1191 5428 1376 5489 habet,
1418 5428 1515 5479 sed
1547 5428 1729 5478 minu-
1832 5424 2125 5489 Arnulphi.

146 5493 250 5544 tiore
289 5498 621 5562 charactere,
671 5505 726 5551 et
774 5502 831 5549 in
879 5501 1125 5563 margine
1174 5504 1400 5549 notatur
1445 5513 1510 5550 ea
1564 5500 1732 5550 verba
1895 5500 1987 5560 (12)
2045 5498 2303 5546 Tenorem.
2358 5498 2436 5547 lta
2493 5494 2915 5547 emendavimus
2968 5509 3036 5545 ex
3098 5494 3207 5545 fide
3264 5494 3472 5544 codicis

147 5564 247 5636 {libi
293 5584 396 5619 non
447 5572 665 5632 haberi,
719 5572 774 5622 id
830 5577 915 5621 est
964 5572 1096 5621 alibi
1154 5585 1322 5635 quam
1376 5573 1431 5621 in
1488 5571 1731 5620 editione
1833 5569 2174 5636 Burgundici
2220 5582 2317 5631 pro
2363 5582 2429 5619 eo
2459 5567 2607 5633 quod
2638 5571 2854 5617 veteres
2898 5567 3174 5617 editiones
3209 5566 3477 5616 haberent

147 5631 336 5707 Erasmi,
363 5657 489 5707 quae
529 5631 746 5694 emersit
783 5648 908 5693 ante
942 5644 1093 5693 illam
1133 5631 1257 5707 quas
1294 5643 1495 5694 dicitur
1523 5642 1727 5694 Gravii.
1830 5631 2048 5699 moram,
2090 5639 2355 5690 tredecim
2400 5631 2522 5690 libri
2568 5642 2740 5689 nostri
2787 5642 2844 5689 et
2886 5639 3136 5701 quinque
3185 5636 3477 5697 Anglicani

148 5706 443 5779 Lombertus,
499 5718 595 5783 qui
652 5716 865 5769 Gallice
914 5720 1089 5767 vertat
1134 5706 1297 5780 opera
1355 5715 1533 5765 sancti
1592 5727 1732 5763 mar-
1832 5714 2085 5763 timorem.
2125 5710 2250 5773 Quo
2281 5711 2604 5778 prmjudicio
2637 5709 2759 5761 freti
2790 5708 2958 5774 Angli
2997 5708 3247 5759 timorem
3279 5715 3483 5767 posue-
